4018 6208
519 356 585 412 η
1256 351 1311 407 S.
1352 351 1631 410 JOANNIS
1662 351 2136 416 CllRYSOSTOMI
2176 361 2489 422 ABClllEP.
2533 368 3066 435 CONSTANTINOP.
3708 393 3770 449 12

515 474 599 520 tes
640 463 998 530 vocabantur,
1044 463 1260 536 quidam
1308 466 1619 551 Corinthius
1657 478 1777 525 erat
1819 468 1921 547 (α).
1967 472 2066 528 Hie

2195 476 2293 557 sus
2332 466 2732 557 permittebant.
2777 471 2929 530 Multi
2975 490 3186 550 quoque
3226 484 3423 540 comati
3469 488 3610 557 apud
3646 490 3765 547 illas

511 571 672 627 porro
694 572 725 613 a
754 559 907 613 nobis
943 573 1049 612 non
1076 559 1450 614 ostentationis
1493 574 1655 615 causa
1679 602 1693 627 ,
1724 576 1822 617 nec
1865 562 1931 617 ad
1960 580 2086 619 eru-

508 650 764 707 ditionem
795 651 1152 707 exhibendam
1202 650 1344 707 dicta
1389 662 1552 708 sunt:
1592 654 1719 723 quid
1749 656 1893 710 enim
1937 657 2088 726 juvat

394 734 397 737 λ
506 742 623 799 haec
646 744 850 799 nosse?
880 743 974 797 sed
1004 743 1119 797 haec
1142 742 1210 797 ad
1251 744 1491 813 epistolte
1532 756 1900 815 argumentum
1931 748 2086 805 nobis

503 836 997 893 conlerunt.-Multa
1026 846 1204 891 autem
1245 836 1298 890 in
1327 836 1427 891 hac
1452 836 1585 893 urbe
1622 852 1811 908 passus
1839 849 1921 894 est
1950 839 2087 894 Pau-

503 926 608 991 lus,
636 936 691 983 et
715 927 961 983 Christus
992 927 1045 980 in
1073 926 1157 981 illa
1184 941 1450 997 apparens
1472 928 1544 995 ei,
1575 927 1710 983 dixit
1740 946 1754 983 :
1785 929 1868 983 Ne
1891 940 2081 997 taceas,

503 1022 592 1075 sed
617 1022 818 1090 loquere
856 1035 875 1073 :
896 1001 1023 1089 °quia
1047 1019 1237 1074 multus
1259 1030 1331 1074 est
1358 1020 1484 1074 mihi
1510 1022 1728 1092 populus
1766 1023 1819 1076 in
1845 1022 1942 1075 hac
1964 1023 2084 1077 civi-

502 1121 606 1166 tate
633 1112 772 1180 (Act.
804 1110 893 1166 18.
940 1110 995 1166 9.
1042 1109 1151 1180 l0).
1184 1110 1252 1165 Et
1288 1113 1485 1165 mansit
1531 1111 1602 1166 ibi
1640 1112 1777 1167 duos
1802 1126 1992 1167 annos.
2024 1112 2083 1169 In

502 1203 601 1259 hac
619 1217 831 1274 quoque
850 1201 1063 1257 daamon
1082 1202 1231 1266 exiit,
1255 1216 1415 1272 quem
1437 1200 1607 1257 Judaei
1632 1201 1942 1270 adjurantes
1962 1217 2082 1271 gra-

500 1299 580 1352 via
609 1296 677 1352 ab
708 1296 801 1350 illo
830 1294 973 1365 passi
1001 1303 1165 1349 sunt:
1192 1295 1243 1348 in
1275 1293 1375 1349 bac
1414 1294 1541 1349 item
1567 1294 1785 1365 quidam
1816 1297 2080 1365 poeniten-

497 1390 569 1445 tia
611 1388 753 1443 ducti
794 1388 959 1442 libros
1002 1386 1235 1457 magicos
1276 1385 1714 1453 combusserunt;
1742 1397 1795 1442 et
1820 1387 1931 1441 visa
1957 1397 2081 1442 sunt

494 1482 875 1554 quinquaginta
906 1480 1069 1535 millia
1100 1500 1113 1535 :
1150 1480 1204 1535 in
1249 1479 1353 1535 hac
1394 1478 1617 1534 demum
1642 1520 1659 1547 ,
1681 1478 2079 1551 Gallione-pro-

494 1573 717 1629 consule
742 1572 794 1626 in
833 1569 1085 1626 tribunali
1114 1569 1338 1641 sedente
1356 1611 1373 1637 ,
1404 1570 1601 1626 Paulus
1628 1571 1943 1626 verberatus
1969 1582 2073 1627 est.

495 1664 697 1720 Videns
724 1678 857 1733 ergo
882 1662 1133 1718 diabolus
1171 1662 1440 1717 civitatem
1477 1666 1728 1733 magnam
1756 1670 1811 1719 et
1853 1664 2077 1733 populo-

493 1773 608 1813 sam
638 1758 919 1812 veritatem
946 1754 1257 1825 accepisse;
1291 1754 1473 1819 illam,
1513 1755 1731 1824 inquam
1754 1796 1767 1820 ,
1798 1754 1998 1809 divitiis
2022 1764 2077 1809 et

491 1850 755 1922 sapientia
805 1847 1104 1904 mirabilem
1130 1887 1148 1911 ,
1193 1845 1523 1913 Graeciaque
1565 1846 1930 1914 praecipuam;
1988 1859 2076 1900 res

492 1942 632 1997 enim
685 1938 1094 1995 Atheniensium
1144 1943 1200 1989 et
1252 1932 1821 2001 Lacedaemoniorum,
1866 1933 2079 1990 sublato

484 2032 598 2101 jam
624 2032 751 2086 olim
779 2031 907 2100 ipsis
930 2026 1177 2099 imperio,
1206 2028 1405 2083 misere
1427 2026 1676 2096 jacebant
1699 2044 1712 2079 :
1737 2027 1923 2114 videns
1947 2028 2073 2082 item

488 2124 801 2182 Corinthios
826 2120 997 2177 alacri.
1017 2121 1208 2177 animo
1226 2119 1450 2175 verbum
1476 2119 1569 2193 Dei
1596 2118 1917 2189 suscepisse;
1944 2118 2073 2191 quid

490 2215 652 2273 facit?
677 2214 938 2275 Homines
981 2212 1210 2269 dividit:
1240 2212 1444 2269 sciebat
1492 2211 1636 2269 enim
1686 2227 2073 2284 regnunrom—

490 2309 636 2363 nium
667 2306 1099 2378 potentissimum
1127 2305 1182 2359 in
1222 2306 1460 2373 seipsum
1505 2302 1733 2359 divisum
1782 2313 1926 2360 stare
1963 2319 2069 2360 non

490 2415 666 2471 posse.
696 2399 1047 2456 Occasionem
1088 2408 1265 2454 autem
1299 2397 1484 2452 habuit
1526 2397 1591 2451 ad
1624 2395 1846 2451 insidias
1876 2412 2069 2465 paran-

487 2494 602 2557 das,
631 2491 986 2548 habitantium
1014 2490 1233 2546 divitias
1253 2501 1416 2559 atque
1442 2488 1779 2557 sapientiam.
1806 2487 1941 2542 Hinc
1964 2487 2072 2541 illis

486 2588 539 2642 in
569 2585 826 2642 factiones
852 2584 1137 2639 adversum
1170 2597 1231 2637 se
1257 2593 1442 2636 mutuo
1468 2580 1651 2634 divisis
1670 2622 1686 2646 ,
1711 2594 1831 2634 cum
1855 2578 2070 2649 quidam

480 2696 669 2737 eorum
712 2694 772 2733 se
822 2686 1012 2747 suopte
1058 2674 1283 2730 arbitrio
1334 2672 1693 2743 delegissent,
1745 2671 2068 2727 multitudini

486 2771 835 2842 prazfuerunt;
864 2777 920 2823 et
947 2768 1037 2821 alii
1065 2765 1280 2834 quidem
1308 2765 1391 2820 his
1410 2808 1426 2831 ,
1453 2764 1544 2820 alii
1571 2764 1675 2823 illis
1701 2779 1821 2821 sese
1844 2764 2065 2821 dedide-

488 2870 615 2917 runt
636 2900 652 2927 ,
685 2859 792 2915 illis
817 2868 877 2913 ut
910 2856 1165 2913 divitibus
1189 2898 1204 2921 ,
1251 2855 1335 2911 his
1378 2864 1437 2911 ut
1466 2855 1797 2925 sapientibus
1825 2856 1915 2926 qui
1946 2857 2066 2925 plus

486 2959 703 3024 possent
728 2950 920 3007 docere
950 2966 963 3003 :
992 2949 1105 3021 qui,
1124 2947 1391 3017 adiunctis
1415 2947 1516 3002 sibi
1544 2948 1671 3009 illis,
1698 2948 2065 3017 gloriabantur

481 3063 541 3102 se
572 3047 721 3115 plura
756 3044 955 3107 dicere,
995 3054 1159 3108 quam
1179 3039 1465 3109 Apostolus
1490 3056 1506 3104 ;
1531 3039 1581 3092 id
1605 3038 1746 3108 quod
1788 3037 1945 3093 etiam
1977 3038 2067 3094 ille

482 3137 824 3194 subindicans
852 3132 1099 3189 dicebat:
1131 3130 1254 3185 Non
1279 3130 1421 3201 potui
1446 3129 1581 3184 vobis
1627 3130 1764 3200 loqui
1811 3141 2066 3200 tamquam

480 3228 880 3301 spiritualibusl
912 3228 960 3285 1.
990 3225 1108 3280 Cor.
1138 3225 1189 3279 5.
1227 3224 1253 3278 1
1289 3221 1330 3295 ).
1358 3222 1517 3278 Certe
1561 3238 1667 3277 non
1698 3238 1762 3277 ex
1792 3222 1938 3277 Pauli
1968 3238 2063 3293 pe-

484 3320 660 3387 nuria,
682 3320 776 3375 sed
806 3334 870 3375 ex
902 3318 1113 3372 illorum
1144 3315 1449 3370 inﬁrmitate
1480 3313 1678 3368 factum
1706 3322 1787 3367 est
1810 3355 1826 3380 ,
1856 3323 1916 3367 ut
1954 3329 2061 3369 non

481 3415 645 3469 multa
702 3411 947 3466 audirent
991 3424 1009 3465 :
1056 3417 1112 3463 et
1157 3406 1260 3461 hoc
1308 3404 1503 3460 indicat
1547 3403 1701 3470 illud,
1746 3405 1873 3459 Sine
1922 3406 2064 3459 nobis

478 3506 651 3560 divites
695 3504 818 3575 facti
867 3502 984 3555 estis
1029 3499 1124 3570 (1.
1156 3498 1273 3555 Cor.
1300 3498 1353 3552 4.
1386 3496 1481 3568 8).
1521 3496 1651 3564 Quae
1694 3511 1779 3581 res
1809 3510 1917 3551 non
1942 3510 2065 3565 par-

480 3613 564 3665 va,
596 3596 692 3651 sed
718 3595 955 3649 omnium
988 3590 1440 3663 perniciosissima
1477 3597 1632 3669 erat,
1658 3586 1800 3658 quod
1822 3588 2059 3643 Ecclesia

477 3687 887 3746 discinderetur.
921 3684 999 3739 Ad
1029 3684 1144 3737 haec
1168 3692 1345 3737 autem
1368 3678 1515 3741 aliud
1538 3679 1721 3738 scelus
1735 3677 2058 3741 admitteba-

478 3789 583 3847 tur,
612 3777 755 3849 quod
784 3775 1000 3847 quidam
1026 3816 1041 3840 ,
1070 3772 1159 3843 qui
1185 3786 1304 3826 cum
1332 3784 1564 3825 noverca
1596 3784 1691 3823 sua
1721 3770 1922 3837 coiret,
1957 3784 2057 3826 nec

480 3871 637 3926 modo
652 3884 755 3923 non
772 3866 1152 3936 corriperetur,
1170 3861 1265 3917 sed
1285 3861 1447 3915 etiam
1463 3868 1635 3914 cattus
1648 3869 1882 3929 cogeret,
1902 3868 1955 3915 et
1967 3875 2054 3916 se—

478 3961 737 4033 quacibus
763 3960 875 4012 suis
904 3955 1156 4012 suaderet
1184 3962 1241 4007 nt
1283 3952 1449 4006 altum
1480 3960 1753 4022 saperent.
1783 3951 1907 4007 Ideo
1934 3953 2010 4007 ait
2036 3970 2051 4006 :

482 4054 547 4111 Et
574 4070 660 4109 vos
701 4052 871 4122 inflati
899 4050 1017 4104 estis
1040 4090 1055 4115 ,
1083 4056 1131 4102 et
1174 4061 1275 4099 non
1301 4045 1461 4117 magis
1490 4045 1687 4100 luxistis
1720 4046 1811 4117 (1.
1843 4043 1964 4101 Cor.
1994 4047 2050 4102 5.

473 4148 557 4223 2.).
586 4147 665 4204 Ad
697 4147 813 4201 haec
840 4152 1016 4199 autem
1046 4138 1263 4212 quidam
1283 4154 1350 4194 ex
1380 4138 1446 4194 iis
1469 4137 1562 4210 qui
1587 4138 1929 4208 perfectiores
1956 4140 2056 4193 ha-

477 4242 759 4306 bebantur,
789 4253 910 4293 cum
939 4236 1010 4290 ob
1039 4232 1324 4304 ingluviem
1349 4245 1411 4286 ea
1446 4245 1567 4301 quae
1592 4229 1749 4285 idolis
1777 4230 2048 4284 immolata

481 4332 689 4387 fuerant
707 4329 1074 4399 degustarent,
1100 4332 1154 4378 et
1184 4323 1239 4376 in
1266 4320 1480 4391 templis
1503 4322 1903 4389 accumberent,
1933 4338 2050 4378 om-

474 4424 558 4478 nia
582 4421 1017 4494 pessumdabant.
1053 4418 1156 4473 Alii
1204 4432 1416 4472 rursum
1444 4416 1568 4471 lites
1596 4425 1651 4471 et
1673 4413 2045 4471 contentiones

474 4514 733 4573 habentes
760 4525 859 4583 pro
880 4509 1123 4582 pecuniis
1143 4548 1160 4576 ,
1188 4507 1428 4567 externis
1453 4506 1806 4563 tribunalibus
1835 4504 2047 4577 negotia

540 4776 616 4843 (α)
636 4776 895 4829 Periander
910 4769 1183 4846 σρςιιιιὲιψξ
1198 4764 2046 4846 ξξρέεἮηὲξῐαεοίὲ.εξΡί9ειΨβ

476 4833 607 4894 ιιιὸ’
744 4833 1314 4900 mraquibusdm-NOI}
1343 4833 1637 4892 unaquippe
1673 4833 2038 4894 estinseptem

790 4898 1079 4950 recensione
1094 4896 1355 4944 sententia.

2195 554 2512 652 circuibant,
2543 574 2677 630 quos
2701 562 2861 619 etiam
2905 566 3117 623 tonderi
3162 572 3334 641 jubet.
3375 554 3533 633 Aliud
3558 595 3763 652 quoque

2194 648 2447 705 delictum
2472 662 2589 707 erat
2610 670 2715 710 non
2744 671 2986 727 parvum,
3016 662 3156 732 quod
3190 665 3242 719 in
3274 669 3515 725 ecclesiis
3544 648 3759 728 scorsitn

2192 741 2560 810 comederent,
2595 761 2768 817 neque
2796 750 2981 820 egenis
3007 752 3364 823 impertirent.
3392 760 3447 814 In
3477 762 3583 817 alia
3607 765 3761 819 etiam

2193 848 2251 927 re
2273 837 2592 905 peccabant,
2617 842 2757 910 quod
2777 842 2845 898 de
2864 844 3278 904 charismatibus
3298 852 3462 908 altum
3491 867 3763 927 saperent,

2190 922 2417 995 indeque
2464 930 2601 986 inter
2644 932 2771 989 illos
2811 936 3082 993 aemulatio
3111 942 3345 997 oriretur
3378 963 3390 998 :
3418 922 3569 1017 quod
3588 922 3757 1018 ipsum

2187 1032 2396 1112 quoque
2426 1022 2717 1079 Ecclesiam
2757 1028 3053 1085 scindebat.
3096 1031 3525 1092 Resurrectionis
3552 1055 3761 1112 quoque

2186 1106 2426 1201 doctrina
2454 1115 2592 1183 apud
2626 1116 2744 1173 illos
2773 1119 3107 1177 claudicabat
3134 1142 3149 1176 :
3180 1126 3396 1195 quidam
3426 1106 3587 1184 enim‘
3620 1106 3757 1201 apud

2187 1198 2307 1255 illos
2337 1201 2567 1260 futuram
2598 1223 2884 1279 corporum
2926 1217 3377 1274 resurrectionem
3427 1236 3533 1275 non
3581 1198 3761 1278 admo-

2188 1290 2313 1345 dum
2353 1296 2678 1366 credebant,
2706 1300 2906 1358 Graecae
2936 1304 3110 1361 adhuc
3139 1309 3378 1365 stultitia:
3402 1312 3590 1367 morbo
3620 1314 3760 1370 labo-

2185 1391 2390 1438 rantes.
2422 1384 2549 1441 Hmc
2575 1389 2772 1459 quippe
2795 1395 2971 1448 omnia
2997 1405 3174 1452 ortum
3204 1397 3474 1455 habebant
3501 1418 3567 1456 ex
3594 1403 3754 1472 philo-

2181 1473 2386 1543 sophia:
2431 1486 2668 1534 externa:
2716 1482 2952 1545 stultititl
2993 1502 3007 1539 :
3055 1495 3111 1541 et
3158 1486 3275 1543 haec
3330 1500 3449 1546 erat
3499 1494 3755 1550 malorum

2183 1572 2354 1655 mater
2381 1580 2394 1614 :
2416 1566 2541 1624 hinc
2566 1569 3021 1643 discindebantur,
3041 1578 3183 1650 quod
3197 1580 3369 1651 ipsum
3387 1598 3414 1635 a
3434 1583 3764 1655 philosophis

2180 1652 2498 1712 didicerant.
2547 1659 2680 1713 Nam
2726 1671 2781 1716 et
2823 1664 2902 1718 illi
2948 1669 3048 1720 sibi
3096 1679 3281 1724 mutuo
3306 1652 3764 1743 adversabantur,

2181 1746 2386 1819 imperii
2408 1757 2461 1802 et
2475 1765 2624 1805 vana:
2649 1753 2834 1822 gloriae
2859 1771 3023 1813 causa
3053 1759 3280 1816 aliorum
3308 1778 3523 1834 semper
3545 1777 3765 1823 senten-

2181 1839 2306 1893 tiam
2330 1840 2730 1913 impugnantes,
2759 1857 2815 1902 et
2841 1864 2978 1904 nova
3008 1852 3277 1920 prioribus
3302 1856 3504 1913 addere
3532 1860 3758 1914 studen-

2180 1938 2280 1985 tes.
2311 1930 2400 2021 Sic
2421 1946 2599 1990 autem
2625 1936 2801 1993 allecti
2829 1950 2983 1996 erant
3011 1984 3026 2008 ,
3056 1944 3179 2013 quia
3206 1948 3502 2004 ratiociniis
3520 1965 3615 2005 sua
3644 1967 3763 2021 per-

2178 2020 2477 2078 mittebant.
2510 2025 2588 2080 llli
2616 2037 2797 2083 autem
2825 2035 3158 2101 scripserunt
3184 2036 3232 2091 ei
3257 2052 3355 2106 per
3382 2020 3752 2105 Fortunatam,

2177 2114 2502 2185 Stephanam
2550 2129 2604 2173 et
2628 2120 2920 2176 Achaicum
2952 2124 3245 2191 mittentes,
3272 2143 3497 2198 quorum
3520 2146 3682 2201 opera
3705 2144 3761 2189 et

2178 2209 2291 2279 ipse
2328 2208 2621 2280 Epistulam
2664 2213 2830 2270 misit.
2878 2216 2947 2271 Et
2982 2216 3087 2273 hoc
3115 2218 3369 2298 indicavit
3400 2224 3452 2277 in
3497 2223 3604 2280 line
3631 2223 3758 2295 Epi-

2174 2301 2326 2355 stola:
2350 2342 2365 2367 ,
2394 2318 2499 2356 non
2526 2304 2593 2358 de
2623 2306 2869 2362 omnibus
2900 2307 3122 2377 loquens
3147 2351 3161 2372 ,
3192 2312 3288 2365 sed
3320 2312 3387 2367 de
3413 2314 3680 2370 connubio
3704 2326 3758 2371 et

2175 2390 2241 2445 de
2260 2393 2576 2461 virginitate.
2598 2394 2719 2450 Ideo
2739 2396 2949 2451 dicebat
2974 2417 2987 2452 :
3011 2398 3089 2452 De
3105 2400 3283 2469 quibus
3303 2412 3467 2454 autem
3490 2405 3763 2470 scripsistis

2174 2484 2297 2537 mihi
2325 2484 2400 2555 (1.
2429 2484 2545 2539 Cor.
2580 2488 2632 2539 7.
2662 2486 2771 2558 11).
2801 2487 2897 2543 llle
2924 2506 3087 2560 porro
3133 2501 3189 2547 et
3212 2492 3281 2547 de
3308 2494 3501 2563 quibus
3527 2498 3757 2567 scripse-

2173 2584 2315 2643 runt,
2346 2585 2401 2631 et
2426 2577 2495 2632 de
2521 2579 2719 2649 quibus
2752 2597 2857 2636 non
2890 2584 3261 2652 scripserunt,
3290 2586 3572 2657 epistolam
3602 2588 3751 2651 texit,

2172 2681 2293 2721 cum
2326 2668 2505 2722 omnia
2555 2670 2769 2725 illorum
2806 2673 2933 2727 vitia
2961 2673 3288 2731 edidicisset.
3334 2677 3401 2730 Et
3436 2691 3557 2732 cum
3585 2676 3755 2739 literis

2169 2758 2507 2815 Timotheum
2524 2761 2707 2828 mittit,
2729 2777 2927 2832 gnarus
2948 2764 3051 2817 vim
3075 2781 3318 2836 mgnam
3338 2766 3609 2821 habituras
3634 2769 3755 2822 lite—

2170 2866 2256 2905 ras
2274 2866 2397 2906 esse
2411 2892 2425 2916 ,
2452 2868 2553 2906 nec
2574 2868 2792 2922 parvam
2819 2848 3187 2910 accessionem
3208 2857 3486 2911 allaturam
3509 2858 3751 2929 discipuli

2169 2944 2531 3009 praesentiam.
2572 2944 2704 3010 Quia
2732 2959 2863 2999 vero
2900 2944 2960 3011 ii,
2992 2947 3082 3016 qui
3108 2947 3409 3002 Ecclesiam
3436 2949 3755 3018 diviserant,

2168 3041 2415 3089 verentes
2444 3048 2513 3089 ne
2542 3034 2859 3089 ambitionis
2887 3024 3047 3090 causa
3094 3035 3146 3091 id
3188 3037 3380 3092 iecisse
3406 3038 3715 3095 viderentur
3733 3083 3753 3106 ,

2170 3126 2425 3195 pmpositi
2452 3126 2531 3180 sui
2556 3126 2807 3183 obtentus
2832 3130 3293 3199 excogitaverunt,
3320 3130 3462 3200 quod
3494 3133 3747 3189 nimirum

2170 3216 2484 3285 perfectiora
2514 3217 2769 3272 docerent
2796 3228 2849 3272 et
2873 3220 3228 3288 sapientiores
3250 3220 3367 3274 aliis
3392 3232 3598 3289 essent;
3620 3239 3749 3279 con-

2169 3317 2246 3360 tra
2290 3307 2431 3361 hunc
2460 3308 2707 3363 morbum
2751 3308 2925 3379 primo
2964 3310 3192 3380 insurgit
3235 3310 3468 3377 Paulus,
3510 3314 3746 3369 radicem

2167 3399 2433 3455 malorum
2460 3399 2791 3469 deprimens,
2820 3417 3028 3458 necnon
3055 3402 3452 3458 dissensionem
3476 3405 3600 3461 inde
3628 3406 3747 3461 sub-

2164 3503 2382 3547 ortam:
2412 3493 2686 3562 multaque
2733 3494 2983 3564 loquendi
3033 3493 3223 3549 ﬁducia
3271 3496 3458 3549 utitur.
3507 3496 3571 3552 Hi
3602 3498 3741 3553 enim

2164 3584 2395 3638 maxime
2418 3584 2658 3638 omnium
2687 3585 2934 3655 discipuli
2971 3587 3054 3641 sui
3080 3596 3232 3641 erant
3256 3602 3271 3649 ;
3301 3587 3513 3644 idcirco
3542 3591 3616 3643 ait
3646 3589 3744 3647 :Si

2162 3678 2279 3731 aliis
2304 3693 2405 3729 non
2424 3692 2536 3729 sum
2552 3673 2831 3746 apostolus,
2855 3678 2991 3756 vobis
3017 3689 3151 3733 certe
3178 3695 3292 3733 sum
3315 3696 3334 3734 :
3359 3696 3444 3735 vos
3471 3681 3602 3735 enim
3625 3684 3750 3737 estis

2162 3767 2479 3841 signaculum
2509 3768 2825 3836 apostolatus
2855 3772 2951 3825 mei
2974 3773 3051 3840 (1.
3078 3770 3198 3825 Cor.
3227 3772 3280 3827 9.
3297 3772 3355 3841 2)
3392 3792 3405 3827 :
3434 3782 3485 3827 ct
3513 3774 3631 3828 aliis
3656 3774 3741 3829 iu-

2163 3862 2424 3916 lirmiores
2454 3868 2643 3923 erant;
2687 3860 2807 3915 ideo
2846 3864 2975 3916 dicit
3006 3880 3016 3913 :
3049 3861 3170 3916 Non
3201 3865 3331 3917 enim
3374 3875 3429 3917 ut
3456 3867 3740 3933 spirituali-

2160 3958 2251 4011 btts
2290 3958 2525 4027 loquutus
2570 3973 2684 4011 sum
2712 3972 2730 4009 :
2752 3956 2976 4008 nondum
3021 3955 3153 4008 enim
3194 3957 3463 4025 poteratis,
3512 3963 3598 4012 sed
3646 3976 3743 4015 nee

2158 4066 2292 4103 nunc
2319 4049 2521 4117 potestis
2553 4036 2646 4118 (1.
2678 4044 2799 4102 Cor.
2830 4047 2884 4100 '5.
2910 4043 2991 4117 Ξ).
3025 4045 3135 4100 Hoc
3159 4056 3337 4102 autem
3365 4047 3515 4114 dicit,
3545 4064 3612 4104 ne
3642 4066 3742 4120 pu-

2158 4150 2331 4195 tarent
2357 4155 2479 4195 eum
2510 4140 2581 4194 ita
2605 4137 2749 4208 loqui
2776 4137 2844 4192 de
2866 4145 3108 4208 tempore
3147 4142 3439 4209 praeterito.
3469 4139 3739 4199 Ceterum

2155 4231 2441 4288 verisimile
2460 4240 2545 4286 est
2568 4244 2673 4285 non
2704 4239 2983 4299 corruptos
3009 4246 3196 4285 omnes
3221 4228 3389 4287 fuisse
3411 4274 3426 4297 ,
3453 4233 3546 4288 sed
3572 4251 3737 4305 quos-

2152 4325 2276 4380 dam
2319 4325 2459 4378 inter
2504 4322 2625 4377 illos
2654 4320 2817 4378 fuisse
2852 4322 3139 4378 admodum
3170 4334 3401 4377 sanctos.
3432 4324 3501 4379 Et
3549 4329 3649 4382 hoc
3682 4330 3733 4383 in

2153 4416 2328 4471 medio
2354 4413 2608 4485 Epistolas
2638 4412 2956 4485 signiﬁcavit
2999 4414 3183 4470 dicens
3213 4432 3226 4469 :
3255 4414 3385 4468 Mihi
3429 4426 3597 4472 autem
3641 4437 3735 4488 pro

2150 4508 2358 4561 minimo
2384 4514 2456 4559 est
2482 4513 2537 4557 ut
2561 4520 2592 4557 a
2615 4504 2752 4558 vobis
2766 4505 2991 4577 judicer;
3017 4515 3071 4560 et
3091 4504 3347 4573 adjicicns
3375 4521 3391 4559 :
3419 4504 3544 4560 Haec
3563 4519 3730 4564 autem

2152 4597 2508 4668 trans/igurari
2527 4596 2582 4649 in
2606 4612 2684 4649 me
2709 4606 2756 4651 et
2775 4596 2960 4668 Apollo
2988 4596 3061 4668 (l.
3079 4595 3198 4651 Cor.
3227 4597 3278 4650 3.
3300 4597 3379 4666 6).
3408 4598 3543 4665 Quia
3571 4600 3728 4671 igitur

2148 4706 2211 4746 ex
2238 4688 2539 4757 arrogantia
2566 4688 2744 4743 omnia
2784 4688 3136 4760 gignebantur
3163 4688 3301 4742 mala
3323 4728 3338 4753 ,
3368 4696 3422 4743 et
3446 4690 3587 4758 quod
3617 4692 3731 4747 exi-

2148 4782 2428 4837 stimarent
2454 4794 2513 4833 se
2545 4780 2669 4847 quid
2695 4779 2923 4851 amplius
2948 4779 3111 4846 scire,
3146 4778 3287 4833 hunc
3325 4780 3570 4835 morbum
3604 4791 3729 4838 ante

2147 4874 2283 4929 alios
2307 4870 2462 4936 tollit,
2485 4880 2542 4926 et
2561 4871 2822 4942 incipiens
2848 4869 2979 4927 dicit
3003 4886 3019 4925 :

1898 5218 2243 5305 nostth
2286 5244 2340 5306 ι.

460 5411 588 5477 Car.
621 5408 753 5468 11v.
803 5412 855 5465 1.
902 5411 1099 5467 Paulus
1139 5423 1344 5467 vocatus
1384 5415 1644 5483 apostolus
1680 5416 1867 5473 Christi
1910 5422 2035 5474 Jesu

527 5521 619 5577 per
643 5506 945 5558 voluntatem
972 5504 1066 5559 Dei
1084 5546 1101 5571 ,
1124 5514 1169 5558 et
1197 5504 1467 5561 Sosthenes
1498 5509 1677 5578 frater,
1709 5509 1763 5563 9...
1790 5509 2030 5566 Ecclesia!

523 5596 567 5651 ἱ.
592 5599 623 5651 ,ξ
640 5638 655 5663 ,
683 5614 794 5667 quc
815 5608 886 5653 est
912 5596 1138 5652 Corinthi
1158 5640 1173 5665 ,
1207 5600 1533 5669 sanctiﬁcatis
1558 5601 1611 5654 in
1637 5600 1839 5657 Christo
1864 5603 1900 5657 Ι
1903 5622 1989 5658 esu
2010 5647 2024 5670 ,

523 5690 710 5744 vocatis
733 5690 919 5745 sanctis
941 5706 1057 5743 cum
1084 5690 1311 5745 omnibus
1336 5692 1678 5747 invocantibus
1704 5710 1886 5749 nomen
1918 5694 2027 5748 Do-

2213 5431 2389 5476 ποδιτο
2414 5440 2434 5477 :
2462 5424 2515 5478 5.
2548 5429 2715 5495 gratia
2738 5427 2873 5480 vobis
2897 5439 2947 5481 et
2972 5445 3077 5499 pas;
3104 5448 3135 5485 a
3164 5431 3268 5487 Deo
3289 5431 3447 5488 Patre
3467 5446 3648 5495 nostra
3670 5446 3719 5493 et

2211 5514 2430 5568 Domino
2453 5516 2486 5569 J
2494 5534 2579 5570 esu
2606 5517 2826 5571 Christo.

2208 5606 2255 5659 1.
2295 5605 2429 5662 Vide
2473 5608 2743 5677 quomodo
2784 5611 2964 5667 statim
2998 5628 3027 5667 a
3057 5614 3319 5685 principio
3353 5629 3713 5689 arrogantiam

2133 5697 2326 5767 dt'jeCli
2346 5741 2359 5762 ,
2387 5709 2441 5754 et
2468 5699 2615 5754 humi
2642 5702 2831 5758 stravit
2851 5717 3066 5761 omnem
3114 5706 3326 5765 illorum
3353 5712 3709 5767 existimatio-

523 5781 644 5834 mini
669 5780 829 5835 nostri
870 5780 993 5837 Iesu
1022 5779 1207 5838 Christi
1246 5784 1297 5837 in
1336 5787 1473 5839 omni
1499 5784 1608 5839 loco
1634 5797 1679 5839 et
1704 5788 1932 5857 ipsorum
1974 5798 2019 5841 ct
2132 5806 2283 5856 netu,
2317 5799 2561 5846 vocatum
2593 5807 2652 5849 sc
2678 5790 2880 5851 dicens.
2913 5795 3095 5869 Neque
3117 5800 3260 5855 enim
3294 5803 3491 5869 inveni,
3518 5805 3711 5877 inquit,
