3980 6212
578 391 649 447 13
1287 388 1345 442 8.
1387 382 1678 442 JOANNIS
1705 377 2206 441 CHRYSOSTOHI
2242 377 2563 438 ARCHIEP.
2602 382 3161 441 LONS'I'ANTINUP.
3746 399 3811 449 η

570 507 704 567 Θεὸς
734 501 891 558 τοῦτο
917 502 1147 574 ἠθέλησε
1173 507 1235 557 τὸ
1264 503 1437 567 οὕτως
1464 502 1610 572 ὑμᾶς
1663 500 1920 570 σωθῆναι.
1977 497 2145 551 Οὑδὲν

567 589 677 659 7&9
721 590 873 660 ἡμεῖς
897 587 1366 661 κατωρθώσαμεν,
1413 586 1550 639 ἀλλά
1578 584 1667 638 διά
1698 583 1793 637 τοῦ
1834 581 2144 661 θελήματος

565 673 660 726 τοῦ
689 671 822 723 Θεοῦ
872 670 969 740 τὴν
1015 660 1289 741 σωτηρίαν
1330 668 1407 741 [4]
1444 666 1757 739 εὑράμεθα’
1810 665 1904 719 καὶ
1952 660 2139 731 ἐπειδὴ

566 753 717 825 αὑτῷ
744 753 944 818 ἔδοξεν,
974 752 1307 823 ὲκλήθημεν,
1356 752 1457 805 οὐκ
1486 749 1673 820 ἐπειδὴ
1700 748 1841 813 ἄξιοι
1872 743 2037 818 ἦμεν.

636 840 807 892 Πάλιν
849 836 1152 907 μετριάζει,
1192 835 1501 888 συντάττων
1541 832 1720 901 ἐαυτῷ
1754 833 1849 885 τὸν
1886 831 2144 884 ἐλάττονα

563 922 743 992 πολλῷ
759 934 784 962 ι
801 937 815 951 °
844 920 939 973 καὶ
960 919 1071 988 γάρ
1088 918 1219 971 πολὺ
1240 919 1300 969 τὸ
1325 916 1487 987 μέσον
1504 912 1569 986 ἦν
1591 915 1803 968 Παύλου
1824 917 1917 969 καὶ
1936 911 2145 968 Σωσθέ-

563 1022 708 1069 νους.
736 1006 798 1057 Εἰ
843 1003 921 1062 δὲ,
954 1002 1079 1055 ἔνθα
1116 1000 1369 1053 τοσοῦτον
1413 996 1481 1069 ἦν
1522 1001 1583 1053 τὸ
1624 1001 1818 1069 μέσον,
1857 996 2143 1061 συνέταξεν

562 1086 742 1156 ἑαυτῷ
775 1086 865 1139 τὸν
887 1083 1337 1152 καταδεέστερον,
1360 1082 1410 1133 τί
1442 1082 1505 1134 ἂν
1536 1084 1708 1152 ἔχοιεν
1742 1084 1915 1133 εἰπεῖν
1945 1084 2142 1133 ἐκεῖνοι

560 1174 609 1223 οἱ
636 1172 764 1232 τοὺς
792 1167 1085 1239 ὁμοτίμους
1127 1166 1531 1235 ὑπερορῶντεςς
1576 1165 1654 1232 Τῇ
1690 1165 2010 1231 Ἐκκλησία
2037 1162 2144 1217 τοῦ

561 1250 733 1309 Θεοῦ.
748 1252 822 1305 Οὑ
842 1248 995 1303 τοῦδε
1022 1248 1116 1301 καὶ
1137 1248 1311 1311 τοῦδε,
1327 1248 1462 1300 ἀλλά
1482 1249 1586 1302 τοῦ
1610 1248 1777 1302 Θεοῦ.
1800 1246 1883 1315 Τῇ
1903 1247 2058 1313 οὔσῃ
2076 1246 2146 1297 ἐν

560 1336 844 1403 Κορίνθῳ.
881 1333 1041 1403 Ὁρᾷς
1076 1332 1192 1394 πῶς
1227 1330 1352 1383 ⁸καθ’
1384 1332 1622 1400 ἑκάστην
1663 1330 1807 1394 λέξιν
1847 1328 2146 1382 κατέϐαλεν

558 1418 743 1472 αὐτῶν
783 1416 845 1469 τὸ
889 1415 1138 1485 φύσημα,
1171 1414 1268 1485 τὴν
1304 1415 1544 1467 διάνοιαν
1575 1415 1770 1479 ἐθίζων
1799 1413 1888 1466 διὰ
1925 1413 2140 1465 πάντων

558 1500 697 1571 πρὸς
742 1499 837 1551 τὸν
872 1498 1135 1568 οὑρανόν;
1193 1498 1523 1568 Ἐκκλησίαν
1560 1497 1614 1550 δὲ
1648 1496 1783 1550 Θεοῦ
1834 1497 2008 1562 καλεῖ,
2035 1496 2143 1548 δει-

558 1585 688 1647 κνὺς
741 1584 824 1635 ὅτι
881 1582 1121 1652 ἡνῶσθαι
1176 1580 1345 1651 αὑτὴν
1394 1584 1519 1651 χρή.
1554 1582 1615 1633 Εἰ
1666 1581 1770 1651 γὰρ
1798 1579 1932 1633 Θεοῦ
1966 1581 2165 1644 ἐστιν,

559 1667 784 1737 ἥνωται.
822 1665 917 1717 καὶ
951 1665 1047 1733 μία
1079 1665 1244 1726 ἐστὶν,
1278 1664 1378 1715 οὐκ
1404 1667 1460 1715 έν
1509 1663 1756 1734 Κορίνθῳ
1792 1663 1971 1733 μόνον,
2005 1661 2141 1714 ἀλλὰ

558 1751 656 1804 καὶ
694 1752 751 1802 ὲν
783 1749 931 1820 πάσῃ
972 1751 1037 1819 τῇ
1092 1749 1408 1819 οἰκουμένῃ.
1443 1750 1516 1801 Τὸ
1548 1747 1654 1818 γὰρ
1681 1747 1778 1817 τῆς
1814 1746 2140 1816 Ἐκκλησίας

557 1832 730 1902 δνομαε
767 1830 827 1883 οὑ
855 1830 1158 1901 χωρισμοῦ,
1188 1829 1325 1883 ἀλλὰ
1357 1830 1605 1894 ὲνώσεώς
1634 1832 1751 1881 ἐστι
1781 1829 1876 1881 καὶ
1905 1841 2138 1897 συμφω-

557 1915 676 1976 νίας
700 1914 891 1983 ὄνομα.
920 1911 1328 1982 Ἠγιασμένοις
1354 1914 1423 1964 ἐν
1454 1912 1690 1978 Χριστῷ
1728 1910 1943 1976 Ἰησοῦ.
1969 1910 2139 1961 Πάλιν

556 1998 652 2053 τοῦ
690 1997 865 2067 Ἰησοῦ
898 1998 957 2049 τὸ
985 1998 1173 2065 δνομα,
1206 1994 1442 2064 οὐδαμοῦ
1489 1993 1793 2062 ἀνθρώπων
1826 1993 2032 2059 τίθησι.
2074 1992 2141 2043 Τί

554 2084 611 2136 δέ
643 2084 791 2135 ἐστιν
845 2081 874 2132 6
921 2079 1222 2149 άγιασμός;
1277 2080 1351 2130 Τὸ
1397 2076 1642 2149 λουτρὸν,
1694 2078 1722 2129 ό
1772 2075 2135 2148 καθαρισμός.

567 2165 1004 2235 Ἀναμιμνήσκει
1031 2164 1137 2235 7&9
1170 2164 1367 2227 αὑτοὺς
1394 2163 1495 2232 τῆς
1522 2162 1729 2225 οἰκείας
1771 2161 2137 2233 ἀκαθαρσίας,

556 2243 621 2320 ἧς
658 2245 958 2317 ἀπήλλαξε,
1001 2246 1094 2298 καὶ
1135 2246 1312 2298 πείθει
1351 2246 1524 2316 μικρὰ
1553 2248 1771 2315 φρονεῖν
1794 2263 1807 2277 ο
1858 2247 1917 2297 οὑ
1947 2244 2056 2314 7&9
2080 2246 2136 2296 ὲν

555 2334 667 2393 τοῖς
714 2329 934 2390 οἰκείοις
969 2330 1413 2400 κατορθώμασιν,
1476 2330 1592 2381 ἀλλ’
1632 2330 1689 2382 ὲν
1730 2332 1796 2399 τῇ
1853 2328 1947 2381 τοῦ
1999 2328 2133 2381 Θεοῦ

555 2412 935 2483 φιλανθρωπίᾳ
968 2413 1330 2482 ἡγιάσθησαν.
1366 2412 1621 2479 κλητοῖς
1648 2414 1857 2482 ἁγίοις.
1892 2413 1998 2463 Καὶ¹
2026 2412 2134 2480 γὰρ

555 2497 712 2550 τοῦτο
750 2495 881 2549 αὐτὸ
909 2494 970 2547 τὸ
997 2496 1178 2547 πίστει
1226 2496 1487 2565 σωθῆναι,
1522 2498 1708 2564 φησὶν,
1732 2496 1829 2547 οὑκ
1856 2496 1912 2561 ἐξ
1944 2495 2096 2562 ὑμῶν
2117 2509 2132 2524 ο

554 2582 615 2633 οὑ
667 2579 776 2650 7&9
815 2579 1151 2649 προσήλθετε
1201 2579 1428 2648 πρῶτοι,
1469 2578 1584 2631 ἀλλ’
1637 2578 1925 2647 ἐκλήθητε.
1971 2577 2133 2628 Ὥστε

555 2663 677 2718 οὐδὲ
714 2662 775 2715 τὸ
813 2661 1009 2733 μικρὸν
1046 2661 1229 2727 τοῦτο,
1262 2662 1527 2731 ὑμέτερον
1559 2662 1700 2714 ὅλον.
1740 2661 1926 2713 Καίτοι
1961 2662 2009 2711 εἰ
2041 2659 2135 2719 καὶ

554 2744 911 2817 προσήλθετε,
967 2745 1175 2813 μυρίων
1217 2745 1369 2805 δντες
1428 2744 1719 2796 ὑπεύθυνοι
1770 2742 1980 2807 κακῶν,
2015 2741 2137 2793 οὑδὲ

554 2828 727 2891 οὕτως
756 2830 883 2897 ὑμῖν
916 2829 1096 2897 χάρις,
1126 2827 1264 2879 ἀλλὰ
1298 2827 1374 2895 τῷ
1407 2826 1545 2897 Θεῷ.

626 2914 725 2965 Διά
769 2911 927 2965 τοῦτο
980 2913 1074 2964 καὶ
1126 2911 1396 2977 Ἐφεσίοις
1450 2912 1675 2983 γράφων
1725 2910 1901 2979 ἔλεγε·
1933 2910 2136 2978 Χάριτί

555 2995 695 3049 ἐστε
724 2994 1102 3063 σεσωσμένοι
1139 2993 1236 3048 διὰ
1274 2996 1555 3059 πίστεως,
1594 2994 1691 3046 καὶ
1724 2995 1899 3047 τοῦτο
1934 2996 2043 3046 οὐκ
2067 2993 2135 3055 ἐξ

554 3076 739 3147 ὑμῶν.
765 3076 899 3129 Οὑδὲ
927 3079 960 3144 ή
992 3078 1173 3136 πίστις
1201 3078 1354 3145 ὑμῶν
1384 3077 1677 3145 ὁλόκληρος
1699 3093 1710 3104 ·
1745 3078 1804 3127 οὑ
1842 3076 1951 3144 γάρ
1978 3076 2135 3141 ὑμεῖς

553 3160 912 3214 ἐπιστεύσατε
943 3159 1329 3231 προλαϐόντες,
1380 3160 1517 3211 ἀλλά
1566 3158 1858 3226 κληθέντες
1888 3157 2134 3227 ὑπηκούο

556 3261 705 3297 σατε.
734 3244 855 3296 Σὺν
880 3239 1027 3295 πᾶσι
1059 3242 1176 3306 τοῖς
1205 3241 1699 3309 ἐπικαλουμένοις
1729 3240 1795 3293 τὸ
1821 3240 2007 3308 ὄνομα
2030 3239 2134 3292 τοῦ

554 3326 777 3393 Κυρίου
821 3323 991 3392 ἡμῶν
1033 3324 1235 3391 Ἰησοῦ
1283 3324 1564 3391 Χριστοῦ.
1597 3323 1671 3376 Οὗ
1705 3322 1801 3375 τοῦ
1838 3323 2005 3384 δεῖνος
2042 3324 2136 3373 καὶ

554 3409 652 3461 τοῦ
685 3409 878 3471 δεῖνος,
914 3408 1048 3460 ἀλλά
1086 3407 1156 3461 Τὸ
1196 3407 1385 3475 ὄνομα
1414 3407 1516 3460 τοῦ
1548 3406 1792 3472 Κυρίου.
1825 3407 1926 3458 Ἐν
1956 3404 2136 3457 παντὶ

555 3492 720 3555 τόπῳ
750 3490 950 3544 αὐτῶν
979 3508 1043 3543 τε
1072 3492 1169 3543 καί
1201 3489 1389 3557 ἡμῶν.
1426 3491 1489 3541 Εἰ
1525 3489 1634 3559 γὰρ
1664 3489 1755 3541 καὶ
1782 3490 1918 3559 πρὸς
1948 3489 2136 3559 Κοριν-

556 3575 708 3637 θίους
752 3573 820 3627 τὰ
861 3574 1169 3644 γράμματά
1215 3576 1335 3625 ἐστι
1378 3573 1741 3643 γεγραμμένα
1790 3574 1971 3644 μόνον,
1999 3572 2134 3625 ἀλλὰ

555 3657 654 3710 καὶ
698 3658 921 3711 πάντων
943 3656 1049 3709 τῶν
1088 3657 1145 3707 ὲν
1184 3656 1335 3728 πάσῃ
1368 3658 1435 3726 τῇ
1472 3658 1543 3726 γῇ
1581 3654 1855 3725 μέμνηται
1904 3655 2132 3719 πιστῶν,

555 3742 765 3803 δεικνὺς
800 3742 883 3794 ὅτι
918 3741 1017 3812 τὴν
1056 3740 1150 3793 ἐπὶ
1182 3741 1283 3809 τ’ἠς
1316 3738 1638 3809 οἰκουμένης
1695 3740 1827 3809 μίαν
1860 3740 1943 3793 δεῖ
1992 3735 2132 3793 εἶναι

570 3821 921 3894 Ἐκκλησίαν,
979 3822 1157 3875 καίτοι
1210 3822 1399 3884 τόποις
1446 3822 1661 3884 πολλοῖς
1693 3822 2131 3892 κεχωρισμένην,

556 3907 654 3959 καὶ
702 3906 882 3976 σωλλῷ
932 3907 1130 3975 μᾶλλον
1183 3905 1283 3975 τὴν
1330 3908 1387 3957 ὲν
1425 3904 1695 3974 Κορίνθῳ.
1733 3906 1795 3957 Εἰ
1835 3906 1889 3956 δὲ
1921 3906 2135 3968 ὁτόπος

557 3986 804 4058 χωρίζει,
839 3988 953 4039 ἀλλ’
983 3989 1011 4038 6
1064 3987 1267 4057 Κύριος
1309 3987 1502 4047 αὐτοῦς
1531 3988 1790 4038 συνάπτει
1820 3988 1996 4050 κοινὸς
2028 3988 2101 4040 ῶν
2120 4006 2132 4018 '

558 4070 642 4123 διδ
675 4072 769 4122 καὶ
798 4068 934 4121 ἑνῶν
962 4071 1157 4131 αὑτοὺς
1192 4070 1441 4137 ἐπήγαγε
1467 4068 1549 4127 τὸ,
1589 4068 1774 4135 Ἡμῶν
1801 4086 1865 4122 τε
1900 4070 1999 4123 καὶ
2030 4073 2139 4124 αὺ-

556 4151 697 4207 τῶν.
735 4152 878 4205 Πολὺ
914 4152 970 4204 δὲ
999 4151 1159 4204 τοῦτο
1192 4152 1399 4204 ἐκείνου
1431 4151 1996 4223 κυριώτερον.”Ωσπερ
2029 4156 2136 4223 γὰρ

557 4236 611 4289 οἱ
636 4237 694 4288 ὲν
721 4236 801 4288 ἐνὶ
838 4234 989 4304 τόπῳ
1016 4235 1186 4299 δντες,
1224 4233 1352 4287 ὅταν
1384 4234 1613 4296 πολλοὺς
1639 4234 1833 4303 ἔχωσιν
1862 4237 2135 4296 ἐναντίους

556 4318 844 4382 δεσπότας,
882 4319 1267 4387 διεσπασμένοι
1299 4319 1425 4378 εἰσί,
1462 4319 1556 4369 καὶ
1602 4319 1751 4369 οὐδὲν
1789 4319 1895 4370 ἀπὸ
1924 4320 2015 4371 τοῦ
2050 4318 2135 4368 τό·

560 4419 663 4455 που
691 4403 769 4463 εἰς
800 4401 1051 4470 ὁμόνοιαν
1084 4400 1441 4467 ὠφελοῦνται,
1471 4401 1700 4469 διάφορα
1729 4401 1836 4451 τῶν
1860 4401 2135 4453 δεσποτῶν

559 4482 977 4545 ὲπιταττόντων,
1000 4483 1092 4533 καὶ
1125 4480 1260 4552 πρὸς
1294 4482 1522 4541 ἑαυτοὺς
1556 4481 1820 4533 ἑλκόντων
1865 4485 1984 4550 (οὐ
2031 4483 2139 4535 δύ·-

558 4568 748 4619 νασθε
779 4563 909 4634 γὰρ,
956 4564 1110 4635 φησί,
1161 4561 1282 4628 Θεῷ
1308 4563 1623 4616 δουλεύειν
1656 4562 1750 4615 καὶ
1780 4562 2130 4631 palmum")-

559 4646 731 4710 οὕτως
779 4648 829 4699 οἰ
875 4648 934 4699 ὲν
972 4648 1251 4718 διαφόροις
1287 4648 1473 4709 τόποις
1508 4646 1677 4708 ὅντες,
1711 4646 1805 4697 ἐὰν
1848 4646 1922 4715 μὴ
1952 4645 2137 4713 διαφό-

563 4747 691 4801 ρους
722 4730 883 4799 ἕχωσι
919 4730 1161 4800 κυρίους,
1190 4731 1305 4781 ἀλλ’
1339 4731 1437 4783 ἕνα
1484 4730 1663 4799 μόνον,
1707 4728 1859 4781 οὐδὲν
1893 4729 2000 4779 ἀπὸ
2028 4728 2136 4779 τῶν

559 4814 742 4866 τόπων
771 4814 848 4873 εἰς
866 4814 1119 4882 ὁμόνοιαν
1149 4813 1650 4882 παραϐλάπτονται,
1678 4812 1772 4864 τοῦ
1808 4813 2011 4883 Κυρίου
2043 4810 2135 4863 τοῦ

560 4897 678 4960 ινδς
707 4896 1068 4958 συνάπτοντος
1104 4885 1318 4958 αὑὲούς.
1343 4897 1419 4947 Οὑ
1440 4896 1584 4962 λέγω
1616 4895 1815 4954 τοίνυν,
1843 4898 2029 4966 φησὶν,
2054 4898 2138 4949 ὅτι

558 4981 697 5052 πρὸς
757 4976 1078 5050 Κορινθίους
1111 4980 1385 5049 Κορίνθιοι
1418 4980 1569 5041 ὄντες
1604 4980 1849 5048 ὁμονοεῖν
1893 4980 2134 5047 ὀφείλετε

563 5065 744 5134 μόνον,
778 5062 916 5115 ἀλλά
946 5065 1038 5115 καὶ
1075 5062 1209 5131 πρὸς
1258 5062 1464 5123 πάντας
1494 5063 1619 5123 τοὺς
1659 5064 1718 5113 ἐν
1742 5066 1806 5132 τῇ
1842 5063 2132 5132 οἰκουμένη

559 5146 733 5217 πάσῃ,
766 5144 945 5197 κοινὸν
1004 5144 1216 5213 ἔχοντες
1262 5145 1557 5212 Δεσπότην.
1607 5144 1706 5195 Διά
1755 5144 1912 5196 τοῦτο
1953 5146 2046 5197 καλ
2072 5149 2139 5196 ἐκ

556 5229 811 5300 δευτέρου
864 5227 1173 5299 προσέθηκε
1210 5226 1292 5289 τὸ,
1317 5225 1529 5294 ἰιμῶν.
1570 5225 1788 5297 Ἐπειδὴ
1831 5228 1938 5297 7&9
1990 5224 2131 5291 εἷπε,

563 5312 637 5367 T6
669 5312 857 5380 ὄνομα
886 5310 989 5364 τοῦ
1024 5310 1241 5379 Κυρίου
1280 5308 1449 5376 ἡμῶν
1481 5310 1684 5377 Ἰησοῦ
1714 5311 1990 5378 Χριστοῦ,
2048 5312 2133 5364 ἵνα

563 5393 637 5464 μὴ
658 5392 783 5463 δόξῃ
819 5391 1073 5463 χωρίζειν
1108 5392 1261 5461 παρά
1281 5394 1393 5454 τοῖς
1424 5394 1691 5460 ἀνοήτοις,
1728 5393 1921 5460 ἐπάγει
1948 5394 2129 5457 πάλιν,

556 5476 781 5543 Κυρίου
811 5474 979 5543 ἡμῶν
1004 5491 1066 5527 τε
1090 5477 1187 5527 καί
1211 5474 1430 5529 αὐτῶν.
1462 5476 1567 5526 Καὶ
1595 5476 1680 5527 ῖνα
1702 5473 1778 5546 [5]
1804 5477 2132 5547 σαφέστερον

558 5557 587 5611 δ
623 5558 766 5626 λέγω
796 5559 1042 5628 γένηται,
1080 5557 1464 5627 ἀναγνώσομαι
1499 5558 1637 5611 κατά
1660 5559 1722 5609 τὸ
1751 5559 1927 5629 νόημα
1956 5559 2095 5613 οῦτω
2116 5578 2128 5592 ο

558 5638 768 5704 Παῦλος
792 5639 886 5693 καὶ
913 5639 1195 5708 Σωσθένης
1225 5644 1293 5713 τῇ
1328 5640 1623 5710 Ἐκκλησία
1652 5640 1744 5693 τοῦ
1780 5640 1917 5693 Θεοῦ
1942 5645 2007 5712 τῇ
2044 5642 2131 5694 οῦ-

561 5739 632 5793 σῃ
685 5724 743 5775 ὲν
795 5723 1063 5794 Κορίνθῳ,
1122 5723 1218 5776 καὶ
1252 5726 1387 5777 πᾶσι
1426 5727 1539 5786 τοῖς
1582 5724 2033 5794 ἐπικαλουμένοις
2071 5726 2132 5779 τὸ

559 5806 729 5876 δνομα
752 5805 847 5860 τοῦ
871 5808 1074 5875 Κυρίου
1102 5805 1260 5876 ήμῶν
1280 5824 1337 5859 τε
1366 5809 1463 5861 καὶ
1486 5807 1664 5861 αὑτῶν
1693 5810 1750 5860 ἐν
1779 5811 1943 5861 παντὶ
1963 5808 2131 5878 τόπῳ,

624 5982 939 6049 'Legebalur
970 5986 1204 6038 Ἀπολλᾶν.

2248 495 2354 549 κᾶν
2409 500 2468 551 ὲν
2511 498 2718 572 Ῥώμῃ,
2777 501 2883 555 κᾶν
2928 501 3059 555 ὅπου
3106 500 3305 576 δήποτε
3346 500 3414 556 ἂν
3459 493 3596 558 ὧσιο
3640 504 3811 576 Χάρις·

2247 578 2393 647 ὖμῖν
2423 582 2521 634 καί
2546 583 2754 652 εἰρήνη
2791 584 2911 640 ἀπὸ
2946 584 3095 640 Θεοῦ
3124 574 3356 654 Ἡατρὸς
3378 585 3551 655 ἡμῶν
3571 588 3672 642 καὶ
3694 574 3808 646 ιζνέ

2245 664 2380 729 ρίου
2414 664 2608 731 Ἰησοῦ
2632 668 2909 735 Χριστοῦ.
2941 669 3016 721 Ἢ
3036 667 3178 722 οὕτω
3210 668 3393 733 πάλιν,
3429 669 3457 722 δ
3489 670 3582 723 καὶ
3619 672 3814 741 μᾶλλον

2245 744 2486 817 ἡγοῦμαι
2515 747 2877 819 ἀληθέστερον
2915 746 3090 805 εἶναι·
3132 751 3342 814 Παῦλος
3389 753 3481 806 καὶ
3534 754 3813 826 Σωσθένης

2245 831 2358 891 τοῖς
2411 833 2468 884 ἐν
2511 832 2761 905 Κορίνθῳ
2812 835 3185 906 ἡγιασμένοις,
3233 834 3450 901 κλητοῖς
3495 836 3671 904 ἁγίοις
3716 840 3810 891 σὺν

2248 916 2380 967 πᾶσι
2402 918 2515 979 τοῖς
2539 918 2985 988 ἐπικαλουμένοις
3014 918 3074 971 τὸ
3105 919 3275 988 ὄνομα
3301 916 3395 971 τοῦ
3428 919 3629 990 Κυρίου
3662 920 3812 990 ήμῶν

2259 996 2433 1067 Ἰησοῦ
2465 1000 2701 1070 Χριστοῦ
2736 1002 2794 1053 ὲν
2838 1002 3000 1054 παντὶ
3027 1003 3179 1069 τόπῳ
3216 999 3396 1053 αὑτῶν
3428 1018 3487 1054 τε
3513 1003 3601 1054 καὶ
3635 1003 3807 1073 ήμῶν.

2247 1080 2529 1149 Τουτέστι,
2563 1085 2738 1155 Χάρις
2776 1085 2906 1155 ὑμῖν
2953 1086 3046 1137 καὶ
3092 1086 3281 1155 εἰρήνη
3311 1085 3439 1155 ὑμῖν
3480 1088 3592 1147 τοῖς
3621 1086 3678 1138 ὲν
3703 1087 3809 1138 Κο-

2246 1163 2411 1236 ρίνθῳ
2442 1169 2816 1238 ἡγιασμένοις,
2854 1171 2947 1223 καὶ
2987 1169 3207 1239 κλητοῖς
3238 1168 3551 1239 γενομένοις
3571 1186 3584 1199 ·
3617 1170 3676 1223 οὐ
3712 1170 3810 1240 μό-

2244 1263 2376 1312 νοις,
2427 1249 2563 1303 ἀλλὰ
2613 1250 2751 1320 μετά
2778 1252 2997 1305 πάντων
3028 1252 3137 1303 τῶν
3171 1253 3229 1303 ὲν
3250 1252 3413 1304 παντὶ
3436 1251 3585 1322 τόπῳ
3618 1254 3811 1305 ἐπικα-

2242 1328 2334 1381 λου
2344 1330 2520 1399 μένων
2540 1333 2599 1384 τὸ
2625 1334 2793 1401 δνομα
2816 1332 2911 1385 τοῦ
2943 1334 3151 1403 Κυρίου
3184 1333 3343 1404 ήμῶν
3379 1333 3553 1404 Ἰησοῦ
3576 1332 3813 1404 Χριστοῦ

2243 1413 2338 1465 καὶ
2386 1413 2588 1467 αὐτῶν.
2644 1414 2707 1469 Εἰ
2751 1415 2808 1469 δὲ
2854 1416 2961 1469 ἀπὸ
2990 1417 3276 1487 χάριτοςή
3330 1416 3545 1486 εἰρήνη,
3572 1415 3627 1467 τί
3670 1416 3813 1485 μέγα

2244 1500 2481 1567 φρονεῖς,
2519 1501 2573 1552 τί
2604 1500 2745 1569 μέγα
2780 1502 2977 1571 φυσᾷς,
3011 1500 3193 1570 χάριτι
3229 1499 3421 1562 σωθείς
3450 1515 3463 1563 ;
3500 1501 3547 1552 εἰ
3576 1498 3629 1551 δὲ
3659 1501 3812 1571 εἰρή-

2242 1596 2343 1651 νην
2370 1580 2513 1650 έχεις
2552 1582 2688 1652 πρὸς
2718 1583 2809 1635 τόν
2836 1583 2987 1645 Θεὸν,
3024 1584 3076 1634 τί
3107 1583 3314 1653 ἑτέροις
3344 1581 3571 1634 σεαυτὸν
3596 1583 3815 1651 προσνέ·

2245 1679 2367 1731 μεις
2390 1664 2437 1727 ι›;
2455 1665 2613 1717 τοῦτο
2636 1666 2745 1735 7&9
2776 1664 3178 1727 διαστασιάζειν
3195 1666 3331 1718 ἐστί.
3356 1665 3420 1717 Τί
3449 1664 3576 1734 γὰρ,
3602 1666 3650 1717 εἰ
3676 1663 3819 1734 πρὸς

2242 1745 2388 1797 τόνδε
2426 1748 2734 1816 εἰρηνεύετε
2768 1750 2861 1800 καὶ
2914 1751 3051 1817 πρὸς
3093 1748 3263 1811 τόνδε,
3316 1749 3406 1801 καὶ
3442 1748 3602 1816 χάριν
3625 1746 3808 1814 ἔχετες

2256 1827 2395 1893 Ἐγὼ
2426 1829 2483 1880 δὲ
2518 1829 2623 1881 ἀπὸ
2672 1829 2766 1881 τοῦ
2818 1828 2951 1881 Θεοῦ
2999 1829 3135 1882 αἰτῶ
3168 1829 3339 1881 ταῦτα
3371 1830 3497 1897 ὑμῖν
3527 1829 3813 1897 ἀμφότερα

2241 1911 2516 1977 γενέσθαι,
2548 1914 2640 1965 καὶ
2667 1913 2762 1965 ἀπ’
2812 1913 2976 1966 αὑτοῦ
3008 1914 3099 1965 καὶ
3134 1914 3270 1984 πρὸς
3311 1912 3489 1966 αὑτόν.
3532 1911 3668 1964 Οὑτε
3702 1911 3811 1979 γὰρ

2243 1992 2436 2061 βεϐαία
2465 1995 2614 2063 μένει
2653 2007 2698 2058 ε,
2730 1996 2798 2049 ἂν
2827 1997 2901 2067 μὴ
2931 1996 3031 2066 τῆς
3062 1996 3267 2049 ἄνωθεν
3295 1994 3578 2068 ἀπολαύσῃ
3615 1995 3810 2065 ῥοπῆς

2239 2073 2388 2135 οὔτε.
2436 2076 2532 2129 ἐὰν
2580 2079 2652 2147 μὴ
2707 2080 2842 2149 πρὸς
2874 2080 3037 2131 αὐτὸν
3083 2079 3140 2151 ῂ,
3191 2078 3344 2131 ἔσται
3382 2096 3434 2131 τι
3464 2078 3627 2130 πλέον
3657 2078 3808 2147 ὑμῖν.

2241 2159 2408 2211 Οὐδὲν
2432 2160 2540 2232 γὰρ
2566 2162 2757 2229 ὄφελος
2790 2164 2821 2232 ή
2831 2165 2941 2231 μίν,
2975 2162 3076 2214 κᾶν
3101 2162 3235 2232 πρὸς
3261 2163 3469 2224 πάντας
3497 2155 3646 2231 ὦμεν
3670 2162 3811 2230 εἰρη-

2240 2244 2397 2306 νικοὶ,
2447 2244 2585 2314 πρὸς
2621 2246 2679 2298 δὲ
2726 2246 2815 2297 τὸν
2852 2246 2985 2299 Θεὸν
3031 2244 3577 2315 ἐκπεπολεμωμένου
3620 2242 3811 2308 ὥσπερ

2237 2325 2388 2378 οὐδὲν
2422 2326 2614 2396 βλάϐος
2648 2330 2799 2399 ήμῖν,
2848 2329 2953 2381 κᾶν
2985 2332 3135 2400 παρά
3170 2330 3389 2382 πάντων
3418 2325 3807 2396 πολεμὼμεθα.

2237 2409 2315 2477 τῷ
2350 2411 2406 2463 δὲ
2444 2410 2562 2480 Θεῷ
2600 2412 3004 2481 εἰρηνεύωμεν·
3041 2415 3134 2466 καὶ
3185 2412 3347 2465 πάλιν
3396 2410 3547 2462 οὐδὲν
3592 2409 3804 2476 δφελος,

2238 2493 2342 2544 κᾶν
2383 2495 2531 2561 παρά
2581 2497 2745 2545 πᾶσιν
2776 2494 3173 2563 εῦδοκιμῶμεν,
3205 2493 3281 2563 τῷ
3311 2493 3368 2545 δὲ
3417 2491 3605 2560 Κυρίῳ
3640 2507 3801 2559 προσ·

2236 2575 2522 2644 κρούωμεν
2540 2593 2552 2605 ·
2585 2575 2773 2646 ὥσπερ
2801 2577 2975 2640 οὐδεὶς
3010 2578 3275 2638 κίνδυνος,
3305 2575 3406 2629 κᾶν
3433 2576 3633 2636 πάντες
3657 2576 3809 2643 ἡμᾶς

2234 2658 2686 2729 ἀποστρέφωνται
2730 2661 2823 2713 καὶ
2878 2661 3129 2730 μισῶσιν.
3162 2663 3190 2714 6
3221 2661 3276 2713 δὲ
3315 2660 3446 2721 Θεὸς
3476 2657 3807 2727 ἀποδέχηται

2236 2744 2330 2796 καὶ
2386 2744 2534 2814 φιλῇ.
2579 2744 2640 2797 Ἠ
2693 2745 2804 2813 7&9
2841 2746 3010 2809 δντως
3068 2746 3315 2817 χάρις,ή
3369 2746 3538 2807 ὄντως
3590 2744 3803 2814 εἰρήνη,

2235 2828 2386 2897 παρὰ
2410 2826 2504 2879 τοῦ
2535 2827 2692 2881 Θεοῦ.
2728 2828 2785 2882 '0
2812 2829 2911 2897 μὲν
2937 2829 3045 2897 γὰρ
3072 2830 3169 2899 τὴν
3197 2829 3345 2899 παρὰ
3382 2828 3460 2897 τῷ
3488 2826 3608 2896 Θεῷ
3646 2827 3807 2895 χάριν

2236 2909 2393 2977 ἔχων,
2446 2911 2634 2962 οὑδένα
2687 2911 2912 2973 δέδοικε,
2948 2913 3050 2962 κᾶν
3090 2912 3259 2991 μυρία
3289 2912 3471 2979 πάσχῃ
3522 2910 3705 2961 δεινά·
3745 2912 3806 2961 οὑ

2236 2995 2379 3059 λέγω
2410 2993 2716 3061 ἄνθρωπον,
2760 2992 2874 3046 ἀλλ’
2902 2994 3022 3046 οὑδὲ
3052 2994 3211 3069 αὐτὸν
3242 2993 3331 3046 τὸν
3358 2993 3633 3046 διάϐολον·
3695 2994 3721 3043 6
3752 2993 3807 3043 δὲ

2235 3075 2411 3144 τούτῳ
2464 3076 2944 3145 προσκεκρουκὼς,
3001 3077 3209 3138 πάντας
3249 3073 3565 3137 ὑποπτεύει,
3615 3073 3717 3125 κᾶν
3749 3076 3806 3123 ἐν

2236 3158 2504 3227 ἀσφαλείᾳ
2538 3153 2676 3212 εἶναι
2731 3159 2881 3228 δοκῇ.
2920 3160 3185 3211 Ἀστατον
3222 3159 3328 3228 γὰρ
3356 3158 3417 3210 τὺ
3459 3157 3565 3210 τῶν
3591 3157 3807 3223 ἀνθρὼ-

2238 3261 2354 3294 πων
2381 3242 2555 3309 γένος,
2588 3242 2682 3294 καὶ
2709 3242 2773 3293 οὑκ
2800 3242 2941 3310 φίλοι
2974 3243 3133 3310 μόνον
3165 3242 3257 3293 καὶ
3290 3240 3527 3308 ἀδελφοὶ,
3560 3239 3674 3292 ἀλλ’
3706 3240 3809 3309 ήδη

2238 3328 2330 3378 καὶ
2366 3325 2599 3394 πατέρες
2640 3324 3121 3393 μεταϐαλλόμενοι,
3176 3324 3433 3387 πολλάκις
3462 3323 3570 3377 ἀπὸ
3604 3325 3811 3391 πικρᾶς

2236 3408 2416 3470 αἰτίας
2441 3408 2650 3472 τοῦτον,
2682 3409 2742 3461 δν
2790 3408 3108 3476 ἐγέννησαν,
3148 3407 3206 3460 δν
3233 3407 3556 3475 ἐφύτευσαν,
3587 3406 3811 3459 πάντων

2237 3492 2513 3563 πολεμίων
2547 3491 2744 3561 μᾶλλον
2776 3492 2983 3563 ήλασαν
3004 3507 3022 3520 '
3052 3492 3146 3544 καὶ
3177 3492 3364 3555 παῖδες
3421 3490 3666 3561 πατέρας
3719 3488 3813 3555 ἐξ-

2238 3576 2449 3629 έϐαλον.
2488 3574 2689 3627 Σκόπει
2722 3574 2801 3628 δέ.

2310 3661 2375 3730 β’.
2409 3654 2535 3727 Εἶχε
2566 3660 2724 3729 χάριν
2748 3659 2778 3711 6
2810 3658 2973 3712 Δαυῖδ
2999 3657 3148 3730 παρά
3167 3658 3243 3729 τῷ
3266 3657 3383 3729 Θεῷ
3407 3675 3420 3689 ’
3458 3653 3569 3728 εἷχε
3601 3658 3764 3728 χάριν
3786 3659 3815 3711 6

2250 3741 2571 3811 Ἀϐεσαλὼμ
2614 3742 2764 3814 παρὰ
2812 3746 2923 3806 τοῖς
2970 3742 3310 3812 ἀνθρώποις·
3359 3738 3469 3795 οἷον
3516 3737 3608 3795 οῦν
3654 3742 3817 3803 τέλος

2237 3826 2495 3895 ἑκάτερος
2541 3825 2689 3897 ἔσχε,
2743 3826 2838 3877 καὶ
2887 3825 2970 3889 τίς
3014 3825 3350 3895 ηὐδοκίμησε
3409 3825 3627 3893 μᾶλλον,
3668 3824 3811 3878 ἴστε.

2237 3905 2364 3979 Εἷχε
2406 3909 2565 3979 χάριν
2615 3912 2643 3961 6
2693 3908 2942 3977 Ἀϐραὰμ
2974 3909 3123 3977 παρὰ
3177 3908 3253 3975 τῷ
3300 3906 3439 3976 Θεῷ,
3470 3909 3498 3959 6
3525 3907 3582 3958 δὲ
3607 3907 3817 3976 Φαραὼ

2239 3992 2391 4062 παρὰ
2416 3994 2527 4052 τοῖς
2558 3989 2901 4057 ἀνθρώποις·
2958 3988 3305 4059 χαριζόμενοι
3358 3994 3465 4058 7&9
3507 3990 3675 4058 αὑτῷ,
3709 3990 3815 4059 τὴν

2237 4076 2471 4142 γυναῖκα
2499 4071 2591 4123 τοῦ
2621 4070 2835 4124 δικαίου
2871 4072 3212 4141 προῦδωκαν.
3244 4072 3338 4133 Τίς
3371 4068 3461 4124 οὖν
3495 4070 3814 4141 λαμπρότε-

2239 4174 2334 4226 ρος
2361 4157 2551 4223 γέγονε
2574 4155 2666 4208 καὶ
2716 4155 3002 4226 μακάριος,
3053 4155 3216 4209 παντί
3267 4173 3369 4208 που
3409 4151 3588 4225 δῆλον.
3616 4157 3728 4208 Καὶ
3757 4158 3813 4208 τί

2239 4240 2381 4303 λέγω
2415 4238 2544 4309 περί
2566 4238 2823 4305 δικαίων;
2857 4235 3016 4309 Εἶχον
3035 4240 3196 4311 χάριν
3215 4241 3263 4292 οἰ
3300 4239 3624 4309 Ἰσραηλῖται
3653 4238 3811 4308 παρὰ

2239 4324 2315 4393 τῷ
2353 4323 2492 4393 Θεῷ,
2524 4324 2812 4393 ἐμισοῦντο
2842 4324 2899 4377 δὲ
2949 4325 3102 4395 παρά
3140 4323 3443 4395 ἀνθρώπων
3484 4324 3590 4375 τῶν
3634 4325 3813 4391 Δίγυ-

2240 4409 2439 4461 πτίων·
2474 4407 2588 4461 ἀλλ’
2623 4409 2773 4478 ὅμως
2798 4408 2906 4461 τῶν
2953 4409 3254 4477 μισούντων
3284 4409 3677 4479 περιεγένοντο,
3708 4408 3813 4459 καὶ

2239 4490 2571 4561 ἐκράτησαν,
2629 4491 2748 4560 μεθ’
2798 4492 2929 4558 ὅσης
2974 4492 3213 4552 ἅπαντες
3259 4490 3371 4543 ἴστε
3420 4491 3812 4561 περιφανείας.

2239 4574 2408 4627 Τοῦτο
2455 4574 2635 4626 τοίνυν
2666 4572 3057 4641 σπουδάζωμεν
3107 4572 3377 4636 ἅπαντες·
3425 4571 3523 4624 κᾶν
3552 4571 3737 4633 δοῦλος

2237 4673 2339 4721 τις,
2372 4657 2530 4710 τοῦτο
2556 4656 2819 4726 εὐχέσθω,
2852 4656 2956 4727 πρὸ
2988 4655 3082 4708 τοῦ
3122 4656 3382 4707 δεσπότου
3411 4654 3560 4726 παρά
3584 4653 3660 4724 τῷ
3686 4655 3812 4726 Θεῷ

2238 4741 2397 4811 χάριν
2426 4741 2608 4811 εὑρεῖν
2632 4753 2643 4764 ·
2700 4737 2780 4809 [0]
2829 4739 2931 4790 κᾶν
2974 4742 3109 4809 γυνή
3138 4756 3223 4801 τις
3265 4733 3321 4811 ᾗ,
3352 4737 3456 4807 πρὸ
3490 4737 3581 4791 τοῦ
3614 4737 3814 4808 ἀνδρὸς

2238 4823 2391 4894 παρά
2422 4823 2517 4876 τοῦ
2554 4820 2806 4891 Σωτῆρος
2832 4821 2966 4874 Θεοῦ
2993 4822 3223 4890 ζητείτω
3257 4822 3415 4891 χάριν
3441 4838 3453 4851 ο
3503 4823 3605 4875 κᾶν
3640 4839 3811 4889 στρα-

2236 4908 2438 4978 τιώτης
2482 4903 2538 4981 ᾖ,
2575 4904 2681 4975 πρὸ
2714 4904 2806 4957 τοῦ
2847 4905 3107 4975 βασιλέως
3138 4905 3231 4958 καὶ
3271 4906 3373 4975 πρὸ
3402 4904 3496 4958 τοῦ
3544 4904 3815 4973 ἄρχοντος

2235 4994 2335 5063 τὴν
2377 4992 2580 5046 ἀνωθεν
2629 4986 2837 5041 εὔνοιαν
2878 4989 3109 5059 ζητείτω
3190 4988 3331 5041 οὕτω
3379 4992 3486 5059 γὰρ
3534 4990 3627 5041 καὶ
3655 4991 3809 5062 παρὰ

2238 5075 2541 5145 ἀνθρώποις
2572 5071 2871 5141 ἐπέραστος
2901 5071 3019 5144 ἔσῃ.
3072 5071 3193 5133 Πῶς
3232 5071 3274 5121 δ’
3309 5071 3372 5122 ἄν
3411 5089 3492 5131 τις
3524 5070 3671 5140 εῦροι
3706 5073 3811 5139 χά-

2238 5176 2322 5227 ριν
2358 5155 2509 5226 παρά
2533 5154 2609 5224 τῷ
2635 5154 2780 5223 sup;
2815 5154 2939 5218 Πῶς
2963 5154 3019 5208 δὲ
3043 5154 3263 5221 ἑτέρως,
3290 5154 3337 5203 εἰ
3375 5152 3449 5223 μὴ
3484 5154 3593 5205 ἀπὸ
3618 5171 3761 5205 ταπε
3774 5173 3809 5206 ι·

2237 5240 2609 5311 νοφροσύνης;
2670 5238 2731 5289 '0
2785 5238 2930 5303 Θεὸς
2975 5240 3109 5305 γὰρ,
3163 5234 3347 5304 φησὶν,
3394 5237 3808 5303 ὑπερηφάνοις

2235 5322 2679 5380 ἀντιτάσσεται,
2722 5319 3021 5382 ταπεινοῖς
3062 5316 3129 5369 δὲ
3167 5316 3375 5370 δίδωσι
3433 5318 3628 5387 χάριν·
3683 5319 3808 5382 καὶ,

2238 5406 2431 5460 Θυσία
2452 5404 2532 5469 τῷ
2555 5402 2676 5467 Θεῷ
2697 5404 2933 5473 πνεῦμα
2960 5402 3484 5471 συντετριμμένον.
3516 5401 3613 5453 καὶ
3644 5420 3807 5455 τετα-

2235 5487 2607 5557 πεινωμένην
2636 5487 2885 5556 καρδίαν
2906 5489 2937 5539 ὀ
2968 5486 3109 5551 Θεὸς
3136 5488 3246 5539 οὐκ
3287 5484 3702 5548 ἐξουδενώσει.
3744 5487 3807 5538 Εἰ

2234 5573 2341 5642 γὰρ
2381 5569 2529 5640 παρὰ
2577 5569 2883 5639 ἀνθρώποις
2932 5567 3072 5619 οὕτω
3124 5568 3368 5625 ποθεινὸν
3417 5566 3479 5619 τὸ
3522 5568 3807 5632 ταπεινὸν,

2235 5652 2416 5722 πολλῷ
2445 5650 2643 5721 μᾶλλον
2666 5652 2817 5723 παρά
2842 5650 2980 5720 Θεῷ.
3017 5651 3179 5705 Οῦτω
3203 5653 3297 5704 καὶ
3326 5651 3373 5703 οἰ
3400 5649 3460 5715 ἐξ
3490 5650 3659 5703 ἐθνῶν
3707 5652 3804 5721 χάο

2238 5757 2325 5809 ριν
2357 5734 2538 5805 εῦρου,
2570 5735 2712 5789 οὕτω
2742 5736 2833 5789 καὶ
2868 5737 2914 5789 οί
2952 5736 3191 5790 Ἰουδαῖοι
3236 5736 3334 5806 τῆς
3368 5736 3587 5806 χάριτος
3615 5736 3799 5801 ἐξέπε-

2238 5838 2347 5874 σον·
2390 5819 2471 5886 Τῇ
2511 5820 2619 5888 γὰρ
2649 5820 3000 5885 δικαιοσύνῃ
3038 5817 3141 5871 τοῦ
3178 5818 3325 5872 Θεοῦ
3362 5820 3473 5886 οὐχ
3504 5818 3794 5887 ὑπετάγη-

2297 5929 2324 5967 δ
2351 5927 2631 5989 chobatur
2670 5926 2968 5988 προσνέμοις.
3076 5929 3095 5953 τ
3120 5922 3331 5974 Savilius
3379 5925 3646 5988 legendum
3671 5934 3793 5986 pus:

2242 5992 2383 6049 μένοι.
