4018 6208
224 389 293 447 I3
1284 385 1349 441 IN
1390 380 1605 441 EPIST.
1645 380 1685 434 I.
1726 377 1819 437 AD
1856 374 2012 432 COR.
2052 371 2282 430 HOMIL.
2323 370 2364 426 Ι.
3418 361 3483 416 Η

230 526 288 583 id
307 522 452 598 quod
479 518 638 577 didici
658 558 675 584 ,
702 526 878 586 neque
898 526 965 567 ex
994 520 1113 564 mea
1139 501 1399 574 sapientia
1428 494 1755 569 apprehendi
1781 533 1798 559 ,

230 594 466 676 sed-eunt
489 608 786 668 Ecclesiam
810 613 1164 677 persequerer
1186 605 1243 652 et
1266 594 1623 654 devastarem,
1645 600 1806 641 voea-

229 721 322 764 tus
342 723 481 764 sum.
506 703 604 760 Hic
630 675 999 757 autem'totum
1031 688 1272 747 venantis
1292 694 1396 750 est,
1426 679 1602 736 vocati
1628 675 1801 739 nihil,

230 817 292 859 ut
309 801 386 860 ita
409 799 604 865 dicam,
633 793 733 851 nisi
756 789 900 864 quod
921 784 1157 843 obediat.
1181 778 1371 836 Christi
1388 774 1533 865 Jesu.
1554 769 1803 840 Magister

228 901 410 950 vester
435 857 681 946 Christus
706 857 793 940 esi
816 900 832 935 :
861 890 919 936 et
953 890 1049 930 vos
1090 867 1381 929 inscribitis
1425 862 1681 918 homines
1706 857 1803 911 do-

229 948 420 1042 ctrina
441 977 750 1055 praefectos?
774 972 877 1029 Per
895 972 1200 1025 uoluntatem
1217 960 1333 1015 Dei.
1368 957 1507 1011 Deus
1534 951 1675 1007 enim
1706 948 1810 1002 huc

230 1075 403 1132 voluit
427 1040 488 1129 tit
500 1087 593 1127 vos
613 1071 695 1129 sic
712 1065 846 1122 salvi
862 1060 1074 1118 essetis.
1090 1054 1201 1111 Nos
1224 1051 1369 1108 enim
1402 1045 1531 1101 nihil
1551 1040 1739 1112 praeolat
1750 1053 1808 1091 re

231 1171 468 1242 egimus,
492 1162 586 1220 sed
609 1176 708 1234 per
734 1160 1064 1214 voluntatem
1092 1142 1185 1201 Dei
1211 1144 1435 1199 salutem
1467 1135 1805 1193 invenimus;

230 1220 297 1318 ei,
534 1220 634 1327 ipsi
662 1248 886 1324 placuit,
912 1240 1084 1299 vocati
1110 1250 1297 1293 sumus
1318 1273 1334 1297 ,
1365 1244 1469 1285 non
1500 1224 1641 1297 quod
1662 1220 1806 1291 digni

231 1534 383 1593 deste
397 1533 526 1604 agit,
548 1529 807 1586 minorem
832 1521 885 1576 in
912 1516 1098 1573 eodem
1125 1522 1306 1566 secum
1330 1504 1519 1559 ordine
1559 1511 1761 1568 ponens
1790 1508 1801 1544 :

230 1642 357 1684 nam
384 1589 605 1679 multum
636 1616 792 1687 spatii
815 1618 932 1667 erat
954 1606 1173 1663 Paulum
1216 1600 1357 1654 inter
1382 1602 1439 1650 et
1462 1589 1804 1647 Sosthenent.

228 1714 385 1785 Quod
410 1676 603 1768 si
632 1676 839 1762 tantum
882 1700 1169 1754 interesset
1209 1683 1554 1748 discriminis,
1590 1676 1805 1733 inferio-

226 1768 485 1862 r‘emsibi
514 1795 777 1869 adjunxit,
795 1791 924 1863 quid
965 1787 1147 1843 dicere
1190 1778 1397 1859 possint
1430 1774 1539 1839 illi,
1572 1771 1662 1842 qui
1708 1768 1807 1821 ho-

225 1911 363 1952 nore
377 1893 476 1949 sibi
495 1864 651 1963 pares
667 1881 995 1957 despiciunt?
1014 1876 1255 1933 Ecclesiae
1274 1873 1388 1927 Dei.
1407 1868 1524 1925 Non
1541 1864 1698 1935 hujus
1718 1869 1810 1916 aut

226 1988 394 2051 illius,
419 1954 515 2040 sed
558 1981 669 2037 Dei.
703 1954 830 2044 ριὶω
867 1982 939 2028 est
969 1969 1217 2026 Corinthi.
1248 1963 1432 2019 Viden’
1454 1955 1725 2031 quomodo
1757 1954 1808 2007 in

222 2046 795 2148 singulisdictionibus
819 2067 1035 2121 illorum
1053 2061 1245 2117 fastum
1264 2054 1499 2123 dejiciat,
1519 2064 1616 2120 per
1630 2046 1809 2103 omnia

223 2178 461 2226 mentem
488 2164 620 2219 etelo
648 2157 1032 2217 assuefaciens.
1070 2147 1363 2208 Ecclesium
1393 2154 1570 2198 autem
1599 2138 1690 2193 Dei
1716 2152 1809 2190 vo.

221 2272 333 2329 cat,
364 2258 652 2315 ostendens
668 2268 785 2309 eam
816 2257 1068 2320 oportere
1085 2259 1204 2299 esse
1232 2234 1531 2293 unit:tm.Si
1547 2230 1688 2287 enim
1715 2227 1805 2281 Dei

223 2363 330 2419 est,
360 2350 505 2405 unita
535 2356 589 2402 et
619 2359 724 2399 una
751 2352 853 2407 est,
879 2354 985 2394 non
1007 2331 1253 2391 Corinthi
1280 2328 1452 2383 solum
1478 2366 1491 2390 ,
1523 2321 1618 2376 sed
1647 2318 1806 2375 etiam

226 2446 283 2501 itt
310 2453 423 2500 toto
450 2440 602 2497 orbe.
626 2433 886 2492 Ecclesiae
911 2428 1112 2500 quippe
1149 2436 1345 2478 nomen
1377 2433 1483 2472 non
1509 2410 1809 2483 separatio-

223 2537 313 2593 nis
333 2576 350 2602 ,
382 2532 476 2588 sed
524 2526 735 2585 uniouis
762 2534 817 2580 et
846 2517 1147 2578 concordia:
1190 2525 1386 2568 nomen
1432 2517 1535 2562 est.
1567 2502 1811 2567 Sancti/i-

223 2631 351 2684 catt's
372 2627 425 2680 in
446 2624 645 2678 Christo
662 2618 809 2671 Jesu.
833 2615 1040 2669 Rursus
1070 2621 1263 2662 nomen
1293 2602 1441 2665 Jesu,
1470 2607 1523 2652 et
1553 2606 1809 2662 nusquam

224 2719 503 2774 hominum
533 2724 727 2767 nomen
760 2706 930 2776 ponit.
954 2698 1091 2767 Quid
1121 2707 1199 2751 est
1230 2704 1410 2747 autem
1439 2681 1811 2742 sanctiﬁcatio?

224 2813 526 2869 Lavacrum
550 2845 565 2870 ,
597 2798 865 2873 purgatio.
898 2796 955 2850 In
986 2787 1300 2845 memoriam
1338 2781 1481 2836 enim
1511 2778 1617 2831 illis
1652 2789 1811 2845 revo-

226 2911 315 2960 cat
342 2894 733 2956 immunditiam
780 2902 934 2945 suam
960 2926 975 2950 ,
1005 2899 1034 2937 a
1061 2897 1163 2952 qua
1196 2874 1442 2933 liberavit
1465 2884 1579 2935 eos,
1606 2880 1660 2922 et
1685 2881 1810 2921 sua-

224 2994 319 3050 det
339 3002 397 3046 ut
422 2986 696 3044 humiliter
716 2980 952 3038 sentiant
978 2993 992 3029 :
1025 2987 1128 3027 non
1151 2969 1293 3025 enim
1322 2982 1386 3021 ex
1410 2961 1679 3034 praeclaris
1701 2956 1813 3011 suis

225 3084 429 3157 gestis,
460 3078 555 3135 sed
585 3093 651 3133 ex
679 3074 779 3129 Dei
823 3069 1112 3126 clementia
1152 3055 1472 3117 sanctiﬁcati
1522 3063 1665 3107 sunt.
1709 3048 1812 3101 γο-

225 3140 355 3232 ;stis
384 3140 589 3238 sanctis.
624 3164 835 3222 Etenim
862 3162 968 3216 hoc
991 3158 1185 3228 ipsum,
1215 3148 1422 3221 inquit,
1452 3160 1516 3200 ex
1546 3144 1646 3197 lide
1671 3140 1813 3194 salu-

229 3278 339 3323 tcm
369 3258 650 3331 consequi,
678 3271 785 3312 non
813 3269 878 3310 ex
905 3250 1057 3305 vobis
1086 3253 1170 3302 est
1198 3261 1209 3295 :
1244 3256 1347 3295 non
1379 3237 1521 3293 enim
1553 3233 1706 3303 primi
1733 3246 1814 3283 ac-

227 3356 497 3420 cessistis,
521 3323 616 3405 sed
636 3323 809 3403 vocati
830 3342 983 3399 estis.
1004 3337 1187 3406 Itaque
1212 3344 1384 3400 neque
1407 3325 1535 3381 illud
1564 3323 1814 3391 exiguum

228 3463 258 3503 a
280 3444 441 3501 vobis
468 3450 636 3497 totum
662 3446 764 3492 est.
785 3434 1117 3501 Quamquam
1139 3419 1351 3480 etiamsi
1372 3412 1708 3472 secesseritis
1734 3414 1817 3463 ln-

231 3534 480 3595 numeris
527 3527 745 3587 obnoxii
795 3522 984 3588 malis,
1018 3530 1193 3588 neque
1241 3512 1319 3567 sic
1344 3508 1497 3564 vobis
1522 3503 1689 3578 gratia
1720 3502 1815 3555 ha-

231 3630 413 3689 benda
443 3636 557 3694 est,
580 3624 675 3681 sed
705 3623 834 3677 Deo.

304 3688 554 3777 Ecclesite
579 3716 766 3771 unitas.
792 3710 1221 3778 —-Quapropter
1264 3697 1331 3753 ad
1376 3693 1635 3765 Ephesios
1684 3688 1819 3744 seri.

233 3817 371 3874 bens
397 3810 610 3867 dicebat
632 3825 646 3863 :
670 3805 849 3861 Gratia
872 3800 999 3857 salvi
1026 3796 1148 3870 facti
1178 3794 1319 3857 estis,
1342 3806 1430 3859 per
1457 3788 1632 3857 ﬁdem,
1660 3792 1704 3836 et
1728 3784 1821 3835 hoc

236 3925 341 3962 non
367 3903 583 3960 ezvobis
621 3898 848 3973 (Ephes.
891 3892 949 3948 2.
978 3891 1073 3963 8).
1115 3886 1300 3957 Neque
1326 3880 1474 3941 .lides
1509 3885 1684 3932 vestra
1712 3883 1821 3927 tota
1914 3942 1918 3947 _

236 4016 304 4057 ex
334 3995 487 4053 vobis
516 4012 532 4049 :
560 4006 733 4063 neque
755 3987 899 4045 enim
929 3999 1024 4038 vos
1048 3977 1318 4037 credendo
1345 3968 1699 4045 praevenistis.
1728 3965 1821 4020 sed

237 4090 417 4147 vocati
439 4084 717 4143 obedistis.
740 4082 869 4136 Cum
894 4076 1123 4133 omnibus
1143 4067 1489 4126 invocantibus
1520 4078 1699 4116 nomen
1728 4058 1823 4112 Do-

238 4183 367 4236 mini
398 4178 557 4233 nostri
576 4175 703 4229 Jesu
727 4170 934 4227 Christi.
956 4166 1071 4222 Non
1102 4164 1259 4233 hujus
1279 4170 1371 4215 aut
1391 4158 1558 4222 illius,
1584 4154 1678 4209 sed
1707 4151 1823 4205 No-

240 4292 361 4331 men
389 4269 615 4327 Domini.
643 4266 710 4319 In
732 4262 867 4317 omni
889 4261 998 4315 loco
1023 4269 1070 4312 et
1090 4259 1315 4327 ipsorum
1338 4258 1382 4304 et
1403 4258 1593 4303 nostra.
1623 4244 1819 4299 Etiam-

244 4372 291 4427 si
322 4366 467 4424 enim
497 4363 667 4417 literas
707 4356 775 4411 ad
801 4352 1112 4409 Corinthios
1142 4347 1315 4403 solum
1341 4329 1555 4410 scripta:
1597 4337 1739 4399 sint;
1772 4343 1827 4388 at

248 4471 438 4517 omnes
460 4456 511 4509 in
537 4450 792 4506 universa
819 4453 959 4499 terra
987 4440 1174 4496 ﬁdeles
1210 4440 1509 4495 memorat,
1538 4426 1826 4483 ostendens

250 4565 411 4609 unam
429 4560 547 4602 esse
562 4541 760 4597 debere
776 4539 826 4592 in
845 4536 975 4592 orbe
998 4532 1317 4593 Ecclesium,
1339 4527 1467 4582 licet
1480 4522 1660 4579 multis
1678 4522 1729 4575 in
1752 4520 1829 4574 ιο·

249 4645 332 4699 cis
348 4643 647 4709 separatam
663 4674 678 4697 ,
699 4627 971 4696 multoque
998 4626 1164 4694 magis
1181 4637 1298 4678 eam
1328 4634 1447 4690 qua:
1464 4626 1543 4672 est
1563 4612 1827 4670 Corinthi.

251 4705 484 4802 Quodsi
522 4728 671 4782 locus
710 4728 941 4790 separat,
986 4728 1040 4770 at
1082 4714 1339 4769 Dominus
1387 4710 1507 4764 illos
1536 4705 1831 4774 conjungit,

252 4820 557 4882 communis
581 4831 706 4873 cum
734 4814 803 4868 sit
827 4830 840 4865 :
872 4808 994 4864 ideo
1017 4806 1346 4875 conjungcns
1388 4802 1507 4856 illos
1536 4797 1832 4866 sultjunxit,

255 4915 326 4973 Et
355 4913 515 4970 nostri
537 4921 582 4967 et
621 4911 868 4981 ipsorum.
906 4901 1001 4957 Est
1027 4908 1203 4952 autem
1236 4896 1337 4949 hoe
1377 4893 1469 4949 illo
1502 4892 1668 4960 magis
1713 4904 1835 4957 pro-

254 5010 454 5081 prium.
479 5003 632 5061 Sicut
658 4999 798 5056 enim
830 4995 898 5059 ii,
933 4993 1019 5063 qui
1049 5004 1152 5044 uno
1179 4989 1232 5041 in
1263 4987 1381 5041 loco
1408 4992 1551 5048 sunt,
1579 4996 1700 5035 cum
1723 4980 1838 5047 plu-

256 5103 430 5158 rimos
452 5096 651 5151 habent
678 5090 926 5149 dominos
950 5081 1267 5141 contrarios,
1300 5079 1451 5132 divisi
1485 5084 1606 5131 sunt
1632 5081 1683 5127 et
1709 5070 1839 5124 nihil

256 5192 331 5248 ad
359 5185 701 5246 concordiam
731 5199 761 5237 a
804 5183 923 5235 loco
951 5178 1217 5249 juvantur,
1250 5168 1482 5222 dominis
1522 5167 1727 5219 diversn
1758 5162 1842 5230 jn-

260 5282 511 5341 bentibus
539 5286 594 5335 et
627 5275 696 5331 ad
721 5289 779 5329 se
804 5269 1139 5327 trahentibus
1167 5281 1181 5318 :
1212 5260 1332 5315 Non
1360 5259 1564 5329 potestis
1586 5257 1737 5316 enim,
1764 5254 1844 5306 in-

260 5377 403 5448 quit,
426 5372 611 5429 servire
630 5365 740 5423 Deo
768 5373 814 5419 et
842 5375 1092 5416 mammia:
1115 5357 1133 5428 (
1168 5353 1435 5408 Matth..6.
1462 5350 1533 5403 Ἡ
1566 5348 1585 5417 )
1614 5366 1626 5401 :
1655 5345 1732 5399 sic
1753 5345 1845 5414 qui

265 5468 323 5523 in
349 5464 578 5520 diversis
608 5459 743 5515 locis
770 5461 913 5514 sunt,
967 5452 1009 5506 si
1043 5465 1147 5505 non
1178 5446 1421 5500 diversos
1450 5439 1720 5493 habebunt
1745 5436 1841 5489 do-

265 5557 465 5621 minos,
500 5552 597 5609 sed
628 5563 790 5606 unum
834 5552 1060 5605 tantum,
1094 5537 1225 5592 nihil
1256 5534 1322 5588 ad
1359 5530 1700 5585 concordiam
1734 5542 1847 5579 ser-

266 5620 496 5703 vandam
516 5660 548 5699 a
569 5644 703 5699 locis
728 5638 1008 5697 lzeduntur,
1032 5645 1138 5686 uno
1162 5627 1377 5683 domino
1399 5622 1518 5676 illos
1541 5620 1846 5690 copuiante.

266 5739 385 5795 Non
416 5738 538 5794 dico
568 5735 749 5807 igitur,
774 5730 961 5801 inquit,
992 5738 1106 5788 vos,
1130 5716 1387 5777 Corinthii
1410 5729 1532 5770 cum
1564 5712 1702 5779 sitis,
1725 5724 1842 5765 cum

268 5831 564 5891 Corinthiis
595 5805 808 5886 tantum
848 5816 1142 5880 concordes
1171 5827 1290 5871 esse
1333 5808 1551 5876 debere,
1596 5805 1689 5863 sed
1723 5817 1843 5859 cum

1913 488 2158 544 omnibus
2182 486 2270 558 qui
2302 486 2353 540 in
2381 482 2511 539 orbe
2535 491 2657 538 sunt
2684 522 2699 547 ,
2730 496 2854 537 cum
2883 493 3218 535 communem
3246 477 3487 534 habeatis

1912 580 2217 636 Dominum.
2251 578 2374 634 Ideo
2410 574 2644 632 secundo
2682 572 2895 642 adjecit,
2929 570 3126 628 Nostri.
3171 570 3309 637 Quia
3342 570 3485 624 enim

1910 671 2064 736 dixit,
2097 670 2295 724 Nomen
2324 666 2532 722 Domini
2567 665 2723 719 nostri
2749 664 2870 717 Jesu
2893 660 3118 724 Christi;
3147 676 3213 714 ne
3234 658 3373 733 apud
3403 658 3487 714 in-

1910 762 2166 832 sipientes
2199 773 2449 829 separare
2483 756 2772 817 videretur,
2813 768 2997 807 rursus
3038 750 3237 818 adjicit,
3280 748 3486 802 Domini

1910 854 2069 909 nostri
2088 863 2136 909 et
2162 853 2409 922 ipsorum.
2439 846 2515 904 'Et
2539 858 2595 902 ut
2632 846 2827 901 alat-ins
2851 844 3039 899 evadat
3081 842 3132 897 id
3159 841 3297 910 quod
3337 840 3483 903 dico,

1912 946 1992 999 sic
2020 945 2192 1012 legam
2221 954 2277 997 ut
2319 956 2508 995 sensus
2546 939 2775 1010 postulat
2814 953 2826 989 :
2869 934 3062 989 Paulus
3103 940 3157 986 et
3194 930 3483 1003 Sosthenes

1912 1036 2164 1091 Ecclesiae
2196 1034 2309 1094 Dei.
2338 1047 2458 1103 quae
2482 1040 2565 1086 est
2592 1028 2850 1093 Corinthi,
2883 1037 2938 1082 et
2962 1026 3209 1081 omnibus
3238 1002 3489 1079 invocati-

1912 1126 2055 1181 tibus
2078 1140 2271 1179 nomen
2304 1123 2509 1179 Domini
2542 1122 2709 1175 nostri
2747 1128 2799 1174 et
2830 1118 3064 1187 ipsorum
3092 1117 3144 1170 in
3173 1115 3320 1170 omni
3346 1115 3486 1176 locu,

1910 1218 2023 1272 sive
2048 1217 2253 1282 Romae,
2292 1214 2403 1269 sive
2445 1213 2763 1281 ubicumque
2808 1209 3001 1264 fuerint
3029 1222 3043 1267 :
3076 1206 3252 1263 Gratia
3281 1207 3419 1261 vobis
3443 1216 3488 1259 et

1914 1325 2016 1379 ραι
2038 1325 2070 1361 a
2096 1306 2206 1361 Deo
2240 1305 2396 1359 Patre
2434 1316 2603 1358 nostra
2637 1312 2683 1356 et
2719 1300 2937 1355 Domino
2964 1299 3091 1355 Jesu
3125 1298 3344 1364 Christo.
3391 1296 3484 1352 Vel

1911 1400 1989 1454 sic
2016 1414 2253 1465 rursum,
2281 1398 2518 1452 utetiam
2540 1395 2729 1449 melius
2757 1409 2875 1448 esse
2900 1392 3186 1446 existimo:
3217 1389 3411 1444 Paulus
3435 1399 3488 1443 ct

1910 1490 2204 1546 Sosthenes
2245 1490 2308 1545 iis
2344 1490 2432 1560 qui
2463 1487 2701 1543 Corinthi
2744 1494 2866 1541 sunt
2894 1484 3258 1549 sanctiﬁcatis,
3286 1483 3488 1538 vocatis

1910 1583 2110 1637 sanctis
2134 1598 2255 1635 cum
2273 1581 2522 1634 omnibus
2548 1582 2636 1649 qui
2666 1579 2912 1633 invocant
2931 1591 3127 1631 nomen
3155 1575 3364 1629 Domini
3391 1588 3487 1626 no-

1910 1676 2005 1731 stri
2029 1675 2155 1731 Jesu
2184 1672 2385 1727 Christi
2426 1674 2479 1725 itt
2510 1672 2652 1726 omni
2695 1672 2815 1725 loco
2842 1671 3079 1739 ipsorum
3119 1676 3173 1722 et
3212 1666 3399 1720 nostri.
3430 1662 3487 1722 Id

1910 1775 2013 1833 est,
2036 1764 2215 1821 Gratia
2243 1764 2395 1819 vobis
2423 1772 2476 1817 ct
2504 1778 2604 1830 pax
2633 1762 2804 1825 vobis,
2831 1761 2919 1829 qui
2941 1757 3179 1813 Corinthi
3208 1756 3342 1811 estis
3368 1771 3491 1809 san-

1910 1856 2127 1915 ctiﬁcati
2151 1865 2204 1912 et
2230 1855 2436 1918 vocati;
2464 1869 2568 1907 non
2600 1853 2746 1918 solis,
2779 1851 2871 1905 sed
2900 1866 3020 1904 cum
3041 1848 3289 1903 omnibus
3315 1847 3403 1916 qui
3433 1847 3485 1899 in

1912 1949 2056 2005 omni
2084 1948 2203 2003 loco
2229 1947 2475 2000 invocant
2496 1959 2688 1998 nomen
2720 1942 2927 1997 Domini
2952 1941 3120 1995 nostri
3141 1939 3267 1994 .lesu
3290 1936 3486 1992 Christi

1912 2050 1966 2096 et
1988 2041 2243 2111 ipsorum.
2271 2036 2326 2092 Si
2355 2044 2533 2091 autem
2560 2050 2624 2089 ex
2649 2034 2816 2104 gratia
2855 2047 2955 2102 pax
2986 2040 3088 2095 est,
3116 2046 3212 2085 cur
3238 2043 3486 2098 magnum

1913 2133 2091 2202 sapis?
2121 2147 2215 2186 cur
2243 2139 2447 2184 tantum
2475 2127 2697 2192 inﬂaris,
2730 2141 2849 2179 eum
2874 2140 2969 2193 per
2995 2124 3217 2193 gratiam
3250 2130 3490 2175 servatus

1914 2225 2025 2278 sis?
2052 2224 2107 2278 Si
2134 2237 2261 2277 vero
2304 2235 2485 2290 pacem
2538 2218 2702 2271 habes
2743 2217 2881 2285 apud
2925 2216 3115 2279 Deum,
3159 2230 3256 2267 cur
3293 2222 3344 2266 te
3370 2213 3489 2265 aliis

1911 2314 2203 2371 adscribis?
2230 2313 2329 2367 hoc
2349 2313 2489 2367 enim
2522 2319 2606 2364 est
2631 2308 2907 2363 dissidere.
2932 2306 3067 2373 Quid
3096 2306 3261 2373 enim,
3293 2305 3336 2358 si
3366 2318 3487 2358 cum

1914 2408 2017 2463 hoc
2036 2417 2089 2462 et
2117 2420 2239 2460 eum
2272 2404 2363 2458 illo
2386 2402 2607 2474 gratiam
2635 2398 2882 2454 habetis?
2912 2397 3023 2468 Ego
3053 2407 3231 2449 autem
3267 2403 3409 2463 pcto,
3435 2402 3492 2447 ut

1913 2516 1942 2554 a
1972 2500 2082 2555 Deo
2110 2501 2225 2553 btee
2246 2496 2397 2550 vobis
2424 2505 2647 2565 utraque
2678 2492 2825 2554 ﬁant,
2859 2500 2910 2544 et
2936 2488 3003 2542 ab
3028 2488 3121 2542 illo
3146 2496 3200 2541 et
3223 2486 3289 2540 ad
3319 2486 3488 2538 illum.

1914 2590 2096 2659 Neque
2137 2587 2279 2643 enim
2326 2585 2479 2639 ﬁrma
2522 2582 2849 2645 manserint,
2894 2579 2997 2633 nisi
3045 2594 3272 2643 superna
3322 2577 3489 2644 gratia

1915 2681 2156 2736 fruantur
2185 2698 2197 2732 ε
2223 2691 2395 2747 neque
2418 2675 2463 2731 si
2490 2690 2594 2729 non
2620 2673 2725 2728 sint
2742 2671 2806 2726 ad
2823 2672 3017 2740 ipsum,
3037 2668 3188 2723 nobis
3202 2667 3490 2737 quidquam

1914 2774 2223 2842 proderunt,
2243 2773 2286 2824 si
2302 2785 2423 2825 cum
2444 2768 2690 2823 omnibus
2716 2780 2897 2835 pacem
2920 2763 3195 2822 habentes,
3233 2776 3357 2815 eum
3381 2758 3491 2812 Deo

1915 2865 2109 2919 bellum
2140 2864 2431 2917 habeamus
2452 2879 2465 2927 ;
2485 2869 2543 2913 ut
2567 2855 3018 2913 nihilnoeumenti
3040 2854 3192 2909 nobis
3214 2854 3336 2917 erit,
3360 2852 3405 2905 si
3425 2852 3493 2907 ab

1915 2957 2162 3012 omnibus
2187 2956 2575 3025 impugnemur,
2598 2959 2790 3005 etcum
2820 2950 2927 3001 Deo
2952 2961 3134 3016 pacem
3166 2945 3490 2999 habeamus:

1917 3065 1980 3105 ac
2010 3062 2222 3103 rursum
2252 3045 2394 3100 nulla
2431 3042 2633 3097 utilitas
2662 3042 2706 3096 si
2742 3040 2810 3095 ab
2845 3038 3092 3093 omnibus
3132 3035 3491 3098 celebremur,

1917 3152 1971 3197 et
2001 3142 2279 3195 Dominum
2310 3134 2674 3198 oﬂ‘endamus;
2701 3142 2757 3185 ut
2777 3132 2933 3185 etiam
2962 3127 3159 3182 nullum
3180 3125 3487 3196 periculum,

1918 3236 1961 3288 si
1989 3248 2173 3288 omnes
2191 3244 2287 3284 nos
2307 3235 2617 3282 aversentur
2633 3234 2687 3278 et
2706 3223 2828 3277 odio
2853 3222 3103 3283 habeant,
3129 3219 3374 3284 Densque
3394 3231 3492 3269 nus

1918 3324 2176 3395 approbet
2209 3331 2263 3377 et
2298 3319 2517 3389 diligat:
2550 3329 2673 3370 vera
2712 3312 2852 3367 enim
2884 3309 3048 3379 gratia
3083 3317 3137 3362 et
3167 3320 3289 3359 vera
3329 3318 3430 3373 pax
3464 3321 3493 3355 a

1920 3392 2030 3469 Deo
2049 3423 2149 3469 est.
2176 3411 2308 3467 Nam
2336 3409 2424 3479 qui
2444 3407 2666 3479 gratiam
2690 3418 2806 3471 qua:
2827 3418 2855 3453 a
2885 3400 2992 3453 Deo
3021 3407 3103 3452 est
3124 3395 3301 3457 habet,
3328 3392 3495 3447 nemi-

1921 3523 2043 3562 nem
2064 3508 2231 3571 timet,
2256 3502 2463 3557 etiamsi
2485 3501 2755 3553 innumera
2772 3494 2951 3565 gravia
2978 3491 3236 3560 patiatur;
3258 3502 3355 3542 nec
3372 3480 3494 3539 dico

1921 3597 2215 3661 hominem,
2244 3594 2337 3647 sed
2363 3604 2534 3660 neque
2554 3588 2711 3641 etiam
2738 3582 3027 3638 diabolum.
3050 3578 3149 3657 Qui
3176 3590 3306 3632 vero
3328 3575 3491 3629 Deum

1923 3686 2160 3751 oll'endit,
2192 3698 2380 3739 omnes
2405 3689 2681 3749 suspectos
2717 3675 2894 3738 habet,
2928 3671 3135 3727 etiamsi
3160 3670 3213 3723 in
3239 3675 3354 3720 tuto
3373 3678 3495 3719 esse

1924 3778 2182 3835 videatur.
2234 3773 2483 3830 lnstabile
2522 3783 2750 3837 namque
2781 3774 2863 3820 est
2894 3776 3061 3834 genus
3103 3760 3411 3822 hominum;
3442 3763 3499 3809 et

1927 3887 2030 3926 non
2058 3869 2231 3924 solum
2257 3865 2412 3920 amici
2450 3873 2504 3917 et
2545 3863 2754 3924 fratres,
2790 3857 2885 3911 sed
2912 3855 3072 3910 etiam
3113 3860 3312 3922 patres,
3334 3862 3494 3919 parva

1926 3964 2069 4035 δίει)ξὲ
2094 3962 2160 4017 de
2183 3975 2342 4015 causa
2385 3954 2592 4022 mutati,
2639 3966 2794 4023 quem
2836 3955 3155 4018 genuerunt,
3187 3958 3343 4014 quem
3378 3956 3505 4009 pro-

1926 4060 2198 4117 Crearunt,
2242 4049 2410 4118 magis
2437 4061 2596 4117 quam
2623 4057 2810 4098 omnes
2850 4040 3032 4095 hostes
3070 4035 3410 4107 abiecerunt;
3446 4039 3497 4083 et

1930 4146 2021 4200 lilii
2051 4152 2229 4213 patres
2259 4138 2591 4193 extulerunt.
2624 4136 2875 4188 Animum
2903 4130 3115 4185 adhibe.

1997 4238 2050 4292 2.
2082 4235 2261 4289 Gratia
2289 4230 2379 4285 Dei
2403 4227 2691 4299 querenda,
2732 4241 2831 4277 non
2871 4222 3148 4275 hominum.
3169 4244 3243 4260 --
3263 4211 3497 4270 Gratiam

1931 4328 2112 4385 habuit
2153 4323 2318 4380 David
2358 4320 2497 4391 apud
2537 4318 2740 4378 Deum;
2785 4312 3009 4383 gratiam
3041 4306 3222 4363 habuit
3247 4302 3499 4359 Absalom

1930 4422 2071 4494 apud
2115 4418 2359 4474 homines
2383 4433 2396 4469 :
2419 4427 2580 4485 quem
2621 4411 2779 4465 linem
2807 4416 3032 4475 uterque
3067 4399 3270 4465 habuit,
3307 4408 3361 4452 et
3386 4407 3505 4451 uter

1933 4514 2100 4585 magis
2122 4511 2375 4583 probatus
2390 4516 2444 4563 et
2462 4505 2636 4561 clarus
2660 4500 2838 4563 fuerit,
2860 4498 3049 4552 nostis.
3072 4494 3303 4549 Gratiam
3322 4489 3501 4543 ltabuu

1934 4578 2202 4663 Abraham
2232 4600 2374 4671 apud
2406 4599 2593 4659 Deum,
2630 4593 2833 4646 Pharao
2862 4595 3041 4641 autem
3062 4581 3199 4652 apud
3228 4578 3508 4634 homines:

1937 4698 1991 4753 hi
2021 4708 2247 4763 namque
2270 4668 2493 4761 gratiam
2517 4684 2632 4753 ejus
2662 4687 2986 4748 aucupantes
3013 4686 3231 4728 uxorem
3256 4668 3383 4739 justi
3405 4669 3506 4735 ipsi

1938 4758 2317 4859 prodiderunt:
2354 4790 2471 4833 uter
2495 4775 2657 4846 igitur
2675 4769 3024 4842 splendidior,
3048 4773 3162 4819 uter
3187 4763 3373 4817 beatus
3394 4758 3503 4831 fue-

1938 4848 2029 4946 i'it,
2058 4875 2225 4931 cuivis
2257 4870 2594 4943 perspicuum
2633 4873 2736 4919 est.
2778 4857 2981 4930 Ecquid
3010 4856 3078 4911 de
3103 4854 3260 4925 justis
3288 4848 3511 4920 loquor?

1939 4941 2172 5028 Gratiam
2202 4941 2340 5036 apud
2365 4964 2528 5018 Deum
2560 4958 2791 5012 habuere
2814 4950 3084 5013 lsraelitaa,
3110 4955 3166 5001 et
3188 4944 3311 4999 odio
3343 4941 3511 4995 habe—

1943 5064 2136 5119 bantur
2173 5030 2251 5113 ab-
2280 5050 2583 5109 hominibus
2626 5045 2893 5117 Egyptiis
2924 5034 2939 5096 ξ
2969 5050 3024 5095 et
3066 5053 3159 5093 eos
3188 5035 3275 5105 qui
3308 5048 3367 5088 se
3393 5030 3516 5084 odio

1946 5153 2209 5212 habebant
2229 5150 2569 5217 superarunt,
2599 5139 2757 5209 idque
2785 5132 3073 5202 conspicuo
3095 5144 3199 5198 quo
3224 5123 3372 5179 scitis
3400 5138 3515 5175 om-

1946 5264 2040 5305 nes
2070 5244 2245 5300 ntodo.
2270 5240 2385 5294 Hoc
2409 5251 2536 5306 ergo
2559 5245 2805 5289 curemus
2823 5239 3008 5281 omnes
3031 5216 3312 5291 :quamvis
3327 5229 3540 5273 servus,

1947 5342 2069 5412 quis
2091 5340 2179 5402 sit,
2202 5337 2306 5390 hoc
2332 5337 2577 5401 precetur
2598 5334 2654 5378 ut
2672 5321 2810 5392 apud
2832 5320 2998 5374 Deum
3017 5314 3185 5383 magis
3203 5326 3359 5380 quam
3382 5306 3518 5377 apud

1950 5435 2134 5489 herum
2163 5414 2313 5482 suum
2344 5422 2569 5494 gratiam
2602 5414 2870 5478 inveniat;
2902 5407 3145 5479 quamvis
3176 5420 3310 5459 uxor
3340 5398 3522 5463 fuerit,

1952 5525 2068 5601 plus
2096 5533 2250 5591 quam
2273 5512 2513 5581 conjugis
2554 5503 2852 5563 Servatoris
2882 5499 2963 5554 sui
3006 5497 3102 5553 Dei
3129 5494 3351 5567 gratiam
3375 5506 3525 5560 qua:-

1950 5591 2069 5680 ra't;
2120 5607 2361 5680 quamvis
2400 5604 2591 5664 miles,
2634 5596 2803 5665 magis
2846 5608 3003 5665 quam
3054 5584 3400 5659 Imperatoris
3439 5591 3532 5636 aut

1952 5702 2206 5777 principis
2230 5740 2245 5765 ,
2274 5711 2559 5766 supernam
2590 5685 3015 5747 benevolentiam
3033 5687 3276 5752 expetat:
3299 5674 3377 5731 sic
3389 5672 3532 5729 enim

1957 5767 2284 5865 etiam-apud
2316 5785 2561 5846 homines
2604 5776 2855 5839 amabilis
2878 5774 3005 5833 eris.
3035 5767 3314 5839 Quomodo
3357 5772 3531 5822 autent
