4018 6208
466 372 532 429 ιδ
1252 366 1310 422 S.
1350 360 1628 422 JOANNIS
1662 354 2130 416 CHRYSOSTOMI
2172 354 2486 411 ARCHIEP.
2525 356 3061 414 CONS'I‘ANTINOP.
3661 364 3727 417 ts

460 485 584 563 quis
616 483 843 555 gratiam
874 481 1109 537 inveniat
1142 484 1283 551 apud
1313 480 1516 535 Deum!
1557 476 1674 544 Quo
1714 474 1824 527 alio
1860 472 2040 563 modo,

460 562 619 648 quam
642 579 711 631 ab
740 574 1080 631 humilitate?
1107 571 1247 629 Deus
1289 572 1443 635 enim,
1481 568 1677 639 inquit,
1706 562 1932 634 superbia
1961 575 2040 613 re-

459 672 609 733 sistit.
642 663 917 723 Iinmilibua
935 677 1105 721 autem
1131 665 1217 718 dat
1253 662 1473 734 gratiam
1493 657 1677 730 (Prov.
1714 657 1769 712 5.
1810 652 1937 725 5i);
1966 659 2043 714 et,

460 764 786 832 Sacrificium
837 758 935 814 Deo
950 757 1145 825 spiritus
1166 754 1600 817 contribulatns,et,
1614 748 2039 805 Humiliatamcor

459 853 595 909 Das
622 871 727 907 non
747 850 988 916 despiciet
1012 846 1181 918 (Psal.
1205 845 1295 902 50.
1330 844 1441 911 l9).
1474 842 1604 897 Nam
1632 841 1677 895 si
1701 840 1841 909 apud
1869 836 2046 892 homi-

457 962 557 1002 nes
575 957 682 999 tam
705 939 1083 998 desiderabilis
1107 947 1191 993 est
1213 935 1513 998 humilitas,
1541 933 1705 987 multo
1726 930 1894 1000 magis
1909 926 2047 997 apud

464 1038 651 1090 Deum.
680 1034 753 1088 Ita
778 1041 832 1087 et
852 1031 1078 1102 gentiles
1099 1028 1325 1099 gratiam
1352 1026 1691 1087 invenerunt,
1715 1022 1785 1076 ita
1811 1017 2048 1076 etJudaei

461 1129 629 1200 gratia
658 1125 972 1182 exciderunt
1004 1140 1017 1176 :
1062 1120 1289 1177 Justitite
1321 1133 1537 1189 namque
1579 1114 1671 1170 Dei
1702 1130 1803 1168 non
1841 1110 2049 1181 subjecti

464 1222 671 1290 {uerunt
691 1217 866 1288 (Rom.
897 1216 984 1271 10.
1012 1213 1092 1285 3).
1121 1212 1348 1268 Humilis
1370 1209 1640 1282 gratiosus
1658 1216 1714 1262 et
1730 1205 1909 1259 suavis
1933 1218 2049 1256 om-

460 1312 619 1367 nibus
660 1320 763 1376 est,
811 1315 1070 1378 perpetuo
1114 1305 1168 1360 in
1214 1318 1342 1375 pace
1368 1303 1573 1364 vivens,
1620 1299 1925 1367 nullamque
1954 1296 2048 1349 ha-

461 1407 591 1458 hens
615 1401 739 1457 belli
756 1400 1116 1455 occasionem.
1137 1394 1363 1451 Etiamsi
1379 1396 1522 1450 enim
1554 1392 1701 1448 illum
1723 1388 2047 1446 contumelia

460 1508 515 1553 et
543 1496 802 1551 conviciis
831 1493 1051 1557 allii-ias,
1092 1489 1306 1545 etiamsi
1350 1487 1562 1558 quidvis
1600 1483 1819 1545 dixeris,
1856 1480 2049 1535 tacebit

461 1590 553 1644 ille
580 1598 633 1643 et
661 1588 855 1641 leniter
877 1585 1038 1645 feret:
1088 1591 1143 1638 et
1175 1591 1373 1635 tantam
1415 1577 1650 1635 servabit
1690 1575 1828 1645 apud
1858 1586 2048 1626 omnes

462 1693 669 1749 pacem,
698 1685 949 1747 quantam
986 1689 1053 1729 ne
1095 1674 1277 1729 dicere
1315 1671 1530 1742 quidem
1559 1669 1753 1739 possis,
1781 1666 2048 1733 etiamque

461 1769 599 1839 apud
630 1767 821 1823 Deum.
855 1764 1097 1821 Mandata
1124 1764 1321 1835 quippe
1348 1761 1443 1817 Dei
1472 1776 1539 1816 eo
1570 1758 1811 1821 tendunt,
1839 1767 1895 1809 ut
1923 1768 2045 1809 cum

462 1861 769 1916 hominibus
796 1874 896 1930 pax
925 1858 1183 1913 habeatur
1207 1876 1219 1909 ι
1259 1866 1314 1911 et
1340 1854 1499 1907 vitam
1540 1858 1776 1905 nostram
1804 1847 1875 1901 ita
1905 1853 2049 1899 recte

464 1955 826 2024 transigimus,
856 1952 902 2005 si
933 1961 1112 2004 mutua
1136 1963 1255 2003 cum
1287 1947 1412 2000 aliis
1434 1959 1564 2014 pace
1593 1940 1847 1997 fruamur.
1881 1937 2045 1991 Deum

464 2047 603 2102 enim
630 2061 791 2100 nemo
820 2044 1017 2097 lmdere
1045 2041 1240 2110 poterit
1264 2056 1277 2092 :
1302 2047 1489 2091 natura
1516 2034 1711 2105 quippe
1752 2031 1838 2086 illa
1867 2028 2018 2100 perui

463 2139 567 2193 eiei
587 2135 818 2192 obnoxia
851 2149 958 2189 non
992 2141 1152 2187 estet
1178 2129 1323 2185 omni
1348 2126 1580 2198 passioni
1610 2123 1873 2195 superior.
1906 2121 2047 2177 Nihil

462 2229 537 2284 ita
566 2226 864 2283 mirabilem
896 2222 1259 2280 Christianum
1288 2218 1463 2275 reddit
1492 2226 1548 2272 ut
1576 2215 1871 2271 humilitas.
1910 2211 2045 2267 Audi

459 2324 604 2377 enim
632 2319 995 2374 Ahrahamum
1020 2317 1287 2371 dicentem
1318 2330 1333 2368 :
1364 2311 1478 2383 Ego
1504 2320 1672 2364 autem
1701 2325 1812 2363 sum
1846 2316 1980 2361 terra
2001 2316 2049 2359 et

460 2412 589 2465 cinia
620 2409 769 2480 (Cen.
795 2407 884 2463 18.
911 2407 1003 2475 27)
1028 2423 1043 2471 ;
1075 2416 1125 2459 et
1176 2405 1340 2460 Deum
1368 2417 1555 2456 rursus
1576 2401 1644 2455 de
1678 2399 1883 2469 Moyse,
1906 2395 2047 2465 quod

458 2506 625 2561 fuerit
649 2502 886 2558 omnium
926 2499 1201 2555 hominum
1242 2496 1577 2552 mitissimus.
1607 2493 1748 2548 Nihil
1788 2491 1931 2546 enim
1957 2489 2049 2543 illo

460 2597 717 2653 humilius
750 2594 868 2661 fuit,
917 2593 1009 2665 qui
1051 2606 1172 2648 cum
1202 2590 1333 2645 tanti
1373 2588 1553 2658 pepuli
1582 2586 1687 2641 dux
1717 2592 1879 2646 esset,
1927 2594 2048 2636 cum

459 2705 642 2759 regem
672 2697 727 2743 et
751 2687 1044 2742 exercitum
1083 2684 1454 2753 A‘ngptiurum
1476 2678 1716 2732 omnium
1742 2674 1893 2745 quasi
1928 2688 2049 2727 mu-

458 2796 581 2836 scas
609 2782 662 2834 in
688 2794 836 2833 mare
865 2776 1233 2838 demersisset,
1261 2781 1317 2829 et
1346 2781 1490 2825 tanta
1530 2770 1583 2824 in
1614 2768 1867 2841 IEgypto,
1902 2774 2045 2820 tanta

462 2871 517 2924 in
540 2870 672 2924 mari
695 2869 877 2923 Rubro
897 2876 950 2921 et
973 2867 1025 2921 in
1045 2866 1264 2920 deserto
1282 2870 1658 2933 perpetrasaet,
1679 2868 2049 2927 tantarumque

462 2976 639 3015 rerum
672 2958 997 3015 testimoniis
1044 2957 1310 3011 frueretur
1331 2998 1345 3019 ,
1380 2954 1459 3008 sic
1503 2953 1724 3008 allectus
1754 2960 1871 3004 erat
1896 2948 2049 3018 quasi

462 3070 597 3108 unus
624 3068 687 3106 ex
715 3052 867 3120 plebe
890 3067 905 3115 ;
929 3060 1149 3117 eratque
1175 3061 1362 3100 socero
1389 3058 1553 3113 gener
1584 3042 1853 3103 humilior,
1881 3039 2050 3093 illius-

459 3161 564 3214 que
594 3141 875 3197 consilium
905 3139 1131 3208 accepit.
1163 3136 1278 3192 Non
1322 3134 1547 3190 moleste
1576 3132 1715 3197 tulit,
1740 3146 1844 3185 non
1870 3130 2004 3185 dixit
2032 3151 2047 3186 :

463 3237 600 3305 Quid
634 3235 774 3290 hoc?
801 3244 922 3303 post
963 3241 1040 3287 tot
1084 3241 1333 3299 tantaque
1377 3227 1631 3299 praeclare
1672 3235 1816 3296 gesta
1857 3222 2048 3278 venisti

464 3330 622 3383 nobis
655 3326 881 3382 consilia
932 3324 1197 3378 daturus?
1223 3320 1377 3388 Quod
1423 3328 1599 3373 tamen
1631 3317 1785 3372 multi
1828 3316 2045 3388 faciunt,

461 3421 669 3476 et’amsi
694 3420 813 3488 quis
841 3419 1100 3487 optinmm
1132 3415 1227 3469 det
1262 3412 1569 3475 consilium,
1606 3424 1846 3480 persona:
1877 3408 2051 3462 humi-

461 3516 669 3569 litatem
697 3511 971 3581 despectui
1016 3509 1295 3563 habentes.
1328 3507 1396 3561 At
1426 3520 1531 3560 non
1567 3505 1663 3560 sic!
1690 3505 1796 3565 ille,
1837 3503 1928 3557 sed
1956 3518 2051 3572 per

464 3606 814 3661 lmmilitatem
844 3603 1019 3657 outnia
1048 3610 1195 3656 recte
1220 3598 1432 3669 agebat.
1466 3597 1602 3651 Hinc
1631 3596 1782 3650 aulas
1807 3594 2050 3663 despexit

464 3698 658 3767 regias,
686 3695 808 3766 quia
838 3709 965 3750 vere
991 3692 1209 3747 humilis
1233 3700 1351 3744 erat
1377 3707 1389 3741 :
1418 3695 1652 3743 mentem
1678 3686 1822 3741 enim
1862 3699 2047 3740 sanam

464 3798 518 3843 et
546 3788 819 3843 excelsam
862 3785 990 3839 facit
1032 3783 1323 3837 humilitas.
1352 3780 1575 3849 Quantae
1605 3778 1746 3834 enim
1774 3788 1829 3831 et
1853 3776 2049 3831 mentis

465 3888 518 3933 et
549 3880 712 3932 animi
742 3876 1126 3946 magnitudinis
1172 3874 1331 3927 fuerit
1373 3881 1428 3927 et
1462 3872 1679 3925 domum
1716 3879 1770 3932 et
1810 3884 2046 3923 mensam

466 3972 664 4041 regiam
705 3967 1024 4038 despicere?
1055 3967 1227 4035 Reges
1253 3966 1394 4019 enim
1427 3964 1578 4033 quasi
1623 3962 1696 4017 dii
1740 3961 2049 4016 colebantur

466 4064 603 4134 apud
635 4062 937 4133 Egyptios,
990 4075 1053 4113 ac
1087 4057 1283 4111 divitiis
1331 4056 1700 4125 theswrisque
1741 4053 2050 4112 fruebantur

468 4155 779 4209 innumeris.
817 4156 1065 4207 Attamen
1098 4150 1186 4203 ille
1216 4150 1298 4203 his
1345 4148 1591 4201 omnibus
1618 4146 1873 4211 dimissis,
1902 4146 2051 4215 abje-

464 4249 672 4317 ctisque
715 4244 928 4315 Egypti
977 4243 1227 4312 sceptris.
1266 4242 1333 4295 ad
1383 4241 1621 4309 captivos
1658 4248 1714 4292 et
1742 4252 2047 4306 Oppressus,

467 4338 558 4406 qui
586 4338 637 4389 in
670 4337 781 4389 luto
808 4344 862 4388 et
886 4336 1143 4387 lateribus
1170 4331 1541 4390 versabantur,
1576 4344 1711 4398 quos
1741 4330 1879 4383 servi
1911 4329 2050 4397 regis

468 4429 759 4482 horrebant
789 4447 803 4482 :
830 4441 949 4479 nam
979 4426 1097 4477 illos
1124 4422 1567 4477 abominabuntur
1598 4422 1830 4492 Egyptii
1856 4422 2047 4493 (Exod.

470 4525 523 4577 ί.
558 4522 669 4593 l5),
701 4520 919 4591 inquit:
967 4516 1033 4571 ad
1081 4518 1177 4570 nos
1224 4514 1497 4585 confugit,
1553 4515 1783 4584 illosque
1821 4515 2052 4569 dominis

470 4615 777 4685 pratposuit.
806 4611 954 4669 Unde
976 4610 1152 4682 palam
1174 4620 1274 4673 est,
1304 4610 1443 4664 hunc
1472 4609 1746 4675 humilem,
1779 4609 2051 4663 excelsum

469 4708 973 4775 magnanimumque
1000 4718 1139 4757 esse.
1170 4701 1482 4770 Arrogantia
1504 4702 1646 4755 enim
1667 4716 1736 4755 ex
1763 4701 1851 4755 vili
1872 4710 2053 4755 mente

469 4797 786 4851 etilliherali
831 4795 1009 4847 animo
1061 4796 1328 4856 nascitur;
1377 4793 1726 4848 mansuetudo
1765 4804 1943 4848 autem
1986 4807 2052 4847 ex

470 4905 663 4960 magno
686 4898 741 4943 et
768 4888 979 4943 excelso
1000 4887 1200 4939 animo.

538 4984 594 5038 ὕ.
629 4980 908 5036 Humilitas
937 4980 1335 5033 coimnenttatur.
1358 5003 1427 5017 -—
1451 4976 1516 5031 Et
1540 4977 1581 5031 si
1614 4976 1807 5047 placet,
1843 4986 2049 5031 utrum-

471 5089 575 5145 que
605 5072 865 5142 exemplis
890 5071 1259 5125 discutiamus.
1294 5068 1389 5123 Dic
1414 5070 1555 5121 enim
1586 5068 1737 5133 mihi,
1768 5070 1855 5136 qui
1882 5069 2053 5121 Abra-

472 5170 632 5221 hamo
658 5166 921 5221 excelsius
951 5164 1082 5218 fuit?
1111 5164 1266 5231 Atqui
1300 5162 1390 5216 ilie
1412 5171 1528 5215 erat
1551 5163 1638 5231 qui
1666 5162 1898 5226 dicebat,
1940 5159 2050 5231 Ego

458 5274 584 5314 trum
608 5267 741 5311 terra
766 5266 813 5311 et
840 5258 966 5311 cinis
1011 5256 1027 5325 (
1053 5254 1179 5308 Gen.
1218 5254 1281 5310 18
1329 5253 1400 5307 27
1424 5253 1442 5321 )
1476 5268 1491 5307 :
1526 5253 1611 5306 ille
1640 5262 1757 5306 erat
1784 5252 1874 5321 qui
1902 5252 2049 5307 dice-

472 5352 580 5413 bat,
616 5346 700 5401 Ne
719 5349 783 5402 sit
814 5364 982 5417 pugna
1028 5348 1159 5399 inter
1184 5362 1261 5398 me
1290 5356 1337 5397 et
1368 5356 1413 5396 te
1439 5340 1588 5413 (Gen.
1625 5344 1711 5399 15.
1746 5343 1823 5403 8).
1851 5341 2047 5396 Verum

473 5444 560 5498 hic
593 5442 809 5497 humilis
848 5440 1127 5494 manubias
1156 5437 1397 5506 despexit
1428 5436 1669 5490 Persicas
1693 5478 1707 5496 ,
1756 5447 1809 5490 et
1858 5434 2049 5488 barba-

478 5535 588 5590 rica
630 5532 952 5601 contempsit
982 5541 1202 5600 tropaea.
1237 5529 1347 5583 lltzc
1376 5542 1536 5597 porro
1564 5543 1629 5582 ex
1658 5527 1820 5581 animi
1851 5527 2051 5596 magni-

471 5626 657 5681 tudine
699 5638 753 5681 et
797 5624 1126 5677 sublimitate
1157 5621 1404 5676 faciebat.
1433 5618 1528 5674 Ille
1554 5635 1784 5689 namque
1812 5634 1935 5673 vere
1962 5634 2050 5673 su-

470 5710 648 5765 blimis
677 5717 789 5775 est,
821 5707 911 5778 qui
960 5708 1167 5760 sincere
1207 5714 1289 5760 est
1341 5704 1589 5770 humilis,
1620 5720 1723 5759 non
1767 5702 2043 5767 adulator,

477 5819 583 5858 non
613 5802 700 5873 qui
729 5800 896 5857 ironia
931 5799 1113 5855 utitur.
1148 5795 1305 5853 Aliud
1330 5797 1471 5853 enim
1502 5805 1584 5852 est
1613 5795 2044 5867 magnanimitas,

2149 468 2293 523 aliud
2343 471 2646 539 arrogantia
2674 488 2689 524 :
2717 472 2819 525 hoc
2862 485 3041 526 autem
3090 474 3213 529 hinc
3258 474 3597 530 manifestam
3620 487 3725 532 est.

2150 559 2232 612 Sit
2262 558 2381 627 quis
2416 560 2585 614 lutum
2616 575 2739 615 esse
2768 562 2937 615 lutum
2968 573 3160 632 putans
3185 573 3240 619 et
3268 565 3394 620 illud
3424 565 3724 635 despiciat;

2146 652 2285 706 alius
2317 663 2495 707 autem
2527 655 2616 723 qui
2668 654 2853 708 lutum.
2886 669 2984 724 pro
3013 672 3145 709 auro
3173 654 3368 713 habeat
3392 700 3406 722 ,
3434 657 3729 714 admiretur

2150 752 2206 797 et
2233 744 2411 815 magni
2441 746 2632 799 faciat:
2658 756 2777 800 uter
2799 747 3178 808 excelsiranimi
3211 748 3317 802 est?
3340 763 3518 803 annon
3546 751 3613 817 is,
3643 752 3731 818 qui

2152 834 2319 888 lutum
2349 850 2455 891 non
2484 835 2808 893 admiratur?
2840 848 2962 894 uter
2988 854 3118 894 vero
3138 839 3333 909 abiecti
3375 841 3537 895 animi
3567 851 3622 896 et
3648 843 3728 894 vi-

2152 922 2218 978 lis
2247 926 2354 980 est?
2382 940 2561 981 nonne
2589 929 2681 998 qui
2713 928 2843 982 illud
2868 928 3163 984 admiratur
3182 939 3235 984 et
3262 932 3436 1001 magni
3466 931 3626 985 facit?
3652 930 3724 985 Ita

2154 1017 2239 1073 hic
2268 1020 2429 1075 etiam
2453 1028 2641 1090 reputa
2671 1039 2685 1075 :
2712 1036 2833 1076 eum
2863 1038 3080 1092 nempe,
3124 1024 3213 1095 qui
3258 1038 3319 1078 se
3349 1032 3544 1078 terram
3572 1032 3628 1078 et
3651 1025 3730 1077 ci-

2151 1126 2338 1167 nerem
2359 1111 2510 1177 dicit,
2530 1113 2805 1168 excelsum
2831 1129 2971 1182 esse,
2992 1116 3236 1186 quamvis
3259 1116 3359 1171 hoc
3379 1116 3521 1171 dicat
3546 1132 3613 1170 ex
3636 1115 3729 1167 hu-

2154 1202 2415 1267 militate;
2448 1203 2595 1258 illum
2626 1219 2782 1270 vero,
2807 1206 2900 1275 qui
2927 1222 2987 1262 se
3014 1222 3113 1263 nec
3141 1216 3337 1263 terram
3366 1224 3465 1263 nec
3491 1210 3727 1262 cinerem

2152 1309 2274 1350 esse
2304 1305 2474 1364 putat,
2502 1296 2596 1351 sed
2624 1299 2860 1368 seipsum
2884 1300 3011 1354 colit
3037 1310 3090 1354 et
3110 1301 3276 1355 altum
3302 1300 3368 1355 de
3389 1316 3447 1355 se
3472 1302 3629 1371 sapit,
3654 1303 3729 1353 vi-

2152 1387 2256 1441 lem
2288 1389 2469 1458 utique
2497 1404 2638 1455 esse,
2669 1392 2757 1460 qui
2785 1405 2943 1461 parva
2978 1393 3152 1463 magni
3178 1392 3353 1448 faciat.
3378 1392 3532 1449 Unde
3555 1394 3728 1463 palam

2151 1488 2235 1534 est
2275 1496 2339 1535 ex
2384 1497 2574 1551 magna
2617 1483 2781 1537 animi
2823 1485 3149 1540 sublimitate
3190 1486 3546 1556 patriarcham
3593 1485 3730 1542 hanc

2150 1572 2396 1639 emisisse
2443 1588 2648 1639 vocem,
2704 1573 2814 1645 Ego
2846 1586 3014 1629 autent
3049 1593 3164 1631 sum
3208 1588 3340 1631 terra
3382 1588 3429 1631 et
3474 1579 3634 1640 ciuis;
3663 1593 3727 1633 el

2150 1666 2349 1719 mentis
2384 1666 2727 1727 sublimitate,
2771 1683 2874 1719 non
2915 1684 2981 1722 ex
3015 1672 3340 1739 arrogantia.
3375 1669 3713 1737 Quemadmo

2151 1755 2276 1808 dum
2305 1757 2449 1809 enim
2478 1757 2530 1809 in
2573 1758 2889 1826 corporibus
2916 1760 3059 1815 aliud
3100 1770 3182 1814 est
3236 1771 3481 1830 vegetum
3512 1773 3565 1816 et
3596 1763 3730 1817 bona

2151 1849 2331 1901 carnis
2362 1846 2671 1904 habitudine
2702 1864 2840 1912 esse.
2871 1851 3010 1905 aliud
3052 1866 3172 1906 esse
3213 1851 3439 1908 humore
3468 1852 3727 1917 inﬂatum,

2155 1940 2279 1993 licet
2302 1941 2354 1994 in
2387 1950 2616 2011 utroque
2639 1957 2770 1997 caro
2800 1947 3135 2013 promineat;
3167 1955 3219 1997 at
3251 1945 3302 1998 in
3334 1945 3434 2000 hoc
3456 1956 3727 2014 corrupta.

2154 2034 2205 2088 in
2250 2034 2548 2091 illo‘sana:
2596 2038 2666 2090 ita
2706 2037 2864 2091 etiam
2903 2038 3044 2092 aliud
3075 2047 3157 2093 e~t
3203 2053 3324 2094 esse
3370 2052 3727 2108 arrogantem,

2152 2126 2292 2195 quod
2321 2138 2402 2182 est
2431 2142 2551 2184 esse
2597 2128 2824 2185 humore
2864 2140 3197 2199 turgentem;
3226 2130 3369 2185 aliud
3396 2146 3520 2184 esse
3561 2132 3727 2185 subli-

2153 2232 2313 2280 mem,
2347 2219 2489 2289 quod
2518 2230 2603 2274 est
2627 2227 2869 2289 vegetum
2892 2235 3029 2276 esse.
3065 2220 3133 2276 Et
3161 2236 3377 2289 rursus,
3410 2231 3493 2278 est
3518 2224 3729 2293 quidam

2149 2312 2394 2378 corporis
2434 2318 2634 2365 statura
2683 2329 2968 2381 procerus;
3014 2315 3153 2369 alius
3195 2324 3371 2368 autem
3403 2315 3581 2370 brevis
3624 2326 3731 2368 sta-

2155 2411 2290 2466 tura,
2317 2406 2554 2472 acceptis
2586 2405 2789 2459 calceis
2832 2406 2889 2459 [it
2915 2408 3111 2460 altior:
3141 2418 3320 2461 utrum
3356 2424 3482 2478 ergo
3511 2410 3728 2463 vocabi-

2153 2508 2273 2548 mus
2301 2508 2582 2562 procerum
2612 2506 2664 2550 et
2700 2512 2971 2567 magnum,
3004 2500 3228 2568 quaeso?
3252 2516 3427 2554 annon
3459 2516 3602 2564 eum,
3641 2501 3730 2570 qui

2153 2599 2218 2637 ex
2244 2594 2432 2639 natura
2456 2603 2548 2641 sua
2578 2603 2827 2656 procerus
2845 2591 2965 2645 est?
2985 2590 3074 2646 ille
3099 2594 3241 2646 enim
3263 2591 3497 2647 alienum
3522 2591 3623 2647 hoc
3641 2593 3734 2646 ha-

2153 2672 2265 2738 bet,
2297 2687 2351 2730 et
2371 2694 2533 2747 super
2554 2678 2770 2735 humilia
2791 2682 3107 2748 ascendens,
3133 2684 3209 2738 sic
3235 2700 3488 2754 procerus
3512 2685 3732 2741 effectus

2151 2777 2235 2822 est
2264 2787 2276 2821 :
2307 2769 2357 2823 id
2388 2771 2530 2840 quod
2556 2774 2718 2827 etiam
2758 2776 2905 2829 multi
2932 2776 3176 2831 homines
3206 2778 3424 2842 faciunt,
3459 2781 3547 2849 qui
3574 2789 3732 2849 pecu-

2153 2860 2256 2915 niis
2286 2871 2339 2915 et
2366 2863 2531 2929 gloria
2579 2880 2697 2919 sese
2723 2867 3019 2928 extollunt,
3052 2867 3212 2937 idque
3243 2885 3347 2923 non
3375 2880 3457 2924 est
3484 2872 3730 2927 altitudo.

2154 2952 2412 3007 Excelsus
2442 2956 2582 3007 enim
2611 2966 2691 3009 est
2722 2956 2830 3021 ille,
2858 2958 2946 3026 qui
2976 2958 3163 3030 horum
3187 2961 3335 3014 nullo
3350 2976 3484 3030 opus
3508 2961 3729 3029 habens,

2152 3043 2243 3097 sed
2272 3045 2447 3098 omnia
2477 3045 2812 3115 despiciens,
2855 3048 2906 3101 in
2943 3063 3002 3102 se
3036 3026 3453 3127 magnitudinem
3500 3026 3726 3109 obtinet.

2151 3134 2328 3189 Simus
2358 3151 2485 3207 ergo
2525 3137 2756 3193 humiles
2780 3181 2793 3197 ,
2830 3147 2885 3192 ut
2931 3140 3187 3195 sublimes
3229 3141 3525 3197 efliciaumr
3566 3165 3579 3205 ;
3612 3160 3730 3198 nam

2157 3227 2255 3294 Qui
2296 3245 2348 3281 se
2387 3230 2641 3291 Immiliat,
2684 3230 2987 3285 excitabitur
3028 3231 3238 3301 (Matth.
3272 3234 3362 3288 25.
3400 3236 3509 3304 12),
3541 3238 3729 3303 inqttit.

2151 3320 2256 3374 Sed
2286 3336 2391 3375 non
2424 3322 2513 3377 ille
2542 3339 2799 3394 arrogans
2846 3326 2964 3379 talis
3001 3335 3117 3390 est;
3148 3329 3387 3382 omnium
3423 3331 3621 3397 quippe
3653 3342 3733 3384 est

2153 3412 2441 3467 vilissimus
2471 3431 2484 3467 :
2517 3414 2657 3468 bulla
2686 3417 2827 3470 enim
2860 3418 3091 3486 inﬂatur,
3121 3418 3212 3473 sed
3255 3418 3368 3473 haec
3398 3420 3601 3485 inﬂatio
3627 3436 3730 3475 non

2154 3504 2322 3558 solida
2372 3515 2471 3568 est.
2507 3506 2631 3561 Ideo
2669 3508 2969 3577 huiusmodi
3025 3510 3271 3565 homines
3314 3510 3524 3566 inﬂatos
3574 3528 3732 3567 voca-

2155 3612 2273 3651 mus
2323 3598 2423 3664 Qui
2471 3599 2613 3653 enim
2664 3601 2937 3656 moderate
2988 3604 3169 3675 sentit,
3200 3619 3266 3657 ne
3298 3603 3349 3657 in
3380 3604 3585 3673 magnis
3613 3607 3731 3675 qui-

2153 3690 2275 3745 dem
2305 3692 2469 3745 a'tum
2492 3694 2647 3761 sapit,
2679 3693 2935 3748 vilitatem
2967 3673 3115 3749 suam
3159 3705 3339 3750 notam
3370 3695 3571 3752 habens
3601 3673 3733 3767 :VQui

2154 3793 2332 3837 autem
2366 3784 2484 3838 vilis
2512 3793 2619 3850 est,
2644 3785 2805 3839 etiam
2839 3790 2889 3840 in
2916 3788 3098 3857 parvis
3128 3803 3377 3856 magnum
3418 3790 3577 3857 sapit.
3607 3789 3735 3844 Adi-

2154 3875 2423 3943 piscamur
2446 3892 2574 3945 ergo
2619 3893 2683 3929 ex
2716 3877 3013 3932 humilitate
3040 3877 3417 3933 sublimitatem
3448 3896 3462 3932 :
3488 3879 3735 3935 conside-

2153 3983 2333 4021 remus
2361 3969 2707 4022 humanarum
2737 3983 2915 4023 rerum
2946 3976 3210 4036 naturam,
3236 3979 3291 4024 ut
3311 3969 3608 4026 futurorum
3636 3972 3733 4029 de-

2154 4061 2351 4114 siderio
2377 4060 2743 4115 incendantur.
2760 4060 2873 4115 Non
2904 4062 3009 4114 alio
3028 4062 3223 4132 quippe
3246 4062 3404 4117 modo
3419 4073 3594 4132 potest
3615 4065 3733 4133 quis

2158 4152 2374 4206 humilis
2404 4152 2538 4218 ﬁeri,
2573 4168 2728 4221 quam
2760 4167 2849 4221 per
2877 4152 3175 4208 divinarum
3206 4169 3383 4207 rerum
3407 4169 3647 4209 amorem
3679 4164 3733 4210 et

2156 4244 2498 4313 prmsentium
2530 4244 2864 4312 despectum.
2907 4242 2975 4297 Ut
3018 4243 3162 4299 enim
3192 4244 3237 4299 si
3268 4246 3387 4316 quis
3416 4261 3637 4315 regnum
3665 4246 3734 4299 sit

2155 4350 2560 4405 assequuturus,
2589 4336 2890 4402 deindeque
2934 4349 3030 4404 pro
3070 4335 3155 4389 illa
3202 4350 3435 4406 purpura
3466 4337 3657 4406 aliquis
3682 4338 3731 4393 ei

2157 4427 2424 4495 vulgarem
2452 4426 2703 4481 exhibeat
2747 4426 3025 4489 honorem,
3061 4428 3205 4481 illum
3246 4428 3394 4481 nihili
3436 4428 3594 4482 faciet
3623 4446 3636 4481 :
3663 4431 3734 4482 ita

2158 4528 2208 4572 et
2235 4534 2332 4571 nos
2365 4520 2644 4587 pratsentia
2674 4518 2849 4569 omnia
2878 4516 3258 4583 deridebimus,
3288 4521 3331 4572 si
3377 4520 3635 4573 honorem
3666 4519 3731 4574 il-

2158 4610 2263 4662 lum
2288 4611 2740 4678 concupiscamus.
2766 4607 2881 4663 Non
2903 4609 3093 4663 videtis
3115 4625 3324 4679 pueros,
3349 4626 3468 4664 cum
3493 4610 3734 4666 ludentes

2158 4704 2324 4757 aciem
2356 4712 2591 4755 statuunt
2618 4713 2671 4754 et
2699 4700 2911 4766 milites,
2943 4703 3367 4771 przecedcntibus
3390 4704 3727 4771 praeconibus

2158 4805 2213 4849 et
2236 4796 2533 4860 lictoribus,
2560 4803 2613 4847 et
2657 4808 2789 4862 puer
2814 4794 3019 4849 medius
3047 4796 3211 4849 instar
3239 4794 3389 4848 ducis
3433 4793 3653 4856 incedit,
3682 4804 3735 4848 et

2158 4905 2315 4959 quam
2367 4891 2471 4942 sint
2525 4888 2611 4940 illa
2660 4886 2917 4953 puerilia?
2957 4888 3103 4942 Talia
3133 4897 3257 4940 sunt
3288 4886 3539 4948 humana,
3572 4895 3624 4939 et
3652 4884 3733 4939 his

2158 4982 2365 5045 viliora,
2392 4994 2507 5050 qua:
2538 4977 2693 5031 hodie
2715 4987 2857 5041 sunt,
2877 4988 2930 5033 et
2948 4993 3068 5033 cras
3090 4993 3193 5031 non
3214 4986 3390 5031 eruat.
3406 4976 3585 5029 Simus
3607 4992 3735 5048 ergo

2160 5074 2243 5129 his
2265 5075 2503 5137 altiores,
2536 5081 2589 5125 et
2627 5086 2729 5125 non
2774 5071 2946 5125 solum
2979 5070 3092 5123 haec
3136 5084 3242 5122 non
3272 5068 3731 5138 concupiscamus,

2158 5168 2252 5222 sed
2278 5169 2437 5223 etiam
2467 5165 2869 5230 erubescamus,
2895 5167 2939 5217 si
2968 5164 3087 5232 quis
3110 5161 3263 5215 nobis
3286 5162 3371 5214 illa
3406 5164 3622 5217 tribuat.
3659 5153 3731 5215 Ita

2158 5260 2299 5314 enim
2334 5261 2523 5311 horum
2562 5256 2786 5327 depulso
2814 5270 3017 5319 amore,
3061 5254 3300 5308 divinum
3349 5254 3497 5307 illum
3535 5270 3725 5308 conse-

2159 5368 2405 5421 quemur,
2438 5360 2488 5402 et
2520 5348 2802 5403 immortali
2832 5346 3071 5401 fruemur
3096 5345 3262 5415 gloria
3290 5363 3301 5398 :
3326 5360 3482 5415 quam
3508 5358 3606 5397 nos
3628 5359 3736 5397 om-

2159 5461 2254 5500 nes
2277 5440 2486 5511 assequi
2506 5442 2775 5512 contiugat
2795 5440 2961 5509 gratia
2981 5447 3033 5492 et
3052 5438 3376 5509 benignitate
3405 5435 3612 5490 Domini
3636 5453 3733 5490 uo-

2158 5537 2253 5590 stri
2278 5534 2404 5589 Jesu
2431 5532 2649 5599 Christi,
2670 5536 2878 5601 quicum
2910 5531 3049 5586 Patri
3070 5546 3277 5600 unaque
3301 5528 3521 5598 Spiritui
3546 5539 3734 5583 sancto

2156 5631 2345 5700 gloria,
2366 5629 2670 5697 imperium,
2695 5626 2884 5691 honor,
2908 5639 3054 5681 nunc
3070 5632 3125 5679 et
3143 5638 3375 5694 semper.
3394 5634 3449 5679 et
3468 5623 3521 5679 in
3538 5621 3731 5677 saecula

2160 5722 2495 5777 saeculorum.
2528 5722 2720 5776 Amen.
