3980 6212
530 382 597 439 Π
1294 380 1353 437 S.
1389 378 1674 437 JOANNIS
1710 378 2204 437 CHRYSOSTUMI
2246 378 2571 438 ARCHIEP.
2612 379 3160 442 CONSTANTINOP.
3709 385 3777 441 18

548 510 3736 539 W

2017 594 2262 650 ΟΜΙΛΙΑ
2298 592 2377 653 Β’.

526 688 882 759 Εὐχαριστῶ
910 688 991 755 τῷ
1017 689 1141 756 Θεῷ
1170 707 1291 760 μου
1324 688 1584 744 πάντοτε
1614 689 1747 759 περί
1777 688 1945 759 ὑμῶν
1963 727 1978 753 ,
2005 685 2105 742 ἐπὶ

598 770 675 840 τῇ
701 771 893 842 χάριτι
922 772 1029 827 τοῦ
1061 774 1212 828 Θεοῦ
1239 772 1315 843 τῇ
1339 773 1586 843 δοθείσῃ
1612 773 1757 844 ὑμῖν
1780 774 1851 828 ἐν
1877 770 2113 842 Χριστῷ

612 854 807 922 Ἰησοῦ
849 870 864 886 ·
903 854 993 909 ὅτι
1034 856 1107 909 ὲν
1141 855 1321 909 παντί
1365 856 1803 924 ἐπλουτίσθητε
1832 855 1901 909 ἐν
1928 852 2110 919 αὐτῷ.

596 944 669 993 α.¹
703 940 770 992 '0
798 940 910 1003 τοῖς
936 939 1115 1003 ἀλλοις
1144 942 1403 1011 παραινεῖ
1433 940 1627 1003 ποιεῖν,
1649 939 1844 1008 λέγων,
1880 939 1985 992 Ἐν
2010 937 2111 991 εὐο

527 1023 806 1092 χαριστίᾳ
825 1025 895 1077 τὰ
927 1023 1219 1093 αῖτήματα
1250 1022 1417 1094 ὑμῶν
1442 1022 1808 1095 γνωριζέσθω
1832 1022 1983 1091 πρὸς
2007 1020 2115 1074 τὸν

530 1105 700 1170 Θεὸν,
734 1104 893 1160 τοῦτο
924 1109 1019 1161 καὶ
1044 1108 1207 1173 αὐτὸς
1247 1110 1505 1181 ἔπραττε,
1528 1109 1796 1163 διδάσκων
1821 1108 1967 1179 ἡμᾶς
2005 1106 2113 1160 ἀπὸ

526 1188 734 1243 τούτων
755 1190 1020 1262 ἄρχεσθαι
1046 1193 1155 1246 τῶν
1184 1193 1359 1263 λόγων
1382 1195 1488 1258 ἀεὶ,
1517 1195 1612 1248 καὶ
1637 1193 1743 1265 πρὸ
1772 1190 1991 1247 πόντων
2023 1191 2111 1244 εὑ-

526 1275 806 1344 χαριστεῖν
834 1272 911 1344 τῷ
933 1274 1071 1345 Θεῷ.
1103 1276 1267 1329 Οὐδὲν
1290 1276 1399 1347 7&9
1422 1276 1567 1329 οὕτω
1586 1276 1663 1347 τῷ
1684 1275 1803 1346 Θεῷ
1834 1276 2006 1344 φίλον.
2034 1274 2111 1338 ὡς

525 1355 587 1415 τὸ
614 1356 977 1428 εὐχαρίστους
1006 1354 1168 1421 εἶναι,
1193 1360 1288 1413 καὶ
1321 1360 1459 1431 ὑπὲρ
1482 1359 1693 1413 ἑαυτῶν
1722 1361 1819 1413 καὶ
1848 1360 1987 1431 ὑπὲρ
2013 1358 2109 1413 ἀλ-

524 1439 651 1496 λων.
675 1441 769 1495 Διὸ
793 1442 891 1496 καὶ
910 1444 1092 1512 πάσης
1113 1444 1299 1514 σχεδὸν
1328 1443 1648 1514 Ἐπιστολῆς
1673 1443 1830 1498 τοῦτο
1856 1442 2109 1513 προτίθηο

527 1540 613 1578 σιν
635 1542 650 1556 ·
678 1525 913 1580 ἐνταῦθα
939 1526 997 1580 δέ
1029 1528 1123 1580 καὶ
1161 1527 1587 1599 ἀναγκαιότερον
1618 1528 1652 1599 ἢ
1693 1530 1749 1581 ἐν
1778 1530 1897 1591 ταῖς
1920 1526 2105 1588 ἄλλαις

524 1606 657 1661 αὐτὸ
686 1610 939 1680 πράττει.
980 1610 1039 1664 Ὀ
1071 1611 1180 1682 γὰρ
1204 1612 1566 1683 εὐχαριστῶν,
1598 1614 1688 1665 καὶ
1719 1611 1795 1676 ὡς
1827 1608 1885 1665 εὖ
1912 1608 2109 1665 παθὼν

521 1688 855 1760 εὐχαριστεῖ,
891 1692 988 1745 καὶ
1037 1693 1129 1746 ἐπὶ
1175 1694 1359 1766 χάριτι
1392 1694 1705 1765 εὐχαριστεῖ
1737 1712 1747 1722 ·
1789 1696 1822 1764 ή
1854 1693 1909 1747 δὲ
1948 1692 2109 1762 χάρις

520 1771 623 1825 οὐκ
653 1772 842 1843 όφειλὴ
870 1775 993 1829 οὐδὲ
1031 1776 1234 1849 ἀμοιϐὴ
1278 1777 1401 1831 οὐδὲ
1441 1777 1706 1840 ἀντίδοσις
1726 1795 1738 1808 ·
1774 1777 1802 1829 ὃ
1832 1772 2106 1844 πανταχοῦ

523 1855 624 1924 μὲν
653 1856 949 1925 ἀναγκαῖον
979 1857 1182 1927 λέγειν,
1214 1860 1394 1930 πολλῷ
1412 1860 1468 1912 δὲ
1495 1860 1654 1912 πλέον
1685 1860 1778 1911 ἐπὶ
1806 1858 2109 1927 Κορινθίων

517 1938 627 1992 τῶν
656 1941 965 2010 κεχηνότων
997 1944 1133 2011 πρὸς
1171 1944 1299 2005 τοὺς
1339 1943 1695 2009 διατεμόντας
1738 1943 1838 2011 τὴν
1875 1941 2107 2012 Ἐκκλη-

520 2023 660 2079 σίαν.
704 2023 786 2089 Τῷ
815 2024 936 2089 Θεῷ
970 2044 1109 2094 μου.
1162 2026 1298 2078 Ἀπὸ
1341 2024 1545 2095 πολλῆς
1574 2028 1673 2096 τῆς
1715 2023 2006 2087 διαθέσεως
2047 2025 2106 2078 τὸ

517 2105 697 2158 κοινὸν
739 2107 975 2175 ἁρπάζει
1024 2107 1117 2160 καὶ
1171 2108 1541 2170 ίδιοποιεῖται,
1590 2108 1619 2160 ὅ
1663 2108 1756 2161 καὶ
1799 2110 2104 2177 προφήταις

516 2186 638 2251 ἐθος
670 2188 757 2241 ἀεὶ
778 2188 959 2257 λέγειν
986 2207 999 2219 ·
1046 2191 1099 2242 Ὀ
1133 2190 1296 2265 Θεὸς,
1332 2195 1364 2244 ὁ
1399 2193 1543 2257 Θεός
1569 2209 1706 2261 μου.
1740 2193 1848 2245 Καὶ
1878 2195 1958 2254 είς
1979 2209 2104 2263 προ-

514 2272 721 2343 τροπὴν
744 2274 942 2336 αὐτοὺς
976 2274 1160 2343 ἐνάγει
1182 2286 1206 2314 ι
1236 2273 1327 2327 τοῦ
1359 2276 1453 2328 καί¹
1486 2275 1683 2337 αὐτοὺς
1714 2274 1871 2327 τοῦτο
1903 2275 2099 2342 λέγειν.

523 2354 583 2408 Ὃ
629 2354 737 2427 γὰρ
783 2354 928 2409 οὕτω
972 2356 1166 2425 λέγων,
1203 2357 1309 2410 ἀπὸ
1340 2358 1558 2411 πάντων
1603 2357 1710 2411 τῶν
1747 2358 2102 2431 ἀνθρωπίνων

514 2440 808 2510 ἀναχωρεῖ,
844 2440 939 2492 xal
980 2441 1149 2509 χωρεί
1178 2440 1314 2509 πρὸς
1342 2442 1571 2499 ἐκεῖνον.
1614 2440 1670 2494 δν
1713 2441 1853 2510 μετά
1901 2441 2103 2510 πολλῆς

514 2520 671 2573 καλεῖ
700 2520 802 2591 τῆς
832 2521 1148 2586 διαθέσεως.
1176 2523 1346 2575 Τοῦτο
1378 2523 1487 2593 γάρ
1516 2521 1742 2579 δύναται
1769 2523 1945 2591 λέγειν
1969 2540 2103 2593 γνη-

514 2604 647 2668 σίως
682 2606 710 2659 ό
757 2605 866 2659 ἀπὸ
895 2605 1002 2659 τῶν
1049 2606 1317 2677 βιωτικῶν
1364 2606 1670 2661 ἀναϐαίνων
1715 2606 1803 2659 ἀεὶ
1838 2606 1973 2675 πρὸς
2014 2606 2103 2657 τὸν

512 2688 664 2757 Θεὸν,
694 2691 786 2744 καὶ
810 2690 1066 2745 ἁπάντων
1096 2692 1256 2744 αὐτὸν
1287 2690 1564 2760 προτιθεὶς
1593 2691 1845 2755 πάντοτε,
1881 2691 1976 2743 xal
2009 2690 2101 2743 εὐ-

512 2772 789 2845 χαριστῶν
806 2773 1092 2845 διηνεκῶς,
1119 2774 1218 2842 οὐχ
1242 2773 1381 2842 ὑπὲρ
1410 2773 1507 2842 τῆς
1540 2772 1640 2844 ήδη
1669 2772 1918 2844 δοθείσης
1947 2774 2103 2845 χάρι-

511 2873 626 2921 τος,
656 2856 771 2910 ἀλλ’
796 2856 851 2908 εί
878 2857 1009 2908 ποτέ
1047 2874 1097 2909 τι
1126 2856 1221 2909 καὶ
1269 2856 1408 2926 μετά
1453 2855 1627 2910 ταῦτα
1650 2856 1857 2924 ἀγαθὸν
1889 2859 2100 2927 γέγονε,

512 2940 609 2992 καὶ
639 2939 779 3010 ὑπὲρ
798 2938 990 2992 τούτου
1017 2939 1115 3009 τὴν
1144 2939 1315 3011 αὐτὴν
1341 2941 1601 3013 ἀναφέρει
1629 2941 1907 3012 εὐφημίαν
1930 2943 2097 3013 αὐτῷ.

512 3022 614 3075 Διά
634 3022 794 3075 τοῦτο
821 3022 918 3093 οὐχ
946 3023 1134 3086 ἁπλῶς
1160 3018 1334 3091 εἶπεν,
1366 3025 1717 3095 Εὑχαριστῶ,
1747 3026 1905 3088 ἀλλά,
1941 3025 2101 3079 Πάν-

510 3121 649 3158 τοτε
674 3103 827 3172 ὐπὲρ
862 3103 1049 3173 ὑμῶν.
1101 3105 1371 3158 παιδεύων
1402 3106 1600 3169 αὐτοὺς
1640 3106 1737 3160 οιαὶ¹
1783 3108 1870 3160 ἀεὶ
1901 3107 2100 3162 ειδέναι

509 3188 691 3260 χάριν,
726 3188 822 3239 καὶ
871 3187 1061 3257 μηδενὶ
1104 3190 1276 3258 ἐτέρῳ
1304 3186 1403 3260 [9],
1446 3189 1562 3242 ἀλλ’
1594 3189 1627 3261 ἢ
1656 3188 1735 3260 τῷ
1762 3189 1883 3260 Θεῷ
1916 3191 2097 3261 μόνον.

524 3270 659 3326 Ἐπὶ
700 3269 774 3338 τῇ
806 3270 1004 3339 χάριτι
1048 3271 1153 3326 τοῦ
1186 3273 1355 3327 Θεοῦ.
1410 3275 1574 3345 Ὁρᾷς
1613 3273 1730 3338 πῶς
1762 3275 2101 3347 πανταχόθεν

508 3356 708 3419 αὐτοὺς
736 3355 1042 3427 διορθοῦται
1068 3372 1083 3422 ;
1125 3356 1296 3409 Ἔνθα
1320 3355 1429 3429 γὰρ
1458 3358 1619 3430 χάρις
1648 3359 1820 3427 ἐστὶν,
1842 3359 1979 3431 ἔργα
1998 3363 2098 3417 οὐκ

508 3436 658 3490 ἐστιν
682 3453 697 3467 ·
729 3437 865 3492 ἔνθα
887 3437 1045 3510 ἔργα,
1079 3438 1262 3493 οὐκέτι
1284 3440 1447 3513 χάρις
1481 3441 1650 3494 ἐστίν.
1686 3442 1748 3495 El
1788 3444 1969 3496 τοίνυν
1995 3445 2096 3514 χά-

511 3536 615 3591 ρις,
639 3520 693 3574 τί
721 3521 865 3592 μέγα
893 3524 1171 3592 φρονεῖτες
1202 3522 1366 3575 πόθεν
1394 3525 1805 3595 πεφυσιωμένοι
1832 3528 1985 3595 ἐστέ;
2018 3528 2097 3598 Τῇ

505 3606 756 3676 δοθείσῃ
800 3607 968 3677 ὑμῖν.
1014 3607 1125 3661 Kal
1165 3608 1254 3662 διὰ
1287 3608 1433 3671 τίνος
1462 3608 1653 3681 ἐδόθη;
1696 3607 1805 3681 ἆρα
1838 3612 1907 3665 δι’
1935 3614 2095 3684 ἐμοῦ,

506 3691 541 3767 ἦ
578 3696 645 3750 δι’
680 3696 893 3768 ἐτέρου-
916 3697 1251 3761 ἀποστόλους
1297 3696 1585 3768 Οὐδαμῶς,
1625 3698 1761 3753 ἀλλά
1790 3700 1877 3754 διὰ
1922 3701 2097 3773 Ἰησοῦ

505 3778 746 3849 Χριστοῦ
770 3795 785 3809 ο
814 3779 874 3833 τὸ
910 3779 1043 3851 γὰρ,
1084 3780 1187 3833 Ἐν
1212 3778 1448 3847 Χριστῷ
1482 3781 1708 3848 Ἰησοῦ,
1741 3782 1900 3835 τοῦτό
1924 3784 2095 3838 ἐστιν.

511 3863 653 3934 Ὅρα
682 3862 801 3926 πῶς
832 3859 1103 3934 πολλαχοῦ
1132 3862 1193 3915 τὸ
1217 3903 1232 3926 ,
1272 3863 1363 3929 ἐν,
1398 3863 1519 3918 ἀντὶ
1548 3864 1665 3930 τοῦ,
1693 3866 1768 3917 δι’
1802 3862 1899 3931 οὗ,
1925 3868 2092 3922 ἐστίν.

506 3946 622 3999 Οὐκ
664 3947 773 4017 ἀρα
823 3947 1047 4001 ἔλαττον
1100 3946 1259 4000 τοῦτο
1308 3947 1424 4009 τοῦ,
1476 3946 1595 4001 διά.
1631 3948 1761 4001 Ὀτι
1808 3949 1879 4002 ἐν
1916 3951 2096 4003 παντί

504 4029 971 4095 ἐπλουτίσθητε.
1019 4028 1189 4082 Πάλιν
1230 4027 1321 4081 διὰ
1360 4027 1541 4095 τίνος;
1594 4030 1680 4082 Ἐν
1718 4030 1891 4102 αὐτῷ,
1942 4033 2093 4105 φησί.

507 4110 620 4164 Kal
646 4111 744 4179 οὐχ
773 4110 963 4173 ἁπλῶς
1000 4109 1412 4181 ἐπλουτίσθητε,
1433 4111 1572 4165 ἀλλά
1608 4114 1702 4167 καί
1756 4115 1860 4168 Ἐν
1890 4117 2093 4171 παντί.

512 4192 681 4246 Ὅταν
704 4188 799 4247 οὖν
827 4192 922 4247 καὶ
961 4191 1189 4258 πλοῦτος
1220 4189 1277 4269 ᾖ,
1320 4196 1414 4249 καὶ
1440 4194 1575 4249 Θεοῦ
1610 4197 1861 4263 πλοῦτος,
1902 4202 1996 4255 καὶ
2037 4202 2097 4253 ἐν

512 4277 691 4342 παντὶ,
724 4277 819 4330 καὶ
840 4276 931 4331 διά
957 4277 1049 4331 τοῦ
1086 4279 1448 4348 Μονογενοῦς,
1484 4282 1739 4353 ἐννόησον
1768 4284 1859 4337 τὸν
1889 4286 2095 4355 ἄφατον

506 4361 802 4433 θησαυρόν.
841 4362 945 4415 Ἐν
967 4363 1147 4415 παντί
1172 4365 1332 4431 λόγῳ
1353 4365 1450 4416 καὶ
1474 4364 1642 4432 πάσῃ
1668 4366 1903 4434 γνώσει.
1934 4370 2094 4441 Λόγῳ

505 4444 567 4496 ού
600 4444 678 4513 τῷ
704 4442 921 4509 ἔξωθεν,
950 4445 1087 4498 ἀλλὰ
1123 4445 1203 4515 τῷ
1231 4446 1325 4498 τοῦ
1364 4446 1519 4498 Θεοῦ.
1562 4449 1717 4501 Ἔστι
1758 4450 1867 4520 γὰρ
1906 4452 2094 4519 γνῶσις

506 4527 666 4597 λόγου
703 4527 895 4598 χωρὶς,
931 4528 1025 4598 καὶ
1067 4527 1183 4581 ἐστι
1207 4529 1408 4597 γνῶσις
1445 4530 1582 4600 μετὰ
1622 4530 1804 4600 λόγου.
1841 4536 1950 4588 Καὶ
1985 4536 2093 4608 γὰρ

506 4611 615 4664 είσὶ
645 4611 832 4664 πολλοὶ
853 4610 1057 4681 γνῶσιν
1080 4610 1180 4681 μὲν
1206 4611 1440 4681 ἔχοντες,
1471 4612 1628 4681 λόγον
1649 4614 1703 4668 δὲ
1724 4617 1824 4669 οὐκ
1854 4616 2090 4687 ἔχοντες,

503 4688 618 4748 οἷον
648 4695 699 4749 οί
725 4693 950 4759 ἰδιῶται,
975 4694 1070 4749 καὶ
1096 4696 1171 4767 μὴ
1208 4696 1495 4767 δυνάμενοι
1531 4701 1879 4769 παραστῆσαι
1908 4703 2092 4772 σαφῶς

505 4780 649 4852 ᾇπερ
694 4779 910 4851 ἔχουσιν
943 4782 1001 4835 ἐν
1028 4780 1258 4851 διανοίᾳ.
1311 4781 1448 4833 Ἀλλ’
1488 4783 1587 4852 οὐχ
1637 4786 1796 4853 ὑμεῖς
1835 4786 2086 4851 τοιοῦτοι,

506 4864 694 4936 φησὶν,
737 4865 875 4920 ἀλλά
903 4866 998 4920 καὶ
1024 4867 1211 4941 νοῆσαι
1232 4867 1325 4920 καὶ
1360 4868 1534 4919 εἰπεῖν
1560 4858 1769 4923 ἱκανοί)
1788 4872 1989 4936 Καθὼς
2025 4872 2093 4925 τὸ

499 4948 834 5019 μαρτύριον
873 4948 982 5003 τοῦ
1030 4949 1287 5018 Χριστοῦ
1332 4949 1648 5016 ἐϐεϐαιώθη
1683 4952 1748 5005 ἐν
1788 4955 1948 5022 ὑμῖν.
2004 4956 2091 5007 Ἐν

503 5032 657 5100 τάξει
695 5033 934 5087 ἐπαίνων
965 5034 1059 5087 καὶ
1088 5034 1439 5104 εὐχαριστίας
1484 5035 1684 5105 σφόδρα
1735 5038 1915 5090 αὐτῶν
1956 5039 2090 5092 καθ-

503 5117 758 5172 άπτεται.
791 5116 865 5171 Ού
898 5116 1007 5187 7&9
1044 5117 1133 5170 διὰ
1158 5119 1261 5187 τῆς
1300 5116 1499 5183 ἔξωθεν
1525 5118 1861 5189 φιλοσοφίας,
1901 5122 2087 5193 φησὶν,

501 5199 625 5253 οὐδὲ
651 5200 740 5253 διά
772 5201 871 5271 τῆς
907 5200 1105 5265 ἔξωθεν
1133 5198 1491 5265 παιδεύσεως,
1526 5200 1658 5253 ἀλλά
1686 5203 1773 5257 διὰ
1802 5205 1901 5274 τῆς
1932 5207 2089 5278 χάρι-

504 5298 596 5346 τος
631 5281 726 5335 τοῦ
764 5282 922 5346 Θεοῦ,
960 5284 1052 5336 καὶ
1085 5283 1177 5336 τοῦ
1204 5284 1434 5338 πλούτου
1461 5283 1557 5336 καὶ
1585 5286 1682 5354 τῆς
1709 5287 1967 5354 γνώσεως
1994 5291 2089 5345 καὶ

502 5365 601 5420 τοῦ
634 5365 789 5436 λόγου
820 5367 913 5420 τοῦ
949 5368 1081 5440 παρ’
1105 5368 1270 5421 αὑτοῦ
1291 5368 1536 5431 δοθέντος
1563 5369 1861 5442 ἠδυνήθητε
1897 5374 2088 5443 μαθεῖν

501 5449 573 5502 τὰ
615 5449 712 5519 τῆς
754 5451 1010 5523 ἀληθείας
1063 5452 1307 5523 δόγματα
1368 5454 1458 5506 καὶ
1506 5452 1865 5525 βεϐαιωθῆναι
1906 5461 1985 5523 είς
2026 5461 2087 5513 τὸ

508 5532 813 5603 μαρτύριον
844 5536 937 5589 τοῦ
971 5537 1201 5606 Κυρίου,
1253 5536 1550 5599 τουτέστιν,
1592 5537 1763 5600 είςτὸ
1801 5542 2083 5612 κήρυγμα.

506 5615 725 5671 Πολλῶν
758 5620 865 5691 γὰρ
918 5620 1260 5674 ἀπελαύσατε
1307 5621 1572 5690 σημείων,
1616 5622 1825 5677 πολλῶν
1871 5614 2085 5697 θαυμάο

504 5718 633 5768 των,
676 5704 881 5773 ἀφάτου
906 5706 1145 5777 χάριτος,
1173 5705 1311 5759 ὥστε
1336 5705 1592 5771 δέξασθαι
1624 5706 1684 5759 τὺ
1712 5708 1995 5781 κήρυγμα.
2022 5713 2083 5765 El

503 5786 684 5839 τοίνυν
718 5788 1081 5861 ἐϐεϐαιώθητε
1116 5790 1202 5843 διὰ
1237 5792 1479 5861 σημείων
1512 5791 1607 5845 καὶ
1644 5792 1867 5865 χάριτος
1888 5834 1904 5861 ,
1940 5795 2084 5860 τίνος

504 5872 691 5925 ἕνεκεν
720 5874 1167 5945 παρασαλεύεσθε
1194 5893 1207 5941 ;
1237 5876 1420 5930 Ταῦτα
1449 5875 1504 5931 δέ
1524 5877 1659 5948 ὁμοῦ
1690 5878 1784 5933 καὶ
1808 5878 2079 5937 καθαπτοο

568 6022 585 6045 ⁸
612 6024 729 6087 Ilii,
756 6028 933 6086 ἀνάγει.

2217 688 2399 758 μένου,
2439 689 2535 742 καὶ
2561 688 3180 761 προκαταλαμϐάνοντος
3210 690 3406 753 αὐτούς
3441 692 3556 744 ἐστι
3584 690 3650 743 τὰ
3685 692 3785 763 9i}-

2214 789 2380 843 ματα.
2416 772 2594 827 Ὥστε
2629 772 2787 842 ὑμᾶς
2806 772 2892 841 μὴ
2926 773 3306 841 ὑστερεῖσθαι
3331 774 3401 827 ὲν
3423 773 3639 842 μηδενί
3673 790 3781 845 χα-

2202 855 2471 925 ρίσματι.
2486 856 2648 925 Μέγα
2674 856 2910 911 ἐνταῦθα
2927 854 3169 927 ζητεῖται
3187 872 3201 887 ⁸
3225 858 3274 910 εί
3298 855 3349 909 οί
3372 856 3783 920 πλουτισθέντις

2211 938 2269 991 ἐν
2293 940 2457 993 παντὶ
2495 938 2659 1011 λόγῳ,
2688 940 2765 1004 ὡς
2801 940 2967 1011 μηδὲν
3005 938 3348 1010 ὑστερεῖσθαι
3376 939 3432 993 ἐν
3466 939 3653 1012 μηδενὶ
3684 958 3779 1011 χα-

2213 1019 2459 1097 ρίσματι,
2494 1023 2614 1087 πῶς
2646 1017 2793 1078 οὗτοι
2828 1022 3082 1096 σαρκικοί
3110 1024 3268 1077 εἰσιν.
3294 1023 3354 1076 El
3378 1022 3486 1093 7&9
3514 1022 3665 1093 παρὰ
3684 1022 3779 1093 τὴν

2211 1098 2385 1175 ἀρχὴν
2404 1105 2634 1159 τοιοῦτοι
2657 1101 2819 1178 ἦσαν,
2846 1105 3027 1177 πολλῷ
3052 1106 3251 1177 μᾶλλον
3273 1105 3388 1159 νῦν.
3412 1106 3536 1169 Πῶς
3566 1102 3659 1159 οὖν
3680 1107 3749 1158 αύ
3766 1135 3783 1146 -

2209 1187 2335 1249 τοὺς
2374 1189 2671 1259 σαρκικοὺς
2698 1188 2888 1257 καλεῖ;
2926 1192 3009 1244 Οὐ
3038 1188 3149 1260 γὰρ
3178 1188 3491 1258 ἠδυνήθην
3513 1188 3655 1259 ὑμῖν
3677 1192 3782 1242 λα-

2220 1268 2419 1337 ιῆσαι,
2452 1272 2635 1343 φησιν,
2682 1273 2762 1340 ὼς
2798 1273 3240 1343 πνευματικοῖς,
3269 1273 3407 1328 ἀλλ’
3450 1272 3531 1339 ὥς
3574 1287 3781 1341 σαρκι-

2211 1351 2362 1419 κοῖς.
2396 1354 2461 1407 Τί
2489 1351 2581 1409 οὖν
2621 1355 2769 1409 ἐστιν
2802 1358 3010 1422 είπεῖν;
3035 1357 3158 1410 Ὅτι
3186 1356 3337 1429 παρὰ
3358 1354 3456 1427 τὴν
3494 1355 3668 1425 ἀρχὴν
3694 1370 3784 1407 πι-

2211 1436 2552 1503 στεύσαντες,
2575 1439 2669 1492 καὶ¹
2710 1439 2978 1493 παντοίων
3000 1440 3029 1480 ι»
3049 1441 3396 1510 ἐπιτυχόντες
3426 1437 3783 1510 χαρισμάτων

2212 1517 2329 1589 (κα)⁸
2355 1522 2463 1591 7&9
2492 1520 2717 1592 ἐζήλουν
2748 1522 2929 1595 αὑτά),
2963 1522 3189 1594 ὕστερον
3233 1522 3592 1594 ρᾳθυμότεροι
3625 1522 3784 1590 γεγό-

2209 1620 2363 1657 νασιν
2389 1621 2402 1635 ·
2435 1606 2469 1678 ἢ
2520 1608 2570 1659 εί
2610 1607 2685 1676 μὴ
2720 1607 2898 1671 τοῦτο,
2949 1607 3031 1662 δτι
3080 1608 3142 1661 οὐ
3188 1607 3326 1679 πρὸς
3364 1605 3611 1669 ἅπαντας
3656 1603 3783 1659 οὔτε

2208 1684 2377 1740 ταῦτα
2402 1686 2527 1741 οὗτε
2569 1689 2752 1741 ἐκεῖνα
2792 1689 3038 1756 λέγεται*
3070 1689 3207 1743 ἀλλά
3235 1690 3304 1743 τὰ
3345 1688 3444 1760 μὲν
3494 1688 3629 1759 πρὸς
3654 1686 3785 1751 τοὺς

2209 1768 2544 1832 ὑπευθύνους
2570 1773 2689 1832 ταῖς
2727 1771 3108 1841 κατηγορίαις,
3154 1772 3222 1825 τά
3258 1772 3314 1825 δὲ
3356 1772 3493 1841 πρὸς
3524 1772 3651 1835 τοὺς
3688 1787 3785 1825 κο-

2211 1851 2429 1921 μῶντας
2454 1856 2568 1916 τοῖς
2585 1853 2850 1917 ἐπαίνοις.
2876 1856 2998 1907 Ὅτι
3032 1854 3140 1925 γάρ
3167 1850 3311 1924 εἶχον
3334 1853 3413 1907 ἐτι
3442 1854 3783 1925 χαρίσματα,

2215 1936 2464 2005 Ψαλμόν
2493 1954 2583 2003 τις
2610 1936 2756 2006 ἔχει,
2786 1938 2969 2008 φησὶν,
2991 1938 3387 2007 ἀποκάλυψιν
3409 1936 3556 2007 ἔχει,
3583 1935 3784 2006 γλῶσ-

2206 2039 2328 2079 σαν
2349 2027 2494 2095 ἔχει,
2524 2026 2850 2095 ἑρμηνείαν
2870 2026 2994 2098 ἔχει
3014 2040 3028 2052 ⁸
3057 2024 3255 2078 πάντα
3282 2024 3432 2092 πρὸς
3459 2022 3787 2091 οἰκοδομὴν

2205 2109 2461 2177 γινέσθω
2486 2125 2500 2137 ο
2525 2109 2638 2175 καὶ,
2666 2108 2972 2178 Προφῆται
3005 2108 3074 2162 δὲ
3109 2108 3218 2161 δύο
3253 2107 3291 2175 ἢ
3320 2106 3475 2173 τρεῖς
3500 2105 3787 2160 λαλείτω-

2205 2207 2345 2245 σαν.
2385 2193 2539 2246 Ἔστι
2574 2194 2629 2246 δὲ
2672 2195 2766 2247 καὶ
2801 2192 2987 2262 ἐτερόν
3018 2210 3071 2246 τι
3110 2193 3304 2255 εἰπεῖν,
3334 2190 3415 2244 ὅτι
3447 2190 3638 2259 ὥσπερ
3664 2187 3785 2251 ἔθος

2203 2278 2335 2346 ἡμῖν
2363 2276 2541 2344 λέγειν
2561 2277 2621 2330 τὸ
2649 2278 2807 2331 πλέον
2830 2278 2994 2338 ἅπαν,
3029 2275 3171 2329 οὕτω
3202 2277 3292 2327 καὶ
3314 2273 3545 2327 ἐνταῦθα
3571 2273 3781 2343 εῖρηκε.

2205 2360 2361 2413 Μετὰ
2395 2362 2453 2414 δέ
2480 2363 2687 2414 τούτων
2722 2358 2877 2432 οἶμαι
2905 2362 3002 2415 καὶ
3027 2361 3088 2414 τὸ
3113 2360 3306 2414 ἐαυτοῦ
3350 2358 3510 2411 αὐτὸν
3546 2356 3784 2410 αίνίττε-ν

2207 2444 2349 2506 σθαι,
2383 2446 2462 2496 ὅτι
2506 2447 2599 2499 καὶ
2643 2446 2802 2508 αὐτὸς
2837 2444 2908 2497 τὰ
2944 2446 3144 2515 σημεῖα
3176 2442 3505 2507 ἐπεδείξατο,
3532 2441 3784 2513 καθάπερ

2204 2527 2296 2579 καὶ
2326 2528 2383 2579 ἐν
2417 2529 2479 2597 τῇ
2514 2526 2738 2598 δευτέρα
2770 2526 2905 2597 πρὸς
2944 2526 3139 2589 αὐτοὺς
3166 2523 3450 2594 Ἐπιστολῇ
3483 2524 3668 2589 λέγει’
3707 2524 3785 2576 Τὰ

2198 2608 2407 2677 μέντοι
2454 2609 2673 2677 σημεῖα
2720 2610 2826 2663 τοῦ
2879 2609 3232 2664 ἀποστόλου
3274 2604 3668 2675 κατειργάσθη
3714 2605 3784 2659 ἐν

2202 2691 2435 2761 ὑμῖνέν
2458 2692 2625 2761 πάσῃ
2658 2691 2938 2762 ὑπομονῇ
2961 2709 2975 2723 ⁶
3014 2692 3108 2745 xal
3140 2691 3322 2753 πάλιν,
3360 2689 3426 2743 Τί
3462 2688 3571 2758 γάρ
3610 2689 3784 2742 ἐστιν

2202 2774 2234 2828 ὃ
2274 2776 2573 2843 ήττήθητε
2619 2775 2772 2843 ὑπὲρ
2813 2776 2921 2842 τὰς
2958 2775 3176 2840 λοιπὰς
3228 2774 3632 2838 Ἐκκλησίας;
3686 2771 3781 2835 Ἣ,

2203 2858 2318 2930 [10]
2343 2859 2479 2929 ὅπερ
2504 2858 2659 2930 ἔφην,
2690 2860 2785 2912 καὶ
2809 2860 2918 2912 τῶν
2950 2858 3143 2912 ἐαυτοῦ
3179 2856 3603 2926 ἀναμιμνήσκει,
3629 2855 3661 2925 ἢ
3690 2855 3782 2907 καὶ

2200 2941 2337 3011 πρὸς
2366 2944 2491 3005 τοὺς
2520 2941 2598 2994 ἐτι
2620 2942 2777 3003 ὄντας
2799 2941 3050 3012 δοκίμους
3071 2940 3241 2993 ταῦτα
3267 2939 3436 3005 λέγει.
3466 2933 3645 2990 *Ησαν
3673 2937 3782 3008 γὰρ

2201 3024 2386 3077 πολλοὶ
2426 3024 2570 3093 ἆγιοι
2610 3025 2808 3091 ἐκεῖσε,
2842 3022 3038 3087 οἵτινες
3083 3024 3178 3076 xal
3212 3020 3405 3087 ἔταξαν
3435 3020 3660 3081 ἑαυτοὺς
3699 3021 3780 3082 είς

2199 3106 2473 3162 διακονίαν
2518 3105 2625 3159 τῶν
2677 3106 2867 3174 ἁγίων,
2919 3106 3015 3159 καὶ
3076 3104 3300 3177 ἀπαρχὴ
3364 3102 3619 3171 γεγόνασι
3681 3100 3780 3169 τῆς

2214 3191 2455 3262 Ἀχαΐας,
2500 3189 2751 3260 καθάπερ
2786 3190 2920 3260 πρὸς
2944 3188 3023 3258 τῷ
3062 3189 3206 3242 τέλει
3249 3185 3415 3255 δηλοῖ.
3452 3183 3661 3246 Ἀλλως
3698 3182 3777 3246 δὲ,

2199 3274 2306 3329 κᾶν
2339 3273 2662 3346 μὴνσφόδρα
2706 3273 2806 3342 τῆς
2851 3272 3113 3343 ἀληθείας
3164 3272 3393 3342 ἔχωνται
3442 3268 3490 3322 οἱ
3546 3265 3779 3327 ἐπαινοι,

2199 3357 2313 3411 ἀλλ’
2346 3359 2493 3427 ὅμως
2518 3355 2877 3426 οἰκονομικῶς
2909 3355 3181 3431 ἐγκεινται
3215 3348 3782 3424 προοδοποιοῦντεςτῷ

2198 3440 2361 3512 λόγῳ.
2414 3439 2473 3496 '0
2528 3440 2625 3511 μὲν
2671 3439 2780 3512 7&9
2830 3440 2893 3492 ἐκ
2948 3437 3250 3509 προοιμίων
3299 3434 3498 3494 εὐθέως
3548 3432 3781 3503 φορτικά

2199 3523 2589 3594 φθεγγόμενος,
2625 3521 2915 3575 ἀπέκλεισε
2947 3523 3061 3584 τοῖς
3086 3520 3266 3587 λόγοις
3294 3517 3391 3589 τὴν
3428 3516 3597 3594 ἀκοὴν
3628 3513 3797 3584 παρὰ

2197 3610 2311 3672 τοῖς
2357 3593 2791 3678 ἀσθενεστέροις.
2848 3606 2949 3657 "Av
2992 3621 3051 3657 τε
3101 3604 3208 3674 γὰρ
3254 3601 3507 3673 ὁμότιμοι
3546 3593 3679 3652 ὦσιν
3729 3598 3780 3650 οἱ

2198 3692 2507 3755 ἀκούοντες,
2532 3689 2842 3762 ὀργίζονται
2869 3705 2882 3719 ·
2906 3686 2972 3742 ἀν
2990 3703 3050 3739 τε
3074 3686 3278 3758 σφόδρα
3308 3684 3581 3748 ἐλάττους,
3606 3682 3782 3751 λυπη-

2199 3776 2478 3848 θήσονται.
2510 3774 2608 3827 "Iv‘
2648 3767 2740 3827 οὖν
2777 3772 2851 3843 μὴ
2893 3770 3050 3825 τοῦτο
3074 3770 3320 3841 γένηται,
3351 3769 3458 3822 ἀπὸ
3488 3765 3781 3836 ἐγκωμίων

2195 3859 2493 3915 δοκούντων
2539 3853 2677 3910 εἶναι
2712 3858 2944 3909 ποιεῖται
2988 3854 3085 3923 τὴν
3130 3855 3324 3923 ἀρχήν.
3362 3852 3492 3904 Ούδὲ
3532 3849 3638 3917 γὰρ
3690 3850 3784 3915 ἐγ-

2198 3944 2406 4015 κώμιον
2432 3941 2591 3994 τοῦτο
2629 3936 2695 4009 ἦν
2720 3938 2920 3999 αὐτῶν,
2959 3937 3092 3990 ἀλλά
3120 3938 3217 4006 τῆς
3243 3934 3336 3987 τοῦ
3365 3931 3499 3986 Θεοῦ
3520 3933 3743 4015 χάριτος
3763 3948 3777 3963 ·

2196 4029 2257 4081 τὸ
2300 4027 2409 4097 γὰρ
2461 4022 2877 4095 ἁμαρτημάτων
2926 4020 3193 4090 ἀφεθῆναι
3239 4017 3334 4072 καὶ
3397 4014 3779 4097 δικαιωθῆναι,

2196 4094 2355 4165 τοῦτο
2380 4094 2481 4180 τῆς
2510 4094 2734 4162 ἀνωθεν
2767 4101 2835 4176 ἦν
2868 4104 3097 4174 δωρεᾶς.
3132 4104 3231 4157 Διά
3255 4119 3335 4155 τοι
3373 4094 3529 4154 τοῦτο
3565 4099 3660 4151 καὶ
3692 4100 3783 4151 ἐν-

2195 4193 2460 4265 διατρίϐει
2488 4190 2717 4253 τούτοις,
2750 4188 2785 4243 ἃ
2809 4187 2903 4241 τοῦ
2943 4187 3079 4240 Θεοῦ
3100 4187 3337 4241 δείκνυσι
3364 4184 3459 4256 τὴν
3480 4181 3785 4255 φιλανθρω·

2196 4277 2348 4341 πίαν,
2393 4276 2481 4328 ἴνα
2528 4274 2806 4327 ἐπιπλεῖον
2855 4270 3035 4325 αὐτῶν
3089 4270 3369 4341 ἐκκαθάρῃ
3426 4267 3485 4322 τὸ
3539 4268 3777 4336 νόσημα.

2210 4355 2746 4427 Ἀπεκδεχομένους
2800 4353 2915 4420 τὴν
2968 4354 3363 4422 ἀποκάλυψιν
3405 4350 3511 4405 τοῦ
3551 4350 3781 4417 Κυρίου

2196 4443 2366 4515 ἡμῶν
2415 4441 2618 4509 Ἰησοῦ
2642 4438 2921 4507 Χριστοῦ.
2958 4439 3023 4491 Τί
3054 4436 3391 4508 θορυϐεῖσθε,
3420 4432 3577 4503 φησὶ,
3604 4434 3656 4485 τί
3681 4449 3782 4485 τα-

2198 4527 2483 4601 ράσσεσθε,
2536 4527 2617 4578 ὅτι
2659 4524 2718 4576 οὑ
2774 4522 3005 4594 πάρεστι
3052 4522 3328 4592 Χριστός;
3372 4518 3613 4601 Πάρεστι
3675 4517 3783 4601 μέν

2194 4598 2307 4676 οὖν,
2336 4611 2430 4663 καὶ
2459 4611 2492 4679 ἠ
2524 4607 2708 4678 ἡμέρα
2732 4605 2915 4660 λοιπὸν
2949 4607 3043 4660 ἐπὶ
3072 4605 3281 4675 θύραις.
3315 4602 3427 4655 Kal
3452 4600 3642 4654 σκόπει
3675 4598 3780 4669 τὴν

2196 4694 2408 4765 σοφίαν,
2440 4689 2555 4753 πῶς
2573 4690 2768 4753 αὐτοὺς
2795 4689 3098 4759 ἀπαγαγὼν
3121 4686 3229 4740 τῶν
3250 4684 3624 4757 ἀνθρωπίνων,
3647 4683 3781 4751 ἐφόο

2193 4778 2361 4849 ϐησεν
2382 4774 2700 4844 ἀναμνήσας
2733 4773 2823 4826 τοῦ
2856 4773 3098 4844 βήματος
3131 4770 3226 4823 τοῦ
3267 4767 3519 4839 φοϐεροῦ,
3553 4767 3646 4820 καὶ
3672 4766 3780 4819 δεί-

2193 4863 2311 4929 ξας,
2345 4862 2428 4914 ὅτι
2464 4858 2524 4910 οὐ
2554 4858 2856 4929 προοιμίων
2884 4858 2964 4911 δεῖ
2996 4856 3154 4927 μόνον
3194 4853 3470 4927 χρηστῶν,
3505 4851 3639 4905 ἀλλὰ
3676 4852 3778 4905 καὶ.

2190 4945 2398 5007 τέλους.
2440 4943 2532 4996 Δεῖ
2560 4941 2667 5013 7&9
2701 4941 2837 5012 μετὰ
2869 4941 2978 4994 τῶν
3012 4938 3366 5011 χαρισμάτων
3397 4933 3624 5000 τούτων,
3673 4934 3774 4987 καὶ

2191 5030 2290 5100 τῆς
2318 5028 2482 5096 ἄλλης
2525 5025 2746 5095 ἀρετῆς,
2789 5026 2889 5096 τὴν
2915 5025 3129 5095 ἡμέραν
3161 5020 3473 5092 ἀναμνῆσαι
3502 5020 3715 5089 ἐκείνην
3752 5033 3769 5047 ο

2193 5113 2288 5166 καὶ
2343 5107 2555 5162 πολλῶν
2595 5109 2753 5179 χρεία
2786 5109 2983 5174 πόνων,
3022 5107 3161 5159 ὥστε
3210 5102 3503 5175 δυνηθῆναι
3540 5102 3673 5172 πρὸς
3704 5102 3773 5154 τὸ

2190 5194 2343 5255 τέλος
2373 5190 2568 5245 ἐλθεῖν.

2262 5277 2327 5348 β’.
2382 5275 2745 5346 Ἀποκάλυψιν
2776 5279 2833 5330 δὲ
2876 5275 3043 5344 λέγει,
3078 5274 3291 5337 δεικνὺς
3333 5274 3413 5326 ὅτι
3458 5269 3503 5323 εί
3554 5270 3647 5322 καὶ
3690 5269 3769 5341 μὴ

2188 5361 2405 5434 όρᾶται,
2426 5360 2541 5413 ἀλλ’
2566 5359 2701 5423 ἐστι,
2723 5362 2817 5414 καὶ
2834 5360 3066 5431 πάρεστι
3086 5357 3178 5411 καὶ
3199 5356 3314 5422 νῦν,
3334 5356 3427 5410 xal
3450 5356 3568 5407 τότε
3591 5353 3772 5423 φανή-

2193 5466 2365 5501 σεται.
2410 5445 2717 5517 Ὑπομονῆς
2746 5442 2839 5498 οὖν
2874 5442 3062 5513 χρεία·
3096 5442 3184 5495 διά
3213 5440 3367 5495 τοῦτο
3403 5440 3510 5508 7&9
3540 5435 3791 5491 ἐλάϐετε

2190 5532 2257 5586 τά
2286 5532 2558 5601 θαύματα,
2583 5530 2668 5583 ἵνα
2696 5530 2911 5600 μείνητε
2943 5526 3167 5597 βέϐαιοι.
3205 5530 3304 5592 Ὃς
3328 5522 3425 5577 καί
3445 5521 3768 5587 βεϐαιώσει

2188 5615 2342 5684 ὑμᾶς
2390 5614 2500 5679 ἕως
2558 5612 2771 5676 τέλους
2822 5611 3250 5681 ἀνεγκλήτους.
3308 5605 3569 5661 Ἐνταῦθα
3616 5606 3773 5660 δοκεῖ

2192 5699 2291 5767 μὲν
2320 5697 2517 5759 αὐτοὺς
2548 5694 2894 5767 θεραπεύειν,
2944 5694 3125 5764 πάσης
3161 5693 3217 5745 δὲ
3254 5690 3545 5753 κολακείας
3582 5689 3764 5752 ἀπήλ-

2187 5782 2378 5836 λακται
2402 5782 2462 5834 τὸ
2486 5780 2801 5849 λεγόμενον.
2840 5779 2949 5831 Καὶ
2979 5779 3085 5849 γὰρ
3106 5773 3244 5831 οἶδεν
3273 5776 3453 5830 αὐτῶν
3479 5776 3764 5829 καθάπτε-

2187 5864 2330 5928 σθαι,
2361 5865 2437 5927 ὼς
2456 5865 2582 5919 ὅταν
2615 5863 2747 5936 λέγῃ
2767 5880 2780 5892 ⁸
2822 5863 2920 5928 Ὠς
2944 5861 3029 5932 μὴ
3047 5860 3370 5931 ἐρχομένου
3394 5860 3462 5913 δέ
3478 5878 3588 5927 μου
3610 5860 3765 5928 πρὸς

2250 6036 2587 6102 διιοεεὴείυῐ
2612 6037 2819 6101 πάντων,
2866 6043 2918 6087 ει
2972 6050 3103 6097 mox,
3128 6034 3205 6082 ml
3242 6034 3324 6096 γὰρ
3352 6034 3451 6087 ἔζη)
3465 6031 3621 6080 ginta.
