  <div class='ocr_page' id='page_1' title='image "/cluster/home/n/w/nwhite01/storage/ocr_20150623/61/nnc1.0022379681/026.png"; bbox 0 0 4018 6208; ppageno 0'>
   <div class='ocr_carea' id='block_1_1' title="bbox 219 317 1786 387">
    <p class='ocr_par' dir='ltr' id='par_1_1' title="bbox 219 319 1786 383">
     <span class='ocr_line' id='line_1_1' title="bbox 219 319 1786 383; baseline -0.004 0"><span class='ocrx_word' id='word_1_1' title='bbox 219 329 287 383; x_wconf 75' lang='lat' dir='ltr'><strong><em>i7</em></strong></span> <span class='ocrx_word' id='word_1_2' title='bbox 1332 322 1399 379; x_wconf 88' lang='lat' dir='ltr'><strong><em>IN</em></strong></span> <span class='ocrx_word' id='word_1_3' title='bbox 1435 319 1652 379; x_wconf 84' lang='lat' dir='ltr'><strong><em>EPIST.</em></strong></span> <span class='ocrx_word' id='word_1_4' title='bbox 1695 320 1737 375; x_wconf 92' lang='lat' dir='ltr'><strong><em>I.</em></strong></span> <span class='ocrx_word' id='word_1_5' title='bbox 1778 353 1786 376; x_wconf 59' lang='grc' dir='ltr'><em>λ</em></span> 
     </span>
    </p>
   </div>
   <div class='ocr_carea' id='block_1_2' title="bbox 1897 317 3483 387">
    <p class='ocr_par' dir='ltr' id='par_1_2' title="bbox 1906 317 3483 387">
     <span class='ocr_line' id='line_1_2' title="bbox 1906 317 3483 387; baseline 0.006 -10"><span class='ocrx_word' id='word_1_6' title='bbox 1906 317 2061 377; x_wconf 74' lang='lat' dir='ltr'><strong><em>COR.</em></strong></span> <span class='ocrx_word' id='word_1_7' title='bbox 2105 320 2331 379; x_wconf 76' lang='lat' dir='ltr'><strong><em>HOIllL.</em></strong></span> <span class='ocrx_word' id='word_1_8' title='bbox 2377 323 2441 379; x_wconf 90' lang='grc' dir='ltr'><strong><em>ΙΙ.</em></strong></span> <span class='ocrx_word' id='word_1_9' title='bbox 3416 333 3483 387; x_wconf 75' lang='grc'><strong><em>18</em></strong></span> 
     </span>
    </p>
   </div>
   <div class='ocr_carea' id='block_1_3' title="bbox 1618 476 2085 542">
    <p class='ocr_par' dir='ltr' id='par_1_3' title="bbox 1618 476 2085 542">
     <span class='ocr_line' id='line_1_3' title="bbox 1618 476 2085 542; baseline -0.002 0"><span class='ocrx_word' id='word_1_10' title='bbox 1618 476 1963 542; x_wconf 80' lang='lat' dir='ltr'><strong><em>HOMILIA</em></strong></span> <span class='ocrx_word' id='word_1_11' title='bbox 2004 481 2085 541; x_wconf 87' lang='lat' dir='ltr'><strong><em>Il.</em></strong></span> 
     </span>
    </p>
   </div>
   <div class='ocr_carea' id='block_1_4' title="bbox 210 626 1788 706">
    <p class='ocr_par' dir='ltr' id='par_1_4' title="bbox 210 626 1788 706">
     <span class='ocr_line' id='line_1_4' title="bbox 210 626 1788 706; baseline -0.011 -11"><span class='ocrx_word' id='word_1_12' title='bbox 210 644 344 698; x_wconf 65' lang='lat' dir='ltr'><strong><em>Cu».</em></strong></span> <span class='ocrx_word' id='word_1_13' title='bbox 378 642 429 696; x_wconf 81' lang='lat' dir='ltr'><strong><em>l.</em></strong></span> <span class='ocrx_word' id='word_1_14' title='bbox 463 654 518 694; x_wconf 82' lang='lat' dir='ltr'><strong><em>v.</em></strong></span> <span class='ocrx_word' id='word_1_15' title='bbox 551 639 605 695; x_wconf 81' lang='grc' dir='ltr'><strong><em>ι.</em></strong></span> <span class='ocrx_word' id='word_1_16' title='bbox 636 637 840 693; x_wconf 81' lang='lat' dir='ltr'><strong><em>Gratias</em></strong></span> <span class='ocrx_word' id='word_1_17' title='bbox 860 650 956 706; x_wconf 85' lang='lat' dir='ltr'><strong><em>ago</em></strong></span> <span class='ocrx_word' id='word_1_18' title='bbox 981 636 1092 689; x_wconf 84' lang='lat' dir='ltr'><strong><em>Deo</em></strong></span> <span class='ocrx_word' id='word_1_19' title='bbox 1118 648 1227 688; x_wconf 88' lang='lat' dir='ltr'><strong><em>meo</em></strong></span> <span class='ocrx_word' id='word_1_20' title='bbox 1254 647 1453 701; x_wconf 71' lang='lat' dir='ltr'><strong><em>seraper</em></strong></span> <span class='ocrx_word' id='word_1_21' title='bbox 1487 646 1579 699; x_wconf 86' lang='lat' dir='ltr'><strong><em>pro</em></strong></span> <span class='ocrx_word' id='word_1_22' title='bbox 1606 626 1743 681; x_wconf 73' lang='lat' dir='ltr'><strong><em>vobis</em></strong></span> <span class='ocrx_word' id='word_1_23' title='bbox 1771 666 1788 691; x_wconf 94' lang='lat'><strong><em>,</em></strong></span> 
     </span>
    </p>
   </div>
   <div class='ocr_carea' id='block_1_5' title="bbox 284 716 1791 804">
    <p class='ocr_par' dir='ltr' id='par_1_5' title="bbox 284 716 1791 804">
     <span class='ocr_line' id='line_1_5' title="bbox 284 716 1791 804; baseline -0.009 -17"><span class='ocrx_word' id='word_1_24' title='bbox 284 733 351 787; x_wconf 78' lang='lat' dir='ltr'><strong><em>de</em></strong></span> <span class='ocrx_word' id='word_1_25' title='bbox 373 732 539 804; x_wconf 72' lang='lat' dir='ltr'><strong><em>gratia</em></strong></span> <span class='ocrx_word' id='word_1_26' title='bbox 576 729 690 794; x_wconf 84' lang='lat' dir='ltr'><strong><em>Dei,</em></strong></span> <span class='ocrx_word' id='word_1_27' title='bbox 718 744 832 799; x_wconf 71' lang='lat' dir='ltr'><strong><em>qua</em></strong></span> <span class='ocrx_word' id='word_1_28' title='bbox 875 727 996 781; x_wconf 87' lang='lat' dir='ltr'><strong><em>data</em></strong></span> <span class='ocrx_word' id='word_1_29' title='bbox 1032 734 1104 781; x_wconf 85' lang='lat' dir='ltr'><strong><em>est</em></strong></span> <span class='ocrx_word' id='word_1_30' title='bbox 1139 723 1276 779; x_wconf 73' lang='lat' dir='ltr'><strong><em>vobis</em></strong></span> <span class='ocrx_word' id='word_1_31' title='bbox 1304 725 1358 777; x_wconf 88' lang='lat' dir='ltr'><strong><em>in</em></strong></span> <span class='ocrx_word' id='word_1_32' title='bbox 1397 721 1599 778; x_wconf 97' lang='lat' dir='ltr'><strong><em>Christo</em></strong></span> <span class='ocrx_word' id='word_1_33' title='bbox 1623 716 1747 773; x_wconf 82' lang='lat' dir='ltr'><strong><em>Jesu</em></strong></span> <span class='ocrx_word' id='word_1_34' title='bbox 1772 734 1791 773; x_wconf 92' lang='lat'><strong><em>:</em></strong></span> 
     </span>
    </p>
   </div>
   <div class='ocr_carea' id='block_1_6' title="bbox 284 814 1432 896">
    <p class='ocr_par' dir='ltr' id='par_1_6' title="bbox 284 814 1432 896">
     <span class='ocr_line' id='line_1_6' title="bbox 284 814 1432 896; baseline -0.01 -15"><span class='ocrx_word' id='word_1_35' title='bbox 284 827 341 882; x_wconf 83' lang='lat'><strong><em>5.</em></strong></span> <span class='ocrx_word' id='word_1_36' title='bbox 372 826 493 896; x_wconf 79' lang='lat' dir='ltr'><strong><em>quia</em></strong></span> <span class='ocrx_word' id='word_1_37' title='bbox 520 827 572 879; x_wconf 85' lang='lat' dir='ltr'><strong><em>in</em></strong></span> <span class='ocrx_word' id='word_1_38' title='bbox 592 823 729 879; x_wconf 81' lang='lat' dir='ltr'><strong><em>omni</em></strong></span> <span class='ocrx_word' id='word_1_39' title='bbox 759 821 936 876; x_wconf 71' lang='lat' dir='ltr'><strong><em>diuites</em></strong></span> <span class='ocrx_word' id='word_1_40' title='bbox 959 818 1083 890; x_wconf 83' lang='lat' dir='ltr'><strong><em>facti</em></strong></span> <span class='ocrx_word' id='word_1_41' title='bbox 1112 818 1230 873; x_wconf 85' lang='lat' dir='ltr'><strong><em>estis</em></strong></span> <span class='ocrx_word' id='word_1_42' title='bbox 1249 817 1301 870; x_wconf 90' lang='lat' dir='ltr'><strong><em>in</em></strong></span> <span class='ocrx_word' id='word_1_43' title='bbox 1320 814 1432 869; x_wconf 84' lang='lat' dir='ltr'><strong><em>illo.</em></strong></span> 
     </span>
    </p>
   </div>
   <div class='ocr_carea' id='block_1_7' title="bbox 284 905 1789 983">
    <p class='ocr_par' dir='ltr' id='par_1_7' title="bbox 284 905 1789 983">
     <span class='ocr_line' id='line_1_7' title="bbox 284 905 1789 983; baseline -0.011 -10"><span class='ocrx_word' id='word_1_44' title='bbox 284 919 340 973; x_wconf 75' lang='lat' dir='ltr'><strong><em>i.</em></strong></span> <span class='ocrx_word' id='word_1_45' title='bbox 382 915 575 972; x_wconf 67' lang='lat' dir='ltr'><strong><em>Gratia:</em></strong></span> <span class='ocrx_word' id='word_1_46' title='bbox 607 914 717 969; x_wconf 87' lang='lat' dir='ltr'><strong><em>Deo</em></strong></span> <span class='ocrx_word' id='word_1_47' title='bbox 759 908 1249 983; x_wconf 55' lang='lat' dir='ltr'><strong><em>agenda—Quod</em></strong></span> <span class='ocrx_word' id='word_1_48' title='bbox 1278 907 1412 961; x_wconf 88' lang='lat' dir='ltr'><strong><em>alios</em></strong></span> <span class='ocrx_word' id='word_1_49' title='bbox 1447 905 1691 959; x_wconf 89' lang='lat' dir='ltr'><strong><em>hortatur</em></strong></span> <span class='ocrx_word' id='word_1_50' title='bbox 1734 913 1789 957; x_wconf 91' lang='lat' dir='ltr'><strong><em>ut</em></strong></span> 
     </span>
    </p>
   </div>
   <div class='ocr_carea' id='block_1_8' title="bbox 212 998 1788 1075">
    <p class='ocr_par' dir='ltr' id='par_1_8' title="bbox 212 998 1788 1075">
     <span class='ocr_line' id='line_1_8' title="bbox 212 998 1788 1075; baseline -0.012 -8"><span class='ocrx_word' id='word_1_51' title='bbox 212 1011 412 1067; x_wconf 87' lang='lat' dir='ltr'><strong><em>faciant</em></strong></span> <span class='ocrx_word' id='word_1_52' title='bbox 432 1024 552 1064; x_wconf 91' lang='lat' dir='ltr'><strong><em>cum</em></strong></span> <span class='ocrx_word' id='word_1_53' title='bbox 581 1007 712 1063; x_wconf 90' lang='lat' dir='ltr'><strong><em>dicit</em></strong></span> <span class='ocrx_word' id='word_1_54' title='bbox 736 1023 750 1059; x_wconf 89' lang='lat'><strong>:</strong></span> <span class='ocrx_word' id='word_1_55' title='bbox 779 1004 845 1059; x_wconf 84' lang='lat' dir='ltr'><strong><em>In</em></strong></span> <span class='ocrx_word' id='word_1_56' title='bbox 871 1004 1153 1075; x_wconf 70' lang='lat' dir='ltr'><strong><em>gratiarum</em></strong></span> <span class='ocrx_word' id='word_1_57' title='bbox 1180 1002 1377 1055; x_wconf 86' lang='lat' dir='ltr'><strong><em>actione</em></strong></span> <span class='ocrx_word' id='word_1_58' title='bbox 1416 998 1677 1065; x_wconf 78' lang='lat' dir='ltr'><strong><em>petitiones</em></strong></span> <span class='ocrx_word' id='word_1_59' title='bbox 1701 1012 1788 1049; x_wconf 79' lang='lat' dir='ltr'><strong><em>ve-</em></strong></span> 
     </span>
    </p>
   </div>
   <div class='ocr_carea' id='block_1_9' title="bbox 210 1087 1785 1167">
    <p class='ocr_par' dir='ltr' id='par_1_9' title="bbox 210 1087 1785 1167">
     <span class='ocr_line' id='line_1_9' title="bbox 210 1087 1785 1167; baseline -0.01 -11"><span class='ocrx_word' id='word_1_60' title='bbox 210 1115 333 1157; x_wconf 67' lang='lat' dir='ltr'><strong><em>stra</em></strong></span> <span class='ocrx_word' id='word_1_61' title='bbox 359 1102 674 1155; x_wconf 73' lang='lat' dir='ltr'><strong><em>innotescunt</em></strong></span> <span class='ocrx_word' id='word_1_62' title='bbox 694 1097 833 1167; x_wconf 82' lang='lat' dir='ltr'><strong><em>apud</em></strong></span> <span class='ocrx_word' id='word_1_63' title='bbox 852 1094 1014 1149; x_wconf 85' lang='lat' dir='ltr'><strong><em>Deum</em></strong></span> <span class='ocrx_word' id='word_1_64' title='bbox 1037 1109 1056 1158; x_wconf 85' lang='lat'><strong><em>;</em></strong></span> <span class='ocrx_word' id='word_1_65' title='bbox 1086 1092 1190 1148; x_wconf 88' lang='lat' dir='ltr'><strong><em>hoc</em></strong></span> <span class='ocrx_word' id='word_1_66' title='bbox 1214 1093 1389 1163; x_wconf 90' lang='lat' dir='ltr'><strong><em>ipsum</em></strong></span> <span class='ocrx_word' id='word_1_67' title='bbox 1420 1089 1509 1144; x_wconf 91' lang='lat' dir='ltr'><strong><em>ille</em></strong></span> <span class='ocrx_word' id='word_1_68' title='bbox 1538 1087 1785 1152; x_wconf 74' lang='lat' dir='ltr'><strong><em>faciebat,</em></strong></span> 
     </span>
    </p>
   </div>
   <div class='ocr_carea' id='block_1_10' title="bbox 206 1181 1790 1259">
    <p class='ocr_par' dir='ltr' id='par_1_10' title="bbox 206 1181 1790 1259">
     <span class='ocr_line' id='line_1_10' title="bbox 206 1181 1790 1259; baseline -0.011 -9"><span class='ocrx_word' id='word_1_69' title='bbox 206 1196 413 1250; x_wconf 86' lang='lat' dir='ltr'><strong><em>docens</em></strong></span> <span class='ocrx_word' id='word_1_70' title='bbox 441 1206 538 1247; x_wconf 87' lang='lat' dir='ltr'><strong><em>nos</em></strong></span> <span class='ocrx_word' id='word_1_71' title='bbox 559 1190 627 1245; x_wconf 91' lang='lat' dir='ltr'><strong><em>ab</em></strong></span> <span class='ocrx_word' id='word_1_72' title='bbox 654 1187 959 1259; x_wconf 71' lang='lat' dir='ltr'><strong><em>huiusmodi</em></strong></span> <span class='ocrx_word' id='word_1_73' title='bbox 990 1200 1204 1256; x_wconf 83' lang='lat' dir='ltr'><strong><em>semper</em></strong></span> <span class='ocrx_word' id='word_1_74' title='bbox 1234 1183 1411 1239; x_wconf 79' lang='lat' dir='ltr'><strong><em>verbis</em></strong></span> <span class='ocrx_word' id='word_1_75' title='bbox 1437 1181 1676 1249; x_wconf 86' lang='lat' dir='ltr'><strong><em>incipere</em></strong></span> <span class='ocrx_word' id='word_1_76' title='bbox 1697 1220 1710 1240; x_wconf 91' lang='lat'><strong><em>.</em></strong></span> <span class='ocrx_word' id='word_1_77' title='bbox 1736 1188 1790 1233; x_wconf 85' lang='lat' dir='ltr'><strong><em>et</em></strong></span> 
     </span>
    </p>
   </div>
   <div class='ocr_carea' id='block_1_11' title="bbox 208 1276 1790 1353">
    <p class='ocr_par' dir='ltr' id='par_1_11' title="bbox 208 1276 1790 1353">
     <span class='ocr_line' id='line_1_11' title="bbox 208 1276 1790 1353; baseline -0.009 -12"><span class='ocrx_word' id='word_1_78' title='bbox 208 1296 337 1341; x_wconf 89' lang='lat' dir='ltr'><strong><em>ante</em></strong></span> <span class='ocrx_word' id='word_1_79' title='bbox 372 1284 551 1339; x_wconf 83' lang='lat' dir='ltr'><strong><em>omnia</em></strong></span> <span class='ocrx_word' id='word_1_80' title='bbox 588 1282 698 1337; x_wconf 88' lang='lat' dir='ltr'><strong><em>Deo</em></strong></span> <span class='ocrx_word' id='word_1_81' title='bbox 726 1280 926 1353; x_wconf 88' lang='lat' dir='ltr'><strong><em>gratias</em></strong></span> <span class='ocrx_word' id='word_1_82' title='bbox 952 1293 1130 1351; x_wconf 89' lang='lat' dir='ltr'><strong><em>agere.</em></strong></span> <span class='ocrx_word' id='word_1_83' title='bbox 1160 1276 1305 1331; x_wconf 86' lang='lat' dir='ltr'><strong><em>Nihil</em></strong></span> <span class='ocrx_word' id='word_1_84' title='bbox 1336 1276 1478 1328; x_wconf 88' lang='lat' dir='ltr'><strong><em>enim</em></strong></span> <span class='ocrx_word' id='word_1_85' title='bbox 1510 1282 1617 1329; x_wconf 91' lang='lat' dir='ltr'><strong><em>tam</em></strong></span> <span class='ocrx_word' id='word_1_86' title='bbox 1646 1281 1790 1327; x_wconf 91' lang='lat' dir='ltr'><strong><em>amat</em></strong></span> 
     </span>
    </p>
   </div>
   <div class='ocr_carea' id='block_1_12' title="bbox 211 1366 1788 1448">
    <p class='ocr_par' dir='ltr' id='par_1_12' title="bbox 211 1366 1788 1448">
     <span class='ocr_line' id='line_1_12' title="bbox 211 1366 1788 1448; baseline -0.011 -13"><span class='ocrx_word' id='word_1_87' title='bbox 211 1379 379 1443; x_wconf 86' lang='lat' dir='ltr'><strong><em>Deus,</em></strong></span> <span class='ocrx_word' id='word_1_88' title='bbox 407 1392 568 1448; x_wconf 88' lang='lat' dir='ltr'><strong><em>quam</em></strong></span> <span class='ocrx_word' id='word_1_89' title='bbox 604 1384 664 1431; x_wconf 90' lang='lat' dir='ltr'><strong><em>ut</em></strong></span> <span class='ocrx_word' id='word_1_90' title='bbox 690 1382 840 1445; x_wconf 82' lang='lat' dir='ltr'><strong><em>grato</em></strong></span> <span class='ocrx_word' id='word_1_91' title='bbox 883 1372 1063 1427; x_wconf 89' lang='lat' dir='ltr'><strong><em>animo</em></strong></span> <span class='ocrx_word' id='word_1_92' title='bbox 1092 1370 1293 1434; x_wconf 87' lang='lat' dir='ltr'><strong><em>simus,</em></strong></span> <span class='ocrx_word' id='word_1_93' title='bbox 1324 1377 1378 1423; x_wconf 92' lang='lat' dir='ltr'><strong><em>et</em></strong></span> <span class='ocrx_word' id='word_1_94' title='bbox 1414 1382 1511 1437; x_wconf 88' lang='lat' dir='ltr'><strong><em>pro</em></strong></span> <span class='ocrx_word' id='word_1_95' title='bbox 1548 1366 1704 1421; x_wconf 88' lang='lat' dir='ltr'><strong><em>nobis</em></strong></span> <span class='ocrx_word' id='word_1_96' title='bbox 1733 1375 1788 1420; x_wconf 91' lang='lat' dir='ltr'><strong><em>et</em></strong></span> 
     </span>
    </p>
   </div>
   <div class='ocr_carea' id='block_1_13' title="bbox 211 1457 1786 1541">
    <p class='ocr_par' dir='ltr' id='par_1_13' title="bbox 211 1457 1786 1541">
     <span class='ocr_line' id='line_1_13' title="bbox 211 1457 1786 1541; baseline -0.01 -15"><span class='ocrx_word' id='word_1_97' title='bbox 211 1486 311 1541; x_wconf 90' lang='lat' dir='ltr'><strong><em>pro</em></strong></span> <span class='ocrx_word' id='word_1_98' title='bbox 339 1471 477 1526; x_wconf 89' lang='lat' dir='ltr'><strong><em>aliis.</em></strong></span> <span class='ocrx_word' id='word_1_99' title='bbox 506 1468 737 1538; x_wconf 85' lang='lat' dir='ltr'><strong><em>ideoque</em></strong></span> <span class='ocrx_word' id='word_1_100' title='bbox 767 1467 820 1520; x_wconf 92' lang='lat' dir='ltr'><strong><em>in</em></strong></span> <span class='ocrx_word' id='word_1_101' title='bbox 848 1464 994 1520; x_wconf 90' lang='lat' dir='ltr'><strong><em>omni</em></strong></span> <span class='ocrx_word' id='word_1_102' title='bbox 1036 1461 1150 1516; x_wconf 87' lang='lat' dir='ltr'><strong><em>fere</em></strong></span> <span class='ocrx_word' id='word_1_103' title='bbox 1170 1460 1394 1529; x_wconf 88' lang='lat' dir='ltr'><strong><em>epistola</em></strong></span> <span class='ocrx_word' id='word_1_104' title='bbox 1424 1460 1524 1515; x_wconf 89' lang='lat' dir='ltr'><strong><em>hoc</em></strong></span> <span class='ocrx_word' id='word_1_105' title='bbox 1551 1457 1786 1529; x_wconf 78' lang='lat' dir='ltr'><strong><em>przemit-</em></strong></span> 
     </span>
    </p>
   </div>
   <div class='ocr_carea' id='block_1_14' title="bbox 211 1548 1783 1628">
    <p class='ocr_par' dir='ltr' id='par_1_14' title="bbox 211 1548 1783 1628">
     <span class='ocr_line' id='line_1_14' title="bbox 211 1548 1783 1628; baseline -0.011 -11"><span class='ocrx_word' id='word_1_106' title='bbox 211 1564 303 1627; x_wconf 89' lang='lat' dir='ltr'><strong><em>tit;</em></strong></span> <span class='ocrx_word' id='word_1_107' title='bbox 329 1562 416 1617; x_wconf 88' lang='lat' dir='ltr'><strong><em>hic</em></strong></span> <span class='ocrx_word' id='word_1_108' title='bbox 435 1576 562 1616; x_wconf 87' lang='lat' dir='ltr'><strong><em>vero</em></strong></span> <span class='ocrx_word' id='word_1_109' title='bbox 582 1559 751 1628; x_wconf 83' lang='lat' dir='ltr'><strong><em>magis</em></strong></span> <span class='ocrx_word' id='word_1_110' title='bbox 769 1553 1074 1612; x_wconf 88' lang='lat' dir='ltr'><strong><em>necessario</em></strong></span> <span class='ocrx_word' id='word_1_111' title='bbox 1096 1552 1197 1607; x_wconf 92' lang='lat' dir='ltr'><strong><em>hoc</em></strong></span> <span class='ocrx_word' id='word_1_112' title='bbox 1220 1550 1363 1615; x_wconf 88' lang='lat' dir='ltr'><strong><em>facit,</em></strong></span> <span class='ocrx_word' id='word_1_113' title='bbox 1387 1566 1544 1620; x_wconf 88' lang='lat' dir='ltr'><strong><em>quam</em></strong></span> <span class='ocrx_word' id='word_1_114' title='bbox 1571 1549 1623 1603; x_wconf 93' lang='lat' dir='ltr'><strong><em>in</em></strong></span> <span class='ocrx_word' id='word_1_115' title='bbox 1644 1548 1783 1603; x_wconf 78' lang='lat' dir='ltr'><strong><em>aliis.</em></strong></span> 
     </span>
    </p>
   </div>
   <div class='ocr_carea' id='block_1_15' title="bbox 207 1643 1788 1724">
    <p class='ocr_par' dir='ltr' id='par_1_15' title="bbox 207 1643 1788 1724">
     <span class='ocr_line' id='line_1_15' title="bbox 207 1643 1788 1724; baseline -0.009 -14"><span class='ocrx_word' id='word_1_116' title='bbox 207 1655 342 1710; x_wconf 81' lang='lat' dir='ltr'><strong><em>Nam</em></strong></span> <span class='ocrx_word' id='word_1_117' title='bbox 367 1655 458 1724; x_wconf 86' lang='lat' dir='ltr'><strong><em>qui</em></strong></span> <span class='ocrx_word' id='word_1_118' title='bbox 494 1652 692 1722; x_wconf 87' lang='lat' dir='ltr'><strong><em>gratias</em></strong></span> <span class='ocrx_word' id='word_1_119' title='bbox 716 1657 846 1721; x_wconf 72' lang='lat' dir='ltr'><strong><em>agit,</em></strong></span> <span class='ocrx_word' id='word_1_120' title='bbox 874 1657 933 1703; x_wconf 88' lang='lat' dir='ltr'><strong><em>ut</em></strong></span> <span class='ocrx_word' id='word_1_121' title='bbox 955 1646 1215 1703; x_wconf 89' lang='lat' dir='ltr'><strong><em>beneﬁcio</em></strong></span> <span class='ocrx_word' id='word_1_122' title='bbox 1234 1645 1466 1700; x_wconf 72' lang='lat' dir='ltr'><strong><em>allectus</em></strong></span> <span class='ocrx_word' id='word_1_123' title='bbox 1490 1643 1537 1697; x_wconf 92' lang='lat' dir='ltr'><strong><em>id</em></strong></span> <span class='ocrx_word' id='word_1_124' title='bbox 1566 1644 1705 1713; x_wconf 90' lang='lat' dir='ltr'><strong><em>agit,</em></strong></span> <span class='ocrx_word' id='word_1_125' title='bbox 1734 1651 1788 1696; x_wconf 91' lang='lat' dir='ltr'><strong><em>et</em></strong></span> 
     </span>
    </p>
   </div>
   <div class='ocr_carea' id='block_1_16' title="bbox 206 1735 1787 1818">
    <p class='ocr_par' dir='ltr' id='par_1_16' title="bbox 206 1735 1787 1818">
     <span class='ocr_line' id='line_1_16' title="bbox 206 1735 1787 1818; baseline -0.007 -18"><span class='ocrx_word' id='word_1_126' title='bbox 206 1746 436 1818; x_wconf 87' lang='lat' dir='ltr'><strong><em>gratiam</em></strong></span> <span class='ocrx_word' id='word_1_127' title='bbox 460 1743 630 1814; x_wconf 85' lang='lat' dir='ltr'><strong><em>gratia</em></strong></span> <span class='ocrx_word' id='word_1_128' title='bbox 655 1740 922 1811; x_wconf 89' lang='lat' dir='ltr'><strong><em>rependit.</em></strong></span> <span class='ocrx_word' id='word_1_129' title='bbox 947 1738 1130 1795; x_wconf 86' lang='lat' dir='ltr'><strong><em>Gratia</em></strong></span> <span class='ocrx_word' id='word_1_130' title='bbox 1157 1752 1285 1792; x_wconf 90' lang='lat' dir='ltr'><strong><em>vero</em></strong></span> <span class='ocrx_word' id='word_1_131' title='bbox 1310 1752 1408 1792; x_wconf 85' lang='lat' dir='ltr'><strong><em>nec</em></strong></span> <span class='ocrx_word' id='word_1_132' title='bbox 1427 1735 1661 1791; x_wconf 89' lang='lat' dir='ltr'><strong><em>debitum</em></strong></span> <span class='ocrx_word' id='word_1_133' title='bbox 1689 1749 1787 1789; x_wconf 89' lang='lat' dir='ltr'><strong><em>nec</em></strong></span> 
     </span>
    </p>
   </div>
   <div class='ocr_carea' id='block_1_17' title="bbox 207 1828 1787 1899">
    <p class='ocr_par' dir='ltr' id='par_1_17' title="bbox 207 1828 1787 1899">
     <span class='ocr_line' id='line_1_17' title="bbox 207 1828 1787 1899; baseline -0.009 -6"><span class='ocrx_word' id='word_1_134' title='bbox 207 1852 419 1894; x_wconf 85' lang='lat' dir='ltr'><strong><em>merces</em></strong></span> <span class='ocrx_word' id='word_1_135' title='bbox 444 1852 545 1892; x_wconf 84' lang='lat' dir='ltr'><strong><em>nec</em></strong></span> <span class='ocrx_word' id='word_1_136' title='bbox 570 1834 853 1891; x_wconf 83' lang='lat' dir='ltr'><strong><em>retributio</em></strong></span> <span class='ocrx_word' id='word_1_137' title='bbox 873 1840 976 1888; x_wconf 81' lang='lat' dir='ltr'><strong><em>est.</em></strong></span> <span class='ocrx_word' id='word_1_138' title='bbox 1004 1829 1156 1898; x_wconf 84' lang='lat' dir='ltr'><strong><em>Quod</em></strong></span> <span class='ocrx_word' id='word_1_139' title='bbox 1190 1829 1382 1899; x_wconf 89' lang='lat' dir='ltr'><strong><em>ubique</em></strong></span> <span class='ocrx_word' id='word_1_140' title='bbox 1399 1828 1577 1883; x_wconf 89' lang='lat' dir='ltr'><strong><em>dicere</em></strong></span> <span class='ocrx_word' id='word_1_141' title='bbox 1600 1839 1787 1880; x_wconf 86' lang='lat' dir='ltr'><strong><em>neces-</em></strong></span> 
     </span>
    </p>
   </div>
   <div class='ocr_carea' id='block_1_18' title="bbox 204 1915 1785 1995">
    <p class='ocr_par' dir='ltr' id='par_1_18' title="bbox 204 1915 1785 1995">
     <span class='ocr_line' id='line_1_18' title="bbox 204 1915 1785 1995; baseline -0.011 -9"><span class='ocrx_word' id='word_1_142' title='bbox 204 1946 267 1987; x_wconf 85' lang='lat' dir='ltr'><strong><em>se</em></strong></span> <span class='ocrx_word' id='word_1_143' title='bbox 295 1939 444 1995; x_wconf 89' lang='lat' dir='ltr'><strong><em>erat,</em></strong></span> <span class='ocrx_word' id='word_1_144' title='bbox 484 1928 715 1983; x_wconf 77' lang='lat' dir='ltr'><strong><em>maxime</em></strong></span> <span class='ocrx_word' id='word_1_145' title='bbox 744 1938 872 1980; x_wconf 88' lang='lat' dir='ltr'><strong><em>vero</em></strong></span> <span class='ocrx_word' id='word_1_146' title='bbox 896 1920 1191 1978; x_wconf 85' lang='lat' dir='ltr'><strong><em>Corinthiis</em></strong></span> <span class='ocrx_word' id='word_1_147' title='bbox 1214 1960 1230 1985; x_wconf 94' lang='lat'><strong><em>,</em></strong></span> <span class='ocrx_word' id='word_1_148' title='bbox 1276 1920 1366 1989; x_wconf 88' lang='lat' dir='ltr'><strong><em>qui</em></strong></span> <span class='ocrx_word' id='word_1_149' title='bbox 1409 1918 1681 1973; x_wconf 87' lang='lat' dir='ltr'><strong><em>inhiabant</em></strong></span> <span class='ocrx_word' id='word_1_150' title='bbox 1718 1915 1785 1970; x_wconf 90' lang='lat' dir='ltr'><strong><em>ad</em></strong></span> 
     </span>
    </p>
   </div>
   <div class='ocr_carea' id='block_1_19' title="bbox 203 2008 1784 2090">
    <p class='ocr_par' dir='ltr' id='par_1_19' title="bbox 203 2008 1784 2090">
     <span class='ocr_line' id='line_1_19' title="bbox 203 2008 1784 2090; baseline -0.011 -12"><span class='ocrx_word' id='word_1_151' title='bbox 203 2036 324 2081; x_wconf 85' lang='lat' dir='ltr'><strong><em>eos,</em></strong></span> <span class='ocrx_word' id='word_1_152' title='bbox 356 2019 446 2090; x_wconf 87' lang='lat' dir='ltr'><strong><em>qui</em></strong></span> <span class='ocrx_word' id='word_1_153' title='bbox 473 2015 787 2073; x_wconf 80' lang='lat' dir='ltr'><strong><em>scindebant</em></strong></span> <span class='ocrx_word' id='word_1_154' title='bbox 826 2012 1143 2069; x_wconf 82' lang='lat' dir='ltr'><strong><em>Ecclesiam.</em></strong></span> <span class='ocrx_word' id='word_1_155' title='bbox 1178 2009 1285 2065; x_wconf 90' lang='lat' dir='ltr'><strong><em>Deo</em></strong></span> <span class='ocrx_word' id='word_1_156' title='bbox 1311 2026 1440 2064; x_wconf 85' lang='lat' dir='ltr'><strong><em>meo.</em></strong></span> <span class='ocrx_word' id='word_1_157' title='bbox 1476 2008 1556 2063; x_wconf 86' lang='lat' dir='ltr'><strong><em>Ex</em></strong></span> <span class='ocrx_word' id='word_1_158' title='bbox 1586 2008 1784 2078; x_wconf 77' lang='lat' dir='ltr'><strong><em>ingenti</em></strong></span> 
     </span>
    </p>
   </div>
   <div class='ocr_carea' id='block_1_20' title="bbox 202 2102 1783 2183">
    <p class='ocr_par' dir='ltr' id='par_1_20' title="bbox 202 2102 1783 2183">
     <span class='ocr_line' id='line_1_20' title="bbox 202 2102 1783 2183; baseline -0.008 -15"><span class='ocrx_word' id='word_1_159' title='bbox 202 2115 401 2169; x_wconf 82' lang='lat' dir='ltr'><strong><em>aﬁ&#39;ectu</em></strong></span> <span class='ocrx_word' id='word_1_160' title='bbox 428 2112 567 2183; x_wconf 90' lang='lat' dir='ltr'><strong><em>quod</em></strong></span> <span class='ocrx_word' id='word_1_161' title='bbox 601 2123 886 2166; x_wconf 88' lang='lat' dir='ltr'><strong><em>commune</em></strong></span> <span class='ocrx_word' id='word_1_162' title='bbox 908 2114 1024 2162; x_wconf 82' lang='lat' dir='ltr'><strong><em>erat</em></strong></span> <span class='ocrx_word' id='word_1_163' title='bbox 1062 2105 1239 2175; x_wconf 89' lang='lat' dir='ltr'><strong><em>rapit,</em></strong></span> <span class='ocrx_word' id='word_1_164' title='bbox 1273 2113 1329 2159; x_wconf 91' lang='lat' dir='ltr'><strong><em>et</em></strong></span> <span class='ocrx_word' id='word_1_165' title='bbox 1370 2103 1475 2160; x_wconf 88' lang='lat' dir='ltr'><strong><em>sibi</em></strong></span> <span class='ocrx_word' id='word_1_166' title='bbox 1512 2102 1783 2174; x_wconf 82' lang='lat' dir='ltr'><strong><em>proprium</em></strong></span> 
     </span>
    </p>
   </div>
   <div class='ocr_carea' id='block_1_21' title="bbox 203 2194 1782 2275">
    <p class='ocr_par' dir='ltr' id='par_1_21' title="bbox 203 2194 1782 2275">
     <span class='ocr_line' id='line_1_21' title="bbox 203 2194 1782 2275; baseline -0.009 -14"><span class='ocrx_word' id='word_1_167' title='bbox 203 2207 371 2271; x_wconf 79' lang='lat' dir='ltr'><strong><em>facit;</em></strong></span> <span class='ocrx_word' id='word_1_168' title='bbox 398 2204 541 2275; x_wconf 89' lang='lat' dir='ltr'><strong><em>quod</em></strong></span> <span class='ocrx_word' id='word_1_169' title='bbox 566 2203 725 2259; x_wconf 89' lang='lat' dir='ltr'><strong><em>etiam</em></strong></span> <span class='ocrx_word' id='word_1_170' title='bbox 755 2199 1030 2272; x_wconf 69' lang='lat' dir='ltr'><strong><em>prophetae</em></strong></span> <span class='ocrx_word' id='word_1_171' title='bbox 1059 2213 1274 2268; x_wconf 88' lang='lat' dir='ltr'><strong><em>semper</em></strong></span> <span class='ocrx_word' id='word_1_172' title='bbox 1299 2196 1476 2252; x_wconf 90' lang='lat' dir='ltr'><strong><em>dicere</em></strong></span> <span class='ocrx_word' id='word_1_173' title='bbox 1501 2194 1782 2250; x_wconf 85' lang='lat' dir='ltr'><strong><em>solebant:</em></strong></span> 
     </span>
    </p>
   </div>
   <div class='ocr_carea' id='block_1_22' title="bbox 204 2283 1785 2371">
    <p class='ocr_par' dir='ltr' id='par_1_22' title="bbox 204 2283 1785 2371">
     <span class='ocr_line' id='line_1_22' title="bbox 204 2283 1785 2371; baseline -0.009 -19"><span class='ocrx_word' id='word_1_174' title='bbox 204 2297 371 2363; x_wconf 82' lang='lat' dir='ltr'><strong><em>Deus,</em></strong></span> <span class='ocrx_word' id='word_1_175' title='bbox 399 2295 536 2351; x_wconf 80' lang='lat' dir='ltr'><strong><em>Deus</em></strong></span> <span class='ocrx_word' id='word_1_176' title='bbox 555 2310 714 2349; x_wconf 85' lang='lat' dir='ltr'><strong><em>meus.</em></strong></span> <span class='ocrx_word' id='word_1_177' title='bbox 746 2293 1107 2371; x_wconf 84' lang='lat' dir='ltr'><strong><em>Hortaturque</em></strong></span> <span class='ocrx_word' id='word_1_178' title='bbox 1134 2290 1257 2345; x_wconf 89' lang='lat' dir='ltr'><strong><em>illos</em></strong></span> <span class='ocrx_word' id='word_1_179' title='bbox 1278 2298 1334 2344; x_wconf 92' lang='lat' dir='ltr'><strong><em>ut</em></strong></span> <span class='ocrx_word' id='word_1_180' title='bbox 1360 2286 1464 2342; x_wconf 86' lang='lat' dir='ltr'><strong><em>hoc</em></strong></span> <span class='ocrx_word' id='word_1_181' title='bbox 1503 2286 1675 2356; x_wconf 91' lang='lat' dir='ltr'><strong><em>ipsum</em></strong></span> <span class='ocrx_word' id='word_1_182' title='bbox 1700 2283 1785 2338; x_wconf 87' lang='lat' dir='ltr'><strong><em>di-</em></strong></span> 
     </span>
    </p>
   </div>
   <div class='ocr_carea' id='block_1_23' title="bbox 200 2379 1784 2459">
    <p class='ocr_par' dir='ltr' id='par_1_23' title="bbox 200 2379 1784 2459">
     <span class='ocr_line' id='line_1_23' title="bbox 200 2379 1784 2459; baseline -0.009 -14"><span class='ocrx_word' id='word_1_183' title='bbox 200 2400 351 2445; x_wconf 86' lang='lat' dir='ltr'><strong><em>cant.</em></strong></span> <span class='ocrx_word' id='word_1_184' title='bbox 374 2388 506 2445; x_wconf 89' lang='lat' dir='ltr'><strong><em>Nam</em></strong></span> <span class='ocrx_word' id='word_1_185' title='bbox 532 2389 622 2459; x_wconf 90' lang='lat' dir='ltr'><strong><em>qui</em></strong></span> <span class='ocrx_word' id='word_1_186' title='bbox 648 2387 719 2442; x_wconf 91' lang='lat' dir='ltr'><strong><em>ita</em></strong></span> <span class='ocrx_word' id='word_1_187' title='bbox 746 2384 984 2455; x_wconf 87' lang='lat' dir='ltr'><strong><em>loquitur</em></strong></span> <span class='ocrx_word' id='word_1_188' title='bbox 1002 2423 1019 2449; x_wconf 91' lang='lat'><strong><em>,</em></strong></span> <span class='ocrx_word' id='word_1_189' title='bbox 1048 2382 1115 2437; x_wconf 87' lang='lat' dir='ltr'><strong><em>ab</em></strong></span> <span class='ocrx_word' id='word_1_190' title='bbox 1140 2381 1385 2436; x_wconf 89' lang='lat' dir='ltr'><strong><em>humanis</em></strong></span> <span class='ocrx_word' id='word_1_191' title='bbox 1415 2379 1666 2434; x_wconf 87' lang='lat' dir='ltr'><strong><em>omnibus</em></strong></span> <span class='ocrx_word' id='word_1_192' title='bbox 1695 2392 1784 2432; x_wconf 89' lang='lat' dir='ltr'><strong><em>re-</em></strong></span> 
     </span>
    </p>
   </div>
   <div class='ocr_carea' id='block_1_24' title="bbox 201 2469 1788 2547">
    <p class='ocr_par' dir='ltr' id='par_1_24' title="bbox 201 2469 1788 2547">
     <span class='ocr_line' id='line_1_24' title="bbox 201 2469 1788 2547; baseline -0.009 -10"><span class='ocrx_word' id='word_1_193' title='bbox 201 2481 381 2547; x_wconf 87' lang='lat' dir='ltr'><strong><em>cedit,</em></strong></span> <span class='ocrx_word' id='word_1_194' title='bbox 422 2489 477 2535; x_wconf 91' lang='lat' dir='ltr'><strong><em>et</em></strong></span> <span class='ocrx_word' id='word_1_195' title='bbox 513 2479 582 2535; x_wconf 89' lang='lat' dir='ltr'><strong><em>ad</em></strong></span> <span class='ocrx_word' id='word_1_196' title='bbox 622 2478 770 2533; x_wconf 90' lang='lat' dir='ltr'><strong><em>illum</em></strong></span> <span class='ocrx_word' id='word_1_197' title='bbox 802 2475 1005 2541; x_wconf 88' lang='lat' dir='ltr'><strong><em>tendit,</em></strong></span> <span class='ocrx_word' id='word_1_198' title='bbox 1035 2489 1194 2545; x_wconf 87' lang='lat' dir='ltr'><strong><em>quem</em></strong></span> <span class='ocrx_word' id='word_1_199' title='bbox 1222 2487 1342 2528; x_wconf 89' lang='lat' dir='ltr'><strong><em>cum</em></strong></span> <span class='ocrx_word' id='word_1_200' title='bbox 1386 2470 1578 2526; x_wconf 74' lang='lat' dir='ltr'><strong><em>affectu</em></strong></span> <span class='ocrx_word' id='word_1_201' title='bbox 1619 2469 1788 2524; x_wconf 90' lang='lat' dir='ltr'><strong><em>multo</em></strong></span> 
     </span>
    </p>
   </div>
   <div class='ocr_carea' id='block_1_25' title="bbox 202 2563 1786 2641">
    <p class='ocr_par' dir='ltr' id='par_1_25' title="bbox 202 2563 1786 2641">
     <span class='ocr_line' id='line_1_25' title="bbox 202 2563 1786 2641; baseline -0.006 -14"><span class='ocrx_word' id='word_1_202' title='bbox 202 2582 383 2627; x_wconf 85' lang='lat' dir='ltr'><strong><em>vocat.</em></strong></span> <span class='ocrx_word' id='word_1_203' title='bbox 418 2572 530 2627; x_wconf 79' lang='lat' dir='ltr'><strong><em>Hoc</em></strong></span> <span class='ocrx_word' id='word_1_204' title='bbox 554 2572 697 2626; x_wconf 92' lang='lat' dir='ltr'><strong><em>enim</em></strong></span> <span class='ocrx_word' id='word_1_205' title='bbox 725 2570 940 2641; x_wconf 88' lang='lat' dir='ltr'><strong><em>proprie</em></strong></span> <span class='ocrx_word' id='word_1_206' title='bbox 966 2578 1021 2623; x_wconf 91' lang='lat' dir='ltr'><strong><em>et</em></strong></span> <span class='ocrx_word' id='word_1_207' title='bbox 1042 2583 1170 2624; x_wconf 85' lang='lat' dir='ltr'><strong><em>vere</em></strong></span> <span class='ocrx_word' id='word_1_208' title='bbox 1190 2566 1373 2622; x_wconf 84' lang='lat' dir='ltr'><strong><em>dicere</em></strong></span> <span class='ocrx_word' id='word_1_209' title='bbox 1400 2574 1575 2635; x_wconf 88' lang='lat' dir='ltr'><strong><em>potest</em></strong></span> <span class='ocrx_word' id='word_1_210' title='bbox 1603 2564 1668 2628; x_wconf 89' lang='lat' dir='ltr'><strong><em>is,</em></strong></span> <span class='ocrx_word' id='word_1_211' title='bbox 1695 2563 1786 2634; x_wconf 85' lang='lat' dir='ltr'><strong><em>qui</em></strong></span> 
     </span>
    </p>
   </div>
   <div class='ocr_carea' id='block_1_26' title="bbox 202 2654 1789 2726">
    <p class='ocr_par' dir='ltr' id='par_1_26' title="bbox 202 2654 1789 2726">
     <span class='ocr_line' id='line_1_26' title="bbox 202 2654 1789 2726; baseline -0.005 -9"><span class='ocrx_word' id='word_1_212' title='bbox 202 2680 232 2717; x_wconf 89' lang='lat' dir='ltr'><strong><em>a</em></strong></span> <span class='ocrx_word' id='word_1_213' title='bbox 262 2661 615 2717; x_wconf 63' lang='lat' dir='ltr'><strong><em>smcularibus</em></strong></span> <span class='ocrx_word' id='word_1_214' title='bbox 640 2661 804 2715; x_wconf 88' lang='lat' dir='ltr'><strong><em>rebus</em></strong></span> <span class='ocrx_word' id='word_1_215' title='bbox 840 2658 909 2713; x_wconf 89' lang='lat' dir='ltr'><strong><em>ad</em></strong></span> <span class='ocrx_word' id='word_1_216' title='bbox 945 2659 1113 2713; x_wconf 82' lang='lat' dir='ltr'><strong><em>Deum</em></strong></span> <span class='ocrx_word' id='word_1_217' title='bbox 1143 2671 1359 2726; x_wconf 78' lang='lat' dir='ltr'><strong><em>semper</em></strong></span> <span class='ocrx_word' id='word_1_218' title='bbox 1401 2654 1644 2711; x_wconf 88' lang='lat' dir='ltr'><strong><em>ascendit</em></strong></span> <span class='ocrx_word' id='word_1_219' title='bbox 1673 2695 1690 2721; x_wconf 90' lang='lat'><strong><em>,</em></strong></span> <span class='ocrx_word' id='word_1_220' title='bbox 1734 2663 1789 2709; x_wconf 91' lang='lat' dir='ltr'><strong><em>et</em></strong></span> 
     </span>
    </p>
   </div>
   <div class='ocr_carea' id='block_1_27' title="bbox 209 2746 1787 2824">
    <p class='ocr_par' dir='ltr' id='par_1_27' title="bbox 209 2746 1787 2824">
     <span class='ocr_line' id='line_1_27' title="bbox 209 2746 1787 2824; baseline -0.007 -17"><span class='ocrx_word' id='word_1_221' title='bbox 209 2756 411 2824; x_wconf 85' lang='lat' dir='ltr'><strong><em>ubique</em></strong></span> <span class='ocrx_word' id='word_1_222' title='bbox 448 2753 596 2807; x_wconf 90' lang='lat' dir='ltr'><strong><em>illum</em></strong></span> <span class='ocrx_word' id='word_1_223' title='bbox 651 2750 899 2804; x_wconf 90' lang='lat' dir='ltr'><strong><em>omnibus</em></strong></span> <span class='ocrx_word' id='word_1_224' title='bbox 938 2746 1234 2817; x_wconf 68' lang='lat' dir='ltr'><strong><em>praeponit,</em></strong></span> <span class='ocrx_word' id='word_1_225' title='bbox 1276 2746 1485 2814; x_wconf 87' lang='lat' dir='ltr'><strong><em>ipsique</em></strong></span> <span class='ocrx_word' id='word_1_226' title='bbox 1528 2752 1787 2813; x_wconf 88' lang='lat' dir='ltr'><strong><em>perpetuo</em></strong></span> 
     </span>
    </p>
   </div>
   <div class='ocr_carea' id='block_1_28' title="bbox 204 2833 1786 2918">
    <p class='ocr_par' dir='ltr' id='par_1_28' title="bbox 204 2833 1786 2918">
     <span class='ocr_line' id='line_1_28' title="bbox 204 2833 1786 2918; baseline -0.009 -15"><span class='ocrx_word' id='word_1_227' title='bbox 204 2847 406 2918; x_wconf 85' lang='lat' dir='ltr'><strong><em>gratias</em></strong></span> <span class='ocrx_word' id='word_1_228' title='bbox 433 2846 562 2916; x_wconf 87' lang='lat' dir='ltr'><strong><em>agit,</em></strong></span> <span class='ocrx_word' id='word_1_229' title='bbox 589 2859 696 2899; x_wconf 89' lang='lat' dir='ltr'><strong><em>non</em></strong></span> <span class='ocrx_word' id='word_1_230' title='bbox 734 2840 907 2897; x_wconf 91' lang='lat' dir='ltr'><strong><em>solum</em></strong></span> <span class='ocrx_word' id='word_1_231' title='bbox 944 2838 1012 2895; x_wconf 92' lang='lat' dir='ltr'><strong><em>de</em></strong></span> <span class='ocrx_word' id='word_1_232' title='bbox 1044 2839 1211 2910; x_wconf 88' lang='lat' dir='ltr'><strong><em>gratia</em></strong></span> <span class='ocrx_word' id='word_1_233' title='bbox 1252 2836 1363 2907; x_wconf 90' lang='lat' dir='ltr'><strong><em>jam</em></strong></span> <span class='ocrx_word' id='word_1_234' title='bbox 1412 2836 1571 2901; x_wconf 88' lang='lat' dir='ltr'><strong><em>data;</em></strong></span> <span class='ocrx_word' id='word_1_235' title='bbox 1608 2833 1701 2890; x_wconf 89' lang='lat' dir='ltr'><strong><em>sed</em></strong></span> <span class='ocrx_word' id='word_1_236' title='bbox 1741 2834 1786 2888; x_wconf 90' lang='lat' dir='ltr'><strong><em>si</em></strong></span> 
     </span>
    </p>
   </div>
   <div class='ocr_carea' id='block_1_29' title="bbox 203 2926 1785 3010">
    <p class='ocr_par' dir='ltr' id='par_1_29' title="bbox 203 2926 1785 3010">
     <span class='ocr_line' id='line_1_29' title="bbox 203 2926 1785 3010; baseline -0.007 -19"><span class='ocrx_word' id='word_1_237' title='bbox 203 2939 331 3010; x_wconf 86' lang='lat' dir='ltr'><strong><em>quid</em></strong></span> <span class='ocrx_word' id='word_1_238' title='bbox 356 2946 539 3008; x_wconf 89' lang='lat' dir='ltr'><strong><em>postea</em></strong></span> <span class='ocrx_word' id='word_1_239' title='bbox 562 2935 687 2992; x_wconf 89' lang='lat' dir='ltr'><strong><em>boni</em></strong></span> <span class='ocrx_word' id='word_1_240' title='bbox 717 2934 911 2988; x_wconf 82' lang='lat' dir='ltr'><strong><em>factum</em></strong></span> <span class='ocrx_word' id='word_1_241' title='bbox 938 2932 1028 2994; x_wconf 83' lang='lat' dir='ltr'><strong><em>sit,</em></strong></span> <span class='ocrx_word' id='word_1_242' title='bbox 1053 2945 1148 3001; x_wconf 92' lang='lat' dir='ltr'><strong><em>pro</em></strong></span> <span class='ocrx_word' id='word_1_243' title='bbox 1173 2944 1238 2985; x_wconf 90' lang='lat' dir='ltr'><strong><em>eo</em></strong></span> <span class='ocrx_word' id='word_1_244' title='bbox 1259 2930 1419 2985; x_wconf 90' lang='lat' dir='ltr'><strong><em>etiam</em></strong></span> <span class='ocrx_word' id='word_1_245' title='bbox 1446 2926 1659 2982; x_wconf 88' lang='lat' dir='ltr'><strong><em>laudem</em></strong></span> <span class='ocrx_word' id='word_1_246' title='bbox 1687 2926 1785 2996; x_wconf 89' lang='lat' dir='ltr'><strong><em>ipsi</em></strong></span> 
     </span>
    </p>
   </div>
   <div class='ocr_carea' id='block_1_30' title="bbox 201 3019 1784 3092">
    <p class='ocr_par' dir='ltr' id='par_1_30' title="bbox 201 3019 1784 3092">
     <span class='ocr_line' id='line_1_30' title="bbox 201 3019 1784 3092; baseline -0.01 -5"><span class='ocrx_word' id='word_1_247' title='bbox 201 3030 392 3087; x_wconf 82' lang='lat' dir='ltr'><strong><em>refert.</em></strong></span> <span class='ocrx_word' id='word_1_248' title='bbox 424 3028 551 3084; x_wconf 87' lang='lat' dir='ltr'><strong><em>Ideo</em></strong></span> <span class='ocrx_word' id='word_1_249' title='bbox 579 3042 685 3084; x_wconf 92' lang='lat' dir='ltr'><strong><em>non</em></strong></span> <span class='ocrx_word' id='word_1_250' title='bbox 712 3026 885 3082; x_wconf 86' lang='lat' dir='ltr'><strong><em>solum</em></strong></span> <span class='ocrx_word' id='word_1_251' title='bbox 912 3024 1063 3089; x_wconf 89' lang='lat' dir='ltr'><strong><em>dixit,</em></strong></span> <span class='ocrx_word' id='word_1_252' title='bbox 1096 3022 1309 3078; x_wconf 85' lang='lat' dir='ltr'><strong><em>Gratias</em></strong></span> <span class='ocrx_word' id='word_1_253' title='bbox 1334 3036 1453 3092; x_wconf 84' lang='lat' dir='ltr'><strong><em>ago.</em></strong></span> <span class='ocrx_word' id='word_1_254' title='bbox 1484 3019 1579 3076; x_wconf 90' lang='lat' dir='ltr'><strong><em>sed</em></strong></span> <span class='ocrx_word' id='word_1_255' title='bbox 1601 3019 1784 3083; x_wconf 89' lang='lat' dir='ltr'><strong><em>etiam,</em></strong></span> 
     </span>
    </p>
   </div>
   <div class='ocr_carea' id='block_1_31' title="bbox 207 3113 1787 3192">
    <p class='ocr_par' dir='ltr' id='par_1_31' title="bbox 207 3113 1787 3192">
     <span class='ocr_line' id='line_1_31' title="bbox 207 3113 1787 3192; baseline -0.009 -15"><span class='ocrx_word' id='word_1_256' title='bbox 207 3123 423 3192; x_wconf 80' lang='lat' dir='ltr'><strong><em>Semper</em></strong></span> <span class='ocrx_word' id='word_1_257' title='bbox 445 3136 538 3190; x_wconf 76' lang='lat' dir='ltr'><strong><em>pro</em></strong></span> <span class='ocrx_word' id='word_1_258' title='bbox 563 3119 720 3186; x_wconf 78' lang='lat' dir='ltr'><strong><em>vobis,</em></strong></span> <span class='ocrx_word' id='word_1_259' title='bbox 751 3131 851 3172; x_wconf 92' lang='lat' dir='ltr'><strong><em>nos</em></strong></span> <span class='ocrx_word' id='word_1_260' title='bbox 882 3114 1167 3171; x_wconf 90' lang='lat' dir='ltr'><strong><em>instituens</em></strong></span> <span class='ocrx_word' id='word_1_261' title='bbox 1190 3155 1205 3178; x_wconf 92' lang='lat'><strong><em>,</em></strong></span> <span class='ocrx_word' id='word_1_262' title='bbox 1235 3124 1294 3168; x_wconf 90' lang='lat' dir='ltr'><strong><em>ut</em></strong></span> <span class='ocrx_word' id='word_1_263' title='bbox 1321 3113 1398 3167; x_wconf 86' lang='lat' dir='ltr'><strong><em>illi</em></strong></span> <span class='ocrx_word' id='word_1_264' title='bbox 1426 3125 1639 3182; x_wconf 88' lang='lat' dir='ltr'><strong><em>semper</em></strong></span> <span class='ocrx_word' id='word_1_265' title='bbox 1665 3123 1787 3180; x_wconf 89' lang='lat' dir='ltr'><strong><em>gra-</em></strong></span> 
     </span>
    </p>
   </div>
   <div class='ocr_carea' id='block_1_32' title="bbox 204 3204 1781 3280">
    <p class='ocr_par' dir='ltr' id='par_1_32' title="bbox 204 3204 1781 3280">
     <span class='ocr_line' id='line_1_32' title="bbox 204 3204 1781 3280; baseline -0.01 -9"><span class='ocrx_word' id='word_1_266' title='bbox 204 3219 309 3271; x_wconf 85' lang='lat' dir='ltr'><strong><em>tias</em></strong></span> <span class='ocrx_word' id='word_1_267' title='bbox 338 3214 631 3270; x_wconf 78' lang='lat' dir='ltr'><strong><em>habeamus</em></strong></span> <span class='ocrx_word' id='word_1_268' title='bbox 654 3253 671 3278; x_wconf 94' lang='lat'><strong><em>,</em></strong></span> <span class='ocrx_word' id='word_1_269' title='bbox 699 3210 1009 3280; x_wconf 87' lang='lat' dir='ltr'><strong><em>neminique</em></strong></span> <span class='ocrx_word' id='word_1_270' title='bbox 1053 3206 1208 3262; x_wconf 88' lang='lat' dir='ltr'><strong><em>alteri</em></strong></span> <span class='ocrx_word' id='word_1_271' title='bbox 1232 3247 1248 3271; x_wconf 90' lang='lat'><strong><em>,</em></strong></span> <span class='ocrx_word' id='word_1_272' title='bbox 1280 3204 1376 3260; x_wconf 88' lang='lat' dir='ltr'><strong><em>sed</em></strong></span> <span class='ocrx_word' id='word_1_273' title='bbox 1424 3205 1531 3258; x_wconf 89' lang='lat' dir='ltr'><strong><em>Deo</em></strong></span> <span class='ocrx_word' id='word_1_274' title='bbox 1556 3210 1781 3257; x_wconf 89' lang='lat' dir='ltr'><strong><em>tantum.</em></strong></span> 
     </span>
    </p>
   </div>
   <div class='ocr_carea' id='block_1_33' title="bbox 206 3293 1798 3379">
    <p class='ocr_par' dir='ltr' id='par_1_33' title="bbox 206 3293 1798 3379">
     <span class='ocr_line' id='line_1_33' title="bbox 206 3293 1798 3379; baseline -0.011 -14"><span class='ocrx_word' id='word_1_275' title='bbox 206 3309 286 3364; x_wconf 86' lang='lat' dir='ltr'><strong><em>De</em></strong></span> <span class='ocrx_word' id='word_1_276' title='bbox 312 3309 476 3379; x_wconf 77' lang='lat' dir='ltr'><strong><em>gratia</em></strong></span> <span class='ocrx_word' id='word_1_277' title='bbox 506 3305 620 3360; x_wconf 82' lang='lat' dir='ltr'><strong><em>Dei.</em></strong></span> <span class='ocrx_word' id='word_1_278' title='bbox 645 3301 835 3359; x_wconf 71' lang='lat' dir='ltr'><strong><em>Vidsn’</em></strong></span> <span class='ocrx_word' id='word_1_279' title='bbox 864 3304 1133 3371; x_wconf 87' lang='lat' dir='ltr'><strong><em>quomodo</em></strong></span> <span class='ocrx_word' id='word_1_280' title='bbox 1161 3298 1282 3353; x_wconf 91' lang='lat' dir='ltr'><strong><em>illos</em></strong></span> <span class='ocrx_word' id='word_1_281' title='bbox 1303 3296 1503 3366; x_wconf 89' lang='lat' dir='ltr'><strong><em>ubique</em></strong></span> <span class='ocrx_word' id='word_1_282' title='bbox 1532 3293 1798 3364; x_wconf 76' lang='lat' dir='ltr'><strong><em>corrigat?</em></strong></span> 
     </span>
    </p>
   </div>
   <div class='ocr_carea' id='block_1_34' title="bbox 206 3385 1782 3464">
    <p class='ocr_par' dir='ltr' id='par_1_34' title="bbox 206 3385 1782 3464">
     <span class='ocr_line' id='line_1_34' title="bbox 206 3385 1782 3464; baseline -0.01 -10"><span class='ocrx_word' id='word_1_283' title='bbox 206 3399 307 3455; x_wconf 88' lang='lat' dir='ltr'><strong><em>Uhi</em></strong></span> <span class='ocrx_word' id='word_1_284' title='bbox 338 3398 478 3453; x_wconf 90' lang='lat' dir='ltr'><strong><em>enim</em></strong></span> <span class='ocrx_word' id='word_1_285' title='bbox 502 3404 585 3461; x_wconf 81' lang='lat' dir='ltr'><strong><em>est</em></strong></span> <span class='ocrx_word' id='word_1_286' title='bbox 605 3394 795 3464; x_wconf 89' lang='lat' dir='ltr'><strong><em>gratia,</em></strong></span> <span class='ocrx_word' id='word_1_287' title='bbox 826 3406 932 3448; x_wconf 91' lang='lat' dir='ltr'><strong><em>non</em></strong></span> <span class='ocrx_word' id='word_1_288' title='bbox 959 3399 1085 3445; x_wconf 89' lang='lat' dir='ltr'><strong><em>sunt</em></strong></span> <span class='ocrx_word' id='word_1_289' title='bbox 1110 3402 1273 3460; x_wconf 88' lang='lat' dir='ltr'><strong><em>opera</em></strong></span> <span class='ocrx_word' id='word_1_290' title='bbox 1298 3404 1312 3442; x_wconf 90' lang='lat'><strong>:</strong></span> <span class='ocrx_word' id='word_1_291' title='bbox 1337 3385 1427 3441; x_wconf 91' lang='lat' dir='ltr'><strong><em>ubi</em></strong></span> <span class='ocrx_word' id='word_1_292' title='bbox 1456 3394 1579 3441; x_wconf 91' lang='lat' dir='ltr'><strong><em>sunt</em></strong></span> <span class='ocrx_word' id='word_1_293' title='bbox 1597 3398 1782 3454; x_wconf 81' lang='lat' dir='ltr'><strong><em>Opera,</em></strong></span> 
     </span>
    </p>
   </div>
   <div class='ocr_carea' id='block_1_35' title="bbox 206 3474 1783 3559">
    <p class='ocr_par' dir='ltr' id='par_1_35' title="bbox 206 3474 1783 3559">
     <span class='ocr_line' id='line_1_35' title="bbox 206 3474 1783 3559; baseline -0.011 -15"><span class='ocrx_word' id='word_1_294' title='bbox 206 3506 313 3544; x_wconf 90' lang='lat' dir='ltr'><strong><em>non</em></strong></span> <span class='ocrx_word' id='word_1_295' title='bbox 337 3499 418 3545; x_wconf 86' lang='lat' dir='ltr'><strong><em>est</em></strong></span> <span class='ocrx_word' id='word_1_296' title='bbox 445 3486 675 3559; x_wconf 89' lang='lat' dir='ltr'><strong><em>amplius</em></strong></span> <span class='ocrx_word' id='word_1_297' title='bbox 702 3483 897 3557; x_wconf 87' lang='lat' dir='ltr'><strong><em>gratia.</em></strong></span> <span class='ocrx_word' id='word_1_298' title='bbox 927 3482 985 3538; x_wconf 88' lang='lat' dir='ltr'><strong><em>Si</em></strong></span> <span class='ocrx_word' id='word_1_299' title='bbox 1010 3496 1144 3552; x_wconf 89' lang='lat' dir='ltr'><strong><em>ergo</em></strong></span> <span class='ocrx_word' id='word_1_300' title='bbox 1172 3478 1342 3550; x_wconf 89' lang='lat' dir='ltr'><strong><em>gratia</em></strong></span> <span class='ocrx_word' id='word_1_301' title='bbox 1368 3519 1383 3545; x_wconf 91' lang='lat'><strong><em>,</em></strong></span> <span class='ocrx_word' id='word_1_302' title='bbox 1424 3491 1592 3548; x_wconf 91' lang='lat' dir='ltr'><strong><em>quare</em></strong></span> <span class='ocrx_word' id='word_1_303' title='bbox 1618 3474 1783 3528; x_wconf 89' lang='lat' dir='ltr'><strong><em>altum</em></strong></span> 
     </span>
    </p>
   </div>
   <div class='ocr_carea' id='block_1_36' title="bbox 202 3567 1787 3651">
    <p class='ocr_par' dir='ltr' id='par_1_36' title="bbox 202 3567 1787 3651">
     <span class='ocr_line' id='line_1_36' title="bbox 202 3567 1787 3651; baseline -0.011 -14"><span class='ocrx_word' id='word_1_304' title='bbox 202 3580 434 3651; x_wconf 83' lang='lat' dir='ltr'><strong><em>sapitis?</em></strong></span> <span class='ocrx_word' id='word_1_305' title='bbox 460 3594 561 3635; x_wconf 91' lang='lat' dir='ltr'><strong><em>cur</em></strong></span> <span class='ocrx_word' id='word_1_306' title='bbox 593 3576 761 3633; x_wconf 85' lang='lat' dir='ltr'><strong><em>inﬁati</em></strong></span> <span class='ocrx_word' id='word_1_307' title='bbox 786 3575 918 3631; x_wconf 88' lang='lat' dir='ltr'><strong><em>estis</em></strong></span> <span class='ocrx_word' id='word_1_308' title='bbox 942 3574 967 3628; x_wconf 70' lang='grc' dir='ltr'>τ</span> <span class='ocrx_word' id='word_1_309' title='bbox 999 3573 1129 3641; x_wconf 71' lang='grc' dir='ltr'><strong><em>Ωιιω</em></strong></span> <span class='ocrx_word' id='word_1_310' title='bbox 1152 3572 1273 3626; x_wconf 87' lang='lat' dir='ltr'><strong><em>data</em></strong></span> <span class='ocrx_word' id='word_1_311' title='bbox 1310 3580 1385 3626; x_wconf 90' lang='lat' dir='ltr'><strong><em>est</em></strong></span> <span class='ocrx_word' id='word_1_312' title='bbox 1420 3570 1577 3624; x_wconf 75' lang='lat' dir='ltr'><strong><em>vobis.</em></strong></span> <span class='ocrx_word' id='word_1_313' title='bbox 1601 3567 1669 3622; x_wconf 85' lang='lat' dir='ltr'><strong><em>Et</em></strong></span> <span class='ocrx_word' id='word_1_314' title='bbox 1693 3580 1787 3637; x_wconf 92' lang='lat' dir='ltr'><strong><em>per</em></strong></span> 
     </span>
    </p>
   </div>
   <div class='ocr_carea' id='block_1_37' title="bbox 200 3656 1786 3744">
    <p class='ocr_par' dir='ltr' id='par_1_37' title="bbox 200 3656 1786 3744">
     <span class='ocr_line' id='line_1_37' title="bbox 200 3656 1786 3744; baseline -0.01 -17"><span class='ocrx_word' id='word_1_315' title='bbox 200 3688 362 3744; x_wconf 90' lang='lat' dir='ltr'><strong><em>quem</em></strong></span> <span class='ocrx_word' id='word_1_316' title='bbox 385 3670 508 3725; x_wconf 91' lang='lat' dir='ltr'><strong><em>data</em></strong></span> <span class='ocrx_word' id='word_1_317' title='bbox 534 3668 660 3724; x_wconf 77' lang='lat' dir='ltr'><strong><em>est?</em></strong></span> <span class='ocrx_word' id='word_1_318' title='bbox 683 3683 750 3722; x_wconf 90' lang='lat' dir='ltr'><strong><em>an</em></strong></span> <span class='ocrx_word' id='word_1_319' title='bbox 778 3681 876 3736; x_wconf 88' lang='lat' dir='ltr'><strong><em>per</em></strong></span> <span class='ocrx_word' id='word_1_320' title='bbox 896 3680 1002 3729; x_wconf 90' lang='lat' dir='ltr'><strong><em>me,</em></strong></span> <span class='ocrx_word' id='word_1_321' title='bbox 1033 3679 1100 3717; x_wconf 88' lang='lat' dir='ltr'><strong><em>an</em></strong></span> <span class='ocrx_word' id='word_1_322' title='bbox 1128 3678 1225 3732; x_wconf 87' lang='lat' dir='ltr'><strong><em>per</em></strong></span> <span class='ocrx_word' id='word_1_323' title='bbox 1250 3662 1413 3717; x_wconf 87' lang='lat' dir='ltr'><strong><em>alium</em></strong></span> <span class='ocrx_word' id='word_1_324' title='bbox 1444 3656 1786 3730; x_wconf 81' lang='lat' dir='ltr'><strong><em>apostolum?</em></strong></span> 
     </span>
    </p>
   </div>
   <div class='ocr_carea' id='block_1_38' title="bbox 202 3752 1783 3834">
    <p class='ocr_par' dir='ltr' id='par_1_38' title="bbox 202 3752 1783 3834">
     <span class='ocr_line' id='line_1_38' title="bbox 202 3752 1783 3834; baseline -0.009 -15"><span class='ocrx_word' id='word_1_325' title='bbox 202 3764 547 3834; x_wconf 81' lang='lat' dir='ltr'><strong><em>Nequaquam</em></strong></span> <span class='ocrx_word' id='word_1_326' title='bbox 573 3802 589 3827; x_wconf 94' lang='lat'><strong><em>,</em></strong></span> <span class='ocrx_word' id='word_1_327' title='bbox 619 3758 838 3829; x_wconf 86' lang='lat' dir='ltr'><strong><em>sed&#39;per</em></strong></span> <span class='ocrx_word' id='word_1_328' title='bbox 862 3756 1048 3811; x_wconf 84' lang='lat' dir='ltr'><strong><em>Jesum</em></strong></span> <span class='ocrx_word' id='word_1_329' title='bbox 1078 3753 1354 3810; x_wconf 86' lang='lat' dir='ltr'><strong><em>Christum</em></strong></span> <span class='ocrx_word' id='word_1_330' title='bbox 1389 3771 1401 3807; x_wconf 92' lang='lat'><strong>:</strong></span> <span class='ocrx_word' id='word_1_331' title='bbox 1436 3752 1567 3808; x_wconf 89' lang='lat' dir='ltr'><strong><em>illud</em></strong></span> <span class='ocrx_word' id='word_1_332' title='bbox 1597 3753 1741 3823; x_wconf 78' lang='lat' dir='ltr'><strong><em>enim</em></strong></span> <span class='ocrx_word' id='word_1_333' title='bbox 1766 3792 1783 3816; x_wconf 91' lang='lat'><strong><em>,</em></strong></span> 
     </span>
    </p>
   </div>
   <div class='ocr_carea' id='block_1_39' title="bbox 203 3844 1786 3920">
    <p class='ocr_par' dir='ltr' id='par_1_39' title="bbox 203 3844 1786 3920">
     <span class='ocr_line' id='line_1_39' title="bbox 203 3844 1786 3920; baseline -0.008 -9"><span class='ocrx_word' id='word_1_334' title='bbox 203 3855 271 3911; x_wconf 81' lang='lat' dir='ltr'><strong><em>In</em></strong></span> <span class='ocrx_word' id='word_1_335' title='bbox 298 3853 496 3910; x_wconf 79' lang='lat' dir='ltr'><strong><em>Christo</em></strong></span> <span class='ocrx_word' id='word_1_336' title='bbox 522 3850 648 3907; x_wconf 71' lang='lat' dir='ltr'><strong><em>Iesu</em></strong></span> <span class='ocrx_word' id='word_1_337' title='bbox 670 3894 685 3915; x_wconf 91' lang='lat'><strong><em>,</em></strong></span> <span class='ocrx_word' id='word_1_338' title='bbox 714 3850 816 3905; x_wconf 88' lang='lat' dir='ltr'><strong><em>hoc</em></strong></span> <span class='ocrx_word' id='word_1_339' title='bbox 842 3846 1125 3920; x_wconf 86' lang='lat' dir='ltr'><strong><em>signiﬁcat.</em></strong></span> <span class='ocrx_word' id='word_1_340' title='bbox 1175 3844 1309 3901; x_wconf 80' lang='lat' dir='ltr'><strong><em>Vide</em></strong></span> <span class='ocrx_word' id='word_1_341' title='bbox 1344 3844 1613 3917; x_wconf 91' lang='lat' dir='ltr'><strong><em>quomodo</em></strong></span> <span class='ocrx_word' id='word_1_342' title='bbox 1643 3858 1786 3913; x_wconf 75' lang='lat' dir='ltr'><strong><em>saepe</em></strong></span> 
     </span>
    </p>
   </div>
   <div class='ocr_carea' id='block_1_40' title="bbox 203 3936 1784 4014">
    <p class='ocr_par' dir='ltr' id='par_1_40' title="bbox 203 3936 1784 4014">
     <span class='ocr_line' id='line_1_40' title="bbox 203 3936 1784 4014; baseline -0.007 -13"><span class='ocrx_word' id='word_1_343' title='bbox 203 3945 359 4010; x_wconf 91' lang='lat' dir='ltr'><strong><em>illud,</em></strong></span> <span class='ocrx_word' id='word_1_344' title='bbox 386 3945 461 4011; x_wconf 90' lang='lat' dir='ltr'><strong><em>in,</em></strong></span> <span class='ocrx_word' id='word_1_345' title='bbox 490 3959 587 4014; x_wconf 91' lang='lat' dir='ltr'><strong><em>pro</em></strong></span> <span class='ocrx_word' id='word_1_346' title='bbox 616 3942 725 4007; x_wconf 91' lang='lat' dir='ltr'><strong><em>illo,</em></strong></span> <span class='ocrx_word' id='word_1_347' title='bbox 755 3957 845 4013; x_wconf 80' lang='lat' dir='ltr'><strong><em>per</em></strong></span> <span class='ocrx_word' id='word_1_348' title='bbox 868 3955 1036 4010; x_wconf 82' lang='lat' dir='ltr'><strong><em>quem,</em></strong></span> <span class='ocrx_word' id='word_1_349' title='bbox 1069 3946 1317 4009; x_wconf 89' lang='lat' dir='ltr'><strong><em>ponatur.</em></strong></span> <span class='ocrx_word' id='word_1_350' title='bbox 1345 3938 1460 3994; x_wconf 88' lang='lat' dir='ltr'><strong><em>Non</em></strong></span> <span class='ocrx_word' id='word_1_351' title='bbox 1492 3936 1670 3992; x_wconf 90' lang='lat' dir='ltr'><strong><em>minus</em></strong></span> <span class='ocrx_word' id='word_1_352' title='bbox 1694 3951 1784 3992; x_wconf 91' lang='lat' dir='ltr'><strong><em>er-</em></strong></span> 
     </span>
    </p>
   </div>
   <div class='ocr_carea' id='block_1_41' title="bbox 201 4028 1781 4108">
    <p class='ocr_par' dir='ltr' id='par_1_41' title="bbox 201 4028 1781 4108">
     <span class='ocr_line' id='line_1_41' title="bbox 201 4028 1781 4108; baseline -0.007 -16"><span class='ocrx_word' id='word_1_353' title='bbox 201 4052 271 4108; x_wconf 87' lang='lat' dir='ltr'><strong><em>go</em></strong></span> <span class='ocrx_word' id='word_1_354' title='bbox 300 4043 383 4091; x_wconf 86' lang='lat' dir='ltr'><strong><em>est</em></strong></span> <span class='ocrx_word' id='word_1_355' title='bbox 418 4049 575 4105; x_wconf 86' lang='lat' dir='ltr'><strong><em>quam</em></strong></span> <span class='ocrx_word' id='word_1_356' title='bbox 616 4050 723 4104; x_wconf 77' lang='lat' dir='ltr'><strong><em>per.</em></strong></span> <span class='ocrx_word' id='word_1_357' title='bbox 783 4030 933 4100; x_wconf 85' lang='lat' dir='ltr'><strong><em>Quod</em></strong></span> <span class='ocrx_word' id='word_1_358' title='bbox 978 4030 1032 4084; x_wconf 82' lang='lat' dir='ltr'><strong><em>in</em></strong></span> <span class='ocrx_word' id='word_1_359' title='bbox 1077 4030 1216 4084; x_wconf 88' lang='lat' dir='ltr'><strong><em>omni</em></strong></span> <span class='ocrx_word' id='word_1_360' title='bbox 1259 4029 1435 4084; x_wconf 78' lang='lat' dir='ltr'><strong><em>diuites</em></strong></span> <span class='ocrx_word' id='word_1_361' title='bbox 1482 4028 1606 4099; x_wconf 79' lang='lat' dir='ltr'><strong><em>facti</em></strong></span> <span class='ocrx_word' id='word_1_362' title='bbox 1646 4030 1781 4084; x_wconf 85' lang='lat' dir='ltr'><strong><em>estis.</em></strong></span> 
     </span>
    </p>
   </div>
   <div class='ocr_carea' id='block_1_42' title="bbox 204 4122 1786 4198">
    <p class='ocr_par' dir='ltr' id='par_1_42' title="bbox 204 4122 1786 4198">
     <span class='ocr_line' id='line_1_42' title="bbox 204 4122 1786 4198; baseline -0.006 -13"><span class='ocrx_word' id='word_1_363' title='bbox 204 4130 412 4187; x_wconf 77' lang='lat' dir='ltr'><strong><em>Rursus</em></strong></span> <span class='ocrx_word' id='word_1_364' title='bbox 439 4142 533 4198; x_wconf 88' lang='lat' dir='ltr'><strong><em>per</em></strong></span> <span class='ocrx_word' id='word_1_365' title='bbox 552 4126 753 4198; x_wconf 81' lang='lat' dir='ltr'><strong><em>quem?</em></strong></span> <span class='ocrx_word' id='word_1_366' title='bbox 782 4126 838 4180; x_wconf 92' lang='lat' dir='ltr'><strong><em>ln</em></strong></span> <span class='ocrx_word' id='word_1_367' title='bbox 868 4123 1007 4196; x_wconf 90' lang='lat' dir='ltr'><strong><em>ipso,</em></strong></span> <span class='ocrx_word' id='word_1_368' title='bbox 1036 4123 1208 4194; x_wconf 91' lang='lat' dir='ltr'><strong><em>inquit</em></strong></span> <span class='ocrx_word' id='word_1_369' title='bbox 1234 4140 1249 4177; x_wconf 87' lang='lat'><strong>:</strong></span> <span class='ocrx_word' id='word_1_370' title='bbox 1281 4138 1378 4178; x_wconf 90' lang='lat' dir='ltr'><strong><em>nec</em></strong></span> <span class='ocrx_word' id='word_1_371' title='bbox 1407 4122 1568 4178; x_wconf 92' lang='lat' dir='ltr'><strong><em>modo</em></strong></span> <span class='ocrx_word' id='word_1_372' title='bbox 1595 4122 1786 4177; x_wconf 90' lang='lat' dir='ltr'><strong><em>divites</em></strong></span> 
     </span>
    </p>
   </div>
   <div class='ocr_carea' id='block_1_43' title="bbox 206 4214 1783 4285">
    <p class='ocr_par' dir='ltr' id='par_1_43' title="bbox 206 4214 1783 4285">
     <span class='ocr_line' id='line_1_43' title="bbox 206 4214 1783 4285; baseline -0.005 -9"><span class='ocrx_word' id='word_1_373' title='bbox 206 4221 328 4276; x_wconf 79' lang='lat' dir='ltr'><strong><em>lacti</em></strong></span> <span class='ocrx_word' id='word_1_374' title='bbox 357 4220 509 4284; x_wconf 84' lang='lat' dir='ltr'><strong><em>estis,</em></strong></span> <span class='ocrx_word' id='word_1_375' title='bbox 539 4218 632 4275; x_wconf 90' lang='lat' dir='ltr'><strong><em>sed</em></strong></span> <span class='ocrx_word' id='word_1_376' title='bbox 654 4219 813 4274; x_wconf 88' lang='lat' dir='ltr'><strong><em>etiam</em></strong></span> <span class='ocrx_word' id='word_1_377' title='bbox 853 4219 909 4273; x_wconf 91' lang='lat' dir='ltr'><strong><em>in</em></strong></span> <span class='ocrx_word' id='word_1_378' title='bbox 931 4216 1089 4272; x_wconf 85' lang='lat' dir='ltr'><strong><em>omni.</em></strong></span> <span class='ocrx_word' id='word_1_379' title='bbox 1116 4214 1252 4270; x_wconf 90' lang='lat' dir='ltr'><strong><em>Cum</em></strong></span> <span class='ocrx_word' id='word_1_380' title='bbox 1280 4230 1408 4285; x_wconf 91' lang='lat' dir='ltr'><strong><em>ergo</em></strong></span> <span class='ocrx_word' id='word_1_381' title='bbox 1423 4215 1620 4271; x_wconf 72' lang='lat' dir='ltr'><strong><em>divitia:</em></strong></span> <span class='ocrx_word' id='word_1_382' title='bbox 1639 4225 1783 4281; x_wconf 91' lang='lat' dir='ltr'><strong><em>sunt,</em></strong></span> 
     </span>
    </p>
   </div>
   <div class='ocr_carea' id='block_1_44' title="bbox 205 4306 1785 4381">
    <p class='ocr_par' dir='ltr' id='par_1_44' title="bbox 205 4306 1785 4381">
     <span class='ocr_line' id='line_1_44' title="bbox 205 4306 1785 4381; baseline -0.005 -11"><span class='ocrx_word' id='word_1_383' title='bbox 205 4322 261 4370; x_wconf 86' lang='lat' dir='ltr'><strong><em>et</em></strong></span> <span class='ocrx_word' id='word_1_384' title='bbox 290 4311 383 4367; x_wconf 91' lang='lat' dir='ltr'><strong><em>Dei</em></strong></span> <span class='ocrx_word' id='word_1_385' title='bbox 412 4309 631 4376; x_wconf 72' lang='lat' dir='ltr'><strong><em>divitiae,</em></strong></span> <span class='ocrx_word' id='word_1_386' title='bbox 660 4320 715 4367; x_wconf 87' lang='lat' dir='ltr'><strong><em>et</em></strong></span> <span class='ocrx_word' id='word_1_387' title='bbox 740 4310 794 4364; x_wconf 95' lang='lat' dir='ltr'><strong><em>in</em></strong></span> <span class='ocrx_word' id='word_1_388' title='bbox 821 4309 989 4376; x_wconf 89' lang='lat' dir='ltr'><strong><em>omni,</em></strong></span> <span class='ocrx_word' id='word_1_389' title='bbox 1021 4317 1075 4365; x_wconf 91' lang='lat' dir='ltr'><strong><em>et</em></strong></span> <span class='ocrx_word' id='word_1_390' title='bbox 1102 4322 1196 4381; x_wconf 90' lang='lat' dir='ltr'><strong><em>per</em></strong></span> <span class='ocrx_word' id='word_1_391' title='bbox 1223 4306 1588 4378; x_wconf 86' lang='lat' dir='ltr'><strong><em>Unigenitum,</em></strong></span> <span class='ocrx_word' id='word_1_392' title='bbox 1612 4309 1785 4379; x_wconf 87' lang='lat' dir='ltr'><strong><em>cogita</em></strong></span> 
     </span>
    </p>
   </div>
   <div class='ocr_carea' id='block_1_45' title="bbox 203 4398 1787 4476">
    <p class='ocr_par' dir='ltr' id='par_1_45' title="bbox 203 4398 1787 4476">
     <span class='ocr_line' id='line_1_45' title="bbox 203 4398 1787 4476; baseline -0.003 -16"><span class='ocrx_word' id='word_1_393' title='bbox 203 4417 367 4476; x_wconf 89' lang='lat' dir='ltr'><strong><em>quam</em></strong></span> <span class='ocrx_word' id='word_1_394' title='bbox 409 4400 693 4457; x_wconf 79' lang='lat' dir='ltr'><strong><em>ineﬁ‘abilis</em></strong></span> <span class='ocrx_word' id='word_1_395' title='bbox 723 4400 795 4457; x_wconf 85' lang='lat' dir='ltr'><strong><em>sit</em></strong></span> <span class='ocrx_word' id='word_1_396' title='bbox 837 4400 1136 4456; x_wconf 85' lang='lat' dir='ltr'><strong><em>thesaurus.</em></strong></span> <span class='ocrx_word' id='word_1_397' title='bbox 1164 4398 1234 4454; x_wconf 79' lang='lat' dir='ltr'><strong><em>In</em></strong></span> <span class='ocrx_word' id='word_1_398' title='bbox 1270 4400 1408 4453; x_wconf 90' lang='lat' dir='ltr'><strong><em>omni</em></strong></span> <span class='ocrx_word' id='word_1_399' title='bbox 1450 4399 1595 4454; x_wconf 81' lang='lat' dir='ltr'><strong><em>verbo</em></strong></span> <span class='ocrx_word' id='word_1_400' title='bbox 1643 4410 1692 4454; x_wconf 92' lang='lat' dir='ltr'><strong><em>et</em></strong></span> <span class='ocrx_word' id='word_1_401' title='bbox 1734 4402 1787 4455; x_wconf 91' lang='lat' dir='ltr'><strong><em>in</em></strong></span> 
     </span>
    </p>
   </div>
   <div class='ocr_carea' id='block_1_46' title="bbox 206 4488 1786 4559">
    <p class='ocr_par' dir='ltr' id='par_1_46' title="bbox 206 4488 1786 4559">
     <span class='ocr_line' id='line_1_46' title="bbox 206 4488 1786 4559; baseline -0.003 -9"><span class='ocrx_word' id='word_1_402' title='bbox 206 4494 345 4550; x_wconf 82' lang='lat' dir='ltr'><strong><em>omni</em></strong></span> <span class='ocrx_word' id='word_1_403' title='bbox 371 4492 595 4548; x_wconf 84' lang='lat' dir='ltr'><strong><em>scientia.</em></strong></span> <span class='ocrx_word' id='word_1_404' title='bbox 621 4491 824 4559; x_wconf 82' lang='lat' dir='ltr'><strong><em>Verbo,</em></strong></span> <span class='ocrx_word' id='word_1_405' title='bbox 853 4506 960 4546; x_wconf 93' lang='lat' dir='ltr'><strong><em>non</em></strong></span> <span class='ocrx_word' id='word_1_406' title='bbox 986 4501 1232 4555; x_wconf 88' lang='lat' dir='ltr'><strong><em>externo,</em></strong></span> <span class='ocrx_word' id='word_1_407' title='bbox 1262 4488 1357 4546; x_wconf 86' lang='lat' dir='ltr'><strong><em>sed</em></strong></span> <span class='ocrx_word' id='word_1_408' title='bbox 1380 4490 1495 4546; x_wconf 88' lang='lat' dir='ltr'><strong><em>Dei.</em></strong></span> <span class='ocrx_word' id='word_1_409' title='bbox 1528 4489 1625 4546; x_wconf 89' lang='lat' dir='ltr'><strong><em>Est</em></strong></span> <span class='ocrx_word' id='word_1_410' title='bbox 1644 4491 1786 4546; x_wconf 92' lang='lat' dir='ltr'><strong><em>enim</em></strong></span> 
     </span>
    </p>
   </div>
   <div class='ocr_carea' id='block_1_47' title="bbox 208 4582 1791 4647">
    <p class='ocr_par' dir='ltr' id='par_1_47' title="bbox 208 4582 1791 4647">
     <span class='ocr_line' id='line_1_47' title="bbox 208 4582 1791 4647; baseline -0.003 -5"><span class='ocrx_word' id='word_1_411' title='bbox 208 4585 429 4642; x_wconf 80' lang='lat' dir='ltr'><strong><em>scientia</em></strong></span> <span class='ocrx_word' id='word_1_412' title='bbox 456 4583 573 4640; x_wconf 84' lang='lat' dir='ltr'><strong><em>sine</em></strong></span> <span class='ocrx_word' id='word_1_413' title='bbox 597 4584 764 4640; x_wconf 91' lang='lat' dir='ltr'><strong><em>verbo</em></strong></span> <span class='ocrx_word' id='word_1_414' title='bbox 783 4624 798 4647; x_wconf 92' lang='lat'><strong><em>,</em></strong></span> <span class='ocrx_word' id='word_1_415' title='bbox 830 4592 885 4639; x_wconf 90' lang='lat' dir='ltr'><strong><em>et</em></strong></span> <span class='ocrx_word' id='word_1_416' title='bbox 910 4592 994 4639; x_wconf 85' lang='lat' dir='ltr'><strong><em>est</em></strong></span> <span class='ocrx_word' id='word_1_417' title='bbox 1024 4583 1248 4639; x_wconf 88' lang='lat' dir='ltr'><strong><em>scientia</em></strong></span> <span class='ocrx_word' id='word_1_418' title='bbox 1274 4598 1397 4639; x_wconf 90' lang='lat' dir='ltr'><strong><em>cum</em></strong></span> <span class='ocrx_word' id='word_1_419' title='bbox 1428 4583 1612 4637; x_wconf 83' lang='lat' dir='ltr'><strong><em>verbo.</em></strong></span> <span class='ocrx_word' id='word_1_420' title='bbox 1652 4582 1791 4638; x_wconf 88' lang='lat' dir='ltr'><strong><em>Sunt</em></strong></span> 
     </span>
    </p>
   </div>
   <div class='ocr_carea' id='block_1_48' title="bbox 209 4673 1787 4746">
    <p class='ocr_par' dir='ltr' id='par_1_48' title="bbox 209 4673 1787 4746">
     <span class='ocr_line' id='line_1_48' title="bbox 209 4673 1787 4746; baseline 0.001 -19"><span class='ocrx_word' id='word_1_421' title='bbox 209 4690 439 4746; x_wconf 84' lang='lat' dir='ltr'><strong><em>namque</em></strong></span> <span class='ocrx_word' id='word_1_422' title='bbox 460 4674 675 4746; x_wconf 86' lang='lat' dir='ltr'><strong><em>plurimi</em></strong></span> <span class='ocrx_word' id='word_1_423' title='bbox 697 4674 789 4746; x_wconf 87' lang='lat' dir='ltr'><strong><em>qui</em></strong></span> <span class='ocrx_word' id='word_1_424' title='bbox 818 4673 1097 4731; x_wconf 87' lang='lat' dir='ltr'><strong><em>scientiam</em></strong></span> <span class='ocrx_word' id='word_1_425' title='bbox 1127 4675 1291 4743; x_wconf 87' lang='lat' dir='ltr'><strong><em>nacti,</em></strong></span> <span class='ocrx_word' id='word_1_426' title='bbox 1316 4674 1536 4731; x_wconf 87' lang='lat' dir='ltr'><strong><em>verbum</em></strong></span> <span class='ocrx_word' id='word_1_427' title='bbox 1561 4689 1667 4729; x_wconf 93' lang='lat' dir='ltr'><strong><em>non</em></strong></span> <span class='ocrx_word' id='word_1_428' title='bbox 1690 4674 1787 4729; x_wconf 88' lang='lat' dir='ltr'><strong><em>ha-</em></strong></span> 
     </span>
    </p>
   </div>
   <div class='ocr_carea' id='block_1_49' title="bbox 210 4765 1790 4838">
    <p class='ocr_par' dir='ltr' id='par_1_49' title="bbox 210 4765 1790 4838">
     <span class='ocr_line' id='line_1_49' title="bbox 210 4765 1790 4838; baseline -0.001 -13"><span class='ocrx_word' id='word_1_429' title='bbox 210 4770 357 4831; x_wconf 85' lang='lat' dir='ltr'><strong><em>bent,</em></strong></span> <span class='ocrx_word' id='word_1_430' title='bbox 381 4776 439 4822; x_wconf 87' lang='lat' dir='ltr'><strong><em>ut</em></strong></span> <span class='ocrx_word' id='word_1_431' title='bbox 466 4766 665 4833; x_wconf 73' lang='lat' dir='ltr'><strong><em>idiouc,</em></strong></span> <span class='ocrx_word' id='word_1_432' title='bbox 688 4774 743 4822; x_wconf 91' lang='lat' dir='ltr'><strong><em>et</em></strong></span> <span class='ocrx_word' id='word_1_433' title='bbox 770 4766 859 4836; x_wconf 90' lang='lat' dir='ltr'><strong><em>qui</em></strong></span> <span class='ocrx_word' id='word_1_434' title='bbox 888 4781 993 4822; x_wconf 93' lang='lat' dir='ltr'><strong><em>non</em></strong></span> <span class='ocrx_word' id='word_1_435' title='bbox 1020 4774 1241 4838; x_wconf 89' lang='lat' dir='ltr'><strong><em>possunt</em></strong></span> <span class='ocrx_word' id='word_1_436' title='bbox 1268 4781 1354 4831; x_wconf 89' lang='lat' dir='ltr'><strong><em>ea,</em></strong></span> <span class='ocrx_word' id='word_1_437' title='bbox 1381 4782 1501 4837; x_wconf 68' lang='lat' dir='ltr'><strong><em>qum</em></strong></span> <span class='ocrx_word' id='word_1_438' title='bbox 1528 4765 1582 4821; x_wconf 88' lang='lat' dir='ltr'><strong><em>in</em></strong></span> <span class='ocrx_word' id='word_1_439' title='bbox 1608 4774 1790 4823; x_wconf 88' lang='lat' dir='ltr'><strong><em>mente</em></strong></span> 
     </span>
    </p>
   </div>
   <div class='ocr_carea' id='block_1_50' title="bbox 209 4858 1790 4927">
    <p class='ocr_par' dir='ltr' id='par_1_50' title="bbox 209 4858 1790 4927">
     <span class='ocr_line' id='line_1_50' title="bbox 209 4858 1790 4927; baseline 0.001 -14"><span class='ocrx_word' id='word_1_440' title='bbox 209 4859 430 4925; x_wconf 83' lang='lat' dir='ltr'><strong><em>habent,</em></strong></span> <span class='ocrx_word' id='word_1_441' title='bbox 450 4858 595 4914; x_wconf 81' lang='lat' dir='ltr'><strong><em>clare</em></strong></span> <span class='ocrx_word' id='word_1_442' title='bbox 614 4858 938 4927; x_wconf 79' lang='lat' dir='ltr'><strong><em>exprimere.</em></strong></span> <span class='ocrx_word' id='word_1_443' title='bbox 966 4858 1037 4913; x_wconf 84' lang='lat' dir='ltr'><strong><em>At</em></strong></span> <span class='ocrx_word' id='word_1_444' title='bbox 1074 4873 1179 4913; x_wconf 93' lang='lat' dir='ltr'><strong><em>non</em></strong></span> <span class='ocrx_word' id='word_1_445' title='bbox 1219 4872 1314 4913; x_wconf 88' lang='lat' dir='ltr'><strong><em>vos</em></strong></span> <span class='ocrx_word' id='word_1_446' title='bbox 1340 4859 1475 4915; x_wconf 87' lang='lat' dir='ltr'><strong><em>tales</em></strong></span> <span class='ocrx_word' id='word_1_447' title='bbox 1499 4859 1629 4915; x_wconf 85' lang='lat' dir='ltr'><strong><em>estis</em></strong></span> <span class='ocrx_word' id='word_1_448' title='bbox 1646 4899 1663 4926; x_wconf 90' lang='lat'><strong><em>,</em></strong></span> <span class='ocrx_word' id='word_1_449' title='bbox 1703 4858 1790 4914; x_wconf 84' lang='lat' dir='ltr'><strong><em>in-</em></strong></span> 
     </span>
    </p>
   </div>
   <div class='ocr_carea' id='block_1_51' title="bbox 206 4948 1785 5020">
    <p class='ocr_par' dir='ltr' id='par_1_51' title="bbox 206 4948 1785 5020">
     <span class='ocr_line' id='line_1_51' title="bbox 206 4948 1785 5020; baseline 0.001 -16"><span class='ocrx_word' id='word_1_450' title='bbox 206 4951 346 5020; x_wconf 87' lang='lat' dir='ltr'><strong><em>quit,</em></strong></span> <span class='ocrx_word' id='word_1_451' title='bbox 377 4948 469 5004; x_wconf 86' lang='lat' dir='ltr'><strong><em>sed</em></strong></span> <span class='ocrx_word' id='word_1_452' title='bbox 500 4960 549 5004; x_wconf 88' lang='lat' dir='ltr'><strong><em>et</em></strong></span> <span class='ocrx_word' id='word_1_453' title='bbox 578 4948 844 5020; x_wconf 88' lang='lat' dir='ltr'><strong><em>cogitandi</em></strong></span> <span class='ocrx_word' id='word_1_454' title='bbox 866 4958 921 5005; x_wconf 91' lang='lat' dir='ltr'><strong><em>et</em></strong></span> <span class='ocrx_word' id='word_1_455' title='bbox 941 4949 1190 5019; x_wconf 88' lang='lat' dir='ltr'><strong><em>loquendi</em></strong></span> <span class='ocrx_word' id='word_1_456' title='bbox 1221 4948 1526 5005; x_wconf 78' lang='lat' dir='ltr'><strong><em>facultatem</em></strong></span> <span class='ocrx_word' id='word_1_457' title='bbox 1556 4949 1785 5007; x_wconf 87' lang='lat' dir='ltr'><strong><em>habetis.</em></strong></span> 
     </span>
    </p>
   </div>
   <div class='ocr_carea' id='block_1_52' title="bbox 206 5027 1785 5109">
    <p class='ocr_par' dir='ltr' id='par_1_52' title="bbox 206 5027 1785 5109">
     <span class='ocr_line' id='line_1_52' title="bbox 206 5027 1785 5109; baseline 0.004 -19"><span class='ocrx_word' id='word_1_458' title='bbox 206 5040 261 5091; x_wconf 85' lang='lat'><strong><em>6.</em></strong></span> <span class='ocrx_word' id='word_1_459' title='bbox 293 5038 441 5093; x_wconf 76' lang='lat' dir='ltr'><strong><em>Sicut</em></strong></span> <span class='ocrx_word' id='word_1_460' title='bbox 471 5027 812 5094; x_wconf 79' lang='lat' dir='ltr'><strong><em>testimonium</em></strong></span> <span class='ocrx_word' id='word_1_461' title='bbox 841 5036 1033 5095; x_wconf 78' lang='lat' dir='ltr'><strong><em>Christi</em></strong></span> <span class='ocrx_word' id='word_1_462' title='bbox 1070 5039 1425 5109; x_wconf 77' lang='lat' dir='ltr'><strong><em>confirmatum</em></strong></span> <span class='ocrx_word' id='word_1_463' title='bbox 1462 5050 1534 5096; x_wconf 85' lang='lat' dir='ltr'><strong><em>est</em></strong></span> <span class='ocrx_word' id='word_1_464' title='bbox 1557 5041 1610 5096; x_wconf 89' lang='lat' dir='ltr'><strong><em>in</em></strong></span> <span class='ocrx_word' id='word_1_465' title='bbox 1629 5042 1785 5097; x_wconf 74' lang='lat' dir='ltr'><strong><em>vobis.</em></strong></span> 
     </span>
    </p>
   </div>
   <div class='ocr_carea' id='block_1_53' title="bbox 210 5126 1791 5200">
    <p class='ocr_par' dir='ltr' id='par_1_53' title="bbox 210 5126 1791 5200">
     <span class='ocr_line' id='line_1_53' title="bbox 210 5126 1791 5200; baseline 0.006 -19"><span class='ocrx_word' id='word_1_466' title='bbox 210 5128 268 5181; x_wconf 93' lang='lat' dir='ltr'><strong><em>ln</em></strong></span> <span class='ocrx_word' id='word_1_467' title='bbox 298 5126 513 5181; x_wconf 85' lang='lat' dir='ltr'><strong><em>laudum</em></strong></span> <span class='ocrx_word' id='word_1_468' title='bbox 542 5138 597 5183; x_wconf 88' lang='lat' dir='ltr'><strong><em>et</em></strong></span> <span class='ocrx_word' id='word_1_469' title='bbox 624 5130 918 5200; x_wconf 76' lang='lat' dir='ltr'><strong><em>gratiarum</em></strong></span> <span class='ocrx_word' id='word_1_470' title='bbox 947 5131 1175 5187; x_wconf 88' lang='lat' dir='ltr'><strong><em>actionis</em></strong></span> <span class='ocrx_word' id='word_1_471' title='bbox 1202 5130 1393 5188; x_wconf 89' lang='lat' dir='ltr'><strong><em>ordine</em></strong></span> <span class='ocrx_word' id='word_1_472' title='bbox 1418 5142 1472 5188; x_wconf 92' lang='lat' dir='ltr'><strong><em>et</em></strong></span> <span class='ocrx_word' id='word_1_473' title='bbox 1497 5133 1659 5189; x_wconf 90' lang='lat' dir='ltr'><strong><em>modo</em></strong></span> <span class='ocrx_word' id='word_1_474' title='bbox 1678 5134 1791 5190; x_wconf 88' lang='lat' dir='ltr'><strong><em>val-</em></strong></span> 
     </span>
    </p>
   </div>
   <div class='ocr_carea' id='block_1_54' title="bbox 208 5218 1789 5296">
    <p class='ocr_par' dir='ltr' id='par_1_54' title="bbox 208 5218 1789 5296">
     <span class='ocr_line' id='line_1_54' title="bbox 208 5218 1789 5296; baseline 0.004 -21"><span class='ocrx_word' id='word_1_475' title='bbox 208 5218 281 5275; x_wconf 87' lang='lat' dir='ltr'><strong><em>de</em></strong></span> <span class='ocrx_word' id='word_1_476' title='bbox 298 5218 426 5273; x_wconf 80' lang='lat' dir='ltr'><strong><em>.illes</em></strong></span> <span class='ocrx_word' id='word_1_477' title='bbox 446 5218 629 5287; x_wconf 85' lang='lat' dir='ltr'><strong><em>tangit.</em></strong></span> <span class='ocrx_word' id='word_1_478' title='bbox 652 5218 769 5274; x_wconf 86' lang='lat' dir='ltr'><strong><em>Non</em></strong></span> <span class='ocrx_word' id='word_1_479' title='bbox 795 5222 940 5277; x_wconf 85' lang='lat' dir='ltr'><strong><em>enim</em></strong></span> <span class='ocrx_word' id='word_1_480' title='bbox 966 5238 1063 5293; x_wconf 88' lang='lat' dir='ltr'><strong><em>per</em></strong></span> <span class='ocrx_word' id='word_1_481' title='bbox 1081 5233 1355 5279; x_wconf 87' lang='lat' dir='ltr'><strong><em>externam</em></strong></span> <span class='ocrx_word' id='word_1_482' title='bbox 1378 5223 1789 5296; x_wconf 87' lang='lat' dir='ltr'><strong><em>philosophiam,</em></strong></span> 
     </span>
    </p>
   </div>
   <div class='ocr_carea' id='block_1_55' title="bbox 210 5310 1793 5388">
    <p class='ocr_par' dir='ltr' id='par_1_55' title="bbox 210 5310 1793 5388">
     <span class='ocr_line' id='line_1_55' title="bbox 210 5310 1793 5388; baseline 0.005 -23"><span class='ocrx_word' id='word_1_483' title='bbox 210 5310 419 5382; x_wconf 86' lang='lat' dir='ltr'><strong><em>inquit,</em></strong></span> <span class='ocrx_word' id='word_1_484' title='bbox 458 5322 630 5379; x_wconf 87' lang='lat' dir='ltr'><strong><em>neque</em></strong></span> <span class='ocrx_word' id='word_1_485' title='bbox 670 5323 765 5378; x_wconf 87' lang='lat' dir='ltr'><strong><em>per</em></strong></span> <span class='ocrx_word' id='word_1_486' title='bbox 787 5321 1068 5368; x_wconf 85' lang='lat' dir='ltr'><strong><em>externam</em></strong></span> <span class='ocrx_word' id='word_1_487' title='bbox 1105 5314 1459 5371; x_wconf 87' lang='lat' dir='ltr'><strong><em>eruditionem</em></strong></span> <span class='ocrx_word' id='word_1_488' title='bbox 1485 5358 1501 5382; x_wconf 94' lang='lat'><strong><em>,</em></strong></span> <span class='ocrx_word' id='word_1_489' title='bbox 1551 5317 1649 5373; x_wconf 91' lang='lat' dir='ltr'><strong><em>sed</em></strong></span> <span class='ocrx_word' id='word_1_490' title='bbox 1698 5334 1793 5388; x_wconf 87' lang='lat' dir='ltr'><strong><em>per</em></strong></span> 
     </span>
    </p>
   </div>
   <div class='ocr_carea' id='block_1_56' title="bbox 209 5394 1793 5477">
    <p class='ocr_par' dir='ltr' id='par_1_56' title="bbox 209 5394 1793 5477">
     <span class='ocr_line' id='line_1_56' title="bbox 209 5394 1793 5477; baseline 0.006 -19"><span class='ocrx_word' id='word_1_491' title='bbox 209 5404 445 5477; x_wconf 86' lang='lat' dir='ltr'><strong><em>gratiam</em></strong></span> <span class='ocrx_word' id='word_1_492' title='bbox 466 5400 557 5456; x_wconf 89' lang='lat' dir='ltr'><strong><em>Dei</em></strong></span> <span class='ocrx_word' id='word_1_493' title='bbox 584 5407 640 5455; x_wconf 90' lang='lat' dir='ltr'><strong><em>et</em></strong></span> <span class='ocrx_word' id='word_1_494' title='bbox 680 5398 892 5455; x_wconf 83' lang='lat' dir='ltr'><strong><em>divitias</em></strong></span> <span class='ocrx_word' id='word_1_495' title='bbox 932 5412 987 5458; x_wconf 88' lang='lat' dir='ltr'><strong><em>et</em></strong></span> <span class='ocrx_word' id='word_1_496' title='bbox 1033 5394 1315 5460; x_wconf 87' lang='lat' dir='ltr'><strong><em>scientiam</em></strong></span> <span class='ocrx_word' id='word_1_497' title='bbox 1361 5416 1417 5461; x_wconf 90' lang='lat' dir='ltr'><strong><em>et</em></strong></span> <span class='ocrx_word' id='word_1_498' title='bbox 1462 5410 1683 5464; x_wconf 89' lang='lat' dir='ltr'><strong><em>verbum</em></strong></span> <span class='ocrx_word' id='word_1_499' title='bbox 1723 5410 1793 5467; x_wconf 89' lang='lat' dir='ltr'><strong><em>ab</em></strong></span> 
     </span>
    </p>
   </div>
   <div class='ocr_carea' id='block_1_57' title="bbox 212 5490 1792 5570">
    <p class='ocr_par' dir='ltr' id='par_1_57' title="bbox 212 5490 1792 5570">
     <span class='ocr_line' id='line_1_57' title="bbox 212 5490 1792 5570; baseline 0.001 -16"><span class='ocrx_word' id='word_1_500' title='bbox 212 5499 334 5570; x_wconf 82' lang='lat' dir='ltr'><strong><em>ipso</em></strong></span> <span class='ocrx_word' id='word_1_501' title='bbox 347 5496 529 5551; x_wconf 86' lang='lat' dir='ltr'><strong><em>datum</em></strong></span> <span class='ocrx_word' id='word_1_502' title='bbox 557 5490 803 5566; x_wconf 85' lang='lat' dir='ltr'><strong><em>potuistis</em></strong></span> <span class='ocrx_word' id='word_1_503' title='bbox 823 5493 1062 5548; x_wconf 85' lang='lat' dir='ltr'><strong><em>veritatis</em></strong></span> <span class='ocrx_word' id='word_1_504' title='bbox 1087 5495 1333 5565; x_wconf 83' lang='lat' dir='ltr'><strong><em>dogmata</em></strong></span> <span class='ocrx_word' id='word_1_505' title='bbox 1355 5496 1566 5554; x_wconf 89' lang='lat' dir='ltr'><strong><em>discere</em></strong></span> <span class='ocrx_word' id='word_1_506' title='bbox 1585 5509 1640 5554; x_wconf 91' lang='lat' dir='ltr'><strong><em>et</em></strong></span> <span class='ocrx_word' id='word_1_507' title='bbox 1659 5514 1792 5556; x_wconf 82' lang='lat' dir='ltr'><strong><em>con-</em></strong></span> 
     </span>
    </p>
   </div>
   <div class='ocr_carea' id='block_1_58' title="bbox 213 5584 1792 5658">
    <p class='ocr_par' dir='ltr' id='par_1_58' title="bbox 213 5584 1792 5658">
     <span class='ocr_line' id='line_1_58' title="bbox 213 5584 1792 5658; baseline -0.008 -12"><span class='ocrx_word' id='word_1_508' title='bbox 213 5590 415 5646; x_wconf 86' lang='lat' dir='ltr'><strong><em>ﬁrmari</em></strong></span> <span class='ocrx_word' id='word_1_509' title='bbox 447 5589 503 5645; x_wconf 90' lang='lat' dir='ltr'><strong><em>in</em></strong></span> <span class='ocrx_word' id='word_1_510' title='bbox 540 5584 907 5646; x_wconf 82' lang='lat' dir='ltr'><strong><em>testimonium</em></strong></span> <span class='ocrx_word' id='word_1_511' title='bbox 940 5584 1190 5649; x_wconf 88' lang='lat' dir='ltr'><strong><em>Domini,</em></strong></span> <span class='ocrx_word' id='word_1_512' title='bbox 1219 5587 1272 5640; x_wconf 91' lang='lat' dir='ltr'><strong><em>id</em></strong></span> <span class='ocrx_word' id='word_1_513' title='bbox 1306 5595 1412 5653; x_wconf 88' lang='lat' dir='ltr'><strong><em>est,</em></strong></span> <span class='ocrx_word' id='word_1_514' title='bbox 1448 5588 1502 5642; x_wconf 94' lang='lat' dir='ltr'><strong><em>in</em></strong></span> <span class='ocrx_word' id='word_1_515' title='bbox 1537 5591 1792 5658; x_wconf 75' lang='lat' dir='ltr'><strong><em>prmdica-</em></strong></span> 
     </span>
    </p>
   </div>
   <div class='ocr_carea' id='block_1_59' title="bbox 214 5677 1785 5750">
    <p class='ocr_par' dir='ltr' id='par_1_59' title="bbox 214 5677 1785 5750">
     <span class='ocr_line' id='line_1_59' title="bbox 214 5677 1785 5750; baseline -0.001 -11"><span class='ocrx_word' id='word_1_516' title='bbox 214 5685 441 5741; x_wconf 78' lang='lat' dir='ltr'><strong><em>tionem.</em></strong></span> <span class='ocrx_word' id='word_1_517' title='bbox 470 5681 632 5739; x_wconf 71' lang='lat' dir='ltr'><strong><em>lulta</em></strong></span> <span class='ocrx_word' id='word_1_518' title='bbox 660 5681 804 5738; x_wconf 86' lang='lat' dir='ltr'><strong><em>enim</em></strong></span> <span class='ocrx_word' id='word_1_519' title='bbox 833 5677 1094 5735; x_wconf 86' lang='lat' dir='ltr'><strong><em>habuistis</em></strong></span> <span class='ocrx_word' id='word_1_520' title='bbox 1123 5678 1292 5749; x_wconf 87' lang='lat' dir='ltr'><strong><em>signa,</em></strong></span> <span class='ocrx_word' id='word_1_521' title='bbox 1323 5680 1488 5735; x_wconf 90' lang='lat' dir='ltr'><strong><em>multa</em></strong></span> <span class='ocrx_word' id='word_1_522' title='bbox 1514 5684 1785 5750; x_wconf 86' lang='lat' dir='ltr'><strong><em>miracula,</em></strong></span> 
     </span>
    </p>
   </div>
   <div class='ocr_carea' id='block_1_60' title="bbox 215 5770 1788 5849">
    <p class='ocr_par' dir='ltr' id='par_1_60' title="bbox 215 5770 1788 5849">
     <span class='ocr_line' id='line_1_60' title="bbox 215 5770 1788 5849; baseline 0 -17"><span class='ocrx_word' id='word_1_523' title='bbox 215 5774 540 5836; x_wconf 75' lang='lat' dir='ltr'><strong><em>iael&#39;abiletn</em></strong></span> <span class='ocrx_word' id='word_1_524' title='bbox 564 5774 791 5849; x_wconf 71' lang='lat' dir='ltr'><strong><em>gratiam</em></strong></span> <span class='ocrx_word' id='word_1_525' title='bbox 815 5814 831 5843; x_wconf 93' lang='lat'><strong><em>,</em></strong></span> <span class='ocrx_word' id='word_1_526' title='bbox 859 5776 930 5830; x_wconf 84' lang='lat' dir='ltr'><strong><em>tta</em></strong></span> <span class='ocrx_word' id='word_1_527' title='bbox 959 5779 1013 5830; x_wconf 89' lang='lat' dir='ltr'><strong><em>ut</em></strong></span> <span class='ocrx_word' id='word_1_528' title='bbox 1044 5770 1473 5845; x_wconf 64' lang='lat' dir='ltr'><strong><em>praedicationem</em></strong></span> <span class='ocrx_word' id='word_1_529' title='bbox 1514 5776 1788 5845; x_wconf 87' lang='lat' dir='ltr'><strong><em>acceperi-</em></strong></span> 
     </span>
    </p>
   </div>
   <div class='ocr_carea' id='block_1_61' title="bbox 1902 632 3491 715">
    <p class='ocr_par' dir='ltr' id='par_1_61' title="bbox 1902 632 3491 715">
     <span class='ocr_line' id='line_1_61' title="bbox 1902 632 3491 715; baseline 0.012 -31"><span class='ocrx_word' id='word_1_530' title='bbox 1902 633 1987 686; x_wconf 86' lang='lat' dir='ltr'><strong><em>tis.</em></strong></span> <span class='ocrx_word' id='word_1_531' title='bbox 2021 632 2075 687; x_wconf 90' lang='lat' dir='ltr'><strong><em>Si</em></strong></span> <span class='ocrx_word' id='word_1_532' title='bbox 2100 649 2229 705; x_wconf 82' lang='lat' dir='ltr'><strong><em>ergo</em></strong></span> <span class='ocrx_word' id='word_1_533' title='bbox 2250 638 2552 694; x_wconf 80' lang='lat' dir='ltr'><strong><em>confirmati</em></strong></span> <span class='ocrx_word' id='word_1_534' title='bbox 2580 641 2709 696; x_wconf 84' lang='lat' dir='ltr'><strong><em>estis</em></strong></span> <span class='ocrx_word' id='word_1_535' title='bbox 2738 656 2835 711; x_wconf 91' lang='lat' dir='ltr'><strong><em>per</em></strong></span> <span class='ocrx_word' id='word_1_536' title='bbox 2864 642 3013 713; x_wconf 86' lang='lat' dir='ltr'><strong><em>signa</em></strong></span> <span class='ocrx_word' id='word_1_537' title='bbox 3040 652 3095 699; x_wconf 91' lang='lat' dir='ltr'><strong><em>et</em></strong></span> <span class='ocrx_word' id='word_1_538' title='bbox 3117 646 3365 715; x_wconf 87' lang='lat' dir='ltr'><strong><em>gratiam,</em></strong></span> <span class='ocrx_word' id='word_1_539' title='bbox 3387 660 3491 702; x_wconf 85' lang='lat' dir='ltr'><strong><em>cur</em></strong></span> 
     </span>
    </p>
   </div>
   <div class='ocr_carea' id='block_1_62' title="bbox 1899 726 3487 807">
    <p class='ocr_par' dir='ltr' id='par_1_62' title="bbox 1899 726 3487 807">
     <span class='ocr_line' id='line_1_62' title="bbox 1899 726 3487 807; baseline 0.01 -30"><span class='ocrx_word' id='word_1_540' title='bbox 1899 726 2201 784; x_wconf 80' lang='lat' dir='ltr'><strong><em>vacillatis?</em></strong></span> <span class='ocrx_word' id='word_1_541' title='bbox 2229 729 2353 785; x_wconf 69' lang='lat' dir='ltr'><strong><em>limo</em></strong></span> <span class='ocrx_word' id='word_1_542' title='bbox 2382 746 2544 802; x_wconf 90' lang='lat' dir='ltr'><strong><em>porro</em></strong></span> <span class='ocrx_word' id='word_1_543' title='bbox 2588 733 2748 789; x_wconf 89' lang='lat' dir='ltr'><strong><em>simul</em></strong></span> <span class='ocrx_word' id='word_1_544' title='bbox 2793 744 2918 790; x_wconf 85' lang='lat' dir='ltr'><strong><em>sunt</em></strong></span> <span class='ocrx_word' id='word_1_545' title='bbox 2961 744 3018 791; x_wconf 90' lang='lat' dir='ltr'><strong><em>et</em></strong></span> <span class='ocrx_word' id='word_1_546' title='bbox 3059 736 3387 807; x_wconf 80' lang='lat' dir='ltr'><strong><em>increpantis</em></strong></span> <span class='ocrx_word' id='word_1_547' title='bbox 3430 747 3487 793; x_wconf 89' lang='lat' dir='ltr'><strong><em>et</em></strong></span> 
     </span>
    </p>
   </div>
   <div class='ocr_carea' id='block_1_63' title="bbox 1901 820 3482 906">
    <p class='ocr_par' dir='ltr' id='par_1_63' title="bbox 1901 820 3482 906">
     <span class='ocr_line' id='line_1_63' title="bbox 1901 820 3482 906; baseline 0.008 -34"><span class='ocrx_word' id='word_1_548' title='bbox 1901 820 2273 885; x_wconf 71' lang='lat' dir='ltr'><strong><em>prmvcnientis</em></strong></span> <span class='ocrx_word' id='word_1_549' title='bbox 2296 821 2459 879; x_wconf 84' lang='lat' dir='ltr'><strong><em>dicta.</em></strong></span> <span class='ocrx_word' id='word_1_550' title='bbox 2493 824 2544 879; x_wconf 86' lang='lat'><strong><em>7.</em></strong></span> <span class='ocrx_word' id='word_1_551' title='bbox 2590 823 2673 879; x_wconf 86' lang='lat' dir='ltr'><strong><em>Ita</em></strong></span> <span class='ocrx_word' id='word_1_552' title='bbox 2709 837 2765 906; x_wconf 85' lang='lat' dir='ltr'><strong><em>ut</em></strong></span> <span class='ocrx_word' id='word_1_553' title='bbox 2799 828 2930 882; x_wconf 80' lang='lat' dir='ltr'><strong><em>nihil</em></strong></span> <span class='ocrx_word' id='word_1_554' title='bbox 2956 828 3095 883; x_wconf 77' lang='lat' dir='ltr'><strong><em>vobis</em></strong></span> <span class='ocrx_word' id='word_1_555' title='bbox 3121 830 3246 884; x_wconf 83' lang='lat' dir='ltr'><strong><em>desit</em></strong></span> <span class='ocrx_word' id='word_1_556' title='bbox 3274 831 3327 884; x_wconf 90' lang='lat' dir='ltr'><strong><em>in</em></strong></span> <span class='ocrx_word' id='word_1_557' title='bbox 3369 832 3482 885; x_wconf 82' lang='lat' dir='ltr'><strong><em>ulla</em></strong></span> 
     </span>
    </p>
   </div>
   <div class='ocr_carea' id='block_1_64' title="bbox 1897 910 3486 992">
    <p class='ocr_par' dir='ltr' id='par_1_64' title="bbox 1897 910 3486 992">
     <span class='ocr_line' id='line_1_64' title="bbox 1897 910 3486 992; baseline 0.011 -32"><span class='ocrx_word' id='word_1_558' title='bbox 1897 911 2081 978; x_wconf 86' lang='lat' dir='ltr'><strong><em>gratia.</em></strong></span> <span class='ocrx_word' id='word_1_559' title='bbox 2113 910 2358 983; x_wconf 73' lang='lat' dir='ltr'><strong><em>Magnum</em></strong></span> <span class='ocrx_word' id='word_1_560' title='bbox 2377 915 2650 986; x_wconf 81' lang='lat' dir='ltr'><strong><em>quidpiam</em></strong></span> <span class='ocrx_word' id='word_1_561' title='bbox 2676 918 2764 973; x_wconf 88' lang='lat' dir='ltr'><strong><em>hic</em></strong></span> <span class='ocrx_word' id='word_1_562' title='bbox 2787 920 3044 989; x_wconf 69' lang='lat' dir='ltr'><strong><em>qumritur</em></strong></span> <span class='ocrx_word' id='word_1_563' title='bbox 3068 936 3081 975; x_wconf 88' lang='lat'><strong>:</strong></span> <span class='ocrx_word' id='word_1_564' title='bbox 3110 921 3154 975; x_wconf 94' lang='lat' dir='ltr'><strong><em>si</em></strong></span> <span class='ocrx_word' id='word_1_565' title='bbox 3179 922 3267 992; x_wconf 89' lang='lat' dir='ltr'><strong><em>qui</em></strong></span> <span class='ocrx_word' id='word_1_566' title='bbox 3291 921 3486 978; x_wconf 80' lang='lat' dir='ltr'><strong><em>divites</em></strong></span> 
     </span>
    </p>
   </div>
   <div class='ocr_carea' id='block_1_65' title="bbox 1898 1002 3484 1085">
    <p class='ocr_par' dir='ltr' id='par_1_65' title="bbox 1898 1002 3484 1085">
     <span class='ocr_line' id='line_1_65' title="bbox 1898 1002 3484 1085; baseline 0.009 -29"><span class='ocrx_word' id='word_1_567' title='bbox 1898 1010 2023 1056; x_wconf 86' lang='lat' dir='ltr'><strong><em>sunt</em></strong></span> <span class='ocrx_word' id='word_1_568' title='bbox 2050 1002 2100 1057; x_wconf 93' lang='lat' dir='ltr'><strong><em>in</em></strong></span> <span class='ocrx_word' id='word_1_569' title='bbox 2122 1006 2270 1060; x_wconf 92' lang='lat' dir='ltr'><strong><em>omni</em></strong></span> <span class='ocrx_word' id='word_1_570' title='bbox 2290 1008 2476 1073; x_wconf 92' lang='lat' dir='ltr'><strong><em>verbo,</em></strong></span> <span class='ocrx_word' id='word_1_571' title='bbox 2505 1008 2578 1062; x_wconf 90' lang='lat' dir='ltr'><strong><em>ita</em></strong></span> <span class='ocrx_word' id='word_1_572' title='bbox 2607 1019 2662 1063; x_wconf 91' lang='lat' dir='ltr'><strong><em>ut</em></strong></span> <span class='ocrx_word' id='word_1_573' title='bbox 2688 1009 2817 1064; x_wconf 89' lang='lat' dir='ltr'><strong><em>nihil</em></strong></span> <span class='ocrx_word' id='word_1_574' title='bbox 2849 1011 2991 1067; x_wconf 89' lang='lat' dir='ltr'><strong><em>desit</em></strong></span> <span class='ocrx_word' id='word_1_575' title='bbox 3017 1012 3125 1068; x_wconf 92' lang='lat' dir='ltr'><strong><em>illis</em></strong></span> <span class='ocrx_word' id='word_1_576' title='bbox 3154 1015 3205 1069; x_wconf 93' lang='lat' dir='ltr'><strong><em>in</em></strong></span> <span class='ocrx_word' id='word_1_577' title='bbox 3230 1014 3335 1069; x_wconf 86' lang='lat' dir='ltr'><strong><em>ulla</em></strong></span> <span class='ocrx_word' id='word_1_578' title='bbox 3357 1030 3484 1085; x_wconf 88' lang='lat' dir='ltr'><strong><em>gra-</em></strong></span> 
     </span>
    </p>
   </div>
   <div class='ocr_carea' id='block_1_66' title="bbox 1899 1093 3487 1176">
    <p class='ocr_par' dir='ltr' id='par_1_66' title="bbox 1899 1093 3487 1176">
     <span class='ocr_line' id='line_1_66' title="bbox 1899 1093 3487 1176; baseline 0.01 -30"><span class='ocrx_word' id='word_1_579' title='bbox 1899 1093 1991 1159; x_wconf 90' lang='lat' dir='ltr'><strong><em>tia,</em></strong></span> <span class='ocrx_word' id='word_1_580' title='bbox 2018 1094 2068 1147; x_wconf 91' lang='lat' dir='ltr'><strong><em>hi</em></strong></span> <span class='ocrx_word' id='word_1_581' title='bbox 2096 1098 2341 1153; x_wconf 87' lang='lat' dir='ltr'><strong><em>carnales</em></strong></span> <span class='ocrx_word' id='word_1_582' title='bbox 2365 1107 2510 1154; x_wconf 91' lang='lat' dir='ltr'><strong><em>sunt.</em></strong></span> <span class='ocrx_word' id='word_1_583' title='bbox 2548 1100 2680 1156; x_wconf 83' lang='lat' dir='ltr'><strong><em>Nam</em></strong></span> <span class='ocrx_word' id='word_1_584' title='bbox 2720 1100 2765 1155; x_wconf 90' lang='lat' dir='ltr'><strong><em>si</em></strong></span> <span class='ocrx_word' id='word_1_585' title='bbox 2795 1102 2925 1157; x_wconf 87' lang='lat' dir='ltr'><strong><em>tales</em></strong></span> <span class='ocrx_word' id='word_1_586' title='bbox 2952 1102 3169 1160; x_wconf 83' lang='lat' dir='ltr'><strong><em>luerunt</em></strong></span> <span class='ocrx_word' id='word_1_587' title='bbox 3199 1106 3251 1160; x_wconf 94' lang='lat' dir='ltr'><strong><em>in</em></strong></span> <span class='ocrx_word' id='word_1_588' title='bbox 3284 1108 3487 1176; x_wconf 79' lang='lat' dir='ltr'><strong><em>princi-</em></strong></span> 
     </span>
    </p>
   </div>
   <div class='ocr_carea' id='block_1_67' title="bbox 1897 1186 3485 1268">
    <p class='ocr_par' dir='ltr' id='par_1_67' title="bbox 1897 1186 3485 1268">
     <span class='ocr_line' id='line_1_67' title="bbox 1897 1186 3485 1268; baseline 0.011 -29"><span class='ocrx_word' id='word_1_589' title='bbox 1897 1186 2008 1256; x_wconf 89' lang='lat' dir='ltr'><strong><em>pio,</em></strong></span> <span class='ocrx_word' id='word_1_590' title='bbox 2039 1188 2207 1243; x_wconf 90' lang='lat' dir='ltr'><strong><em>multo</em></strong></span> <span class='ocrx_word' id='word_1_591' title='bbox 2236 1190 2403 1261; x_wconf 88' lang='lat' dir='ltr'><strong><em>magis</em></strong></span> <span class='ocrx_word' id='word_1_592' title='bbox 2447 1208 2607 1249; x_wconf 88' lang='lat' dir='ltr'><strong><em>nunc.</em></strong></span> <span class='ocrx_word' id='word_1_593' title='bbox 2637 1192 2920 1260; x_wconf 84' lang='lat' dir='ltr'><strong><em>Quomodo</em></strong></span> <span class='ocrx_word' id='word_1_594' title='bbox 2942 1212 3071 1268; x_wconf 88' lang='lat' dir='ltr'><strong><em>ergo</em></strong></span> <span class='ocrx_word' id='word_1_595' title='bbox 3097 1198 3216 1254; x_wconf 90' lang='lat' dir='ltr'><strong><em>illos</em></strong></span> <span class='ocrx_word' id='word_1_596' title='bbox 3238 1199 3485 1257; x_wconf 86' lang='lat' dir='ltr'><strong><em>carnales</em></strong></span> 
     </span>
    </p>
   </div>
   <div class='ocr_carea' id='block_1_68' title="bbox 1896 1277 3485 1363">
    <p class='ocr_par' dir='ltr' id='par_1_68' title="bbox 1896 1277 3485 1363">
     <span class='ocr_line' id='line_1_68' title="bbox 1896 1277 3485 1363; baseline 0.011 -34"><span class='ocrx_word' id='word_1_597' title='bbox 1896 1279 2089 1333; x_wconf 78' lang='lat' dir='ltr'><strong><em>vocat?</em></strong></span> <span class='ocrx_word' id='word_1_598' title='bbox 2116 1277 2238 1334; x_wconf 82' lang='lat' dir='ltr'><strong><em>Non</em></strong></span> <span class='ocrx_word' id='word_1_599' title='bbox 2264 1282 2395 1336; x_wconf 85' lang='lat' dir='ltr'><strong><em>enim</em></strong></span> <span class='ocrx_word' id='word_1_600' title='bbox 2422 1286 2563 1354; x_wconf 82' lang='lat' dir='ltr'><strong><em>potui</em></strong></span> <span class='ocrx_word' id='word_1_601' title='bbox 2582 1285 2719 1340; x_wconf 83' lang='lat' dir='ltr'><strong><em>vobis</em></strong></span> <span class='ocrx_word' id='word_1_602' title='bbox 2749 1286 2906 1359; x_wconf 85' lang='lat' dir='ltr'><strong><em>loqui,</em></strong></span> <span class='ocrx_word' id='word_1_603' title='bbox 2939 1288 3129 1359; x_wconf 88' lang='lat' dir='ltr'><strong><em>inquit,</em></strong></span> <span class='ocrx_word' id='word_1_604' title='bbox 3160 1301 3215 1344; x_wconf 88' lang='lat' dir='ltr'><strong><em>ut</em></strong></span> <span class='ocrx_word' id='word_1_605' title='bbox 3240 1291 3485 1363; x_wconf 84' lang='lat' dir='ltr'><strong><em>spiritua-</em></strong></span> 
     </span>
    </p>
   </div>
   <div class='ocr_carea' id='block_1_69' title="bbox 1896 1369 3484 1455">
    <p class='ocr_par' dir='ltr' id='par_1_69' title="bbox 1896 1369 3484 1455">
     <span class='ocr_line' id='line_1_69' title="bbox 1896 1369 3484 1455; baseline 0.011 -32"><span class='ocrx_word' id='word_1_606' title='bbox 1896 1369 2060 1438; x_wconf 87' lang='lat' dir='ltr'><strong><em>libus,</em></strong></span> <span class='ocrx_word' id='word_1_607' title='bbox 2116 1373 2205 1426; x_wconf 90' lang='lat' dir='ltr'><strong><em>sed</em></strong></span> <span class='ocrx_word' id='word_1_608' title='bbox 2250 1383 2303 1428; x_wconf 86' lang='lat' dir='ltr'><strong><em>ut</em></strong></span> <span class='ocrx_word' id='word_1_609' title='bbox 2346 1378 2751 1448; x_wconf 67' lang='lat' dir='ltr'><strong><em>carnalibus“.</em></strong></span> <span class='ocrx_word' id='word_1_610' title='bbox 2783 1378 2979 1437; x_wconf 76' lang='lat' dir='ltr'><strong><em>Cor.3.</em></strong></span> <span class='ocrx_word' id='word_1_611' title='bbox 3033 1382 3113 1453; x_wconf 64' lang='lat' dir='ltr'><strong><em>l),</em></strong></span> <span class='ocrx_word' id='word_1_612' title='bbox 3168 1382 3305 1451; x_wconf 85' lang='lat' dir='ltr'><strong><em>Quid</em></strong></span> <span class='ocrx_word' id='word_1_613' title='bbox 3351 1398 3484 1455; x_wconf 85' lang='lat' dir='ltr'><strong><em>ergo</em></strong></span> 
     </span>
    </p>
   </div>
   <div class='ocr_carea' id='block_1_70' title="bbox 1895 1461 3487 1544">
    <p class='ocr_par' dir='ltr' id='par_1_70' title="bbox 1895 1461 3487 1544">
     <span class='ocr_line' id='line_1_70' title="bbox 1895 1461 3487 1544; baseline 0.011 -29"><span class='ocrx_word' id='word_1_614' title='bbox 1895 1461 2179 1519; x_wconf 89' lang='lat' dir='ltr'><strong><em>dicendum</em></strong></span> <span class='ocrx_word' id='word_1_615' title='bbox 2196 1470 2319 1521; x_wconf 78' lang='lat' dir='ltr'><strong><em>est?</em></strong></span> <span class='ocrx_word' id='word_1_616' title='bbox 2345 1468 2500 1535; x_wconf 84' lang='lat' dir='ltr'><strong><em>Quod</em></strong></span> <span class='ocrx_word' id='word_1_617' title='bbox 2528 1484 2648 1525; x_wconf 90' lang='lat' dir='ltr'><strong><em>cum</em></strong></span> <span class='ocrx_word' id='word_1_618' title='bbox 2689 1472 2757 1527; x_wconf 90' lang='lat' dir='ltr'><strong><em>ab</em></strong></span> <span class='ocrx_word' id='word_1_619' title='bbox 2800 1473 2951 1527; x_wconf 91' lang='lat' dir='ltr'><strong><em>initio</em></strong></span> <span class='ocrx_word' id='word_1_620' title='bbox 2990 1474 3382 1544; x_wconf 89' lang='lat' dir='ltr'><strong><em>credidissent,</em></strong></span> <span class='ocrx_word' id='word_1_621' title='bbox 3428 1486 3487 1533; x_wconf 92' lang='lat' dir='ltr'><strong><em>et</em></strong></span> 
     </span>
    </p>
   </div>
   <div class='ocr_carea' id='block_1_71' title="bbox 1895 1552 3485 1632">
    <p class='ocr_par' dir='ltr' id='par_1_71' title="bbox 1895 1552 3485 1632">
     <span class='ocr_line' id='line_1_71' title="bbox 1895 1552 3485 1632; baseline 0.011 -26"><span class='ocrx_word' id='word_1_622' title='bbox 1895 1552 2214 1612; x_wconf 88' lang='lat' dir='ltr'><strong><em>charismata</em></strong></span> <span class='ocrx_word' id='word_1_623' title='bbox 2268 1561 2446 1615; x_wconf 85' lang='lat' dir='ltr'><strong><em>omnia</em></strong></span> <span class='ocrx_word' id='word_1_624' title='bbox 2481 1563 2798 1632; x_wconf 87' lang='lat' dir='ltr'><strong><em>consequuti</em></strong></span> <span class='ocrx_word' id='word_1_625' title='bbox 2843 1574 3064 1631; x_wconf 88' lang='lat' dir='ltr'><strong><em>essent;</em></strong></span> <span class='ocrx_word' id='word_1_626' title='bbox 3094 1582 3217 1621; x_wconf 89' lang='lat' dir='ltr'><strong><em>nam</em></strong></span> <span class='ocrx_word' id='word_1_627' title='bbox 3254 1568 3373 1623; x_wconf 86' lang='lat' dir='ltr'><strong><em>zelo</em></strong></span> <span class='ocrx_word' id='word_1_628' title='bbox 3402 1568 3485 1623; x_wconf 89' lang='lat' dir='ltr'><strong><em>in-</em></strong></span> 
     </span>
    </p>
   </div>
   <div class='ocr_carea' id='block_1_72' title="bbox 1894 1641 3483 1725">
    <p class='ocr_par' dir='ltr' id='par_1_72' title="bbox 1894 1641 3483 1725">
     <span class='ocr_line' id='line_1_72' title="bbox 1894 1641 3483 1725; baseline 0.011 -27"><span class='ocrx_word' id='word_1_629' title='bbox 1894 1641 2040 1699; x_wconf 66' lang='lat' dir='ltr'><strong><em>ce‘nsi</em></strong></span> <span class='ocrx_word' id='word_1_630' title='bbox 2087 1656 2257 1713; x_wconf 85' lang='lat' dir='ltr'><strong><em>erant,</em></strong></span> <span class='ocrx_word' id='word_1_631' title='bbox 2292 1652 2703 1721; x_wconf 73' lang='lat' dir='ltr'><strong><em>negligentior-es</em></strong></span> <span class='ocrx_word' id='word_1_632' title='bbox 2746 1664 2934 1725; x_wconf 86' lang='lat' dir='ltr'><strong><em>postea</em></strong></span> <span class='ocrx_word' id='word_1_633' title='bbox 2964 1658 3252 1713; x_wconf 88' lang='lat' dir='ltr'><strong><em>evaserint.</em></strong></span> <span class='ocrx_word' id='word_1_634' title='bbox 3285 1661 3391 1715; x_wconf 82' lang='lat' dir='ltr'><strong><em>Aut</em></strong></span> <span class='ocrx_word' id='word_1_635' title='bbox 3436 1662 3483 1715; x_wconf 89' lang='lat' dir='ltr'><strong><em>si</em></strong></span> 
     </span>
    </p>
   </div>
   <div class='ocr_carea' id='block_1_73' title="bbox 1895 1734 3483 1814">
    <p class='ocr_par' dir='ltr' id='par_1_73' title="bbox 1895 1734 3483 1814">
     <span class='ocr_line' id='line_1_73' title="bbox 1895 1734 3483 1814; baseline 0.011 -25"><span class='ocrx_word' id='word_1_636' title='bbox 1895 1734 1997 1792; x_wconf 85' lang='lat' dir='ltr'><strong><em>hoc</em></strong></span> <span class='ocrx_word' id='word_1_637' title='bbox 2027 1754 2131 1793; x_wconf 89' lang='lat' dir='ltr'><strong><em>non</em></strong></span> <span class='ocrx_word' id='word_1_638' title='bbox 2160 1739 2231 1794; x_wconf 90' lang='lat' dir='ltr'><strong><em>ita</em></strong></span> <span class='ocrx_word' id='word_1_639' title='bbox 2274 1754 2332 1796; x_wconf 89' lang='lat' dir='ltr'><strong><em>se</em></strong></span> <span class='ocrx_word' id='word_1_640' title='bbox 2362 1741 2556 1797; x_wconf 87' lang='lat' dir='ltr'><strong><em>habeat</em></strong></span> <span class='ocrx_word' id='word_1_641' title='bbox 2582 1785 2596 1807; x_wconf 94' lang='lat'><strong><em>,</em></strong></span> <span class='ocrx_word' id='word_1_642' title='bbox 2626 1745 2767 1814; x_wconf 80' lang='lat' dir='ltr'><strong><em>quod</em></strong></span> <span class='ocrx_word' id='word_1_643' title='bbox 2815 1763 2919 1801; x_wconf 93' lang='lat' dir='ltr'><strong><em>non</em></strong></span> <span class='ocrx_word' id='word_1_644' title='bbox 2952 1748 3202 1804; x_wconf 90' lang='lat' dir='ltr'><strong><em>omnibus</em></strong></span> <span class='ocrx_word' id='word_1_645' title='bbox 3252 1751 3365 1805; x_wconf 61' lang='lat' dir='ltr'><strong><em>hac</em></strong></span> <span class='ocrx_word' id='word_1_646' title='bbox 3396 1752 3483 1807; x_wconf 86' lang='lat' dir='ltr'><strong><em>vel</em></strong></span> 
     </span>
    </p>
   </div>
   <div class='ocr_carea' id='block_1_74' title="bbox 1894 1830 3483 1909">
    <p class='ocr_par' dir='ltr' id='par_1_74' title="bbox 1894 1830 3483 1909">
     <span class='ocr_line' id='line_1_74' title="bbox 1894 1830 3483 1909; baseline 0.008 -24"><span class='ocrx_word' id='word_1_647' title='bbox 1894 1831 1981 1885; x_wconf 89' lang='lat' dir='ltr'><strong><em>illa</em></strong></span> <span class='ocrx_word' id='word_1_648' title='bbox 2011 1830 2276 1901; x_wconf 80' lang='lat' dir='ltr'><strong><em>dicantur,</em></strong></span> <span class='ocrx_word' id='word_1_649' title='bbox 2310 1834 2402 1889; x_wconf 88' lang='lat' dir='ltr'><strong><em>sed</em></strong></span> <span class='ocrx_word' id='word_1_650' title='bbox 2433 1835 2533 1889; x_wconf 87' lang='lat' dir='ltr'><strong><em>alia</em></strong></span> <span class='ocrx_word' id='word_1_651' title='bbox 2565 1836 2628 1890; x_wconf 91' lang='lat' dir='ltr'><strong><em>iis</em></strong></span> <span class='ocrx_word' id='word_1_652' title='bbox 2657 1837 2746 1907; x_wconf 91' lang='lat' dir='ltr'><strong><em>qui</em></strong></span> <span class='ocrx_word' id='word_1_653' title='bbox 2792 1838 2843 1891; x_wconf 94' lang='lat' dir='ltr'><strong><em>in</em></strong></span> <span class='ocrx_word' id='word_1_654' title='bbox 2872 1840 3027 1909; x_wconf 88' lang='lat' dir='ltr'><strong><em>culpa</em></strong></span> <span class='ocrx_word' id='word_1_655' title='bbox 3054 1853 3206 1894; x_wconf 87' lang='lat' dir='ltr'><strong><em>erant</em></strong></span> <span class='ocrx_word' id='word_1_656' title='bbox 3228 1882 3245 1909; x_wconf 94' lang='lat'><strong><em>,</em></strong></span> <span class='ocrx_word' id='word_1_657' title='bbox 3284 1842 3386 1896; x_wconf 90' lang='lat' dir='ltr'><strong><em>alia</em></strong></span> <span class='ocrx_word' id='word_1_658' title='bbox 3417 1842 3483 1898; x_wconf 84' lang='lat' dir='ltr'><strong><em>iis</em></strong></span> 
     </span>
    </p>
   </div>
   <div class='ocr_carea' id='block_1_75' title="bbox 1894 1921 3484 1999">
    <p class='ocr_par' dir='ltr' id='par_1_75' title="bbox 1894 1921 3484 1999">
     <span class='ocr_line' id='line_1_75' title="bbox 1894 1921 3484 1999; baseline 0.01 -27"><span class='ocrx_word' id='word_1_659' title='bbox 1894 1921 1984 1990; x_wconf 89' lang='lat' dir='ltr'><strong><em>qui</em></strong></span> <span class='ocrx_word' id='word_1_660' title='bbox 2014 1921 2258 1977; x_wconf 86' lang='lat' dir='ltr'><strong><em>laudibus</em></strong></span> <span class='ocrx_word' id='word_1_661' title='bbox 2290 1925 2524 1995; x_wconf 89' lang='lat' dir='ltr'><strong><em>insignes</em></strong></span> <span class='ocrx_word' id='word_1_662' title='bbox 2548 1937 2722 1983; x_wconf 89' lang='lat' dir='ltr'><strong><em>erant.</em></strong></span> <span class='ocrx_word' id='word_1_663' title='bbox 2754 1928 2884 1983; x_wconf 87' lang='lat' dir='ltr'><strong><em>Nam</em></strong></span> <span class='ocrx_word' id='word_1_664' title='bbox 2916 1930 3057 1999; x_wconf 89' lang='lat' dir='ltr'><strong><em>quod</em></strong></span> <span class='ocrx_word' id='word_1_665' title='bbox 3085 1931 3262 1987; x_wconf 89' lang='lat' dir='ltr'><strong><em>adhuc</em></strong></span> <span class='ocrx_word' id='word_1_666' title='bbox 3288 1932 3484 1988; x_wconf 86' lang='lat' dir='ltr'><strong><em>charis-</em></strong></span> 
     </span>
    </p>
   </div>
   <div class='ocr_carea' id='block_1_76' title="bbox 1896 2011 3482 2093">
    <p class='ocr_par' dir='ltr' id='par_1_76' title="bbox 1896 2011 3482 2093">
     <span class='ocr_line' id='line_1_76' title="bbox 1896 2011 3482 2093; baseline 0.011 -30"><span class='ocrx_word' id='word_1_667' title='bbox 1896 2021 2035 2064; x_wconf 88' lang='lat' dir='ltr'><strong><em>mata</em></strong></span> <span class='ocrx_word' id='word_1_668' title='bbox 2069 2011 2327 2069; x_wconf 87' lang='lat' dir='ltr'><strong><em>haberent</em></strong></span> <span class='ocrx_word' id='word_1_669' title='bbox 2357 2015 2623 2071; x_wconf 86' lang='lat' dir='ltr'><strong><em>Psalmum</em></strong></span> <span class='ocrx_word' id='word_1_670' title='bbox 2656 2020 2803 2073; x_wconf 84' lang='lat' dir='ltr'><strong><em>habet</em></strong></span> <span class='ocrx_word' id='word_1_671' title='bbox 2829 2021 3030 2092; x_wconf 83' lang='lat' dir='ltr'><strong><em>aliquis,</em></strong></span> <span class='ocrx_word' id='word_1_672' title='bbox 3065 2022 3255 2093; x_wconf 92' lang='lat' dir='ltr'><strong><em>inquit,</em></strong></span> <span class='ocrx_word' id='word_1_673' title='bbox 3284 2024 3482 2079; x_wconf 83' lang='lat' dir='ltr'><strong><em>revela-</em></strong></span> 
     </span>
    </p>
   </div>
   <div class='ocr_carea' id='block_1_77' title="bbox 1894 2103 3483 2182">
    <p class='ocr_par' dir='ltr' id='par_1_77' title="bbox 1894 2103 3483 2182">
     <span class='ocr_line' id='line_1_77' title="bbox 1894 2103 3483 2182; baseline 0.009 -27"><span class='ocrx_word' id='word_1_674' title='bbox 1894 2103 2079 2157; x_wconf 86' lang='lat' dir='ltr'><strong><em>tionem</em></strong></span> <span class='ocrx_word' id='word_1_675' title='bbox 2101 2105 2283 2169; x_wconf 87' lang='lat' dir='ltr'><strong><em>habet,</em></strong></span> <span class='ocrx_word' id='word_1_676' title='bbox 2330 2106 2557 2179; x_wconf 79' lang='lat' dir='ltr'><strong><em>linguam</em></strong></span> <span class='ocrx_word' id='word_1_677' title='bbox 2586 2110 2765 2179; x_wconf 84' lang='lat' dir='ltr'><strong><em>habet,</em></strong></span> <span class='ocrx_word' id='word_1_678' title='bbox 2796 2111 3260 2182; x_wconf 85' lang='lat' dir='ltr'><strong><em>interpretationem</em></strong></span> <span class='ocrx_word' id='word_1_679' title='bbox 3288 2114 3433 2169; x_wconf 84' lang='lat' dir='ltr'><strong><em>habet</em></strong></span> <span class='ocrx_word' id='word_1_680' title='bbox 3461 2131 3483 2170; x_wconf 90' lang='lat'><strong><em>:</em></strong></span> 
     </span>
    </p>
   </div>
   <div class='ocr_carea' id='block_1_78' title="bbox 1894 2192 3483 2273">
    <p class='ocr_par' dir='ltr' id='par_1_78' title="bbox 1894 2192 3483 2273">
     <span class='ocr_line' id='line_1_78' title="bbox 1894 2192 3483 2273; baseline 0.008 -24"><span class='ocrx_word' id='word_1_681' title='bbox 1894 2197 2063 2249; x_wconf 87' lang='lat' dir='ltr'><strong><em>omnia</em></strong></span> <span class='ocrx_word' id='word_1_682' title='bbox 2082 2197 2153 2249; x_wconf 91' lang='lat' dir='ltr'><strong><em>ad</em></strong></span> <span class='ocrx_word' id='word_1_683' title='bbox 2175 2198 2560 2267; x_wconf 66' lang='lat' dir='ltr'><strong><em>ludiﬁcationem</em></strong></span> <span class='ocrx_word' id='word_1_684' title='bbox 2588 2192 2721 2270; x_wconf 78' lang='lat' dir='ltr'><strong><em>ﬁant</em></strong></span> <span class='ocrx_word' id='word_1_685' title='bbox 2736 2221 2756 2269; x_wconf 87' lang='lat'><strong><em>;</em></strong></span> <span class='ocrx_word' id='word_1_686' title='bbox 2783 2211 2856 2267; x_wconf 89' lang='lat' dir='ltr'><strong><em>et,</em></strong></span> <span class='ocrx_word' id='word_1_687' title='bbox 2885 2202 3160 2273; x_wconf 64' lang='lat' dir='ltr'><strong><em>Propheta:</em></strong></span> <span class='ocrx_word' id='word_1_688' title='bbox 3185 2215 3355 2260; x_wconf 87' lang='lat' dir='ltr'><strong><em>autem</em></strong></span> <span class='ocrx_word' id='word_1_689' title='bbox 3378 2206 3483 2261; x_wconf 86' lang='lat' dir='ltr'><strong><em>duo</em></strong></span> 
     </span>
    </p>
   </div>
   <div class='ocr_carea' id='block_1_79' title="bbox 1893 2286 3479 2369">
    <p class='ocr_par' dir='ltr' id='par_1_79' title="bbox 1893 2286 3479 2369">
     <span class='ocr_line' id='line_1_79' title="bbox 1893 2286 3479 2369; baseline 0.011 -31"><span class='ocrx_word' id='word_1_690' title='bbox 1893 2286 1972 2339; x_wconf 84' lang='lat' dir='ltr'><strong><em>vel</em></strong></span> <span class='ocrx_word' id='word_1_691' title='bbox 2022 2296 2120 2340; x_wconf 86' lang='lat' dir='ltr'><strong><em>tres</em></strong></span> <span class='ocrx_word' id='word_1_692' title='bbox 2165 2289 2436 2359; x_wconf 84' lang='lat' dir='ltr'><strong><em>loquantur</em></strong></span> <span class='ocrx_word' id='word_1_693' title='bbox 2465 2291 2626 2363; x_wconf 86' lang='lat' dir='ltr'><strong><em>(Ibid.</em></strong></span> <span class='ocrx_word' id='word_1_694' title='bbox 2660 2294 2746 2349; x_wconf 74' lang='lat' dir='ltr'><strong><em>M.</em></strong></span> <span class='ocrx_word' id='word_1_695' title='bbox 2798 2294 2889 2349; x_wconf 87' lang='lat'><strong><em>26.</em></strong></span> <span class='ocrx_word' id='word_1_696' title='bbox 2946 2294 3062 2367; x_wconf 87' lang='lat'><strong><em>29).</em></strong></span> <span class='ocrx_word' id='word_1_697' title='bbox 3111 2297 3271 2351; x_wconf 88' lang='lat' dir='ltr'><strong><em>Aliud</em></strong></span> <span class='ocrx_word' id='word_1_698' title='bbox 3321 2298 3479 2369; x_wconf 89' lang='lat' dir='ltr'><strong><em>quid-</em></strong></span> 
     </span>
    </p>
   </div>
   <div class='ocr_carea' id='block_1_80' title="bbox 1894 2377 3481 2462">
    <p class='ocr_par' dir='ltr' id='par_1_80' title="bbox 1894 2377 3481 2462">
     <span class='ocr_line' id='line_1_80' title="bbox 1894 2377 3481 2462; baseline 0.011 -31"><span class='ocrx_word' id='word_1_699' title='bbox 1894 2378 2034 2447; x_wconf 85' lang='lat' dir='ltr'><strong><em>piam</em></strong></span> <span class='ocrx_word' id='word_1_700' title='bbox 2063 2377 2167 2434; x_wconf 88' lang='lat' dir='ltr'><strong><em>dici</em></strong></span> <span class='ocrx_word' id='word_1_701' title='bbox 2195 2392 2404 2450; x_wconf 87' lang='lat' dir='ltr'><strong><em>potest:</em></strong></span> <span class='ocrx_word' id='word_1_702' title='bbox 2435 2394 2492 2439; x_wconf 91' lang='lat' dir='ltr'><strong><em>ut</em></strong></span> <span class='ocrx_word' id='word_1_703' title='bbox 2520 2386 2685 2442; x_wconf 91' lang='lat' dir='ltr'><strong><em>moris</em></strong></span> <span class='ocrx_word' id='word_1_704' title='bbox 2712 2396 2795 2442; x_wconf 89' lang='lat' dir='ltr'><strong><em>est</em></strong></span> <span class='ocrx_word' id='word_1_705' title='bbox 2824 2389 2965 2458; x_wconf 90' lang='lat' dir='ltr'><strong><em>apud</em></strong></span> <span class='ocrx_word' id='word_1_706' title='bbox 2993 2406 3093 2445; x_wconf 90' lang='lat' dir='ltr'><strong><em>nos</em></strong></span> <span class='ocrx_word' id='word_1_707' title='bbox 3116 2390 3166 2445; x_wconf 90' lang='lat' dir='ltr'><strong><em>id</em></strong></span> <span class='ocrx_word' id='word_1_708' title='bbox 3189 2392 3332 2462; x_wconf 89' lang='lat' dir='ltr'><strong><em>quod</em></strong></span> <span class='ocrx_word' id='word_1_709' title='bbox 3358 2392 3481 2462; x_wconf 89' lang='lat' dir='ltr'><strong><em>plus</em></strong></span> 
     </span>
    </p>
   </div>
   <div class='ocr_carea' id='block_1_81' title="bbox 1894 2472 3485 2539">
    <p class='ocr_par' dir='ltr' id='par_1_81' title="bbox 1894 2472 3485 2539">
     <span class='ocr_line' id='line_1_81' title="bbox 1894 2472 3485 2539; baseline 0.01 -17"><span class='ocrx_word' id='word_1_710' title='bbox 1894 2478 1978 2523; x_wconf 89' lang='lat' dir='ltr'><strong><em>est</em></strong></span> <span class='ocrx_word' id='word_1_711' title='bbox 2002 2508 2017 2533; x_wconf 93' lang='lat'><strong><em>,</em></strong></span> <span class='ocrx_word' id='word_1_712' title='bbox 2054 2480 2221 2525; x_wconf 90' lang='lat' dir='ltr'><strong><em>totum</em></strong></span> <span class='ocrx_word' id='word_1_713' title='bbox 2253 2472 2433 2528; x_wconf 88' lang='lat' dir='ltr'><strong><em>dicere</em></strong></span> <span class='ocrx_word' id='word_1_714' title='bbox 2457 2515 2472 2539; x_wconf 94' lang='lat'><strong><em>,</em></strong></span> <span class='ocrx_word' id='word_1_715' title='bbox 2506 2476 2575 2529; x_wconf 86' lang='lat' dir='ltr'><strong><em>ita</em></strong></span> <span class='ocrx_word' id='word_1_716' title='bbox 2610 2477 2772 2531; x_wconf 89' lang='lat' dir='ltr'><strong><em>etiam</em></strong></span> <span class='ocrx_word' id='word_1_717' title='bbox 2818 2479 2904 2533; x_wconf 91' lang='lat' dir='ltr'><strong><em>hic</em></strong></span> <span class='ocrx_word' id='word_1_718' title='bbox 2934 2480 3022 2534; x_wconf 92' lang='lat' dir='ltr'><strong><em>ille</em></strong></span> <span class='ocrx_word' id='word_1_719' title='bbox 3045 2480 3206 2536; x_wconf 82' lang='lat' dir='ltr'><strong><em>dixit.</em></strong></span> <span class='ocrx_word' id='word_1_720' title='bbox 3248 2481 3330 2537; x_wconf 85' lang='lat' dir='ltr'><strong><em>Ad</em></strong></span> <span class='ocrx_word' id='word_1_721' title='bbox 3367 2482 3485 2538; x_wconf 64' lang='lat' dir='ltr'><strong><em>haec</em></strong></span> 
     </span>
    </p>
   </div>
   <div class='ocr_carea' id='block_1_82' title="bbox 1896 2562 3479 2643">
    <p class='ocr_par' dir='ltr' id='par_1_82' title="bbox 1896 2562 3479 2643">
     <span class='ocr_line' id='line_1_82' title="bbox 1896 2562 3479 2643; baseline 0.011 -31"><span class='ocrx_word' id='word_1_722' title='bbox 1896 2571 2071 2614; x_wconf 87' lang='lat' dir='ltr'><strong><em>autem</em></strong></span> <span class='ocrx_word' id='word_1_723' title='bbox 2107 2572 2233 2631; x_wconf 89' lang='lat' dir='ltr'><strong><em>puto</em></strong></span> <span class='ocrx_word' id='word_1_724' title='bbox 2278 2562 2427 2617; x_wconf 89' lang='lat' dir='ltr'><strong><em>illum</em></strong></span> <span class='ocrx_word' id='word_1_725' title='bbox 2458 2566 2619 2620; x_wconf 82' lang='lat' dir='ltr'><strong><em>etiam</em></strong></span> <span class='ocrx_word' id='word_1_726' title='bbox 2648 2583 2767 2637; x_wconf 72' lang='lat' dir='ltr'><strong><em>qum</em></strong></span> <span class='ocrx_word' id='word_1_727' title='bbox 2797 2584 2891 2623; x_wconf 89' lang='lat' dir='ltr'><strong><em>sua</em></strong></span> <span class='ocrx_word' id='word_1_728' title='bbox 2923 2581 3049 2624; x_wconf 90' lang='lat' dir='ltr'><strong><em>sunt</em></strong></span> <span class='ocrx_word' id='word_1_729' title='bbox 3095 2573 3439 2629; x_wconf 87' lang='lat' dir='ltr'><strong><em>subindicare</em></strong></span> <span class='ocrx_word' id='word_1_730' title='bbox 3461 2617 3479 2643; x_wconf 89' lang='lat'><strong><em>,</em></strong></span> 
     </span>
    </p>
   </div>
   <div class='ocr_carea' id='block_1_83' title="bbox 1897 2654 3483 2735">
    <p class='ocr_par' dir='ltr' id='par_1_83' title="bbox 1897 2654 3483 2735">
     <span class='ocr_line' id='line_1_83' title="bbox 1897 2654 3483 2735; baseline 0.01 -30"><span class='ocrx_word' id='word_1_731' title='bbox 1897 2661 2034 2707; x_wconf 90' lang='lat' dir='ltr'><strong><em>utet</em></strong></span> <span class='ocrx_word' id='word_1_732' title='bbox 2081 2654 2132 2708; x_wconf 93' lang='lat' dir='ltr'><strong><em>in</em></strong></span> <span class='ocrx_word' id='word_1_733' title='bbox 2178 2656 2411 2711; x_wconf 85' lang='lat' dir='ltr'><strong><em>secunda</em></strong></span> <span class='ocrx_word' id='word_1_734' title='bbox 2462 2658 2529 2711; x_wconf 90' lang='lat' dir='ltr'><strong><em>ad</em></strong></span> <span class='ocrx_word' id='word_1_735' title='bbox 2574 2659 2791 2716; x_wconf 90' lang='lat' dir='ltr'><strong><em>eosdem</em></strong></span> <span class='ocrx_word' id='word_1_736' title='bbox 2834 2661 3070 2731; x_wconf 84' lang='lat' dir='ltr'><strong><em>Epistula</em></strong></span> <span class='ocrx_word' id='word_1_737' title='bbox 3117 2662 3286 2719; x_wconf 84' lang='lat' dir='ltr'><strong><em>dicit:</em></strong></span> <span class='ocrx_word' id='word_1_738' title='bbox 3319 2665 3483 2735; x_wconf 84' lang='lat' dir='ltr'><strong><em>Signa</em></strong></span> 
     </span>
    </p>
   </div>
   <div class='ocr_carea' id='block_1_84' title="bbox 1897 2745 3482 2825">
    <p class='ocr_par' dir='ltr' id='par_1_84' title="bbox 1897 2745 3482 2825">
     <span class='ocr_line' id='line_1_84' title="bbox 1897 2745 3482 2825; baseline 0.009 -30"><span class='ocrx_word' id='word_1_739' title='bbox 1897 2745 2098 2810; x_wconf 85' lang='lat' dir='ltr'><strong><em>quidem</em></strong></span> <span class='ocrx_word' id='word_1_740' title='bbox 2140 2749 2361 2815; x_wconf 85' lang='lat' dir='ltr'><strong><em>apostoli</em></strong></span> <span class='ocrx_word' id='word_1_741' title='bbox 2389 2753 2527 2819; x_wconf 76' lang='lat' dir='ltr'><strong><em>facta</em></strong></span> <span class='ocrx_word' id='word_1_742' title='bbox 2553 2761 2669 2805; x_wconf 88' lang='lat' dir='ltr'><strong><em>sunt</em></strong></span> <span class='ocrx_word' id='word_1_743' title='bbox 2698 2752 2749 2805; x_wconf 89' lang='lat' dir='ltr'><strong><em>in</em></strong></span> <span class='ocrx_word' id='word_1_744' title='bbox 2777 2753 2913 2807; x_wconf 79' lang='lat' dir='ltr'><strong><em>vobis</em></strong></span> <span class='ocrx_word' id='word_1_745' title='bbox 2953 2754 3005 2807; x_wconf 90' lang='lat' dir='ltr'><strong><em>in</em></strong></span> <span class='ocrx_word' id='word_1_746' title='bbox 3035 2755 3173 2808; x_wconf 88' lang='lat' dir='ltr'><strong><em>onmi</em></strong></span> <span class='ocrx_word' id='word_1_747' title='bbox 3196 2756 3482 2825; x_wconf 84' lang='lat' dir='ltr'><strong><em>patientia;</em></strong></span> 
     </span>
    </p>
   </div>
   <div class='ocr_carea' id='block_1_85' title="bbox 1893 2838 3480 2917">
    <p class='ocr_par' dir='ltr' id='par_1_85' title="bbox 1893 2838 3480 2917">
     <span class='ocr_line' id='line_1_85' title="bbox 1893 2838 3480 2917; baseline 0.01 -30"><span class='ocrx_word' id='word_1_748' title='bbox 1893 2842 1947 2887; x_wconf 86' lang='lat' dir='ltr'><strong><em>et</em></strong></span> <span class='ocrx_word' id='word_1_749' title='bbox 1968 2850 2178 2887; x_wconf 88' lang='lat' dir='ltr'><strong><em>rursum</em></strong></span> <span class='ocrx_word' id='word_1_750' title='bbox 2210 2854 2223 2887; x_wconf 86' lang='lat'><strong>:</strong></span> <span class='ocrx_word' id='word_1_751' title='bbox 2256 2838 2392 2902; x_wconf 80' lang='lat' dir='ltr'><strong><em>Quid</em></strong></span> <span class='ocrx_word' id='word_1_752' title='bbox 2419 2840 2553 2893; x_wconf 87' lang='lat' dir='ltr'><strong><em>enim</em></strong></span> <span class='ocrx_word' id='word_1_753' title='bbox 2580 2853 2671 2903; x_wconf 86' lang='lat' dir='ltr'><strong><em>est,</em></strong></span> <span class='ocrx_word' id='word_1_754' title='bbox 2704 2844 2841 2912; x_wconf 88' lang='lat' dir='ltr'><strong><em>quod</em></strong></span> <span class='ocrx_word' id='word_1_755' title='bbox 2866 2846 3029 2899; x_wconf 85' lang='lat' dir='ltr'><strong><em>minus</em></strong></span> <span class='ocrx_word' id='word_1_756' title='bbox 3056 2847 3300 2901; x_wconf 81' lang='lat' dir='ltr'><strong><em>habuistis</em></strong></span> <span class='ocrx_word' id='word_1_757' title='bbox 3329 2865 3480 2917; x_wconf 86' lang='lat' dir='ltr'><strong><em>quam</em></strong></span> 
     </span>
    </p>
   </div>
   <div class='ocr_carea' id='block_1_86' title="bbox 1893 2926 3479 3010">
    <p class='ocr_par' dir='ltr' id='par_1_86' title="bbox 1893 2926 3479 3010">
     <span class='ocr_line' id='line_1_86' title="bbox 1893 2926 3479 3010; baseline 0.011 -32"><span class='ocrx_word' id='word_1_758' title='bbox 1893 2934 2089 2981; x_wconf 76' lang='lat' dir='ltr'><strong><em>cwterte</em></strong></span> <span class='ocrx_word' id='word_1_759' title='bbox 2119 2926 2361 2983; x_wconf 71' lang='lat' dir='ltr'><strong><em>Ecclesiae</em></strong></span> <span class='ocrx_word' id='word_1_760' title='bbox 2388 2929 2461 3001; x_wconf 91' lang='lat'><strong><em>(2.</em></strong></span> <span class='ocrx_word' id='word_1_761' title='bbox 2492 2929 2610 2986; x_wconf 90' lang='lat' dir='ltr'><strong><em>Cor.</em></strong></span> <span class='ocrx_word' id='word_1_762' title='bbox 2647 2934 2734 2999; x_wconf 65' lang='lat' dir='ltr'><strong><em>i2.</em></strong></span> <span class='ocrx_word' id='word_1_763' title='bbox 2764 2935 2851 2989; x_wconf 80' lang='lat' dir='ltr'><strong><em>l2.</em></strong></span> <span class='ocrx_word' id='word_1_764' title='bbox 2886 2947 2930 2989; x_wconf 87' lang='lat' dir='ltr'><strong><em>et</em></strong></span> <span class='ocrx_word' id='word_1_765' title='bbox 2962 2937 3079 3007; x_wconf 78' lang='lat' dir='ltr'><strong><em>l5)?</em></strong></span> <span class='ocrx_word' id='word_1_766' title='bbox 3107 2939 3202 2994; x_wconf 82' lang='lat' dir='ltr'><strong><em>Vel</em></strong></span> <span class='ocrx_word' id='word_1_767' title='bbox 3228 2980 3243 3006; x_wconf 90' lang='lat'><strong><em>,</em></strong></span> <span class='ocrx_word' id='word_1_768' title='bbox 3273 2950 3333 2995; x_wconf 90' lang='lat' dir='ltr'><strong><em>ut</em></strong></span> <span class='ocrx_word' id='word_1_769' title='bbox 3367 2942 3479 3010; x_wconf 84' lang='lat' dir='ltr'><strong><em>jam</em></strong></span> 
     </span>
    </p>
   </div>
   <div class='ocr_carea' id='block_1_87' title="bbox 1893 3010 3477 3099">
    <p class='ocr_par' dir='ltr' id='par_1_87' title="bbox 1893 3010 3477 3099">
     <span class='ocr_line' id='line_1_87' title="bbox 1893 3010 3477 3099; baseline 0.008 -26"><span class='ocrx_word' id='word_1_770' title='bbox 1893 3018 2031 3081; x_wconf 87' lang='lat' dir='ltr'><strong><em>dixi,</em></strong></span> <span class='ocrx_word' id='word_1_771' title='bbox 2056 3035 2174 3089; x_wconf 74' lang='lat' dir='ltr'><strong><em>qua:</em></strong></span> <span class='ocrx_word' id='word_1_772' title='bbox 2198 3022 2265 3075; x_wconf 89' lang='lat' dir='ltr'><strong><em>ab</em></strong></span> <span class='ocrx_word' id='word_1_773' title='bbox 2291 3037 2351 3077; x_wconf 88' lang='lat' dir='ltr'><strong><em>se</em></strong></span> <span class='ocrx_word' id='word_1_774' title='bbox 2384 3024 2515 3077; x_wconf 85' lang='lat' dir='ltr'><strong><em>tacta</em></strong></span> <span class='ocrx_word' id='word_1_775' title='bbox 2541 3034 2666 3079; x_wconf 91' lang='lat' dir='ltr'><strong><em>sunt</em></strong></span> <span class='ocrx_word' id='word_1_776' title='bbox 2687 3037 3108 3094; x_wconf 86' lang='lat' dir='ltr'><strong><em>commemorat;</em></strong></span> <span class='ocrx_word' id='word_1_777' title='bbox 3138 3031 3218 3084; x_wconf 89' lang='lat' dir='ltr'><strong><em>vel</em></strong></span> <span class='ocrx_word' id='word_1_778' title='bbox 3253 3010 3365 3084; x_wconf 59' lang='lat' dir='ltr'><strong><em>haec</em></strong></span> <span class='ocrx_word' id='word_1_779' title='bbox 3388 3031 3477 3099; x_wconf 90' lang='lat' dir='ltr'><strong><em>iis,</em></strong></span> 
     </span>
    </p>
   </div>
   <div class='ocr_carea' id='block_1_88' title="bbox 1892 3111 3480 3193">
    <p class='ocr_par' dir='ltr' id='par_1_88' title="bbox 1892 3111 3480 3193">
     <span class='ocr_line' id='line_1_88' title="bbox 1892 3111 3480 3193; baseline 0.009 -31"><span class='ocrx_word' id='word_1_780' title='bbox 1892 3111 1982 3181; x_wconf 91' lang='lat' dir='ltr'><strong><em>qui</em></strong></span> <span class='ocrx_word' id='word_1_781' title='bbox 2006 3111 2181 3166; x_wconf 88' lang='lat' dir='ltr'><strong><em>adhuc</em></strong></span> <span class='ocrx_word' id='word_1_782' title='bbox 2204 3112 2410 3182; x_wconf 88' lang='lat' dir='ltr'><strong><em>probati</em></strong></span> <span class='ocrx_word' id='word_1_783' title='bbox 2432 3125 2607 3182; x_wconf 89' lang='lat' dir='ltr'><strong><em>erant,</em></strong></span> <span class='ocrx_word' id='word_1_784' title='bbox 2626 3116 2775 3172; x_wconf 89' lang='lat' dir='ltr'><strong><em>dicit.</em></strong></span> <span class='ocrx_word' id='word_1_785' title='bbox 2805 3118 2969 3174; x_wconf 87' lang='lat' dir='ltr'><strong><em>Erant</em></strong></span> <span class='ocrx_word' id='word_1_786' title='bbox 2988 3121 3193 3193; x_wconf 90' lang='lat' dir='ltr'><strong><em>quippe</em></strong></span> <span class='ocrx_word' id='word_1_787' title='bbox 3215 3122 3284 3176; x_wconf 89' lang='lat' dir='ltr'><strong><em>ibi</em></strong></span> <span class='ocrx_word' id='word_1_788' title='bbox 3308 3124 3480 3179; x_wconf 88' lang='lat' dir='ltr'><strong><em>sancti</em></strong></span> 
     </span>
    </p>
   </div>
   <div class='ocr_carea' id='block_1_89' title="bbox 1893 3201 3477 3280">
    <p class='ocr_par' dir='ltr' id='par_1_89' title="bbox 1893 3201 3477 3280">
     <span class='ocr_line' id='line_1_89' title="bbox 1893 3201 3477 3280; baseline 0.009 -25"><span class='ocrx_word' id='word_1_789' title='bbox 1893 3201 2067 3265; x_wconf 89' lang='lat' dir='ltr'><strong><em>multi,</em></strong></span> <span class='ocrx_word' id='word_1_790' title='bbox 2098 3203 2187 3273; x_wconf 91' lang='lat' dir='ltr'><strong><em>qui</em></strong></span> <span class='ocrx_word' id='word_1_791' title='bbox 2214 3204 2279 3258; x_wconf 88' lang='lat' dir='ltr'><strong><em>ad</em></strong></span> <span class='ocrx_word' id='word_1_792' title='bbox 2308 3215 2616 3260; x_wconf 88' lang='lat' dir='ltr'><strong><em>sanctorum</em></strong></span> <span class='ocrx_word' id='word_1_793' title='bbox 2646 3208 2997 3265; x_wconf 87' lang='lat' dir='ltr'><strong><em>ministerium</em></strong></span> <span class='ocrx_word' id='word_1_794' title='bbox 3035 3228 3095 3266; x_wconf 90' lang='lat' dir='ltr'><strong><em>se</em></strong></span> <span class='ocrx_word' id='word_1_795' title='bbox 3119 3213 3477 3280; x_wconf 84' lang='lat' dir='ltr'><strong><em>dediderant,</em></strong></span> 
     </span>
    </p>
   </div>
   <div class='ocr_carea' id='block_1_90' title="bbox 1892 3295 3476 3365">
    <p class='ocr_par' dir='ltr' id='par_1_90' title="bbox 1892 3295 3476 3365">
     <span class='ocr_line' id='line_1_90' title="bbox 1892 3295 3476 3365; baseline 0.005 -15"><span class='ocrx_word' id='word_1_796' title='bbox 1892 3304 1945 3350; x_wconf 89' lang='lat' dir='ltr'><strong><em>el</em></strong></span> <span class='ocrx_word' id='word_1_797' title='bbox 1974 3295 2226 3365; x_wconf 74' lang='lat' dir='ltr'><strong><em>primitiae</em></strong></span> <span class='ocrx_word' id='word_1_798' title='bbox 2271 3295 2488 3349; x_wconf 65' lang='lat' dir='ltr'><strong><em>Achaiae</em></strong></span> <span class='ocrx_word' id='word_1_799' title='bbox 2537 3295 2662 3352; x_wconf 90' lang='lat' dir='ltr'><strong><em>facti</em></strong></span> <span class='ocrx_word' id='word_1_800' title='bbox 2696 3308 2819 3352; x_wconf 91' lang='lat' dir='ltr'><strong><em>sunt</em></strong></span> <span class='ocrx_word' id='word_1_801' title='bbox 2842 3338 2859 3365; x_wconf 94' lang='lat'><strong><em>,</em></strong></span> <span class='ocrx_word' id='word_1_802' title='bbox 2903 3310 2958 3353; x_wconf 91' lang='lat' dir='ltr'><strong><em>ut</em></strong></span> <span class='ocrx_word' id='word_1_803' title='bbox 2988 3300 3041 3354; x_wconf 91' lang='lat' dir='ltr'><strong><em>in</em></strong></span> <span class='ocrx_word' id='word_1_804' title='bbox 3076 3300 3181 3356; x_wconf 87' lang='lat' dir='ltr'><strong><em>ﬁne</em></strong></span> <span class='ocrx_word' id='word_1_805' title='bbox 3217 3302 3476 3360; x_wconf 84' lang='lat' dir='ltr'><strong><em>declarat.</em></strong></span> 
     </span>
    </p>
   </div>
   <div class='ocr_carea' id='block_1_91' title="bbox 1892 3384 3480 3455">
    <p class='ocr_par' dir='ltr' id='par_1_91' title="bbox 1892 3384 3480 3455">
     <span class='ocr_line' id='line_1_91' title="bbox 1892 3384 3480 3455; baseline 0.007 -16"><span class='ocrx_word' id='word_1_806' title='bbox 1892 3384 2140 3455; x_wconf 80' lang='lat' dir='ltr'><strong><em>Alioquin</em></strong></span> <span class='ocrx_word' id='word_1_807' title='bbox 2166 3401 2294 3441; x_wconf 89' lang='lat' dir='ltr'><strong><em>vero</em></strong></span> <span class='ocrx_word' id='word_1_808' title='bbox 2318 3386 2530 3442; x_wconf 87' lang='lat' dir='ltr'><strong><em>etiamsi</em></strong></span> <span class='ocrx_word' id='word_1_809' title='bbox 2551 3387 2736 3443; x_wconf 89' lang='lat' dir='ltr'><strong><em>laudes</em></strong></span> <span class='ocrx_word' id='word_1_810' title='bbox 2765 3406 2870 3443; x_wconf 95' lang='lat' dir='ltr'><strong><em>non</em></strong></span> <span class='ocrx_word' id='word_1_811' title='bbox 2898 3391 3117 3446; x_wconf 90' lang='lat' dir='ltr'><strong><em>omnino</em></strong></span> <span class='ocrx_word' id='word_1_812' title='bbox 3138 3392 3327 3450; x_wconf 75' lang='lat' dir='ltr'><strong><em>afﬁnes</em></strong></span> <span class='ocrx_word' id='word_1_813' title='bbox 3353 3405 3480 3450; x_wconf 90' lang='lat' dir='ltr'><strong><em>sunt</em></strong></span> 
     </span>
    </p>
   </div>
   <div class='ocr_carea' id='block_1_92' title="bbox 1892 3458 3480 3559">
    <p class='ocr_par' dir='ltr' id='par_1_92' title="bbox 1892 3458 3480 3559">
     <span class='ocr_line' id='line_1_92' title="bbox 1892 3458 3480 3559; baseline 0.006 -29"><span class='ocrx_word' id='word_1_814' title='bbox 1892 3477 2144 3544; x_wconf 89' lang='lat' dir='ltr'><strong><em>veritati,</em></strong></span> <span class='ocrx_word' id='word_1_815' title='bbox 2178 3490 2414 3535; x_wconf 88' lang='lat' dir='ltr'><strong><em>attamen</em></strong></span> <span class='ocrx_word' id='word_1_816' title='bbox 2447 3479 2741 3551; x_wconf 88' lang='lat' dir='ltr'><strong><em>prudenter</em></strong></span> <span class='ocrx_word' id='word_1_817' title='bbox 2768 3481 3113 3551; x_wconf 87' lang='lat' dir='ltr'><strong><em>adhibentur,</em></strong></span> <span class='ocrx_word' id='word_1_818' title='bbox 3142 3458 3199 3540; x_wconf 71' lang='grc' dir='ltr'>ιῖι</span> <span class='ocrx_word' id='word_1_819' title='bbox 3220 3486 3358 3541; x_wconf 78' lang='lat' dir='ltr'><strong><em>viam</em></strong></span> <span class='ocrx_word' id='word_1_820' title='bbox 3386 3502 3480 3559; x_wconf 84' lang='lat' dir='ltr'><strong><em>pa-</em></strong></span> 
     </span>
    </p>
   </div>
   <div class='ocr_carea' id='block_1_93' title="bbox 1891 3570 3481 3651">
    <p class='ocr_par' dir='ltr' id='par_1_93' title="bbox 1891 3570 3481 3651">
     <span class='ocr_line' id='line_1_93' title="bbox 1891 3570 3481 3651; baseline 0.009 -28"><span class='ocrx_word' id='word_1_821' title='bbox 1891 3579 2012 3624; x_wconf 92' lang='lat' dir='ltr'><strong><em>rent</em></strong></span> <span class='ocrx_word' id='word_1_822' title='bbox 2040 3570 2107 3625; x_wconf 89' lang='lat' dir='ltr'><strong><em>iis</em></strong></span> <span class='ocrx_word' id='word_1_823' title='bbox 2127 3586 2245 3641; x_wconf 68' lang='lat' dir='ltr'><strong><em>quae</em></strong></span> <span class='ocrx_word' id='word_1_824' title='bbox 2266 3572 2489 3628; x_wconf 88' lang='lat' dir='ltr'><strong><em>dicenda</em></strong></span> <span class='ocrx_word' id='word_1_825' title='bbox 2515 3582 2660 3628; x_wconf 90' lang='lat' dir='ltr'><strong><em>sunt.</em></strong></span> <span class='ocrx_word' id='word_1_826' title='bbox 2686 3573 2816 3628; x_wconf 79' lang='lat' dir='ltr'><strong><em>Nam</em></strong></span> <span class='ocrx_word' id='word_1_827' title='bbox 2838 3575 2929 3645; x_wconf 91' lang='lat' dir='ltr'><strong><em>qui</em></strong></span> <span class='ocrx_word' id='word_1_828' title='bbox 2950 3577 3131 3631; x_wconf 88' lang='lat' dir='ltr'><strong><em>statim</em></strong></span> <span class='ocrx_word' id='word_1_829' title='bbox 3158 3593 3185 3631; x_wconf 88' lang='lat' dir='ltr'><strong><em>a</em></strong></span> <span class='ocrx_word' id='word_1_830' title='bbox 3215 3580 3481 3651; x_wconf 89' lang='lat' dir='ltr'><strong><em>principio</em></strong></span> 
     </span>
    </p>
   </div>
   <div class='ocr_carea' id='block_1_94' title="bbox 1893 3662 3477 3734">
    <p class='ocr_par' dir='ltr' id='par_1_94' title="bbox 1893 3662 3477 3734">
     <span class='ocr_line' id='line_1_94' title="bbox 1893 3662 3477 3734; baseline 0.009 -20"><span class='ocrx_word' id='word_1_831' title='bbox 1893 3662 2195 3732; x_wconf 88' lang='lat' dir='ltr'><strong><em>importuna</em></strong></span> <span class='ocrx_word' id='word_1_832' title='bbox 2224 3664 2479 3734; x_wconf 90' lang='lat' dir='ltr'><strong><em>loquitur,</em></strong></span> <span class='ocrx_word' id='word_1_833' title='bbox 2512 3666 2895 3723; x_wconf 88' lang='lat' dir='ltr'><strong><em>inﬁrmioribus</em></strong></span> <span class='ocrx_word' id='word_1_834' title='bbox 2920 3668 3159 3725; x_wconf 88' lang='lat' dir='ltr'><strong><em>auditum</em></strong></span> <span class='ocrx_word' id='word_1_835' title='bbox 3186 3670 3387 3728; x_wconf 87' lang='lat' dir='ltr'><strong><em>claudit</em></strong></span> <span class='ocrx_word' id='word_1_836' title='bbox 3410 3672 3477 3729; x_wconf 84' lang='lat' dir='ltr'><strong><em>ad</em></strong></span> 
     </span>
    </p>
   </div>
   <div class='ocr_carea' id='block_1_95' title="bbox 1891 3757 3477 3833">
    <p class='ocr_par' dir='ltr' id='par_1_95' title="bbox 1891 3757 3477 3833">
     <span class='ocr_line' id='line_1_95' title="bbox 1891 3757 3477 3833; baseline 0.008 -26"><span class='ocrx_word' id='word_1_837' title='bbox 1891 3765 2083 3809; x_wconf 72' lang='lat' dir='ltr'><strong><em>caetera</em></strong></span> <span class='ocrx_word' id='word_1_838' title='bbox 2117 3757 2277 3810; x_wconf 89' lang='lat' dir='ltr'><strong><em>verba</em></strong></span> <span class='ocrx_word' id='word_1_839' title='bbox 2309 3774 2321 3810; x_wconf 93' lang='lat'>:</span> <span class='ocrx_word' id='word_1_840' title='bbox 2356 3758 2399 3810; x_wconf 92' lang='lat' dir='ltr'><strong><em>si</em></strong></span> <span class='ocrx_word' id='word_1_841' title='bbox 2432 3758 2576 3811; x_wconf 85' lang='lat' dir='ltr'><strong><em>enim</em></strong></span> <span class='ocrx_word' id='word_1_842' title='bbox 2607 3758 2885 3813; x_wconf 89' lang='lat' dir='ltr'><strong><em>auditores</em></strong></span> <span class='ocrx_word' id='word_1_843' title='bbox 2924 3758 3131 3816; x_wconf 87' lang='lat' dir='ltr'><strong><em>honore</em></strong></span> <span class='ocrx_word' id='word_1_844' title='bbox 3158 3777 3319 3833; x_wconf 83' lang='lat' dir='ltr'><strong><em>pares</em></strong></span> <span class='ocrx_word' id='word_1_845' title='bbox 3346 3764 3477 3833; x_wconf 86' lang='lat' dir='ltr'><strong><em>sint,</em></strong></span> 
     </span>
    </p>
   </div>
   <div class='ocr_carea' id='block_1_96' title="bbox 1893 3846 3477 3918">
    <p class='ocr_par' dir='ltr' id='par_1_96' title="bbox 1893 3846 3477 3918">
     <span class='ocr_line' id='line_1_96' title="bbox 1893 3846 3477 3918; baseline 0.008 -18"><span class='ocrx_word' id='word_1_846' title='bbox 1893 3846 2238 3911; x_wconf 87' lang='lat' dir='ltr'><strong><em>irascuntur;</em></strong></span> <span class='ocrx_word' id='word_1_847' title='bbox 2270 3848 2314 3903; x_wconf 88' lang='lat' dir='ltr'><strong><em>si</em></strong></span> <span class='ocrx_word' id='word_1_848' title='bbox 2346 3847 2633 3903; x_wconf 89' lang='lat' dir='ltr'><strong><em>admodum</em></strong></span> <span class='ocrx_word' id='word_1_849' title='bbox 2663 3848 2944 3906; x_wconf 85' lang='lat' dir='ltr'><strong><em>inferiores</em></strong></span> <span class='ocrx_word' id='word_1_850' title='bbox 2964 3892 2979 3918; x_wconf 95' lang='lat'><strong><em>,</em></strong></span> <span class='ocrx_word' id='word_1_851' title='bbox 3012 3851 3200 3908; x_wconf 87' lang='lat' dir='ltr'><strong><em>dolore</em></strong></span> <span class='ocrx_word' id='word_1_852' title='bbox 3233 3853 3477 3912; x_wconf 80' lang='lat' dir='ltr'><strong><em>afﬁcien-</em></strong></span> 
     </span>
    </p>
   </div>
   <div class='ocr_carea' id='block_1_97' title="bbox 1893 3940 3476 4016">
    <p class='ocr_par' dir='ltr' id='par_1_97' title="bbox 1893 3940 3476 4016">
     <span class='ocr_line' id='line_1_97' title="bbox 1893 3940 3476 4016; baseline 0.006 -21"><span class='ocrx_word' id='word_1_853' title='bbox 1893 3949 1998 3995; x_wconf 90' lang='lat' dir='ltr'><strong><em>tur.</em></strong></span> <span class='ocrx_word' id='word_1_854' title='bbox 2026 3940 2103 3996; x_wconf 87' lang='lat' dir='ltr'><strong><em>Ne</em></strong></span> <span class='ocrx_word' id='word_1_855' title='bbox 2133 3943 2288 4011; x_wconf 83' lang='lat' dir='ltr'><strong><em>igitur</em></strong></span> <span class='ocrx_word' id='word_1_856' title='bbox 2318 3946 2419 3997; x_wconf 88' lang='lat' dir='ltr'><strong><em>hoc</em></strong></span> <span class='ocrx_word' id='word_1_857' title='bbox 2446 3943 2760 4009; x_wconf 88' lang='lat' dir='ltr'><strong><em>cveniat,ab</em></strong></span> <span class='ocrx_word' id='word_1_858' title='bbox 2791 3945 2856 3999; x_wconf 90' lang='lat' dir='ltr'><strong><em>iis</em></strong></span> <span class='ocrx_word' id='word_1_859' title='bbox 2882 3960 3001 4016; x_wconf 80' lang='lat' dir='ltr'><strong><em>qua:</em></strong></span> <span class='ocrx_word' id='word_1_860' title='bbox 3019 3946 3261 4001; x_wconf 88' lang='lat' dir='ltr'><strong><em>encomia</em></strong></span> <span class='ocrx_word' id='word_1_861' title='bbox 3284 3947 3476 4003; x_wconf 89' lang='lat' dir='ltr'><strong><em>viden-</em></strong></span> 
     </span>
    </p>
   </div>
   <div class='ocr_carea' id='block_1_98' title="bbox 1894 4034 3475 4107">
    <p class='ocr_par' dir='ltr' id='par_1_98' title="bbox 1894 4034 3475 4107">
     <span class='ocr_line' id='line_1_98' title="bbox 1894 4034 3475 4107; baseline 0.007 -22"><span class='ocrx_word' id='word_1_862' title='bbox 1894 4040 1980 4087; x_wconf 90' lang='lat' dir='ltr'><strong><em>tur</em></strong></span> <span class='ocrx_word' id='word_1_863' title='bbox 2009 4048 2129 4089; x_wconf 86' lang='lat' dir='ltr'><strong><em>esse</em></strong></span> <span class='ocrx_word' id='word_1_864' title='bbox 2176 4034 2383 4089; x_wconf 90' lang='lat' dir='ltr'><strong><em>initium</em></strong></span> <span class='ocrx_word' id='word_1_865' title='bbox 2429 4034 2596 4091; x_wconf 90' lang='lat' dir='ltr'><strong><em>ducit.</em></strong></span> <span class='ocrx_word' id='word_1_866' title='bbox 2646 4035 2827 4107; x_wconf 84' lang='lat' dir='ltr'><strong><em>Neque</em></strong></span> <span class='ocrx_word' id='word_1_867' title='bbox 2869 4039 3011 4093; x_wconf 90' lang='lat' dir='ltr'><strong><em>enim</em></strong></span> <span class='ocrx_word' id='word_1_868' title='bbox 3042 4038 3145 4094; x_wconf 92' lang='lat' dir='ltr'><strong><em>hoc</em></strong></span> <span class='ocrx_word' id='word_1_869' title='bbox 3172 4040 3475 4096; x_wconf 89' lang='lat' dir='ltr'><strong><em>encomium</em></strong></span> 
     </span>
    </p>
   </div>
   <div class='ocr_carea' id='block_1_99' title="bbox 1895 4125 3481 4200">
    <p class='ocr_par' dir='ltr' id='par_1_99' title="bbox 1895 4125 3481 4200">
     <span class='ocr_line' id='line_1_99' title="bbox 1895 4125 3481 4200; baseline 0.007 -23"><span class='ocrx_word' id='word_1_870' title='bbox 1895 4125 2107 4178; x_wconf 89' lang='lat' dir='ltr'><strong><em>illorum</em></strong></span> <span class='ocrx_word' id='word_1_871' title='bbox 2139 4136 2253 4180; x_wconf 89' lang='lat' dir='ltr'><strong><em>erat</em></strong></span> <span class='ocrx_word' id='word_1_872' title='bbox 2276 4167 2291 4188; x_wconf 93' lang='lat'><strong><em>,</em></strong></span> <span class='ocrx_word' id='word_1_873' title='bbox 2321 4126 2415 4180; x_wconf 88' lang='lat' dir='ltr'><strong><em>sed</em></strong></span> <span class='ocrx_word' id='word_1_874' title='bbox 2443 4132 2630 4197; x_wconf 68' lang='lat' dir='ltr'><strong><em>gratiae</em></strong></span> <span class='ocrx_word' id='word_1_875' title='bbox 2665 4127 2781 4182; x_wconf 91' lang='lat' dir='ltr'><strong><em>Dei.</em></strong></span> <span class='ocrx_word' id='word_1_876' title='bbox 2812 4127 2945 4183; x_wconf 88' lang='lat' dir='ltr'><strong><em>Nam</em></strong></span> <span class='ocrx_word' id='word_1_877' title='bbox 2974 4129 3114 4200; x_wconf 92' lang='lat' dir='ltr'><strong><em>quod</em></strong></span> <span class='ocrx_word' id='word_1_878' title='bbox 3137 4140 3355 4200; x_wconf 83' lang='lat' dir='ltr'><strong><em>peccata</em></strong></span> <span class='ocrx_word' id='word_1_879' title='bbox 3391 4147 3481 4189; x_wconf 88' lang='lat' dir='ltr'><strong><em>re-</em></strong></span> 
     </span>
    </p>
   </div>
   <div class='ocr_carea' id='block_1_100' title="bbox 1896 4217 3481 4289">
    <p class='ocr_par' dir='ltr' id='par_1_100' title="bbox 1896 4217 3481 4289">
     <span class='ocr_line' id='line_1_100' title="bbox 1896 4217 3481 4289; baseline 0.004 -18"><span class='ocrx_word' id='word_1_880' title='bbox 1896 4218 2058 4272; x_wconf 89' lang='lat' dir='ltr'><strong><em>missa</em></strong></span> <span class='ocrx_word' id='word_1_881' title='bbox 2092 4219 2219 4289; x_wconf 65' lang='lat' dir='ltr'><strong><em>ipsis</em></strong></span> <span class='ocrx_word' id='word_1_882' title='bbox 2246 4227 2449 4279; x_wconf 81' lang='lat' dir='ltr'><strong><em>essent.</em></strong></span> <span class='ocrx_word' id='word_1_883' title='bbox 2475 4226 2531 4273; x_wconf 91' lang='lat' dir='ltr'><strong><em>et</em></strong></span> <span class='ocrx_word' id='word_1_884' title='bbox 2558 4217 2701 4289; x_wconf 87' lang='lat' dir='ltr'><strong><em>quod</em></strong></span> <span class='ocrx_word' id='word_1_885' title='bbox 2719 4219 2996 4288; x_wconf 79' lang='lat' dir='ltr'><strong><em>justiﬁcati</em></strong></span> <span class='ocrx_word' id='word_1_886' title='bbox 3028 4231 3229 4287; x_wconf 84' lang='lat' dir='ltr'><strong><em>essent,</em></strong></span> <span class='ocrx_word' id='word_1_887' title='bbox 3252 4220 3357 4279; x_wconf 90' lang='lat' dir='ltr'><strong><em>hoc</em></strong></span> <span class='ocrx_word' id='word_1_888' title='bbox 3382 4238 3481 4279; x_wconf 85' lang='lat' dir='ltr'><strong><em>su-</em></strong></span> 
     </span>
    </p>
   </div>
   <div class='ocr_carea' id='block_1_101' title="bbox 1897 4309 3481 4385">
    <p class='ocr_par' dir='ltr' id='par_1_101' title="bbox 1897 4309 3481 4385">
     <span class='ocr_line' id='line_1_101' title="bbox 1897 4309 3481 4385; baseline 0.005 -20"><span class='ocrx_word' id='word_1_889' title='bbox 1897 4311 2043 4380; x_wconf 90' lang='lat' dir='ltr'><strong><em>perni</em></strong></span> <span class='ocrx_word' id='word_1_890' title='bbox 2069 4309 2195 4365; x_wconf 92' lang='lat' dir='ltr'><strong><em>doni</em></strong></span> <span class='ocrx_word' id='word_1_891' title='bbox 2220 4320 2354 4367; x_wconf 85' lang='lat' dir='ltr'><strong><em>erat.</em></strong></span> <span class='ocrx_word' id='word_1_892' title='bbox 2379 4310 2667 4381; x_wconf 88' lang='lat' dir='ltr'><strong><em>Propterea</em></strong></span> <span class='ocrx_word' id='word_1_893' title='bbox 2697 4310 2751 4365; x_wconf 92' lang='lat' dir='ltr'><strong><em>in</em></strong></span> <span class='ocrx_word' id='word_1_894' title='bbox 2778 4311 2843 4367; x_wconf 90' lang='lat' dir='ltr'><strong><em>iis</em></strong></span> <span class='ocrx_word' id='word_1_895' title='bbox 2868 4312 3201 4381; x_wconf 88' lang='lat' dir='ltr'><strong><em>immoratur,</em></strong></span> <span class='ocrx_word' id='word_1_896' title='bbox 3234 4331 3353 4385; x_wconf 62' lang='lat' dir='ltr'><strong><em>quae</em></strong></span> <span class='ocrx_word' id='word_1_897' title='bbox 3382 4315 3481 4375; x_wconf 90' lang='lat' dir='ltr'><strong><em>Dei</em></strong></span> 
     </span>
    </p>
   </div>
   <div class='ocr_carea' id='block_1_102' title="bbox 1896 4400 3481 4480">
    <p class='ocr_par' dir='ltr' id='par_1_102' title="bbox 1896 4400 3481 4480">
     <span class='ocr_line' id='line_1_102' title="bbox 1896 4400 3481 4480; baseline 0.006 -26"><span class='ocrx_word' id='word_1_898' title='bbox 1896 4401 2275 4471; x_wconf 82' lang='lat' dir='ltr'><strong><em>benignitatem</em></strong></span> <span class='ocrx_word' id='word_1_899' title='bbox 2326 4400 2653 4467; x_wconf 86' lang='lat' dir='ltr'><strong><em>ostendunt,</em></strong></span> <span class='ocrx_word' id='word_1_900' title='bbox 2686 4412 2745 4457; x_wconf 90' lang='lat' dir='ltr'><strong><em>ut</em></strong></span> <span class='ocrx_word' id='word_1_901' title='bbox 2790 4403 3033 4459; x_wconf 79' lang='lat' dir='ltr'><strong><em>morbum</em></strong></span> <span class='ocrx_word' id='word_1_902' title='bbox 3077 4420 3263 4461; x_wconf 90' lang='lat' dir='ltr'><strong><em>eorum</em></strong></span> <span class='ocrx_word' id='word_1_903' title='bbox 3309 4408 3481 4480; x_wconf 82' lang='lat' dir='ltr'><strong><em>magis</em></strong></span> 
     </span>
    </p>
   </div>
   <div class='ocr_carea' id='block_1_103' title="bbox 1894 4492 3481 4564">
    <p class='ocr_par' dir='ltr' id='par_1_103' title="bbox 1894 4492 3481 4564">
     <span class='ocr_line' id='line_1_103' title="bbox 1894 4492 3481 4564; baseline 0.004 -16"><span class='ocrx_word' id='word_1_904' title='bbox 1894 4502 2065 4548; x_wconf 87' lang='lat' dir='ltr'><strong><em>curet.</em></strong></span> <span class='ocrx_word' id='word_1_905' title='bbox 2101 4492 2520 4564; x_wconf 76' lang='lat' dir='ltr'><strong><em>Exspectantibus</em></strong></span> <span class='ocrx_word' id='word_1_906' title='bbox 2547 4494 2901 4549; x_wconf 71' lang='lat' dir='ltr'><strong><em>reuelationem</em></strong></span> <span class='ocrx_word' id='word_1_907' title='bbox 2934 4496 3141 4552; x_wconf 86' lang='lat' dir='ltr'><strong><em>Domini</em></strong></span> <span class='ocrx_word' id='word_1_908' title='bbox 3168 4500 3328 4554; x_wconf 65' lang='lat' dir='ltr'><strong><em>nostm&#39;</em></strong></span> <span class='ocrx_word' id='word_1_909' title='bbox 3353 4499 3481 4555; x_wconf 80' lang='lat' dir='ltr'><strong><em>Jesu</em></strong></span> 
     </span>
    </p>
   </div>
   <div class='ocr_carea' id='block_1_104' title="bbox 1896 4581 3480 4659">
    <p class='ocr_par' dir='ltr' id='par_1_104' title="bbox 1896 4581 3480 4659">
     <span class='ocr_line' id='line_1_104' title="bbox 1896 4581 3480 4659; baseline 0.005 -21"><span class='ocrx_word' id='word_1_910' title='bbox 1896 4581 2102 4638; x_wconf 89' lang='lat' dir='ltr'><strong><em>Christi.</em></strong></span> <span class='ocrx_word' id='word_1_911' title='bbox 2144 4583 2281 4651; x_wconf 88' lang='lat' dir='ltr'><strong><em>Quid</em></strong></span> <span class='ocrx_word' id='word_1_912' title='bbox 2316 4583 2743 4651; x_wconf 88' lang='lat' dir='ltr'><strong><em>tumultuamini,</em></strong></span> <span class='ocrx_word' id='word_1_913' title='bbox 2777 4586 2967 4656; x_wconf 89' lang='lat' dir='ltr'><strong><em>inquit,</em></strong></span> <span class='ocrx_word' id='word_1_914' title='bbox 2999 4588 3126 4659; x_wconf 89' lang='lat' dir='ltr'><strong><em>quid</em></strong></span> <span class='ocrx_word' id='word_1_915' title='bbox 3159 4590 3480 4659; x_wconf 89' lang='lat' dir='ltr'><strong><em>turbamini,</em></strong></span> 
     </span>
    </p>
   </div>
   <div class='ocr_carea' id='block_1_105' title="bbox 1896 4674 3483 4751">
    <p class='ocr_par' dir='ltr' id='par_1_105' title="bbox 1896 4674 3483 4751">
     <span class='ocr_line' id='line_1_105' title="bbox 1896 4674 3483 4751; baseline 0.006 -22"><span class='ocrx_word' id='word_1_916' title='bbox 1896 4674 2037 4745; x_wconf 90' lang='lat' dir='ltr'><strong><em>quod</em></strong></span> <span class='ocrx_word' id='word_1_917' title='bbox 2070 4690 2175 4728; x_wconf 86' lang='lat' dir='ltr'><strong><em>non</em></strong></span> <span class='ocrx_word' id='word_1_918' title='bbox 2205 4674 2345 4730; x_wconf 91' lang='lat' dir='ltr'><strong><em>adsit</em></strong></span> <span class='ocrx_word' id='word_1_919' title='bbox 2368 4674 2653 4731; x_wconf 78' lang='lat' dir='ltr'><strong><em>Christus?</em></strong></span> <span class='ocrx_word' id='word_1_920' title='bbox 2684 4676 2852 4732; x_wconf 83' lang='lat' dir='ltr'><strong><em>Adest</em></strong></span> <span class='ocrx_word' id='word_1_921' title='bbox 2872 4678 3116 4748; x_wconf 83' lang='lat' dir='ltr'><strong><em>quidem,</em></strong></span> <span class='ocrx_word' id='word_1_922' title='bbox 3145 4690 3201 4735; x_wconf 92' lang='lat' dir='ltr'><strong><em>et</em></strong></span> <span class='ocrx_word' id='word_1_923' title='bbox 3224 4680 3341 4737; x_wconf 86' lang='lat' dir='ltr'><strong><em>dies</em></strong></span> <span class='ocrx_word' id='word_1_924' title='bbox 3369 4681 3483 4751; x_wconf 87' lang='lat' dir='ltr'><strong><em>jam</em></strong></span> 
     </span>
    </p>
   </div>
   <div class='ocr_carea' id='block_1_106' title="bbox 1895 4766 3484 4843">
    <p class='ocr_par' dir='ltr' id='par_1_106' title="bbox 1895 4766 3484 4843">
     <span class='ocr_line' id='line_1_106' title="bbox 1895 4766 3484 4843; baseline 0.005 -22"><span class='ocrx_word' id='word_1_925' title='bbox 1895 4781 1994 4837; x_wconf 93' lang='lat' dir='ltr'><strong><em>pro</em></strong></span> <span class='ocrx_word' id='word_1_926' title='bbox 2025 4766 2232 4821; x_wconf 91' lang='lat' dir='ltr'><strong><em>foribus</em></strong></span> <span class='ocrx_word' id='word_1_927' title='bbox 2261 4775 2364 4822; x_wconf 88' lang='lat' dir='ltr'><strong><em>est.</em></strong></span> <span class='ocrx_word' id='word_1_928' title='bbox 2398 4767 2465 4822; x_wconf 85' lang='lat' dir='ltr'><strong><em>Et</em></strong></span> <span class='ocrx_word' id='word_1_929' title='bbox 2503 4766 2787 4823; x_wconf 88' lang='lat' dir='ltr'><strong><em>considera</em></strong></span> <span class='ocrx_word' id='word_1_930' title='bbox 2813 4770 3130 4840; x_wconf 89' lang='lat' dir='ltr'><strong><em>sapientiam</em></strong></span> <span class='ocrx_word' id='word_1_931' title='bbox 3155 4813 3169 4837; x_wconf 93' lang='lat'><strong><em>,</em></strong></span> <span class='ocrx_word' id='word_1_932' title='bbox 3210 4772 3484 4843; x_wconf 89' lang='lat' dir='ltr'><strong><em>quomodo</em></strong></span> 
     </span>
    </p>
   </div>
   <div class='ocr_carea' id='block_1_107' title="bbox 1898 4856 3482 4926">
    <p class='ocr_par' dir='ltr' id='par_1_107' title="bbox 1898 4856 3482 4926">
     <span class='ocr_line' id='line_1_107' title="bbox 1898 4856 3482 4926; baseline 0.006 -15"><span class='ocrx_word' id='word_1_933' title='bbox 1898 4857 2040 4921; x_wconf 86' lang='lat' dir='ltr'><strong><em>illos,</em></strong></span> <span class='ocrx_word' id='word_1_934' title='bbox 2070 4872 2191 4911; x_wconf 91' lang='lat' dir='ltr'><strong><em>cum</em></strong></span> <span class='ocrx_word' id='word_1_935' title='bbox 2218 4858 2284 4911; x_wconf 89' lang='lat' dir='ltr'><strong><em>ab</em></strong></span> <span class='ocrx_word' id='word_1_936' title='bbox 2310 4856 2555 4913; x_wconf 89' lang='lat' dir='ltr'><strong><em>humanis</em></strong></span> <span class='ocrx_word' id='word_1_937' title='bbox 2584 4857 2926 4926; x_wconf 81' lang='lat' dir='ltr'><strong><em>abduxisset,</em></strong></span> <span class='ocrx_word' id='word_1_938' title='bbox 2954 4862 3216 4917; x_wconf 86' lang='lat' dir='ltr'><strong><em>exterruit</em></strong></span> <span class='ocrx_word' id='word_1_939' title='bbox 3242 4874 3482 4921; x_wconf 89' lang='lat' dir='ltr'><strong><em>tremen-</em></strong></span> 
     </span>
    </p>
   </div>
   <div class='ocr_carea' id='block_1_108' title="bbox 1897 4950 3482 5017">
    <p class='ocr_par' dir='ltr' id='par_1_108' title="bbox 1897 4950 3482 5017">
     <span class='ocr_line' id='line_1_108' title="bbox 1897 4950 3482 5017; baseline 0.005 -12"><span class='ocrx_word' id='word_1_940' title='bbox 1897 4950 2025 5005; x_wconf 92' lang='lat' dir='ltr'><strong><em>dum</em></strong></span> <span class='ocrx_word' id='word_1_941' title='bbox 2052 4950 2283 5005; x_wconf 89' lang='lat' dir='ltr'><strong><em>tribunal</em></strong></span> <span class='ocrx_word' id='word_1_942' title='bbox 2314 4965 2779 5017; x_wconf 88' lang='lat' dir='ltr'><strong><em>commemorans,</em></strong></span> <span class='ocrx_word' id='word_1_943' title='bbox 2812 4961 2865 5007; x_wconf 90' lang='lat' dir='ltr'><strong><em>et</em></strong></span> <span class='ocrx_word' id='word_1_944' title='bbox 2893 4954 3184 5010; x_wconf 87' lang='lat' dir='ltr'><strong><em>ostendens</em></strong></span> <span class='ocrx_word' id='word_1_945' title='bbox 3210 4971 3314 5011; x_wconf 92' lang='lat' dir='ltr'><strong><em>non</em></strong></span> <span class='ocrx_word' id='word_1_946' title='bbox 3340 4958 3482 5013; x_wconf 87' lang='lat' dir='ltr'><strong><em>bona</em></strong></span> 
     </span>
    </p>
   </div>
   <div class='ocr_carea' id='block_1_109' title="bbox 1901 5040 3480 5115">
    <p class='ocr_par' dir='ltr' id='par_1_109' title="bbox 1901 5040 3480 5115">
     <span class='ocr_line' id='line_1_109' title="bbox 1901 5040 3480 5115; baseline 0.006 -19"><span class='ocrx_word' id='word_1_947' title='bbox 1901 5049 2105 5096; x_wconf 90' lang='lat' dir='ltr'><strong><em>tantum</em></strong></span> <span class='ocrx_word' id='word_1_948' title='bbox 2136 5040 2283 5095; x_wconf 90' lang='lat' dir='ltr'><strong><em>initia</em></strong></span> <span class='ocrx_word' id='word_1_949' title='bbox 2326 5042 2550 5111; x_wconf 85' lang='lat' dir='ltr'><strong><em>requiri,</em></strong></span> <span class='ocrx_word' id='word_1_950' title='bbox 2583 5041 2680 5097; x_wconf 91' lang='lat' dir='ltr'><strong><em>sed</em></strong></span> <span class='ocrx_word' id='word_1_951' title='bbox 2722 5043 2879 5097; x_wconf 90' lang='lat' dir='ltr'><strong><em>ﬁnem</em></strong></span> <span class='ocrx_word' id='word_1_952' title='bbox 2915 5061 3146 5115; x_wconf 67' lang='lat' dir='ltr'><strong><em>quinque.</em></strong></span> <span class='ocrx_word' id='word_1_953' title='bbox 3192 5046 3325 5102; x_wconf 89' lang='lat' dir='ltr'><strong><em>Nam</em></strong></span> <span class='ocrx_word' id='word_1_954' title='bbox 3355 5064 3480 5105; x_wconf 89' lang='lat' dir='ltr'><strong><em>cum</em></strong></span> 
     </span>
    </p>
   </div>
   <div class='ocr_carea' id='block_1_110' title="bbox 1899 5130 3480 5205">
    <p class='ocr_par' dir='ltr' id='par_1_110' title="bbox 1899 5130 3480 5205">
     <span class='ocr_line' id='line_1_110' title="bbox 1899 5130 3480 5205; baseline 0.006 -18"><span class='ocrx_word' id='word_1_955' title='bbox 1899 5132 1983 5189; x_wconf 90' lang='lat' dir='ltr'><strong><em>bis</em></strong></span> <span class='ocrx_word' id='word_1_956' title='bbox 2022 5130 2435 5188; x_wconf 88' lang='lat' dir='ltr'><strong><em>charismatibus</em></strong></span> <span class='ocrx_word' id='word_1_957' title='bbox 2472 5139 2528 5188; x_wconf 91' lang='lat' dir='ltr'><strong><em>et</em></strong></span> <span class='ocrx_word' id='word_1_958' title='bbox 2563 5132 2680 5187; x_wconf 90' lang='lat' dir='ltr'><strong><em>aliis</em></strong></span> <span class='ocrx_word' id='word_1_959' title='bbox 2714 5133 2996 5189; x_wconf 86' lang='lat' dir='ltr'><strong><em>virtutibus</em></strong></span> <span class='ocrx_word' id='word_1_960' title='bbox 3019 5178 3034 5202; x_wconf 90' lang='lat'><strong><em>,</em></strong></span> <span class='ocrx_word' id='word_1_961' title='bbox 3075 5146 3287 5205; x_wconf 79' lang='lat' dir='ltr'><strong><em>Oportet</em></strong></span> <span class='ocrx_word' id='word_1_962' title='bbox 3318 5139 3480 5196; x_wconf 87' lang='lat' dir='ltr'><strong><em>etiam</em></strong></span> 
     </span>
    </p>
   </div>
   <div class='ocr_carea' id='block_1_111' title="bbox 1898 5222 3481 5301">
    <p class='ocr_par' dir='ltr' id='par_1_111' title="bbox 1898 5222 3481 5301">
     <span class='ocr_line' id='line_1_111' title="bbox 1898 5222 3481 5301; baseline 0.004 -23"><span class='ocrx_word' id='word_1_963' title='bbox 1898 5223 2005 5279; x_wconf 89' lang='lat' dir='ltr'><strong><em>diei</em></strong></span> <span class='ocrx_word' id='word_1_964' title='bbox 2034 5223 2177 5279; x_wconf 90' lang='lat' dir='ltr'><strong><em>illius</em></strong></span> <span class='ocrx_word' id='word_1_965' title='bbox 2208 5222 2483 5279; x_wconf 87' lang='lat' dir='ltr'><strong><em>reminisci</em></strong></span> <span class='ocrx_word' id='word_1_966' title='bbox 2511 5239 2527 5277; x_wconf 88' lang='lat'><strong>:</strong></span> <span class='ocrx_word' id='word_1_967' title='bbox 2560 5223 2845 5295; x_wconf 88' lang='lat' dir='ltr'><strong><em>multisque</em></strong></span> <span class='ocrx_word' id='word_1_968' title='bbox 2889 5225 3159 5285; x_wconf 88' lang='lat' dir='ltr'><strong><em>laboribus</em></strong></span> <span class='ocrx_word' id='word_1_969' title='bbox 3178 5240 3262 5285; x_wconf 89' lang='lat' dir='ltr'><strong><em>est</em></strong></span> <span class='ocrx_word' id='word_1_970' title='bbox 3297 5245 3432 5301; x_wconf 88' lang='lat' dir='ltr'><strong><em>opus</em></strong></span> <span class='ocrx_word' id='word_1_971' title='bbox 3462 5267 3481 5297; x_wconf 89' lang='lat'><strong><em>,</em></strong></span> 
     </span>
    </p>
   </div>
   <div class='ocr_carea' id='block_1_112' title="bbox 1899 5314 2922 5387">
    <p class='ocr_par' dir='ltr' id='par_1_112' title="bbox 1899 5314 2922 5387">
     <span class='ocr_line' id='line_1_112' title="bbox 1899 5314 2922 5387; baseline 0.004 -18"><span class='ocrx_word' id='word_1_972' title='bbox 1899 5325 1958 5369; x_wconf 91' lang='lat' dir='ltr'><strong><em>ut</em></strong></span> <span class='ocrx_word' id='word_1_973' title='bbox 1989 5316 2155 5386; x_wconf 89' lang='lat' dir='ltr'><strong><em>possit</em></strong></span> <span class='ocrx_word' id='word_1_974' title='bbox 2178 5315 2298 5387; x_wconf 88' lang='lat' dir='ltr'><strong><em>quis</em></strong></span> <span class='ocrx_word' id='word_1_975' title='bbox 2327 5314 2395 5371; x_wconf 83' lang='lat' dir='ltr'><strong><em>ad</em></strong></span> <span class='ocrx_word' id='word_1_976' title='bbox 2438 5314 2597 5371; x_wconf 90' lang='lat' dir='ltr'><strong><em>ﬁnem</em></strong></span> <span class='ocrx_word' id='word_1_977' title='bbox 2625 5318 2922 5387; x_wconf 84' lang='lat' dir='ltr'><strong><em>pervenire.</em></strong></span> 
     </span>
    </p>
   </div>
   <div class='ocr_carea' id='block_1_113' title="bbox 1969 5409 3485 5468">
    <p class='ocr_par' dir='ltr' id='par_1_113' title="bbox 1969 5409 3485 5468">
     <span class='ocr_line' id='line_1_113' title="bbox 1969 5409 3485 5468; baseline 0.002 -3"><span class='ocrx_word' id='word_1_978' title='bbox 1969 5409 2025 5465; x_wconf 90' lang='lat'><strong><em>2.</em></strong></span> <span class='ocrx_word' id='word_1_979' title='bbox 2084 5410 2492 5465; x_wconf 81' lang='lat' dir='ltr'><strong><em>Revelationem</em></strong></span> <span class='ocrx_word' id='word_1_980' title='bbox 2534 5420 2712 5466; x_wconf 89' lang='lat' dir='ltr'><strong><em>autem</em></strong></span> <span class='ocrx_word' id='word_1_981' title='bbox 2763 5423 3148 5467; x_wconf 89' lang='lat' dir='ltr'><strong><em>commemorat</em></strong></span> <span class='ocrx_word' id='word_1_982' title='bbox 3195 5413 3485 5468; x_wconf 84' lang='lat' dir='ltr'><strong><em>ostendens</em></strong></span> 
     </span>
    </p>
   </div>
   <div class='ocr_carea' id='block_1_114' title="bbox 1903 5500 3478 5569">
    <p class='ocr_par' dir='ltr' id='par_1_114' title="bbox 1903 5500 3478 5569">
     <span class='ocr_line' id='line_1_114' title="bbox 1903 5500 3478 5569; baseline 0.003 -14"><span class='ocrx_word' id='word_1_983' title='bbox 1903 5502 2070 5569; x_wconf 90' lang='lat' dir='ltr'><strong><em>illam,</em></strong></span> <span class='ocrx_word' id='word_1_984' title='bbox 2097 5502 2307 5557; x_wconf 88' lang='lat' dir='ltr'><strong><em>etiamsi</em></strong></span> <span class='ocrx_word' id='word_1_985' title='bbox 2337 5516 2442 5556; x_wconf 91' lang='lat' dir='ltr'><strong><em>non</em></strong></span> <span class='ocrx_word' id='word_1_986' title='bbox 2470 5500 2735 5567; x_wconf 83' lang='lat' dir='ltr'><strong><em>videatur,</em></strong></span> <span class='ocrx_word' id='word_1_987' title='bbox 2759 5500 2856 5556; x_wconf 88' lang='lat' dir='ltr'><strong><em>sed</em></strong></span> <span class='ocrx_word' id='word_1_988' title='bbox 2882 5517 3003 5557; x_wconf 88' lang='lat' dir='ltr'><strong><em>esse</em></strong></span> <span class='ocrx_word' id='word_1_989' title='bbox 3026 5514 3224 5564; x_wconf 81' lang='lat' dir='ltr'><strong><em>tamen,</em></strong></span> <span class='ocrx_word' id='word_1_990' title='bbox 3256 5510 3311 5555; x_wconf 90' lang='lat' dir='ltr'><strong><em>et</em></strong></span> <span class='ocrx_word' id='word_1_991' title='bbox 3336 5518 3478 5559; x_wconf 88' lang='lat' dir='ltr'><strong><em>nunc</em></strong></span> 
     </span>
    </p>
   </div>
   <div class='ocr_carea' id='block_1_115' title="bbox 1902 5591 3482 5662">
    <p class='ocr_par' dir='ltr' id='par_1_115' title="bbox 1902 5591 3482 5662">
     <span class='ocr_line' id='line_1_115' title="bbox 1902 5591 3482 5662; baseline 0.006 -19"><span class='ocrx_word' id='word_1_992' title='bbox 1902 5594 2115 5657; x_wconf 86' lang='lat' dir='ltr'><strong><em>adesse,</em></strong></span> <span class='ocrx_word' id='word_1_993' title='bbox 2143 5602 2197 5646; x_wconf 91' lang='lat' dir='ltr'><strong><em>ct</em></strong></span> <span class='ocrx_word' id='word_1_994' title='bbox 2222 5602 2346 5646; x_wconf 90' lang='lat' dir='ltr'><strong><em>tunc</em></strong></span> <span class='ocrx_word' id='word_1_995' title='bbox 2372 5592 2738 5661; x_wconf 87' lang='lat' dir='ltr'><strong><em>apparituram</em></strong></span> <span class='ocrx_word' id='word_1_996' title='bbox 2768 5607 2908 5647; x_wconf 83' lang='lat' dir='ltr'><strong><em>esse.</em></strong></span> <span class='ocrx_word' id='word_1_997' title='bbox 2940 5591 3195 5647; x_wconf 82' lang='lat' dir='ltr'><strong><em>Patientia</em></strong></span> <span class='ocrx_word' id='word_1_998' title='bbox 3216 5591 3374 5662; x_wconf 85' lang='lat' dir='ltr'><strong><em>igitur</em></strong></span> <span class='ocrx_word' id='word_1_999' title='bbox 3400 5604 3482 5652; x_wconf 85' lang='lat' dir='ltr'><strong><em>est</em></strong></span> 
     </span>
    </p>
   </div>
   <div class='ocr_carea' id='block_1_116' title="bbox 1903 5682 3489 5755">
    <p class='ocr_par' dir='ltr' id='par_1_116' title="bbox 1903 5682 3489 5755">
     <span class='ocr_line' id='line_1_116' title="bbox 1903 5682 3489 5755; baseline 0.006 -21"><span class='ocrx_word' id='word_1_1000' title='bbox 1903 5698 2038 5753; x_wconf 74' lang='lat' dir='ltr'><strong><em>opus</em></strong></span> <span class='ocrx_word' id='word_1_1001' title='bbox 2067 5701 2080 5738; x_wconf 91' lang='lat'><strong>:</strong></span> <span class='ocrx_word' id='word_1_1002' title='bbox 2116 5683 2239 5737; x_wconf 89' lang='lat' dir='ltr'><strong><em>ideo</em></strong></span> <span class='ocrx_word' id='word_1_1003' title='bbox 2277 5682 2420 5737; x_wconf 89' lang='lat' dir='ltr'><strong><em>enim</em></strong></span> <span class='ocrx_word' id='word_1_1004' title='bbox 2464 5682 2721 5738; x_wconf 80' lang='lat' dir='ltr'><strong><em>miracula</em></strong></span> <span class='ocrx_word' id='word_1_1005' title='bbox 2748 5684 3029 5755; x_wconf 89' lang='lat' dir='ltr'><strong><em>accepistis</em></strong></span> <span class='ocrx_word' id='word_1_1006' title='bbox 3058 5724 3075 5750; x_wconf 94' lang='lat'><strong><em>,</em></strong></span> <span class='ocrx_word' id='word_1_1007' title='bbox 3107 5693 3164 5738; x_wconf 90' lang='lat' dir='ltr'><strong><em>ut</em></strong></span> <span class='ocrx_word' id='word_1_1008' title='bbox 3194 5682 3333 5742; x_wconf 87' lang='lat' dir='ltr'><strong><em>ﬁrmi</em></strong></span> <span class='ocrx_word' id='word_1_1009' title='bbox 3372 5703 3489 5743; x_wconf 84' lang='lat' dir='ltr'><strong><em>ma-</em></strong></span> 
     </span>
    </p>
   </div>
   <div class='ocr_carea' id='block_1_117' title="bbox 1902 5768 3487 5844">
    <p class='ocr_par' dir='ltr' id='par_1_117' title="bbox 1902 5768 3487 5844">
     <span class='ocr_line' id='line_1_117' title="bbox 1902 5768 3487 5844; baseline 0.003 -15"><span class='ocrx_word' id='word_1_1010' title='bbox 1902 5775 2091 5832; x_wconf 84' lang='lat' dir='ltr'><strong><em>neatis.</em></strong></span> <span class='ocrx_word' id='word_1_1011' title='bbox 2123 5772 2175 5829; x_wconf 89' lang='lat'><strong><em>8.</em></strong></span> <span class='ocrx_word' id='word_1_1012' title='bbox 2209 5772 2309 5840; x_wconf 81' lang='lat' dir='ltr'><strong><em>Qui</em></strong></span> <span class='ocrx_word' id='word_1_1013' title='bbox 2336 5768 2384 5828; x_wconf 83' lang='lat' dir='ltr'><strong><em>et</em></strong></span> <span class='ocrx_word' id='word_1_1014' title='bbox 2411 5772 2730 5837; x_wconf 75' lang='lat' dir='ltr'><strong><em>conﬁrmabit</em></strong></span> <span class='ocrx_word' id='word_1_1015' title='bbox 2769 5787 2860 5829; x_wconf 71' lang='lat' dir='ltr'><strong><em>vos</em></strong></span> <span class='ocrx_word' id='word_1_1016' title='bbox 2901 5789 3057 5843; x_wconf 80' lang='lat' dir='ltr'><strong><em>usque</em></strong></span> <span class='ocrx_word' id='word_1_1017' title='bbox 3089 5774 3146 5831; x_wconf 87' lang='lat' dir='ltr'><strong><em>in</em></strong></span> <span class='ocrx_word' id='word_1_1018' title='bbox 3177 5774 3337 5844; x_wconf 69' lang='lat' dir='ltr'><strong><em>ﬁnem</em></strong></span> <span class='ocrx_word' id='word_1_1019' title='bbox 3374 5778 3487 5836; x_wconf 79' lang='lat' dir='ltr'><strong><em>sine</em></strong></span> 
     </span>
    </p>
   </div>
  </div>
