4018 6208
560 291 630 349 19
1299 287 1356 343 S.
1395 281 1673 343 JOANNIS
1704 276 2173 338 CHRYSOSIOII
2205 276 2523 336 ARCHIEP.
2561 278 3091 339 CONSTANTINOP.
3754 287 3830 340 2³

562 416 785 469 crimine.
844 406 942 463 ille
984 404 1197 462 videtur
1232 405 1445 473 quidem
1484 398 1610 457 illos
1652 398 1996 459 demulcere;
2041 394 2138 451 sed

558 504 707 575 quod
736 501 934 558 dicitur
957 498 1103 553 omni
1132 494 1437 551 adulatione
1468 499 1642 547 vacat.
1680 489 1833 546 Solet
1854 487 1999 543 enim
2020 485 2141 541 illos

564 610 800 669 tangere.
830 604 890 651 ut
913 608 1035 650 cum
1064 590 1230 647 dicit:
1260 587 1541 657 Tamquam
1563 600 1662 639 non
1690 591 1931 636 venturus
1951 580 2052 636 sint
2074 578 2144 632 ad

561 707 672 756 eos,
690 688 859 758 inﬂati
877 694 993 741 sunt
1009 682 1213 752 quidam
1228 687 1554 745 πίτυι-ωιτν,
1569 674 1706 745 Quid
1721 674 1901 727 vultu?
1920 671 1974 725 in
2004 672 2144 741 uirga

563 779 760 835 veniam
775 779 843 831 ad
852 792 943 831 eos
958 815 973 841 ,
1005 790 1072 827 an
1088 774 1141 827 in
1157 772 1367 825 caritate
1380 777 1426 824 et
1444 765 1627 837 spiritu
1650 762 2048 819 mansuetudinis
2060 760 2113 832 (ι
2124 800 2137 813 .

565 871 682 925 Cor.
701 871 755 925 ι.
784 866 871 924 l8.
890 876 940 923 et
958 864 1160 937 ειπει,
1182 862 1260 916 An
1276 854 1911 931 experimentumqueritis
1923 854 2033 925 ejus
2056 851 2144 922 qui

567 969 623 1019 in
667 979 747 1017 me
776 961 1001 1033 loquitur
1029 957 1215 1013 Christi
1258 954 1333 1028 (2.
1362 952 1482 1009 Cor.
1513 952 1600 1008 l5.
1631 951 1690 1019 5)
1719 948 2024 1004 iLatenter
2048 960 2145 1000 au-

567 1064 674 1109 tem
702 1054 847 1123 ipsos
867 1058 1118 1107 accusat:
1143 1063 1269 1103 cum
1297 1046 1425 1101 dicit
1450 1044 1615 1108 enim,
1644 1039 1976 1109 Conﬁrmaln't
1995 1078 2012 1101 ,
2042 1046 2098 1093 et
2123 1077 2140 1104 ,

568 1144 695 1201 Sine
712 1146 942 1208 crimine,
972 1140 1207 1197 ostendit
1233 1138 1353 1193 illos
1376 1135 1549 1191 adhuc
1571 1134 1851 1199 fluctuare,
1880 1142 1935 1188 et
1963 1131 2146 1187 crimi-

566 1237 617 1290 ni
641 1250 763 1291 esse
789 1232 1073 1289 obnoxios.
1116 1230 1197 1286 'l'u
1218 1243 1347 1284 vero
1377 1226 1686 1283 consideres
1704 1224 1888 1289 velim,
1917 1236 2145 1293 quomo.

566 1328 636 1384 do
688 1327 809 1383 illos
855 1338 1071 1395 semper
1120 1321 1333 1395 nomini
1363 1318 1562 1376 Christi
1596 1314 1805 1389 alligat,
1853 1325 1908 1371 et
1949 1314 2147 1369 nullius

568 1418 818 1481 hominis,
846 1429 1022 1486 neque
1039 1412 1291 1484 apostoli,
1313 1424 1487 1481 neque
1506 1408 1768 1482 magistri,
1787 1407 1881 1464 sed
1906 1405 2149 1476 frequen-

566 1519 651 1564 ter
674 1507 852 1563 dilecti
880 1507 1020 1563 illius
1046 1506 1370 1560 mentionem
1397 1502 1593 1567 faciat,
1618 1500 1769 1573 quasi
1793 1498 1863 1554 ab
1889 1498 2147 1555 ebrietate

565 1599 795 1670 quadam
835 1598 1159 1655 temulentos
1189 1596 1420 1651 educere
1450 1608 1665 1666 parans.
1699 1590 1971 1661 Nusquam
2000 1590 2147 1646 enim

565 1692 620 1746 in
647 1692 748 1746 alia
774 1689 999 1761 epistola
1030 1699 1135 1743 tam
1164 1687 1473 1757 frequenter
1497 1698 1691 1741 nomen
1717 1682 1915 1738 Christi
1956 1682 2102 1751 jacet
2131 1699 2145 1736 :

567 1784 658 1839 hic
679 1798 807 1837 vero
837 1782 890 1836 in
915 1781 1096 1853 paucis
1119 1780 1369 1835 versibus
1394 1795 1536 1848 smpe
1555 1820 1570 1845 ,
1590 1786 1645 1833 et
1667 1776 1771 1832 hoc
1796 1776 2010 1832 nomine
2037 1775 2147 1829 fere

566 1883 735 1929 totum
754 1875 992 1929 contexit
1011 1872 1352 1943 prommium.
1374 1869 1662 1925 Considera
1689 1874 1865 1923 autem
1881 1864 2145 1937 superius.

570 1988 593 2020 ‹
638 1966 837 2035 Paulus
866 2008 882 2033 ,
913 1976 1134 2022 vocatus
1161 1963 1438 2035 apostolus
1458 1953 1602 2023 'Jesu
1634 1957 1837 2015 Christi
1862 1999 1879 2024 ,
1913 1955 2145 2014 sanctifi-

566 2059 703 2115 catis
746 2061 798 2114 in
839 2058 1058 2124 Christo
1096 2057 1223 2115 .lesu
1257 2098 1273 2124 ,
1307 2053 1681 2111 invocantibus
1710 2067 1906 2107 nomen
1938 2049 2149 2107 Domini

566 2153 736 2207 nostri
758 2150 886 2207 Jesu
912 2149 1112 2205 Christi
1143 2167 1155 2202 :
1194 2149 1363 2218 gratia
1392 2147 1542 2201 vobis
1565 2156 1615 2201 et
1655 2160 1759 2215 pax
1791 2159 1820 2197 a
1855 2143 1965 2198 Deo
1990 2142 2149 2198 Patre

566 2254 622 2299 et
662 2242 892 2299 Domino
939 2241 1067 2298 Jesu
1114 2241 1351 2297 Christo.
1395 2237 1613 2294 Gratias
1650 2251 1753 2307 ago
1797 2235 1904 2290 Deo
1936 2249 2057 2289 meo
2082 2233 2151 2288 de

570 2336 741 2404 gratia
775 2374 791 2397 ,
821 2349 940 2403 qua:
986 2332 1111 2387 data
1151 2342 1237 2385 est
1265 2330 1419 2385 vobis
1464 2329 1517 2382 in
1565 2326 1781 2382 Christo
1809 2326 1934 2381 Jcsn
1966 2345 1981 2381 :
2013 2325 2151 2380 sicut

571 2427 936 2482 testimonium
982 2421 1183 2479 Christi
1226 2420 1595 2476 confirmatum
1635 2418 1802 2473 estin
1836 2417 1987 2473 vobis
2016 2434 2029 2469 :
2058 2432 2152 2471 ex-

572 2516 938 2588 spectantibus
967 2514 1348 2571 revelationem
1380 2513 1588 2569 Domini
1620 2512 1787 2568 nostri
1832 2511 1957 2567 Jesu
1985 2510 2139 2565 Chri-

569 2610 638 2664 sti
660 2650 676 2676 ,
697 2608 790 2679 qui
812 2617 865 2662 et
887 2606 1228 2663 confirmabit
1257 2620 1353 2659 vos
1380 2606 1498 2659 sine
1521 2605 1746 2658 crimine
1773 2602 1825 2654 in
1856 2602 1943 2654 die
1965 2600 2146 2652 Domia

572 2700 625 2753 ni
655 2704 824 2755 nostr.
843 2698 971 2752 Jesu
995 2695 1213 2751 Christi.
1239 2694 1295 2751 9.
1324 2691 1525 2747 Fidelis
1552 2699 1633 2745 est
1667 2692 1805 2744 Deus
1826 2731 1841 2754 ,
1876 2705 1970 2757 per
1990 2702 2148 2758 quem

572 2789 749 2843 vocati
786 2789 916 2843 estis
953 2788 1005 2838 in
1034 2786 1342 2838 societatem
1372 2778 1490 2837 Filii
1523 2783 1638 2850 ejus
1658 2780 1785 2836 Jesu
1814 2780 2011 2834 Christi
2045 2780 2146 2833 Do.

576 2881 706 2934 mini
737 2878 925 2933 nostri.
964 2876 1050 2932 to.
1084 2875 1319 2930 Obsecro
1344 2882 1523 2929 autem
1554 2889 1647 2926 vus
1685 2889 1782 2943 per
1819 2888 2013 2926 nomen
2046 2872 2149 2925 Do-

573 2971 703 3027 mini
725 2972 889 3026 nostri
917 2970 1043 3027 Jesu
1071 2969 1291 3024 Christi.
1330 2986 1351 3020 ι
1383 2966 1571 3021 Viden’
1596 2966 1945 3034 frequentiam
1977 2963 2153 3015 nomi-

572 3066 655 3119 nis
672 3063 906 3117 Christi?
937 3060 1089 3116 Unde
1117 3059 1288 3127 palam
1318 3067 1401 3111 est
1416 3056 1575 3110 etiam
1602 3054 1725 3116 illis,
1752 3054 1838 3124 qui
1868 3052 2153 3107 admodum

576 3157 891 3226 insipientes
929 3160 1057 3205 sunt
1086 3190 1100 3215 ,
1133 3150 1305 3220 ipsum
1338 3162 1441 3202 non
1474 3147 1589 3201 sine
1615 3161 1773 3200 causa
1804 3160 1903 3199 nec
1926 3160 2052 3198 casn
2085 3146 2153 3198 ita

576 3247 755 3301 facere
779 3260 795 3309 ;
820 3242 911 3298 sed
946 3243 1103 3310 hujus
1125 3240 1326 3310 pulchri
1351 3238 1585 3294 nominis
1614 3236 1909 3308 frequentia
1940 3236 2151 3289 illorum

580 3350 842 3392 tumorem
870 3333 1138 3398 exhaurit,
1167 3342 1221 3386 et
1236 3331 1441 3385 saniem
1465 3330 1635 3384 morbi
1662 3339 1942 3399 expurgat.
1960 3325 2156 3382 Fidelis

582 3428 718 3483 Deus
750 3469 764 3487 .
803 3441 892 3495 per
921 3440 1066 3493 quem
1109 3423 1269 3477 uocati
1297 3422 1414 3476 estis
1456 3421 1509 3474 in
1543 3420 1827 3476 societatem
1858 3417 1995 3472 Filii
2022 3420 2151 3485 ejus.

581 3524 739 3590 Papa:
772 3521 786 3574 ι
838 3512 1087 3589 quantum
1120 3516 1205 3571 hic
1250 3531 1362 3569 rem
1390 3513 1520 3568 dicit
1548 3514 1561 3567 !
1594 3521 1846 3582 quantam
1877 3511 2001 3564 doni
2041 3526 2157 3563 ma-

578 3611 909 3684 gnitudinem
942 3606 1197 3663 exhibet!
1230 3607 1291 3661 In
1333 3604 1644 3659 societatem
1684 3601 1953 3672 Unigeniti
1982 3601 2157 3656 vocati

582 3708 715 3760 estis
744 3746 759 3769 ,
791 3712 847 3758 et
889 3716 984 3755 vos
1014 3698 1319 3754 hominibus
1344 3695 1632 3753 addicitis?
1659 3695 1785 3766 quid
1814 3695 1915 3750 hac
1944 3696 2159 3750 miseria

587 3795 780 3867 pejus?
810 3794 877 3848 Et
904 3791 1173 3863 quomodo
1201 3773 1373 3846 vocati
1416 3787 1584 3845 estis?
1613 3788 1713 3844 Per
1743 3788 1975 3843 Patrem.
2024 3788 2159 3856 Quia

586 3889 729 3944 enim
762 3901 858 3956 per
882 3884 1031 3938 illum
1061 3890 1115 3935 et
1144 3881 1197 3935 in
1221 3881 1314 3935 illo
1335 3879 1641 3950 frequenter
1665 3879 1877 3935 dicebat
1901 3879 1966 3934 de
1987 3879 2124 3934 Filio
2142 3920 2157 3942 ,

584 3996 655 4036 ne
671 3986 986 4051 putarentse
998 3976 1143 4027 illum
1158 3982 1219 4028 ut
1234 3972 1492 4027 minorem
1502 3970 2005 4035 commcmnrareﬁd
2022 3971 2161 4025 Patri

590 4071 860 4127 adscribit.
881 4066 995 4122 Non
1020 4082 1113 4134 per
1137 4068 1275 4118 hunc
1298 4064 1379 4117 vel
1402 4062 1585 4127 alium,
1614 4062 1804 4131 inquit,
1824 4060 1917 4117 sed
1944 4076 2038 4131 per
2061 4061 2132 4117 Pa
2150 4092 2164 4102 -

592 4173 728 4219 trem
756 4158 925 4215 vocati
954 4161 1116 4211 estis:
1138 4170 1233 4224 per
1256 4154 1427 4223 ipsum
1455 4153 1616 4209 etiam
1644 4153 1834 4208 divites
1864 4152 1986 4207 fnCti
2013 4156 2161 4208 estis.

595 4255 797 4308 Rursus
820 4247 993 4303 vocati
1010 4246 1161 4312 estis,
1176 4260 1282 4301 non
1301 4245 1397 4316 ipsi
1419 4244 1740 4300 accessistis.
1767 4242 1904 4313 Quid
1923 4258 2049 4319 vero
2063 4244 2163 4299 sibi

592 4346 706 4400 vult
721 4342 871 4405 illud,
889 4339 957 4395 In
983 4340 1267 4395 sociean
1284 4337 1408 4392 Filii
1427 4338 1536 4409 ejus
1556 4338 1582 4392 .’
1596 4336 1731 4391 Audi
1754 4336 1902 4391 illum
1924 4335 2025 4392 hoc
2052 4336 2167 4392 cla-

596 4439 705 4491 rius
729 4434 853 4489 alibi
881 4432 1146 4487 dicentem
1172 4448 1184 4483 :
1214 4428 1276 4484 Si
1293 4429 1616 4493 sustinemus,
1635 4439 1681 4485 et
1709 4430 2121 4501 conregnabintus
2148 4444 2169 4485 :

594 4531 634 4581 ιε
660 4525 1033 4588 cantator-inin,
1059 4522 1211 4577 simul
1230 4521 1541 4592 vivemuslﬁ.
1578 4519 1709 4577 Tim.
1731 4520 1787 4575 2.
1808 4521 1920 4592 ii).
1942 4521 2167 4586 Deinde,

594 4622 716 4691 quia
748 4630 860 4674 rem
892 4631 1138 4687 magnam
1180 4613 1353 4681 dixit,
1387 4613 1592 4669 addidit
1622 4614 1787 4671 etiam
1826 4614 2167 4670 ratiocinium

598 4721 800 4766 certum
821 4752 835 4773 ,
859 4709 1074 4764 cuinon
1104 4706 1275 4778 possit
1315 4705 1606 4761 contradici
1636 4723 1650 4761 :
1684 4721 1807 4762 nam
1832 4707 1945 4773 ait,
1979 4706 2171 4761 Fidelis

599 4801 736 4855 Beas
757 4815 775 4863 ;
796 4798 850 4853 id
880 4807 1000 4861 est,
1031 4810 1212 4851 verus.
1243 4794 1301 4850 Si
1330 4810 1487 4851 verus
1510 4838 1527 4861 ,
1551 4810 1672 4866 quae
1698 4798 1942 4866 promisit
1968 4796 2167 4852 faciet:

599 4888 845 4961 promisit
870 4900 1048 4943 autem
1068 4901 1128 4942 se
1152 4898 1252 4941 nos
1270 4885 1445 4967 socios
1466 4883 1727 4941 facturum
1745 4886 2006 4957 unigeniti
2028 4886 2171 4952 Filii;

598 4980 668 5034 ad
696 4979 801 5034 hoc
824 4979 1018 5051 quippe
1046 4991 1146 5032 nos
1170 4976 1380 5032 vocavit
1406 4993 1421 5031 :
1442 4975 1581 5031 dona
1607 4977 1754 5033 enim
1774 4985 1829 5034 et
1852 4976 2171 5033 charismata

601 5070 717 5137 eius
742 5070 857 5124 sine
879 5068 1194 5138 ponitentia
1230 5075 1356 5123 sunt
1376 5106 1394 5133 ,
1422 5082 1632 5123 necnon
1660 5067 1753 5123 Dei
1781 5070 2013 5124 vocatio.
2044 5069 2172 5125 Haec

599 5168 781 5215 autem
830 5174 969 5213 nunc
999 5160 1143 5229 prius
1171 5159 1362 5214 ordine
1406 5160 1566 5229 ponit
1608 5162 1660 5215 in
1704 5175 1953 5217 sermone
1980 5204 1995 5227 ,
2022 5172 2078 5217 ut
2109 5178 2176 5218 ne

492 5286 495 5289 -
602 5259 726 5321 post
779 5249 1149 5303 vehementem
1195 5249 1591 5304 accusationem
1636 5251 1691 5305 in
1742 5251 2174 5320 desperationem

2251 392 2383 450 dare
2423 394 2683 461 volebat;
2717 398 2792 452 illi
2840 413 2971 454 vero
3011 399 3261 456 nolentes
3304 400 3547 472 accipere
3574 441 3591 468 ,
3620 408 3829 472 κῶμος

2248 484 2543 556 eiecerunt.
2576 488 2708 543 Nam
2751 491 2959 546 etiamsi
2990 492 3056 545 ad
3097 508 3212 547 rem
3239 492 3559 550 laboriosam
3590 504 3643 549 et
3667 510 3830 565 aspe-

2249 594 2363 635 ram
2390 591 2679 648 vocasset,
2709 594 3023 639 recusantes
3060 586 3214 640 venia
3245 585 3389 656 digni
3415 602 3521 642 non
3552 586 3818 653 fuissent.

2249 674 2344 731 sed
2371 677 2670 746 potuissent
2710 678 2897 733 saltem
2939 677 3044 734 hoc
3091 680 3387 735 obtendere
3416 697 3432 732 :
3462 680 3509 734 si
3538 692 3717 737 autem
3759 681 3826 734 ad

2250 766 2619 837 purgationem
2640 810 2655 834 ,
2686 769 2753 822 ad
2773 769 3037 839 justitiam
3070 813 3086 836 ,
3117 772 3184 827 ad
3214 771 3685 829 sanetilicationem
3715 815 3730 839 ,
3760 774 3830 828 ad

2250 859 2697 928 redemptionem,
2714 863 2975 931 gratiam,
3005 863 3207 918 donum
3235 875 3289 921 et
3317 875 3612 935 praparata
3640 865 3781 919 bona
3812 908 3828 930 ,

2251 965 2370 1020 quas
2389 952 2578 1007 oculus
2608 968 2716 1008 non
2748 953 2900 1019 vidit,
2933 970 3033 1009 nec
3061 956 3207 1010 auris
3234 957 3467 1022 audivit,
3496 966 3554 1012 et
3576 957 3717 1012 Deus
3739 967 3832 1013 est

2251 1042 2345 1113 qui
2379 1053 2535 1099 vocat
2564 1086 2579 1109 ,
2612 1054 2670 1100 et
2719 1062 2817 1116 per
2855 1046 3094 1116 seipsum
3136 1059 3333 1114 vocat;
3360 1065 3462 1119 qua
3491 1050 3645 1106 venia
3682 1049 3831 1120 digni

2251 1131 2450 1189 fuerint
2486 1136 2575 1205 qui
2616 1153 2721 1192 non
2781 1139 3109 1194 accurrunt?
3134 1139 3212 1195 Ne
3237 1142 3359 1211 quis
3393 1156 3522 1212 ergo
3559 1144 3611 1197 in
3662 1142 3831 1198 Deum

2251 1228 2460 1298 culpam
2489 1230 2704 1285 referat.
2737 1231 2852 1286 Non
2878 1233 3022 1287 enim
3053 1248 3120 1286 ex
3163 1241 3385 1288 vocante
3439 1235 3496 1288 fit
3536 1235 3676 1306 quod
3718 1250 3831 1291 non

2251 1319 2519 1379 credatur.
2549 1321 2641 1376 sed
2671 1336 2736 1377 ex
2761 1324 2828 1377 iis
2847 1324 2937 1393 qui
2968 1324 3232 1379 resiliunt.
3261 1323 3367 1379 Sed
3394 1324 3710 1393 oportebat,
3750 1327 3834 1381 in-

2251 1412 2420 1481 quies,
2450 1412 2533 1465 vel
2559 1412 2755 1467 invitos
2786 1414 3055 1470 inducere.
3087 1417 3266 1485 Apage
3286 1433 3298 1469 :
3318 1430 3427 1469 non
3452 1413 3593 1470 enim
3613 1417 3718 1470 vim
3747 1414 3834 1472 vel

2250 1503 2623 1557 necessitatem
2650 1503 2829 1558 infert.
2855 1504 2985 1573 Quis
3011 1505 3154 1560 enim
3181 1505 3247 1560 ad
3272 1505 3501 1561 honores
3528 1515 3583 1561 et
3606 1522 3837 1562 coronas

2250 1603 2306 1649 et
2332 1596 2571 1650 convivia
2597 1606 2653 1651 et
2680 1597 3023 1653 celebritates
3049 1614 3251 1655 vocans
3277 1640 3292 1664 ,
3325 1600 3522 1656 invitos
3549 1611 3602 1657 et
3622 1602 3834 1659 vinctos

2253 1686 2416 1742 trahit
2441 1689 2467 1741 τ
2494 1687 2662 1743 Nemo
2682 1697 2866 1745 certe:
2892 1690 2994 1745 hoc
3018 1691 3160 1745 enim
3182 1700 3325 1748 esset
3350 1694 3599 1763 injuriam
3632 1692 3833 1751 facere.

2252 1777 2334 1832 Ad
2381 1778 2680 1849 gehennam
2726 1783 2923 1837 invitos
2969 1781 3132 1837 mittit
3159 1799 3175 1849 ;
3202 1782 3269 1837 ad
3312 1799 3535 1854 regnum
3587 1784 3837 1841 iubentes

2252 1880 2407 1925 vocat
2432 1890 2446 1926 :
2478 1871 2545 1926 ad
2568 1872 2743 1944 ignem
2777 1873 2970 1944 ligatos
2994 1873 3163 1947 ducit,
3193 1876 3357 1932 etiam
3383 1875 3648 1947 eiulantes
3675 1892 3694 1941 ;
3737 1876 3835 1932 sed

2254 1963 2531 2020 innumera
2560 1964 2698 2020 bona
2727 1980 2831 2020 non
2874 1966 2973 2021 sic.
3004 1966 3136 2022 Nam
3168 1966 3272 2024 hoc
3300 1969 3413 2040 ipsa
3452 1984 3666 2041 quoque
3693 1969 3835 2025 bona

2253 2054 2438 2109 odiosa
2476 2056 2684 2122 reddat,
2706 2057 2810 2111 nisi
2840 2058 2959 2112 talis
2974 2059 3045 2113 sit
3076 2057 3285 2115 illorum
3317 2069 3504 2119 natura
3524 2103 3540 2127 ,
3568 2071 3629 2118 ut
3653 2061 3721 2117 ad
3748 2062 3839 2116 illa

2255 2156 2448 2218 sponte
2477 2160 2791 2205 accurratur
2819 2192 2834 2215 ,
2865 2161 2920 2205 et
2942 2152 3171 2222 gratiam
3196 2152 3425 2209 habeant
3453 2154 3761 2208 maximam.

2325 2242 2379 2297 5.
2409 2241 2475 2297 Et
2503 2241 2592 2312 qui
2616 2242 2696 2308 lit,
2714 2243 2946 2314 inquies.
2966 2244 3109 2315 quod
3136 2260 3245 2300 non
3260 2260 3447 2302 omnes
3472 2247 3585 2316 ipsa
3612 2248 3837 2318 eligant?

2254 2334 2336 2388 0b
2380 2336 2648 2405 propriam
2681 2336 3066 2391 infirmitatem.
3098 2338 3164 2392 Et
3191 2354 3288 2393 cur
3316 2338 3528 2393 illorum
3558 2339 3840 2394 infirmita-

2256 2426 2362 2478 tem
2391 2440 2495 2479 non
2524 2425 2790 2479 abscindit
2817 2427 2841 2478 ?
2863 2425 2931 2480 Et
2950 2442 3059 2496 quo
3084 2436 3239 2496 pacto
3263 2469 3282 2495 ,
3307 2428 3395 2483 dic
3415 2428 3547 2483 mihi
3578 2470 3594 2495 ,
3622 2430 3839 2485 exscin-

2255 2514 2386 2568 dere
2412 2528 2547 2583 opus
2569 2516 2685 2569 est?
2711 2531 2891 2570 annon
2929 2528 3229 2573 creaturam
3271 2520 3511 2575 condidit
3549 2520 3835 2577 docentem

2258 2605 2374 2674 ejus
2398 2605 2779 2673 benignitatem
2810 2649 2826 2671 ,
2854 2616 2908 2663 et
2931 2610 3220 2677 potentiam
3244 2611 3268 2665 ?
3298 2626 3421 2666 nam
3451 2610 3605 2675 Caeli,
3634 2614 3835 2685 inquit,

2257 2706 2495 2751 enarrant
2529 2697 2749 2769 gloriam
2778 2697 2869 2752 Dei
2895 2697 3067 2771 (Psal.
3099 2700 3185 2756 i8.
3214 2700 3294 2770 Ξ).
3327 2704 3519 2758 Annon
3546 2704 3839 2774 prophetas

2258 2790 2401 2843 misit
2429 2788 2453 2842 ?
2480 2805 2656 2844 annon
2688 2790 2896 2845 vocavit
2923 2801 2978 2845 et
3004 2790 3328 2845 honoravit?
3365 2808 3541 2847 annon
3581 2794 3836 2851 miracula

2258 2871 2430 2933 fecit?
2457 2894 2635 2932 annon
2671 2881 2843 2948 legem
2874 2880 3023 2933 dedit
3054 2888 3110 2932 et
3137 2881 3395 2949 scriptam
3421 2892 3474 2937 et
3492 2886 3788 2939 naturalem
3814 2886 3839 2938 ?

2257 2984 2434 3023 annon
2452 2970 2643 3023 Filium
2665 2983 2817 3023 suum
2839 2970 3022 3024 misit?
3037 2985 3214 3025 annon
3237 2973 3396 3027 etiam
3415 2974 3726 3042 apostolos?
3742 2990 3842 3031 an-

2262 3075 2365 3112 non
2398 3060 2546 3129 signa
2578 3058 2742 3114 fecit?
2773 3075 2952 3115 annon
2991 3061 3293 3132 gehennam
3318 3065 3679 3120 comminatus
3707 3068 3840 3123 est?

2261 3166 2436 3207 nonne
2452 3168 2673 3223 regnum
2706 3154 2994 3223 promisit?
3019 3170 3197 3210 nonne
3221 3156 3461 3227 quotidie
3484 3158 3653 3213 solem
3685 3173 3839 3215 suum

2258 3243 2388 3297 criri
2420 3242 2582 3299 facit?
2614 3260 2791 3300 nonne
2834 3261 2956 3316 quas
3003 3248 3257 3317 praecepit
3279 3248 3349 3301 ita
3382 3247 3556 3303 facilia
3582 3256 3749 3315 sunt,
3778 3260 3840 3306 ut

2262 3334 2412 3388 multi
2451 3336 2501 3388 vi
2551 3334 2904 3407 philosophia:
2947 3352 3059 3393 sua:
3099 3352 3216 3407 ejus
3246 3338 3494 3393 mandata
3535 3347 3831 3408 superent!

2262 3422 2399 3488 Quid
2426 3425 2685 3494 oportebat
2707 3430 2877 3496 facere
2903 3427 3081 3491 vineta.
3114 3437 3159 3481 et
3186 3444 3286 3482 non
3308 3430 3407 3499 feci
3433 3430 3451 3497 (
3475 3428 3604 3485 Isai.
3637 3432 3692 3487 5.
3722 3432 3759 3487 ι
3778 3428 3844 3503 )?

2264 3517 2328 3571 Et
2352 3533 2450 3572 cur
2481 3533 2585 3571 non
2609 3517 2737 3574 fecit
2763 3519 2942 3586 nobis,
2963 3521 3483 3589 inquies,scientiam
3514 3532 3569 3578 et
3590 3525 3843 3580 virtutem

2265 3608 2587 3663 naturalem?
2602 3609 2732 3677 Quis
2760 3608 2877 3664 inec
2897 3609 3053 3665 dicit?
3075 3610 3369 3667 Grreeusne
3389 3627 3457 3667 an
3478 3612 3849 3676 Christianus?

2264 3698 2438 3752 Ambo
2461 3698 2677 3768 quidem
2709 3740 2727 3765 ,
2758 3699 2851 3755 sed
2878 3714 2985 3755 non
3017 3701 3205 3757 eadem
3230 3702 3299 3759 de
3317 3718 3477 3759 causa
3506 3720 3519 3757 :
3551 3720 3737 3761 verum
3766 3709 3845 3762 al-

2266 3801 2348 3844 ter
2371 3789 2439 3846 de
2466 3791 2688 3846 scientia
2711 3832 2727 3857 ,
2758 3792 2896 3846 alter
2915 3792 2984 3849 de
3005 3793 3111 3847 vita
3139 3793 3438 3849 contendit.
3467 3794 3706 3851 Primum
3738 3798 3845 3867 igi-

2268 3891 2353 3935 tur
2374 3891 2559 3937 nostro
2580 3881 3025 3952 respondebimus
3044 3900 3067 3940 ,ε
3101 3898 3206 3939 non
3227 3885 3370 3939 enim
3393 3884 3525 3945 mihi
3547 3894 3692 3941 tanta
3714 3902 3845 3944 cura

2266 3979 2351 4026 est
2375 3970 2446 4027 de
2473 3973 2712 4038 exteris,
2749 3980 2946 4043 quanta
2988 3971 3058 4029 de
3104 3974 3340 4047 propriis
3384 3975 3659 4032 membris.
3704 3978 3846 4047 Quid

2265 4077 2396 4133 ergo
2421 4049 2546 4119 dicit
2566 4062 2937 4119 Christianus?
2964 4064 3133 4134 ipsam
3158 4064 3315 4121 nobis
3335 4065 3546 4124 virwtis
3564 4068 3848 4125 scientiam

2271 4155 2380 4209 indi
2418 4154 2722 4226 oportebat.
2771 4155 2967 4213 lndidit
3006 4167 3156 4213 certe
3187 4176 3202 4213 :
3232 4158 3333 4213 nisi
3355 4160 3497 4216 enim
3523 4160 3807 4219 indidisset
3828 4203 3845 4229 ,

2270 4246 2411 4302 unde
2447 4260 2728 4304 nossemus
2744 4262 2816 4333 ea
2856 4263 2977 4320 quae
3002 4248 3206 4320 agenda
3252 4260 3309 4306 et
3343 4266 3464 4322 qua
3507 4267 3613 4307 non
3639 4254 3848 4323 agenda

2271 4347 2396 4393 sunt
2419 4338 2443 4391 ?
2472 4337 2739 4395 undenam
2791 4341 2939 4412 leges
2982 4348 3038 4394 et
3081 4340 3365 4397 tribunalia
3387 4342 3413 4397 2
3440 4343 3513 4399 At
3537 4358 3643 4399 non
3665 4345 3843 4401 scien-

2273 4430 2422 4497 tiam,
2443 4429 2540 4487 sed
2566 4432 2733 4499 ipsam
2756 4435 3024 4487 actionem
3044 4431 3174 4488 dare
3194 4435 3451 4503 oportuit.
3478 4435 3543 4491 Et
3568 4435 3851 4506 cujusnata

2272 4521 2347 4576 rei
2375 4522 2678 4577 mcrccdem
2694 4534 3013 4593 accepturus
3038 4538 3181 4589 eras,
3209 4525 3255 4579 si
3287 4533 3454 4580 totum
3479 4541 3548 4582 ex
3575 4527 3686 4592 Deo
3714 4526 3850 4583 fuis-

2273 4612 2394 4667 set?
2425 4612 2517 4667 Dic
2546 4613 2690 4668 enim
2724 4614 2852 4668 mihi
2881 4656 2899 4680 ,
2941 4624 3068 4671 tene
3095 4627 3151 4671 et
3175 4614 3422 4671 Grazeum
3461 4628 3745 4687 peccantes
3771 4622 3848 4676 si-

2274 4702 2475 4759 militer
2524 4704 2675 4774 punit
2724 4704 2908 4760 Deus?
2936 4706 3153 4763 Minime
3186 4726 3199 4760 :
3232 4706 3396 4764 habes
3435 4711 3583 4765 enim
3635 4710 3852 4767 interim

2272 4808 2393 4849 eam
2436 4809 2556 4863 qua:
2594 4811 2659 4850 ea
2709 4795 2930 4852 scientia
2974 4808 3158 4856 manat
3200 4797 3467 4855 fiduciam.
3496 4799 3635 4870 Quid
3674 4816 3806 4872 ergo
3832 4844 3850 4866 ,

2277 4886 2321 4939 si
2346 4887 2465 4957 quis
2494 4903 2634 4943 nunc
2659 4890 2862 4945 diceret
2890 4890 3010 4957 tibi,
3035 4900 3092 4946 et
3116 4902 3169 4948 te
3194 4903 3248 4947 ct
3276 4893 3523 4948 Graecum
3554 4910 3652 4965 pro
3677 4896 3853 4950 scien-

2278 4980 2351 5033 tia
2377 4979 2562 5035 eadcm
2591 4992 3018 5058 consequuturos
3043 4998 3187 5049 esse,
3205 4998 3386 5039 annon
3410 4984 3462 5039 id
3489 5000 3635 5057 mgre
3654 4986 3855 5043 ferrea?

2280 5071 2528 5127 Arbitror
2564 5088 2697 5129 sane
2727 5092 2741 5128 :
2772 5074 2983 5131 diceres
3028 5076 3171 5131 enim
3206 5117 3223 5141 ,
3252 5090 3374 5130 cum
3414 5075 3636 5133 Graccus
3678 5092 3742 5133 ea
3795 5093 3855 5133 se

2283 5172 2460 5229 posset
2486 5164 2762 5219 scientiam
2788 5166 3047 5229 invenire.
3071 5167 3259 5222 noluit.
3280 5165 3335 5224 Si
3358 5182 3486 5236 ergo
3514 5170 3602 5226 ille
3628 5169 3855 5232 diceret,

2280 5257 2560 5324 oportebat
2593 5256 2760 5311 Deum
2791 5260 2945 5313 nobis
2971 5260 3249 5315 scientiam
3272 5261 3591 5316 naturaliter
3617 5259 3806 5315 indere
3834 5298 3855 5323 .

601 5344 820 5399 cadant.
848 5340 981 5407 Quis
1008 5339 1153 5393 enim
1174 5353 1205 5392 a
1227 5337 1338 5393 Deo
1365 5348 1489 5393 sunt
1518 5339 1779 5408 promissa
1796 5344 2018 5396 omnino
2037 5357 2181 5397 com-
2284 5358 2462 5399 annon
2493 5345 2769 5410 irrideres,
2795 5346 3113 5417 diceresquc
3136 5350 3188 5405 ei
3209 5392 3227 5417 ,
3252 5350 3363 5405 Cur
3387 5364 3491 5406 non
3516 5346 3810 5419 quesivkti
3830 5348 3859 5401 ε

607 5437 871 5502 parebunt
896 5475 915 5502 ,
963 5431 1065 5488 nisi
1120 5443 1219 5485 nos
1259 5429 1545 5484 admodum
1594 5429 1825 5487 eﬂ'rencs
1871 5431 2131 5489 fuerimus
2160 5450 2176 5486 :
2284 5451 2379 5488 cur
2422 5452 2529 5489 non
2557 5447 2865 5493 conatuscs
2891 5451 2946 5491 ut
2972 5454 3074 5507 ego
3104 5440 3128 5493 ?
3153 5455 3215 5496 ac
3239 5455 3363 5497 cum
3404 5440 3571 5496 multa
3595 5440 3857 5494 starestl.

603 5524 1051 5594 quemadmodum
1073 5518 1242 5575 «ἰυᾶωὶ
1259 5519 1431 5573 vocati
1454 5518 1742 5575 noluerunt
1760 5520 2178 5590 bonaaccipere.
2284 5525 2439 5579 ducia
2468 5565 2483 5587 ,
2515 5527 2829 5597 dicercsqtte
2857 5536 3110 5583 extrema:
3158 5546 3280 5587 esse
3319 5530 3642 5601 insipientia;
3686 5530 3860 5591 om

677 5613 787 5669 Deo
800 5615 996 5671 vocati
1020 5608 1673 5683 obtemperatum—Hoc
1692 5624 1819 5666 vero
1831 5609 1943 5681 jam
1958 5626 2066 5667 non
2088 5628 2181 5668 νο·
2287 5615 2533 5669 incusare
2560 5655 2578 5679 ,
2606 5616 2749 5683 quod
2780 5625 2984 5672 natura:
3009 5618 3286 5676 scientiam
3314 5634 3421 5675 non
3443 5618 3711 5678 indidem.
3745 5623 3860 5681 lloe

611 5703 784 5760 cautis
808 5713 945 5772 erat,
972 5704 1067 5762 sed
1094 5702 1289 5776 ingrati
1326 5700 1539 5773 illorum
1571 5701 1760 5759 animi.
1793 5700 1913 5775 ipse
1944 5718 2173 5774 namque
2291 5715 2470 5762 autem
2499 5704 2729 5774 diceres,
2758 5706 2881 5779 quia
2907 5707 3015 5777 illa,
3046 5724 3165 5781 quae
3189 5710 3255 5766 ad
3282 5709 3565 5769 scientiam
3586 5724 3837 5783 spectant,
