4018 6208
245 322 311 378 ξι
1273 320 1339 376 ΙΝ
1379 322 1596 378 EPIST.
1640 323 1659 376 1
1723 322 1813 379 ΑΒ

1920 324 2011 382 )B.
2052 324 2286 383 IIOIIL.
2328 326 2418 384 Ill.
3465 344 3543 397 ﬁ

243 436 304 486 in
329 441 387 487 te
414 439 561 488 recte
586 445 647 487 se
674 430 897 487 habuit.
930 433 1019 487 Sic
1047 432 1210 487 etiam
1235 434 1281 487 si
1309 449 1395 498 ea,
1424 450 1542 505 qua:
1572 436 1637 489 ad
1670 436 1831 512 vitam

245 525 538 594 pertinent,
560 534 711 578 recte
739 539 798 579 se
826 525 1085 580 haberent
1115 567 1131 591 ,
1158 540 1264 580 non
1292 526 1456 581 taleru
1478 529 1830 598 qua-stionem

240 628 525 677 moveres;
560 629 747 668 verum
775 614 898 684 quia
922 616 1064 670 circa
1098 615 1353 671 virtutem
1374 632 1561 673 socors
1588 627 1642 672 et
1670 618 1824 688 igna-

245 717 343 758 vus
377 720 437 759 es
467 748 484 771 ,
516 706 638 761 ideo
660 706 883 760 insanos
913 706 1077 762 hosce
1108 707 1320 777 profers
1347 724 1650 766 sermones.
1682 712 1830 779 Quo-

240 794 405 848 mudo
443 804 622 850 autem
670 797 910 871 oportuit
956 813 1021 852 ex
1069 800 1395 855 necessitate
1440 800 1556 856 ﬁeri
1602 801 1828 857 bonum?

238 882 385 953 Ergo
417 884 652 940 laturum
679 895 798 941 erat
829 928 844 951 ,
879 897 937 941 ut
960 887 1116 943 bruta
1156 890 1410 944 animalia
1444 890 1725 946 nobiscum
1758 893 1828 949 de

243 972 439 1029 virtute
477 985 759 1031 certarent.
788 992 911 1031 cum
942 980 1188 1047 qumdum
1215 994 1404 1034 eorum
1436 981 1591 1035 nobis
1624 990 1828 1052 tempe-

237 1063 481 1118 rantiora
513 1064 644 1119 sint.
694 1065 799 1121 Sed
828 1067 1043 1121 mallem
1073 1111 1094 1136 ,
1122 1068 1333 1139 inquies
1363 1111 1378 1135 ,
1401 1085 1473 1125 ex
1502 1072 1827 1129 necessitate

235 1153 410 1210 bonus
434 1164 646 1221 esse,et
674 1156 823 1211 omni
850 1158 1098 1214 mercede
1125 1160 1345 1229 privari,
1365 1176 1525 1230 quam
1556 1178 1623 1217 ex
1653 1164 1823 1218 libero

231 1246 464 1301 arbitrio
492 1247 684 1314 malus,
718 1248 892 1318 puniri
924 1261 976 1304 et
1005 1251 1269 1320 supplicio
1298 1251 1460 1307 afﬁci.
1487 1252 1593 1308 Sed
1621 1270 1725 1308 non
1744 1264 1827 1310 est

236 1351 490 1406 umquam
513 1340 812 1394 necessitas
836 1356 960 1397 esse
986 1341 1203 1395 bonum.
1224 1342 1281 1397 Si
1299 1358 1431 1414 ergo
1458 1346 1676 1417 ignoras
1695 1348 1825 1418 quid

229 1431 500 1502 agendum
520 1431 610 1500 sit,
634 1434 859 1489 ostende
883 1476 897 1497 .
930 1442 986 1488 et
1013 1444 1141 1490 tttnc
1165 1435 1409 1492 dicemus
1434 1439 1488 1493 id
1516 1441 1658 1509 quod
1687 1456 1824 1511 opus

228 1528 316 1576 est
342 1522 525 1577 dicere
554 1538 569 1575 :
600 1522 648 1576 si
672 1538 802 1578 vero
824 1522 1109 1580 libidinem
1141 1526 1337 1581 malam
1363 1542 1486 1584 esse
1516 1531 1659 1585 nosti
1682 1571 1695 1593 .
1725 1545 1823 1587 cur

229 1616 428 1670 malam
449 1630 563 1671 rem
595 1631 700 1672 non
732 1617 913 1688 fugis?
940 1619 1056 1674 Non
1082 1636 1323 1691 possum,
1356 1623 1588 1694 inquies.
1621 1624 1821 1681 Verum

224 1704 346 1772 alii,
368 1707 463 1776 qui
492 1707 696 1775 majora
718 1720 867 1765 recte
892 1722 1199 1781 gesserunt,
1232 1722 1287 1769 te
1312 1715 1664 1783 accusabunt,
1696 1716 1822 1771 tibi-

226 1810 337 1867 que
360 1798 417 1852 vi
446 1814 639 1869 magna
667 1816 731 1857 os
754 1802 1053 1859 obstruent.
1101 1804 1182 1859 Tu
1218 1805 1364 1861 enim
1396 1806 1625 1864 fortasse
1655 1810 1819 1865 etiam

223 1902 349 1945 cum
382 1905 549 1947 uxore
592 1898 684 1948 tua
731 1909 838 1948 non
889 1905 1041 1951 caste
1067 1897 1216 1968 agis;
1248 1899 1386 1955 alius
1435 1916 1567 1957 vero
1618 1902 1822 1973 absque

226 1994 399 2036 uxore
427 1981 693 2053 integram
719 1994 902 2040 servat
927 1989 1254 2045 castitatem.
1287 1990 1460 2058 Quam
1496 2007 1626 2063 ergo
1654 1993 1821 2050 habes

223 2069 623 2141 defensionem,
652 2076 744 2148 qui
772 2078 990 2134 modum
1015 2096 1128 2136 non
1156 2096 1366 2151 serves,
1389 2084 1517 2140 dum
1535 2085 1674 2142 alius
1698 2086 1817 2157 ipsa

220 2171 377 2232 septa
409 2164 639 2220 transilit
658 2166 684 2219 ἲ
708 2168 779 2222 At
802 2184 909 2223 non
924 2185 1135 2241 parem,
1158 2172 1397 2244 inquies,
1431 2175 1605 2230 habeo
1633 2192 1820 2247 corpo-

220 2252 300 2309 ris
330 2262 596 2317 naturam.
616 2273 722 2312 non
748 2274 847 2329 par
865 2263 1196 2331 propositum
1219 2266 1529 2321 voluntatis.
1551 2268 1685 2334 Quia
1707 2284 1816 2325 non

217 2344 328 2411 vis,
358 2360 464 2401 non
494 2347 616 2418 quia
647 2364 754 2404 non
779 2355 1206 2421 potes:ostendo
1231 2371 1462 2428 namque
1488 2372 1679 2415 omnes
1693 2374 1816 2416 esse

214 2438 288 2493 ad
316 2438 569 2495 virtutem
602 2441 847 2499 idoneos.
887 2444 1022 2501 Nam
1057 2447 1202 2517 quod
1229 2464 1337 2504 non
1367 2439 1545 2519 potest
1576 2451 1698 2522 quis
1728 2452 1810 2505 fa-

210 2541 370 2595 cere,
402 2544 577 2601 neque
598 2532 835 2591 instante
860 2537 1183 2595 necessitate
1203 2542 1400 2609 poterit
1425 2559 1441 2596 :
1472 2544 1618 2614 quod
1644 2536 1693 2599 si
1723 2545 1811 2600 in-

210 2625 399 2672 stante
425 2621 743 2678 necessitate
773 2626 965 2691 possit,
992 2627 1083 2696 qui
1112 2643 1221 2682 non
1245 2629 1394 2696 facit,
1421 2646 1490 2686 ex
1534 2633 1816 2702 proposito

219 2708 518 2765 voluntatis
545 2726 653 2766 non
676 2710 822 2767 facit.
852 2713 1102 2786 Exempli
1127 2731 1311 2785 causa,
1335 2720 1522 2776 volare
1545 2730 1603 2777 et
1620 2722 1687 2776 ad
1708 2737 1814 2778 cte-

216 2798 335 2853 lum
364 2798 493 2855 ferri
532 2802 679 2871 gravi
709 2816 938 2881 corpore
965 2807 1278 2876 praeditum,
1305 2812 1527 2883 omnino
1572 2812 1689 2868 ﬁeri
1718 2828 1815 2869 ne-

214 2890 357 2959 quit.
384 2890 525 2957 Quid
548 2907 680 2964 ergo
697 2935 713 2960 ,
746 2894 795 2950 si
837 2911 935 2952 rex
978 2898 1204 2968 jusserit
1231 2900 1335 2957 hoc
1358 2901 1559 2970 facere,
1586 2912 1644 2959 et
1668 2921 1813 2960 mor-

218 2990 333 3037 tem
348 2983 707 3041 committetur
726 2987 913 3044 dicens
936 3007 952 3046 :
980 2990 1237 3049 "omines
1263 3009 1370 3050 non
1395 2996 1635 3054 volantes
1648 3000 1814 3069 jubeo

212 3071 434 3127 concidi
460 3072 546 3128 vel
573 3074 654 3129 uri
686 3116 702 3142 ,
752 3078 837 3133 vel
866 3079 993 3149 quid
1020 3081 1334 3153 similepati
1358 3102 1375 3139 :
1403 3102 1532 3141 num
1559 3089 1679 3157 quis
1704 3090 1812 3159 ipsi

219 3163 473 3220 obediet?
490 3166 836 3239 Nequaquam
863 3213 876 3227 .
912 3172 1014 3229 hoc
1039 3175 1180 3230 enim
1208 3185 1393 3231 natura
1424 3177 1571 3234 ferre
1601 3183 1806 3251 nequit.

214 3253 315 3309 Sin
341 3264 523 3336 autem
552 3258 619 3313 tle
640 3261 889 3316 castitate
908 3262 1147 3334 idipsum
1176 3273 1399 3329 statuat,
1430 3267 1685 3339 justaque
1713 3286 1810 3340 po-

218 3353 316 3398 nat
341 3386 357 3409 .
409 3333 465 3401 ut
494 3347 814 3406 libidinosus
842 3333 1094 3422 puniatur
1116 3397 1135 3421 ,
1173 3365 1360 3412 uratur
1385 3399 1402 3425 ,
1431 3333 1731 3432 ﬁagelletur
1757 3372 1814 3420 et

218 3437 371 3494 mille
398 3447 661 3496 tormenta
695 3443 949 3513 patiatur,
975 3458 1156 3502 annon
1178 3449 1333 3504 multi
1354 3450 1535 3507 edicto
1562 3458 1809 3525 pareant?

216 3526 361 3595 Non,
390 3531 637 3602 inquies:
666 3549 791 3590 nam
821 3536 908 3592 lex
928 3547 1179 3610 est,qua:
1205 3542 1361 3611 jubet
1384 3561 1491 3600 non
1521 3549 1803 3619 mmcljari,

216 3634 397 3689 sicque
416 3635 606 3677 omnes
620 3624 1012 3693 obsequuntur.
1037 3629 1151 3684 Non
1174 3633 1315 3702 quod
1336 3634 1585 3693 inﬁrmus
1603 3650 1661 3695 et
1677 3640 1811 3697 levis

214 3711 291 3768 sit
320 3714 516 3778 timor.
554 3714 649 3769 sed
697 3716 823 3785 quia
851 3718 1005 3773 multi
1052 3735 1113 3775 sc
1165 3722 1335 3779 latere
1381 3742 1541 3794 posse
1564 3743 1805 3800 sperent.

216 3804 377 3873 Quod
405 3804 451 3860 si
476 3804 751 3876 legislator
769 3815 825 3863 et
849 3808 1017 3878 judex
1042 3810 1592 3874 adesswtlibidinem
1619 3821 1810 3892 imple-

216 3894 359 3950 turis
383 3936 402 3962 ,
443 3905 628 3966 posset
668 3906 795 3953 tunc
824 3910 998 3956 metus
1045 3902 1325 3961 libidinem
1370 3922 1577 3965 arcere.
1605 3912 1737 3968 Nam
1764 3916 1809 3971 si

213 3985 381 4040 aiam
403 3988 670 4044 minorem
693 3994 1067 4049 necessitatem
1094 3997 1357 4055 induxero
1385 4041 1402 4066 ,
1424 4010 1481 4056 et
1524 4004 1594 4059 ab
1630 4018 1806 4064 amata

215 4076 447 4132 muliere
471 4078 799 4135 abstractum
825 4082 1122 4150 abduxero,
1155 4099 1211 4142 et
1236 4089 1472 4147 vinctum
1505 4093 1801 4169 inclusero,

213 4168 417 4239 poterit
437 4168 579 4225 ferre
598 4212 617 4239 ,
644 4181 698 4225 et
719 4172 853 4227 nihil
882 4189 1045 4244 grave
1073 4180 1204 4247 pati.

289 4257 459 4315 Nemo
500 4271 688 4316 natura
724 4265 886 4319 bonus
923 4266 999 4322 vel
1028 4280 1211 4325 natura
1234 4276 1421 4330 malm.
1446 4308 1519 4321 —-
1552 4280 1630 4337 Ne
1677 4298 1809 4356 ergo

214 4349 492 4417 dicamus,
523 4352 669 4409 hunc
698 4365 886 4411 natura
936 4358 1133 4416 bonum
1156 4404 1173 4431 ,
1202 4365 1350 4421 illum
1380 4380 1573 4427 natura
1604 4349 1805 4433 malum

212 4454 363 4497 esse.
415 4442 548 4497 Nam
579 4446 624 4501 si
674 4456 864 4502 natura
910 4449 1084 4508 bonus
1128 4456 1236 4523 sit,
1284 4474 1573 4531 numquam
1606 4469 1808 4535 poterit

215 4531 398 4586 malus
438 4532 591 4600 fieri;
622 4544 679 4590 et
722 4537 769 4591 si
813 4548 1003 4595 natura
1054 4545 1264 4613 malus,
1314 4531 1806 4621 numquam'bonus

214 4624 342 4679 ait.
368 4622 519 4681 Nunc
552 4635 729 4682 autem
762 4628 1005 4687 videmus
1030 4636 1240 4693 celeres
1263 4644 1588 4700 mutationes
1606 4690 1622 4713 ,
1652 4657 1709 4703 et
1737 4651 1805 4705 ab

1941 439 2027 495 his
2051 440 2103 495 in
2126 440 2227 496 alia
2255 445 2451 499 mutari
2476 486 2491 512 ,
2516 453 2580 500 et
2610 446 2678 502 ab
2716 449 2823 505 illis
2851 450 2904 505 in
2932 453 3038 509 alia
3064 454 3283 513 cadere.
3317 457 3387 513 Et
3415 461 3531 516 lure

1939 545 2048 585 non
2098 532 2153 586 in
2180 531 2473 603 Scripturis
2504 545 2707 593 tantum
2739 539 2923 597 videre
2963 555 3049 599 est
3077 563 3093 600 :
3142 550 3376 620 exempli
3406 567 3538 608 cau-

1938 634 1998 676 sa
2022 662 2039 688 ,
2083 623 2227 692 quod
2271 627 2542 695 publicani
2584 628 2709 686 facti
2753 633 2863 688 sint
2905 637 3177 707 apostoli,
3205 649 3261 695 et
3284 640 3535 717 discipuli

1936 714 2236 784 proditores
2270 759 2285 781 ,
2350 728 2408 774 et
2474 724 2790 781 meretrices
2862 737 3028 784 caste
3098 733 3354 790 mulieres
3386 714 3443 803 ,ν
3477 748 3535 795 et

1939 805 2177 864 latrones
2224 813 2480 878 praeclare
2531 828 2793 887 agentes,
2825 827 2881 875 et
2923 822 3066 894 magi
3112 824 3436 897 adorantes,
3479 842 3537 886 et

1936 898 2086 968 impii
2131 903 2184 956 in
2214 904 2466 973 pietatem
2511 912 2796 980 conversi,
2830 913 2991 985 idque
3036 926 3144 973 tam
3200 923 3254 975 in
3304 921 3530 993 Veteri,

1936 1005 2093 1060 quam
2147 993 2199 1047 in
2252 994 2404 1052 Novo
2443 998 2793 1058 Testamento
2837 1006 2998 1062 :imo
3046 1013 3286 1080 quotidie
3336 1016 3531 1073 similia

1934 1080 2180 1137 accidere
2229 1085 2496 1142 videmus.
2543 1090 2599 1146 Si
2650 1109 2781 1150 vero
2834 1100 3096 1154 naturalia
3138 1100 3256 1159 haec
3303 1116 3530 1175 essent,

1933 1186 2040 1226 non
2071 1183 2423 1234 mutarentur.
2470 1180 2603 1238 Nam
2633 1199 2757 1241 cum
2782 1188 2953 1245 simus
2982 1201 3172 1249 natura
3212 1200 3527 1268 passibiles,

1933 1264 2080 1321 nullo
2128 1284 2384 1340 umquam
2433 1274 2616 1330 studio
2677 1279 3042 1350 impassibiles
3090 1264 3315 1344 erimus.
3374 1264 3530 1359 Quod

1930 1356 2075 1410 enim
2118 1369 2309 1415 natura
2355 1363 2461 1421 tale
2503 1375 2587 1421 est
2611 1408 2627 1430 .
2656 1386 2949 1442 numquam
2976 1379 3188 1435 excidet
3213 1398 3246 1438 a
3274 1356 3534 1443 naturali-

1931 1443 2050 1500 hus.
2098 1447 2285 1506 Nullus
2310 1468 2340 1506 a
2366 1452 2690 1513 dormiendo
2728 1462 3026 1534 abstinuit,
3060 1470 3240 1527 nullus
3277 1490 3307 1527 a
3333 1490 3527 1533 corru-

1931 1538 2114 1606 ptione
2141 1543 2207 1597 ad
2252 1546 2708 1619 incorruptionem
2739 1558 2967 1614 transire
3015 1565 3219 1630 potuit,
3254 1568 3527 1626 nullus-ab

1929 1632 2106 1687 esurie
2132 1633 2387 1693 liberatus
2409 1650 2515 1706 est,
2538 1643 2608 1697 ita
2636 1654 2694 1699 ut
2715 1662 2820 1702 non
2846 1650 2983 1705 ultra
3009 1657 3231 1711 esuriat.
3258 1658 3387 1716 ideo
3410 1662 3528 1719 lure

1927 1738 2035 1779 non
2068 1726 2119 1780 in
2156 1730 2366 1785 crimen
2398 1742 2717 1806 vertuntur,
2748 1755 2923 1811 neque
2951 1748 3110 1801 nobis
3138 1766 3200 1805 ea
3230 1756 3524 1821 exprobra-

1928 1831 2068 1872 mus.
2116 1816 2303 1889 Neque
2330 1822 2562 1894 aliquem
2590 1841 2944 1889 accusaturus
2969 1838 3235 1909 quispiam
3262 1816 3403 1899 dixit
3431 1864 3447 1900 :
3474 1846 3524 1902 Ο

1928 1902 2139 1977 impure
2158 1950 2177 1976 ,
2205 1918 2257 1965 et
2289 1913 2629 1981 passionibus
2658 1920 2926 1990 obnoxie;
2956 1902 3049 1982 sed
3076 1902 3170 1983 aut
3196 1932 3519 2011 adulterium

1922 2180 2168 2248 puniant,
2203 2191 2259 2236 et
2285 2199 2383 2253 pro
2402 2192 2688 2248 contrariis
2713 2194 2922 2254 honore
2945 2200 3202 2258 alliciant.
3234 2206 3368 2264 Cum
3390 2225 3519 2282 ergo

1928 2280 2039 2323 tum
2066 2285 2132 2325 ex
2155 2271 2221 2328 iis
2251 2290 2370 2344 qua:
2400 2279 2540 2336 inter
2564 2300 2663 2340 nos
2684 2299 2876 2344 mutuo
2898 2290 3132 2350 facimus
3152 2336 3168 2362 ,
3203 2306 3315 2353 tum
3358 2317 3424 2356 ex
3453 2306 3520 2357 iis

1920 2374 2042 2430 qua:
2071 2362 2125 2417 in
2158 2363 2365 2460 judicio
2391 2373 2629 2440 patimur
2650 2416 2666 2441 ,
2693 2387 2755 2433 et
2778 2380 2831 2435 in
2858 2380 3066 2453 legibus
3093 2386 3479 2460 descripsimus
3499 2437 3515 2459 ,

1921 2460 2034 2505 tum
2058 2468 2127 2507 ex
2160 2454 2223 2509 iis
2250 2456 2318 2512 de
2342 2460 2536 2527 quibus
2563 2479 2662 2519 nos
2692 2466 2839 2535 ipsos
2866 2470 3207 2541 damnamus,
3241 2454 3366 2535 licet
3401 2454 3519 2539 nul;

1922 2544 2006 2600 lus
2028 2557 2245 2603 accuset
2270 2566 2284 2614 ;
2326 2565 2393 2604 ex
2416 2567 2481 2607 eo
2502 2554 2645 2622 quod
2671 2558 2832 2613 etiam
2858 2576 2954 2630 per
2973 2564 3236 2635 ignaviam
3280 2572 3514 2641 pejores,

1921 2651 2017 2708 per
2059 2640 2305 2698 timorem
2336 2646 2588 2703 meliores
2615 2648 2919 2708 efﬁciamur
2940 2697 2958 2723 ,
2988 2658 3317 2733 demumque
3346 2640 3418 2721 ex
3450 2684 3517 2723 eo

1919 2728 2062 2796 quod
2108 2731 2245 2787 alios
2292 2734 2570 2793 videamus
2614 2741 2876 2811 praeclare
2929 2759 3149 2819 agentes
3173 2728 3243 2809 ad
3272 2756 3516 2825 philoso-

1921 2817 2059 2887 phiae
2096 2821 2309 2877 culmen
2352 2828 2567 2883 venisse
2591 2870 2606 2893 ,
2639 2834 2814 2896 palam
2858 2839 2928 2891 sit
2969 2817 3136 2910 penes
3179 2817 3429 2907 nos-esse
3458 2863 3518 2907 ut

1916 2918 2065 2965 recte
2093 2927 2349 2983 agamus;
2378 2931 2476 2972 cur
2518 2935 2618 2975 nos
2649 2920 2845 2979 frustra
2889 2928 3096 3000 lrigidis
3116 2936 3432 2996 obtentibus
3458 2956 3516 2999 et

1916 3004 2353 3062 excusationibus
2378 3008 2678 3087 decipimus
2697 3054 2714 3080 ,
2744 3031 2864 3087 qua:
2893 3034 3000 3074 non
3042 3024 3205 3081 modo
3236 3028 3394 3086 nobis
3422 3048 3516 3089 ve-

1917 3094 2060 3149 niam
2087 3111 2195 3173 non
2217 3101 2549 3168 concilient,
2591 3105 2689 3161 sed
2730 3110 2909 3177 potius
2940 3113 3281 3176 intolerabile
3310 3125 3513 3195 simpli.

1916 3185 2061 3240 cium
2120 3202 2247 3242 cum
2277 3201 2552 3258 oporteret
2576 3168 2894 3253 diem-illum
2924 3206 3222 3263 terribilem
3252 3168 3515 3280 prmIngu-

1918 3276 1984 3331 lis
2022 3277 2303 3345 habentes,
2330 3282 2545 3338 virtutis
2583 3300 2768 3343 curam
2793 3306 2983 3361 gerere
3008 3303 3063 3351 et
3087 3308 3214 3368 post
3237 3276 3512 3363 modicum

1905 3367 2153 3424 laborem
2180 3370 2612 3446 incorruptibiles
2632 3394 2867 3440 coronas
2895 3367 3181 3459 accipere?
3200 3393 3344 3452 Nihil
3363 3403 3512 3455 enim

1917 3459 2071 3516 nobis
2086 3464 2382 3532 proderunt
2396 3467 2513 3525 lucc
2532 3472 2691 3528 verba
2709 3492 2725 3541 ;
2740 3476 2835 3531 sed
2847 3485 3115 3553 conservi,
3135 3486 3225 3556 qui
3240 3493 3513 3548 contraria

1916 3562 2063 3609 recte
2110 3568 2368 3627 egerunt,
2419 3573 2731 3630 peccatores
2758 3583 2949 3627 omnes
2970 3572 3338 3647 damnabunt,
3381 3598 3513 3639 cru-

1915 3646 2089 3702 delem
2117 3651 2447 3718 misericors,
2482 3659 2679 3713 malum
2705 3660 2898 3729 bonus,
2925 3668 3181 3725 audacem
3212 3674 3508 3745 modestus,

1918 3737 2154 3792 invidum
2185 3740 2514 3813 benevolus,
2546 3764 2698 3805 vana:
2743 3752 2930 3822 gloria:
2968 3759 3222 3829 cupidum
3269 3766 3511 3832 philoso-

1917 3829 2055 3899 phus
2077 3873 2094 3898 ,
2125 3846 2345 3903 segnem
2373 3837 2646 3895 studiosus
2669 3884 2686 3908 ,
2720 3842 2981 3901 lascivum
3006 3862 3208 3908 castus.
3242 3854 3331 3910 Sic
3356 3860 3511 3915 nobis

1911 3920 2171 3989 judicium
2205 3925 2348 3982 Deus
2377 3927 2536 3996 feret,
2567 3942 2854 4007 utrumque
2882 3949 3081 3997 statuet
3103 3943 3374 4012 ordinem,
3410 3950 3509 4006 hos

1917 4011 2139 4070 laudans
2164 4056 2180 4081 ,
2211 4018 2331 4074 illos
2357 4024 2607 4091 puniens.
2645 4025 2840 4083 Verum
2868 4030 3047 4100 absit,
3074 4043 3135 4089 ut
3162 4011 3507 4106 praesentium

1913 4105 2179 4176 quispiam
2229 4124 2299 4164 ex
2349 4127 2576 4168 numero
2629 4131 2817 4173 eorum
2848 4120 2920 4175 sit
2969 4124 3059 4193 qui
3115 4105 3405 4196 punientur
3453 4144 3511 4189 et

1916 4196 2207 4266 ignominia
2234 4201 2571 4271 afﬁcientur;
2602 4209 2695 4263 sed
2726 4212 2836 4266 sint
2862 4217 3041 4284 potius
3069 4234 3135 4273 ex
3164 4236 3392 4280 numero
3416 4242 3511 4283 eo-

1914 4303 2032 4341 rum
2074 4292 2164 4360 qui
2194 4304 2521 4350 coronantur
2541 4338 2556 4361 ,
2584 4308 2641 4367 et
2679 4300 2922 4360 divinum
2949 4322 3175 4378 regnum
3218 4313 3462 4374 obtinent
3488 4338 3506 4388 ;

1914 4381 2055 4451 quod
2096 4398 2194 4437 nos
2220 4400 2410 4442 omnes
2433 4392 2647 4462 assequi
2696 4396 2977 4467 contingat
3001 4442 3016 4461 ,
3067 4405 3239 4473 gratia
3266 4416 3322 4463 et
3350 4381 3509 4467 benl;

1912 4474 2115 4543 gnitate
2163 4475 2371 4533 Domini
2423 4484 2594 4537 nostri
2642 4484 2772 4541 Jesu
2818 4488 3049 4561 Christi,
3098 4498 3314 4566 quicum
3360 4502 3507 4560 Patri

1913 4580 2124 4635 unaque
2148 4567 2367 4640 Spiritui
2384 4584 2573 4631 sancto
2596 4576 2785 4648 gloria,
2811 4581 3116 4655 imperium,
3143 4589 3337 4660 honor,
3363 4611 3506 4652 nunc

1914 4667 1971 4712 et
1990 4673 2230 4729 semper,
2261 4673 2319 4719 et
2350 4666 2402 4721 in
2428 4670 2625 4724 stccula
2654 4675 2996 4734 saeculorum.
3026 4684 3220 4741 Amen.

218 4741 3430 4825 MM“

1712 4831 2059 4897 HOMILIA
2105 4839 2215 4901 Ill.

207 4942 348 5002 Car.
378 4948 432 5001 I.
467 4965 519 5003 v.
554 4953 642 5007 l0.
677 4954 896 5012 Otum
920 4968 1088 5014 autem
1116 4980 1221 5030 vos,
1257 4970 1460 5033 fratres,
1495 4988 1584 5040 per
1622 4990 1803 5031 nomen

287 5033 498 5091 Domitii
526 5044 688 5095 nostri
716 5046 843 5099 Iesu
872 5045 1095 5115 Christi,
1124 5056 1343 5118 utidem
1372 5033 1554 5115 dicatis
1580 5080 1753 5121 omnes
1780 5109 1797 5133 ,

284 5137 335 5181 et
377 5143 479 5182 non
502 5130 602 5184 sint
640 5133 697 5185 in
739 5136 876 5191 nobis
902 5141 1209 5207 schismata;
1237 5148 1347 5201 sitis
1382 5161 1551 5206 autem
1594 5130 1804 5225 perfecti

283 5221 338 5274 in
364 5221 539 5274 eadem
561 5232 726 5277 metite
748 5233 798 5279 et
824 5228 877 5280 in
900 5230 1076 5283 ωάειιι
1112 5237 1379 5291 sententia.

287 5312 343 5367 ι.
374 5310 767 5383 lnerepatt'ones
788 5316 972 5369 sensim
998 5327 1045 5371 et
1072 5322 1330 5377 moderate
1355 5327 1469 5393 ﬁeri
1492 5342 1709 5397 oportet.
1728 5365 1800 5376 —

210 5401 366 5469 Quod
396 5418 610 5473 semper
634 5402 879 5459 dicebam
905 5445 920 5470 ,
947 5410 1147 5465 sensim
1176 5420 1229 5465 et
1256 5415 1511 5481 paulatim
1546 5420 1795 5492 increpa-

210 5495 388 5551 tioncs
430 5494 545 5552 ﬁeri
592 5504 864 5567 oportere,
905 5498 1011 5555 hoc
1032 5509 1088 5556 et
1130 5501 1327 5560 Paulus
1355 5507 1441 5563 hic
1470 5508 1614 5567 facit.
1662 5514 1795 5569 item

208 5586 353 5641 enim
378 5603 628 5660 maguum
659 5589 999 5661 ingressurus
1040 5595 1224 5651 multis
1250 5599 1462 5668 plenam
1492 5604 1747 5672 periculis
1773 5648 1788 5673 ,

214 5683 412 5749 etqua:
444 5690 624 5743 posset
666 5681 958 5739 Ecclesiam
988 5682 1222 5743 funditus
1264 5702 1545 5761 evertere,
1579 5695 1791 5753 mitiore

532 5798 803 5860 Ριτιοι..
843 5803 960 5866 Gn.
1010 5806 1170 5868 LXI.

1911 4987 2079 5037 utitur
2121 5000 2394 5046 sermone.
2423 4992 2515 5047 Ait
2541 4995 2685 5051 enim
2715 5013 2777 5055 se
2824 5002 3112 5063 obsecrare
3141 5010 3290 5077 illos;
3338 5016 3499 5073 obse-

1907 5087 2063 5128 crare
2088 5085 2266 5131 autem
2296 5095 2394 5149 per
2421 5080 2696 5143 Christum
2716 5132 2733 5156 ,
2761 5095 2911 5162 quasi
2938 5096 3055 5166 ipse
3084 5102 3232 5156 solus
3259 5120 3364 5160 non
3387 5109 3499 5162 suf-

1907 5163 2091 5219 ﬁceret
2112 5168 2179 5221 ad
2199 5170 2358 5226 talem
2383 5177 2849 5251 supplicationem,
2873 5195 2928 5240 et
2949 5163 3017 5242 ad
3042 5194 3492 5257 persuadendum.

1905 5251 2041 5317 Quid
2088 5265 2175 5309 est
2217 5268 2397 5315 autem
2418 5304 2434 5329 ,
2464 5265 2704 5323 Obsecro
2734 5287 2831 5338 per
2857 5251 3169 5334 Christum?
3215 5284 3497 5342 Christum

1906 5343 2133 5400 adhibeo
2174 5351 2380 5405 socium
2400 5393 2416 5417 ,
2448 5365 2503 5407 et
2532 5357 2585 5411 in
2632 5362 2889 5417 auxilium
2915 5366 3033 5435 ejus
3075 5386 3271 5437 nomen
3302 5376 3497 5444 injuria

1904 5440 1960 5485 et
2000 5440 2323 5493 contumelia
2353 5442 2625 5500 aﬂectum.
2678 5452 2983 5511 Admodum
3030 5465 3307 5531 apposite,
3339 5440 3396 5524 ut
3425 5488 3491 5531 ne

1905 5520 1981 5575 illi
2037 5523 2381 5629 impudenter
2428 5548 2691 5606 agerent:
2722 5520 3261 5614 impudentes-enim

1905 5618 2014 5665 tum
2064 5612 2209 5672 facit.
2246 5618 2373 5676 Ideo
2397 5624 2441 5678 si
2470 5628 2648 5683 statim
2679 5612 2895 5701 quidem
2928 5612 3494 5713 vehementer

1903 5707 2131 5775 paveris,
2178 5709 2440 5771 immitem
2484 5726 2540 5775 et
2585 5719 2947 5795 impudentem
2996 5732 3206 5795 efﬁcis:
3238 5744 3329 5795 sii

3079 5834 3116 5895 2
