  <div class='ocr_page' id='page_1' title='image "/cluster/home/n/w/nwhite01/storage/ocr_20150623/61/nnc1.0022379681/031.png"; bbox 0 0 4018 6208; ppageno 0'>
   <div class='ocr_carea' id='block_1_1' title="bbox 458 280 3733 350">
    <p class='ocr_par' dir='ltr' id='par_1_1' title="bbox 458 280 3733 350">
     <span class='ocr_line' id='line_1_1' title="bbox 458 280 3733 350; baseline -0.006 0"><span class='ocrx_word' id='word_1_1' title='bbox 458 298 528 350; x_wconf 61' lang='grc' dir='ltr'><strong>εδ</strong></span> <span class='ocrx_word' id='word_1_2' title='bbox 1182 288 1237 344; x_wconf 83' lang='grc'><strong>8.</strong></span> <span class='ocrx_word' id='word_1_3' title='bbox 1276 285 1550 342; x_wconf 79' lang='lat' dir='ltr'><strong>JOANNIS</strong></span> <span class='ocrx_word' id='word_1_4' title='bbox 1568 280 2036 339; x_wconf 67' lang='lat' dir='ltr'><strong>CllllYSOSTOMl</strong></span> <span class='ocrx_word' id='word_1_5' title='bbox 2079 282 2390 338; x_wconf 74' lang='lat' dir='ltr'><strong>ARCIIIEP.</strong></span> <span class='ocrx_word' id='word_1_6' title='bbox 2431 284 2956 340; x_wconf 63' lang='lat' dir='ltr'><strong>CONSTANTIXOP.</strong></span> <span class='ocrx_word' id='word_1_7' title='bbox 3666 289 3733 345; x_wconf 63' lang='grc' dir='ltr'><strong>ια</strong></span> 
     </span>
    </p>
   </div>
   <div class='ocr_carea' id='block_1_2' title="bbox 464 402 2034 481">
    <p class='ocr_par' dir='ltr' id='par_1_2' title="bbox 464 402 2034 481">
     <span class='ocr_line' id='line_1_2' title="bbox 464 402 2034 481; baseline -0.008 -18"><span class='ocrx_word' id='word_1_8' title='bbox 464 412 689 481; x_wconf 68' lang='lat' dir='ltr'><strong>paveris,</strong></span> <span class='ocrx_word' id='word_1_9' title='bbox 721 410 983 465; x_wconf 82' lang='lat' dir='ltr'><strong>cervicem</strong></span> <span class='ocrx_word' id='word_1_10' title='bbox 1031 406 1259 471; x_wconf 82' lang='lat' dir='ltr'><strong>ﬂexisti,</strong></span> <span class='ocrx_word' id='word_1_11' title='bbox 1295 404 1543 473; x_wconf 82' lang='lat' dir='ltr'><strong>Inqucndi</strong></span> <span class='ocrx_word' id='word_1_12' title='bbox 1589 402 1885 456; x_wconf 86' lang='lat' dir='ltr'><strong>libertatem</strong></span> <span class='ocrx_word' id='word_1_13' title='bbox 1914 403 2034 452; x_wconf 86' lang='lat' dir='ltr'><strong>abs-</strong></span> 
     </span>
    </p>
   </div>
   <div class='ocr_carea' id='block_1_3' title="bbox 464 489 2043 565">
    <p class='ocr_par' dir='ltr' id='par_1_3' title="bbox 464 489 2043 565">
     <span class='ocr_line' id='line_1_3' title="bbox 464 489 2043 565; baseline -0.009 -10"><span class='ocrx_word' id='word_1_14' title='bbox 464 502 703 564; x_wconf 86' lang='lat' dir='ltr'><strong>traxisti,</strong></span> <span class='ocrx_word' id='word_1_15' title='bbox 736 509 794 554; x_wconf 94' lang='lat' dir='ltr'><strong>ut</strong></span> <span class='ocrx_word' id='word_1_16' title='bbox 817 500 1064 554; x_wconf 92' lang='lat' dir='ltr'><strong>deorsum</strong></span> <span class='ocrx_word' id='word_1_17' title='bbox 1096 498 1355 565; x_wconf 92' lang='lat' dir='ltr'><strong>aspiceret</strong></span> <span class='ocrx_word' id='word_1_18' title='bbox 1384 494 1574 548; x_wconf 90' lang='lat' dir='ltr'><strong>fecisti.</strong></span> <span class='ocrx_word' id='word_1_19' title='bbox 1614 491 1765 559; x_wconf 84' lang='lat' dir='ltr'><strong>Quod</strong></span> <span class='ocrx_word' id='word_1_20' title='bbox 1808 489 2043 543; x_wconf 84' lang='lat' dir='ltr'><strong>efficiens</strong></span> 
     </span>
    </p>
   </div>
   <div class='ocr_carea' id='block_1_4' title="bbox 463 580 2042 657">
    <p class='ocr_par' dir='ltr' id='par_1_4' title="bbox 463 580 2042 657">
     <span class='ocr_line' id='line_1_4' title="bbox 463 580 2042 657; baseline -0.009 -10"><span class='ocrx_word' id='word_1_21' title='bbox 463 595 657 647; x_wconf 77' lang='lat' dir='ltr'><strong>Paulus</strong></span> <span class='ocrx_word' id='word_1_22' title='bbox 680 594 894 647; x_wconf 76' lang='lat' dir='ltr'><strong>interim</strong></span> <span class='ocrx_word' id='word_1_23' title='bbox 924 592 1171 645; x_wconf 85' lang='lat' dir='ltr'><strong>obsecrat</strong></span> <span class='ocrx_word' id='word_1_24' title='bbox 1203 604 1295 657; x_wconf 88' lang='lat' dir='ltr'><strong>per</strong></span> <span class='ocrx_word' id='word_1_25' title='bbox 1327 602 1519 641; x_wconf 91' lang='lat' dir='ltr'><strong>nomen</strong></span> <span class='ocrx_word' id='word_1_26' title='bbox 1549 585 1768 639; x_wconf 83' lang='lat' dir='ltr'><strong>Christi.</strong></span> <span class='ocrx_word' id='word_1_27' title='bbox 1797 583 1865 636; x_wconf 90' lang='lat' dir='ltr'><strong>Et</strong></span> <span class='ocrx_word' id='word_1_28' title='bbox 1890 580 2042 649; x_wconf 85' lang='lat' dir='ltr'><strong>quid-</strong></span> 
     </span>
    </p>
   </div>
   <div class='ocr_carea' id='block_1_5' title="bbox 464 672 2043 740">
    <p class='ocr_par' dir='ltr' id='par_1_5' title="bbox 464 672 2043 740">
     <span class='ocr_line' id='line_1_5' title="bbox 464 672 2043 740; baseline -0.009 -2"><span class='ocrx_word' id='word_1_29' title='bbox 464 701 586 738; x_wconf 91' lang='lat' dir='ltr'><strong>nam</strong></span> <span class='ocrx_word' id='word_1_30' title='bbox 613 683 901 739; x_wconf 81' lang='lat' dir='ltr'><strong>obsecrat?</strong></span> <span class='ocrx_word' id='word_1_31' title='bbox 936 681 1003 737; x_wconf 86' lang='lat' dir='ltr'><strong>Ut</strong></span> <span class='ocrx_word' id='word_1_32' title='bbox 1044 681 1178 733; x_wconf 85' lang='lat' dir='ltr'><strong>idem</strong></span> <span class='ocrx_word' id='word_1_33' title='bbox 1209 679 1387 732; x_wconf 87' lang='lat' dir='ltr'><strong>dicatis</strong></span> <span class='ocrx_word' id='word_1_34' title='bbox 1420 692 1590 730; x_wconf 87' lang='lat' dir='ltr'><strong>omnes</strong></span> <span class='ocrx_word' id='word_1_35' title='bbox 1610 716 1625 740; x_wconf 95' lang='lat'><strong>,</strong></span> <span class='ocrx_word' id='word_1_36' title='bbox 1660 684 1704 728; x_wconf 88' lang='lat' dir='ltr'><strong>et</strong></span> <span class='ocrx_word' id='word_1_37' title='bbox 1733 690 1832 727; x_wconf 88' lang='lat' dir='ltr'><strong>non</strong></span> <span class='ocrx_word' id='word_1_38' title='bbox 1862 674 1960 726; x_wconf 89' lang='lat' dir='ltr'><strong>sint</strong></span> <span class='ocrx_word' id='word_1_39' title='bbox 1991 672 2043 724; x_wconf 89' lang='lat' dir='ltr'><strong>in</strong></span> 
     </span>
    </p>
   </div>
   <div class='ocr_carea' id='block_1_6' title="bbox 462 765 2044 835">
    <p class='ocr_par' dir='ltr' id='par_1_6' title="bbox 462 765 2044 835">
     <span class='ocr_line' id='line_1_6' title="bbox 462 765 2044 835; baseline -0.008 -8"><span class='ocrx_word' id='word_1_40' title='bbox 462 776 597 829; x_wconf 81' lang='lat' dir='ltr'><strong>vobis</strong></span> <span class='ocrx_word' id='word_1_41' title='bbox 636 775 929 828; x_wconf 86' lang='lat' dir='ltr'><strong>schismata.</strong></span> <span class='ocrx_word' id='word_1_42' title='bbox 979 770 1295 827; x_wconf 84' lang='lat' dir='ltr'><strong>Schismatis</strong></span> <span class='ocrx_word' id='word_1_43' title='bbox 1323 767 1623 835; x_wconf 88' lang='lat' dir='ltr'><strong>emphatica</strong></span> <span class='ocrx_word' id='word_1_44' title='bbox 1654 765 1733 820; x_wconf 91' lang='lat' dir='ltr'><strong>vis</strong></span> <span class='ocrx_word' id='word_1_45' title='bbox 1764 766 2044 833; x_wconf 88' lang='lat' dir='ltr'><strong>ipsumque</strong></span> 
     </span>
    </p>
   </div>
   <div class='ocr_carea' id='block_1_7' title="bbox 460 859 2041 927">
    <p class='ocr_par' dir='ltr' id='par_1_7' title="bbox 460 859 2041 927">
     <span class='ocr_line' id='line_1_7' title="bbox 460 859 2041 927; baseline -0.008 -10"><span class='ocrx_word' id='word_1_46' title='bbox 460 867 814 920; x_wconf 79' lang='lat' dir='ltr'><strong>accusationis</strong></span> <span class='ocrx_word' id='word_1_47' title='bbox 845 880 1039 919; x_wconf 84' lang='lat' dir='ltr'><strong>nomen</strong></span> <span class='ocrx_word' id='word_1_48' title='bbox 1070 864 1200 917; x_wconf 88' lang='lat' dir='ltr'><strong>satis</strong></span> <span class='ocrx_word' id='word_1_49' title='bbox 1228 870 1414 927; x_wconf 88' lang='lat' dir='ltr'><strong>erant,</strong></span> <span class='ocrx_word' id='word_1_50' title='bbox 1449 870 1502 913; x_wconf 92' lang='lat' dir='ltr'><strong>ut</strong></span> <span class='ocrx_word' id='word_1_51' title='bbox 1548 860 1665 913; x_wconf 89' lang='lat' dir='ltr'><strong>illos</strong></span> <span class='ocrx_word' id='word_1_52' title='bbox 1696 859 1889 911; x_wconf 90' lang='lat' dir='ltr'><strong>acriter</strong></span> <span class='ocrx_word' id='word_1_53' title='bbox 1920 871 2041 924; x_wconf 84' lang='lat' dir='ltr'><strong>per-</strong></span> 
     </span>
    </p>
   </div>
   <div class='ocr_carea' id='block_1_8' title="bbox 462 950 2036 1026">
    <p class='ocr_par' dir='ltr' id='par_1_8' title="bbox 462 950 2036 1026">
     <span class='ocr_line' id='line_1_8' title="bbox 462 950 2036 1026; baseline -0.006 -17"><span class='ocrx_word' id='word_1_54' title='bbox 462 958 801 1026; x_wconf 83' lang='lat' dir='ltr'><strong>stringerent.</strong></span> <span class='ocrx_word' id='word_1_55' title='bbox 830 956 945 1010; x_wconf 87' lang='lat' dir='ltr'><strong>Non</strong></span> <span class='ocrx_word' id='word_1_56' title='bbox 977 955 1117 1009; x_wconf 90' lang='lat' dir='ltr'><strong>enim</strong></span> <span class='ocrx_word' id='word_1_57' title='bbox 1151 954 1362 1007; x_wconf 88' lang='lat' dir='ltr'><strong>fuerunt</strong></span> <span class='ocrx_word' id='word_1_58' title='bbox 1392 952 1573 1004; x_wconf 71' lang='lat' dir='ltr'><strong>multa:</strong></span> <span class='ocrx_word' id='word_1_59' title='bbox 1597 959 1773 1018; x_wconf 88' lang='lat' dir='ltr'><strong>partes</strong></span> <span class='ocrx_word' id='word_1_60' title='bbox 1796 950 2036 1015; x_wconf 61' lang='lat' dir='ltr'><strong>integrat,</strong></span> 
     </span>
    </p>
   </div>
   <div class='ocr_carea' id='block_1_9' title="bbox 463 1041 2011 1114">
    <p class='ocr_par' dir='ltr' id='par_1_9' title="bbox 463 1041 2011 1114">
     <span class='ocr_line' id='line_1_9' title="bbox 463 1041 2011 1114; baseline -0.006 -14"><span class='ocrx_word' id='word_1_61' title='bbox 463 1047 555 1101; x_wconf 90' lang='lat' dir='ltr'><strong>sed</strong></span> <span class='ocrx_word' id='word_1_62' title='bbox 583 1048 742 1102; x_wconf 89' lang='lat' dir='ltr'><strong>etiam</strong></span> <span class='ocrx_word' id='word_1_63' title='bbox 771 1062 872 1100; x_wconf 88' lang='lat' dir='ltr'><strong>una</strong></span> <span class='ocrx_word' id='word_1_64' title='bbox 904 1047 1157 1114; x_wconf 85' lang='lat' dir='ltr'><strong>perierat.</strong></span> <span class='ocrx_word' id='word_1_65' title='bbox 1187 1044 1319 1097; x_wconf 84' lang='lat' dir='ltr'><strong>Nam</strong></span> <span class='ocrx_word' id='word_1_66' title='bbox 1344 1043 1385 1096; x_wconf 90' lang='lat' dir='ltr'><strong>si</strong></span> <span class='ocrx_word' id='word_1_67' title='bbox 1416 1042 1670 1096; x_wconf 74' lang='lat' dir='ltr'><strong>Ecclesia:</strong></span> <span class='ocrx_word' id='word_1_68' title='bbox 1691 1048 1873 1095; x_wconf 83' lang='lat' dir='ltr'><strong>essent</strong></span> <span class='ocrx_word' id='word_1_69' title='bbox 1903 1041 2011 1091; x_wconf 90' lang='lat' dir='ltr'><strong>inte</strong></span> 
     </span>
    </p>
   </div>
   <div class='ocr_carea' id='block_1_10' title="bbox 461 1130 2040 1207">
    <p class='ocr_par' dir='ltr' id='par_1_10' title="bbox 461 1130 2040 1207">
     <span class='ocr_line' id='line_1_10' title="bbox 461 1130 2040 1207; baseline -0.008 -15"><span class='ocrx_word' id='word_1_70' title='bbox 461 1154 570 1207; x_wconf 77' lang='lat' dir='ltr'><strong>gra:</strong></span> <span class='ocrx_word' id='word_1_71' title='bbox 589 1178 602 1199; x_wconf 89' lang='lat'><strong>,</strong></span> <span class='ocrx_word' id='word_1_72' title='bbox 637 1136 788 1191; x_wconf 90' lang='lat' dir='ltr'><strong>multi</strong></span> <span class='ocrx_word' id='word_1_73' title='bbox 816 1146 996 1191; x_wconf 89' lang='lat' dir='ltr'><strong>essent</strong></span> <span class='ocrx_word' id='word_1_74' title='bbox 1018 1144 1191 1189; x_wconf 67' lang='lat' dir='ltr'><strong>castus</strong></span> <span class='ocrx_word' id='word_1_75' title='bbox 1218 1151 1231 1185; x_wconf 93' lang='lat'><strong>:</strong></span> <span class='ocrx_word' id='word_1_76' title='bbox 1264 1134 1307 1184; x_wconf 92' lang='lat' dir='ltr'><strong>si</strong></span> <span class='ocrx_word' id='word_1_77' title='bbox 1339 1143 1514 1186; x_wconf 90' lang='lat' dir='ltr'><strong>autem</strong></span> <span class='ocrx_word' id='word_1_78' title='bbox 1542 1130 1848 1193; x_wconf 82' lang='lat' dir='ltr'><strong>schismata,</strong></span> <span class='ocrx_word' id='word_1_79' title='bbox 1878 1142 2040 1182; x_wconf 90' lang='lat' dir='ltr'><strong>unum</strong></span> 
     </span>
    </p>
   </div>
   <div class='ocr_carea' id='block_1_11' title="bbox 464 1219 2042 1297">
    <p class='ocr_par' dir='ltr' id='par_1_11' title="bbox 464 1219 2042 1297">
     <span class='ocr_line' id='line_1_11' title="bbox 464 1219 2042 1297; baseline -0.006 -14"><span class='ocrx_word' id='word_1_80' title='bbox 464 1229 724 1297; x_wconf 81' lang='lat' dir='ltr'><strong>periisset.</strong></span> <span class='ocrx_word' id='word_1_81' title='bbox 758 1228 889 1282; x_wconf 89' lang='lat' dir='ltr'><strong>Nam</strong></span> <span class='ocrx_word' id='word_1_82' title='bbox 921 1227 1061 1297; x_wconf 90' lang='lat' dir='ltr'><strong>quod</strong></span> <span class='ocrx_word' id='word_1_83' title='bbox 1092 1226 1354 1295; x_wconf 90' lang='lat' dir='ltr'><strong>integrum</strong></span> <span class='ocrx_word' id='word_1_84' title='bbox 1386 1232 1502 1291; x_wconf 87' lang='lat' dir='ltr'><strong>est,</strong></span> <span class='ocrx_word' id='word_1_85' title='bbox 1531 1238 1653 1277; x_wconf 89' lang='lat' dir='ltr'><strong>cum</strong></span> <span class='ocrx_word' id='word_1_86' title='bbox 1685 1223 1735 1276; x_wconf 94' lang='lat' dir='ltr'><strong>in</strong></span> <span class='ocrx_word' id='word_1_87' title='bbox 1768 1221 1929 1275; x_wconf 89' lang='lat' dir='ltr'><strong>multa</strong></span> <span class='ocrx_word' id='word_1_88' title='bbox 1963 1219 2042 1273; x_wconf 87' lang='lat' dir='ltr'><strong>di-</strong></span> 
     </span>
    </p>
   </div>
   <div class='ocr_carea' id='block_1_12' title="bbox 463 1308 2041 1382">
    <p class='ocr_par' dir='ltr' id='par_1_12' title="bbox 463 1308 2041 1382">
     <span class='ocr_line' id='line_1_12' title="bbox 463 1308 2041 1382; baseline -0.006 -12"><span class='ocrx_word' id='word_1_89' title='bbox 463 1320 696 1382; x_wconf 81' lang='lat' dir='ltr'><strong>viditur,</strong></span> <span class='ocrx_word' id='word_1_90' title='bbox 728 1333 831 1371; x_wconf 83' lang='lat' dir='ltr'><strong>non</strong></span> <span class='ocrx_word' id='word_1_91' title='bbox 882 1316 1039 1370; x_wconf 89' lang='lat' dir='ltr'><strong>modo</strong></span> <span class='ocrx_word' id='word_1_92' title='bbox 1091 1330 1194 1368; x_wconf 91' lang='lat' dir='ltr'><strong>non</strong></span> <span class='ocrx_word' id='word_1_93' title='bbox 1244 1315 1409 1367; x_wconf 86' lang='lat' dir='ltr'><strong>multa</strong></span> <span class='ocrx_word' id='word_1_94' title='bbox 1456 1312 1721 1377; x_wconf 73' lang='lat' dir='ltr'><strong>efﬁcitur,</strong></span> <span class='ocrx_word' id='word_1_95' title='bbox 1766 1310 1859 1365; x_wconf 90' lang='lat' dir='ltr'><strong>sed</strong></span> <span class='ocrx_word' id='word_1_96' title='bbox 1903 1308 2041 1377; x_wconf 90' lang='lat' dir='ltr'><strong>quod</strong></span> 
     </span>
    </p>
   </div>
   <div class='ocr_carea' id='block_1_13' title="bbox 463 1400 2041 1477">
    <p class='ocr_par' dir='ltr' id='par_1_13' title="bbox 463 1400 2041 1477">
     <span class='ocr_line' id='line_1_13' title="bbox 463 1400 2041 1477; baseline -0.006 -17"><span class='ocrx_word' id='word_1_97' title='bbox 463 1426 626 1462; x_wconf 88' lang='lat' dir='ltr'><strong>unum</strong></span> <span class='ocrx_word' id='word_1_98' title='bbox 655 1417 767 1462; x_wconf 90' lang='lat' dir='ltr'><strong>erat</strong></span> <span class='ocrx_word' id='word_1_99' title='bbox 800 1408 957 1477; x_wconf 88' lang='lat' dir='ltr'><strong>perit.</strong></span> <span class='ocrx_word' id='word_1_100' title='bbox 991 1406 1133 1459; x_wconf 86' lang='lat' dir='ltr'><strong>Talis</strong></span> <span class='ocrx_word' id='word_1_101' title='bbox 1164 1414 1244 1457; x_wconf 86' lang='lat' dir='ltr'><strong>est</strong></span> <span class='ocrx_word' id='word_1_102' title='bbox 1269 1405 1616 1458; x_wconf 89' lang='lat' dir='ltr'><strong>schismatum</strong></span> <span class='ocrx_word' id='word_1_103' title='bbox 1650 1411 1854 1455; x_wconf 88' lang='lat' dir='ltr'><strong>natura.</strong></span> <span class='ocrx_word' id='word_1_104' title='bbox 1894 1400 2041 1452; x_wconf 88' lang='lat' dir='ltr'><strong>Dein-</strong></span> 
     </span>
    </p>
   </div>
   <div class='ocr_carea' id='block_1_14' title="bbox 464 1492 2039 1568">
    <p class='ocr_par' dir='ltr' id='par_1_14' title="bbox 464 1492 2039 1568">
     <span class='ocr_line' id='line_1_14' title="bbox 464 1492 2039 1568; baseline -0.005 -17"><span class='ocrx_word' id='word_1_105' title='bbox 464 1501 531 1553; x_wconf 91' lang='lat' dir='ltr'><strong>de</strong></span> <span class='ocrx_word' id='word_1_106' title='bbox 554 1500 675 1568; x_wconf 88' lang='lat' dir='ltr'><strong>quia</strong></span> <span class='ocrx_word' id='word_1_107' title='bbox 705 1497 991 1551; x_wconf 87' lang='lat' dir='ltr'><strong>admodum</strong></span> <span class='ocrx_word' id='word_1_108' title='bbox 1025 1496 1409 1564; x_wconf 76' lang='lat' dir='ltr'><strong>perstrinxerat</strong></span> <span class='ocrx_word' id='word_1_109' title='bbox 1448 1493 1751 1547; x_wconf 89' lang='lat' dir='ltr'><strong>schismatis</strong></span> <span class='ocrx_word' id='word_1_110' title='bbox 1781 1492 1995 1544; x_wconf 88' lang='lat' dir='ltr'><strong>nomine</strong></span> <span class='ocrx_word' id='word_1_111' title='bbox 2026 1530 2039 1550; x_wconf 88' lang='lat'><strong>,</strong></span> 
     </span>
    </p>
   </div>
   <div class='ocr_carea' id='block_1_15' title="bbox 463 1578 2042 1654">
    <p class='ocr_par' dir='ltr' id='par_1_15' title="bbox 463 1578 2042 1654">
     <span class='ocr_line' id='line_1_15' title="bbox 463 1578 2042 1654; baseline -0.006 -13"><span class='ocrx_word' id='word_1_112' title='bbox 463 1603 649 1643; x_wconf 82' lang='lat' dir='ltr'><strong>rursus</strong></span> <span class='ocrx_word' id='word_1_113' title='bbox 676 1589 806 1642; x_wconf 92' lang='lat' dir='ltr'><strong>lcnit</strong></span> <span class='ocrx_word' id='word_1_114' title='bbox 848 1597 901 1641; x_wconf 89' lang='lat' dir='ltr'><strong>et</strong></span> <span class='ocrx_word' id='word_1_115' title='bbox 935 1586 1137 1654; x_wconf 81' lang='lat' dir='ltr'><strong>mitigat</strong></span> <span class='ocrx_word' id='word_1_116' title='bbox 1169 1584 1249 1637; x_wconf 87' lang='lat' dir='ltr'><strong>his</strong></span> <span class='ocrx_word' id='word_1_117' title='bbox 1283 1584 1455 1638; x_wconf 82' lang='lat' dir='ltr'><strong>verbis</strong></span> <span class='ocrx_word' id='word_1_118' title='bbox 1487 1601 1498 1636; x_wconf 93' lang='lat'><strong>:</strong></span> <span class='ocrx_word' id='word_1_119' title='bbox 1531 1582 1655 1637; x_wconf 87' lang='lat' dir='ltr'><strong>Sitis</strong></span> <span class='ocrx_word' id='word_1_120' title='bbox 1687 1578 1853 1636; x_wconf 87' lang='lat' dir='ltr'><strong>autem</strong></span> <span class='ocrx_word' id='word_1_121' title='bbox 1879 1582 2042 1648; x_wconf 77' lang='lat' dir='ltr'><strong>perfe-</strong></span> 
     </span>
    </p>
   </div>
   <div class='ocr_carea' id='block_1_16' title="bbox 461 1671 2039 1738">
    <p class='ocr_par' dir='ltr' id='par_1_16' title="bbox 461 1671 2039 1738">
     <span class='ocr_line' id='line_1_16' title="bbox 461 1671 2039 1738; baseline -0.007 -6"><span class='ocrx_word' id='word_1_122' title='bbox 461 1683 527 1733; x_wconf 90' lang='lat' dir='ltr'><strong>cti</strong></span> <span class='ocrx_word' id='word_1_123' title='bbox 556 1682 607 1732; x_wconf 88' lang='lat' dir='ltr'><strong>in</strong></span> <span class='ocrx_word' id='word_1_124' title='bbox 654 1678 827 1732; x_wconf 86' lang='lat' dir='ltr'><strong>eadem</strong></span> <span class='ocrx_word' id='word_1_125' title='bbox 855 1688 1017 1729; x_wconf 77' lang='lat' dir='ltr'><strong>urente</strong></span> <span class='ocrx_word' id='word_1_126' title='bbox 1063 1685 1108 1728; x_wconf 88' lang='lat' dir='ltr'><strong>et</strong></span> <span class='ocrx_word' id='word_1_127' title='bbox 1152 1676 1203 1727; x_wconf 85' lang='lat' dir='ltr'><strong>in</strong></span> <span class='ocrx_word' id='word_1_128' title='bbox 1237 1674 1407 1726; x_wconf 83' lang='lat' dir='ltr'><strong>eadem</strong></span> <span class='ocrx_word' id='word_1_129' title='bbox 1437 1674 1700 1726; x_wconf 74' lang='lat' dir='ltr'><strong>sententia.</strong></span> <span class='ocrx_word' id='word_1_130' title='bbox 1734 1671 1865 1738; x_wconf 84' lang='lat' dir='ltr'><strong>Quia</strong></span> <span class='ocrx_word' id='word_1_131' title='bbox 1897 1671 2039 1724; x_wconf 88' lang='lat' dir='ltr'><strong>enim</strong></span> 
     </span>
    </p>
   </div>
   <div class='ocr_carea' id='block_1_17' title="bbox 459 1764 2042 1837">
    <p class='ocr_par' dir='ltr' id='par_1_17' title="bbox 459 1764 2042 1837">
     <span class='ocr_line' id='line_1_17' title="bbox 459 1764 2042 1837; baseline -0.007 -12"><span class='ocrx_word' id='word_1_132' title='bbox 459 1773 663 1825; x_wconf 83' lang='lat' dir='ltr'><strong>dixerat</strong></span> <span class='ocrx_word' id='word_1_133' title='bbox 685 1812 700 1837; x_wconf 92' lang='lat'><strong>,</strong></span> <span class='ocrx_word' id='word_1_134' title='bbox 736 1768 801 1824; x_wconf 90' lang='lat' dir='ltr'><strong>Ut</strong></span> <span class='ocrx_word' id='word_1_135' title='bbox 832 1769 963 1822; x_wconf 85' lang='lat' dir='ltr'><strong>idem</strong></span> <span class='ocrx_word' id='word_1_136' title='bbox 990 1767 1170 1820; x_wconf 81' lang='lat' dir='ltr'><strong>dicatis</strong></span> <span class='ocrx_word' id='word_1_137' title='bbox 1196 1783 1212 1829; x_wconf 90' lang='lat'><strong>;</strong></span> <span class='ocrx_word' id='word_1_138' title='bbox 1235 1766 1309 1819; x_wconf 91' lang='lat' dir='ltr'><strong>Ne</strong></span> <span class='ocrx_word' id='word_1_139' title='bbox 1341 1766 1560 1834; x_wconf 89' lang='lat' dir='ltr'><strong>putetis,</strong></span> <span class='ocrx_word' id='word_1_140' title='bbox 1591 1764 1781 1833; x_wconf 84' lang='lat' dir='ltr'><strong>inquit,</strong></span> <span class='ocrx_word' id='word_1_141' title='bbox 1810 1778 1895 1816; x_wconf 92' lang='lat' dir='ltr'><strong>me</strong></span> <span class='ocrx_word' id='word_1_142' title='bbox 1923 1778 2042 1815; x_wconf 90' lang='lat' dir='ltr'><strong>con-</strong></span> 
     </span>
    </p>
   </div>
   <div class='ocr_carea' id='block_1_18' title="bbox 465 1852 2041 1916">
    <p class='ocr_par' dir='ltr' id='par_1_18' title="bbox 465 1852 2041 1916">
     <span class='ocr_line' id='line_1_18' title="bbox 465 1852 2041 1916; baseline -0.007 0"><span class='ocrx_word' id='word_1_143' title='bbox 465 1863 701 1916; x_wconf 88' lang='lat' dir='ltr'><strong>cordiam</strong></span> <span class='ocrx_word' id='word_1_144' title='bbox 754 1861 953 1914; x_wconf 77' lang='lat' dir='ltr'><strong>dixisse</strong></span> <span class='ocrx_word' id='word_1_145' title='bbox 1000 1860 1050 1912; x_wconf 91' lang='lat' dir='ltr'><strong>in</strong></span> <span class='ocrx_word' id='word_1_146' title='bbox 1086 1858 1262 1912; x_wconf 82' lang='lat' dir='ltr'><strong>verbis</strong></span> <span class='ocrx_word' id='word_1_147' title='bbox 1306 1857 1476 1911; x_wconf 88' lang='lat' dir='ltr'><strong>solum</strong></span> <span class='ocrx_word' id='word_1_148' title='bbox 1508 1856 1703 1909; x_wconf 87' lang='lat' dir='ltr'><strong>sitam:</strong></span> <span class='ocrx_word' id='word_1_149' title='bbox 1750 1868 1865 1907; x_wconf 85' lang='lat' dir='ltr'><strong>eam</strong></span> <span class='ocrx_word' id='word_1_150' title='bbox 1898 1852 2041 1906; x_wconf 89' lang='lat' dir='ltr'><strong>enim</strong></span> 
     </span>
    </p>
   </div>
   <div class='ocr_carea' id='block_1_19' title="bbox 461 1943 2042 2023">
    <p class='ocr_par' dir='ltr' id='par_1_19' title="bbox 461 1943 2042 2023">
     <span class='ocr_line' id='line_1_19' title="bbox 461 1943 2042 2023; baseline -0.005 -20"><span class='ocrx_word' id='word_1_151' title='bbox 461 1969 579 2023; x_wconf 71' lang='lat' dir='ltr'><strong>(pne</strong></span> <span class='ocrx_word' id='word_1_152' title='bbox 608 1953 658 2006; x_wconf 91' lang='lat' dir='ltr'><strong>in</strong></span> <span class='ocrx_word' id='word_1_153' title='bbox 688 1961 867 2005; x_wconf 89' lang='lat' dir='ltr'><strong>mente</strong></span> <span class='ocrx_word' id='word_1_154' title='bbox 897 1959 979 2004; x_wconf 84' lang='lat' dir='ltr'><strong>est</strong></span> <span class='ocrx_word' id='word_1_155' title='bbox 1009 1948 1349 2002; x_wconf 88' lang='lat' dir='ltr'><strong>concordiam</strong></span> <span class='ocrx_word' id='word_1_156' title='bbox 1379 1946 1614 2016; x_wconf 89' lang='lat' dir='ltr'><strong>requiro.</strong></span> <span class='ocrx_word' id='word_1_157' title='bbox 1644 1945 1749 2000; x_wconf 89' lang='lat' dir='ltr'><strong>Sed</strong></span> <span class='ocrx_word' id='word_1_158' title='bbox 1780 1945 1898 2013; x_wconf 88' lang='lat' dir='ltr'><strong>quia</strong></span> <span class='ocrx_word' id='word_1_159' title='bbox 1931 1943 2042 1996; x_wconf 85' lang='lat' dir='ltr'><strong>fieri</strong></span> 
     </span>
    </p>
   </div>
   <div class='ocr_carea' id='block_1_20' title="bbox 462 2035 2045 2112">
    <p class='ocr_par' dir='ltr' id='par_1_20' title="bbox 462 2035 2045 2112">
     <span class='ocr_line' id='line_1_20' title="bbox 462 2035 2045 2112; baseline -0.004 -18"><span class='ocrx_word' id='word_1_160' title='bbox 462 2053 671 2112; x_wconf 89' lang='lat' dir='ltr'><strong>potest,</strong></span> <span class='ocrx_word' id='word_1_161' title='bbox 706 2054 764 2097; x_wconf 93' lang='lat' dir='ltr'><strong>ut</strong></span> <span class='ocrx_word' id='word_1_162' title='bbox 792 2044 1023 2112; x_wconf 89' lang='lat' dir='ltr'><strong>idipsum</strong></span> <span class='ocrx_word' id='word_1_163' title='bbox 1054 2049 1235 2094; x_wconf 89' lang='lat' dir='ltr'><strong>mente</strong></span> <span class='ocrx_word' id='word_1_164' title='bbox 1263 2039 1446 2093; x_wconf 60' lang='lat' dir='ltr'><strong>dictint</strong></span> <span class='ocrx_word' id='word_1_165' title='bbox 1475 2078 1489 2103; x_wconf 90' lang='lat'><strong>,</strong></span> <span class='ocrx_word' id='word_1_166' title='bbox 1533 2038 1627 2091; x_wconf 87' lang='lat' dir='ltr'><strong>sed</strong></span> <span class='ocrx_word' id='word_1_167' title='bbox 1658 2053 1763 2090; x_wconf 92' lang='lat' dir='ltr'><strong>non</strong></span> <span class='ocrx_word' id='word_1_168' title='bbox 1806 2038 1856 2089; x_wconf 92' lang='lat' dir='ltr'><strong>in</strong></span> <span class='ocrx_word' id='word_1_169' title='bbox 1884 2035 2045 2088; x_wconf 88' lang='lat' dir='ltr'><strong>rebus</strong></span> 
     </span>
    </p>
   </div>
   <div class='ocr_carea' id='block_1_21' title="bbox 469 2128 2044 2203">
    <p class='ocr_par' dir='ltr' id='par_1_21' title="bbox 469 2128 2044 2203">
     <span class='ocr_line' id='line_1_21' title="bbox 469 2128 2044 2203; baseline -0.008 -12"><span class='ocrx_word' id='word_1_170' title='bbox 469 2137 717 2192; x_wconf 90' lang='lat' dir='ltr'><strong>omnibus</strong></span> <span class='ocrx_word' id='word_1_171' title='bbox 739 2179 755 2203; x_wconf 91' lang='lat'><strong>,</strong></span> <span class='ocrx_word' id='word_1_172' title='bbox 789 2136 910 2190; x_wconf 89' lang='lat' dir='ltr'><strong>ideo</strong></span> <span class='ocrx_word' id='word_1_173' title='bbox 938 2132 1065 2189; x_wconf 92' lang='lat' dir='ltr'><strong>illud</strong></span> <span class='ocrx_word' id='word_1_174' title='bbox 1096 2132 1254 2187; x_wconf 90' lang='lat' dir='ltr'><strong>etiam</strong></span> <span class='ocrx_word' id='word_1_175' title='bbox 1286 2129 1506 2193; x_wconf 87' lang='lat' dir='ltr'><strong>addidit,</strong></span> <span class='ocrx_word' id='word_1_176' title='bbox 1536 2128 1662 2184; x_wconf 81' lang='lat' dir='ltr'><strong>Sitis</strong></span> <span class='ocrx_word' id='word_1_177' title='bbox 1689 2138 1853 2181; x_wconf 86' lang='lat' dir='ltr'><strong>autem</strong></span> <span class='ocrx_word' id='word_1_178' title='bbox 1877 2130 2044 2197; x_wconf 79' lang='lat' dir='ltr'><strong>perfe-</strong></span> 
     </span>
    </p>
   </div>
   <div class='ocr_carea' id='block_1_22' title="bbox 465 2225 2043 2296">
    <p class='ocr_par' dir='ltr' id='par_1_22' title="bbox 465 2225 2043 2296">
     <span class='ocr_line' id='line_1_22' title="bbox 465 2225 2043 2296; baseline -0.004 -13"><span class='ocrx_word' id='word_1_179' title='bbox 465 2232 549 2283; x_wconf 91' lang='lat' dir='ltr'><strong>cti.</strong></span> <span class='ocrx_word' id='word_1_180' title='bbox 582 2231 682 2296; x_wconf 91' lang='lat' dir='ltr'><strong>Qui</strong></span> <span class='ocrx_word' id='word_1_181' title='bbox 708 2231 850 2284; x_wconf 89' lang='lat' dir='ltr'><strong>enim</strong></span> <span class='ocrx_word' id='word_1_182' title='bbox 880 2229 931 2283; x_wconf 92' lang='lat' dir='ltr'><strong>in</strong></span> <span class='ocrx_word' id='word_1_183' title='bbox 963 2229 1140 2295; x_wconf 90' lang='lat' dir='ltr'><strong>aliquo</strong></span> <span class='ocrx_word' id='word_1_184' title='bbox 1161 2229 1378 2294; x_wconf 81' lang='lat' dir='ltr'><strong>junctus</strong></span> <span class='ocrx_word' id='word_1_185' title='bbox 1408 2236 1521 2288; x_wconf 81' lang='lat' dir='ltr'><strong>est,</strong></span> <span class='ocrx_word' id='word_1_186' title='bbox 1551 2226 1603 2278; x_wconf 92' lang='lat' dir='ltr'><strong>in</strong></span> <span class='ocrx_word' id='word_1_187' title='bbox 1648 2225 1824 2293; x_wconf 87' lang='lat' dir='ltr'><strong>aliquo</strong></span> <span class='ocrx_word' id='word_1_188' title='bbox 1867 2233 2043 2277; x_wconf 89' lang='lat' dir='ltr'><strong>autem</strong></span> 
     </span>
    </p>
   </div>
   <div class='ocr_carea' id='block_1_23' title="bbox 466 2315 2047 2393">
    <p class='ocr_par' dir='ltr' id='par_1_23' title="bbox 466 2315 2047 2393">
     <span class='ocr_line' id='line_1_23' title="bbox 466 2315 2047 2393; baseline -0.004 -19"><span class='ocrx_word' id='word_1_189' title='bbox 466 2320 725 2383; x_wconf 85' lang='lat' dir='ltr'><strong>dissidet,</strong></span> <span class='ocrx_word' id='word_1_190' title='bbox 768 2334 873 2373; x_wconf 90' lang='lat' dir='ltr'><strong>non</strong></span> <span class='ocrx_word' id='word_1_191' title='bbox 923 2318 1125 2387; x_wconf 79' lang='lat' dir='ltr'><strong>utique</strong></span> <span class='ocrx_word' id='word_1_192' title='bbox 1159 2315 1424 2385; x_wconf 87' lang='lat' dir='ltr'><strong>perfectus</strong></span> <span class='ocrx_word' id='word_1_193' title='bbox 1455 2325 1571 2383; x_wconf 90' lang='lat' dir='ltr'><strong>est,</strong></span> <span class='ocrx_word' id='word_1_194' title='bbox 1615 2332 1787 2393; x_wconf 67' lang='lat' dir='ltr'><strong>neque</strong></span> <span class='ocrx_word' id='word_1_195' title='bbox 1836 2318 1887 2368; x_wconf 92' lang='lat' dir='ltr'><strong>in</strong></span> <span class='ocrx_word' id='word_1_196' title='bbox 1937 2324 2047 2368; x_wconf 88' lang='lat' dir='ltr'><strong>toto</strong></span> 
     </span>
    </p>
   </div>
   <div class='ocr_carea' id='block_1_24' title="bbox 468 2406 2046 2476">
    <p class='ocr_par' dir='ltr' id='par_1_24' title="bbox 468 2406 2046 2476">
     <span class='ocr_line' id='line_1_24' title="bbox 468 2406 2046 2476; baseline -0.005 -11"><span class='ocrx_word' id='word_1_197' title='bbox 468 2412 753 2466; x_wconf 89' lang='lat' dir='ltr'><strong>consentit.</strong></span> <span class='ocrx_word' id='word_1_198' title='bbox 803 2409 946 2464; x_wconf 84' lang='lat' dir='ltr'><strong>Fieri</strong></span> <span class='ocrx_word' id='word_1_199' title='bbox 995 2418 1169 2462; x_wconf 89' lang='lat' dir='ltr'><strong>autem</strong></span> <span class='ocrx_word' id='word_1_200' title='bbox 1214 2417 1426 2476; x_wconf 91' lang='lat' dir='ltr'><strong>potest,</strong></span> <span class='ocrx_word' id='word_1_201' title='bbox 1470 2416 1524 2459; x_wconf 91' lang='lat' dir='ltr'><strong>ut</strong></span> <span class='ocrx_word' id='word_1_202' title='bbox 1568 2407 1686 2475; x_wconf 93' lang='lat' dir='ltr'><strong>quis</strong></span> <span class='ocrx_word' id='word_1_203' title='bbox 1726 2406 2046 2474; x_wconf 84' lang='lat' dir='ltr'><strong>cogitatione</strong></span> 
     </span>
    </p>
   </div>
   <div class='ocr_carea' id='block_1_25' title="bbox 468 2499 2049 2570">
    <p class='ocr_par' dir='ltr' id='par_1_25' title="bbox 468 2499 2049 2570">
     <span class='ocr_line' id='line_1_25' title="bbox 468 2499 2049 2570; baseline -0.006 -13"><span class='ocrx_word' id='word_1_204' title='bbox 468 2503 791 2566; x_wconf 84' lang='lat' dir='ltr'><strong>concordet,</strong></span> <span class='ocrx_word' id='word_1_205' title='bbox 837 2518 1011 2570; x_wconf 89' lang='lat' dir='ltr'><strong>neque</strong></span> <span class='ocrx_word' id='word_1_206' title='bbox 1052 2509 1228 2553; x_wconf 64' lang='lat' dir='ltr'><strong>tamen</strong></span> <span class='ocrx_word' id='word_1_207' title='bbox 1275 2499 1537 2552; x_wconf 87' lang='lat' dir='ltr'><strong>sententia</strong></span> <span class='ocrx_word' id='word_1_208' title='bbox 1579 2516 1589 2549; x_wconf 92' lang='lat'><strong>:</strong></span> <span class='ocrx_word' id='word_1_209' title='bbox 1644 2508 1698 2551; x_wconf 92' lang='lat' dir='ltr'><strong>ut</strong></span> <span class='ocrx_word' id='word_1_210' title='bbox 1744 2514 1861 2549; x_wconf 87' lang='lat' dir='ltr'><strong>cum</strong></span> <span class='ocrx_word' id='word_1_211' title='bbox 1904 2512 2049 2550; x_wconf 80' lang='lat' dir='ltr'><strong>eam-</strong></span> 
     </span>
    </p>
   </div>
   <div class='ocr_carea' id='block_1_26' title="bbox 467 2589 2044 2657">
    <p class='ocr_par' dir='ltr' id='par_1_26' title="bbox 467 2589 2044 2657">
     <span class='ocr_line' id='line_1_26' title="bbox 467 2589 2044 2657; baseline -0.008 -6"><span class='ocrx_word' id='word_1_212' title='bbox 467 2598 589 2651; x_wconf 92' lang='lat' dir='ltr'><strong>dcm</strong></span> <span class='ocrx_word' id='word_1_213' title='bbox 644 2596 903 2649; x_wconf 85' lang='lat' dir='ltr'><strong>habentes</strong></span> <span class='ocrx_word' id='word_1_214' title='bbox 948 2593 1135 2653; x_wconf 82' lang='lat' dir='ltr'><strong>fidem,</strong></span> <span class='ocrx_word' id='word_1_215' title='bbox 1188 2592 1408 2643; x_wconf 84' lang='lat' dir='ltr'><strong>caritate</strong></span> <span class='ocrx_word' id='word_1_216' title='bbox 1453 2589 1621 2657; x_wconf 85' lang='lat' dir='ltr'><strong>juncti</strong></span> <span class='ocrx_word' id='word_1_217' title='bbox 1686 2604 1790 2640; x_wconf 89' lang='lat' dir='ltr'><strong>non</strong></span> <span class='ocrx_word' id='word_1_218' title='bbox 1841 2602 2044 2641; x_wconf 86' lang='lat' dir='ltr'><strong>sumus.</strong></span> 
     </span>
    </p>
   </div>
   <div class='ocr_carea' id='block_1_27' title="bbox 468 2679 2046 2749">
    <p class='ocr_par' dir='ltr' id='par_1_27' title="bbox 468 2679 2046 2749">
     <span class='ocr_line' id='line_1_27' title="bbox 468 2679 2046 2749; baseline -0.008 -7"><span class='ocrx_word' id='word_1_219' title='bbox 468 2688 558 2742; x_wconf 88' lang='lat' dir='ltr'><strong>Sic</strong></span> <span class='ocrx_word' id='word_1_220' title='bbox 617 2687 759 2741; x_wconf 82' lang='lat' dir='ltr'><strong>eiiim</strong></span> <span class='ocrx_word' id='word_1_221' title='bbox 813 2683 1103 2738; x_wconf 89' lang='lat' dir='ltr'><strong>secundum</strong></span> <span class='ocrx_word' id='word_1_222' title='bbox 1160 2680 1390 2749; x_wconf 82' lang='lat' dir='ltr'><strong>cogitata</strong></span> <span class='ocrx_word' id='word_1_223' title='bbox 1436 2679 1606 2748; x_wconf 89' lang='lat' dir='ltr'><strong>juncti</strong></span> <span class='ocrx_word' id='word_1_224' title='bbox 1670 2693 1854 2732; x_wconf 90' lang='lat' dir='ltr'><strong>sumus</strong></span> <span class='ocrx_word' id='word_1_225' title='bbox 1912 2679 2046 2741; x_wconf 87' lang='lat' dir='ltr'><strong>(ea-</strong></span> 
     </span>
    </p>
   </div>
   <div class='ocr_carea' id='block_1_28' title="bbox 469 2769 2045 2844">
    <p class='ocr_par' dir='ltr' id='par_1_28' title="bbox 469 2769 2045 2844">
     <span class='ocr_line' id='line_1_28' title="bbox 469 2769 2045 2844; baseline -0.005 -15"><span class='ocrx_word' id='word_1_226' title='bbox 469 2779 591 2831; x_wconf 90' lang='lat' dir='ltr'><strong>dem</strong></span> <span class='ocrx_word' id='word_1_227' title='bbox 639 2775 835 2844; x_wconf 82' lang='lat' dir='ltr'><strong>quippe</strong></span> <span class='ocrx_word' id='word_1_228' title='bbox 880 2772 1199 2841; x_wconf 86' lang='lat' dir='ltr'><strong>cogitamus)</strong></span> <span class='ocrx_word' id='word_1_229' title='bbox 1231 2816 1241 2836; x_wconf 92' lang='lat'><strong>,</strong></span> <span class='ocrx_word' id='word_1_230' title='bbox 1275 2770 1537 2825; x_wconf 89' lang='lat' dir='ltr'><strong>sententia</strong></span> <span class='ocrx_word' id='word_1_231' title='bbox 1572 2787 1697 2824; x_wconf 86' lang='lat' dir='ltr'><strong>vero</strong></span> <span class='ocrx_word' id='word_1_232' title='bbox 1728 2787 1829 2823; x_wconf 91' lang='lat' dir='ltr'><strong>non</strong></span> <span class='ocrx_word' id='word_1_233' title='bbox 1874 2769 2002 2823; x_wconf 90' lang='lat' dir='ltr'><strong>item</strong></span> <span class='ocrx_word' id='word_1_234' title='bbox 2033 2787 2045 2821; x_wconf 89' lang='lat'><strong>:</strong></span> 
     </span>
    </p>
   </div>
   <div class='ocr_carea' id='block_1_29' title="bbox 470 2862 2045 2938">
    <p class='ocr_par' dir='ltr' id='par_1_29' title="bbox 470 2862 2045 2938">
     <span class='ocr_line' id='line_1_29' title="bbox 470 2862 2045 2938; baseline -0.007 -16"><span class='ocrx_word' id='word_1_235' title='bbox 470 2869 610 2938; x_wconf 87' lang='lat' dir='ltr'><strong>quod</strong></span> <span class='ocrx_word' id='word_1_236' title='bbox 642 2868 801 2923; x_wconf 88' lang='lat' dir='ltr'><strong>etiam</strong></span> <span class='ocrx_word' id='word_1_237' title='bbox 832 2876 955 2920; x_wconf 93' lang='lat' dir='ltr'><strong>tunc</strong></span> <span class='ocrx_word' id='word_1_238' title='bbox 986 2865 1180 2919; x_wconf 85' lang='lat' dir='ltr'><strong>factum</strong></span> <span class='ocrx_word' id='word_1_239' title='bbox 1213 2876 1292 2919; x_wconf 87' lang='lat' dir='ltr'><strong>est</strong></span> <span class='ocrx_word' id='word_1_240' title='bbox 1315 2907 1329 2929; x_wconf 91' lang='lat'><strong>,</strong></span> <span class='ocrx_word' id='word_1_241' title='bbox 1361 2880 1481 2917; x_wconf 90' lang='lat' dir='ltr'><strong>cum</strong></span> <span class='ocrx_word' id='word_1_242' title='bbox 1516 2863 1600 2915; x_wconf 91' lang='lat' dir='ltr'><strong>hic</strong></span> <span class='ocrx_word' id='word_1_243' title='bbox 1635 2863 1848 2929; x_wconf 87' lang='lat' dir='ltr'><strong>quidem</strong></span> <span class='ocrx_word' id='word_1_244' title='bbox 1878 2862 2045 2923; x_wconf 90' lang='lat' dir='ltr'><strong>illum,</strong></span> 
     </span>
    </p>
   </div>
   <div class='ocr_carea' id='block_1_30' title="bbox 472 2948 2050 3025">
    <p class='ocr_par' dir='ltr' id='par_1_30' title="bbox 472 2948 2050 3025">
     <span class='ocr_line' id='line_1_30' title="bbox 472 2948 2050 3025; baseline -0.008 -11"><span class='ocrx_word' id='word_1_245' title='bbox 472 2962 562 3014; x_wconf 91' lang='lat' dir='ltr'><strong>ille</strong></span> <span class='ocrx_word' id='word_1_246' title='bbox 605 2960 767 3013; x_wconf 90' lang='lat' dir='ltr'><strong>alium</strong></span> <span class='ocrx_word' id='word_1_247' title='bbox 800 2958 1045 3025; x_wconf 87' lang='lat' dir='ltr'><strong>eligeret.</strong></span> <span class='ocrx_word' id='word_1_248' title='bbox 1096 2956 1219 3007; x_wconf 89' lang='lat' dir='ltr'><strong>Ideo</strong></span> <span class='ocrx_word' id='word_1_249' title='bbox 1267 2954 1338 3006; x_wconf 91' lang='lat' dir='ltr'><strong>ait</strong></span> <span class='ocrx_word' id='word_1_250' title='bbox 1382 2962 1436 3005; x_wconf 92' lang='lat' dir='ltr'><strong>et</strong></span> <span class='ocrx_word' id='word_1_251' title='bbox 1483 2963 1659 3004; x_wconf 89' lang='lat' dir='ltr'><strong>mente</strong></span> <span class='ocrx_word' id='word_1_252' title='bbox 1688 2961 1741 3003; x_wconf 91' lang='lat' dir='ltr'><strong>et</strong></span> <span class='ocrx_word' id='word_1_253' title='bbox 1788 2948 2050 3003; x_wconf 90' lang='lat' dir='ltr'><strong>sententia</strong></span> 
     </span>
    </p>
   </div>
   <div class='ocr_carea' id='block_1_31' title="bbox 465 3039 2047 3119">
    <p class='ocr_par' dir='ltr' id='par_1_31' title="bbox 465 3039 2047 3119">
     <span class='ocr_line' id='line_1_31' title="bbox 465 3039 2047 3119; baseline -0.006 -18"><span class='ocrx_word' id='word_1_254' title='bbox 465 3050 615 3119; x_wconf 85' lang='lat' dir='ltr'><strong>jungi</strong></span> <span class='ocrx_word' id='word_1_255' title='bbox 646 3048 861 3100; x_wconf 84' lang='lat' dir='ltr'><strong>debere.</strong></span> <span class='ocrx_word' id='word_1_256' title='bbox 891 3044 1074 3111; x_wconf 86' lang='lat' dir='ltr'><strong>Neque</strong></span> <span class='ocrx_word' id='word_1_257' title='bbox 1118 3042 1259 3096; x_wconf 88' lang='lat' dir='ltr'><strong>enim</strong></span> <span class='ocrx_word' id='word_1_258' title='bbox 1289 3040 1428 3109; x_wconf 87' lang='lat' dir='ltr'><strong>quod</strong></span> <span class='ocrx_word' id='word_1_259' title='bbox 1460 3040 1511 3093; x_wconf 90' lang='lat' dir='ltr'><strong>in</strong></span> <span class='ocrx_word' id='word_1_260' title='bbox 1543 3040 1645 3093; x_wconf 89' lang='lat' dir='ltr'><strong>tide</strong></span> <span class='ocrx_word' id='word_1_261' title='bbox 1695 3039 2047 3103; x_wconf 83' lang='lat' dir='ltr'><strong>ttissiderent,</strong></span> 
     </span>
    </p>
   </div>
   <div class='ocr_carea' id='block_1_32' title="bbox 472 3129 2050 3200">
    <p class='ocr_par' dir='ltr' id='par_1_32' title="bbox 472 3129 2050 3200">
     <span class='ocr_line' id='line_1_32' title="bbox 472 3129 2050 3200; baseline -0.006 -9"><span class='ocrx_word' id='word_1_262' title='bbox 472 3139 761 3191; x_wconf 71' lang='lat' dir='ltr'><strong>schismata</strong></span> <span class='ocrx_word' id='word_1_263' title='bbox 817 3144 1008 3197; x_wconf 90' lang='lat' dir='ltr'><strong>erant;</strong></span> <span class='ocrx_word' id='word_1_264' title='bbox 1060 3132 1151 3187; x_wconf 86' lang='lat' dir='ltr'><strong>sed</strong></span> <span class='ocrx_word' id='word_1_265' title='bbox 1197 3130 1340 3200; x_wconf 89' lang='lat' dir='ltr'><strong>quod</strong></span> <span class='ocrx_word' id='word_1_266' title='bbox 1372 3130 1635 3184; x_wconf 86' lang='lat' dir='ltr'><strong>sententia</strong></span> <span class='ocrx_word' id='word_1_267' title='bbox 1668 3129 2050 3182; x_wconf 84' lang='lat' dir='ltr'><strong>dirimerentur</strong></span> 
     </span>
    </p>
   </div>
   <div class='ocr_carea' id='block_1_33' title="bbox 473 3221 2048 3291">
    <p class='ocr_par' dir='ltr' id='par_1_33' title="bbox 473 3221 2048 3291">
     <span class='ocr_line' id='line_1_33' title="bbox 473 3221 2048 3291; baseline -0.005 -8"><span class='ocrx_word' id='word_1_268' title='bbox 473 3229 765 3285; x_wconf 86' lang='lat' dir='ltr'><strong>secundum</strong></span> <span class='ocrx_word' id='word_1_269' title='bbox 790 3228 1075 3281; x_wconf 62' lang='lat' dir='ltr'><strong>humanam</strong></span> <span class='ocrx_word' id='word_1_270' title='bbox 1106 3224 1529 3279; x_wconf 82' lang='lat' dir='ltr'><strong>C0nlcntiottent.</strong></span> <span class='ocrx_word' id='word_1_271' title='bbox 1556 3222 1659 3277; x_wconf 87' lang='lat' dir='ltr'><strong>Sed</strong></span> <span class='ocrx_word' id='word_1_272' title='bbox 1686 3222 1935 3291; x_wconf 87' lang='lat' dir='ltr'><strong>quoniam</strong></span> <span class='ocrx_word' id='word_1_273' title='bbox 1964 3221 2006 3275; x_wconf 90' lang='lat' dir='ltr'><strong>is</strong></span> <span class='ocrx_word' id='word_1_274' title='bbox 2033 3262 2048 3286; x_wconf 96' lang='lat'><strong>,</strong></span> 
     </span>
    </p>
   </div>
   <div class='ocr_carea' id='block_1_34' title="bbox 473 3312 2112 3391">
    <p class='ocr_par' dir='ltr' id='par_1_34' title="bbox 473 3312 2112 3391">
     <span class='ocr_line' id='line_1_34' title="bbox 473 3312 2112 3391; baseline -0.006 -18"><span class='ocrx_word' id='word_1_275' title='bbox 473 3325 563 3391; x_wconf 85' lang='lat' dir='ltr'><strong>qui</strong></span> <span class='ocrx_word' id='word_1_276' title='bbox 592 3328 873 3375; x_wconf 85' lang='lat' dir='ltr'><strong>accusatur</strong></span> <span class='ocrx_word' id='word_1_277' title='bbox 894 3360 906 3382; x_wconf 94' lang='lat'><strong>,</strong></span> <span class='ocrx_word' id='word_1_278' title='bbox 938 3318 1110 3371; x_wconf 91' lang='lat' dir='ltr'><strong>donec</strong></span> <span class='ocrx_word' id='word_1_279' title='bbox 1154 3324 1317 3368; x_wconf 88' lang='lat' dir='ltr'><strong>testes</strong></span> <span class='ocrx_word' id='word_1_280' title='bbox 1346 3329 1451 3367; x_wconf 92' lang='lat' dir='ltr'><strong>non</strong></span> <span class='ocrx_word' id='word_1_281' title='bbox 1494 3313 1688 3377; x_wconf 90' lang='lat' dir='ltr'><strong>habet,</strong></span> <span class='ocrx_word' id='word_1_282' title='bbox 1715 3312 2051 3379; x_wconf 90' lang='lat' dir='ltr'><strong>impudenter</strong></span> <span class='ocrx_word' id='word_1_283' title='bbox 2109 3321 2112 3323; x_wconf 45' lang='grc' dir='ltr'>λ</span> 
     </span>
    </p>
   </div>
   <div class='ocr_carea' id='block_1_35' title="bbox 476 3405 2053 3481">
    <p class='ocr_par' dir='ltr' id='par_1_35' title="bbox 476 3405 2053 3481">
     <span class='ocr_line' id='line_1_35' title="bbox 476 3405 2053 3481; baseline -0.007 -15"><span class='ocrx_word' id='word_1_284' title='bbox 476 3415 617 3481; x_wconf 76' lang='lat' dir='ltr'><strong>agit;</strong></span> <span class='ocrx_word' id='word_1_285' title='bbox 650 3410 770 3465; x_wconf 88' lang='lat' dir='ltr'><strong>vide</strong></span> <span class='ocrx_word' id='word_1_286' title='bbox 800 3408 1066 3477; x_wconf 91' lang='lat' dir='ltr'><strong>quomodo</strong></span> <span class='ocrx_word' id='word_1_287' title='bbox 1096 3422 1201 3460; x_wconf 90' lang='lat' dir='ltr'><strong>non</strong></span> <span class='ocrx_word' id='word_1_288' title='bbox 1232 3405 1533 3460; x_wconf 88' lang='lat' dir='ltr'><strong>concedens</strong></span> <span class='ocrx_word' id='word_1_289' title='bbox 1560 3414 1616 3457; x_wconf 93' lang='lat' dir='ltr'><strong>ut</strong></span> <span class='ocrx_word' id='word_1_290' title='bbox 1646 3414 1859 3472; x_wconf 77' lang='lat' dir='ltr'><strong>negent,</strong></span> <span class='ocrx_word' id='word_1_291' title='bbox 1891 3412 2053 3457; x_wconf 84' lang='lat' dir='ltr'><strong>testes</strong></span> 
     </span>
    </p>
   </div>
   <div class='ocr_carea' id='block_1_36' title="bbox 477 3494 2050 3568">
    <p class='ocr_par' dir='ltr' id='par_1_36' title="bbox 477 3494 2050 3568">
     <span class='ocr_line' id='line_1_36' title="bbox 477 3494 2050 3568; baseline -0.006 -13"><span class='ocrx_word' id='word_1_292' title='bbox 477 3503 719 3557; x_wconf 83' lang='lat' dir='ltr'><strong>adducat.</strong></span> <span class='ocrx_word' id='word_1_293' title='bbox 772 3500 857 3554; x_wconf 81' lang='grc' dir='ltr'><strong>Η.</strong></span> <span class='ocrx_word' id='word_1_294' title='bbox 906 3498 1263 3568; x_wconf 77' lang='lat' dir='ltr'><strong>Signi/iratum</strong></span> <span class='ocrx_word' id='word_1_295' title='bbox 1303 3494 1436 3547; x_wconf 87' lang='lat' dir='ltr'><strong>enim</strong></span> <span class='ocrx_word' id='word_1_296' title='bbox 1490 3502 1560 3547; x_wconf 84' lang='lat' dir='ltr'><strong>est</strong></span> <span class='ocrx_word' id='word_1_297' title='bbox 1606 3494 1731 3545; x_wconf 87' lang='lat' dir='ltr'><strong>mihi</strong></span> <span class='ocrx_word' id='word_1_298' title='bbox 1773 3494 1834 3544; x_wconf 85' lang='lat' dir='ltr'><strong>de</strong></span> <span class='ocrx_word' id='word_1_299' title='bbox 1874 3494 2050 3558; x_wconf 79' lang='lat' dir='ltr'><strong>vobis,</strong></span> 
     </span>
    </p>
   </div>
   <div class='ocr_carea' id='block_1_37' title="bbox 480 3582 2053 3666">
    <p class='ocr_par' dir='ltr' id='par_1_37' title="bbox 480 3582 2053 3666">
     <span class='ocr_line' id='line_1_37' title="bbox 480 3582 2053 3666; baseline -0.006 -21"><span class='ocrx_word' id='word_1_300' title='bbox 480 3600 657 3666; x_wconf 73' lang='lat' dir='ltr'><strong>fratres</strong></span> <span class='ocrx_word' id='word_1_301' title='bbox 683 3635 696 3657; x_wconf 92' lang='lat'><strong>,</strong></span> <span class='ocrx_word' id='word_1_302' title='bbox 730 3593 792 3645; x_wconf 87' lang='lat' dir='ltr'><strong>ab</strong></span> <span class='ocrx_word' id='word_1_303' title='bbox 836 3593 896 3643; x_wconf 86' lang='lat' dir='ltr'><strong>iis</strong></span> <span class='ocrx_word' id='word_1_304' title='bbox 922 3591 1005 3654; x_wconf 87' lang='lat' dir='ltr'><strong>qui</strong></span> <span class='ocrx_word' id='word_1_305' title='bbox 1032 3598 1147 3643; x_wconf 86' lang='lat' dir='ltr'><strong>sunt</strong></span> <span class='ocrx_word' id='word_1_306' title='bbox 1180 3586 1379 3640; x_wconf 79' lang='lat' dir='ltr'><strong>Chloes.</strong></span> <span class='ocrx_word' id='word_1_307' title='bbox 1414 3584 1595 3653; x_wconf 84' lang='lat' dir='ltr'><strong>Neque</strong></span> <span class='ocrx_word' id='word_1_308' title='bbox 1633 3584 1812 3637; x_wconf 87' lang='lat' dir='ltr'><strong>statim</strong></span> <span class='ocrx_word' id='word_1_309' title='bbox 1845 3583 1943 3636; x_wconf 91' lang='lat' dir='ltr'><strong>hoc</strong></span> <span class='ocrx_word' id='word_1_310' title='bbox 1973 3582 2053 3635; x_wconf 87' lang='lat' dir='ltr'><strong>di-</strong></span> 
     </span>
    </p>
   </div>
   <div class='ocr_carea' id='block_1_38' title="bbox 481 3676 2051 3752">
    <p class='ocr_par' dir='ltr' id='par_1_38' title="bbox 481 3676 2051 3752">
     <span class='ocr_line' id='line_1_38' title="bbox 481 3676 2051 3752; baseline -0.01 -10"><span class='ocrx_word' id='word_1_311' title='bbox 481 3696 649 3749; x_wconf 68' lang='lat' dir='ltr'><strong>xerat,</strong></span> <span class='ocrx_word' id='word_1_312' title='bbox 681 3684 773 3737; x_wconf 90' lang='lat' dir='ltr'><strong>sed</strong></span> <span class='ocrx_word' id='word_1_313' title='bbox 800 3684 970 3752; x_wconf 80' lang='lat' dir='ltr'><strong>prium</strong></span> <span class='ocrx_word' id='word_1_314' title='bbox 992 3681 1389 3733; x_wconf 87' lang='lat' dir='ltr'><strong>accusatiOnem</strong></span> <span class='ocrx_word' id='word_1_315' title='bbox 1414 3686 1684 3746; x_wconf 82' lang='lat' dir='ltr'><strong>posuerat,</strong></span> <span class='ocrx_word' id='word_1_316' title='bbox 1718 3676 1857 3744; x_wconf 88' lang='lat' dir='ltr'><strong>quod</strong></span> <span class='ocrx_word' id='word_1_317' title='bbox 1883 3676 2051 3743; x_wconf 90' lang='lat' dir='ltr'><strong>ipsum</strong></span> 
     </span>
    </p>
   </div>
   <div class='ocr_carea' id='block_1_39' title="bbox 480 3765 2056 3845">
    <p class='ocr_par' dir='ltr' id='par_1_39' title="bbox 480 3765 2056 3845">
     <span class='ocr_line' id='line_1_39' title="bbox 480 3765 2056 3845; baseline -0.006 -16"><span class='ocrx_word' id='word_1_318' title='bbox 480 3774 901 3845; x_wconf 73' lang='lat' dir='ltr'><strong>signiﬁcantibus</strong></span> <span class='ocrx_word' id='word_1_319' title='bbox 929 3771 1223 3826; x_wconf 87' lang='lat' dir='ltr'><strong>credidisse</strong></span> <span class='ocrx_word' id='word_1_320' title='bbox 1251 3771 1439 3839; x_wconf 90' lang='lat' dir='ltr'><strong>probat</strong></span> <span class='ocrx_word' id='word_1_321' title='bbox 1463 3787 1474 3819; x_wconf 90' lang='lat'><strong>:</strong></span> <span class='ocrx_word' id='word_1_322' title='bbox 1507 3768 1608 3820; x_wconf 78' lang='lat' dir='ltr'><strong>nisi</strong></span> <span class='ocrx_word' id='word_1_323' title='bbox 1637 3768 1780 3822; x_wconf 92' lang='lat' dir='ltr'><strong>enim</strong></span> <span class='ocrx_word' id='word_1_324' title='bbox 1805 3767 1904 3820; x_wconf 91' lang='lat' dir='ltr'><strong>hoc</strong></span> <span class='ocrx_word' id='word_1_325' title='bbox 1934 3765 2056 3820; x_wconf 90' lang='lat' dir='ltr'><strong>fuis-</strong></span> 
     </span>
    </p>
   </div>
   <div class='ocr_carea' id='block_1_40' title="bbox 479 3859 2056 3929">
    <p class='ocr_par' dir='ltr' id='par_1_40' title="bbox 479 3859 2056 3929">
     <span class='ocr_line' id='line_1_40' title="bbox 479 3859 2056 3929; baseline -0.006 -8"><span class='ocrx_word' id='word_1_326' title='bbox 479 3882 590 3929; x_wconf 66' lang='lat' dir='ltr'><strong>set,</strong></span> <span class='ocrx_word' id='word_1_327' title='bbox 622 3883 725 3919; x_wconf 92' lang='lat' dir='ltr'><strong>non</strong></span> <span class='ocrx_word' id='word_1_328' title='bbox 756 3873 1097 3919; x_wconf 87' lang='lat' dir='ltr'><strong>accusasset:</strong></span> <span class='ocrx_word' id='word_1_329' title='bbox 1127 3880 1232 3917; x_wconf 92' lang='lat' dir='ltr'><strong>non</strong></span> <span class='ocrx_word' id='word_1_330' title='bbox 1279 3872 1479 3915; x_wconf 91' lang='lat' dir='ltr'><strong>temere</strong></span> <span class='ocrx_word' id='word_1_331' title='bbox 1511 3860 1651 3913; x_wconf 88' lang='lat' dir='ltr'><strong>enim</strong></span> <span class='ocrx_word' id='word_1_332' title='bbox 1699 3859 1893 3912; x_wconf 88' lang='lat' dir='ltr'><strong>Paulus</strong></span> <span class='ocrx_word' id='word_1_333' title='bbox 1935 3874 2056 3912; x_wconf 74' lang='lat' dir='ltr'><strong>cre-</strong></span> 
     </span>
    </p>
   </div>
   <div class='ocr_carea' id='block_1_41' title="bbox 479 3948 2051 4025">
    <p class='ocr_par' dir='ltr' id='par_1_41' title="bbox 479 3948 2051 4025">
     <span class='ocr_line' id='line_1_41' title="bbox 479 3948 2051 4025; baseline -0.007 -15"><span class='ocrx_word' id='word_1_334' title='bbox 479 3958 719 4012; x_wconf 82' lang='lat' dir='ltr'><strong>didisset.</strong></span> <span class='ocrx_word' id='word_1_335' title='bbox 769 3955 951 4025; x_wconf 85' lang='lat' dir='ltr'><strong>Neque</strong></span> <span class='ocrx_word' id='word_1_336' title='bbox 993 3954 1169 4007; x_wconf 86' lang='lat' dir='ltr'><strong>statim</strong></span> <span class='ocrx_word' id='word_1_337' title='bbox 1215 3951 1341 4005; x_wconf 92' lang='lat' dir='ltr'><strong>dixit</strong></span> <span class='ocrx_word' id='word_1_338' title='bbox 1375 3951 1475 4005; x_wconf 89' lang='lat' dir='ltr'><strong>sibi</strong></span> <span class='ocrx_word' id='word_1_339' title='bbox 1515 3948 1869 4018; x_wconf 87' lang='lat' dir='ltr'><strong>significatum</strong></span> <span class='ocrx_word' id='word_1_340' title='bbox 1902 3962 2051 4009; x_wconf 91' lang='lat' dir='ltr'><strong>esse,</strong></span> 
     </span>
    </p>
   </div>
   <div class='ocr_carea' id='block_1_42' title="bbox 483 4040 2057 4112">
    <p class='ocr_par' dir='ltr' id='par_1_42' title="bbox 483 4040 2057 4112">
     <span class='ocr_line' id='line_1_42' title="bbox 483 4040 2057 4112; baseline -0.008 -11"><span class='ocrx_word' id='word_1_341' title='bbox 483 4065 548 4101; x_wconf 89' lang='lat' dir='ltr'><strong>ne</strong></span> <span class='ocrx_word' id='word_1_342' title='bbox 580 4047 846 4105; x_wconf 82' lang='lat' dir='ltr'><strong>\ideretur</strong></span> <span class='ocrx_word' id='word_1_343' title='bbox 874 4043 1026 4112; x_wconf 86' lang='lat' dir='ltr'><strong>quasi</strong></span> <span class='ocrx_word' id='word_1_344' title='bbox 1055 4042 1123 4096; x_wconf 86' lang='lat' dir='ltr'><strong>ab</strong></span> <span class='ocrx_word' id='word_1_345' title='bbox 1152 4042 1255 4095; x_wconf 78' lang='lat' dir='ltr'><strong>illis</strong></span> <span class='ocrx_word' id='word_1_346' title='bbox 1282 4040 1528 4094; x_wconf 89' lang='lat' dir='ltr'><strong>inductus</strong></span> <span class='ocrx_word' id='word_1_347' title='bbox 1555 4053 1806 4092; x_wconf 85' lang='lat' dir='ltr'><strong>accusare</strong></span> <span class='ocrx_word' id='word_1_348' title='bbox 1838 4056 1848 4089; x_wconf 90' lang='lat'><strong>:</strong></span> <span class='ocrx_word' id='word_1_349' title='bbox 1886 4052 2057 4105; x_wconf 87' lang='lat' dir='ltr'><strong>neque</strong></span> 
     </span>
    </p>
   </div>
   <div class='ocr_carea' id='block_1_43' title="bbox 484 4128 2055 4200">
    <p class='ocr_par' dir='ltr' id='par_1_43' title="bbox 484 4128 2055 4200">
     <span class='ocr_line' id='line_1_43' title="bbox 484 4128 2055 4200; baseline -0.009 -7"><span class='ocrx_word' id='word_1_350' title='bbox 484 4140 643 4197; x_wconf 81' lang='lat' dir='ltr'><strong>tacuit</strong></span> <span class='ocrx_word' id='word_1_351' title='bbox 672 4152 854 4192; x_wconf 90' lang='lat' dir='ltr'><strong>eorum</strong></span> <span class='ocrx_word' id='word_1_352' title='bbox 892 4149 1107 4200; x_wconf 90' lang='lat' dir='ltr'><strong>nomen,</strong></span> <span class='ocrx_word' id='word_1_353' title='bbox 1138 4147 1205 4187; x_wconf 90' lang='lat' dir='ltr'><strong>ne</strong></span> <span class='ocrx_word' id='word_1_354' title='bbox 1232 4131 1503 4186; x_wconf 87' lang='lat' dir='ltr'><strong>videretur</strong></span> <span class='ocrx_word' id='word_1_355' title='bbox 1530 4146 1595 4184; x_wconf 81' lang='lat' dir='ltr'><strong>ex</strong></span> <span class='ocrx_word' id='word_1_356' title='bbox 1630 4145 1687 4183; x_wconf 89' lang='lat' dir='ltr'><strong>se</strong></span> <span class='ocrx_word' id='word_1_357' title='bbox 1716 4128 1831 4182; x_wconf 86' lang='lat' dir='ltr'><strong>solo</strong></span> <span class='ocrx_word' id='word_1_358' title='bbox 1858 4128 2055 4181; x_wconf 89' lang='lat' dir='ltr'><strong>dicere.</strong></span> 
     </span>
    </p>
   </div>
   <div class='ocr_carea' id='block_1_44' title="bbox 486 4220 2059 4289">
    <p class='ocr_par' dir='ltr' id='par_1_44' title="bbox 486 4220 2059 4289">
     <span class='ocr_line' id='line_1_44' title="bbox 486 4220 2059 4289; baseline -0.01 -4"><span class='ocrx_word' id='word_1_359' title='bbox 486 4230 688 4285; x_wconf 83' lang='lat' dir='ltr'><strong>Rursus</strong></span> <span class='ocrx_word' id='word_1_360' title='bbox 740 4226 862 4282; x_wconf 87' lang='lat' dir='ltr'><strong>illos</strong></span> <span class='ocrx_word' id='word_1_361' title='bbox 889 4224 1082 4280; x_wconf 83' lang='lat' dir='ltr'><strong>fratres</strong></span> <span class='ocrx_word' id='word_1_362' title='bbox 1126 4222 1385 4280; x_wconf 92' lang='lat' dir='ltr'><strong>nominat.</strong></span> <span class='ocrx_word' id='word_1_363' title='bbox 1421 4220 1569 4277; x_wconf 87' lang='lat' dir='ltr'><strong>Licet</strong></span> <span class='ocrx_word' id='word_1_364' title='bbox 1612 4221 1754 4275; x_wconf 92' lang='lat' dir='ltr'><strong>enim</strong></span> <span class='ocrx_word' id='word_1_365' title='bbox 1787 4228 2059 4289; x_wconf 86' lang='lat' dir='ltr'><strong>peccatum</strong></span> 
     </span>
    </p>
   </div>
   <div class='ocr_carea' id='block_1_45' title="bbox 486 4308 2061 4383">
    <p class='ocr_par' dir='ltr' id='par_1_45' title="bbox 486 4308 2061 4383">
     <span class='ocr_line' id='line_1_45' title="bbox 486 4308 2061 4383; baseline -0.007 -9"><span class='ocrx_word' id='word_1_366' title='bbox 486 4320 821 4375; x_wconf 86' lang='lat' dir='ltr'><strong>manifestum</strong></span> <span class='ocrx_word' id='word_1_367' title='bbox 868 4325 1042 4383; x_wconf 88' lang='lat' dir='ltr'><strong>esset,</strong></span> <span class='ocrx_word' id='word_1_368' title='bbox 1076 4312 1205 4369; x_wconf 86' lang='lat' dir='ltr'><strong>nihil</strong></span> <span class='ocrx_word' id='word_1_369' title='bbox 1237 4310 1562 4382; x_wconf 87' lang='lat' dir='ltr'><strong>impediebat</strong></span> <span class='ocrx_word' id='word_1_370' title='bbox 1609 4311 1893 4380; x_wconf 88' lang='lat' dir='ltr'><strong>quominus</strong></span> <span class='ocrx_word' id='word_1_371' title='bbox 1940 4308 2061 4363; x_wconf 88' lang='lat' dir='ltr'><strong>illos</strong></span> 
     </span>
    </p>
   </div>
   <div class='ocr_carea' id='block_1_46' title="bbox 484 4394 2059 4469">
    <p class='ocr_par' dir='ltr' id='par_1_46' title="bbox 484 4394 2059 4469">
     <span class='ocr_line' id='line_1_46' title="bbox 484 4394 2059 4469; baseline -0.008 -5"><span class='ocrx_word' id='word_1_372' title='bbox 484 4410 656 4464; x_wconf 88' lang='lat' dir='ltr'><strong>adhuc</strong></span> <span class='ocrx_word' id='word_1_373' title='bbox 686 4409 880 4463; x_wconf 83' lang='lat' dir='ltr'><strong>fratres</strong></span> <span class='ocrx_word' id='word_1_374' title='bbox 908 4394 1145 4460; x_wconf 86' lang='lat' dir='ltr'><strong>vocaret.</strong></span> <span class='ocrx_word' id='word_1_375' title='bbox 1172 4402 1461 4458; x_wconf 81' lang='lat' dir='ltr'><strong>Corisidera</strong></span> <span class='ocrx_word' id='word_1_376' title='bbox 1493 4410 1671 4455; x_wconf 89' lang='lat' dir='ltr'><strong>autem</strong></span> <span class='ocrx_word' id='word_1_377' title='bbox 1702 4399 2059 4469; x_wconf 87' lang='lat' dir='ltr'><strong>prudentiam,</strong></span> 
     </span>
    </p>
   </div>
   <div class='ocr_carea' id='block_1_47' title="bbox 487 4490 2065 4570">
    <p class='ocr_par' dir='ltr' id='par_1_47' title="bbox 487 4490 2065 4570">
     <span class='ocr_line' id='line_1_47' title="bbox 487 4490 2065 4570; baseline -0.007 -14"><span class='ocrx_word' id='word_1_378' title='bbox 487 4498 757 4570; x_wconf 89' lang='lat' dir='ltr'><strong>quomodo</strong></span> <span class='ocrx_word' id='word_1_379' title='bbox 786 4514 890 4552; x_wconf 91' lang='lat' dir='ltr'><strong>non</strong></span> <span class='ocrx_word' id='word_1_380' title='bbox 920 4505 1219 4566; x_wconf 86' lang='lat' dir='ltr'><strong>separatam</strong></span> <span class='ocrx_word' id='word_1_381' title='bbox 1244 4507 1527 4564; x_wconf 88' lang='lat' dir='ltr'><strong>personam</strong></span> <span class='ocrx_word' id='word_1_382' title='bbox 1570 4490 1822 4561; x_wconf 91' lang='lat' dir='ltr'><strong>posuerit,</strong></span> <span class='ocrx_word' id='word_1_383' title='bbox 1851 4490 1943 4543; x_wconf 88' lang='lat' dir='ltr'><strong>sed</strong></span> <span class='ocrx_word' id='word_1_384' title='bbox 1969 4490 2065 4545; x_wconf 86' lang='lat' dir='ltr'><strong>do-</strong></span> 
     </span>
    </p>
   </div>
   <div class='ocr_carea' id='block_1_48' title="bbox 486 4581 2057 4655">
    <p class='ocr_par' dir='ltr' id='par_1_48' title="bbox 486 4581 2057 4655">
     <span class='ocr_line' id='line_1_48' title="bbox 486 4581 2057 4655; baseline -0.006 -10"><span class='ocrx_word' id='word_1_385' title='bbox 486 4606 631 4646; x_wconf 88' lang='lat' dir='ltr'><strong>mum</strong></span> <span class='ocrx_word' id='word_1_386' title='bbox 660 4598 847 4653; x_wconf 83' lang='lat' dir='ltr'><strong>totain,</strong></span> <span class='ocrx_word' id='word_1_387' title='bbox 882 4601 947 4640; x_wconf 92' lang='lat' dir='ltr'><strong>ne</strong></span> <span class='ocrx_word' id='word_1_388' title='bbox 972 4585 1075 4655; x_wconf 84' lang='lat' dir='ltr'><strong>ipsi</strong></span> <span class='ocrx_word' id='word_1_389' title='bbox 1101 4586 1419 4654; x_wconf 89' lang='lat' dir='ltr'><strong>impeterent</strong></span> <span class='ocrx_word' id='word_1_390' title='bbox 1445 4598 1566 4637; x_wconf 91' lang='lat' dir='ltr'><strong>eum</strong></span> <span class='ocrx_word' id='word_1_391' title='bbox 1599 4581 1689 4651; x_wconf 89' lang='lat' dir='ltr'><strong>qui</strong></span> <span class='ocrx_word' id='word_1_392' title='bbox 1717 4581 1771 4635; x_wconf 88' lang='lat' dir='ltr'><strong>id</strong></span> <span class='ocrx_word' id='word_1_393' title='bbox 1801 4581 2057 4636; x_wconf 80' lang='lat' dir='ltr'><strong>dixisset:</strong></span> 
     </span>
    </p>
   </div>
   <div class='ocr_carea' id='block_1_49' title="bbox 486 4672 2064 4737">
    <p class='ocr_par' dir='ltr' id='par_1_49' title="bbox 486 4672 2064 4737">
     <span class='ocr_line' id='line_1_49' title="bbox 486 4672 2064 4737; baseline -0.006 -2"><span class='ocrx_word' id='word_1_394' title='bbox 486 4683 557 4735; x_wconf 88' lang='lat' dir='ltr'><strong>ita</strong></span> <span class='ocrx_word' id='word_1_395' title='bbox 588 4680 729 4734; x_wconf 88' lang='lat' dir='ltr'><strong>enim</strong></span> <span class='ocrx_word' id='word_1_396' title='bbox 760 4689 814 4732; x_wconf 89' lang='lat' dir='ltr'><strong>et</strong></span> <span class='ocrx_word' id='word_1_397' title='bbox 843 4677 990 4730; x_wconf 91' lang='lat' dir='ltr'><strong>illum</strong></span> <span class='ocrx_word' id='word_1_398' title='bbox 1030 4675 1193 4737; x_wconf 88' lang='lat' dir='ltr'><strong>texit,</strong></span> <span class='ocrx_word' id='word_1_399' title='bbox 1226 4682 1280 4726; x_wconf 90' lang='lat' dir='ltr'><strong>et</strong></span> <span class='ocrx_word' id='word_1_400' title='bbox 1318 4672 1710 4726; x_wconf 87' lang='lat' dir='ltr'><strong>accusationem</strong></span> <span class='ocrx_word' id='word_1_401' title='bbox 1757 4673 1873 4725; x_wconf 90' lang='lat' dir='ltr'><strong>sine</strong></span> <span class='ocrx_word' id='word_1_402' title='bbox 1922 4682 2064 4725; x_wconf 90' lang='lat' dir='ltr'><strong>metu</strong></span> 
     </span>
    </p>
   </div>
   <div class='ocr_carea' id='block_1_50' title="bbox 487 4764 2063 4838">
    <p class='ocr_par' dir='ltr' id='par_1_50' title="bbox 487 4764 2063 4838">
     <span class='ocr_line' id='line_1_50' title="bbox 487 4764 2063 4838; baseline -0.004 -14"><span class='ocrx_word' id='word_1_403' title='bbox 487 4770 713 4838; x_wconf 89' lang='lat' dir='ltr'><strong>aperuit.</strong></span> <span class='ocrx_word' id='word_1_404' title='bbox 742 4770 855 4821; x_wconf 87' lang='lat' dir='ltr'><strong>Non</strong></span> <span class='ocrx_word' id='word_1_405' title='bbox 897 4767 1026 4820; x_wconf 86' lang='lat' dir='ltr'><strong>vidit</strong></span> <span class='ocrx_word' id='word_1_406' title='bbox 1066 4766 1209 4818; x_wconf 90' lang='lat' dir='ltr'><strong>enim</strong></span> <span class='ocrx_word' id='word_1_407' title='bbox 1254 4765 1425 4817; x_wconf 91' lang='lat' dir='ltr'><strong>solum</strong></span> <span class='ocrx_word' id='word_1_408' title='bbox 1454 4764 1592 4833; x_wconf 90' lang='lat' dir='ltr'><strong>quod</strong></span> <span class='ocrx_word' id='word_1_409' title='bbox 1625 4765 1749 4826; x_wconf 91' lang='lat' dir='ltr'><strong>illis,</strong></span> <span class='ocrx_word' id='word_1_410' title='bbox 1775 4764 1867 4817; x_wconf 89' lang='lat' dir='ltr'><strong>sed</strong></span> <span class='ocrx_word' id='word_1_411' title='bbox 1901 4764 2063 4817; x_wconf 77' lang='lat' dir='ltr'><strong>etiam</strong></span> 
     </span>
    </p>
   </div>
   <div class='ocr_carea' id='block_1_51' title="bbox 488 4855 2067 4931">
    <p class='ocr_par' dir='ltr' id='par_1_51' title="bbox 488 4855 2067 4931">
     <span class='ocr_line' id='line_1_51' title="bbox 488 4855 2067 4931; baseline -0.004 -16"><span class='ocrx_word' id='word_1_412' title='bbox 488 4861 627 4931; x_wconf 89' lang='lat' dir='ltr'><strong>quod</strong></span> <span class='ocrx_word' id='word_1_413' title='bbox 656 4860 737 4913; x_wconf 87' lang='lat' dir='ltr'><strong>his</strong></span> <span class='ocrx_word' id='word_1_414' title='bbox 766 4856 1058 4926; x_wconf 83' lang='lat' dir='ltr'><strong>expediret.</strong></span> <span class='ocrx_word' id='word_1_415' title='bbox 1092 4856 1213 4910; x_wconf 87' lang='lat' dir='ltr'><strong>Ideo</strong></span> <span class='ocrx_word' id='word_1_416' title='bbox 1238 4870 1341 4908; x_wconf 89' lang='lat' dir='ltr'><strong>non</strong></span> <span class='ocrx_word' id='word_1_417' title='bbox 1373 4855 1506 4908; x_wconf 85' lang='lat' dir='ltr'><strong>dixit</strong></span> <span class='ocrx_word' id='word_1_418' title='bbox 1528 4896 1539 4917; x_wconf 88' lang='lat'><strong>,</strong></span> <span class='ocrx_word' id='word_1_419' title='bbox 1566 4855 1933 4925; x_wconf 86' lang='lat' dir='ltr'><strong>Significatum</strong></span> <span class='ocrx_word' id='word_1_420' title='bbox 1966 4856 2067 4909; x_wconf 87' lang='lat' dir='ltr'><strong>ini-</strong></span> 
     </span>
    </p>
   </div>
   <div class='ocr_carea' id='block_1_52' title="bbox 492 4944 2070 5016">
    <p class='ocr_par' dir='ltr' id='par_1_52' title="bbox 492 4944 2070 5016">
     <span class='ocr_line' id='line_1_52' title="bbox 492 4944 2070 5016; baseline -0.003 -12"><span class='ocrx_word' id='word_1_421' title='bbox 492 4951 549 5003; x_wconf 89' lang='lat' dir='ltr'><strong>hi</strong></span> <span class='ocrx_word' id='word_1_422' title='bbox 576 4959 657 5004; x_wconf 89' lang='lat' dir='ltr'><strong>est</strong></span> <span class='ocrx_word' id='word_1_423' title='bbox 685 4965 711 4999; x_wconf 92' lang='lat' dir='ltr'><strong>a</strong></span> <span class='ocrx_word' id='word_1_424' title='bbox 742 4947 1093 5016; x_wconf 88' lang='lat' dir='ltr'><strong>quibusdam;</strong></span> <span class='ocrx_word' id='word_1_425' title='bbox 1126 4944 1217 4999; x_wconf 88' lang='lat' dir='ltr'><strong>sed</strong></span> <span class='ocrx_word' id='word_1_426' title='bbox 1249 4946 1409 5001; x_wconf 82' lang='lat' dir='ltr'><strong>etiam</strong></span> <span class='ocrx_word' id='word_1_427' title='bbox 1448 4945 1663 4999; x_wconf 90' lang='lat' dir='ltr'><strong>domum</strong></span> <span class='ocrx_word' id='word_1_428' title='bbox 1696 4945 1950 5001; x_wconf 88' lang='lat' dir='ltr'><strong>indicavit</strong></span> <span class='ocrx_word' id='word_1_429' title='bbox 1970 4988 1983 5009; x_wconf 91' lang='lat'><strong>,</strong></span> <span class='ocrx_word' id='word_1_430' title='bbox 2013 4957 2070 4999; x_wconf 91' lang='lat' dir='ltr'><strong>ut</strong></span> 
     </span>
    </p>
   </div>
   <div class='ocr_carea' id='block_1_53' title="bbox 496 5039 2067 5107">
    <p class='ocr_par' dir='ltr' id='par_1_53' title="bbox 496 5039 2067 5107">
     <span class='ocr_line' id='line_1_53' title="bbox 496 5039 2067 5107; baseline 0 -13"><span class='ocrx_word' id='word_1_431' title='bbox 496 5057 561 5094; x_wconf 92' lang='lat' dir='ltr'><strong>nc</strong></span> <span class='ocrx_word' id='word_1_432' title='bbox 584 5040 849 5092; x_wconf 89' lang='lat' dir='ltr'><strong>videretur</strong></span> <span class='ocrx_word' id='word_1_433' title='bbox 869 5039 1220 5092; x_wconf 80' lang='lat' dir='ltr'><strong>Comminisci.</strong></span> <span class='ocrx_word' id='word_1_434' title='bbox 1243 5040 1376 5104; x_wconf 85' lang='lat' dir='ltr'><strong>Quid</strong></span> <span class='ocrx_word' id='word_1_435' title='bbox 1400 5039 1751 5107; x_wconf 79' lang='lat' dir='ltr'><strong>signiﬁcatum</strong></span> <span class='ocrx_word' id='word_1_436' title='bbox 1772 5042 1893 5094; x_wconf 88' lang='lat' dir='ltr'><strong>est?</strong></span> <span class='ocrx_word' id='word_1_437' title='bbox 1919 5040 2067 5105; x_wconf 83' lang='lat' dir='ltr'><strong>Quod</strong></span> 
     </span>
    </p>
   </div>
   <div class='ocr_carea' id='block_1_54' title="bbox 497 5128 2069 5199">
    <p class='ocr_par' dir='ltr' id='par_1_54' title="bbox 497 5128 2069 5199">
     <span class='ocr_line' id='line_1_54' title="bbox 497 5128 2069 5199; baseline 0.001 -18"><span class='ocrx_word' id='word_1_438' title='bbox 497 5129 833 5183; x_wconf 86' lang='lat' dir='ltr'><strong>contentiones</strong></span> <span class='ocrx_word' id='word_1_439' title='bbox 862 5128 959 5179; x_wconf 85' lang='lat' dir='ltr'><strong>sint</strong></span> <span class='ocrx_word' id='word_1_440' title='bbox 990 5130 1042 5179; x_wconf 84' lang='lat' dir='ltr'><strong>in</strong></span> <span class='ocrx_word' id='word_1_441' title='bbox 1072 5128 1225 5180; x_wconf 83' lang='lat' dir='ltr'><strong>vobis.</strong></span> <span class='ocrx_word' id='word_1_442' title='bbox 1261 5129 1481 5193; x_wconf 90' lang='lat' dir='ltr'><strong>Quando</strong></span> <span class='ocrx_word' id='word_1_443' title='bbox 1511 5129 1631 5182; x_wconf 88' lang='lat' dir='ltr'><strong>illos</strong></span> <span class='ocrx_word' id='word_1_444' title='bbox 1660 5129 1940 5199; x_wconf 89' lang='lat' dir='ltr'><strong>increpat,</strong></span> <span class='ocrx_word' id='word_1_445' title='bbox 1985 5130 2069 5189; x_wconf 83' lang='lat' dir='ltr'><strong>di-_</strong></span> 
     </span>
    </p>
   </div>
   <div class='ocr_carea' id='block_1_55' title="bbox 499 5214 2068 5287">
    <p class='ocr_par' dir='ltr' id='par_1_55' title="bbox 499 5214 2068 5287">
     <span class='ocr_line' id='line_1_55' title="bbox 499 5214 2068 5287; baseline -0.001 -14"><span class='ocrx_word' id='word_1_446' title='bbox 499 5220 571 5273; x_wconf 81' lang='lat' dir='ltr'><strong>cit</strong></span> <span class='ocrx_word' id='word_1_447' title='bbox 595 5236 609 5271; x_wconf 95' lang='lat'><strong>:</strong></span> <span class='ocrx_word' id='word_1_448' title='bbox 640 5214 721 5267; x_wconf 76' lang='lat' dir='ltr'><strong>Ne</strong></span> <span class='ocrx_word' id='word_1_449' title='bbox 740 5216 835 5268; x_wconf 87' lang='lat' dir='ltr'><strong>sint</strong></span> <span class='ocrx_word' id='word_1_450' title='bbox 865 5216 915 5265; x_wconf 86' lang='lat' dir='ltr'><strong>in</strong></span> <span class='ocrx_word' id='word_1_451' title='bbox 944 5214 1079 5266; x_wconf 81' lang='lat' dir='ltr'><strong>vobis</strong></span> <span class='ocrx_word' id='word_1_452' title='bbox 1105 5216 1404 5278; x_wconf 80' lang='lat' dir='ltr'><strong>schismata;</strong></span> <span class='ocrx_word' id='word_1_453' title='bbox 1431 5232 1549 5275; x_wconf 87' lang='lat' dir='ltr'><strong>cum</strong></span> <span class='ocrx_word' id='word_1_454' title='bbox 1582 5229 1756 5271; x_wconf 90' lang='lat' dir='ltr'><strong>autem</strong></span> <span class='ocrx_word' id='word_1_455' title='bbox 1788 5236 1907 5287; x_wconf 76' lang='lat' dir='ltr'><strong>qua:</strong></span> <span class='ocrx_word' id='word_1_456' title='bbox 1932 5219 2068 5271; x_wconf 87' lang='lat' dir='ltr'><strong>alio-</strong></span> 
     </span>
    </p>
   </div>
   <div class='ocr_carea' id='block_1_56' title="bbox 501 5304 2075 5377">
    <p class='ocr_par' dir='ltr' id='par_1_56' title="bbox 501 5304 2075 5377">
     <span class='ocr_line' id='line_1_56' title="bbox 501 5304 2075 5377; baseline -0.005 -10"><span class='ocrx_word' id='word_1_457' title='bbox 501 5329 618 5367; x_wconf 81' lang='lat' dir='ltr'><strong>rum</strong></span> <span class='ocrx_word' id='word_1_458' title='bbox 651 5317 774 5362; x_wconf 88' lang='lat' dir='ltr'><strong>sunt</strong></span> <span class='ocrx_word' id='word_1_459' title='bbox 802 5306 1114 5365; x_wconf 86' lang='lat' dir='ltr'><strong>annuntiat,</strong></span> <span class='ocrx_word' id='word_1_460' title='bbox 1145 5304 1325 5356; x_wconf 88' lang='lat' dir='ltr'><strong>mitius</strong></span> <span class='ocrx_word' id='word_1_461' title='bbox 1351 5306 1503 5359; x_wconf 77' lang='lat' dir='ltr'><strong>cll&#39;ert</strong></span> <span class='ocrx_word' id='word_1_462' title='bbox 1530 5306 1615 5359; x_wconf 90' lang='lat' dir='ltr'><strong>his</strong></span> <span class='ocrx_word' id='word_1_463' title='bbox 1655 5308 1832 5362; x_wconf 87' lang='lat' dir='ltr'><strong>verbis</strong></span> <span class='ocrx_word' id='word_1_464' title='bbox 1857 5326 1868 5360; x_wconf 94' lang='lat'><strong>:</strong></span> <span class='ocrx_word' id='word_1_465' title='bbox 1896 5310 2075 5377; x_wconf 80' lang='lat' dir='ltr'><strong>Signi-</strong></span> 
     </span>
    </p>
   </div>
   <div class='ocr_carea' id='block_1_57' title="bbox 500 5394 2077 5473">
    <p class='ocr_par' dir='ltr' id='par_1_57' title="bbox 500 5394 2077 5473">
     <span class='ocr_line' id='line_1_57' title="bbox 500 5394 2077 5473; baseline -0.006 -16"><span class='ocrx_word' id='word_1_466' title='bbox 500 5407 707 5473; x_wconf 76' lang='lat' dir='ltr'><strong>ﬁcatum</strong></span> <span class='ocrx_word' id='word_1_467' title='bbox 745 5399 874 5451; x_wconf 87' lang='lat' dir='ltr'><strong>enim</strong></span> <span class='ocrx_word' id='word_1_468' title='bbox 905 5405 974 5448; x_wconf 81' lang='lat' dir='ltr'><strong>est</strong></span> <span class='ocrx_word' id='word_1_469' title='bbox 998 5394 1141 5459; x_wconf 87' lang='lat' dir='ltr'><strong>mihi,</strong></span> <span class='ocrx_word' id='word_1_470' title='bbox 1170 5394 1304 5462; x_wconf 89' lang='lat' dir='ltr'><strong>quod</strong></span> <span class='ocrx_word' id='word_1_471' title='bbox 1331 5396 1666 5448; x_wconf 85' lang='lat' dir='ltr'><strong>contentiones</strong></span> <span class='ocrx_word' id='word_1_472' title='bbox 1691 5406 1805 5449; x_wconf 85' lang='lat' dir='ltr'><strong>sunt</strong></span> <span class='ocrx_word' id='word_1_473' title='bbox 1826 5399 1878 5448; x_wconf 89' lang='lat' dir='ltr'><strong>in</strong></span> <span class='ocrx_word' id='word_1_474' title='bbox 1904 5398 2077 5458; x_wconf 83' lang='lat' dir='ltr'><strong>vobis;</strong></span> 
     </span>
    </p>
   </div>
   <div class='ocr_carea' id='block_1_58' title="bbox 502 5485 2079 5560">
    <p class='ocr_par' dir='ltr' id='par_1_58' title="bbox 502 5485 2079 5560">
     <span class='ocr_line' id='line_1_58' title="bbox 502 5485 2079 5560; baseline -0.004 -11"><span class='ocrx_word' id='word_1_475' title='bbox 502 5506 561 5549; x_wconf 93' lang='lat' dir='ltr'><strong>ut</strong></span> <span class='ocrx_word' id='word_1_476' title='bbox 590 5509 659 5549; x_wconf 90' lang='lat' dir='ltr'><strong>ne</strong></span> <span class='ocrx_word' id='word_1_477' title='bbox 681 5507 775 5547; x_wconf 85' lang='lat' dir='ltr'><strong>eos</strong></span> <span class='ocrx_word' id='word_1_478' title='bbox 800 5490 888 5560; x_wconf 88' lang='lat' dir='ltr'><strong>qui</strong></span> <span class='ocrx_word' id='word_1_479' title='bbox 914 5486 1192 5551; x_wconf 85' lang='lat' dir='ltr'><strong>dixerant,</strong></span> <span class='ocrx_word' id='word_1_480' title='bbox 1225 5501 1329 5539; x_wconf 89' lang='lat' dir='ltr'><strong>una</strong></span> <span class='ocrx_word' id='word_1_481' title='bbox 1361 5485 1665 5555; x_wconf 85' lang='lat' dir='ltr'><strong>impeteret.</strong></span> <span class='ocrx_word' id='word_1_482' title='bbox 1690 5487 1892 5541; x_wconf 88' lang='lat' dir='ltr'><strong>Deinde</strong></span> <span class='ocrx_word' id='word_1_483' title='bbox 1910 5502 2079 5556; x_wconf 84' lang='lat' dir='ltr'><strong>genus</strong></span> 
     </span>
    </p>
   </div>
   <div class='ocr_carea' id='block_1_59' title="bbox 503 5578 2081 5647">
    <p class='ocr_par' dir='ltr' id='par_1_59' title="bbox 503 5578 2081 5647">
     <span class='ocr_line' id='line_1_59' title="bbox 503 5578 2081 5647; baseline -0.005 -8"><span class='ocrx_word' id='word_1_484' title='bbox 503 5584 860 5639; x_wconf 75' lang='lat' dir='ltr'><strong>contentionis</strong></span> <span class='ocrx_word' id='word_1_485' title='bbox 889 5582 1019 5635; x_wconf 87' lang='lat' dir='ltr'><strong>dicit</strong></span> <span class='ocrx_word' id='word_1_486' title='bbox 1045 5598 1057 5633; x_wconf 92' lang='lat'><strong>:</strong></span> <span class='ocrx_word' id='word_1_487' title='bbox 1096 5578 1175 5633; x_wconf 71' lang='lat' dir='ltr'><strong>l2.</strong></span> <span class='ocrx_word' id='word_1_488' title='bbox 1211 5578 1359 5642; x_wconf 81' lang='lat' dir='ltr'><strong>Quod</strong></span> <span class='ocrx_word' id='word_1_489' title='bbox 1398 5579 1734 5647; x_wconf 81' lang='lat' dir='ltr'><strong>unusquisque</strong></span> <span class='ocrx_word' id='word_1_490' title='bbox 1760 5587 1973 5632; x_wconf 82' lang='lat' dir='ltr'><strong>vestrum</strong></span> <span class='ocrx_word' id='word_1_491' title='bbox 2001 5581 2081 5631; x_wconf 88' lang='lat' dir='ltr'><strong>di-</strong></span> 
     </span>
    </p>
   </div>
   <div class='ocr_carea' id='block_1_60' title="bbox 507 5670 2076 5744">
    <p class='ocr_par' dir='ltr' id='par_1_60' title="bbox 507 5670 2076 5744">
     <span class='ocr_line' id='line_1_60' title="bbox 507 5670 2076 5744; baseline -0.003 -17"><span class='ocrx_word' id='word_1_492' title='bbox 507 5676 570 5727; x_wconf 76' lang='lat' dir='ltr'><strong>cit</strong></span> <span class='ocrx_word' id='word_1_493' title='bbox 598 5716 611 5738; x_wconf 92' lang='lat'><strong>,</strong></span> <span class='ocrx_word' id='word_1_494' title='bbox 665 5673 772 5744; x_wconf 83' lang='lat' dir='ltr'><strong>Ego</strong></span> <span class='ocrx_word' id='word_1_495' title='bbox 802 5676 1001 5742; x_wconf 86' lang='lat' dir='ltr'><strong>quidem</strong></span> <span class='ocrx_word' id='word_1_496' title='bbox 1033 5689 1145 5727; x_wconf 85' lang='lat' dir='ltr'><strong>sum</strong></span> <span class='ocrx_word' id='word_1_497' title='bbox 1178 5670 1331 5725; x_wconf 82' lang='lat' dir='ltr'><strong>Pauli</strong></span> <span class='ocrx_word' id='word_1_498' title='bbox 1364 5712 1376 5736; x_wconf 96' lang='lat'><strong>,</strong></span> <span class='ocrx_word' id='word_1_499' title='bbox 1411 5686 1500 5740; x_wconf 83' lang='lat' dir='ltr'><strong>ego</strong></span> <span class='ocrx_word' id='word_1_500' title='bbox 1531 5680 1697 5725; x_wconf 84' lang='lat' dir='ltr'><strong>autem</strong></span> <span class='ocrx_word' id='word_1_501' title='bbox 1726 5670 1911 5739; x_wconf 80' lang='lat' dir='ltr'><strong>Apollo</strong></span> <span class='ocrx_word' id='word_1_502' title='bbox 1940 5713 1952 5737; x_wconf 95' lang='lat'><strong>,</strong></span> <span class='ocrx_word' id='word_1_503' title='bbox 1986 5688 2076 5741; x_wconf 83' lang='lat' dir='ltr'><strong>ego</strong></span> 
     </span>
    </p>
   </div>
   <div class='ocr_carea' id='block_1_61' title="bbox 2158 399 3731 476">
    <p class='ocr_par' dir='ltr' id='par_1_61' title="bbox 2158 399 3731 476">
     <span class='ocr_line' id='line_1_61' title="bbox 2158 399 3731 476; baseline 0.005 -25"><span class='ocrx_word' id='word_1_504' title='bbox 2158 414 2269 452; x_wconf 86' lang='lat' dir='ltr'><strong>vero</strong></span> <span class='ocrx_word' id='word_1_505' title='bbox 2291 399 2494 469; x_wconf 74' lang='lat' dir='ltr'><strong>Cephw.</strong></span> <span class='ocrx_word' id='word_1_506' title='bbox 2524 402 2905 458; x_wconf 87' lang='lat' dir='ltr'><strong>Contentiones</strong></span> <span class='ocrx_word' id='word_1_507' title='bbox 2924 404 3066 459; x_wconf 89' lang='lat' dir='ltr'><strong>enim</strong></span> <span class='ocrx_word' id='word_1_508' title='bbox 3088 404 3207 459; x_wconf 85' lang='lat' dir='ltr'><strong>dico</strong></span> <span class='ocrx_word' id='word_1_509' title='bbox 3225 448 3239 471; x_wconf 94' lang='lat'><strong>,</strong></span> <span class='ocrx_word' id='word_1_510' title='bbox 3274 407 3441 476; x_wconf 84' lang='lat' dir='ltr'><strong>inquit</strong></span> <span class='ocrx_word' id='word_1_511' title='bbox 3465 448 3479 471; x_wconf 96' lang='lat'><strong>,</strong></span> <span class='ocrx_word' id='word_1_512' title='bbox 3508 423 3611 460; x_wconf 88' lang='lat' dir='ltr'><strong>non</strong></span> <span class='ocrx_word' id='word_1_513' title='bbox 3638 424 3731 462; x_wconf 84' lang='lat' dir='ltr'><strong>eas</strong></span> 
     </span>
    </p>
   </div>
   <div class='ocr_carea' id='block_1_62' title="bbox 2149 489 3727 563">
    <p class='ocr_par' dir='ltr' id='par_1_62' title="bbox 2149 489 3727 563">
     <span class='ocr_line' id='line_1_62' title="bbox 2149 489 3727 563; baseline 0.006 -23"><span class='ocrx_word' id='word_1_514' title='bbox 2149 505 2267 557; x_wconf 78' lang='lat' dir='ltr'><strong>qua:</strong></span> <span class='ocrx_word' id='word_1_515' title='bbox 2297 489 2363 544; x_wconf 91' lang='lat' dir='ltr'><strong>de</strong></span> <span class='ocrx_word' id='word_1_516' title='bbox 2416 490 2574 545; x_wconf 89' lang='lat' dir='ltr'><strong>rebus</strong></span> <span class='ocrx_word' id='word_1_517' title='bbox 2630 494 2852 561; x_wconf 77' lang='lat' dir='ltr'><strong>privatis</strong></span> <span class='ocrx_word' id='word_1_518' title='bbox 2882 502 3045 557; x_wconf 88' lang='lat' dir='ltr'><strong>sunt,</strong></span> <span class='ocrx_word' id='word_1_519' title='bbox 3100 498 3193 549; x_wconf 88' lang='lat' dir='ltr'><strong>sed</strong></span> <span class='ocrx_word' id='word_1_520' title='bbox 3224 496 3521 563; x_wconf 77' lang='lat' dir='ltr'><strong>graviores.</strong></span> <span class='ocrx_word' id='word_1_521' title='bbox 3577 498 3727 563; x_wconf 81' lang='lat' dir='ltr'><strong>Quod</strong></span> 
     </span>
    </p>
   </div>
   <div class='ocr_carea' id='block_1_63' title="bbox 2150 582 3731 656">
    <p class='ocr_par' dir='ltr' id='par_1_63' title="bbox 2150 582 3731 656">
     <span class='ocr_line' id='line_1_63' title="bbox 2150 582 3731 656; baseline 0.007 -25"><span class='ocrx_word' id='word_1_522' title='bbox 2150 582 2488 650; x_wconf 82' lang='lat' dir='ltr'><strong>unusquisque</strong></span> <span class='ocrx_word' id='word_1_523' title='bbox 2516 593 2732 638; x_wconf 83' lang='lat' dir='ltr'><strong>vestrum</strong></span> <span class='ocrx_word' id='word_1_524' title='bbox 2762 586 2902 640; x_wconf 86' lang='lat' dir='ltr'><strong>dicit.</strong></span> <span class='ocrx_word' id='word_1_525' title='bbox 2936 584 3051 639; x_wconf 88' lang='lat' dir='ltr'><strong>Non</strong></span> <span class='ocrx_word' id='word_1_526' title='bbox 3079 589 3220 640; x_wconf 87' lang='lat' dir='ltr'><strong>enim</strong></span> <span class='ocrx_word' id='word_1_527' title='bbox 3253 598 3456 656; x_wconf 86' lang='lat' dir='ltr'><strong>partem</strong></span> <span class='ocrx_word' id='word_1_528' title='bbox 3478 631 3492 654; x_wconf 90' lang='lat'><strong>,</strong></span> <span class='ocrx_word' id='word_1_529' title='bbox 3524 588 3620 643; x_wconf 87' lang='lat' dir='ltr'><strong>sed</strong></span> <span class='ocrx_word' id='word_1_530' title='bbox 3652 599 3731 642; x_wconf 78' lang='lat' dir='ltr'><strong>to-</strong></span> 
     </span>
    </p>
   </div>
   <div class='ocr_carea' id='block_1_64' title="bbox 2152 671 3731 748">
    <p class='ocr_par' dir='ltr' id='par_1_64' title="bbox 2152 671 3731 748">
     <span class='ocr_line' id='line_1_64' title="bbox 2152 671 3731 748; baseline 0.008 -27"><span class='ocrx_word' id='word_1_531' title='bbox 2152 678 2258 724; x_wconf 86' lang='lat' dir='ltr'><strong>tam</strong></span> <span class='ocrx_word' id='word_1_532' title='bbox 2309 671 2602 726; x_wconf 74' lang='lat' dir='ltr'><strong>Ecclesium</strong></span> <span class='ocrx_word' id='word_1_533' title='bbox 2648 676 2922 744; x_wconf 86' lang='lat' dir='ltr'><strong>corruptio</strong></span> <span class='ocrx_word' id='word_1_534' title='bbox 2950 676 3285 731; x_wconf 83' lang='lat' dir='ltr'><strong>devastabat.</strong></span> <span class='ocrx_word' id='word_1_535' title='bbox 3318 679 3479 748; x_wconf 87' lang='lat' dir='ltr'><strong>Atqui</strong></span> <span class='ocrx_word' id='word_1_536' title='bbox 3523 695 3623 733; x_wconf 89' lang='lat' dir='ltr'><strong>nec</strong></span> <span class='ocrx_word' id='word_1_537' title='bbox 3664 679 3731 734; x_wconf 86' lang='lat' dir='ltr'><strong>de</strong></span> 
     </span>
    </p>
   </div>
   <div class='ocr_carea' id='block_1_65' title="bbox 2150 762 3731 837">
    <p class='ocr_par' dir='ltr' id='par_1_65' title="bbox 2150 762 3731 837">
     <span class='ocr_line' id='line_1_65' title="bbox 2150 762 3731 837; baseline 0.008 -24"><span class='ocrx_word' id='word_1_538' title='bbox 2150 762 2359 830; x_wconf 88' lang='lat' dir='ltr'><strong>seipso,</strong></span> <span class='ocrx_word' id='word_1_539' title='bbox 2398 778 2497 818; x_wconf 90' lang='lat' dir='ltr'><strong>nec</strong></span> <span class='ocrx_word' id='word_1_540' title='bbox 2536 764 2603 819; x_wconf 90' lang='lat' dir='ltr'><strong>de</strong></span> <span class='ocrx_word' id='word_1_541' title='bbox 2638 765 2833 833; x_wconf 88' lang='lat' dir='ltr'><strong>Petro,</strong></span> <span class='ocrx_word' id='word_1_542' title='bbox 2860 783 2959 822; x_wconf 91' lang='lat' dir='ltr'><strong>nec</strong></span> <span class='ocrx_word' id='word_1_543' title='bbox 2988 768 3056 823; x_wconf 87' lang='lat' dir='ltr'><strong>de</strong></span> <span class='ocrx_word' id='word_1_544' title='bbox 3086 770 3279 837; x_wconf 86' lang='lat' dir='ltr'><strong>Apollo</strong></span> <span class='ocrx_word' id='word_1_545' title='bbox 3318 771 3602 833; x_wconf 85' lang='lat' dir='ltr'><strong>dicebant;</strong></span> <span class='ocrx_word' id='word_1_546' title='bbox 3636 774 3731 826; x_wconf 84' lang='lat' dir='ltr'><strong>sed</strong></span> 
     </span>
    </p>
   </div>
   <div class='ocr_carea' id='block_1_66' title="bbox 2149 853 3727 926">
    <p class='ocr_par' dir='ltr' id='par_1_66' title="bbox 2149 853 3727 926">
     <span class='ocr_line' id='line_1_66' title="bbox 2149 853 3727 926; baseline 0.008 -23"><span class='ocrx_word' id='word_1_547' title='bbox 2149 853 2418 917; x_wconf 86' lang='lat' dir='ltr'><strong>ostendit,</strong></span> <span class='ocrx_word' id='word_1_548' title='bbox 2470 856 2610 923; x_wconf 91' lang='lat' dir='ltr'><strong>quod</strong></span> <span class='ocrx_word' id='word_1_549' title='bbox 2660 857 2702 910; x_wconf 88' lang='lat' dir='ltr'><strong>si</strong></span> <span class='ocrx_word' id='word_1_550' title='bbox 2746 857 2831 912; x_wconf 90' lang='lat' dir='ltr'><strong>his</strong></span> <span class='ocrx_word' id='word_1_551' title='bbox 2869 859 3201 914; x_wconf 89' lang='lat' dir='ltr'><strong>innitendum</strong></span> <span class='ocrx_word' id='word_1_552' title='bbox 3245 875 3349 913; x_wconf 91' lang='lat' dir='ltr'><strong>non</strong></span> <span class='ocrx_word' id='word_1_553' title='bbox 3393 870 3510 926; x_wconf 91' lang='lat' dir='ltr'><strong>est,</strong></span> <span class='ocrx_word' id='word_1_554' title='bbox 3557 862 3727 915; x_wconf 75' lang='lat' dir='ltr'><strong>multo</strong></span> 
     </span>
    </p>
   </div>
   <div class='ocr_carea' id='block_1_67' title="bbox 2150 944 3732 1013">
    <p class='ocr_par' dir='ltr' id='par_1_67' title="bbox 2150 944 3732 1013">
     <span class='ocr_line' id='line_1_67' title="bbox 2150 944 3732 1013; baseline 0.006 -18"><span class='ocrx_word' id='word_1_555' title='bbox 2150 944 2326 997; x_wconf 91' lang='lat' dir='ltr'><strong>minus</strong></span> <span class='ocrx_word' id='word_1_556' title='bbox 2353 944 2494 998; x_wconf 88' lang='lat' dir='ltr'><strong>aliis.</strong></span> <span class='ocrx_word' id='word_1_557' title='bbox 2527 944 2679 1011; x_wconf 88' lang='lat' dir='ltr'><strong>Quod</strong></span> <span class='ocrx_word' id='word_1_558' title='bbox 2721 959 2897 1002; x_wconf 89' lang='lat' dir='ltr'><strong>autem</strong></span> <span class='ocrx_word' id='word_1_559' title='bbox 2936 966 3041 1003; x_wconf 89' lang='lat' dir='ltr'><strong>non</strong></span> <span class='ocrx_word' id='word_1_560' title='bbox 3083 951 3149 1004; x_wconf 92' lang='lat' dir='ltr'><strong>de</strong></span> <span class='ocrx_word' id='word_1_561' title='bbox 3183 951 3264 1005; x_wconf 91' lang='lat' dir='ltr'><strong>his</strong></span> <span class='ocrx_word' id='word_1_562' title='bbox 3283 951 3561 1013; x_wconf 85' lang='lat' dir='ltr'><strong>dicerent,</strong></span> <span class='ocrx_word' id='word_1_563' title='bbox 3596 952 3732 1005; x_wconf 80' lang='lat' dir='ltr'><strong>infra</strong></span> 
     </span>
    </p>
   </div>
   <div class='ocr_carea' id='block_1_68' title="bbox 2149 1033 3732 1111">
    <p class='ocr_par' dir='ltr' id='par_1_68' title="bbox 2149 1033 3732 1111">
     <span class='ocr_line' id='line_1_68' title="bbox 2149 1033 3732 1111; baseline 0.007 -26"><span class='ocrx_word' id='word_1_564' title='bbox 2149 1033 2280 1086; x_wconf 90' lang='lat' dir='ltr'><strong>dicit</strong></span> <span class='ocrx_word' id='word_1_565' title='bbox 2306 1052 2316 1086; x_wconf 95' lang='lat'><strong>:</strong></span> <span class='ocrx_word' id='word_1_566' title='bbox 2352 1035 2479 1088; x_wconf 64' lang='lat' dir='ltr'><strong>Hac</strong></span> <span class='ocrx_word' id='word_1_567' title='bbox 2505 1046 2670 1091; x_wconf 85' lang='lat' dir='ltr'><strong>autem</strong></span> <span class='ocrx_word' id='word_1_568' title='bbox 2697 1041 3057 1109; x_wconf 73' lang='lat' dir='ltr'><strong>transfigurari</strong></span> <span class='ocrx_word' id='word_1_569' title='bbox 3084 1043 3137 1094; x_wconf 87' lang='lat' dir='ltr'><strong>in</strong></span> <span class='ocrx_word' id='word_1_570' title='bbox 3179 1059 3257 1095; x_wconf 88' lang='lat' dir='ltr'><strong>me</strong></span> <span class='ocrx_word' id='word_1_571' title='bbox 3285 1053 3330 1095; x_wconf 89' lang='lat' dir='ltr'><strong>et</strong></span> <span class='ocrx_word' id='word_1_572' title='bbox 3358 1044 3564 1111; x_wconf 78' lang='lat' dir='ltr'><strong>Apollo,</strong></span> <span class='ocrx_word' id='word_1_573' title='bbox 3597 1054 3653 1095; x_wconf 81' lang='lat' dir='ltr'><strong>ut</strong></span> <span class='ocrx_word' id='word_1_574' title='bbox 3679 1044 3732 1095; x_wconf 86' lang='lat' dir='ltr'><strong>in</strong></span> 
     </span>
    </p>
   </div>
   <div class='ocr_carea' id='block_1_69' title="bbox 2149 1126 3733 1203">
    <p class='ocr_par' dir='ltr' id='par_1_69' title="bbox 2149 1126 3733 1203">
     <span class='ocr_line' id='line_1_69' title="bbox 2149 1126 3733 1203; baseline 0.006 -27"><span class='ocrx_word' id='word_1_575' title='bbox 2149 1126 2291 1179; x_wconf 82' lang='lat' dir='ltr'><strong>nobis</strong></span> <span class='ocrx_word' id='word_1_576' title='bbox 2336 1127 2543 1180; x_wconf 68' lang='lat' dir='ltr'><strong>dissatis</strong></span> <span class='ocrx_word' id='word_1_577' title='bbox 2586 1146 2686 1181; x_wconf 87' lang='lat' dir='ltr'><strong>non</strong></span> <span class='ocrx_word' id='word_1_578' title='bbox 2730 1147 2887 1199; x_wconf 86' lang='lat' dir='ltr'><strong>supra</strong></span> <span class='ocrx_word' id='word_1_579' title='bbox 2924 1132 2982 1184; x_wconf 85' lang='lat' dir='ltr'><strong>id</strong></span> <span class='ocrx_word' id='word_1_580' title='bbox 3009 1133 3146 1201; x_wconf 88' lang='lat' dir='ltr'><strong>quod</strong></span> <span class='ocrx_word' id='word_1_581' title='bbox 3176 1136 3418 1201; x_wconf 82' lang='lat' dir='ltr'><strong>scriptum</strong></span> <span class='ocrx_word' id='word_1_582' title='bbox 3455 1145 3527 1188; x_wconf 85' lang='lat' dir='ltr'><strong>est</strong></span> <span class='ocrx_word' id='word_1_583' title='bbox 3556 1150 3733 1203; x_wconf 76' lang='lat' dir='ltr'><strong>sapere</strong></span> 
     </span>
    </p>
   </div>
   <div class='ocr_carea' id='block_1_70' title="bbox 2153 1218 3729 1295">
    <p class='ocr_par' dir='ltr' id='par_1_70' title="bbox 2153 1218 3729 1295">
     <span class='ocr_line' id='line_1_70' title="bbox 2153 1218 3729 1295; baseline 0.004 -22"><span class='ocrx_word' id='word_1_584' title='bbox 2153 1220 2227 1286; x_wconf 83' lang='grc'><strong>(1.</strong></span> <span class='ocrx_word' id='word_1_585' title='bbox 2261 1218 2381 1273; x_wconf 89' lang='lat' dir='ltr'><strong>Cor.</strong></span> <span class='ocrx_word' id='word_1_586' title='bbox 2414 1221 2468 1273; x_wconf 77' lang='grc'><strong>4.</strong></span> <span class='ocrx_word' id='word_1_587' title='bbox 2499 1220 2577 1291; x_wconf 77' lang='lat'><strong>2).</strong></span> <span class='ocrx_word' id='word_1_588' title='bbox 2608 1222 2763 1287; x_wconf 89' lang='lat' dir='ltr'><strong>Quod</strong></span> <span class='ocrx_word' id='word_1_589' title='bbox 2800 1223 2845 1277; x_wconf 90' lang='lat' dir='ltr'><strong>si</strong></span> <span class='ocrx_word' id='word_1_590' title='bbox 2873 1224 3025 1277; x_wconf 89' lang='lat' dir='ltr'><strong>Pauli</strong></span> <span class='ocrx_word' id='word_1_591' title='bbox 3051 1267 3066 1291; x_wconf 93' lang='lat'><strong>,</strong></span> <span class='ocrx_word' id='word_1_592' title='bbox 3095 1227 3286 1293; x_wconf 82' lang='lat' dir='ltr'><strong>Apollo</strong></span> <span class='ocrx_word' id='word_1_593' title='bbox 3320 1236 3372 1280; x_wconf 91' lang='lat' dir='ltr'><strong>et</strong></span> <span class='ocrx_word' id='word_1_594' title='bbox 3398 1226 3596 1295; x_wconf 84' lang='lat' dir='ltr'><strong>Cepha:</strong></span> <span class='ocrx_word' id='word_1_595' title='bbox 3623 1240 3729 1279; x_wconf 91' lang='lat' dir='ltr'><strong>non</strong></span> 
     </span>
    </p>
   </div>
   <div class='ocr_carea' id='block_1_71' title="bbox 2148 1311 3730 1380">
    <p class='ocr_par' dir='ltr' id='par_1_71' title="bbox 2148 1311 3730 1380">
     <span class='ocr_line' id='line_1_71' title="bbox 2148 1311 3730 1380; baseline 0.003 -15"><span class='ocrx_word' id='word_1_596' title='bbox 2148 1311 2428 1380; x_wconf 87' lang='lat' dir='ltr'><strong>Oportebat</strong></span> <span class='ocrx_word' id='word_1_597' title='bbox 2456 1312 2556 1367; x_wconf 90' lang='lat' dir='ltr'><strong>sibi</strong></span> <span class='ocrx_word' id='word_1_598' title='bbox 2581 1314 2796 1368; x_wconf 91' lang='lat' dir='ltr'><strong>nomina</strong></span> <span class='ocrx_word' id='word_1_599' title='bbox 2826 1314 3162 1380; x_wconf 86' lang='lat' dir='ltr'><strong>adscribere,</strong></span> <span class='ocrx_word' id='word_1_600' title='bbox 3191 1318 3361 1369; x_wconf 92' lang='lat' dir='ltr'><strong>multo</strong></span> <span class='ocrx_word' id='word_1_601' title='bbox 3390 1318 3567 1371; x_wconf 88' lang='lat' dir='ltr'><strong>minus</strong></span> <span class='ocrx_word' id='word_1_602' title='bbox 3591 1316 3730 1370; x_wconf 83' lang='lat' dir='ltr'><strong>alio-</strong></span> 
     </span>
    </p>
   </div>
   <div class='ocr_carea' id='block_1_72' title="bbox 2150 1403 3722 1474">
    <p class='ocr_par' dir='ltr' id='par_1_72' title="bbox 2150 1403 3722 1474">
     <span class='ocr_line' id='line_1_72' title="bbox 2150 1403 3722 1474; baseline 0.003 -19"><span class='ocrx_word' id='word_1_603' title='bbox 2150 1418 2288 1456; x_wconf 92' lang='lat' dir='ltr'><strong>rum.</strong></span> <span class='ocrx_word' id='word_1_604' title='bbox 2321 1403 2371 1457; x_wconf 89' lang='lat' dir='ltr'><strong>Si</strong></span> <span class='ocrx_word' id='word_1_605' title='bbox 2405 1403 2682 1459; x_wconf 86' lang='lat' dir='ltr'><strong>doetorem</strong></span> <span class='ocrx_word' id='word_1_606' title='bbox 2713 1416 2765 1459; x_wconf 92' lang='lat' dir='ltr'><strong>et</strong></span> <span class='ocrx_word' id='word_1_607' title='bbox 2797 1408 3025 1473; x_wconf 90' lang='lat' dir='ltr'><strong>primum</strong></span> <span class='ocrx_word' id='word_1_608' title='bbox 3053 1408 3418 1473; x_wconf 88' lang='lat' dir='ltr'><strong>apostolorum</strong></span> <span class='ocrx_word' id='word_1_609' title='bbox 3439 1449 3454 1471; x_wconf 92' lang='lat'><strong>,</strong></span> <span class='ocrx_word' id='word_1_610' title='bbox 3487 1409 3574 1474; x_wconf 88' lang='lat' dir='ltr'><strong>qui</strong></span> <span class='ocrx_word' id='word_1_611' title='bbox 3604 1418 3722 1460; x_wconf 85' lang='lat' dir='ltr'><strong>tan-</strong></span> 
     </span>
    </p>
   </div>
   <div class='ocr_carea' id='block_1_73' title="bbox 2151 1496 3732 1568">
    <p class='ocr_par' dir='ltr' id='par_1_73' title="bbox 2151 1496 3732 1568">
     <span class='ocr_line' id='line_1_73' title="bbox 2151 1496 3732 1568; baseline 0.003 -21"><span class='ocrx_word' id='word_1_612' title='bbox 2151 1505 2259 1548; x_wconf 90' lang='lat' dir='ltr'><strong>tum</strong></span> <span class='ocrx_word' id='word_1_613' title='bbox 2302 1496 2600 1549; x_wconf 89' lang='lat' dir='ltr'><strong>instituerat</strong></span> <span class='ocrx_word' id='word_1_614' title='bbox 2632 1499 2921 1565; x_wconf 90' lang='lat' dir='ltr'><strong>populum,</strong></span> <span class='ocrx_word' id='word_1_615' title='bbox 2954 1516 3057 1551; x_wconf 90' lang='lat' dir='ltr'><strong>non</strong></span> <span class='ocrx_word' id='word_1_616' title='bbox 3092 1500 3372 1568; x_wconf 81' lang='lat' dir='ltr'><strong>oportebat</strong></span> <span class='ocrx_word' id='word_1_617' title='bbox 3402 1498 3498 1552; x_wconf 89' lang='lat' dir='ltr'><strong>sibi</strong></span> <span class='ocrx_word' id='word_1_618' title='bbox 3524 1498 3732 1552; x_wconf 84' lang='lat' dir='ltr'><strong>adscri-</strong></span> 
     </span>
    </p>
   </div>
   <div class='ocr_carea' id='block_1_74' title="bbox 2148 1585 3731 1658">
    <p class='ocr_par' dir='ltr' id='par_1_74' title="bbox 2148 1585 3731 1658">
     <span class='ocr_line' id='line_1_74' title="bbox 2148 1585 3731 1658; baseline 0.003 -20"><span class='ocrx_word' id='word_1_619' title='bbox 2148 1585 2295 1647; x_wconf 85' lang='lat' dir='ltr'><strong>bere,</strong></span> <span class='ocrx_word' id='word_1_620' title='bbox 2323 1588 2487 1639; x_wconf 88' lang='lat' dir='ltr'><strong>tnulto</strong></span> <span class='ocrx_word' id='word_1_621' title='bbox 2512 1588 2687 1639; x_wconf 89' lang='lat' dir='ltr'><strong>minus</strong></span> <span class='ocrx_word' id='word_1_622' title='bbox 2707 1602 2799 1639; x_wconf 78' lang='lat' dir='ltr'><strong>eos</strong></span> <span class='ocrx_word' id='word_1_623' title='bbox 2820 1588 2908 1655; x_wconf 91' lang='lat' dir='ltr'><strong>qui</strong></span> <span class='ocrx_word' id='word_1_624' title='bbox 2932 1588 3062 1641; x_wconf 83' lang='lat' dir='ltr'><strong>nihil</strong></span> <span class='ocrx_word' id='word_1_625' title='bbox 3088 1599 3260 1642; x_wconf 91' lang='lat' dir='ltr'><strong>erant.</strong></span> <span class='ocrx_word' id='word_1_626' title='bbox 3286 1587 3415 1641; x_wconf 88' lang='lat' dir='ltr'><strong>Cum</strong></span> <span class='ocrx_word' id='word_1_627' title='bbox 3439 1588 3731 1658; x_wconf 76' lang='lat' dir='ltr'><strong>hyperbole</strong></span> 
     </span>
    </p>
   </div>
   <div class='ocr_carea' id='block_1_75' title="bbox 2148 1676 3731 1745">
    <p class='ocr_par' dir='ltr' id='par_1_75' title="bbox 2148 1676 3731 1745">
     <span class='ocr_line' id='line_1_75' title="bbox 2148 1676 3731 1745; baseline 0.001 -16"><span class='ocrx_word' id='word_1_628' title='bbox 2148 1676 2326 1745; x_wconf 86' lang='lat' dir='ltr'><strong>itaque</strong></span> <span class='ocrx_word' id='word_1_629' title='bbox 2356 1677 2476 1729; x_wconf 89' lang='lat' dir='ltr'><strong>illos</strong></span> <span class='ocrx_word' id='word_1_630' title='bbox 2522 1691 2549 1728; x_wconf 92' lang='lat' dir='ltr'><strong>a</strong></span> <span class='ocrx_word' id='word_1_631' title='bbox 2594 1677 2781 1730; x_wconf 92' lang='lat' dir='ltr'><strong>morbo</strong></span> <span class='ocrx_word' id='word_1_632' title='bbox 2811 1676 3077 1732; x_wconf 87' lang='lat' dir='ltr'><strong>abducere</strong></span> <span class='ocrx_word' id='word_1_633' title='bbox 3106 1679 3329 1731; x_wconf 87' lang='lat' dir='ltr'><strong>studens</strong></span> <span class='ocrx_word' id='word_1_634' title='bbox 3375 1679 3488 1733; x_wconf 69' lang='lat' dir='ltr'><strong>hmc</strong></span> <span class='ocrx_word' id='word_1_635' title='bbox 3516 1681 3731 1733; x_wconf 86' lang='lat' dir='ltr'><strong>nomina</strong></span> 
     </span>
    </p>
   </div>
   <div class='ocr_carea' id='block_1_76' title="bbox 2150 1768 3732 1837">
    <p class='ocr_par' dir='ltr' id='par_1_76' title="bbox 2150 1768 3732 1837">
     <span class='ocr_line' id='line_1_76' title="bbox 2150 1768 3732 1837; baseline 0.006 -21"><span class='ocrx_word' id='word_1_636' title='bbox 2150 1769 2318 1835; x_wconf 86' lang='lat' dir='ltr'><strong>ponit.</strong></span> <span class='ocrx_word' id='word_1_637' title='bbox 2367 1768 2611 1837; x_wconf 85' lang='lat' dir='ltr'><strong>Alioquin</strong></span> <span class='ocrx_word' id='word_1_638' title='bbox 2651 1784 2777 1823; x_wconf 89' lang='lat' dir='ltr'><strong>vero</strong></span> <span class='ocrx_word' id='word_1_639' title='bbox 2824 1770 2983 1822; x_wconf 87' lang='lat' dir='ltr'><strong>etiam</strong></span> <span class='ocrx_word' id='word_1_640' title='bbox 3017 1770 3193 1824; x_wconf 90' lang='lat' dir='ltr'><strong>minus</strong></span> <span class='ocrx_word' id='word_1_641' title='bbox 3224 1771 3501 1825; x_wconf 82' lang='lat' dir='ltr'><strong>molestam</strong></span> <span class='ocrx_word' id='word_1_642' title='bbox 3532 1772 3732 1826; x_wconf 90' lang='lat' dir='ltr'><strong>oratio-</strong></span> 
     </span>
    </p>
   </div>
   <div class='ocr_carea' id='block_1_77' title="bbox 2151 1858 3730 1931">
    <p class='ocr_par' dir='ltr' id='par_1_77' title="bbox 2151 1858 3730 1931">
     <span class='ocr_line' id='line_1_77' title="bbox 2151 1858 3730 1931; baseline 0.003 -20"><span class='ocrx_word' id='word_1_643' title='bbox 2151 1874 2270 1912; x_wconf 88' lang='lat' dir='ltr'><strong>nem</strong></span> <span class='ocrx_word' id='word_1_644' title='bbox 2305 1858 2515 1925; x_wconf 90' lang='lat' dir='ltr'><strong>reddit,</strong></span> <span class='ocrx_word' id='word_1_645' title='bbox 2549 1875 2653 1914; x_wconf 92' lang='lat' dir='ltr'><strong>non</strong></span> <span class='ocrx_word' id='word_1_646' title='bbox 2695 1861 3009 1915; x_wconf 88' lang='lat' dir='ltr'><strong>nominatim</strong></span> <span class='ocrx_word' id='word_1_647' title='bbox 3038 1876 3327 1916; x_wconf 82' lang='lat' dir='ltr'><strong>recensens</strong></span> <span class='ocrx_word' id='word_1_648' title='bbox 3352 1877 3447 1917; x_wconf 91' lang='lat' dir='ltr'><strong>eos</strong></span> <span class='ocrx_word' id='word_1_649' title='bbox 3469 1863 3557 1931; x_wconf 85' lang='lat' dir='ltr'><strong>qui</strong></span> <span class='ocrx_word' id='word_1_650' title='bbox 3585 1863 3730 1916; x_wconf 87' lang='lat' dir='ltr'><strong>sein-</strong></span> 
     </span>
    </p>
   </div>
   <div class='ocr_carea' id='block_1_78' title="bbox 2149 1951 3733 2023">
    <p class='ocr_par' dir='ltr' id='par_1_78' title="bbox 2149 1951 3733 2023">
     <span class='ocr_line' id='line_1_78' title="bbox 2149 1951 3733 2023; baseline 0.003 -18"><span class='ocrx_word' id='word_1_651' title='bbox 2149 1951 2346 2005; x_wconf 87' lang='lat' dir='ltr'><strong>debant</strong></span> <span class='ocrx_word' id='word_1_652' title='bbox 2375 1952 2666 2007; x_wconf 83' lang='lat' dir='ltr'><strong>Ecclesiam</strong></span> <span class='ocrx_word' id='word_1_653' title='bbox 2694 1994 2708 2017; x_wconf 88' lang='lat'><strong>,</strong></span> <span class='ocrx_word' id='word_1_654' title='bbox 2739 1954 2834 2008; x_wconf 90' lang='lat' dir='ltr'><strong>sed</strong></span> <span class='ocrx_word' id='word_1_655' title='bbox 2864 1956 3014 2023; x_wconf 90' lang='lat' dir='ltr'><strong>quasi</strong></span> <span class='ocrx_word' id='word_1_656' title='bbox 3059 1955 3220 2008; x_wconf 78' lang='lat' dir='ltr'><strong>larvis</strong></span> <span class='ocrx_word' id='word_1_657' title='bbox 3245 1954 3559 2023; x_wconf 77' lang='lat' dir='ltr'><strong>quibusdam</strong></span> <span class='ocrx_word' id='word_1_658' title='bbox 3600 1969 3733 2023; x_wconf 82' lang='lat' dir='ltr'><strong>apo-</strong></span> 
     </span>
    </p>
   </div>
   <div class='ocr_carea' id='block_1_79' title="bbox 2150 2043 3732 2116">
    <p class='ocr_par' dir='ltr' id='par_1_79' title="bbox 2150 2043 3732 2116">
     <span class='ocr_line' id='line_1_79' title="bbox 2150 2043 3732 2116; baseline 0.001 -20"><span class='ocrx_word' id='word_1_659' title='bbox 2150 2043 2407 2097; x_wconf 91' lang='lat' dir='ltr'><strong>stolorum</strong></span> <span class='ocrx_word' id='word_1_660' title='bbox 2431 2045 2734 2098; x_wconf 90' lang='lat' dir='ltr'><strong>nominibus</strong></span> <span class='ocrx_word' id='word_1_661' title='bbox 2757 2046 2902 2114; x_wconf 92' lang='lat' dir='ltr'><strong>ipsos</strong></span> <span class='ocrx_word' id='word_1_662' title='bbox 2926 2045 3185 2115; x_wconf 76' lang='lat' dir='ltr'><strong>obtegens</strong></span> <span class='ocrx_word' id='word_1_663' title='bbox 3213 2065 3224 2098; x_wconf 90' lang='lat'><strong>:</strong></span> <span class='ocrx_word' id='word_1_664' title='bbox 3254 2046 3367 2116; x_wconf 80' lang='lat' dir='ltr'><strong>Ego</strong></span> <span class='ocrx_word' id='word_1_665' title='bbox 3394 2047 3597 2113; x_wconf 82' lang='lat' dir='ltr'><strong>quidem</strong></span> <span class='ocrx_word' id='word_1_666' title='bbox 3620 2063 3732 2100; x_wconf 80' lang='lat' dir='ltr'><strong>sum</strong></span> 
     </span>
    </p>
   </div>
   <div class='ocr_carea' id='block_1_80' title="bbox 2154 2133 3411 2208">
    <p class='ocr_par' dir='ltr' id='par_1_80' title="bbox 2154 2133 3411 2208">
     <span class='ocr_line' id='line_1_80' title="bbox 2154 2133 3411 2208; baseline 0.004 -22"><span class='ocrx_word' id='word_1_667' title='bbox 2154 2133 2308 2187; x_wconf 87' lang='lat' dir='ltr'><strong>Pauli</strong></span> <span class='ocrx_word' id='word_1_668' title='bbox 2334 2176 2345 2197; x_wconf 97' lang='lat'><strong>,</strong></span> <span class='ocrx_word' id='word_1_669' title='bbox 2379 2151 2469 2203; x_wconf 86' lang='lat' dir='ltr'><strong>ego</strong></span> <span class='ocrx_word' id='word_1_670' title='bbox 2500 2146 2667 2188; x_wconf 89' lang='lat' dir='ltr'><strong>autem</strong></span> <span class='ocrx_word' id='word_1_671' title='bbox 2696 2136 2881 2205; x_wconf 80' lang='lat' dir='ltr'><strong>Apollo</strong></span> <span class='ocrx_word' id='word_1_672' title='bbox 2904 2178 2917 2201; x_wconf 91' lang='lat'><strong>,</strong></span> <span class='ocrx_word' id='word_1_673' title='bbox 2950 2154 3041 2208; x_wconf 88' lang='lat' dir='ltr'><strong>ego</strong></span> <span class='ocrx_word' id='word_1_674' title='bbox 3071 2153 3184 2190; x_wconf 85' lang='lat' dir='ltr'><strong>vero</strong></span> <span class='ocrx_word' id='word_1_675' title='bbox 3209 2137 3411 2207; x_wconf 66' lang='lat' dir='ltr'><strong>Cephea.</strong></span> 
     </span>
    </p>
   </div>
   <div class='ocr_carea' id='block_1_81' title="bbox 2220 2227 3716 2298">
    <p class='ocr_par' dir='ltr' id='par_1_81' title="bbox 2220 2227 3716 2298">
     <span class='ocr_line' id='line_1_81' title="bbox 2220 2227 3716 2298; baseline 0.002 -17"><span class='ocrx_word' id='word_1_676' title='bbox 2220 2228 2275 2281; x_wconf 76' lang='grc'>2.</span> <span class='ocrx_word' id='word_1_677' title='bbox 2312 2227 2508 2283; x_wconf 79' lang='lat' dir='ltr'><strong>Paulus</strong></span> <span class='ocrx_word' id='word_1_678' title='bbox 2534 2245 2635 2281; x_wconf 87' lang='lat' dir='ltr'><strong>non</strong></span> <span class='ocrx_word' id='word_1_679' title='bbox 2664 2231 2868 2298; x_wconf 69' lang='lat' dir='ltr'><strong>pi&#39;wfert</strong></span> <span class='ocrx_word' id='word_1_680' title='bbox 2895 2245 2948 2282; x_wconf 84' lang='lat' dir='ltr'><strong>se</strong></span> <span class='ocrx_word' id='word_1_681' title='bbox 2979 2227 3151 2283; x_wconf 87' lang='lat' dir='ltr'><strong>Petro.</strong></span> <span class='ocrx_word' id='word_1_682' title='bbox 3174 2258 3244 2270; x_wconf 90' lang='lat'><strong>—-</strong></span> <span class='ocrx_word' id='word_1_683' title='bbox 3274 2229 3389 2283; x_wconf 87' lang='lat' dir='ltr'><strong>Non</strong></span> <span class='ocrx_word' id='word_1_684' title='bbox 3426 2231 3716 2298; x_wconf 65' lang='lat' dir='ltr'><strong>praiferens</strong></span> 
     </span>
    </p>
   </div>
   <div class='ocr_carea' id='block_1_82' title="bbox 2152 2318 3732 2387">
    <p class='ocr_par' dir='ltr' id='par_1_82' title="bbox 2152 2318 3732 2387">
     <span class='ocr_line' id='line_1_82' title="bbox 2152 2318 3732 2387; baseline -0.001 -15"><span class='ocrx_word' id='word_1_685' title='bbox 2152 2334 2212 2373; x_wconf 87' lang='lat' dir='ltr'><strong>se</strong></span> <span class='ocrx_word' id='word_1_686' title='bbox 2243 2319 2420 2382; x_wconf 90' lang='lat' dir='ltr'><strong>Petro,</strong></span> <span class='ocrx_word' id='word_1_687' title='bbox 2452 2319 2631 2387; x_wconf 90' lang='lat' dir='ltr'><strong>posuit</strong></span> <span class='ocrx_word' id='word_1_688' title='bbox 2675 2319 2824 2371; x_wconf 88' lang='lat' dir='ltr'><strong>illum</strong></span> <span class='ocrx_word' id='word_1_689' title='bbox 2888 2318 3169 2383; x_wconf 87' lang='lat' dir='ltr'><strong>ultimum;</strong></span> <span class='ocrx_word' id='word_1_690' title='bbox 3202 2320 3306 2371; x_wconf 90' lang='lat' dir='ltr'><strong>imo</strong></span> <span class='ocrx_word' id='word_1_691' title='bbox 3348 2333 3477 2372; x_wconf 84' lang='lat' dir='ltr'><strong>vero</strong></span> <span class='ocrx_word' id='word_1_692' title='bbox 3518 2320 3732 2372; x_wconf 84' lang='lat' dir='ltr'><strong>Petrum</strong></span> 
     </span>
    </p>
   </div>
   <div class='ocr_carea' id='block_1_83' title="bbox 2155 2407 3733 2475">
    <p class='ocr_par' dir='ltr' id='par_1_83' title="bbox 2155 2407 3733 2475">
     <span class='ocr_line' id='line_1_83' title="bbox 2155 2407 3733 2475; baseline 0 -14"><span class='ocrx_word' id='word_1_693' title='bbox 2155 2408 2256 2461; x_wconf 90' lang='lat' dir='ltr'><strong>sibi</strong></span> <span class='ocrx_word' id='word_1_694' title='bbox 2285 2407 2437 2460; x_wconf 83' lang='lat' dir='ltr'><strong>valde</strong></span> <span class='ocrx_word' id='word_1_695' title='bbox 2468 2421 2802 2475; x_wconf 64' lang='lat' dir='ltr'><strong>praeponens,</strong></span> <span class='ocrx_word' id='word_1_696' title='bbox 2836 2421 2930 2473; x_wconf 93' lang='lat' dir='ltr'><strong>per</strong></span> <span class='ocrx_word' id='word_1_697' title='bbox 2981 2407 3454 2473; x_wconf 82' lang='lat' dir='ltr'><strong>amplificationem</strong></span> <span class='ocrx_word' id='word_1_698' title='bbox 3483 2408 3733 2475; x_wconf 88' lang='lat' dir='ltr'><strong>loquutus</strong></span> 
     </span>
    </p>
   </div>
   <div class='ocr_carea' id='block_1_84' title="bbox 2155 2499 3735 2569">
    <p class='ocr_par' dir='ltr' id='par_1_84' title="bbox 2155 2499 3735 2569">
     <span class='ocr_line' id='line_1_84' title="bbox 2155 2499 3735 2569; baseline 0.003 -18"><span class='ocrx_word' id='word_1_699' title='bbox 2155 2507 2258 2561; x_wconf 89' lang='lat' dir='ltr'><strong>est,</strong></span> <span class='ocrx_word' id='word_1_700' title='bbox 2290 2512 2356 2551; x_wconf 94' lang='lat' dir='ltr'><strong>nc</strong></span> <span class='ocrx_word' id='word_1_701' title='bbox 2401 2506 2672 2564; x_wconf 90' lang='lat' dir='ltr'><strong>putaretur</strong></span> <span class='ocrx_word' id='word_1_702' title='bbox 2716 2499 2817 2551; x_wconf 90' lang='lat' dir='ltr'><strong>hoc</strong></span> <span class='ocrx_word' id='word_1_703' title='bbox 2850 2513 2947 2566; x_wconf 90' lang='lat' dir='ltr'><strong>per</strong></span> <span class='ocrx_word' id='word_1_704' title='bbox 2996 2499 3253 2551; x_wconf 79' lang='lat' dir='ltr'><strong>invidiam</strong></span> <span class='ocrx_word' id='word_1_705' title='bbox 3306 2499 3502 2566; x_wconf 89' lang='lat' dir='ltr'><strong>facere,</strong></span> <span class='ocrx_word' id='word_1_706' title='bbox 3545 2509 3599 2553; x_wconf 91' lang='lat' dir='ltr'><strong>et</strong></span> <span class='ocrx_word' id='word_1_707' title='bbox 3628 2516 3735 2569; x_wconf 78' lang='lat' dir='ltr'><strong>pra:</strong></span> 
     </span>
    </p>
   </div>
   <div class='ocr_carea' id='block_1_85' title="bbox 2156 2588 3727 2661">
    <p class='ocr_par' dir='ltr' id='par_1_85' title="bbox 2156 2588 3727 2661">
     <span class='ocr_line' id='line_1_85' title="bbox 2156 2588 3727 2661; baseline 0.001 -18"><span class='ocrx_word' id='word_1_708' title='bbox 2156 2591 2323 2643; x_wconf 82' lang='lat' dir='ltr'><strong>liVore</strong></span> <span class='ocrx_word' id='word_1_709' title='bbox 2347 2589 2477 2655; x_wconf 91' lang='lat' dir='ltr'><strong>ipsis</strong></span> <span class='ocrx_word' id='word_1_710' title='bbox 2521 2589 2778 2643; x_wconf 85' lang='lat' dir='ltr'><strong>honorem</strong></span> <span class='ocrx_word' id='word_1_711' title='bbox 2813 2588 3043 2642; x_wconf 80' lang='lat' dir='ltr'><strong>auferre.</strong></span> <span class='ocrx_word' id='word_1_712' title='bbox 3078 2588 3201 2643; x_wconf 91' lang='lat' dir='ltr'><strong>ldeo</strong></span> <span class='ocrx_word' id='word_1_713' title='bbox 3231 2591 3470 2660; x_wconf 88' lang='lat' dir='ltr'><strong>seipsum</strong></span> <span class='ocrx_word' id='word_1_714' title='bbox 3500 2592 3727 2661; x_wconf 89' lang='lat' dir='ltr'><strong>primum</strong></span> 
     </span>
    </p>
   </div>
   <div class='ocr_carea' id='block_1_86' title="bbox 2155 2681 3734 2752">
    <p class='ocr_par' dir='ltr' id='par_1_86' title="bbox 2155 2681 3734 2752">
     <span class='ocr_line' id='line_1_86' title="bbox 2155 2681 3734 2752; baseline 0 -16"><span class='ocrx_word' id='word_1_715' title='bbox 2155 2683 2350 2750; x_wconf 89' lang='lat' dir='ltr'><strong>posuit.</strong></span> <span class='ocrx_word' id='word_1_716' title='bbox 2385 2681 2515 2735; x_wconf 82' lang='lat' dir='ltr'><strong>Nam</strong></span> <span class='ocrx_word' id='word_1_717' title='bbox 2543 2682 2632 2751; x_wconf 93' lang='lat' dir='ltr'><strong>qui</strong></span> <span class='ocrx_word' id='word_1_718' title='bbox 2662 2696 2719 2735; x_wconf 88' lang='lat' dir='ltr'><strong>se</strong></span> <span class='ocrx_word' id='word_1_719' title='bbox 2760 2682 2986 2749; x_wconf 87' lang='lat' dir='ltr'><strong>primum</strong></span> <span class='ocrx_word' id='word_1_720' title='bbox 3022 2686 3295 2749; x_wconf 88' lang='lat' dir='ltr'><strong>reprobat,</strong></span> <span class='ocrx_word' id='word_1_721' title='bbox 3323 2700 3432 2737; x_wconf 89' lang='lat' dir='ltr'><strong>non</strong></span> <span class='ocrx_word' id='word_1_722' title='bbox 3461 2685 3600 2752; x_wconf 91' lang='lat' dir='ltr'><strong>quod</strong></span> <span class='ocrx_word' id='word_1_723' title='bbox 3632 2685 3734 2737; x_wconf 86' lang='lat' dir='ltr'><strong>ho-</strong></span> 
     </span>
    </p>
   </div>
   <div class='ocr_carea' id='block_1_87' title="bbox 2155 2773 3737 2842">
    <p class='ocr_par' dir='ltr' id='par_1_87' title="bbox 2155 2773 3737 2842">
     <span class='ocr_line' id='line_1_87' title="bbox 2155 2773 3737 2842; baseline 0.001 -15"><span class='ocrx_word' id='word_1_724' title='bbox 2155 2790 2343 2827; x_wconf 90' lang='lat' dir='ltr'><strong>norem</strong></span> <span class='ocrx_word' id='word_1_725' title='bbox 2394 2784 2538 2827; x_wconf 88' lang='lat' dir='ltr'><strong>amet</strong></span> <span class='ocrx_word' id='word_1_726' title='bbox 2578 2774 2678 2827; x_wconf 91' lang='lat' dir='ltr'><strong>hoc</strong></span> <span class='ocrx_word' id='word_1_727' title='bbox 2706 2773 2850 2836; x_wconf 80' lang='lat' dir='ltr'><strong>facit,</strong></span> <span class='ocrx_word' id='word_1_728' title='bbox 2884 2774 2977 2827; x_wconf 87' lang='lat' dir='ltr'><strong>sed</strong></span> <span class='ocrx_word' id='word_1_729' title='bbox 3009 2774 3150 2840; x_wconf 91' lang='lat' dir='ltr'><strong>quod</strong></span> <span class='ocrx_word' id='word_1_730' title='bbox 3201 2775 3359 2833; x_wconf 86' lang='lat' dir='ltr'><strong>talem</strong></span> <span class='ocrx_word' id='word_1_731' title='bbox 3392 2775 3615 2842; x_wconf 79' lang='lat' dir='ltr'><strong>gloriam</strong></span> <span class='ocrx_word' id='word_1_732' title='bbox 3644 2776 3737 2829; x_wconf 91' lang='lat' dir='ltr'><strong>ad-</strong></span> 
     </span>
    </p>
   </div>
   <div class='ocr_carea' id='block_1_88' title="bbox 2157 2862 3738 2932">
    <p class='ocr_par' dir='ltr' id='par_1_88' title="bbox 2157 2862 3738 2932">
     <span class='ocr_line' id='line_1_88' title="bbox 2157 2862 3738 2932; baseline 0.002 -17"><span class='ocrx_word' id='word_1_733' title='bbox 2157 2864 2372 2916; x_wconf 89' lang='lat' dir='ltr'><strong>modum</strong></span> <span class='ocrx_word' id='word_1_734' title='bbox 2402 2862 2679 2930; x_wconf 89' lang='lat' dir='ltr'><strong>despiciat.</strong></span> <span class='ocrx_word' id='word_1_735' title='bbox 2706 2862 2897 2915; x_wconf 90' lang='lat' dir='ltr'><strong>Totum</strong></span> <span class='ocrx_word' id='word_1_736' title='bbox 2927 2878 3055 2931; x_wconf 84' lang='lat' dir='ltr'><strong>ergo</strong></span> <span class='ocrx_word' id='word_1_737' title='bbox 3088 2864 3341 2932; x_wconf 90' lang='lat' dir='ltr'><strong>impetum</strong></span> <span class='ocrx_word' id='word_1_738' title='bbox 3371 2866 3573 2932; x_wconf 89' lang='lat' dir='ltr'><strong>primus</strong></span> <span class='ocrx_word' id='word_1_739' title='bbox 3604 2868 3738 2919; x_wconf 88' lang='lat' dir='ltr'><strong>exci-</strong></span> 
     </span>
    </p>
   </div>
   <div class='ocr_carea' id='block_1_89' title="bbox 2160 2951 3738 3023">
    <p class='ocr_par' dir='ltr' id='par_1_89' title="bbox 2160 2951 3738 3023">
     <span class='ocr_line' id='line_1_89' title="bbox 2160 2951 3738 3023; baseline 0.004 -23"><span class='ocrx_word' id='word_1_740' title='bbox 2160 2952 2252 3019; x_wconf 92' lang='lat' dir='ltr'><strong>pit,</strong></span> <span class='ocrx_word' id='word_1_741' title='bbox 2288 2960 2515 3018; x_wconf 92' lang='lat' dir='ltr'><strong>tuncque</strong></span> <span class='ocrx_word' id='word_1_742' title='bbox 2543 2951 2690 3019; x_wconf 90' lang='lat' dir='ltr'><strong>ponit</strong></span> <span class='ocrx_word' id='word_1_743' title='bbox 2710 2951 2920 3018; x_wconf 86' lang='lat' dir='ltr'><strong>Apollo,</strong></span> <span class='ocrx_word' id='word_1_744' title='bbox 2948 2962 3132 3020; x_wconf 88' lang='lat' dir='ltr'><strong>postea</strong></span> <span class='ocrx_word' id='word_1_745' title='bbox 3160 2952 3423 3023; x_wconf 88' lang='lat' dir='ltr'><strong>Cepham.</strong></span> <span class='ocrx_word' id='word_1_746' title='bbox 3457 2954 3573 3007; x_wconf 85' lang='lat' dir='ltr'><strong>Non</strong></span> <span class='ocrx_word' id='word_1_747' title='bbox 3610 2970 3738 3023; x_wconf 88' lang='lat' dir='ltr'><strong>ergo</strong></span> 
     </span>
    </p>
   </div>
   <div class='ocr_carea' id='block_1_90' title="bbox 2156 3041 3740 3114">
    <p class='ocr_par' dir='ltr' id='par_1_90' title="bbox 2156 3041 3740 3114">
     <span class='ocr_line' id='line_1_90' title="bbox 2156 3041 3740 3114; baseline 0.001 -18"><span class='ocrx_word' id='word_1_748' title='bbox 2156 3057 2277 3096; x_wconf 76' lang='lat' dir='ltr'><strong>sese</strong></span> <span class='ocrx_word' id='word_1_749' title='bbox 2304 3041 2566 3095; x_wconf 74' lang='lat' dir='ltr'><strong>extollens</strong></span> <span class='ocrx_word' id='word_1_750' title='bbox 2599 3041 2648 3095; x_wconf 93' lang='lat' dir='ltr'><strong>id</strong></span> <span class='ocrx_word' id='word_1_751' title='bbox 2675 3041 2830 3105; x_wconf 85' lang='lat' dir='ltr'><strong>fecit;</strong></span> <span class='ocrx_word' id='word_1_752' title='bbox 2863 3041 2954 3095; x_wconf 90' lang='lat' dir='ltr'><strong>sed</strong></span> <span class='ocrx_word' id='word_1_753' title='bbox 2977 3043 3026 3095; x_wconf 90' lang='lat' dir='ltr'><strong>in</strong></span> <span class='ocrx_word' id='word_1_754' title='bbox 3058 3043 3142 3110; x_wconf 91' lang='lat' dir='ltr'><strong>iis,</strong></span> <span class='ocrx_word' id='word_1_755' title='bbox 3172 3061 3289 3113; x_wconf 74' lang='lat' dir='ltr'><strong>qua:</strong></span> <span class='ocrx_word' id='word_1_756' title='bbox 3316 3044 3427 3098; x_wconf 88' lang='lat' dir='ltr'><strong>lieri</strong></span> <span class='ocrx_word' id='word_1_757' title='bbox 3453 3062 3557 3100; x_wconf 88' lang='lat' dir='ltr'><strong>non</strong></span> <span class='ocrx_word' id='word_1_758' title='bbox 3579 3060 3740 3114; x_wconf 82' lang='lat' dir='ltr'><strong>Opor-</strong></span> 
     </span>
    </p>
   </div>
   <div class='ocr_carea' id='block_1_91' title="bbox 2158 3133 3741 3203">
    <p class='ocr_par' dir='ltr' id='par_1_91' title="bbox 2158 3133 3741 3203">
     <span class='ocr_line' id='line_1_91' title="bbox 2158 3133 3741 3203; baseline 0.003 -17"><span class='ocrx_word' id='word_1_759' title='bbox 2158 3133 2337 3195; x_wconf 86' lang='lat' dir='ltr'><strong>tebat,</strong></span> <span class='ocrx_word' id='word_1_760' title='bbox 2376 3149 2469 3201; x_wconf 91' lang='lat' dir='ltr'><strong>per</strong></span> <span class='ocrx_word' id='word_1_761' title='bbox 2497 3134 2765 3202; x_wconf 90' lang='lat' dir='ltr'><strong>propriam</strong></span> <span class='ocrx_word' id='word_1_762' title='bbox 2801 3148 3083 3202; x_wconf 89' lang='lat' dir='ltr'><strong>personam</strong></span> <span class='ocrx_word' id='word_1_763' title='bbox 3135 3136 3309 3203; x_wconf 88' lang='lat' dir='ltr'><strong>primo</strong></span> <span class='ocrx_word' id='word_1_764' title='bbox 3346 3137 3741 3191; x_wconf 83' lang='lat' dir='ltr'><strong>correctionem</strong></span> 
     </span>
    </p>
   </div>
   <div class='ocr_carea' id='block_1_92' title="bbox 2156 3224 3743 3295">
    <p class='ocr_par' dir='ltr' id='par_1_92' title="bbox 2156 3224 3743 3295">
     <span class='ocr_line' id='line_1_92' title="bbox 2156 3224 3743 3295; baseline 0.003 -18"><span class='ocrx_word' id='word_1_765' title='bbox 2156 3224 2300 3277; x_wconf 80' lang='lat' dir='ltr'><strong>facit.</strong></span> <span class='ocrx_word' id='word_1_766' title='bbox 2334 3225 2437 3279; x_wconf 89' lang='lat' dir='ltr'><strong>Sed</strong></span> <span class='ocrx_word' id='word_1_767' title='bbox 2464 3225 2605 3295; x_wconf 89' lang='lat' dir='ltr'><strong>quod</strong></span> <span class='ocrx_word' id='word_1_768' title='bbox 2634 3226 2667 3278; x_wconf 92' lang='lat' dir='ltr'><strong>ii</strong></span> <span class='ocrx_word' id='word_1_769' title='bbox 2690 3226 2926 3294; x_wconf 89' lang='lat' dir='ltr'><strong>quidem,</strong></span> <span class='ocrx_word' id='word_1_770' title='bbox 2957 3226 3045 3295; x_wconf 91' lang='lat' dir='ltr'><strong>qui</strong></span> <span class='ocrx_word' id='word_1_771' title='bbox 3076 3225 3195 3279; x_wconf 91' lang='lat' dir='ltr'><strong>huic</strong></span> <span class='ocrx_word' id='word_1_772' title='bbox 3224 3227 3305 3279; x_wconf 88' lang='lat' dir='ltr'><strong>vel</strong></span> <span class='ocrx_word' id='word_1_773' title='bbox 3332 3227 3420 3279; x_wconf 91' lang='lat' dir='ltr'><strong>alii</strong></span> <span class='ocrx_word' id='word_1_774' title='bbox 3458 3243 3515 3281; x_wconf 91' lang='lat' dir='ltr'><strong>se</strong></span> <span class='ocrx_word' id='word_1_775' title='bbox 3537 3226 3743 3281; x_wconf 85' lang='lat' dir='ltr'><strong>adscri—</strong></span> 
     </span>
    </p>
   </div>
   <div class='ocr_carea' id='block_1_93' title="bbox 2160 3318 3743 3387">
    <p class='ocr_par' dir='ltr' id='par_1_93' title="bbox 2160 3318 3743 3387">
     <span class='ocr_line' id='line_1_93' title="bbox 2160 3318 3743 3387; baseline 0 -16"><span class='ocrx_word' id='word_1_776' title='bbox 2160 3319 2369 3383; x_wconf 83' lang='lat' dir='ltr'><strong>berent,</strong></span> <span class='ocrx_word' id='word_1_777' title='bbox 2400 3328 2707 3385; x_wconf 88' lang='lat' dir='ltr'><strong>peccarent,</strong></span> <span class='ocrx_word' id='word_1_778' title='bbox 2738 3318 2915 3385; x_wconf 88' lang='lat' dir='ltr'><strong>palam</strong></span> <span class='ocrx_word' id='word_1_779' title='bbox 2953 3328 3035 3371; x_wconf 90' lang='lat' dir='ltr'><strong>est</strong></span> <span class='ocrx_word' id='word_1_780' title='bbox 3065 3334 3079 3370; x_wconf 95' lang='lat'><strong>:</strong></span> <span class='ocrx_word' id='word_1_781' title='bbox 3113 3332 3173 3371; x_wconf 90' lang='lat' dir='ltr'><strong>ac</strong></span> <span class='ocrx_word' id='word_1_782' title='bbox 3202 3327 3350 3371; x_wconf 89' lang='lat' dir='ltr'><strong>recte</strong></span> <span class='ocrx_word' id='word_1_783' title='bbox 3381 3318 3500 3371; x_wconf 90' lang='lat' dir='ltr'><strong>illos</strong></span> <span class='ocrx_word' id='word_1_784' title='bbox 3522 3320 3743 3387; x_wconf 77' lang='lat' dir='ltr'><strong>corrigit</strong></span> 
     </span>
    </p>
   </div>
   <div class='ocr_carea' id='block_1_94' title="bbox 2158 3407 3743 3477">
    <p class='ocr_par' dir='ltr' id='par_1_94' title="bbox 2158 3407 3743 3477">
     <span class='ocr_line' id='line_1_94' title="bbox 2158 3407 3743 3477; baseline -0.001 -15"><span class='ocrx_word' id='word_1_785' title='bbox 2158 3408 2341 3462; x_wconf 91' lang='lat' dir='ltr'><strong>dicens</strong></span> <span class='ocrx_word' id='word_1_786' title='bbox 2375 3425 2388 3459; x_wconf 93' lang='lat'><strong>:</strong></span> <span class='ocrx_word' id='word_1_787' title='bbox 2415 3407 2529 3460; x_wconf 91' lang='lat' dir='ltr'><strong>Non</strong></span> <span class='ocrx_word' id='word_1_788' title='bbox 2560 3409 2693 3461; x_wconf 90' lang='lat' dir='ltr'><strong>bene</strong></span> <span class='ocrx_word' id='word_1_789' title='bbox 2737 3407 2910 3463; x_wconf 83' lang='lat' dir='ltr'><strong>facitis</strong></span> <span class='ocrx_word' id='word_1_790' title='bbox 2947 3408 3187 3462; x_wconf 86' lang='lat' dir='ltr'><strong>dicentes</strong></span> <span class='ocrx_word' id='word_1_791' title='bbox 3208 3448 3221 3472; x_wconf 89' lang='lat'><strong>,</strong></span> <span class='ocrx_word' id='word_1_792' title='bbox 3268 3407 3376 3477; x_wconf 79' lang='lat' dir='ltr'><strong>Ego</strong></span> <span class='ocrx_word' id='word_1_793' title='bbox 3402 3409 3606 3475; x_wconf 83' lang='lat' dir='ltr'><strong>quidem</strong></span> <span class='ocrx_word' id='word_1_794' title='bbox 3632 3426 3743 3462; x_wconf 82' lang='lat' dir='ltr'><strong>sum</strong></span> 
     </span>
    </p>
   </div>
   <div class='ocr_carea' id='block_1_95' title="bbox 2159 3497 3739 3567">
    <p class='ocr_par' dir='ltr' id='par_1_95' title="bbox 2159 3497 3739 3567">
     <span class='ocr_line' id='line_1_95' title="bbox 2159 3497 3739 3567; baseline 0.001 -14"><span class='ocrx_word' id='word_1_795' title='bbox 2159 3499 2336 3562; x_wconf 80' lang='lat' dir='ltr'><strong>Pauli,</strong></span> <span class='ocrx_word' id='word_1_796' title='bbox 2362 3515 2452 3565; x_wconf 87' lang='lat' dir='ltr'><strong>ego</strong></span> <span class='ocrx_word' id='word_1_797' title='bbox 2485 3509 2651 3551; x_wconf 87' lang='lat' dir='ltr'><strong>autem</strong></span> <span class='ocrx_word' id='word_1_798' title='bbox 2682 3500 2886 3566; x_wconf 80' lang='lat' dir='ltr'><strong>Apollo,</strong></span> <span class='ocrx_word' id='word_1_799' title='bbox 2915 3516 3004 3567; x_wconf 82' lang='lat' dir='ltr'><strong>ego</strong></span> <span class='ocrx_word' id='word_1_800' title='bbox 3031 3515 3144 3552; x_wconf 86' lang='lat' dir='ltr'><strong>vero</strong></span> <span class='ocrx_word' id='word_1_801' title='bbox 3189 3497 3391 3567; x_wconf 79' lang='lat' dir='ltr'><strong>Cephce.</strong></span> <span class='ocrx_word' id='word_1_802' title='bbox 3427 3499 3533 3553; x_wconf 85' lang='lat' dir='ltr'><strong>Cur</strong></span> <span class='ocrx_word' id='word_1_803' title='bbox 3559 3512 3739 3555; x_wconf 82' lang='lat' dir='ltr'><strong>autem</strong></span> 
     </span>
    </p>
   </div>
   <div class='ocr_carea' id='block_1_96' title="bbox 2159 3590 3739 3661">
    <p class='ocr_par' dir='ltr' id='par_1_96' title="bbox 2159 3590 3739 3661">
     <span class='ocr_line' id='line_1_96' title="bbox 2159 3590 3739 3661; baseline 0.004 -19"><span class='ocrx_word' id='word_1_804' title='bbox 2159 3590 2381 3654; x_wconf 88' lang='lat' dir='ltr'><strong>addidit,</strong></span> <span class='ocrx_word' id='word_1_805' title='bbox 2418 3590 2526 3659; x_wconf 75' lang='lat' dir='ltr'><strong>Ego</strong></span> <span class='ocrx_word' id='word_1_806' title='bbox 2549 3608 2661 3645; x_wconf 82' lang='lat' dir='ltr'><strong>vero</strong></span> <span class='ocrx_word' id='word_1_807' title='bbox 2685 3590 2912 3645; x_wconf 82' lang='lat' dir='ltr'><strong>Christi?</strong></span> <span class='ocrx_word' id='word_1_808' title='bbox 2933 3590 3061 3645; x_wconf 89' lang='lat' dir='ltr'><strong>Nam</strong></span> <span class='ocrx_word' id='word_1_809' title='bbox 3094 3592 3137 3646; x_wconf 91' lang='lat' dir='ltr'><strong>si</strong></span> <span class='ocrx_word' id='word_1_810' title='bbox 3170 3592 3202 3645; x_wconf 93' lang='lat' dir='ltr'><strong>ii</strong></span> <span class='ocrx_word' id='word_1_811' title='bbox 3229 3594 3317 3661; x_wconf 91' lang='lat' dir='ltr'><strong>qui</strong></span> <span class='ocrx_word' id='word_1_812' title='bbox 3348 3608 3405 3647; x_wconf 90' lang='lat' dir='ltr'><strong>se</strong></span> <span class='ocrx_word' id='word_1_813' title='bbox 3434 3593 3739 3648; x_wconf 88' lang='lat' dir='ltr'><strong>hominibus</strong></span> 
     </span>
    </p>
   </div>
   <div class='ocr_carea' id='block_1_97' title="bbox 2162 3681 3737 3751">
    <p class='ocr_par' dir='ltr' id='par_1_97' title="bbox 2162 3681 3737 3751">
     <span class='ocr_line' id='line_1_97' title="bbox 2162 3681 3737 3751; baseline 0.002 -17"><span class='ocrx_word' id='word_1_814' title='bbox 2162 3681 2563 3750; x_wconf 81' lang='lat' dir='ltr'><strong>adscripserunt</strong></span> <span class='ocrx_word' id='word_1_815' title='bbox 2594 3698 2904 3749; x_wconf 86' lang='lat' dir='ltr'><strong>peccavere,</strong></span> <span class='ocrx_word' id='word_1_816' title='bbox 2944 3698 3048 3735; x_wconf 90' lang='lat' dir='ltr'><strong>non</strong></span> <span class='ocrx_word' id='word_1_817' title='bbox 3082 3693 3233 3737; x_wconf 90' lang='lat' dir='ltr'><strong>certe</strong></span> <span class='ocrx_word' id='word_1_818' title='bbox 3266 3685 3299 3735; x_wconf 92' lang='lat' dir='ltr'><strong>ii</strong></span> <span class='ocrx_word' id='word_1_819' title='bbox 3329 3685 3416 3751; x_wconf 89' lang='lat' dir='ltr'><strong>qui</strong></span> <span class='ocrx_word' id='word_1_820' title='bbox 3442 3700 3498 3737; x_wconf 89' lang='lat' dir='ltr'><strong>se</strong></span> <span class='ocrx_word' id='word_1_821' title='bbox 3521 3682 3737 3738; x_wconf 87' lang='lat' dir='ltr'><strong>Christo</strong></span> 
     </span>
    </p>
   </div>
   <div class='ocr_carea' id='block_1_98' title="bbox 2162 3771 3741 3840">
    <p class='ocr_par' dir='ltr' id='par_1_98' title="bbox 2162 3771 3741 3840">
     <span class='ocr_line' id='line_1_98' title="bbox 2162 3771 3741 3840; baseline 0.001 -15"><span class='ocrx_word' id='word_1_822' title='bbox 2162 3772 2502 3825; x_wconf 89' lang='lat' dir='ltr'><strong>addicebant.</strong></span> <span class='ocrx_word' id='word_1_823' title='bbox 2530 3772 2635 3825; x_wconf 85' lang='lat' dir='ltr'><strong>Sed</strong></span> <span class='ocrx_word' id='word_1_824' title='bbox 2688 3787 2791 3823; x_wconf 89' lang='lat' dir='ltr'><strong>non</strong></span> <span class='ocrx_word' id='word_1_825' title='bbox 2822 3786 2913 3824; x_wconf 88' lang='lat' dir='ltr'><strong>eos</strong></span> <span class='ocrx_word' id='word_1_826' title='bbox 2938 3771 3037 3823; x_wconf 87' lang='lat' dir='ltr'><strong>hac</strong></span> <span class='ocrx_word' id='word_1_827' title='bbox 3065 3772 3133 3823; x_wconf 90' lang='lat' dir='ltr'><strong>de</strong></span> <span class='ocrx_word' id='word_1_828' title='bbox 3165 3787 3223 3825; x_wconf 89' lang='lat' dir='ltr'><strong>re</strong></span> <span class='ocrx_word' id='word_1_829' title='bbox 3254 3772 3558 3835; x_wconf 87' lang='lat' dir='ltr'><strong>accusabat,</strong></span> <span class='ocrx_word' id='word_1_830' title='bbox 3598 3775 3741 3840; x_wconf 85' lang='lat' dir='ltr'><strong>quod</strong></span> 
     </span>
    </p>
   </div>
   <div class='ocr_carea' id='block_1_99' title="bbox 2162 3858 3738 3929">
    <p class='ocr_par' dir='ltr' id='par_1_99' title="bbox 2162 3858 3738 3929">
     <span class='ocr_line' id='line_1_99' title="bbox 2162 3858 3738 3929; baseline 0.001 -16"><span class='ocrx_word' id='word_1_831' title='bbox 2162 3876 2221 3913; x_wconf 87' lang='lat' dir='ltr'><strong>se</strong></span> <span class='ocrx_word' id='word_1_832' title='bbox 2243 3859 2454 3913; x_wconf 86' lang='lat' dir='ltr'><strong>Christo</strong></span> <span class='ocrx_word' id='word_1_833' title='bbox 2482 3858 2872 3922; x_wconf 62' lang='lat' dir='ltr'><strong>adscribcrent,</strong></span> <span class='ocrx_word' id='word_1_834' title='bbox 2900 3858 2993 3911; x_wconf 93' lang='lat' dir='ltr'><strong>scd</strong></span> <span class='ocrx_word' id='word_1_835' title='bbox 3021 3861 3193 3912; x_wconf 91' lang='lat' dir='ltr'><strong>solum</strong></span> <span class='ocrx_word' id='word_1_836' title='bbox 3226 3861 3367 3929; x_wconf 90' lang='lat' dir='ltr'><strong>quod</strong></span> <span class='ocrx_word' id='word_1_837' title='bbox 3396 3876 3500 3913; x_wconf 92' lang='lat' dir='ltr'><strong>non</strong></span> <span class='ocrx_word' id='word_1_838' title='bbox 3527 3877 3738 3916; x_wconf 86' lang='lat' dir='ltr'><strong>omnes.</strong></span> 
     </span>
    </p>
   </div>
   <div class='ocr_carea' id='block_1_100' title="bbox 2164 3947 3745 4018">
    <p class='ocr_par' dir='ltr' id='par_1_100' title="bbox 2164 3947 3745 4018">
     <span class='ocr_line' id='line_1_100' title="bbox 2164 3947 3745 4018; baseline 0.003 -17"><span class='ocrx_word' id='word_1_839' title='bbox 2164 3949 2300 4001; x_wconf 80' lang='lat' dir='ltr'><strong>Puto</strong></span> <span class='ocrx_word' id='word_1_840' title='bbox 2323 3958 2500 4000; x_wconf 90' lang='lat' dir='ltr'><strong>autem</strong></span> <span class='ocrx_word' id='word_1_841' title='bbox 2534 3949 2705 4015; x_wconf 74' lang='lat' dir='ltr'><strong>ipsum</strong></span> <span class='ocrx_word' id='word_1_842' title='bbox 2739 3947 2839 4001; x_wconf 94' lang='lat' dir='ltr'><strong>hoc</strong></span> <span class='ocrx_word' id='word_1_843' title='bbox 2869 3963 2933 4001; x_wconf 82' lang='lat' dir='ltr'><strong>ex</strong></span> <span class='ocrx_word' id='word_1_844' title='bbox 2962 3963 3021 4002; x_wconf 82' lang='lat' dir='ltr'><strong>se</strong></span> <span class='ocrx_word' id='word_1_845' title='bbox 3044 3948 3328 4016; x_wconf 87' lang='lat' dir='ltr'><strong>adjecisse,</strong></span> <span class='ocrx_word' id='word_1_846' title='bbox 3362 3958 3418 4002; x_wconf 92' lang='lat' dir='ltr'><strong>ut</strong></span> <span class='ocrx_word' id='word_1_847' title='bbox 3442 3952 3745 4018; x_wconf 75' lang='lat' dir='ltr'><strong>graviorem</strong></span> 
     </span>
    </p>
   </div>
   <div class='ocr_carea' id='block_1_101' title="bbox 2167 4038 3747 4102">
    <p class='ocr_par' dir='ltr' id='par_1_101' title="bbox 2167 4038 3747 4102">
     <span class='ocr_line' id='line_1_101' title="bbox 2167 4038 3747 4102; baseline 0.004 -11"><span class='ocrx_word' id='word_1_848' title='bbox 2167 4038 2366 4091; x_wconf 68' lang='lat' dir='ltr'><strong>fat-cret</strong></span> <span class='ocrx_word' id='word_1_849' title='bbox 2405 4039 2839 4102; x_wconf 85' lang='lat' dir='ltr'><strong>accusationem,</strong></span> <span class='ocrx_word' id='word_1_850' title='bbox 2898 4048 2954 4092; x_wconf 91' lang='lat' dir='ltr'><strong>et</strong></span> <span class='ocrx_word' id='word_1_851' title='bbox 3003 4039 3313 4094; x_wconf 88' lang='lat' dir='ltr'><strong>ostenderet</strong></span> <span class='ocrx_word' id='word_1_852' title='bbox 3337 4039 3608 4096; x_wconf 88' lang='lat' dir='ltr'><strong>Christum</strong></span> <span class='ocrx_word' id='word_1_853' title='bbox 3654 4044 3747 4098; x_wconf 86' lang='lat' dir='ltr'><strong>uni</strong></span> 
     </span>
    </p>
   </div>
   <div class='ocr_carea' id='block_1_102' title="bbox 2166 4128 3744 4197">
    <p class='ocr_par' dir='ltr' id='par_1_102' title="bbox 2166 4128 3744 4197">
     <span class='ocr_line' id='line_1_102' title="bbox 2166 4128 3744 4197; baseline 0.004 -17"><span class='ocrx_word' id='word_1_854' title='bbox 2166 4128 2351 4181; x_wconf 85' lang='lat' dir='ltr'><strong>datum</strong></span> <span class='ocrx_word' id='word_1_855' title='bbox 2382 4142 2503 4182; x_wconf 90' lang='lat' dir='ltr'><strong>esse</strong></span> <span class='ocrx_word' id='word_1_856' title='bbox 2534 4128 2691 4197; x_wconf 87' lang='lat' dir='ltr'><strong>parti,</strong></span> <span class='ocrx_word' id='word_1_857' title='bbox 2742 4128 2951 4181; x_wconf 87' lang='lat' dir='ltr'><strong>etiamsi</strong></span> <span class='ocrx_word' id='word_1_858' title='bbox 2992 4128 3068 4181; x_wconf 87' lang='lat' dir='ltr'><strong>illi</strong></span> <span class='ocrx_word' id='word_1_859' title='bbox 3102 4129 3203 4183; x_wconf 90' lang='lat' dir='ltr'><strong>hoc</strong></span> <span class='ocrx_word' id='word_1_860' title='bbox 3240 4144 3344 4183; x_wconf 93' lang='lat' dir='ltr'><strong>non</strong></span> <span class='ocrx_word' id='word_1_861' title='bbox 3372 4130 3450 4185; x_wconf 90' lang='lat' dir='ltr'><strong>sic</strong></span> <span class='ocrx_word' id='word_1_862' title='bbox 3484 4130 3744 4187; x_wconf 83' lang='lat' dir='ltr'><strong>facerent.</strong></span> 
     </span>
    </p>
   </div>
   <div class='ocr_carea' id='block_1_103' title="bbox 2167 4220 3744 4291">
    <p class='ocr_par' dir='ltr' id='par_1_103' title="bbox 2167 4220 3744 4291">
     <span class='ocr_line' id='line_1_103' title="bbox 2167 4220 3744 4291; baseline 0.003 -18"><span class='ocrx_word' id='word_1_863' title='bbox 2167 4220 2319 4286; x_wconf 86' lang='lat' dir='ltr'><strong>Quod</strong></span> <span class='ocrx_word' id='word_1_864' title='bbox 2343 4222 2487 4277; x_wconf 87' lang='lat' dir='ltr'><strong>enim</strong></span> <span class='ocrx_word' id='word_1_865' title='bbox 2536 4222 2637 4275; x_wconf 90' lang='lat' dir='ltr'><strong>hoc</strong></span> <span class='ocrx_word' id='word_1_866' title='bbox 2668 4220 3107 4284; x_wconf 76' lang='lat' dir='ltr'><strong>Subindicaverit,</strong></span> <span class='ocrx_word' id='word_1_867' title='bbox 3140 4236 3236 4290; x_wconf 88' lang='lat' dir='ltr'><strong>per</strong></span> <span class='ocrx_word' id='word_1_868' title='bbox 3262 4236 3323 4277; x_wconf 87' lang='lat' dir='ltr'><strong>ca</strong></span> <span class='ocrx_word' id='word_1_869' title='bbox 3355 4237 3473 4291; x_wconf 73' lang='lat' dir='ltr'><strong>qua:</strong></span> <span class='ocrx_word' id='word_1_870' title='bbox 3502 4238 3744 4291; x_wconf 85' lang='lat' dir='ltr'><strong>sequun-</strong></span> 
     </span>
    </p>
   </div>
   <div class='ocr_carea' id='block_1_104' title="bbox 2171 4311 3746 4380">
    <p class='ocr_par' dir='ltr' id='par_1_104' title="bbox 2171 4311 3746 4380">
     <span class='ocr_line' id='line_1_104' title="bbox 2171 4311 3746 4380; baseline 0.004 -15"><span class='ocrx_word' id='word_1_871' title='bbox 2171 4322 2253 4367; x_wconf 92' lang='lat' dir='ltr'><strong>tur</strong></span> <span class='ocrx_word' id='word_1_872' title='bbox 2279 4311 2514 4366; x_wconf 90' lang='lat' dir='ltr'><strong>ostendit</strong></span> <span class='ocrx_word' id='word_1_873' title='bbox 2536 4311 2720 4366; x_wconf 89' lang='lat' dir='ltr'><strong>dieens</strong></span> <span class='ocrx_word' id='word_1_874' title='bbox 2754 4329 2766 4366; x_wconf 93' lang='lat'><strong>:</strong></span> <span class='ocrx_word' id='word_1_875' title='bbox 2798 4313 2883 4366; x_wconf 79' lang='grc'><strong>15.</strong></span> <span class='ocrx_word' id='word_1_876' title='bbox 2918 4311 3125 4367; x_wconf 85' lang='lat' dir='ltr'><strong>Divisus</strong></span> <span class='ocrx_word' id='word_1_877' title='bbox 3146 4323 3218 4367; x_wconf 84' lang='lat' dir='ltr'><strong>est</strong></span> <span class='ocrx_word' id='word_1_878' title='bbox 3249 4312 3480 4371; x_wconf 77' lang='lat' dir='ltr'><strong>Christus</strong></span> <span class='ocrx_word' id='word_1_879' title='bbox 3505 4314 3531 4367; x_wconf 81' lang='lat'><strong>.’</strong></span> <span class='ocrx_word' id='word_1_880' title='bbox 3559 4316 3614 4369; x_wconf 89' lang='lat' dir='ltr'><strong>ld</strong></span> <span class='ocrx_word' id='word_1_881' title='bbox 3642 4326 3746 4380; x_wconf 84' lang='lat' dir='ltr'><strong>est.</strong></span> 
     </span>
    </p>
   </div>
   <div class='ocr_carea' id='block_1_105' title="bbox 2168 4402 3751 4473">
    <p class='ocr_par' dir='ltr' id='par_1_105' title="bbox 2168 4402 3751 4473">
     <span class='ocr_line' id='line_1_105' title="bbox 2168 4402 3751 4473; baseline 0.005 -17"><span class='ocrx_word' id='word_1_882' title='bbox 2168 4402 2438 4456; x_wconf 80' lang='lat' dir='ltr'><strong>Christum</strong></span> <span class='ocrx_word' id='word_1_883' title='bbox 2461 4402 2795 4468; x_wconf 84' lang='lat' dir='ltr'><strong>concidistis,</strong></span> <span class='ocrx_word' id='word_1_884' title='bbox 2816 4414 2869 4456; x_wconf 93' lang='lat' dir='ltr'><strong>ct</strong></span> <span class='ocrx_word' id='word_1_885' title='bbox 2892 4417 3085 4472; x_wconf 88' lang='lat' dir='ltr'><strong>corpus</strong></span> <span class='ocrx_word' id='word_1_886' title='bbox 3111 4405 3227 4473; x_wconf 89' lang='lat' dir='ltr'><strong>ejus</strong></span> <span class='ocrx_word' id='word_1_887' title='bbox 3260 4405 3539 4461; x_wconf 87' lang='lat' dir='ltr'><strong>divisistis.</strong></span> <span class='ocrx_word' id='word_1_888' title='bbox 3586 4407 3751 4463; x_wconf 81' lang='lat' dir='ltr'><strong>Vides</strong></span> 
     </span>
    </p>
   </div>
   <div class='ocr_carea' id='block_1_106' title="bbox 2171 4493 3754 4568">
    <p class='ocr_par' dir='ltr' id='par_1_106' title="bbox 2171 4493 3754 4568">
     <span class='ocr_line' id='line_1_106' title="bbox 2171 4493 3754 4568; baseline 0.001 -20"><span class='ocrx_word' id='word_1_889' title='bbox 2171 4496 2325 4560; x_wconf 89' lang='lat' dir='ltr'><strong>iram,</strong></span> <span class='ocrx_word' id='word_1_890' title='bbox 2360 4493 2509 4547; x_wconf 88' lang='lat' dir='ltr'><strong>vides</strong></span> <span class='ocrx_word' id='word_1_891' title='bbox 2531 4493 2977 4562; x_wconf 88' lang='lat' dir='ltr'><strong>increpationem,</strong></span> <span class='ocrx_word' id='word_1_892' title='bbox 3004 4495 3149 4549; x_wconf 88' lang='lat' dir='ltr'><strong>vides</strong></span> <span class='ocrx_word' id='word_1_893' title='bbox 3178 4510 3483 4550; x_wconf 89' lang='lat' dir='ltr'><strong>sermonem</strong></span> <span class='ocrx_word' id='word_1_894' title='bbox 3510 4497 3754 4568; x_wconf 81' lang='lat' dir='ltr'><strong>indigna-</strong></span> 
     </span>
    </p>
   </div>
   <div class='ocr_carea' id='block_1_107' title="bbox 2172 4586 3750 4655">
    <p class='ocr_par' dir='ltr' id='par_1_107' title="bbox 2172 4586 3750 4655">
     <span class='ocr_line' id='line_1_107' title="bbox 2172 4586 3750 4655; baseline 0.002 -15"><span class='ocrx_word' id='word_1_895' title='bbox 2172 4588 2315 4641; x_wconf 90' lang='lat' dir='ltr'><strong>tione</strong></span> <span class='ocrx_word' id='word_1_896' title='bbox 2346 4586 2597 4655; x_wconf 87' lang='lat' dir='ltr'><strong>plenum?</strong></span> <span class='ocrx_word' id='word_1_897' title='bbox 2619 4586 2750 4639; x_wconf 84' lang='lat' dir='ltr'><strong>Cum</strong></span> <span class='ocrx_word' id='word_1_898' title='bbox 2779 4588 2922 4639; x_wconf 90' lang='lat' dir='ltr'><strong>enim</strong></span> <span class='ocrx_word' id='word_1_899' title='bbox 2951 4604 3055 4640; x_wconf 90' lang='lat' dir='ltr'><strong>non</strong></span> <span class='ocrx_word' id='word_1_900' title='bbox 3087 4587 3398 4655; x_wconf 88' lang='lat' dir='ltr'><strong>probatione</strong></span> <span class='ocrx_word' id='word_1_901' title='bbox 3428 4599 3628 4653; x_wconf 90' lang='lat' dir='ltr'><strong>utatur,</strong></span> <span class='ocrx_word' id='word_1_902' title='bbox 3655 4590 3750 4643; x_wconf 89' lang='lat' dir='ltr'><strong>sed</strong></span> 
     </span>
    </p>
   </div>
   <div class='ocr_carea' id='block_1_108' title="bbox 2173 4677 3753 4748">
    <p class='ocr_par' dir='ltr' id='par_1_108' title="bbox 2173 4677 3753 4748">
     <span class='ocr_line' id='line_1_108' title="bbox 2173 4677 3753 4748; baseline 0.001 -16"><span class='ocrx_word' id='word_1_903' title='bbox 2173 4681 2466 4748; x_wconf 83' lang='lat' dir='ltr'><strong>interroget</strong></span> <span class='ocrx_word' id='word_1_904' title='bbox 2506 4688 2710 4731; x_wconf 87' lang='lat' dir='ltr'><strong>tantum</strong></span> <span class='ocrx_word' id='word_1_905' title='bbox 2734 4718 2747 4738; x_wconf 89' lang='lat'><strong>,</strong></span> <span class='ocrx_word' id='word_1_906' title='bbox 2783 4677 2886 4731; x_wconf 92' lang='lat' dir='ltr'><strong>hoc</strong></span> <span class='ocrx_word' id='word_1_907' title='bbox 2915 4677 3039 4732; x_wconf 69' lang='lat' dir='ltr'><strong>facit</strong></span> <span class='ocrx_word' id='word_1_908' title='bbox 3065 4683 3216 4747; x_wconf 86' lang='lat' dir='ltr'><strong>quasi</strong></span> <span class='ocrx_word' id='word_1_909' title='bbox 3248 4679 3553 4736; x_wconf 88' lang='lat' dir='ltr'><strong>absurditas</strong></span> <span class='ocrx_word' id='word_1_910' title='bbox 3583 4680 3671 4733; x_wconf 86' lang='lat' dir='ltr'><strong>illa</strong></span> <span class='ocrx_word' id='word_1_911' title='bbox 3698 4681 3753 4735; x_wconf 89' lang='lat' dir='ltr'><strong>in</strong></span> 
     </span>
    </p>
   </div>
   <div class='ocr_carea' id='block_1_109' title="bbox 2173 4767 3749 4837">
    <p class='ocr_par' dir='ltr' id='par_1_109' title="bbox 2173 4767 3749 4837">
     <span class='ocr_line' id='line_1_109' title="bbox 2173 4767 3749 4837; baseline 0.001 -15"><span class='ocrx_word' id='word_1_912' title='bbox 2173 4769 2419 4822; x_wconf 86' lang='lat' dir='ltr'><strong>eonfesso</strong></span> <span class='ocrx_word' id='word_1_913' title='bbox 2452 4769 2539 4821; x_wconf 85' lang='lat' dir='ltr'><strong>sit.</strong></span> <span class='ocrx_word' id='word_1_914' title='bbox 2570 4769 2797 4833; x_wconf 82' lang='lat' dir='ltr'><strong>Quidam</strong></span> <span class='ocrx_word' id='word_1_915' title='bbox 2820 4783 2949 4821; x_wconf 87' lang='lat' dir='ltr'><strong>vero</strong></span> <span class='ocrx_word' id='word_1_916' title='bbox 2978 4767 3121 4821; x_wconf 89' lang='lat' dir='ltr'><strong>aliud</strong></span> <span class='ocrx_word' id='word_1_917' title='bbox 3144 4767 3486 4823; x_wconf 83' lang='lat' dir='ltr'><strong>subindicare</strong></span> <span class='ocrx_word' id='word_1_918' title='bbox 3516 4779 3703 4837; x_wconf 90' lang='lat' dir='ltr'><strong>putant</strong></span> <span class='ocrx_word' id='word_1_919' title='bbox 3731 4810 3749 4834; x_wconf 90' lang='lat'><strong>,</strong></span> 
     </span>
    </p>
   </div>
   <div class='ocr_carea' id='block_1_110' title="bbox 2173 4856 3757 4929">
    <p class='ocr_par' dir='ltr' id='par_1_110' title="bbox 2173 4856 3757 4929">
     <span class='ocr_line' id='line_1_110' title="bbox 2173 4856 3757 4929; baseline 0 -15"><span class='ocrx_word' id='word_1_920' title='bbox 2173 4876 2291 4914; x_wconf 92' lang='lat' dir='ltr'><strong>cum</strong></span> <span class='ocrx_word' id='word_1_921' title='bbox 2334 4860 2437 4911; x_wconf 88' lang='lat' dir='ltr'><strong>ait:</strong></span> <span class='ocrx_word' id='word_1_922' title='bbox 2467 4857 2673 4911; x_wconf 84' lang='lat' dir='ltr'><strong>Divisus</strong></span> <span class='ocrx_word' id='word_1_923' title='bbox 2712 4868 2781 4910; x_wconf 88' lang='lat' dir='ltr'><strong>est</strong></span> <span class='ocrx_word' id='word_1_924' title='bbox 2811 4856 3044 4911; x_wconf 86' lang='lat' dir='ltr'><strong>Christus</strong></span> <span class='ocrx_word' id='word_1_925' title='bbox 3068 4874 3085 4920; x_wconf 87' lang='lat'><strong>;</strong></span> <span class='ocrx_word' id='word_1_926' title='bbox 3109 4873 3301 4926; x_wconf 89' lang='lat' dir='ltr'><strong>nempe</strong></span> <span class='ocrx_word' id='word_1_927' title='bbox 3324 4858 3590 4926; x_wconf 80' lang='lat' dir='ltr'><strong>diSpertiit</strong></span> <span class='ocrx_word' id='word_1_928' title='bbox 3617 4859 3757 4929; x_wconf 86' lang='lat' dir='ltr'><strong>apud</strong></span> 
     </span>
    </p>
   </div>
   <div class='ocr_carea' id='block_1_111' title="bbox 2176 4949 3758 5019">
    <p class='ocr_par' dir='ltr' id='par_1_111' title="bbox 2176 4949 3758 5019">
     <span class='ocr_line' id='line_1_111' title="bbox 2176 4949 3758 5019; baseline -0.001 -15"><span class='ocrx_word' id='word_1_929' title='bbox 2176 4951 2416 5004; x_wconf 83' lang='lat' dir='ltr'><strong>homines</strong></span> <span class='ocrx_word' id='word_1_930' title='bbox 2444 4960 2497 5003; x_wconf 90' lang='lat' dir='ltr'><strong>et</strong></span> <span class='ocrx_word' id='word_1_931' title='bbox 2524 4950 2701 5003; x_wconf 87' lang='lat' dir='ltr'><strong>divisit</strong></span> <span class='ocrx_word' id='word_1_932' title='bbox 2736 4949 3054 5011; x_wconf 78' lang='lat' dir='ltr'><strong>Ecclesiam,</strong></span> <span class='ocrx_word' id='word_1_933' title='bbox 3083 4958 3137 5002; x_wconf 89' lang='lat' dir='ltr'><strong>et</strong></span> <span class='ocrx_word' id='word_1_934' title='bbox 3160 4960 3363 5016; x_wconf 87' lang='lat' dir='ltr'><strong>partem</strong></span> <span class='ocrx_word' id='word_1_935' title='bbox 3394 4950 3608 5019; x_wconf 88' lang='lat' dir='ltr'><strong>quidem</strong></span> <span class='ocrx_word' id='word_1_936' title='bbox 3644 4952 3758 5017; x_wconf 88' lang='lat' dir='ltr'><strong>ipse</strong></span> 
     </span>
    </p>
   </div>
   <div class='ocr_carea' id='block_1_112' title="bbox 2174 5039 3757 5109">
    <p class='ocr_par' dir='ltr' id='par_1_112' title="bbox 2174 5039 3757 5109">
     <span class='ocr_line' id='line_1_112' title="bbox 2174 5039 3757 5109; baseline -0.003 -12"><span class='ocrx_word' id='word_1_937' title='bbox 2174 5043 2337 5109; x_wconf 84' lang='lat' dir='ltr'><strong>cepit,</strong></span> <span class='ocrx_word' id='word_1_938' title='bbox 2362 5042 2625 5109; x_wconf 86' lang='lat' dir='ltr'><strong>aliamque</strong></span> <span class='ocrx_word' id='word_1_939' title='bbox 2654 5041 2756 5093; x_wconf 86' lang='lat' dir='ltr'><strong>illis</strong></span> <span class='ocrx_word' id='word_1_940' title='bbox 2784 5040 2948 5093; x_wconf 85' lang='lat' dir='ltr'><strong>dedit.</strong></span> <span class='ocrx_word' id='word_1_941' title='bbox 2987 5039 3187 5094; x_wconf 86' lang='lat' dir='ltr'><strong>Deinde</strong></span> <span class='ocrx_word' id='word_1_942' title='bbox 3209 5040 3592 5094; x_wconf 86' lang='lat' dir='ltr'><strong>absurditatem</strong></span> <span class='ocrx_word' id='word_1_943' title='bbox 3612 5041 3757 5093; x_wconf 88' lang='lat' dir='ltr'><strong>illam</strong></span> 
     </span>
    </p>
   </div>
   <div class='ocr_carea' id='block_1_113' title="bbox 2179 5130 3754 5199">
    <p class='ocr_par' dir='ltr' id='par_1_113' title="bbox 2179 5130 3754 5199">
     <span class='ocr_line' id='line_1_113' title="bbox 2179 5130 3754 5199; baseline -0.003 -14"><span class='ocrx_word' id='word_1_944' title='bbox 2179 5133 2314 5185; x_wconf 90' lang='lat' dir='ltr'><strong>tollit</strong></span> <span class='ocrx_word' id='word_1_945' title='bbox 2337 5132 2521 5185; x_wconf 85' lang='lat' dir='ltr'><strong>dicens</strong></span> <span class='ocrx_word' id='word_1_946' title='bbox 2547 5149 2557 5182; x_wconf 92' lang='lat'><strong>:</strong></span> <span class='ocrx_word' id='word_1_947' title='bbox 2602 5132 2863 5199; x_wconf 83' lang='lat' dir='ltr'><strong>Numquid</strong></span> <span class='ocrx_word' id='word_1_948' title='bbox 2898 5130 3095 5184; x_wconf 85' lang='lat' dir='ltr'><strong>Paulus</strong></span> <span class='ocrx_word' id='word_1_949' title='bbox 3136 5133 3413 5199; x_wconf 70' lang='lat' dir='ltr'><strong>cruciﬁxus</strong></span> <span class='ocrx_word' id='word_1_950' title='bbox 3435 5140 3505 5185; x_wconf 80' lang='lat' dir='ltr'><strong>est</strong></span> <span class='ocrx_word' id='word_1_951' title='bbox 3536 5147 3629 5197; x_wconf 80' lang='lat' dir='ltr'><strong>pro</strong></span> <span class='ocrx_word' id='word_1_952' title='bbox 3660 5145 3754 5181; x_wconf 80' lang='lat' dir='ltr'><strong>vo~</strong></span> 
     </span>
    </p>
   </div>
   <div class='ocr_carea' id='block_1_114' title="bbox 2178 5222 3763 5293">
    <p class='ocr_par' dir='ltr' id='par_1_114' title="bbox 2178 5222 3763 5293">
     <span class='ocr_line' id='line_1_114' title="bbox 2178 5222 3763 5293; baseline -0.001 -17"><span class='ocrx_word' id='word_1_953' title='bbox 2178 5225 2271 5288; x_wconf 85' lang='lat' dir='ltr'><strong>bis,</strong></span> <span class='ocrx_word' id='word_1_954' title='bbox 2303 5235 2390 5275; x_wconf 87' lang='lat' dir='ltr'><strong>aut</strong></span> <span class='ocrx_word' id='word_1_955' title='bbox 2415 5227 2467 5276; x_wconf 88' lang='lat' dir='ltr'><strong>in</strong></span> <span class='ocrx_word' id='word_1_956' title='bbox 2499 5225 2699 5277; x_wconf 85' lang='lat' dir='ltr'><strong>nomine</strong></span> <span class='ocrx_word' id='word_1_957' title='bbox 2727 5224 2883 5276; x_wconf 85' lang='lat' dir='ltr'><strong>Pauli</strong></span> <span class='ocrx_word' id='word_1_958' title='bbox 2913 5224 3155 5293; x_wconf 73' lang='lat' dir='ltr'><strong>baptizati</strong></span> <span class='ocrx_word' id='word_1_959' title='bbox 3175 5224 3293 5278; x_wconf 87' lang='lat' dir='ltr'><strong>estis</strong></span> <span class='ocrx_word' id='word_1_960' title='bbox 3313 5226 3339 5276; x_wconf 70' lang='lat'><strong>.9</strong></span> <span class='ocrx_word' id='word_1_961' title='bbox 3368 5222 3497 5275; x_wconf 86' lang='lat' dir='ltr'><strong>Vide</strong></span> <span class='ocrx_word' id='word_1_962' title='bbox 3524 5230 3763 5275; x_wconf 85' lang='lat' dir='ltr'><strong>mentem</strong></span> 
     </span>
    </p>
   </div>
   <div class='ocr_carea' id='block_1_115' title="bbox 2181 5310 3765 5382">
    <p class='ocr_par' dir='ltr' id='par_1_115' title="bbox 2181 5310 3765 5382">
     <span class='ocr_line' id='line_1_115' title="bbox 2181 5310 3765 5382; baseline -0.002 -17"><span class='ocrx_word' id='word_1_963' title='bbox 2181 5314 2375 5366; x_wconf 86' lang='lat' dir='ltr'><strong>Christi</strong></span> <span class='ocrx_word' id='word_1_964' title='bbox 2408 5327 2711 5373; x_wconf 75' lang='lat' dir='ltr'><strong>amantem,</strong></span> <span class='ocrx_word' id='word_1_965' title='bbox 2745 5316 3017 5382; x_wconf 87' lang='lat' dir='ltr'><strong>quomodo</strong></span> <span class='ocrx_word' id='word_1_966' title='bbox 3075 5317 3127 5368; x_wconf 90' lang='lat' dir='ltr'><strong>in</strong></span> <span class='ocrx_word' id='word_1_967' title='bbox 3175 5327 3371 5368; x_wconf 87' lang='lat' dir='ltr'><strong>nomen</strong></span> <span class='ocrx_word' id='word_1_968' title='bbox 3419 5324 3574 5363; x_wconf 83' lang='lat' dir='ltr'><strong>suum</strong></span> <span class='ocrx_word' id='word_1_969' title='bbox 3610 5310 3765 5363; x_wconf 82' lang='lat' dir='ltr'><strong>dein-</strong></span> 
     </span>
    </p>
   </div>
   <div class='ocr_carea' id='block_1_116' title="bbox 2184 5400 3763 5471">
    <p class='ocr_par' dir='ltr' id='par_1_116' title="bbox 2184 5400 3763 5471">
     <span class='ocr_line' id='line_1_116' title="bbox 2184 5400 3763 5471; baseline -0.001 -15"><span class='ocrx_word' id='word_1_970' title='bbox 2184 5418 2311 5471; x_wconf 89' lang='lat' dir='ltr'><strong>ceps</strong></span> <span class='ocrx_word' id='word_1_971' title='bbox 2343 5414 2512 5457; x_wconf 89' lang='lat' dir='ltr'><strong>totum</strong></span> <span class='ocrx_word' id='word_1_972' title='bbox 2552 5405 2781 5458; x_wconf 89' lang='lat' dir='ltr'><strong>adducat</strong></span> <span class='ocrx_word' id='word_1_973' title='bbox 2809 5446 2823 5469; x_wconf 95' lang='lat'><strong>,</strong></span> <span class='ocrx_word' id='word_1_974' title='bbox 2848 5406 3074 5460; x_wconf 85' lang='lat' dir='ltr'><strong>ubertim</strong></span> <span class='ocrx_word' id='word_1_975' title='bbox 3104 5403 3396 5458; x_wconf 88' lang='lat' dir='ltr'><strong>ostendens</strong></span> <span class='ocrx_word' id='word_1_976' title='bbox 3423 5400 3563 5453; x_wconf 91' lang='lat' dir='ltr'><strong>hunc</strong></span> <span class='ocrx_word' id='word_1_977' title='bbox 3591 5401 3763 5455; x_wconf 60' lang='lat' dir='ltr'><strong>honoo</strong></span> 
     </span>
    </p>
   </div>
   <div class='ocr_carea' id='block_1_117' title="bbox 2187 5489 3767 5559">
    <p class='ocr_par' dir='ltr' id='par_1_117' title="bbox 2187 5489 3767 5559">
     <span class='ocr_line' id='line_1_117' title="bbox 2187 5489 3767 5559; baseline 0.001 -14"><span class='ocrx_word' id='word_1_978' title='bbox 2187 5506 2299 5545; x_wconf 87' lang='lat' dir='ltr'><strong>rem</strong></span> <span class='ocrx_word' id='word_1_979' title='bbox 2323 5493 2521 5545; x_wconf 88' lang='lat' dir='ltr'><strong>nemini</strong></span> <span class='ocrx_word' id='word_1_980' title='bbox 2539 5503 2868 5559; x_wconf 87' lang='lat' dir='ltr'><strong>competere.</strong></span> <span class='ocrx_word' id='word_1_981' title='bbox 2898 5497 2970 5546; x_wconf 75' lang='lat' dir='ltr'><strong>Ae</strong></span> <span class='ocrx_word' id='word_1_982' title='bbox 2997 5509 3065 5547; x_wconf 89' lang='lat' dir='ltr'><strong>ne</strong></span> <span class='ocrx_word' id='word_1_983' title='bbox 3096 5492 3336 5544; x_wconf 87' lang='lat' dir='ltr'><strong>videatur</strong></span> <span class='ocrx_word' id='word_1_984' title='bbox 3362 5489 3559 5542; x_wconf 89' lang='lat' dir='ltr'><strong>invidia</strong></span> <span class='ocrx_word' id='word_1_985' title='bbox 3588 5501 3767 5546; x_wconf 89' lang='lat' dir='ltr'><strong>motus</strong></span> 
     </span>
    </p>
   </div>
   <div class='ocr_carea' id='block_1_118' title="bbox 2191 5579 3765 5649">
    <p class='ocr_par' dir='ltr' id='par_1_118' title="bbox 2191 5579 3765 5649">
     <span class='ocr_line' id='line_1_118' title="bbox 2191 5579 3765 5649; baseline 0.003 -17"><span class='ocrx_word' id='word_1_986' title='bbox 2191 5580 2303 5634; x_wconf 68' lang='lat' dir='ltr'><strong>haec</strong></span> <span class='ocrx_word' id='word_1_987' title='bbox 2353 5579 2572 5645; x_wconf 89' lang='lat' dir='ltr'><strong>dicere,</strong></span> <span class='ocrx_word' id='word_1_988' title='bbox 2615 5582 2736 5634; x_wconf 91' lang='lat' dir='ltr'><strong>ideo</strong></span> <span class='ocrx_word' id='word_1_989' title='bbox 2784 5598 2841 5635; x_wconf 88' lang='lat' dir='ltr'><strong>se</strong></span> <span class='ocrx_word' id='word_1_990' title='bbox 2896 5584 3201 5649; x_wconf 84' lang='lat' dir='ltr'><strong>frequenter</strong></span> <span class='ocrx_word' id='word_1_991' title='bbox 3252 5579 3631 5635; x_wconf 82' lang='lat' dir='ltr'><strong>cireumversat</strong></span> <span class='ocrx_word' id='word_1_992' title='bbox 3668 5600 3679 5633; x_wconf 93' lang='lat'><strong>:</strong></span> <span class='ocrx_word' id='word_1_993' title='bbox 3713 5594 3765 5637; x_wconf 83' lang='lat' dir='ltr'><strong>et</strong></span> 
     </span>
    </p>
   </div>
   <div class='ocr_carea' id='block_1_119' title="bbox 2193 5672 3762 5742">
    <p class='ocr_par' dir='ltr' id='par_1_119' title="bbox 2193 5672 3762 5742">
     <span class='ocr_line' id='line_1_119' title="bbox 2193 5672 3762 5742; baseline 0.005 -17"><span class='ocrx_word' id='word_1_994' title='bbox 2193 5672 2531 5740; x_wconf 84' lang='lat' dir='ltr'><strong>prudentiam</strong></span> <span class='ocrx_word' id='word_1_995' title='bbox 2561 5673 2860 5727; x_wconf 80' lang='lat' dir='ltr'><strong>considera.</strong></span> <span class='ocrx_word' id='word_1_996' title='bbox 2891 5673 3005 5728; x_wconf 82' lang='lat' dir='ltr'><strong>Non</strong></span> <span class='ocrx_word' id='word_1_997' title='bbox 3036 5673 3176 5727; x_wconf 85' lang='lat' dir='ltr'><strong>enim</strong></span> <span class='ocrx_word' id='word_1_998' title='bbox 3205 5672 3359 5742; x_wconf 83' lang='lat' dir='ltr'><strong>dixit,</strong></span> <span class='ocrx_word' id='word_1_999' title='bbox 3394 5673 3529 5729; x_wconf 88' lang='lat' dir='ltr'><strong>Num</strong></span> <span class='ocrx_word' id='word_1_1000' title='bbox 3562 5675 3762 5733; x_wconf 76' lang='lat' dir='ltr'><strong>Paulus</strong></span> 
     </span>
    </p>
   </div>
  </div>
