4018 6208
198 373 266 430 95
1242 356 1312 411 IN
1347 354 1565 412 EPIST.
1598 354 1615 407 l
1679 353 1770 408 AD
1808 350 1964 405 C0“.
2002 349 2235 405 HOMIL.
2276 350 2363 407 Ill.
3380 353 3452 408 ΩΒ

219 483 456 541 uitandum
495 474 771 536 condidit?
800 489 927 530 num
980 470 1175 527 Paulus
1201 484 1297 523 vos
1346 483 1415 524 ex.
1441 466 1613 521 nihilo
1644 479 1767 533 pro-

211 575 387 633 duxit?
410 572 506 629 sed
535 586 657 640 qua:
693 570 747 625 in
775 566 1022 623 ﬁdelibus
1046 570 1200 618 erant
1225 562 1443 626 eximia,
1486 568 1542 614 et
1565 573 1770 628 magna:

206 664 561 737 providentia.
587 676 652 717 ea
674 658 843 731 ponit,
867 671 1082 716 crucem
1112 663 1169 711 et
1189 653 1539 724 baptismum,
1556 659 1612 705 et
1631 650 1772 704 bona

206 757 319 812 inde
344 763 515 824 parta.
545 752 681 808 Nam
718 749 812 806 Dei
841 763 968 819 erga
996 746 1244 801 homines
1266 757 1507 798 amorem
1532 738 1772 797 ostendit

207 846 376 901 mundi
402 844 626 909 creatio,
656 841 891 899 maxime
928 854 1057 894 vero
1083 837 1174 892 illa
1206 851 1303 903 per
1325 847 1543 890 crucem
1572 830 1770 886 demis-

206 940 296 995 sio.
321 940 386 994 Et
411 955 515 992 non
535 937 693 1004 dixit,
713 934 849 990 Num
873 932 1069 988 Paulus
1092 938 1336 985 mortuus
1359 937 1441 983 est
1465 940 1565 998 pro
1582 921 1773 978 vobis?

206 1030 312 1093 sed,
342 1027 484 1081 Num
508 1025 706 1081 Paulus
725 1023 999 1091 cruciﬁxus
1018 1030 1091 1077 est
1110 1021 1137 1075 2
1162 1017 1353 1074 mortis
1377 1030 1589 1087 quoque
1606 1027 1776 1084 genus

207 1120 471 1186 indicans?
496 1128 541 1172 et
567 1119 622 1172 in
645 1117 845 1172 nomine
858 1113 1018 1169 Pauli
1038 1110 1282 1182 baptisati
1300 1110 1420 1166 estis
1434 1109 1460 1162 .9
1480 1107 1592 1163 Nec
1610 1106 1766 1173 dixit,

205 1192 329 1269 sui“
348 1212 542 1268 Paulus
564 1226 661 1266 vos
687 1206 1008 1280 baptizavit?
1027 1204 1228 1261 multos
1250 1201 1395 1259 enim
1418 1201 1508 1256 ille
1534 1198 1773 1278 baptiza-

206 1304 277 1358 vit
305 1323 317 1356 :
341 1318 524 1357 verum
547 1302 599 1357 id
620 1316 726 1355 non
751 1299 1111 1370 qua-rebatur,
1139 1310 1169 1350 a
1189 1309 1296 1365 quo
1313 1307 1505 1362 nempe
1524 1288 1776 1362 baptizati

206 1397 439 1459 fuissent,
464 1394 556 1449 sed
590 1394 645 1447 in
687 1391 843 1461 cujus
886 1389 1103 1444 nomine
1129 1383 1385 1456 baptizati
1410 1390 1613 1439 essent.
1640 1380 1775 1449 Quia

202 1487 336 1539 enim
365 1485 464 1539 hoc
508 1484 857 1537 schismatum
905 1491 1065 1532 causa
1105 1476 1300 1537 fuerat,
1331 1473 1475 1542 quod
1515 1488 1582 1527 ex
1603 1470 1775 1538 bapti-

205 1577 439 1630 zantibns
466 1588 661 1628 nomen
679 1572 1009 1638 acciperent,
1034 1565 1137 1620 hoc
1151 1564 1311 1618 etiam
1329 1562 1548 1631 corrigit
1567 1560 1774 1623 dicens,

203 1672 274 1720 An
303 1668 353 1719 in
405 1665 606 1717 nomine
651 1661 805 1714 Pauli
833 1657 1073 1729 baptismi
1129 1655 1248 1709 estis
1274 1654 1299 1708 γ
1328 1652 1393 1707 Et
1445 1666 1514 1707 ne
1540 1650 1772 1715 dixeris,

206 1759 389 1826 inquit,
418 1755 550 1822 Quis
595 1751 890 1823 baptizavit
912 1789 929 1815 ,
971 1748 1093 1813 sed,
1128 1746 1185 1800 la
1214 1746 1368 1814 cujus
1389 1743 1626 1811 nomine.
1656 1741 1777 1795 Non

206 1832 344 1904 enim
390 1848 649 1917 quaeritur
680 1845 802 1917 quis
827 1842 1081 1913 baptizet,
1113 1839 1207 1896 sed
1234 1839 1355 1910 quis
1374 1837 1428 1893 in
1460 1836 1779 1905 baptismate

200 1951 416 1996 vocetur
444 1957 457 1993 :
491 1939 577 1994 hic
606 1938 750 1994 enim
792 1943 1010 2005 peccata
1034 1932 1276 1989 dimittit.
1329 1930 1426 1985 Hic
1445 1929 1669 1999 gradum
1704 1927 1779 1983 si-

198 2035 305 2097 stit,
337 2049 435 2087 nec
461 2047 580 2101 qua:
608 2038 907 2100 sequuntur
936 2025 1298 2097 persequitur.
1322 2024 1437 2078 Non
1460 2022 1604 2077 enim
1624 2021 1774 2086 dicit,

198 2122 329 2176 Num
363 2122 556 2176 Paulus
574 2116 725 2174 vobis
749 2117 928 2173 futura
960 2116 1099 2170 bona
1116 2114 1409 2186 promisit?
1431 2129 1556 2168 num
1582 2112 1776 2166 Paulus

197 2215 348 2267 vobis
380 2211 627 2281 promisit
659 2224 883 2281 regnum
911 2208 1209 2264 caelorum?
1235 2208 1340 2262 Cur
1362 2222 1490 2277 ergo
1521 2206 1636 2260 haec
1667 2221 1775 2259 non

197 2303 417 2372 adjicit?
438 2304 574 2377 Quia
608 2316 731 2357 non
760 2316 856 2371 par
891 2315 985 2354 res
1012 2307 1095 2354 est
1122 2312 1341 2367 regnum
1380 2295 1694 2366 promittere
1723 2305 1778 2349 et

195 2395 452 2465 crucifigi.
483 2393 618 2449 Illud
638 2393 782 2448 enim
805 2407 906 2448 nec
927 2390 1216 2462 periculum
1241 2388 1490 2455 habebat,
1524 2402 1622 2443 nec
1651 2386 1783 2441 alie-

197 2489 348 2543 rebat
372 2486 764 2557 ignominiam:
795 2484 899 2539 hoc
933 2498 1062 2539 vero
1104 2483 1219 2537 inec
1272 2480 1474 2535 omnia.
1528 2478 1781 2547 Alioquin

195 2588 374 2632 autem
422 2576 492 2631 ab
522 2577 609 2631 bis
640 2576 728 2629 illa
772 2574 986 2645 probat.
1017 2574 1154 2628 Cum
1186 2572 1410 2626 dixisset
1458 2570 1601 2625 enim
1628 2610 1643 2633 ,
1678 2568 1782 2635 Qui

196 2669 402 2739 proprio
434 2666 575 2719 Filio
605 2681 699 2719 suc
736 2682 836 2718 non
874 2665 1114 2733 pepercit,
1144 2662 1349 2731 adjicit,
1385 2660 1650 2727 Quomodo
1678 2676 1779 2713 non

196 2758 348 2811 etiam
372 2771 491 2809 cum
518 2755 610 2808 illo
651 2754 822 2807 omnia
848 2752 993 2805 nobis
1015 2751 1222 2804 donabit
1252 2750 1426 2817 (Rom.
1451 2752 1505 2804 8.
1538 2749 1674 2819 52)?
1725 2758 1780 2804 et

193 2861 430 2909 rursum,
460 2844 521 2900 Si
549 2845 683 2898 enim
710 2842 905 2898 inimici
927 2857 1042 2895 cum
1069 2856 1310 2903 mus,
1338 2838 1649 2892 reconciliati
1686 2854 1777 2891 su-

194 2956 308 2995 mus
335 2938 440 2991 Deo
470 2953 559 3007 per
587 2944 797 2991 mortem
820 2924 947 2988 Filii
976 2934 1106 3003 ejus,
1145 2932 1302 2985 multo
1342 2930 1502 2999 magis
1547 2929 1777 2982 reconci-

195 3028 309 3081 liati
345 3027 652 3081 salvabimur
702 3023 838 3097 (Id.
885 3024 940 3079 5.
1000 3020 1129 3093 i0).
1180 3020 1305 3076 ideo
1352 3034 1457 3074 non
1510 3019 1596 3073 illa
1650 3018 1779 3074 sub-

196 3117 403 3189 junxit,
431 3124 489 3173 et
513 3115 655 3188 quod
680 3116 767 3173 illa
788 3113 1004 3187 quidem
1028 3113 1265 3169 nondum
1290 3112 1569 3176 haberent,
1590 3110 1778 3165 horum

192 3219 375 3264 autem
414 3210 523 3279 jam
555 3209 941 3280 experientiam
981 3206 1349 3275 accepissent;
1407 3214 1462 3257 et
1504 3202 1644 3272 quod
1686 3203 1777 3257 illa

192 3300 416 3370 quidem
447 3300 500 3357 in
532 3299 982 3370 promissionibus
1008 3339 1024 3364 ,
1053 3296 1169 3352 haec
1218 3310 1350 3350 vero
1372 3294 1483 3362 jam
1532 3296 1669 3347 facta
1691 3308 1780 3349 es-

192 3400 336 3450 sent.
368 3393 455 3446 14.
490 3390 695 3445 Gratias
722 3407 819 3461 ago
842 3389 952 3444 Deo
973 3405 1084 3444 meo
1107 3430 1121 3454 ,
1148 3390 1266 3459 quia
1293 3387 1539 3441 nemiuem
1565 3394 1781 3439 vestrum

194 3485 473 3553 baptisavi,
512 3484 609 3537 nisi
629 3482 871 3551 Crispum
890 3490 937 3536 et
966 3479 1175 3535 Gaium.
1220 3478 1331 3533 Cur
1361 3477 1527 3532 altum
1553 3476 1776 3546 sapitis,

193 3574 340 3643 quod
374 3573 686 3643 baptizetis,
737 3572 953 3643 quando
981 3587 1084 3643 ego
1110 3569 1313 3641 gratias
1352 3585 1473 3639 ago,
1514 3566 1654 3639 quod
1682 3565 1784 3621 hoc

195 3680 307 3720 non
339 3664 595 3719 fecerim?
623 3664 754 3718 Cum
778 3663 892 3718 haec
907 3673 1083 3717 autem
1111 3660 1260 3724 dicit,
1285 3659 1496 3714 illorum
1521 3668 1782 3713 tumoretn

190 3756 490 3825 prudenter
518 3755 654 3810 tollit
678 3770 693 3816 ;
724 3768 829 3809 non
852 3753 958 3809 viut
992 3752 1349 3821 baptismatis,
1378 3750 1537 3814 absit,
1568 3748 1662 3803 sed
1685 3763 1780 3801 ar-

192 3845 501 3916 rogantiam
533 3860 741 3907 eorum,
776 3842 867 3914 qui
894 3842 962 3898 de
988 3841 1118 3897 dato
1142 3840 1463 3912 baptismate
1488 3838 1786 3909 gloriaban-

202 3949 330 4003 tur;
362 3937 536 4007 primo
560 3935 855 3990 ostendens
877 3949 984 3989 non
1006 3933 1246 4003 ipsorum
1280 3945 1402 3986 esse
1422 3930 1621 3985 donum
1648 3945 1663 3995 ;
1695 3946 1782 3983 se-

186 4030 377 4083 cundo
400 4028 601 4098 gratias
632 4041 797 4096 agens
826 4026 937 4079 Deo
967 4040 1028 4079 ea
1060 4024 1128 4079 de
1157 4038 1338 4077 causa.
1371 4022 1503 4075 Nam
1533 4036 1783 4091 magnum

186 4120 417 4190 quidem
447 4128 530 4173 est
555 4117 839 4187 baptisma,
863 4115 959 4182 sed
987 4131 1093 4169 non
1116 4114 1264 4169 illum
1307 4130 1556 4186 maguum
1587 4114 1709 4167 facit
1742 4112 1785 4165 is

192 4212 290 4279 qui
322 4211 577 4280 baptizat,
601 4210 696 4263 sed
721 4209 811 4278 qui
838 4208 892 4263 in
922 4206 1242 4277 baptismate
1271 4207 1573 4262 invocatur.
1602 4207 1783 4275 Baptio

192 4322 325 4358 lare
355 4303 500 4357 cnim
531 4302 663 4357 nihil
694 4312 797 4366 est,
824 4299 968 4369 quod
996 4299 1063 4353 ad
1094 4298 1389 4353 humanum
1420 4298 1612 4352 attinet
1638 4298 1786 4350 labo-

190 4413 316 4455 rem
348 4415 363 4461 ;
392 4395 487 4451 sed
517 4396 684 4451 multo
708 4394 884 4448 minus
903 4400 1007 4457 est,
1036 4406 1201 4461 quam
1222 4392 1611 4463 evangelizare.
1655 4390 1785 4444 Nam

194 4506 396 4560 magna
422 4490 636 4558 quidem
673 4503 761 4543 res
790 4496 873 4542 est
899 4485 1181 4555 baptisma,
1226 4485 1415 4538 iterum
1442 4484 1581 4545 dico,
1605 4484 1789 4539 etsinc

193 4584 528 4651 baptismate
554 4594 662 4635 non
693 4593 973 4649 possumus
1000 4591 1221 4647 regnum
1251 4576 1504 4645 consequi
1537 4594 1548 4627 :
1578 4578 1670 4630 sed
1696 4591 1790 4645 po-

196 4684 310 4726 test
338 4673 442 4725 hoc
464 4671 643 4725 facere
667 4670 747 4725 vir
769 4686 873 4724 non
901 4665 1186 4723 admodum
1206 4666 1522 4735 prmclarus;
1556 4680 1789 4737 cvange-

194 4763 375 4815 lizarc
407 4770 586 4814 autem
616 4762 769 4815 multi
800 4758 999 4814 laboris
1024 4766 1126 4812 est.

272 4854 331 4906 3.
352 4851 592 4905 Causam
626 4866 755 4906 vero
805 4850 934 4905 dicit
960 4863 1055 4903 cur
1092 4837 1289 4917 gratias
1319 4856 1460 4917 agat,
1492 4847 1633 4919 quod
1680 4847 1790 4902 nul-

192 4943 318 4995 lum
341 4941 705 5009 baptizaverit.
730 4942 983 5008 Quaenam
1011 4939 1098 4993 illa
1128 4937 1247 4993 est?
1271 4938 1357 4993 15.
1388 4937 1472 4993 Ne
1498 4940 1609 5009 quis
1633 4940 1786 5005 dicat,

194 5030 402 5101 inquit,
427 5030 560 5099 quod
576 5032 630 5084 in
650 5032 851 5086 nomine
877 5048 986 5086 meo
1013 5028 1254 5099 baptizati
1282 5029 1420 5082 estis.
1453 5030 1589 5098 Quid
1620 5032 1792 5084 vero?

199 5123 275 5179 de
302 5121 485 5176 illisue
522 5121 622 5175 hoc
649 5122 937 5177 dicebant?
965 5122 1182 5177 Minime
1216 5136 1229 5171 :
1256 5119 1353 5175 sed
1385 5122 1569 5187 timeo,
1596 5122 1791 5191 inquit,

193 5231 273 5271 ne
307 5229 377 5270 eo
408 5211 631 5267 morbus
656 5214 929 5270 deveniat.
961 5214 1093 5268 Nam
1125 5212 1168 5267 si
1206 5227 1326 5267 cum
1356 5212 1490 5267 viles
1514 5223 1568 5268 et
1595 5214 1794 5269 nullius

198 5304 383 5376 pretii
402 5303 647 5360 homines
671 5303 1006 5373 baptizarent
1026 5347 1042 5371 ,
1074 5305 1295 5359 hznresis
1322 5312 1444 5358 nata
1469 5316 1588 5371 est;
1620 5308 1662 5360 si
1689 5322 1789 5376 ego

196 5397 303 5465 qui
336 5396 662 5464 baptismum
688 5395 1003 5450 annuntiavi
1030 5396 1233 5451 multos
1263 5394 1619 5464 baptizassem
1645 5437 1662 5463 ,
1692 5412 1794 5453 ve-

195 5486 441 5541 risimile
463 5495 580 5542 erat
598 5500 692 5542 eos
717 5485 805 5556 qui
830 5496 1216 5553 convenerant,
1246 5502 1361 5541 non
1391 5480 1552 5541 modo
1576 5488 1795 5543 nomine

192 5592 335 5632 meo
360 5576 637 5633 vocandos
660 5578 794 5644 fore,
823 5576 917 5632 sed
946 5578 1107 5632 etiam
1135 5577 1399 5647 baptisma
1422 5577 1553 5631 mihi
1592 5576 1795 5633 adscri-

197 5679 409 5741 psuros
448 5667 635 5727 fuisse.
679 5670 737 5726 Si
765 5670 907 5727 enim
935 5684 969 5725 a
1011 5669 1249 5725 minimis
1274 5677 1478 5724 tantum
1500 5678 1678 5723 ortum
1705 5678 1790 5725 est

198 5763 442 5832 malum,
468 5762 609 5822 forte
632 5763 789 5838 longe
812 5763 1025 5838 gravius
1054 5779 1087 5820 a
1114 5762 1409 5837 majoribus
1433 5765 1795 5839 provenisset.

1880 460 2015 517 Cum
2062 462 2219 534 igitur
2252 477 2348 519 eos
2372 464 2461 535 qui
2492 464 2733 534 corrupti
2767 474 2925 523 erant
2969 465 3073 525 hoc
3096 467 3437 527 modumcre-

1878 561 2059 621 posset
2077 594 2092 618 ,
2115 569 2177 608 ac
2200 554 2444 622 dixisset,
2476 554 2563 611 16.
2605 553 2873 627 Baptisaoi
2896 563 3068 613 autem
3093 567 3140 612 et
3167 556 3457 628 Stephano

1877 642 2115 708 domum;
2162 644 2374 699 illorum
2416 644 2609 701 fastum
2657 661 2846 702 rursus
2893 647 3190 718 deprimit,
3241 648 3453 711 dicens,

1877 732 2123 789 Ceterum
2148 735 2317 789 nescio
2357 752 2425 790 an
2449 735 2671 808 aliquem
2696 737 2857 791 alium
2886 738 3267 809 baptizauerim.
3318 739 3455 794 lliuc

1877 829 2018 882 enim
2047 828 2283 884 ostendit
2311 844 2419 884 non
2445 845 2592 885 cura:
2617 830 2693 885 illi
2724 829 2889 886 fuisse
2910 830 3012 886 hoc
3038 829 3143 885 frui
3164 829 3304 901 apud
3334 831 3458 885 vul-

1877 934 1975 990 gus
2003 919 2208 975 honore
2226 960 2242 985 ,
2296 935 2397 975 nec
2425 920 2615 989 gloria:
2643 935 2806 977 causa
2853 920 2921 977 ad
2948 920 3052 977 hoc
3079 922 3313 981 venisse.
3338 920 3458 977 Non

1881 1010 1966 1065 his
1995 1020 2199 1066 tantum
2220 1051 2237 1078 ,
2269 1012 2366 1068 sed
2391 1013 2553 1068 etiam
2575 1013 2626 1067 iu
2655 1014 3005 1085 sequentibus
3022 996 3236 1070 illorum
3264 1014 3461 1073 tam

1878 1102 2174 1173 deprimit,
2221 1103 2442 1161 dicens:
2474 1106 2561 1161 l7.
2597 1105 2719 1160 Non
2768 1106 2903 1159 enim
2950 1106 3084 1161 misit
3129 1121 3209 1159 me
3230 1104 3461 1164 Christus

1881 1195 2161 1263 baptizare,
2195 1195 2285 1250 sed
2329 1196 2702 1269 euangelizare.
2729 1196 2865 1252 Nam
2908 1196 3012 1252 hoc
3042 1206 3096 1251 et
3140 1196 3463 1252 laboriosius

1880 1293 2033 1354 erat,
2059 1285 2256 1341 sudore
2280 1287 2451 1342 multo
2475 1302 2631 1358 opus.
2651 1286 2881 1359 habebat
2926 1286 3212 1356 ferreoque
3238 1272 3423 1349 anin
3444 1325 3462 1349 ο

1881 1376 2167 1446 omniaque
2216 1377 2565 1433 continebat:
2612 1378 2836 1448 ideoque
2908 1376 3071 1432 Paulo
3112 1374 3461 1431 commissum

1883 1464 2001 1517 fuit.
2032 1464 2099 1519 Et
2127 1482 2223 1520 cur
2251 1466 2316 1520 ad
2349 1466 2721 1537 baptizandum
2751 1482 2857 1521 non
2885 1466 3101 1534 missus,
3125 1466 3465 1536 baptizabat?

1881 1554 1996 1609 Non
2038 1573 2280 1626 pugnans
2306 1558 2570 1615 adversus
2614 1574 2735 1614 cum
2765 1559 2856 1632 qui
2887 1574 2947 1614 se
2978 1559 3231 1621 miserat,
3275 1556 3369 1612 sed
3396 1571 3468 1619 ex,

1882 1648 2171 1702 abundanti
2204 1649 2306 1703 hoc
2335 1649 2583 1705 faciebat.
2614 1651 2730 1705 Non
2767 1651 2909 1705 enim
2953 1651 3106 1715 dixit,
3138 1648 3467 1721 prohibitum

1885 1740 2016 1793 mihi
2050 1740 2170 1805 fuit,
2201 1740 2319 1804 sed,
2352 1740 2467 1795 Non
2500 1757 2617 1795 sum
2645 1742 2842 1797 missus
2866 1742 2931 1796 ad
2966 1742 3087 1806 hoc,
3118 1740 3212 1796 sed
3249 1740 3316 1795 ad
3348 1755 3469 1795 rem

1883 1830 2125 1885 maxime
2153 1832 2536 1888 necessariam.
2591 1830 2725 1887 Nam
2772 1830 3145 1901 evangelizare
3174 1829 3333 1884 unius
3373 1838 3467 1886 aut

1885 1921 2112 1977 duorum
2149 1932 2297 1988 erat;
2328 1923 2603 1993 baptizare
2650 1933 2831 1979 autem
2886 1922 3172 1994 cujuslibet
3198 1930 3282 1979 est
3310 1962 3327 1988 ,
3367 1922 3461 1992 qui

1890 2012 2145 2082 prseditus
2185 2013 2257 2067 sit
2283 2013 2606 2069 sacerdOtio.
2638 2014 2920 2069 Hominem
2949 2028 3180 2084 namque
3207 2011 3477 2068 catecbua

1890 2119 2105 2158 tnenum
2136 2112 2191 2158 et
2230 2119 2544 2173 persuasum
2595 2105 2869 2174 baptizare
2906 2098 3297 2174 cujuslibefest
3325 2122 3338 2158 :
3371 2117 3468 2159 vo—

1887 2194 2061 2249 luntas
2095 2194 2241 2248 enim
2293 2193 2877 2265 accedentisrdeinceps
2919 2204 3085 2250 totum)
3112 2194 3311 2261 efficit,
3339 2209 3463 2250 cum

1888 2284 1982 2340 Dei
2014 2286 2203 2355 gratia.
2231 2286 2363 2340 Cum
2385 2294 2563 2342 autem
2585 2285 2830 2342 inﬁdeles
2866 2293 2993 2342 sunt
3018 2286 3086 2350 ad
3112 2284 3268 2342 iidem
3312 2286 3469 2341 insti-

1886 2376 2286 2439 tuendihmulto
2307 2392 2442 2447 opus
2470 2386 2555 2432 est
2572 2377 2777 2442 labore,
2805 2377 2970 2433 multa
3001 2377 3264 2449 sapientia
3301 2396 3316 2433 :
3347 2386 3473 2433 tunc

1886 2478 2067 2522 autem
2090 2469 2251 2522 etiam
2275 2469 2611 2523 subeundum
2639 2478 2753 2525 erat
2776 2469 3095 2539 periculum.
3122 2469 3178 2523 In
3200 2468 3474 2541 baptizan-

1887 2558 1957 2613 do
1984 2559 2126 2613 enim
2150 2567 2317 2613 totum
2349 2557 2544 2613 factum
2575 2567 2677 2624 est,
2708 2567 2763 2613 et
2795 2574 3083 2629 persuasus
3118 2567 3203 2614 est
3223 2560 3268 2614 is
3293 2560 3383 2630 qui
3417 2559 3473 2617 in

1892 2652 2203 2722 mysterium
2256 2660 2337 2707 est
2392 2651 2789 2719 admittendus;
2834 2650 3070 2721 nihilque
3100 2667 3348 2722 magnum
3386 2662 3474 2709 est

1891 2760 2201 2812 persuasum
2236 2745 2541 2813 baptizare:
2576 2744 2664 2799 hic
2714 2758 2841 2798 vero
2871 2744 3067 2799 multus
3089 2742 3261 2810 labor,
3293 2754 3351 2799 ut
3375 2758 3473 2798 vo-

1889 2835 2065 2889 luntas
2101 2847 2149 2890 et
2184 2838 2515 2905 propositum
2553 2845 2818 2904 mutetur,
2852 2852 3003 2892 error
3030 2838 3386 2904 convellatur,
3418 2850 3476 2897 et

1886 2928 2089 2983 veritas
2119 2928 2407 2993 inseratur.
2455 2927 2656 2983 Verum
2686 2927 2805 2983 hinc
2830 2928 2920 2984 ille
2951 2944 3061 2983 non
3089 2929 3160 2983 ita
3188 2931 3340 2993 dicit,
3377 2946 3472 2985 ne-

1892 3034 1997 3087 que
2022 3018 2334 3087 probatione
2358 3018 2537 3084 utitur,
2572 3033 2672 3074 nec
2692 3016 2839 3084 dicit,
2871 3018 3071 3074 nullum
3086 3034 3207 3075 esse
3233 3018 3478 3075 laborem

1890 3110 2179 3179 baptizare,
2213 3108 2306 3163 sed
2333 3109 2705 3179 evangelizare
2733 3124 2891 3165 secus
2921 3127 2935 3164 :
2969 3111 3073 3166 scit
3095 3112 3239 3166 enim
3260 3126 3474 3183 semper

1888 3201 2103 3255 modum
2133 3210 2354 3255 tenere:
2383 3200 2477 3255 sed
2523 3199 2574 3253 in
2626 3200 3028 3268 comparatione
3079 3216 3201 3256 cum
3250 3211 3473 3257 externa

1887 3293 2149 3362 sapientia
2185 3290 2337 3346 valde
2374 3290 2671 3354 contendit,
2716 3290 2804 3346 ubi
2831 3290 3234 3348 vehementiore
3261 3294 3337 3349 uti
3376 3310 3475 3365 po-

1842 3457 1851 3467 _
1889 3387 1989 3441 tuit
2018 3387 2285 3461 oratione.
2312 3384 2429 3440 Non
2476 3398 2607 3455 ergo
2630 3393 2817 3439 contra
2850 3385 3059 3454 jussum
3086 3386 3349 3441 mittentis
3373 3386 3472 3442 ba-

1891 3477 2126 3547 ptizabat
2154 3492 2167 3538 ;
2199 3475 2293 3531 sed
2320 3476 2460 3530 sicut
2483 3489 2606 3530 cum
2634 3474 2704 3530 de
2728 3474 2904 3529 viduis
2928 3474 3193 3531 dixissent
3219 3478 3472 3546 apostoli,

1892 3567 2012 3622 Non
2032 3568 2235 3639 expedit
2285 3568 2426 3622 nobis
2452 3568 2629 3621 relicto
2667 3566 2816 3621 uerbo
2844 3565 2942 3621 Dei
2969 3567 3258 3623 ministrare
3278 3572 3464 3625 mensis

1890 3662 2027 3730 (Act.
2052 3662 2107 3716 ϐ.
2137 3661 2217 3731 2),
2250 3661 2341 3716 ille
2383 3660 2709 3727 ministravit
2752 3674 2858 3714 non
2888 3659 2995 3714 illis
3022 3675 3347 3731 repugnans,
3375 3662 3480 3718 sed:

1889 3768 1951 3807 cx
2005 3752 2331 3807 abundantia
2380 3751 2606 3807 fervoris
2636 3752 2691 3806 id
2741 3750 2869 3807 fecit
2889 3768 2903 3805 :
2927 3750 2997 3806 ita
3022 3761 3075 3807 et
3106 3751 3194 3807 hic
3219 3769 3461 3825 quoque.

1893 3844 2044 3899 Nunc
2065 3845 2208 3899 enim
2240 3843 2662 3913 simplicioribus
2689 3842 3019 3913 presbyteris
3046 3841 3150 3899 hoc
3178 3846 3472 3900 committi-

1891 3955 2031 4005 mus,
2064 3948 2118 3994 et
2144 3938 2403 3992 doctrina:
2436 3938 2660 3993 verbum
2686 3938 3106 4007 sapientioribus
3137 3955 3151 3992 :
3183 3938 3296 3993 illic
3323 3938 3466 3993 enim

1890 4027 2041 4083 labor
2079 4039 2133 4081 et
2166 4027 2330 4082 sudor
2355 4036 2456 4082 est.
2488 4027 2826 4098 Quapropter
2849 4035 2903 4082 et
2923 4028 3037 4097 ipse
3072 4028 3148 4082 ait
3180 4046 3193 4083 :
3219 4027 3317 4094 Qui
3344 4037 3479 4082 recte

1892 4128 2116 4187 prwsunt
2155 4118 2456 4187 presbyteri,
2483 4118 2678 4187 duplici
2704 4119 2894 4173 honore
2920 4120 3226 4189 dignentur;
3254 4119 3472 4173 maxime

1864 4252 1875 4255 θ
1891 4219 2058 4261 autent
2089 4209 2174 4278 qui
2203 4208 2434 4262 laborant
2463 4210 2517 4261 in
2566 4208 2713 4262 verba
2740 4219 2787 4262 et
2832 4210 3097 4281 doctrina(
3129 4212 3179 4265 l.
3231 4208 3363 4263 Tim.
3411 4210 3467 4265 5.

1894 4301 2003 4369 l7).
2035 4298 2496 4366 Quemadmodum
2552 4300 2694 4354 enim
2725 4298 2921 4355 docere
2948 4316 3043 4356 eos
3068 4342 3084 4366 ,
3136 4301 3228 4371 qui
3271 4299 3481 4357 ludion-

1892 4393 2188 4447 certamina
2221 4391 2441 4456 adeunt,
2461 4391 2561 4447 viri
2589 4392 2795 4448 strenui
2821 4402 2905 4448 est
2924 4406 2980 4449 et
3007 4394 3265 4465 sapientis
3290 4393 3472 4466 pado.

1895 4484 2085 4549 tribue;
2116 4498 2372 4538 coronam
2399 4494 2578 4539 autem
2609 4484 2798 4538 victori
2828 4486 3135 4554 imponere,
3164 4486 3281 4556 ejus
3305 4486 3481 4541 etiam

1896 4578 2089 4647 estqui
2120 4586 2328 4631 certare
2380 4577 2598 4645 nequit,
2633 4575 2735 4630 etsi
2766 4590 2965 4631 corona
2995 4578 3253 4632 victorem
3290 4577 3472 4633 reddit

1896 4669 2315 4740 splendidiorem
2344 4686 2358 4722 :
2392 4669 2469 4721 sic
2512 4666 2581 4722 de
2634 4666 2900 4737 baptismo
2930 4668 3217 4724 dicendum
3243 4686 3259 4723 :
3290 4668 3487 4726 nullus

1896 4760 2041 4815 enim
2070 4766 2248 4828 potest
2276 4758 2393 4813 sine
2418 4757 2511 4815 illo
2552 4758 2782 4813 salutem
2808 4760 3064 4830 consequi
3088 4776 3104 4828 ;
3135 4759 3272 4817 nihil
3296 4769 3486 4821 tamen

1898 4865 2147 4920 magnum
2174 4849 2301 4905 facit
2321 4848 2365 4904 is
2394 4851 2485 4920 qui
2514 4850 2771 4921 baptizat,
2804 4867 2926 4907 cum
2958 4852 3249 4909 voluntatis
3267 4869 3469 4924 propo-

1899 4941 2056 4995 situm
2090 4949 2329 5010 paratum
2362 4941 2583 4997 invenit.
2610 4940 2732 4995 Non
2761 4943 2813 4995 in
2833 4942 3082 5013 sapientia
3101 4943 3255 5010 nubi,
3288 4953 3343 4999 ut
3374 4961 3490 5000 non

1900 5042 2168 5088 evacuetur
2194 5049 2322 5087 arua:
2348 5031 2555 5088 Christi.
2588 5033 2719 5089 Cum
2750 5033 3117 5105 depressisset
3146 5036 3359 5092 illorum
3388 5046 3487 5092 tum

1902 5139 2127 5187 morem,
2142 5124 2231 5194 qui
2257 5124 2398 5194 quod
2423 5126 2758 5195 baptizarent
2781 5127 2948 5182 altum
2965 5127 3273 5197 capiebant;
3297 5137 3445 5184 trans
3458 5158 3479 5170 ο

1904 5216 1943 5270 it
1985 5225 2169 5285 postea
2210 5215 2276 5270 ad
2303 5216 2453 5287 illos,
2504 5218 2594 5285 qui
2624 5217 2691 5273 de
2733 5226 2952 5273 externa
2995 5219 3255 5288 sapientia
3282 5221 3485 5292 gloria-

1906 5307 2117 5373 bantur,
2149 5318 2205 5363 et
2229 5307 2491 5363 adversus
2516 5309 2637 5364 illos
2667 5308 3043 5368 vehementius
3072 5321 3333 5385 armatur,
3366 5312 3481 5369 Ad-

1906 5414 2093 5455 versus
2120 5400 2241 5454 illos
2268 5399 2436 5464 enim,
2470 5401 2563 5471 qui
2592 5401 2735 5471 quod
2778 5403 3115 5471 baptizarent
3141 5404 3483 5474 inflabantur,

1908 5491 2141 5559 dicebat,
2172 5491 2377 5545 Gratias
2405 5508 2521 5563 ago,
2567 5493 2715 5565 quod
2744 5495 2942 5549 nullum
2987 5495 3340 5567 baptisaverim
3360 5535 3378 5561 ,
3431 5506 3487 5553 et

1908 5582 2047 5652 quod
2072 5584 2314 5638 Christus
2338 5596 2425 5638 me
2449 5586 2516 5638 ad
2561 5584 2934 5656 baptizandum
2974 5603 3080 5643 non
3116 5588 3353 5653 miserit;
3380 5604 3484 5647 nec

1910 5673 2319 5731 vehementibus
2346 5690 2473 5730 usus
2501 5685 2585 5732 est
2610 5679 2963 5747 argumentis,
2996 5678 3095 5735 sed
3122 5693 3242 5749 quae
3272 5676 3485 5735 volebat

1916 5768 2097 5839 paucis
2123 5767 2484 5839 subindicaus,
2515 5772 2879 5843 pratcrcurrit
2907 5790 2918 5827 ς
2948 5772 3034 5828 hic
3072 5780 3248 5829 autem
3275 5786 3304 5827 a
3333 5772 3481 5844 prin-
