4018 6208
516 383 587 437 27
1280 376 1339 433 S.
1379 372 1653 433 JOANNIS
1689 371 2159 431 CIIRYSOSTOMI
2198 370 2517 428 ARCHIEP.
2557 372 3089 432 CONSTANTINOP.
3734 379 3801 434 28

522 498 669 567 cipio
687 509 914 567 gravem
945 492 1137 564 infligit
1167 493 1374 564 plagam
1401 491 1608 557 dicens,
1635 500 1689 543 ut
1715 506 1816 543 non
1841 498 2106 543 evacuetur

520 604 651 641 crus:
673 585 882 642 Christi.
909 584 1016 640 Cur
1040 599 1172 655 ergo
1194 585 1361 638 altum
1390 583 1537 653 sapis
1560 583 1629 637 de
1659 582 1746 648 iis,
1775 580 1846 635 ob
1872 594 1991 650 qua:
2014 594 2112 649 pn-

519 677 653 732 dore
682 676 915 732 suﬁ‘undi
944 676 1266 747 oporteret?
1290 674 1344 730 Si
1380 676 1522 729 enim
1554 675 1669 728 luce
1695 671 1958 741 sapientia
1986 685 2107 726 cum

519 785 680 825 cruce
713 780 907 839 pugnat
971 780 1027 823 et
1059 783 1180 822 cum
1212 765 1521 835 Evangeliis
1540 774 1838 829 concertat,
1862 779 1968 819 non
1995 763 2108 833 glo-

507 862 648 916 riari
687 862 755 916 de
788 862 896 927 illa,
947 858 1044 914 sed
1074 859 1280 928 pudore
1322 857 1467 911 afﬁci
1509 866 1742 926 Oportet.
1797 855 1921 911 llrec
1966 856 2109 909 enim

521 967 682 1006 causa
710 952 826 1013 fuit,
859 965 960 1005 cur
981 950 1206 1019 apostoli
1237 963 1341 1003 non
1370 948 1639 1016 sapientes
1667 947 1779 1001 sive
1808 944 2111 1014 philosophi

522 1043 742 1107 fuerint,
776 1058 881 1097 non
922 1058 987 1098 ex
1018 1042 1359 1097 charismatis
1390 1039 1777 1103 imbecillitate,
1809 1038 1903 1094 sed
1940 1046 1997 1092 ut
2045 1052 2112 1091 ne

524 1134 833 1205 praalieatio
886 1133 1192 1189 latderetur.
1225 1132 1339 1186 Non
1372 1146 1502 1202 ergo
1554 1131 1626 1185 illi
1651 1129 1880 1185 verbum
1923 1128 2113 1184 contir-

522 1226 763 1291 mabant,
795 1225 888 1280 sed
918 1224 1345 1289 labefactabant;
1374 1232 1428 1277 at
1456 1223 1634 1277 idiota:
1664 1236 1790 1277 vere
1820 1219 2110 1275 conﬁrma-

521 1320 670 1374 bant.
702 1317 815 1372 Hoc
843 1318 1082 1372 retundit
1114 1317 1328 1384 fastum,
1360 1317 1462 1371 hoc
1484 1327 1749 1371 tumorem
1779 1314 2107 1385 comprimit,

522 1410 626 1464 hoc
661 1410 906 1464 modeste
935 1424 1093 1479 agere
1123 1409 1335 1463 suadet.
1388 1409 1459 1462 At
1512 1409 1556 1463 si
1606 1424 1711 1462 non
1746 1409 1797 1460 in
1844 1406 2108 1477 sapientia

520 1500 694 1568 verbi,
720 1502 950 1571 inquies,
985 1516 1082 1554 cur
1112 1501 1307 1568 Apollo
1337 1501 1508 1554 virum
1556 1501 1771 1555 doctum
1801 1497 2111 1554 miserunt?

520 1590 637 1646 Non
667 1592 717 1645 vi
744 1591 1004 1645 orationis
1029 1590 1380 1657 conﬁdentes,
1413 1590 1508 1645 sed
1530 1591 1652 1661 quia
1679 1600 1871 1659 potens
1900 1598 2017 1644 erat
2054 1589 2108 1643 in

521 1684 835 1755 Scripturis,
868 1692 923 1738 et
946 1683 1253 1739 confutabat
1286 1683 1524 1739 Judzeos.
1553 1683 1804 1753 Alioquin
1852 1695 2028 1737 autem
2058 1680 2110 1735 id

522 1776 664 1848 quod
713 1775 1055 1848 quatrebatur
1082 1785 1198 1831 erat
1224 1817 1240 1842 ,
1281 1785 1338 1829 ut
1382 1775 1472 1845 qui
1523 1776 1724 1844 primas
1777 1774 2029 1828 tenebant
2057 1780 2113 1826 et

521 1868 745 1924 verbum
775 1882 957 1923 serere
985 1876 1285 1936 ceperunt,
1316 1882 1421 1920 non
1449 1873 1631 1919 essent
1649 1863 1815 1917 docti.
1836 1862 1898 1916 Hi
1923 1876 2112 1924 magna

525 1959 722 2013 virtute
751 1972 888 2029 opus
916 1956 1205 2021 habebant,
1228 1963 1286 2007 ιιι
1309 1970 1338 2007 a
1373 1954 1633 2023 principio
1656 1966 1896 2007 errorem
1926 1950 2113 2031 depel-

524 2049 720 2113 lerent,
753 2059 807 2103 et
848 2057 973 2102 tunc
1025 2047 1077 2101 in
1106 2047 1227 2117 ipso
1276 2046 1522 2116 ingressu
1565 2059 1756 2115 magna
1799 2041 2113 2098 fortitudine

523 2155 658 2210 Opus
686 2150 820 2196 erat.

594 2235 649 2289 4.
695 2232 795 2302 Qui
840 2247 969 2304 ergo
1010 2232 1234 2289 eruditis
1267 2233 1336 2287 ab
1366 2232 1519 2289 initio
1544 2246 1680 2301 Opus
1706 2246 1814 2288 non
1846 2230 2030 2286 habuit
2056 2238 2115 2283 ut

523 2340 763 2381 errorem
792 2326 1123 2395 depelleret,
1156 2327 1200 2381 si
1241 2336 1422 2397 postea
1453 2324 1692 2380 eruditos
1718 2325 1971 2389 admisit,
2005 2338 2110 2376 non

523 2417 675 2485 quasi
724 2417 831 2472 illis
868 2416 1113 2486 indigens
1154 2419 1255 2471 hoc
1292 2417 1435 2483 fecit,
1465 2416 1559 2472 sed
1587 2416 1736 2485 quasi
1769 2430 1874 2470 non
1905 2415 2113 2467 discer-

525 2522 683 2563 nens.
728 2507 879 2563 Sicut
903 2508 1047 2564 enim
1078 2509 1408 2579 sapientibus
1451 2507 1756 2577 bujusmodi
1789 2522 1893 2560 non
1924 2504 2114 2574 egebat

524 2600 591 2655 ad
625 2600 676 2655 id
702 2600 845 2671 quod
874 2601 1084 2655 volebat
1127 2601 1510 2670 perﬁciendum
1542 2619 1556 2653 :
1600 2600 1670 2652 ita
1701 2599 1743 2652 si
1779 2606 1961 2667 postea
1994 2596 2114 2651 illos

523 2694 808 2758 inveniret,
829 2709 933 2749 non
962 2693 1257 2762 rejiciebat.
1287 2693 1368 2746 Tu
1394 2707 1527 2746 vero
1551 2691 1678 2744 mihi
1708 2690 1837 2744 illud
1864 2689 2111 2755 ostende,

523 2800 591 2837 an
622 2784 811 2839 Petrus
839 2794 895 2838 et
917 2783 1111 2836 Paulus
1140 2783 1331 2837 eruditi
1364 2790 1565 2837 essent.
1590 2781 1693 2837 Sed
1723 2797 1830 2835 non
1864 2780 2064 2849 poteris
2096 2798 2110 2833 :

526 2886 681 2930 erant
709 2877 851 2931 enim
884 2876 1061 2930 idiota:
1088 2887 1141 2930 et
1172 2876 1424 2929 illitet'ati.
1469 2873 1927 2942 Quemadmodum
1957 2874 2116 2940 igitur

526 2968 774 3023 Christus
803 2966 1017 3039 quando
1043 2965 1337 3037 discipulos
1365 2967 1508 3020 misit
1535 2966 1586 3018 in
1618 2965 1836 3025 orbem,
1865 2978 1985 3016 cum
2014 2977 2113 3031 po-

527 3064 748 3115 tontiam
780 3078 930 3115 suam
965 3062 1193 3129 primum
1226 3061 1276 3112 in
1311 3058 1587 3111 Palmstina
1617 3055 1941 3110 ostendisset
1973 3053 2112 3117 illis,

528 3163 583 3206 ct
620 3152 846 3205 dixisset
879 3169 890 3204 :
925 3150 1143 3216 Quando
1182 3150 1295 3203 misi
1333 3164 1417 3203 vos
1449 3150 1559 3202 sine
1586 3163 1823 3199 crumena
1848 3155 1893 3199 et
1922 3161 2042 3214 pera
2070 3152 2116 3197 et

527 3232 729 3309 calceis,
763 3243 1008 3314 numquid
1041 3244 1178 3298 vobis
1218 3243 1414 3313 aliquid
1460 3242 1621 3309 defuit
1651 3239 1817 3311 (Luc.
1848 3239 1937 3293 2'2.
1970 3239 2117 3307 35)?

530 3345 654 3389 tunc
687 3335 925 3404 permisit
952 3346 1007 3389 ut
1034 3334 1286 3402 deinceps
1315 3344 1370 3389 et
1400 3348 1581 3403 peram
1609 3341 1663 3387 et
1690 3346 1999 3386 crumenam
2024 3330 2118 3384 lia-

534 3427 724 3479 berent
754 3441 767 3476 :
803 3433 871 3478 tta
903 3424 989 3479 hic
1018 3439 1231 3494 quoque
1259 3422 1406 3477 fecit.
1450 3422 1580 3476 Nam
1611 3421 1661 3475 id
1683 3463 1698 3488 ,
1731 3421 1873 3491 quod
1904 3437 2115 3491 quaare-
2162 3476 2171 3486 ,

536 3517 712 3581 batur,
742 3525 858 3570 erat
897 3523 952 3568 ιιι
993 3514 1185 3570 Christi
1220 3514 1452 3582 potentia
1484 3511 1893 3569 ostenderetur:
1928 3527 2032 3564 non
2064 3521 2120 3565 ut

537 3617 756 3677 prepter
784 3616 1058 3661 externam
1082 3606 1394 3675 sapientiam
1424 3620 1454 3658 a
1486 3604 1588 3657 ﬁde
1620 3604 1942 3672 ejicerentur
1967 3603 2001 3655 ii
2029 3602 2118 3672 qui

530 3698 865 3753 accederent.
912 3696 1043 3750 Cum
1089 3712 1217 3767 ergo
1258 3695 1429 3750 Grmci
1472 3694 1762 3763 discipulos
1792 3692 2121 3747 accusabunt

532 3801 590 3845 ut
618 3792 828 3856 idiotas,
861 3806 979 3856 nos,
1012 3790 1131 3859 plus
1160 3806 1315 3859 quam
1346 3788 1442 3855 illi,
1474 3801 1789 3841 accusemus
1816 3786 1979 3854 ipsos.
2010 3783 2119 3839 Nec

531 3881 651 3950 quis
682 3880 822 3935 dicat
851 3880 1070 3933 Paulum
1103 3878 1419 3948 sapientem,
1452 3877 1502 3930 id
1532 3886 1635 3941 est,
1667 3875 1882 3930 doctum
1916 3875 2117 3937 fuisse;

534 3970 628 4043 sed
658 3984 773 4033 eos,
805 3971 894 4039 qui
921 3969 1061 4037 apud
1090 3968 1209 4021 illos
1235 3968 1305 4021 ob
1331 3966 1645 4035 sapientiam
1673 3974 1729 4020 et
1756 3966 2116 4035 eloquentiam

534 4060 778 4116 celebres
803 4068 948 4125 sunt,
977 4058 1300 4113 extollentes
1320 4099 1335 4123 ,
1368 4056 1489 4111 illos
1516 4070 1705 4111 omnes
1730 4057 1820 4127 qui
1847 4055 1987 4125 apud
2020 4071 2118 4108 nos

537 4151 709 4217 fuere,
739 4149 903 4205 rudes
929 4148 1093 4203 fuisse
1118 4148 1376 4203 dicamus.
1408 4146 1523 4202 Non
1550 4161 1739 4217 parum
1769 4149 1910 4201 enim
1938 4146 1990 4199 in
2024 4146 2123 4197 hac

536 4258 750 4313 quoque
795 4249 944 4311 parte
984 4240 1101 4295 illos
1127 4238 1441 4309 dejiciemus
1471 4255 1485 4290 :
1518 4238 1595 4292 sic
1623 4238 1821 4307 quippe
1846 4235 2121 4306 splendida

536 4336 643 4391 erit
668 4336 911 4390 victoria.

610 4424 902 4494 Disputatio
929 4425 1064 4475 circa
1086 4422 1309 4474 Paulum
1330 4430 1373 4474 et
1401 4419 1691 4474 Platonem.
1709 4450 1777 4459 —
1803 4420 1927 4474 Hinc
1945 4427 2122 4473 autem

539 4516 670 4579 dixi,
712 4515 833 4586 quia
881 4512 1243 4569 Christianum
1289 4513 1591 4584 quempiam
1632 4513 1918 4581 aliquando
1948 4511 2126 4565 audivi

539 4619 726 4666 contra
755 4608 1002 4663 Gratcum
1029 4605 1254 4660 ridicule
1278 4606 1636 4675 disputantem
1669 4625 1681 4659 :
1712 4604 1871 4658 ambo
1899 4619 2127 4672 namque

544 4704 596 4755 in
636 4702 997 4770 disputatione
1029 4713 1140 4752 rem
1171 4713 1322 4751 suam
1354 4698 1701 4752 confutabant
1728 4706 1783 4752 et
1814 4696 2126 4767 pessumda-

544 4796 690 4847 bant.
734 4792 866 4846 Nam
899 4806 1019 4861 qua":
1045 4789 1408 4844 Christianum
1439 4790 1618 4844 dicere
1645 4789 2007 4859 oportuisset,
2040 4788 2128 4842 illa

542 4862 753 4940 (“62th
771 4884 1024 4947 (iuncus;
1060 4893 1116 4936 et
1136 4896 1255 4951 qua:
1275 4879 1519 4934 Grascum
1543 4880 1722 4935 dicere
1746 4897 1838 4950 par
1858 4890 1992 4947 erat,
2016 4880 2131 4936 hare

542 4974 879 5031 Christianus
906 4972 1228 5043 opponebat.
1258 4971 1389 5025 Nam
1413 4987 1534 5025 cum
1556 4971 1621 5025 de
1647 4972 1814 5025 Paulo
1842 4985 1893 5025 ct
1920 4972 1985 5027 de
2014 4974 2133 5027 l'la—

546 5079 672 5122 tone
696 5065 922 5136 quaestio
950 5074 1127 5130 esset,
1157 5064 1376 5119 Grmcus
1402 5064 1493 5117 ille
1520 5063 1808 5118 ostendere
1837 5065 2131 5121 conabatur

549 5161 769 5216 Paulum
800 5159 1073 5215 indoctum
1102 5168 1157 5217 et
1184 5158 1371 5213 rudem
1400 5158 1563 5212 fuisse
1590 5174 1602 5210 :
1644 5157 1979 5213 Christianus
2005 5175 2133 5214 vero

546 5268 619 5310 ex
644 5253 984 5322 simplicitate
1014 5252 1239 5322 probare
1263 5251 1643 5314 contendebat,
1676 5250 1899 5304 Platone
1924 5252 2134 5307 doctio-

548 5361 663 5403 rem
688 5353 745 5401 et
766 5346 1101 5412 disertiorem
1132 5342 1297 5399 fuisse
1326 5344 1568 5399 Paulum.
1616 5342 1690 5397 Ita
1726 5358 1889 5412 porro
1916 5344 2136 5399 Grmcus

548 5439 720 5494 victor
746 5436 951 5497 fuisset,
1057 5435 1173 5489 haec
1197 5434 1411 5488 vicisset
1434 5434 1744 5505 propositio.
1778 5433 1907 5487 Nam
1935 5433 1980 5487 si
2015 5435 2136 5488 Pla-

549 5540 673 5584 tone
696 5526 906 5583 doctior
931 5537 985 5581 et
1009 5526 1345 5616 eloquentior
1368 5528 1464 5580 fuit
1493 5529 1688 5582 Paulus
1712 5570 1728 5593 ,
1758 5527 1931 5593 multi,
1959 5536 2016 5581 ιιι
2040 5543 2135 5583 ve-

549 5542 673 5584 tone
696 5542 906 5583 ttocuor
931 5542 985 5581 et
1009 5542 1058 5616 et
1135 5542 1345 5603 uenttor
1368 5542 1464 5580 tutt
1493 5542 1688 5582 Paulus
1712 5570 1728 5593 ,
1758 5542 1931 5593 mutu,
1959 5542 2016 5581 ut
2040 5543 2135 5583 ve-

534 5622 771 5681 risimile
794 5629 900 5687 est,
923 5542 1216 5693 opponat,
1246 5618 1393 5672 illum
1421 5634 1524 5671 non
1550 5619 1742 5689 gratia,
1763 5618 1856 5673 sed
1878 5619 2137 5688 eloquen-

549 5716 620 5768 tia
663 5728 964 5784 superassc.
1009 5696 1191 5782 Itaque
1231 5714 1308 5766 sic
1356 5712 1577 5781 loquens
1623 5711 1987 5779 Christianus,
2036 5729 2136 5783 pro

550 5804 741 5862 Greco
780 5805 953 5860 stabat
998 5823 1012 5855 :
1060 5804 1199 5875 quod
1248 5815 1425 5860 autem
1468 5805 1687 5861 Graccus
1738 5806 1985 5873 diccbat,
2036 5822 2130 5877 pro

2221 485 2525 542 Christiano
2550 487 2795 545 faciebat.
2840 490 2972 545 Nam
2999 492 3079 557 si,
3111 501 3168 546 ut
3191 492 3430 548 dicebam
3454 533 3470 562 ,
3508 495 3802 551 ineruditus

2217 585 2333 631 erat
2385 577 2620 646 Paulus,
2652 588 2707 634 et
2759 590 2936 636 tamen
2985 582 3264 638 Platonem
3312 585 3474 649 vicit,
3522 584 3800 655 splendida

2218 667 2315 723 fuit
2340 669 2563 725 victoria
2593 688 2608 725 :
2640 671 2887 728 indoctus
2911 674 3108 743 quippe
3134 674 3225 730 ille
3246 715 3264 741 ,
3290 690 3480 731 omnes
3506 677 3801 747 discipulos

2215 762 2332 829 ejus
2386 763 2625 830 adortus,
2675 780 2957 834 persuasos
3004 781 3186 822 secum
3238 768 3478 823 abduxit.
3515 769 3668 827 Unde
3709 784 3801 840 pa-

2217 853 2321 906 lam
2373 844 2466 908 est‘
2507 870 2613 909 non
2662 854 2716 909 in
2774 856 3033 927 sapientia
3080 857 3311 913 humana
3365 860 3799 928 praedicationem

2216 945 2563 1013 prmvaluissc
2582 986 2599 1011 ,
2629 946 2722 1000 sed
2746 961 2841 1014 per
2864 946 2957 1001 Dei
2977 947 3225 1017 gratiam.
3251 948 3327 1003 Ne
3354 948 3514 1019 igitur
3538 950 3591 1004 in
3614 952 3799 1006 eadem

2218 1037 2538 1102 incidamus,
2570 1054 2704 1095 neve
2734 1039 3075 1106 irrideamur,
3107 1056 3229 1094 eum
3259 1049 3443 1095 contra
3475 1042 3693 1098 Graecos
3722 1045 3801 1098 sie

2219 1131 2569 1201 disputamus,
2596 1134 2870 1202 apoStolos
2898 1145 3163 1203 tamquam
3186 1136 3430 1192 indoctos
3458 1152 3797 1192 accusemus:

2221 1223 2342 1278 talis
2372 1224 2515 1279 enim
2543 1224 2818 1280 accusatio
2843 1226 3147 1280 encomium
3181 1235 3283 1281 est.
3327 1227 3393 1281 Et
3419 1242 3538 1282 eum
3566 1227 3804 1281 dixerint

2218 1315 2319 1380 illi,
2359 1325 2594 1385 agrestes
2640 1317 2804 1372 fuisse
2849 1319 3119 1386 apostolos
3144 1360 3158 1381 ,
3202 1333 3300 1374 nos
3338 1318 3596 1373 addamus
3637 1320 3802 1375 etiam

2218 1405 2384 1462 fuisse
2414 1406 2681 1475 indoctos,
2716 1409 3018 1475 illiteratos,
3047 1426 3306 1481 pauperes
3327 1455 3343 1477 ,
3370 1412 3505 1467 viles
3534 1422 3589 1467 et
3611 1412 3803 1467 obscu-

2217 1514 2328 1554 ros.
2356 1499 2472 1554 Non
2502 1510 2628 1555 sunt
2651 1500 2765 1556 hzcc
2794 1503 3077 1557 maledicta
3108 1503 3364 1574 apostolis
3392 1506 3535 1559 illata
3558 1546 3574 1569 ,
3611 1505 3705 1561 sed
3734 1505 3803 1560 ad

2216 1591 2429 1647 illorum
2470 1594 2695 1663 gloriam
2738 1596 2899 1659 cedit,
2938 1597 3079 1665 quod
3128 1597 3260 1654 tales
3301 1613 3423 1653 eum
3462 1606 3661 1662 essent,
3690 1608 3806 1654 toto

2215 1682 2347 1737 orbe
2402 1693 2662 1738 terrarum
2714 1684 2911 1738 fuerint
2954 1687 3229 1745 clariores.
3285 1689 3348 1744 Hi
3388 1690 3531 1745 enim
3577 1689 3801 1759 idiotxe,

2214 1779 2476 1842 agrestes,
2510 1771 2733 1834 indocti,
2765 1773 3040 1841 sapientes
3065 1776 3209 1843 illos,
3234 1786 3499 1847 potentes,
3525 1790 3799 1849 tyrannos,

2218 1862 2307 1928 qui
2333 1860 2555 1927 divitiis,
2584 1862 2754 1933 gloria
2783 1873 2837 1918 et
2860 1866 3097 1920 externis
3122 1868 3333 1923 exteris
3361 1871 3523 1924 rebus
3548 1869 3803 1926 frueban-

2219 1958 2307 2005 tur
2326 1961 2381 2005 et
2402 1951 2790 2023 gloriabantur,
2813 1955 2965 2025 quasi
2988 1972 3086 2012 nec
3108 1958 3208 2013 viri
3229 1968 3411 2015 essent
3435 1960 3801 2031 proﬂigarunt.

2217 2039 2370 2095 Unde
2411 2042 2586 2112 palam
2624 2054 2706 2099 est
2741 2060 2987 2115 magnam
3026 2062 3148 2103 esse
3188 2048 3367 2104 crucis
3408 2051 3718 2119 potentiam,
3750 2060 3808 2107 et

2218 2134 2333 2187 hac
2369 2148 2478 2187 non
2518 2133 2749 2191 humana
2780 2137 2830 2191 vi
2875 2136 3015 2192 facta
3055 2152 3193 2194 esse.
3235 2138 3352 2195 Non
3382 2140 3524 2195 enim
3556 2140 3805 2197 humana:

2218 2230 2423 2277 natura:
2459 2234 2584 2279 sunt
2622 2226 2734 2291 illa,
2776 2226 2871 2282 sed
2910 2242 3071 2297 supra
3115 2224 3361 2284 naturam
3411 2240 3613 2299 patrata
3656 2242 3801 2287 sunt.

2215 2314 2349 2369 Cum
2374 2325 2551 2372 autem
2574 2334 2733 2387 supra
2756 2329 2998 2375 naturam
3022 2331 3074 2376 et
3094 2322 3379 2377 admodum
3403 2325 3539 2378 ultra
3561 2333 3805 2379 naturam

2217 2406 2461 2475 quatdam
2509 2410 2812 2464 efﬁciuntur
2840 2427 2961 2465 eum
2992 2413 3190 2467 decoro
3224 2424 3279 2468 et
3319 2414 3584 2479 utilitate;
3631 2416 3806 2483 palam

2219 2504 2304 2552 est
2329 2495 2416 2551 illa
2442 2513 2507 2552 ex
2533 2498 2713 2554 divina
2757 2502 2985 2571 quadam
3019 2502 3213 2557 virtute
3239 2513 3293 2559 et
3327 2505 3639 2573 Operatioue
3667 2506 3805 2561 facta

2219 2602 2359 2645 esse.
2388 2590 2772 2646 Animadverte
2797 2604 2974 2647 antem
3003 2611 3015 2646 :
3047 2594 3299 2663 piscator,
3331 2596 3682 2651 tentoriorum
3713 2613 3806 2653 ar-

2220 2680 2371 2747 tifex,
2398 2682 2733 2752 publicanus,
2756 2684 3056 2755 imperitus,
3089 2687 3394 2752 illiteratus,
3423 2704 3491 2745 ex
3523 2690 3806 2745 Palmstina

2218 2773 2441 2843 regione
2471 2773 2758 2844 longinqua
2780 2776 3076 2841 venientes,
3099 2777 3456 2848 philosophis,
3479 2782 3805 2847 oratoribus,

2219 2863 2432 2918 dicendi
2483 2865 2690 2932 peritis,
2737 2881 2802 2919 ex
2849 2867 3017 2934 patria
3056 2868 3296 2937 expulsis
3342 2870 3624 2937 omnibus,
3659 2871 3810 2927 brevi

2223 2953 2480 3020 temporis
2505 2954 2681 3022 spatio
2708 2948 2829 3009 illos
2854 2956 3121 3023 vicerunt,
3154 2974 3273 3013 cum
3306 2959 3561 3029 periculis
3590 2963 3767 3017 multis
3791 3005 3807 3028 ,

2224 3045 2434 3113 populis
2453 3054 2507 3099 et
2528 3046 2742 3116 regibus
2764 3046 2910 3117 ipsos
2931 3050 3384 3121 oppugnantibus,
3404 3052 3518 3121 ipsa
3544 3064 3811 3125 pugnante

2225 3144 2408 3190 natura
2434 3154 2449 3201 ;
2495 3138 2751 3207 temporis
2777 3139 3111 3210 antiquitate,
3142 3142 3434 3197 obsistente
3462 3143 3623 3197 etiam
3653 3145 3811 3215 longa

2221 3228 2629 3295 consuetudine,
2672 3230 2893 3285 armatis
2940 3232 3292 3298 dmmonibus,
3335 3232 3548 3287 diabolo
3597 3236 3649 3288 in
3694 3237 3814 3291 acie

2222 3330 2396 3375 stante
2425 3330 2478 3376 et
2507 3322 2684 3375 omnia
2716 3331 2985 3389 movente,
3018 3339 3189 3393 reges,
3221 3323 3511 3395 principes,
3542 3326 3767 3395 populos
3790 3367 3810 3393 ,

2221 3421 2429 3480 gentes,
2457 3413 2616 3467 urbes
2640 3454 2655 3479 ,
2688 3413 2945 3469 barbaros
2968 3455 2984 3481 ,
3015 3415 3253 3483 Grareos,
3284 3417 3650 3485 philosophos,
3684 3433 3813 3472 ora-

2226 3514 2389 3567 tores,
2422 3503 2708 3573 sophistas,
2735 3506 3047 3575 scriptores,
3079 3507 3248 3576 leges,
3275 3506 3577 3572 tribunalia,
3608 3511 3817 3578 suppli-

2222 3596 2302 3649 cia
2334 3595 2502 3659 varia,
2547 3594 2749 3650 mo'rtes
2796 3598 3101 3651 innumeras
3146 3607 3200 3653 et
3243 3599 3505 3653 diversas.
3560 3602 3812 3657 Attamen

2227 3690 2339 3741 luce
2369 3688 2545 3741 omnia
2577 3688 2645 3741 ita
2677 3690 2891 3759 repulsa
2919 3700 3043 3743 sunt
3065 3698 3119 3745 et
3143 3701 3445 3757 cesserunt,
3476 3692 3815 3761 loquentibus

2227 3779 2578 3847 piscatoribus
2603 3820 2617 3845 ,
2654 3780 2874 3848 perinde
2898 3791 2955 3834 ut
2985 3783 3155 3835 tenuis
3186 3785 3374 3850 pulvis,
3404 3786 3493 3852 qui
3523 3785 3817 3839 vehemen-

2227 3871 2358 3925 tium
2388 3881 2667 3925 ventorum
2692 3873 2947 3939 impetum
2980 3872 3120 3926 ferre
3147 3876 3348 3943 nequit.
3382 3876 3659 3931 Discamus
3684 3893 3818 3947 ergo

2226 3964 2302 4016 sic
2326 3978 2447 4017 cum
2479 3960 2682 4015 Graacis
2708 3962 2999 4031 disputare,
3037 3975 3092 4017 ut
3120 3981 3185 4019 ne
3209 3966 3378 4020 simus
3411 3976 3679 4038 tamquam
3714 3972 3810 4026 be-

2229 4056 2345 4108 stize
2387 4064 2442 4107 et
2485 4068 2710 4124 pecora;
2743 4056 2837 4110 sed
2864 4058 3034 4126 parati
3061 4073 3275 4129 semper
3302 4061 3368 4115 ad
3398 4076 3549 4131 spem
3573 4074 3815 4118 nostram

2232 4143 2503 4198 tuendam.
2535 4145 2603 4199 Et
2632 4145 2844 4201 interim
2877 4147 2979 4203 hoc
3002 4158 3160 4220 caput
3181 4152 3518 4217 meditemur,
3540 4154 3681 4224 quod
3710 4172 3817 4210 non

2230 4250 2449 4304 parvum
2475 4244 2579 4298 est,
2609 4237 2824 4309 illisque
2848 4239 3090 4295 dicamus
3121 4258 3133 4294 :
3168 4241 3444 4299 Undenam
3478 4244 3672 4299 inﬁrmi
3703 4246 3817 4298 for-

2231 4335 2311 4381 tes
2336 4328 2455 4383 illos
2482 4331 2742 4397 vicerunt,
2775 4332 3055 4387 duodecim
3087 4335 3391 4389 universum
3419 4337 3644 4391 orbem?
3676 4339 3820 4406 iique

2233 4434 2337 4474 non
2382 4421 2571 4476 iisdem
2602 4432 2812 4478 utentes
2837 4424 3025 4490 armis,
3057 4424 3151 4479 sed
3193 4427 3320 4481 nudi
3363 4438 3547 4483 contra
3582 4440 3821 4484 armatos

2234 4524 2527 4583 pugnantes
2538 4514 2563 4566 ?

2303 4608 2356 4663 5.
2406 4609 2768 4676 Apostolorum
2810 4610 3019 4664 victoria
3063 4610 3345 4677 mirabilis;
3388 4613 3617 4683 exemplo
3659 4616 3822 4684 nmgis

2232 4717 2385 4769 quam
2416 4701 2739 4770 philosOphia
2766 4702 3169 4771 praedicandum.
3193 4733 3264 4742 ——
3287 4704 3381 4757 Dic
3410 4706 3572 4769 enim,
3600 4708 3645 4759 si
3675 4706 3819 4761 duo-

2234 4790 2405 4846 decim
2429 4793 2526 4846 viri
2556 4794 2632 4847 rei
2664 4794 2907 4849 militaris
2930 4794 3162 4864 imperiti
3194 4795 3245 4851 in
3276 4804 3533 4849 arinalam
3562 4806 3823 4865 pugnato.

2234 4899 2351 4937 rum
2377 4885 2839 4941 innumerabilium
2863 4887 3032 4941 aciem
3057 4888 3434 4956 irrutnpeutes,
3460 4903 3564 4941 non
3588 4888 3826 4944 inermes

2238 4987 2463 5043 tantum,
2494 4976 2585 5031 sed
2615 4979 2774 5033 etiam
2804 4995 3031 5050 corpore
3054 4980 3274 5047 inﬁrmi,
3298 4980 3366 5037 ab
3392 4980 3499 5036 illis
3523 4980 3655 5036 nihil
3680 4984 3824 5037 male

2239 5078 2572 5139 paterentur,
2600 5086 2771 5140 neque
2798 5072 3276 5127 innumerabilibus
3303 5073 3422 5129 telis
3454 5074 3679 5144 impetiti
3701 5090 3828 5128 sau-

2237 5160 2547 5225 ciarentur;
2590 5159 2850 5217 habentes
2879 5172 3054 5217 autem
3086 5163 3188 5217 tela
3216 5163 3374 5219 inﬁxa
3404 5165 3614 5235 corpori
3646 5166 3825 5229 nudo,

2240 5268 2428 5307 omnes
2458 5264 2904 5323 prosternerent,
2937 5272 3042 5311 non
3070 5259 3233 5311 armis
3258 5266 3466 5312 utentes
3491 5299 3507 5325 ,
3538 5259 3631 5313 sed
3666 5274 3827 5313 manu

2241 5344 2527 5409 ferientes;
2559 5344 2755 5401 deinde
2779 5346 2916 5400 alios
2945 5346 3273 5414 occiderent,
3303 5348 3438 5403 alios
3464 5348 3706 5417 captivos
3733 5348 3830 5402 ab-

2242 5437 2519 5500 ducerent,
2549 5438 2708 5491 nullis
2734 5440 2969 5505 acceptis
2999 5439 3307 5494 vulneribus
3337 5458 3349 5492 :
3380 5455 3446 5492 an
3476 5439 3598 5509 quis
3623 5440 3831 5496 diceret

2243 5545 2355 5582 rem
2391 5529 2549 5583 talem
2576 5539 2777 5599 gestam
2802 5529 3085 5585 humanam
3108 5533 3267 5586 esse?
3293 5531 3451 5601 Atqui
3475 5533 3831 5602 apostolicum

2246 5630 2505 5691 tropmum
2530 5622 2685 5692 longe
2718 5622 2809 5675 illo
2835 5624 3129 5678 mirabilius
3160 5633 3261 5678 est.
3295 5622 3475 5693 Longe
3498 5626 3639 5678 enim
3669 5624 3834 5679 mira-

2245 5711 2401 5765 bilius
2421 5720 2504 5767 est
2526 5727 2686 5783 quam
2716 5712 2912 5767 nudum
2942 5729 3047 5768 non
3076 5714 3365 5780 vulnerari,
3389 5714 3528 5785 quod
3553 5715 3835 5784 imperitus

2248 5817 2304 5862 et
2338 5807 2615 5863 illiteratus
2645 5816 2802 5878 atque
2844 5806 3074 5878 piscator
3116 5815 3314 5862 tantam
3356 5816 3577 5879 superet
3618 5807 3834 5864 dicendi
