4018 6208
282 365 354 420 27
1338 380 1404 436 ΙΝ
1450 380 1666 435 EPIST.
1712 381 1731 435 Ι
1768 380 1859 437 AD

1966 383 2057 440 )R.
2101 386 2338 443 HOMIL.
2384 390 2472 443 Ill.
3496 397 3568 450 28

283 486 338 539 δὲ
370 486 577 541 ἰδιῶται
606 491 655 542 οί
684 489 1050 560 βεϐαιοῦντες.
1092 494 1260 550 Τοῦτο
1307 493 1415 551 οἶδε
1446 499 1675 553 κολάσαι
1709 512 1734 540 ι
1768 498 1865 551 τῦο

284 586 405 637 φον,
458 571 619 625 τοῦτο
672 576 1023 630 καταστεῖλαι
1086 578 1425 650 φλεγμονὴν,
1464 580 1623 635 τοῦτο
1680 583 1865 634 πεῖσαι

286 653 623 723 μετριάζειν.
654 658 765 711 Καὶ
794 661 844 710 εί
878 661 979 711 οὐκ
1011 662 1069 713 ἐν
1100 664 1263 733 σοφίᾳ
1290 664 1472 732 λόγου,
1503 666 1650 728 τίνος
1678 667 1865 719 ἕνεκεν

281 736 375 789 τὸν
428 739 671 793 Ἀπολλὼ
708 741 885 809 λόγιον
918 743 1048 797 ὄντα
1083 746 1354 817 ἔπεμψαν,
1409 748 1544 815 φησί
1589 749 1651 815 1>;
1689 749 1765 802 Οὐ
1802 752 1868 818 τῇ

281 820 392 871 τῶν
428 820 602 890 λόγων
631 824 859 894 δυνάμει
891 824 1241 897 θαῤῥοῦντες,
1273 829 1390 883 ἀλλ’
1422 831 1506 883 ὃτι
1538 830 1763 895 δυνατὸς
1804 826 1839 901 ἦ

282 905 343 956 ἐν
373 908 494 969 ταῖς
523 907 563 957 Γ
566 908 785 977 ραφαῖς,
812 908 906 961 καὶ
931 910 1129 981 ἤλεγχε
1158 914 1285 975 τοὺς
1326 912 1631 977 Ἰουδαίους.
1660 913 1871 976 Ἀλλως

278 988 338 1040 δὲ
365 989 427 1040 τὸ
453 988 786 1060 ζητούμενον
812 986 902 1061 ἦν,
933 994 994 1045 τὸ
1016 995 1144 1058 τοὺς
1171 997 1561 1066 πρωτοστάτας
1584 999 1675 1049 καὶ
1701 997 1872 1068 ἀρξα-

286 1071 481 1139 μένους
513 1074 757 1143 σπείρειν
798 1075 889 1127 τὸν
924 1075 1083 1146 λόγον
1130 1078 1206 1148 μὴ
1252 1076 1391 1131 εἶναι
1438 1078 1671 1147 λογίους.
1709 1074 1871 1133 υῦτοι

280 1153 391 1221 γάρ
430 1150 572 1224 ἦσαν
610 1157 659 1208 ot
703 1156 909 1227 πολλῆς
938 1158 1181 1229 δεόμενοι
1225 1160 1529 1231 δυνάμεως,
1586 1162 1730 1215 ὥστε
1764 1162 1869 1213 ἁπ-

278 1235 528 1292 ώσασοαι
561 1241 660 1310 τήν
693 1240 902 1311 πλάνην
936 1242 1002 1294 ἐκ
1032 1243 1357 1313 προοιμίων,
1396 1246 1491 1297 καὶ
1515 1245 1638 1299 τότε
1663 1244 1869 1314 πολλῆς

278 1317 389 1373 ἔδει
417 1321 517 1390 τῆς
547 1320 727 1391 ίσχύος
758 1325 838 1388 είς
870 1323 1041 1396 αὐτὴν
1068 1324 1166 1396 τὴν
1196 1325 1423 1382 εἴσοδον.

347 1486 411 1539 δ’.
459 1487 519 1540 '0
561 1487 742 1541 τοίνυν
790 1490 866 1561 μὴ
902 1490 1117 1562 δεηθεὶς
1157 1493 1529 1548 εὐπαιδεύτων
1570 1493 1637 1546 ἐκ
1681 1509 1871 1564 προοι-

278 1570 443 1637 μίων,
456 1572 502 1623 εί
520 1569 633 1641 [20]
652 1571 790 1642 μετὰ
805 1573 981 1629 ταῦτα
996 1576 1208 1644 λογίους
1222 1576 1462 1641 ἐδέξατο,
1479 1576 1578 1647 οὐχ
1594 1575 1671 1638 ὡς
1688 1574 1874 1643 δεόμε-

273 1666 368 1713 νος
388 1651 549 1705 τοῦτο
568 1654 849 1725 ἐποίησεν,
872 1656 988 1710 ἀλλ’
1006 1657 1085 1721 ὡς
1104 1658 1166 1710 οὐ
1191 1657 1624 1727 διακρινόμενος.
1652 1658 1721 1709 "0
1731 1674 1827 1710 σπε
1836 1674 1866 1728 ρ

272 1734 387 1803 γάρ
426 1735 529 1788 οῦκ
584 1736 755 1790 ἐδεῖτο
805 1740 1034 1807 σοφῶνε
1090 1743 1171 1802 είς
1213 1740 1274 1791 τὸ
1325 1741 1673 1811 κατορθῶσαι
1727 1742 1870 1811 άπερ

274 1817 561 1880 ἐϐούλετο,
595 1820 771 1883 οὕτως
809 1822 931 1874 οὐδὲ
982 1822 1122 1891 μετά
1170 1821 1351 1877 ταῦτα
1404 1824 1732 1894 εὑρεθέντας
1782 1825 1870 1878 διά

274 1899 431 1953 τοῦτο
470 1900 715 1979 ἐξέϐαλε.
750 1903 822 1956 Σὺ
858 1904 917 1957 δὲ
958 1904 1140 1957 ἐκεῖνό
1189 1924 1280 1977 μοι
1323 1907 1521 1973 δεῖξον,
1571 1909 1619 1959 εί
1664 1909 1869 1979 Πέτρος

273 1981 455 2049 λόγιος
486 1978 557 2054 ήν
602 1984 696 2038 καὶ
740 1985 977 2049 Παῦλος.
1022 1987 1161 2039 Ἀλλ’
1203 1991 1305 2042 οὐκ
1340 1989 1406 2043 ἂν
1436 1988 1612 2059 ἔχοις·
1663 1978 1870 2044 ίδιῶται

272 2066 383 2135 γάρ
414 2060 591 2135 ἦσαν,
625 2067 720 2120 καὶ
758 2068 1140 2145 ἀγράμματοι.
1180 2070 1391 2142 ’Ὠσπερ
1420 2069 1514 2125 οὖν
1547 2074 1577 2125 0
1610 2074 1865 2142 Χριστὸς,

268 2149 363 2200 ὅτε
392 2150 521 2210 τοὺς
547 2148 796 2221 μαθητάς
818 2150 1069 2222 ἔπεμπεν
1090 2154 1170 2217 είς
1191 2155 1292 2224 τὴν
1313 2155 1664 2224 οἰκουμένην,
1690 2156 1869 2221 δείξας

271 2231 443 2285 αὐτοῦ
492 2232 590 2303 τὴν
637 2232 868 2304 δύναμιν
905 2236 1093 2299 αὐτοῖς
1127 2239 1186 2290 ἐν
1236 2236 1576 2311 Παλαιστίνῃ
1611 2238 1864 2308 πρῶτον,

272 2316 369 2367 καὶ
398 2313 595 2381 είπὼν,
620 2315 751 2369 Ὅτε
773 2316 1105 2385 ἀπέστειλα
1134 2318 1294 2388 ὑμᾶς
1324 2320 1506 2389 χωρίς
1526 2320 1866 2383 βαλανείου

269 2397 372 2451 καί
398 2397 597 2465 πήρας
626 2398 727 2452 καὶ
744 2398 1154 2469 ὑποδήματος,
1170 2400 1256 2469 μή
1282 2419 1445 2467 τινος
1466 2402 1863 2470 flammicam;

268 2476 393 2533 τότε
418 2481 685 2551 ἐπέτρεψε
714 2481 900 2537 λοιπὸν
928 2483 1024 2536 καὶ
1044 2485 1225 2555 πήραν
1248 2486 1343 2537 καὶ
1371 2484 1656 2555 βαλάντιον
1682 2486 1828 2555 ἔχειν
1849 2502 1864 2517 ·

267 2562 415 2616 οῦτω
452 2566 548 2616 καὶ
581 2564 817 2619 ἐνταῦθα
850 2567 1099 2635 ἐποίησε.
1141 2568 1216 2619 Τὸ
1260 2568 1373 2639 γάρ
1419 2568 1755 2638 ζητούμενον
1798 2564 1866 2639 ἦν

266 2646 555 2716 δειχθῆναι
580 2648 675 2701 τοῦ
698 2646 938 2719 Χριστοῦ
960 2651 1060 2720 τὴν
1081 2650 1335 2720 δύναμιν,
1358 2650 1420 2703 οὐ
1442 2650 1531 2704 διὰ
1547 2650 1645 2719 τὴν
1666 2650 1865 2715 ἔξωθεν

271 2730 467 2797 σοφίαν
513 2730 874 2785 ἐκϐάλλεσθαι
916 2732 1017 2801 τῆς
1064 2734 1303 2796 πίστεως
1344 2733 1474 2795 τοὺς
1516 2734 1859 2804 προσιόντας.

269 2813 442 2865 Ὅταν
469 2809 565 2866 οὖν
597 2813 859 2882 Ἕλληνες
895 2816 1321 2884 κατηγορήσωσι
1354 2816 1465 2867 τῶν
1497 2816 1759 2886 μαθητῶν
1789 2818 1863 2880 ὡς

269 2895 523 2960 ίδιωτῶν,
556 2896 723 2950 πλέον
744 2897 903 2966 ἡμεῖς
924 2896 1151 2949 ἐκείνων
1176 2897 1577 2969 κατηγορῶμεν
1602 2898 1631 2938 ἀ
1659 2899 1858 2951 αὐτῶν.

268 2977 425 3047 Μηδὲ
458 2978 670 3047 λεγέτω
694 2995 797 3041 τις,
829 2979 914 3030 ὅτι
943 2977 1107 3045 σοφὸς
1137 2973 1206 3047 ἦν
1231 2981 1260 3030 0
1294 2978 1505 3040 Παῦλος
1528 2997 1539 3007 ο
1571 2981 1684 3033 ἀλλ’
1709 2982 1864 3034 ἐπαί-

269 3078 461 3132 ροντες
496 3063 591 3114 ἐπὶ
632 3061 797 3133 σοφία
830 3064 958 3124 τοὺς
996 3060 1267 3131 μεγάλους
1312 3063 1444 3133 παρ’
1486 3064 1721 3127 ἐκείνοις
1770 3065 1863 3117 καὶ

266 3144 363 3196 ἐπὶ
395 3143 699 3215 εὐγλωττία
732 3143 1172 3213 θαυμασθέντας,
1208 3146 1337 3207 τοὺς
1363 3147 1497 3215 παρ’
1528 3148 1661 3216 ήμῖν
1688 3147 1864 3200 ἀπαν-

265 3241 368 3287 τας
404 3225 654 3296 λέγωμεν
688 3226 901 3289 ἰδιώτας
932 3226 1236 3294 γεγονέναι.
1270 3227 1348 3280 Οῦ
1381 3228 1597 3299 μικρῶς
1623 3228 1731 3300 γάρ
1767 3229 1864 3281 αῦ-

265 3308 397 3370 τοὺς
432 3308 527 3361 καὶ
560 3309 702 3362 κατά
734 3309 893 3361 τοῦτο
920 3308 1343 3380 καταϐαλοῦμεν
1383 3309 1445 3360 τὸ
1480 3310 1646 3381 μέρος
1667 3326 1679 3338 °
1718 3310 1863 3363 οὕτω

266 3392 379 3463 γάρ
408 3392 562 3446 ἔσται
591 3392 826 3463 λαμπρὰ
852 3393 924 3446 τά
959 3395 1277 3465 νικητήρια.
1352 3416 1355 3417 ν

343 3559 534 3614 Ταῦτα
576 3560 633 3613 δὲ
667 3554 840 3622 εἷπον,
880 3562 1072 3633 ἐπειδή
1118 3578 1260 3626 τινος
1296 3564 1507 3633 ἤκουσά
1550 3581 1680 3617 ποτε
1724 3565 1858 3634 Χρι-

268 3642 490 3697 στιανοῦ
540 3644 679 3714 πρὸς
710 3643 951 3713 Ἕλληνα
993 3645 1421 3713 καταγελάστως
1451 3647 1861 3715 διαλεγομένου,

265 3727 365 3780 καὶ
390 3728 719 3798 ἀμφοτέρων
739 3729 798 3780 ἐν
825 3731 891 3797 τῇ
924 3730 1063 3797 πρὸς
1095 3729 1361 3798 ἀλλήλους
1388 3732 1539 3803 μάχῃ
1559 3732 1630 3785 τὰ
1653 3730 1861 3783 ἐαυτῶν

264 3811 674 3865 καταλυόντων.
718 3812 785 3864 Ἀ
824 3812 933 3881 γάρ
983 3812 1091 3865 ἔδει
1134 3812 1227 3867 τὸν
1272 3814 1605 3885 Χριστιανὸν
1647 3816 1856 3877 εἰπεῖν,

264 3893 444 3948 ταῦτα
478 3895 508 3947 ό
541 3895 741 3964 Ἕλλην
772 3894 949 3965 ἔλεγε·
982 3898 1079 3948 καὶ
1112 3896 1149 3948 ἃ
1194 3897 1288 3949 τὸν
1330 3896 1571 3968 Ἕλληνα
1606 3898 1755 3959 εἰκὸς
1791 3893 1858 3966 ἦν

264 3979 467 4041 είπεῐν,
491 3976 667 4031 ταῦτα
703 3979 733 4031 0
764 3978 1092 4049 Χριστιανὸς
1122 3978 1511 4050 προεϐάλλετο.
1549 3981 1683 4050 Περὶ
1714 3981 1861 4033 Παύ-

264 4062 361 4114 λου
386 4061 496 4132 γάρ
521 4062 617 4115 καλ⁵
641 4061 930 4131 Πλάτωνος
960 4062 1243 4133 ζητήσεως
1263 4062 1454 4133 οὔσης,
1478 4066 1507 4117 ὁ
1532 4064 1631 4134 μὲν
1662 4064 1858 4134 Ἕλλην

265 4146 530 4216 ἐπειρᾶτο
570 4144 883 4211 δεικνύναι,
931 4146 1013 4199 ὅτι
1048 4148 1076 4199 ό
1124 4147 1338 4211 Παῦλος
1374 4144 1444 4219 ἦν
1493 4148 1713 4220 ἀμαθὴς
1764 4150 1859 4202 καὶ

266 4228 509 4299 ίδιὼτης³
558 4231 587 4282 0
627 4228 683 4282 δέ
724 4230 1052 4300 Χριστιανὸς
1103 4232 1209 4285 ὑπὸ
1249 4233 1512 4301 ἀφελείας
1554 4233 1855 4298 ἐσπούδαζε

266 4311 725 4377 κατασκευάζειν,
761 4314 843 4365 ὃτι
877 4312 1167 4375 Πλάτωνος
1197 4314 1525 4386 λογιώτερος
1552 4312 1620 4386 ἧν
1645 4319 1673 4369 0
1704 4317 1856 4370 Παῦ-

262 4397 378 4459 λος.
427 4394 586 4449 Οὕτω
610 4395 671 4448 δὲ
715 4394 810 4448 τοῦ
853 4396 1115 4463 Ἕλληνος
1164 4399 1377 4467 ἐγίνετο
1422 4403 1491 4454 τά
1537 4403 1852 4472 νικητήρια,

262 4478 457 4533 τούτου
497 4477 826 4548 κρατοῦντος
860 4478 954 4532 τοῦ
988 4479 1169 4549 λόγου.
1209 4480 1273 4534 El
1303 4482 1412 4553 γάρ
1447 4483 1738 4548 Πλάτωνος
1769 4486 1852 4537 £1-

262 4560 634 4631 λογιμὼτερος
664 4557 733 4632 ἦν
761 4562 790 4614 0
820 4562 1051 4628 Παῦλος,
1088 4563 1317 4629 πολλοὺς
1348 4566 1498 4627 είκὸς
1526 4568 1851 4634 ἀντιλέγειν,

262 4648 345 4700 ὅτι
385 4647 448 4698 00
489 4648 556 4717 τῇ
608 4646 814 4716 χάριτι,
848 4647 986 4701 ἀλλά
1017 4651 1085 4719 τῇ
1130 4649 1435 4721 εῦγλωττίᾳ
1480 4655 1850 4722 περιεγένετο.

262 4730 430 4783 Ὠστε
461 4730 603 4803 ὑπὲρ
642 4729 739 4783 τοῦ
776 4730 1041 4800 Ἕλληνος
1085 4728 1153 4803 ἦν
1182 4732 1243 4784 τὸ
1285 4732 1580 4804 λεγόμενον
1620 4736 1725 4788 ὑπὸ
1758 4737 1852 4790 τοῦ

260 4814 614 4883 Χριστιανοῦο
660 4814 689 4867 δ
737 4814 796 4868 δέ
833 4815 1019 4883 ἔλεγεν
1057 4818 1089 4869 0
1132 4815 1357 4887 Ἕλλην,
1392 4818 1535 4890 ὑπὲρ
1574 4819 1670 4872 τοῦ
1718 4822 1852 4891 Χρι-

261 4897 486 4951 στιανοῦ
518 4893 607 4968 ἦν.
630 4898 693 4952 Et
720 4900 830 4970 γὰρ
860 4898 1071 4964 Παῦλος
1098 4900 1427 4966 ἀπαίδευτος
1455 4900 1547 4975 ἦν,
1575 4904 1853 4977 ἐκράτησε

258 4980 321 5033 δέ
348 4978 657 5044 Πλάτωνος,
687 4982 822 5053 ὅπερ
854 4980 1061 5050 ελεγον,
1104 4981 1336 5055 λαμπρά
1370 4986 1596 5054 γέγονεν
1626 4990 1659 5058 ή
1699 4990 1849 5060 νίκη.

258 5062 407 5125 Τοὺς
428 5062 539 5133 γάρ
566 5064 777 5117 ἐκείνου
801 5063 1052 5134 μαθητάς
1081 5065 1262 5120 λαϐὼν
1290 5070 1321 5121 0
1348 5069 1569 5141 ἀμαθὴς
1600 5072 1850 5137 ἅπαντας

259 5147 450 5199 ἔπεισε
473 5186 488 5210 ,
519 5150 612 5201 καὶ
659 5149 797 5219 πρὸς
839 5150 1033 5203 ἐαυτὸν
1072 5151 1300 5221 ήγαγεν.
1347 5153 1513 5208 Ὅθεν
1544 5155 1726 5226 δῆλον,
1767 5158 1850 5211 ὅτι

258 5230 365 5282 οὐκ
391 5232 450 5282 ὲν
490 5230 652 5303 σοφίᾳ
681 5232 1022 5305 ἀνθρωπίνῃ,
1055 5235 1115 5287 τὸ
1157 5236 1421 5308 κήρυγμα
1467 5240 1847 5311 περιγέγονεν,

259 5313 399 5368 ἀλλά
418 5312 555 5367 Θεοῦ
580 5316 782 5385 χάριτι.
812 5317 910 5369 Ἰν’
932 5312 1026 5372 οὗν
1057 5318 1133 5390 μὴ
1162 5320 1338 5373 ταυτά
1362 5322 1687 5393 πάσχωμεν,
1711 5326 1851 5396 μηδέ

258 5396 697 5469 καταγελώμεθα
746 5398 890 5453 οὕτω
932 5402 1307 5472 διαλεγόμενοι
1364 5406 1502 5476 πρὸς
1556 5405 1848 5477 Ἕλληνας,

256 5479 485 5531 ἐπειδάν
510 5481 643 5551 ἡμῖν
662 5479 800 5551 πρὸς
825 5484 1026 5546 αὐτοὺς
1052 5484 1208 5553 ἀγὼν
1228 5482 1290 5561 ᾖ,
1311 5488 1714 5560 κατηγορῶμεν
1739 5490 1849 5544 τῶν

255 5562 579 5617 ἀποστόλων
606 5566 682 5629 ὡς
706 5564 959 5634 ἀμαθῶν·
982 5568 1017 5637 ή
1042 5568 1151 5640 γὰρ
1176 5571 1483 5643 κατηγορία
1508 5572 1645 5643 αῦτη
1673 5572 1849 5639 ἐγκώ-

324 5826 349 5855 ³
372 5824 632 5947 W
649 5826 797 5877 τοῦτο
819 5831 1060 5891 διέκλασε,
1078 5838 1126 5882 ει
1146 5846 1280 5893 mox,
1305 5836 1636 5885 κατέστειλε...
1660 5839 1839 5890 ἔπεισε.

324 5888 375 5936 Le
547 5900 575 5935 r
614 5886 718 5937 lucc
757 5903 873 5947 00.12,
914 5894 1050 5947 φησί.
1116 5901 1225 5947 post
1272 5894 1563 5947 θαόὀοῦντες.
1651 5902 1673 5930 °
1701 5901 1839 5947 Alius

313 5886 575 5959 μριὺαωτ
610 5886 718 5959 [nec
757 5903 873 5951 00.12,
906 5886 1070 5959 φησίξ-
1100 5901 1225 5959 post
1269 5886 1563 5959 θαρῥοῦντες.
1651 5886 1673 5930 δ
1701 5886 1843 5951 Ᾱιίιὶέ

254 5948 413 6025 ωσι
430 5950 669 6025 σοφιστῶν
689 5964 776 6012 pro
801 5948 980 6021 σοφῶνζ
1038 5948 1071 5994 δ
1096 5948 1239 6021 Reg,
1267 5948 1621 6025 καῖεὴγορῶμεν,
1663 5948 1841 6015 ωῐιίυέ

254 6023 407 6073 quam
427 6009 547 6061 cdlu
570 6009 936 6076 κατηγοροῦμεν.

1978 519 2123 571 μιον.
2159 506 2271 558 Καὶ
2298 506 2426 559 ὅταν
2459 506 2689 559 εἴπωσιν
2722 511 2939 573 ἐκεῖνοι,
2966 510 3047 562 ὅτι
3074 510 3325 579 ἄγροικοι
3353 514 3492 579 ἦσαν
3518 518 3567 567 οἱ

1972 585 2284 653 ἀπόστολοι,
2323 589 2653 659 προσθῶμεν
2685 592 2878 659 ἡμεῖς,
2912 608 3007 645 και.
3036 592 3319 663 εἴπωμεν,
3358 596 3439 647 ὅτι
3477 598 3569 649 καὶ
3653 625 3660 630 -

1976 669 2207 737 ἀμαθεῖς
2250 673 2343 724 καὶ
2381 672 2742 743 ἀγράμματοι
2778 676 2871 726 καὶ
2917 675 3153 745 πένητες
3192 677 3288 728 καὶ
3329 678 3568 740 εὐτελεῖς

1974 753 2069 804 καὶ¹
2096 753 2347 808 ἀσύνετοι
2379 757 2472 809 καὶ
2510 758 2757 823 ἀφανεῖς.
2795 759 2909 810 Οὐκ
2946 759 3061 812 ἔστι
3102 759 3422 830 βλασφημία
3456 762 3567 814 τῶν

1978 836 2289 891 ἀποστόλων
2320 839 2517 904 ταῦτα,
2549 838 2688 893 ἀλλά
2724 842 2818 893 καὶ
2848 842 2996 907 δόξα,
3030 843 3090 894 τὸ
3128 845 3255 906 τοὺς
3288 844 3565 907 τοιούτους

1973 916 2073 985 τῆς
2098 920 2422 990 οἰκουμένης
2454 921 2637 992 πάσης
2664 921 3083 995 λαμπροτέρους
3112 926 3368 993 φανῆναι.
3401 921 3565 980 (ὶζτοι

1974 1002 2084 1072 γὰρ
2116 1006 2166 1055 οί
2203 1004 2410 1057 ίδιῶται
2448 1008 2545 1059 καὶ
2578 1009 2829 1076 ἄγροικοι
2863 1010 2960 1061 κα)⁹
3011 1007 3125 1079 [21]
3173 1011 3405 1078 ἀμαθεῖς
3437 1014 3565 1073 τοὺς

1977 1088 2175 1154 σοφοὺς
2212 1090 2307 1141 καὶ
2340 1089 2601 1153 δυνατοὺς
2634 1090 2729 1143 καὶ
2771 1091 2899 1154 τοὺς
2928 1091 3261 1161 τυράννους,
3310 1095 3405 1146 καὶ
3437 1096 3563 1157 τοῦς

1974 1169 2068 1221 ἐπὶ¹
2096 1170 2308 1242 πλούτῳ
2352 1174 2447 1225 καὶ
2478 1173 2606 1246 δόξῃ
2638 1174 2733 1227 καὶ
2763 1176 2878 1237 τοῖς
2925 1172 3126 1240 ἔξωθεν
3168 1176 3304 1229 πᾶσι
3346 1177 3565 1246 κομπά-

1975 1250 2188 1316 ζοντας,
2222 1254 2297 1317 ώς
2323 1256 2445 1308 οὐδὲ
2475 1256 2695 1327 ἄνδρας,
2723 1256 2866 1310 οῦτω
2895 1259 3367 1326 κατηγωνίσαντο.
3399 1259 3564 1313 ’Ὅθεν

1972 1334 2153 1404 δῆλον,
2185 1338 2266 1391 ὅτι
2302 1339 2512 1409 μεγάλη
2551 1342 2583 1409 ἡ
2626 1340 2721 1393 τοῦ
2758 1340 2993 1411 σταυροῦ
3036 1342 3287 1413 δύναμις,
3335 1345 3429 1397 καὶ
3463 1343 3563 1396 οὐκ

1972 1417 2287 1491 ἀνθρωπίνῃ
2340 1420 2486 1490 ίσχύῖ
2514 1421 2689 1475 ταῦτα
2727 1422 2959 1491 ἐγίνετο.
2993 1424 3069 1477 Οὐ
3095 1425 3205 1495 γὰρ
3246 1426 3359 1495 ἔχει
3401 1426 3565 1495 φύσιν

1974 1500 2041 1554 τά
2079 1503 2364 1572 γινόμενα,
2405 1505 2520 1558 ἀλλ’
2563 1507 2703 1579 ὑπὲρ
2735 1506 2897 1576 φύσιν
2927 1503 2996 1579 ἦν
3026 1508 3095 1561 τά
3129 1509 3559 1580 κατορθούμενα.

1978 1585 2146 1638 Ὅταν
2178 1586 2236 1640 δὲ
2280 1588 2421 1656 ὑπὲρ
2466 1588 2629 1658 φύσιν
2679 1607 2732 1643 τι
2772 1590 3022 1660 γένηται,
3075 1594 3170 1645 καὶ
3207 1592 3351 1663 ὑπὲρ
3400 1593 3565 1662 φύσιν

1976 1668 2128 1740 παρά
2162 1671 2297 1725 πολὺ
2326 1671 2464 1741 μετὰ
2496 1672 2589 1725 τοῦ
2622 1675 2993 1743 προσήκοντος
3023 1674 3236 1728 καὶτοῦ
3264 1676 3562 1746 χρησίμου,

1973 1751 2193 1822 εύδηλον
2226 1755 2309 1807 ὅτι
2350 1755 2468 1825 θείᾳ
2501 1757 2607 1807 τινὶ
2645 1754 2821 1810 ταῦτα
2862 1757 3090 1827 δυνάμει
3129 1758 3225 1810 καὶ
3271 1757 3567 1827 συνεργεία

1972 1837 2199 1903 γίνεται.
2220 1838 2421 1891 Σκόπει
2445 1838 2522 1891 δέ’
2545 1840 2601 1891 '0
2618 1839 2826 1904 ἁλιεὺς,
2845 1841 2873 1892 0
2892 1840 3239 1910 σκηνοποιὸς,
3254 1842 3283 1893 ό
3299 1840 3563 1910 τελώνης,

1967 1919 1999 1969 ό
2034 1917 2269 1989 ἰδιώτης,
2294 1923 2321 1972 0
2351 1922 2735 1991 ἀγράμματος,
2767 1924 2830 1975 ὲκ
2861 1924 3225 1993 Παλαιστίνης
3252 1922 3354 1992 τῆς
3379 1921 3564 1993 χώρας

1976 2000 2193 2070 μακράν
2241 2002 2504 2073 κειμένης
2534 2003 2812 2067 ἐλθόντες,
2865 2007 2993 2068 τοὺς
3049 2006 3404 2075 φιλοσόφους,
3436 2006 3565 2067 τοὺς

1974 2083 2234 2157 ῥήτορας,
2267 2086 2397 2149 τοὺς
2428 2084 2635 2149 δεινοὺς
2667 2088 2844 2140 εἰπεῖν
2874 2090 2939 2140 ἐκ
2962 2088 3060 2157 τῆς
3094 2087 3304 2151 οίκείας
3331 2087 3562 2140 ἀπωσά-

1975 2183 2125 2236 μενοι
2176 2168 2421 2235 πάντας,
2458 2170 2614 2222 αῦτοὶ
2661 2169 2869 2224 τούτων
2918 2172 3235 2241 ἐκράτησαν
3282 2170 3341 2223 ἐν
3386 2172 3566 2241 χρόνῳ

1972 2249 2165 2321 βραχεί
2192 2254 2332 2321 μετὰ
2364 2252 2626 2306 κινδύνων
2658 2254 2892 2320 πολλῶν,
2921 2254 3133 2326 δήμων,
3167 2254 3438 2325 βασιλέων
3465 2254 3563 2306 ἀν-

1968 2336 2370 2402 τιπιπτόντων,
2427 2337 2528 2407 τῆς
2583 2338 2799 2405 φύσεως
2838 2339 3009 2409 αὐτῆς
3069 2339 3407 2409 μαχομένης,
3463 2338 3561 2390 τοῦ

1968 2422 2163 2488 χρόνου
2199 2419 2301 2487 τῆς
2342 2419 2735 2490 παλαιότητος,
2779 2422 2881 2491 τῆς
2914 2422 3117 2492 πολλῆς
3147 2422 3439 2492 συνηθείας
3468 2424 3563 2473 ἀν-

1968 2503 2362 2573 τιπαλαιούσης
2392 2517 2414 2543 ο
2478 2505 2761 2575 σφοδρῶς,
2819 2506 3099 2576 δαιμόνων
3150 2504 3559 2575 ὁπλιζομένων,

1968 2584 2212 2637 διαϐόλου
2240 2588 2722 2657 παραταττομένου
2752 2590 2845 2642 καὶ
2868 2591 3047 2644 πάντα
3070 2588 3371 2653 κινοῦντος,
3406 2588 3563 2658 βασι-

1968 2666 2119 2731 λέας,
2153 2671 2450 2738 ἄρχοντας,
2495 2671 2739 2741 δήμους,
2782 2672 2934 2742 ἔθνη.
2973 2673 3194 2737 πόλεις,
3224 2671 3559 2742 βαρῦἀρους,

1971 2752 2261 2823 Ἕλληνας,
2293 2754 2638 2822 φιλοσόφους,
2673 2750 2932 2826 ῥήτορας,
2976 2758 3257 2825 σοφιστὰς,
3292 2756 3563 2827 λογογρά-

1968 2851 2125 2901 φους,
2155 2839 2375 2905 νόμους,
2407 2839 2773 2910 δικαστήρια,
2808 2840 3063 2905 κολάσεις
3096 2840 3367 2905 ποικίλας,
3400 2841 3563 2894 θανά-

1967 2935 2094 2980 τους
2128 2920 2354 2990 μυρίους
2394 2923 2488 2973 καὶ
2532 2923 2929 2987 παντοδαπούς,
2985 2923 3125 2977 Ἀλλ’
3155 2925 3303 2995 ὅμως
3344 2923 3564 2978 ἅπαντα

1967 3000 2139 3054 ταῦτα
2168 3002 2342 3064 οῦτως
2386 3003 2651 3073 ἠλέγχετο
2681 3005 2778 3058 καὶ
2820 3006 3180 3076 παρεχώρει,
3210 3005 3322 3059 τῶν
3366 3006 3563 3058 ἀλιέων

1968 3081 2361 3153 φθεγγομένων
2382 3124 2397 3148 ,
2433 3085 2509 3146 ὼς
2543 3085 2693 3147 κόνις
2724 3086 2900 3158 λεπτὴ
2933 3088 3182 3159 σφοδρῶν
3210 3088 3427 3159 ἀνέμων
3461 3090 3560 3156 ἐμ-

1965 3165 2129 3236 ϐολὴν
2156 3168 2402 3235 ἐνεγκεῖν
2439 3168 2515 3239 μὴ
2550 3168 2853 3241 δυναμένη.
2887 3170 3169 3240 Μάθωμεν
3198 3172 3378 3224 τοίνυν
3415 3170 3562 3224 οὕτω

1966 3248 2104 3317 πρὸς
2142 3249 2414 3320 Ἕλληνας
2455 3250 2824 3319 διαλέγεσθαι,
2857 3253 2946 3305 ἴνα
2993 3254 3070 3324 μὴ
3095 3248 3247 3325 ὦμεν
3277 3254 3354 3317 ὼς
3391 3251 3563 3324 θρέμ-

1969 3348 2119 3401 ματα
2165 3332 2262 3386 καὶ
2306 3332 2661 3404 βοσκήματα,
2700 3335 2818 3388 ἀλλ’
2856 3330 3009 3407 ὦμεν
3046 3337 3560 3407 παρεσκευασμένοι

1967 3415 2097 3484 περὶ
2128 3415 2226 3486 τῆς
2257 3419 2314 3469 ἐν
2346 3418 2479 3487 ἡμῖν
2514 3418 2748 3481 ἐλπίδος.
2786 3420 2894 3472 Καὶ
2930 3418 3069 3482 τέως
3098 3419 3258 3473 τοῦτο
3293 3419 3355 3472 τὸ
3387 3420 3559 3486 κεφά-

1966 3501 2115 3553 λαιον
2140 3502 2529 3573 μελετήσωμεν
2551 3505 2652 3557 οῦκ
2674 3503 2735 3557 ὃν
2768 3504 2989 3575 μικρὸν,
3025 3505 3122 3558 καὶ
3145 3504 3395 3575 λέγωμεν
3424 3504 3561 3581 πρός

1966 3584 2190 3661 αὐτούς
2218 3587 2391 3639 Πόθεν
2414 3589 2464 3639 οί
2491 3587 2743 3651 ἀσθενεῖς
2766 3588 2875 3641 τῶν
2895 3589 3132 3661 ἰσχυρῶν
3155 3589 3557 3661 περιεγένοντο,

1962 3671 2015 3722 οί
2055 3653 2264 3723 δώδέκα
2302 3670 2404 3739 τῆς
2450 3671 2815 3743 οἰκουμένης,
2850 3653 2983 3742 οὐχὶ*
3007 3653 3119 3735 τοις
3157 3653 3342 3735 αὐτοῖς
3371 3671 3558 3736 ὅπλοις

1963 3754 2316 3825 κεχρημένοι,
2350 3752 2487 3806 ἀλλά
2524 3754 2723 3824 γυμνοὶ
2752 3754 2892 3826 πρὸς
2919 3754 3183 3818 ἐνόπλους
3217 3754 3555 3826 μαχόμενοι;

2034 3905 2094 3950 ε’.
2127 3900 2261 3951 Εἰπὲ
2294 3898 2423 3970 γάρ,
2458 3902 2506 3953 εί
2530 3899 2743 3953 δώδεκα
2765 3899 2959 3972 ἀνδρες
2989 3896 3309 3970 πολεμικῶν
3338 3896 3558 3967 ἄπειροι

1964 3982 2305 4051 πραγμάτων
2344 3985 2423 4045 εἰς
2467 3981 2773 4053 παράταξιν
2815 3983 3167 4053 στρατιωτῶν
3201 3983 3429 4052 ἄπειρον
3463 3982 3558 4032 καὶ

1961 4065 2314 4135 ὡπλισμένην
2345 4066 2775 4136 εἰσπηδήσαντες
2796 4107 2810 4130 ,
2842 4069 2944 4121 οῦκ
2976 4066 3167 4122 ἀοπλοι
3204 4064 3387 4134 μόνον,
3419 4062 3564 4116 ἀλλὰ

1962 4150 2059 4204 καὶ
2083 4149 2329 4213 ἀσθενεῖς
2350 4150 2411 4202 τὸ
2439 4150 2622 4219 σῶμα,
2646 4151 2753 4204 ὑπὸ
2778 4151 2877 4221 μὲν
2899 4151 3125 4205 ἐκείνων
3149 4149 3317 4203 οὐδέν
3328 4148 3553 4210 ἔπαθον,

1964 4233 2098 4305 μηδὲ
2127 4232 2341 4303 μυρίοις
2372 4232 2692 4304 βαλλόμενοι
2729 4234 2943 4300 βέλεσιν
2970 4236 2991 4275 ι
3027 4232 3369 4306 ἐτρώθησαν,
3399 4230 3554 4302 έχον-

1958 4330 2051 4375 τες
2082 4312 2141 4364 δὲ
2176 4313 2678 4383 ἐμπεπερονημένα
2713 4315 2783 4368 τὰ
2822 4313 2952 4385 βέλη
2998 4312 3195 4383 γυμνῷ
3227 4311 3306 4381 τῷ
3338 4310 3556 4381 σώματι

1960 4396 2169 4459 πάντας
2197 4394 2550 4460 κατέϐαλλον,
2586 4399 2685 4467 οὐχ
2711 4398 2899 4461 ὅπλοις
2928 4398 3287 4469 κεχρημένοι,
3319 4393 3459 4449 ἀλλά
3486 4398 3554 4465 τῇ

1958 4480 2101 4551 χειρὶ
2131 4480 2385 4543 παίοντες
2405 4520 2419 4544 ,
2457 4475 2575 4534 εἶτα
2609 4483 2738 4543 τοὺς
2765 4482 2865 4552 μὲν
2886 4481 3116 4545 ἀνεῖλον,
3147 4482 3273 4543 τοὺς
3299 4479 3356 4533 δὲ
3386 4481 3555 4549 αίχμ-

1959 4562 2199 4625 αλώτους
2258 4562 2518 4627 λαϐόντες
2571 4564 2883 4635 ἀπήγαγον.
2940 4566 3076 4636 μηδέ
3127 4563 3421 4635 τραύματα
3452 4562 3555 4615 αύ-

1956 4649 2039 4699 τοὶ
2059 4645 2365 4715 δεξάμενοι,
2389 4641 2501 4717 ἀρά
2527 4664 2613 4709 τις
2639 4649 2701 4700 τὸ
2726 4648 3013 4717 γινόμενον
3043 4646 3386 4717 ἀνθρώπινον
3411 4642 3556 4700 εἶναι

1956 4730 2163 4798 ἒφησες
2212 4729 2406 4783 Καίτοι
2444 4728 2506 4781 τὸ
2544 4729 2653 4782 τῶν
2689 4731 3007 4785 ἀποστόλων
3056 4730 3317 4801 τρόπαιον
3372 4728 3553 4799 πολλῷ

1954 4812 2168 4865 ἐκείνου
2189 4812 2654 4883 θαυμαστότερον.
2676 4812 2783 4865 Τοῦ
2801 4814 2909 4883 γὰρ
2929 4814 3137 4884 γυμνὸν
3156 4812 3233 4883 μὴ
3249 4810 3549 4883 τρωθῆναι,

1955 4895 2136 4966 πολλῷ
2166 4895 2603 4966 παραδοξότερον
2643 4896 2705 4950 τὸ
2738 4898 2832 4951 τὸν
2868 4897 3086 4966 ἰδιώτην
3116 4896 3211 4949 καὶ
3239 4896 3551 4968 ἀγράμμα-

1952 4997 2045 5033 τον
2070 4980 2164 5033 καὶ
2190 4978 2346 5033 άλιέα
2372 4980 2647 5052 τοσαύτης
2673 4981 2978 5050 δεινότητος
3012 4980 3421 5052 περιγενέσθαι,
3456 4980 3551 5034 καὶ

1958 5065 2097 5133 μήτε
2124 5064 2231 5117 ὑπὸ
2253 5063 2353 5133 τῆς
2372 5063 2708 5135 ὀλιγότητος,
2738 5067 2878 5136 μήτε
2905 5064 3012 5120 0110
3036 5066 3139 5134 τῆς
3166 5065 3378 5130 πενίας,
3409 5065 3551 5136 μήτε

1955 5146 2060 5200 ὑπὸ
2079 5146 2189 5199 τῶν
2209 5146 2491 5211 κινδύνων,
2526 5149 2665 5220 μήτε
2698 5148 2805 5201 ὑπὸ
2829 5150 2930 5219 τῆς
2959 5148 3254 5218 συνηθείας
3278 5148 3383 5217 τῆς
3412 5164 3550 5219 προ-

1956 5231 2369 5302 κατειληφυίας,
2408 5232 2548 5303 μήτε
2577 5231 2684 5285 01:0
2706 5233 2808 5302 τῆς
2833 5232 3105 5303 τοσαύτης
3134 5232 3549 5304 αὐστηρότητος

1953 5315 2059 5366 τῶν
2129 5315 2473 5386 πραγμάτων
2545 5308 2622 5368 ὧν
2685 5315 3019 5381 ἐπέταττον,
3086 5318 3225 5385 μήτε
3284 5317 3392 5369 ὑπὸ
3439 5316 3547 5369 τῶν

1954 5397 2340 5469 καθημερινῶν
2384 5397 2634 5451 θανάτων
2655 5438 2670 5462 ,
2712 5399 2852 5469 μήτε
2887 5400 2992 5452 ὑπὸ
3025 5397 3121 5451 τοῦ
3154 5399 3396 5470 πλήθους
3435 5400 3547 5453 τῶν

1950 5481 2383 5551 ἀπατηθέντων,
2435 5482 2575 5553 μήτε
2607 5481 2713 5534 ὑπὸ
2744 5480 2841 5535 τοῦ
2893 5481 3206 5553 ἀξιώματος
3249 5483 3358 5535 τῶν
3396 5484 3543 5535 άπα-

1948 5564 2234 5631 τησάντων
2266 5563 2687 5635 διακωλυθῆναι.
2725 5564 2881 5618 Οῦτω
2921 5566 3104 5619 τοίνυν
3134 5566 3334 5627 αὐτοὺς
3372 5582 3541 5619 κατας

1950 5646 2224 5716 ϐάλωμεν,
2256 5648 2349 5699 καῖ⁹
2382 5647 2685 5718 μαχώμεθα
2714 5648 2851 5717 πρὸς
2879 5648 3147 5712 ἐκείνους,
3174 5649 3270 5701 καὶ
3297 5647 3409 5719 πρὸ
3431 5648 3541 5701 τῶν

1948 5728 2124 5791 λόγων
2147 5728 2240 5783 διὰ
2270 5732 2367 5783 τοῦ
2395 5729 2513 5797 βίου
2552 5724 3057 5802 καταπληξώμεθα.
3094 5730 3244 5803 Αὕτη
3277 5730 3394 5804 [ει]
3429 5734 3540 5804 γάρ

1948 5814 2095 5867 ἐστιν
2130 5815 2163 5884 ἡ
2206 5812 2418 5886 μεγάλη
2462 5816 2633 5887 μάχη,
2672 5808 2828 5881 οὗτος
2870 5820 2899 5870 0
2928 5817 3291 5887 συλλογισμὸς
3318 5819 3539 5879 όηάναν·

2018 6034 2039 6060 ε
2072 6031 2332 6095 chcbm'ur
2356 6034 2739 6095 ἀντιπιπτούσης.
2815 6037 2834 6077 ι
2856 6037 3033 6090 Deerat
3050 6038 3257 6102 μέλεσιν.
