4018 6208
221 366 290 421 29
1281 349 1347 409 IN
1385 350 1605 408 EPIST.
1644 350 1666 406 l
1728 350 1821 405 AD
1855 347 2017 406 COB.
2053 301 2286 407 nomn.
2330 347 2417 407 IV.
3440 358 3515 415 so

218 481 349 544 vim,
366 492 429 534 ac
448 490 622 549 neque
643 490 674 532 a
699 472 985 546 paucitate,
1007 484 1182 540 neque
1209 483 1240 522 a
1273 476 1604 538 paupertate,
1633 478 1808 534 neque

219 585 250 623 a
274 567 549 641 periculis,
576 581 751 637 neque
773 578 803 618 a
833 562 1027 633 praevia
1045 558 1452 622 consuetudine,
1477 572 1577 611 nec
1603 571 1631 608 a
1657 570 1808 609 seve-

218 661 378 715 ritate
406 674 585 714 rerum
619 672 751 727 quas
781 652 1163 724 prmcipiebant
1185 692 1199 715 ,
1234 666 1404 718 neque
1428 665 1459 703 a
1482 647 1809 719 quotidianis

216 738 503 813 mortibus,
531 764 704 819 neque
733 746 802 799 ab
825 760 1013 800 eorum
1039 744 1126 812 qui
1157 742 1365 811 decepti
1392 742 1606 795 fuerant
1626 740 1807 793 multi-

217 843 405 897 tudine
428 884 445 909 ,
486 855 659 910 neque
685 839 752 893 ab
777 853 964 893 eormn
992 836 1079 904 qui
1102 835 1426 903 deceperant
1450 833 1768 886 auctoritate
1791 872 1806 895 ,

217 933 625 1003 impedirentur.
657 931 748 986 Sic
776 944 904 998 ergo
934 928 1059 982 illos
1090 935 1488 995 prosternamus
1526 933 1580 979 et
1620 931 1807 978 contra

222 1028 366 1095 ipsos
395 1038 691 1095 pugnemus
719 1040 732 1075 :
773 1036 837 1075 ac
866 1022 974 1073 vita
1006 1018 1175 1089 prius,
1216 1033 1374 1087 quam
1405 1031 1674 1081 sermone,
1712 1016 1811 1068 im-

216 1125 465 1181 pctamus
492 1115 629 1167 illos.
659 1113 773 1168 lloc
798 1112 939 1167 enim
967 1127 1217 1180 magnunt
1245 1119 1516 1165 certamen
1541 1118 1621 1163 est
1645 1149 1661 1174 ,
1696 1107 1811 1161 hinc

214 1206 554 1259 ratiocinatio
594 1214 693 1269 est,
733 1204 817 1259 cui
849 1202 1141 1257 contradici
1186 1218 1289 1255 non
1336 1200 1526 1272 possit,
1554 1213 1673 1266 quae
1710 1214 1811 1266 per

214 1310 381 1365 opera
413 1296 673 1366 procedit.
710 1294 931 1351 Etiamsi
961 1294 1103 1349 enim
1132 1293 1408 1347 innumera
1436 1292 1614 1346 verbis
1637 1290 1813 1361 philo-

213 1387 545 1455 sophcmur,
572 1390 616 1440 si
647 1402 751 1440 non
775 1386 1052 1440 meliorem
1081 1400 1238 1453 quam
1271 1384 1342 1438 illi
1366 1383 1527 1437 vitam
1552 1382 1809 1438 exhibea-

215 1492 359 1538 mus,
394 1477 597 1529 nullum
629 1485 709 1532 est
739 1476 967 1531 lucrum.
999 1474 1114 1529 Non
1139 1476 1280 1529 enim
1310 1476 1466 1529 dictis
1490 1474 1807 1538 attendunt,

215 1567 312 1621 sed
345 1565 481 1620 facta
513 1578 694 1621 nostra
720 1567 1050 1629 examinant,
1078 1574 1132 1621 et
1156 1565 1341 1620 dicunt
1369 1584 1381 1619 :
1407 1565 1485 1620 Tu
1517 1565 1667 1635 prior
1691 1581 1812 1619 ver-

214 1656 302 1711 bis
348 1656 453 1711 tuis
492 1657 824 1727 obtempera,
869 1666 925 1711 et
968 1668 1093 1709 tunc
1134 1656 1266 1709 alios
1307 1655 1555 1711 admone.
1584 1655 1735 1723 Quod
1764 1657 1807 1709 si

212 1760 338 1800 cum
368 1747 500 1807 dicis
523 1748 800 1801 innumera
822 1760 941 1800 esse
962 1746 1103 1799 bona
1134 1746 1185 1798 iu
1215 1744 1394 1799 futuro
1414 1747 1634 1813 saeculo,
1659 1748 1809 1816 quasi

214 1836 307 1890 illa
335 1852 443 1889 non
474 1837 598 1899 sint,
634 1834 988 1905 prementibus
1018 1834 1263 1889 addictus
1291 1834 1542 1897 videaris,
1574 1836 1809 1889 credibi-

212 1928 349 1981 liora
378 1926 508 1980 mihi
531 1937 654 1981 sunt
683 1925 815 1980 facta
842 1942 1002 1994 quam
1030 1925 1169 1979 dicta
1202 1935 1308 1979 tua.
1338 1926 1468 1979 Cum
1489 1926 1631 1979 enim
1656 1925 1811 1979 video

214 2028 270 2072 te
300 2017 475 2071 aliena
506 2017 825 2086 rapientem,
873 2016 940 2070 de
984 2016 1049 2069 iis
1092 2017 1181 2084 qui
1224 2016 1459 2071 defuncti
1502 2025 1628 2070 sunt
1671 2016 1809 2070 ultra

209 2107 433 2162 modum
484 2109 794 2177 lugentem,
849 2107 1057 2175 aliaque
1105 2107 1267 2160 multa
1312 2123 1476 2177 prave
1521 2096 1808 2177 agentem,

210 2199 487 2269 quomodo
532 2200 625 2253 tibi
665 2199 881 2253 credam
926 2198 1124 2253 dicenti
1170 2199 1620 2253 resurrectionem
1652 2200 1811 2253 esse?

211 2291 440 2349 Etiamsi
487 2292 630 2346 enim
685 2290 800 2345 haec
841 2307 947 2346 non
1000 2292 1199 2356 dicant,
1230 2292 1343 2345 haec
1385 2292 1621 2361 cogitant
1659 2301 1714 2346 et
1756 2293 1806 2345 in

212 2395 399 2438 mente
446 2392 679 2437 versant.
716 2385 780 2438 Et
820 2384 924 2437 hoc
952 2384 1191 2452 impedit,
1240 2384 1525 2453 quominus
1564 2384 1811 2439 inﬁdeles

208 2458 502 2529 Christiani
535 2477 685 2531 ﬁant.
736 2475 1053 2544 Inducamus
1083 2490 1211 2544 ergo
1239 2475 1359 2530 illos
1389 2479 1675 2544 per'vitam
1708 2492 1807 2531 no-

212 2577 406 2618 stram.
440 2565 590 2619 Multi
620 2574 675 2619 et
706 2566 937 2619 illiterati
966 2566 1065 2618 viri
1105 2565 1545 2635 philosophorum
1573 2575 1809 2621 mentem

212 2658 288 2712 ita
313 2659 637 2728 perculsere,
668 2667 850 2727 utpote
875 2658 965 2727 qui
996 2673 1215 2725 Operum
1245 2658 1637 2728 philosophiam
1661 2661 1812 2716 exhi-

211 2748 438 2813 berent,
472 2757 527 2803 et
552 2762 737 2802 vocem
772 2749 893 2802 tuba
921 2748 1200 2803 clariorem
1233 2763 1331 2817 per
1360 2749 1482 2803 vita:
1508 2751 1808 2805 institutum

212 2848 271 2892 et
300 2837 692 2907 philosophiam
728 2839 1040 2891 emitterent
1071 2855 1085 2892 :
1121 2837 1237 2892 hzcc
1263 2838 1462 2907 quippe
1488 2837 1667 2909 lingua
1695 2838 1809 2894 foro

216 2931 322 2983 tior
346 2938 444 2983 est.
490 2928 619 2982 Cum
646 2928 789 2982 enim
817 2928 993 2982 dicam
1013 2970 1029 2996 ,
1058 2944 1167 2983 non
1195 2938 1450 2998 oportere
1490 2930 1810 2998 injuriarum

212 3018 557 3087 meminisse,
590 3019 887 3089 deindeque
921 3018 1111 3075 Graeco
1138 3020 1416 3075 innumera
1448 3021 1672 3078 inferam
1698 3039 1813 3078 ma-

214 3113 291 3177 la,
314 3110 584 3181 quomodo
614 3121 798 3180 potero
822 3111 999 3167 verbis
1024 3112 1171 3167 illum
1194 3112 1471 3180 inducere,
1495 3131 1616 3169 cum
1645 3118 1811 3184 gestis

214 3204 391 3271 ipsum
432 3202 731 3272 depcllam?
769 3201 1040 3257 Venemur
1065 3218 1194 3273 ergo
1220 3204 1342 3259 illos
1372 3221 1467 3273 per
1496 3206 1618 3259 vite
1646 3208 1805 3262 insti-

216 3302 414 3357 tutum,
444 3301 499 3347 et
527 3308 621 3362 per
647 3292 805 3347 hasce
826 3293 1034 3347 animas
1058 3292 1385 3349 aadificemus
1417 3296 1735 3363 Ecclesium,
1759 3308 1815 3353 et

219 3386 318 3439 bas
345 3397 695 3452 congerat-tus
720 3384 953 3437 divitias.
980 3382 1120 3437 Nihil
1150 3394 1235 3439 est
1259 3387 1450 3459 animm
1471 3388 1809 3457 mquiparan-

215 3475 369 3534 dum,
402 3489 470 3528 ne
505 3484 645 3528 totus
670 3473 885 3542 quidem
913 3474 1167 3531 mundus.
1208 3475 1392 3545 Itaque
1416 3478 1629 3532 etiamsi
1658 3480 1813 3534 innu-

220 3578 399 3618 meras
423 3562 742 3632 pauperibus
770 3564 1020 3633 pecunias
1045 3567 1370 3634 erogaveris,
1404 3566 1535 3619 nihil
1566 3568 1670 3622 tale
1698 3569 1815 3641 efli-

218 3657 332 3711 cics
358 3656 513 3724 quale
543 3655 609 3717 is,
648 3654 734 3722 qui
768 3654 849 3708 vel
898 3669 1055 3707 unam
1103 3655 1340 3708 animam
1385 3660 1664 3711 convertit.
1714 3659 1815 3724 Qui

218 3750 354 3801 enim
383 3746 545 3799 educit
576 3745 849 3813 pretiosum
878 3762 939 3799 ea:
965 3746 1071 3811 vili,
1105 3749 1249 3815 quasi
1279 3765 1334 3801 os
1362 3766 1525 3803 meum
1556 3752 1647 3804 erit
1675 3751 1811 3821 (λεν.

223 3842 305 3898 15.
339 3840 446 3905 19),
468 3838 655 3906 inquit.
686 3836 928 3904 Magnum
955 3836 1166 3905 quidem
1193 3838 1388 3893 bonmn
1417 3849 1499 3893 est
1519 3857 1810 3910 egenorum

1914 462 2187 529 misereri;
2215 463 2308 519 sed
2338 463 2468 518 nihil
2498 474 2701 518 tantum
2724 505 2739 528 ,
2771 473 3028 535 quantum
3054 464 3125 521 ab
3149 480 3339 523 errore
3363 468 3499 526 libe-

1913 567 2034 607 rare
2062 571 2077 607 :
2108 553 2199 622 qui
2229 552 2497 608 ellilh'ilTlc
2527 553 2691 621 facit,
2720 554 2887 610 Paulo
2910 564 2965 611 et
2995 555 3155 611 Petro
3179 558 3373 614 similis
3393 570 3502 617 est.

1912 643 2063 698 Licet
2088 645 2230 700 enim
2261 644 2470 699 illorum
2499 645 2932 714 praedicationem
2967 648 3245 719 suscipere
3267 690 3284 715 ,
3312 665 3423 706 non
3450 660 3510 707 ut

1916 736 2278 805 periclitemur
2307 736 2758 805 quemadmodum
2801 738 2906 803 illi,
2952 750 3007 793 et
3042 739 3270 807 faem,
3299 750 3507 812 pestem

1913 836 2211 896 caulemque
2236 828 2553 890 toleremus;
2600 828 2712 898 jam
2759 831 2902 883 enim
2949 832 3093 899 pacis
3132 841 3342 903 tempus
3384 843 3504 901 est;

1914 918 2008 970 sed
2026 926 2083 971 ut
2097 918 2345 972 alacriter
2362 918 2596 973 studium
2614 920 2989 975 exhibeamus.
3014 922 3164 978 Licet
3184 926 3330 980 enim
3350 925 3501 981 domi

1914 1006 2164 1062 sedentes
2206 1013 2344 1063 hanc
2380 1023 2636 1065 exercere
2679 1011 3053 1079 piscationem.
3098 1013 3156 1069 Si
3197 1016 3317 1083 quis
3344 1015 3505 1072 habet

1913 1099 2163 1163 amicum,
2195 1111 2287 1154 aut
2314 1112 2599 1170 cognatum
2623 1144 2637 1167 ,
2671 1114 2763 1157 aut
2788 1103 3107 1160 familiarem
3130 1148 3145 1170 ,
3173 1104 3289 1161 hac
3318 1106 3500 1177 iaciat,

1916 1190 2031 1245 lucc
2058 1193 2232 1257 dicat;
2263 1204 2317 1248 et
2345 1194 2537 1248 similis
2562 1197 2665 1249 erit
2702 1196 2865 1252 Petro
2890 1206 2944 1252 et
2970 1197 3160 1253 Paulo.
3192 1200 3331 1265 Quid
3356 1202 3502 1269 dico,

1915 1281 2073 1337 Petro
2100 1292 2152 1337 et
2181 1284 2383 1338 Paulo?
2411 1284 2485 1340 Os
2513 1286 2615 1340 erit
2638 1286 2835 1343 Christi
2865 1306 2878 1343 :
2910 1304 3032 1345 nant
3062 1290 3164 1356 Qui
3192 1292 3359 1347 educit
3387 1310 3507 1363 pre-

1915 1374 2099 1426 tiosum
2119 1390 2149 1426 a
2175 1376 2281 1437 vili,
2303 1378 2449 1443 quasi
2473 1392 2530 1431 os
2563 1393 2729 1431 meum
2753 1380 2848 1432 erit
2872 1420 2887 1443 ,
2918 1380 3108 1450 inquit.
3144 1382 3367 1440 Etiamsi
3399 1384 3504 1440 bo-

1913 1465 2003 1520 die
2031 1481 2134 1521 non
2159 1470 2510 1535 persuaseris,
2536 1485 2657 1524 cras
2684 1471 3031 1539 persuadebis
3060 1491 3077 1528 :
3107 1476 3316 1531 etiamsi
3349 1492 3507 1532 num-

1874 1566 1877 1569 '
1913 1572 2072 1625 quam
2102 1560 2452 1625 persuaseris,
2488 1568 2544 1613 tu
2572 1560 2866 1630 perfectam
2897 1562 3120 1619 habebis
3149 1566 3455 1622 mercedem
3484 1584 3502 1621 :

1912 1646 2120 1699 etiamsi
2150 1662 2255 1701 non
2286 1649 2539 1705 omnibus
2567 1653 2935 1719 persuaseris,
2978 1669 3043 1707 ex
3084 1654 3265 1709 multis
3303 1671 3507 1726 paucos

1912 1735 2185 1791 attrahere
2210 1740 2445 1805 poteris;
2475 1741 2907 1811 quandoquidem
2930 1744 3159 1813 apostoli
3186 1761 3293 1800 non
3322 1747 3503 1802 omni-

1913 1824 2014 1876 bus
2058 1823 2362 1880 homimbus
2412 1844 2747 1897 persuasere,
2790 1845 2979 1887 omnes
3029 1842 3205 1890 tamen
3246 1836 3505 1906 alloquuti

1915 1925 2059 1981 sunt,
2088 1925 2142 1970 et
2170 1917 2236 1972 de
2262 1921 2509 1974 omnibus
2538 1923 2842 1979 mercedem
2870 1924 3092 1980 habent.
3116 1925 3235 1981 Non
3266 1928 3409 1982 enim
3433 1929 3505 1983 ab

1914 2009 2059 2063 exitu
2082 2020 2226 2065 recte
2253 2010 2531 2077 factorum,
2568 2014 2662 2068 sed
2710 2031 2740 2067 a
2770 2027 2951 2073 mente
2981 2028 3126 2074 recte
3163 2022 3504 2089 Operatitium

1914 2115 2142 2156 coronas
2172 2101 2463 2160 decernere
2501 2105 2643 2160 Deus
2672 2108 2827 2162 solet.
2876 2109 3095 2165 Etiamsi
3134 2110 3270 2167 duos
3306 2110 3508 2182 jeceris

1915 2189 2125 2254 obolos,
2144 2192 2357 2261 accipit,
2380 2203 2433 2247 et
2452 2195 2592 2263 quod
2615 2212 2739 2267 erga
2764 2197 2974 2252 viduam
3004 2200 3150 2266 fecit,
3177 2201 3277 2257 hoc
3299 2211 3355 2259 et
3374 2219 3504 2276 erga

1914 2280 2164 2339 doctores
2194 2295 2468 2353 Operatur.
2502 2287 2578 2342 Ne
2608 2290 2785 2360 itaque
2809 2331 2823 2356 ,
2855 2291 2977 2361 quia
3007 2308 3112 2347 non
3140 2305 3291 2362 potes
3316 2296 3504 2353 orbem

1918 2384 2182 2429 terrarum
2206 2391 2445 2441 servare,
2476 2395 2674 2447 paucos
2698 2382 2984 2451 despicias,
3005 2400 3178 2452 neque
3198 2402 3262 2441 ex
3286 2402 3509 2459 magno-

1916 2479 2034 2518 rum
2061 2464 2350 2531 desiderio,
2378 2483 2407 2521 a
2434 2470 2733 2525 minoribus
2763 2484 2812 2527 te
2841 2475 3143 2530 abstrahas.
3194 2477 3249 2534 Si
3287 2491 3503 2537 centum

1918 2572 2025 2611 non
2053 2559 2310 2628 potueris,
2344 2559 2531 2615 decem
2556 2577 2747 2627 cures;
2775 2563 2821 2617 si
2850 2564 3019 2621 denos
3042 2582 3148 2622 non
3177 2570 3371 2639 possis,
3403 2586 3505 2628 nec

1917 2651 2107 2721 quinos
2132 2666 2390 2728 spernas;
2435 2653 2480 2707 si
2515 2655 2707 2723 quinos
2742 2671 2849 2710 non
2892 2658 3086 2725 possis,
3118 2676 3186 2715 ne
3214 2678 3378 2716 unum
3404 2663 3503 2720 de.

1916 2744 2147 2813 Spicias;
2174 2746 2217 2801 si
2249 2762 2411 2801 unum
2434 2763 2540 2802 non
2573 2751 2831 2819 potueris,
2864 2768 3036 2820 neque
3062 2753 3141 2809 sic
3165 2755 3346 2813 animo
3368 2757 3507 2814 deli-

1916 2836 2046 2897 cias,
2100 2853 2201 2892 nec
2240 2854 2361 2908 quae
2405 2855 2571 2909 penes
2622 2851 2675 2896 te
2715 2852 2842 2897 sunt
2885 2844 3157 2901 cohibeas.
3204 2847 3317 2903 Non
3358 2850 3509 2906 vides

1916 2927 2187 2996 quomodo
2225 2928 2277 2983 in
2309 2930 2674 2985 contractibus
2697 2972 2713 2999 ,
2760 2948 2867 2987 non
2912 2936 3091 2994 solum
3127 2952 3191 2992 ex
3231 2955 3385 3007 auro,
3411 2942 3508 2997 sed

1917 3017 2075 3072 etiam
2100 3034 2165 3071 ex
2188 3028 2409 3088 argento
2439 3030 2765 3087 mercatores
2791 3037 3113 3079 commta..-
3221 3044 3399 3085 η--ιηω
3418 3045 3509 3085 so-

1918 3110 2101 3164 leant?
2126 3110 2255 3164 Nam
2288 3111 2331 3164 si
2362 3126 2429 3165 ne
2460 3126 2620 3179 parva
2648 3113 2863 3179 quidem
2892 3115 3249 3183 despiciatnas
3268 3160 3283 3182 .
3316 3137 3507 3193 magna

1916 3203 2078 3256 etiam
2104 3201 2568 3269 apprehendcmus
2606 3221 2619 3256 :
2648 3204 2692 3257 si
2726 3219 2855 3258 vero
2885 3220 3043 3273 parva
3075 3220 3507 3279 contemnamus,

1919 3311 2092 3363 neque
2124 3294 2208 3347 illa
2239 3295 2351 3364 ipsa
2383 3293 2539 3348 facile
2572 3310 2619 3363 pt
2641 3296 2948 3364 raipiemus.
2994 3299 3085 3354 Sic
3112 3302 3337 3372 quisque
3360 3304 3512 3361 dives

1918 3388 2149 3443 el‘ticitur
2188 3404 2346 3455 parva
2385 3397 2440 3442 et
2481 3405 2667 3458 magn“,
2706 3390 2962 3459 colligens
2991 3410 3003 3445 :
3035 3393 3113 3448 sic
3137 3403 3191 3448 et
3216 3412 3316 3464 nos
3343 3397 3508 3453 facia-

1920 3495 2058 3541 mus,
2102 3489 2158 3532 ut
2197 3480 2248 3533 in
2288 3479 2536 3535 munibus
2573 3482 2765 3535 divites
2811 3482 2957 3547 facti,
2990 3499 3211 3553 regnum
3256 3488 3509 3544 animum

1919 3586 2331 3639 consequamur,
2350 3572 2517 3641 gratia
2539 3582 2593 3626 et
2617 3572 2942 3642 benignitate
2967 3575 3172 3630 Domini
3198 3580 3362 3632 nostri
3384 3580 3511 3635 Jesu

1921 3662 2141 3727 Christi,
2172 3678 2266 3731 per
2303 3678 2461 3730 quem
2506 3672 2560 3716 et
2599 3678 2720 3716 cum
2749 3678 2855 3731 quo
2885 3664 3027 3719 Patri
3062 3682 3271 3737 unaque
3289 3668 3512 3739 Spiritui

1922 3764 2109 3806 sancto
2138 3752 2328 3822 gloria,
2360 3753 2663 3822 imperium,
2698 3752 2892 3822 hortor,
2926 3770 3067 3811 nunc
3105 3765 3161 3811 et
3191 3775 3431 3832 semper,
3459 3772 3515 3819 et

1923 3841 1976 3894 in
2004 3843 2198 3895 saecula
2222 3843 2561 3896 saeculorum.
2588 3843 2780 3897 Amen.

229 3954 3496 3991 Ἢ

1653 4026 1992 4091 HOMILIA
2036 4025 2146 4087 IV.

216 4170 351 4229 CAP.
387 4171 438 4224 l.
471 4185 523 4222 v.
555 4169 642 4224 18.
682 4167 902 4223 Verbum
921 4168 1054 4221 enim
1082 4171 1244 4222 crucis
1269 4172 1589 4239 pereuntibus
1615 4172 1819 4240 quidem

292 4262 509 4317 stultitia
536 4273 607 4316 est
631 4280 649 4325 ;
674 4262 737 4315 iis
768 4278 883 4315 vero
909 4263 996 4331 qui
1015 4264 1142 4315 salvi
1172 4264 1321 4332 fiunt,
1347 4264 1511 4331 nobis,
1536 4267 1693 4319 uirtus
1724 4266 1819 4321 Dei

294 4362 388 4407 est.
429 4352 516 4406 l9.
550 4351 809 4420 Scriptum
840 4362 912 4406 est
944 4355 1107 4415 enim,
1141 4352 1363 4406 Perdant
1392 4357 1818 4422 sapientiam‘sa-

298 4444 541 4513 pientium
562 4486 575 4507 ,
609 4454 653 4496 et
686 4443 1008 4512 prudentiam
1036 4444 1358 4513 prudentium
1385 4447 1683 4514 reprobabo.
1720 4446 1818 4501 Ubi

296 4538 499 4605 sapiens
520 4528 551 4589 ἔν’
571 4536 653 4589 ubi
673 4537 839 4591 scriba
855 4538 881 4591 ?
905 4535 995 4591 20.
1027 4538 1111 4591 ubi
1134 4539 1401 4607 inquisitor
1429 4541 1601 4593 seculi
1632 4542 1821 4610 hujus?

305 4630 352 4681 Ι.
401 4628 789 4685 Laborantibus
830 4638 888 4685 et
925 4630 1104 4687 animo
1142 4630 1324 4685 fractis
1365 4631 1528 4685 etiam
1573 4633 1819 4689 salubres

223 4721 331 4776 cibi
360 4720 605 4775 insuaves
634 4731 781 4787 sunt,
810 4722 966 4776 amici
991 4731 1046 4776 et
1074 4723 1359 4777 necessarii
1392 4724 1698 4789 importuni,
1728 4742 1821 4779 ne-

223 4827 331 4880 que
372 4825 516 4879 saepe
558 4820 970 4882 cognoscuntur,
1008 4826 1071 4867 ac
1098 4812 1346 4868 videntur
1395 4813 1597 4869 inferre
1645 4816 1817 4871 mole-

224 4901 407 4954 stiam.
449 4901 537 4955 Sic
570 4917 783 4973 quoque
808 4903 948 4958 solet
971 4903 1218 4958 accidere
1245 4903 1311 4957 iis
1337 4903 1425 4974 qui
1455 4905 1661 4959 animas
1699 4920 1819 4975 per-

224 4990 363 5044 dunt
392 5008 408 5043 :
432 5008 550 5045 nam
582 5009 702 5062 qute
727 4994 794 5048 ad
830 4995 1055 5049 salutem
1085 4993 1287 5049 ducunt
1311 4994 1592 5063 ignorant,
1620 5006 1675 5051 et
1700 4996 1819 5051 illos

225 5086 317 5152 qui
346 5084 583 5154 ipsorum
612 5103 795 5141 curam
817 5096 1012 5159 gerunt
1037 5088 1292 5143 molestos
1316 5104 1438 5144 esse
1466 5100 1676 5159 putant.
1708 5091 1819 5146 lloc

226 5185 408 5229 autem
456 5175 533 5239 lit,
566 5191 672 5231 non
716 5192 782 5232 ex
824 5178 937 5247 ipsa
981 5179 1059 5233 rei
1104 5191 1316 5245 natura,
1358 5180 1454 5236 sed
1498 5197 1564 5237 ex
1608 5181 1818 5236 illorum

226 5266 437 5321 morbo.
472 5266 543 5321 Et
566 5266 706 5336 quod
731 5269 903 5323 insani
935 5268 1153 5336 faciunt,
1178 5286 1299 5327 cum
1323 5271 1443 5326 illos
1468 5271 1594 5327 odio
1621 5271 1821 5327 habent

225 5357 319 5427 qui
362 5357 598 5426 ipsorum
639 5372 821 5413 curam
861 5369 1077 5431 gerunt,
1116 5360 1341 5431 illosque
1369 5362 1626 5419 conviciis
1654 5362 1821 5432 impe-

228 5456 388 5502 tum:
422 5449 523 5503 hoc
551 5464 767 5518 quoque
801 5450 1001 5507 faciunt
1024 5451 1291 5508 infideles.
1323 5451 1429 5508 Sed
1461 5452 1819 5523 quemadmo-

225 5538 356 5593 dum
400 5541 454 5594 in
499 5540 606 5597 illis
642 5540 732 5612 qui
772 5543 1027 5598 conviciis
1067 5544 1395 5613 impetuntur
1437 5555 1547 5599 tum
1590 5546 1820 5601 maxime

228 5642 414 5685 eorum
442 5630 768 5688 miserentur
790 5642 846 5688 et
872 5634 1253 5705 lacrymantur,
1281 5645 1463 5707 utpote
1484 5638 1573 5709 qui
1603 5637 1702 5693 hoc
1727 5654 1820 5692 ex-

233 5728 461 5777 tremum
490 5736 613 5780 esse
640 5724 969 5796 aegritudinis
1013 5726 1269 5784 indicium
1311 5738 1533 5801 putent,
1566 5730 1709 5802 quod
1741 5730 1820 5789 illi

1929 4171 2280 4225 amicissimos
2318 4170 2419 4224 sibi
2460 4185 2565 4225 non
2609 4182 2833 4227 noscant
2859 4190 2872 4226 :
2902 4173 2973 4228 ita
3000 4183 3053 4229 et
3079 4191 3178 4231 nos
3203 4176 3343 4233 cim
3365 4177 3517 4234 Grae-

1925 4254 2018 4318 cos
2044 4262 2323 4326 faciamus,
2362 4272 2416 4317 et
2453 4268 2621 4331 magis
2661 4280 2817 4333 quant
2867 4275 3086 4336 prapter
3128 4284 3323 4324 uxores
3365 4270 3511 4328 circa

1926 4356 2045 4409 illos
2089 4354 2368 4425 ejulemus,
2412 4355 2534 4424 quia
2584 4370 2921 4411 communem
2968 4358 3217 4428 ignorant
3261 4360 3509 4419 salutem.

1924 4447 2040 4502 Non
2070 4447 2213 4503 enim
2241 4447 2313 4501 ita
2340 4447 2423 4502 vir
2449 4462 2667 4500 uxorem
2690 4447 2848 4503 debet
2870 4464 3055 4505 amare
3075 4492 3091 4515 ,
3120 4461 3178 4505 ut
3205 4466 3303 4506 nos
3336 4452 3513 4509 homi-

1925 4555 2022 4594 nes
2042 4554 2253 4607 omnes,
2288 4540 2515 4610 illosque
2540 4539 2605 4594 ad
2632 4541 2857 4596 salutem
2889 4542 3163 4599 attrabere
3181 4586 3196 4611 _.
3226 4547 3340 4602 sive
3366 4546 3517 4602 Cra:-

1924 4650 2018 4689 cus
2044 4635 2133 4699 sit,
2163 4634 2276 4689 sive
2302 4633 2541 4703 quisquis
2565 4633 2720 4687 alius.
2737 4633 3036 4703 Lugeamus
3064 4651 3191 4706 ergo
3219 4637 3364 4704 illos,
3389 4640 3515 4709 quia

1924 4730 2145 4783 verbum
2169 4728 2344 4781 crucis
2371 4726 2595 4780 stultitia
2623 4728 2752 4795 ipsis
2783 4736 2884 4794 est,
2913 4743 3035 4782 cum
3060 4729 3231 4798 ipsum
3254 4732 3513 4801 sapientia

1925 4828 1978 4873 et
2007 4818 2173 4872 virtus
2199 4818 2269 4871 sit
2294 4834 2307 4870 :
2331 4832 2453 4870 nam
2493 4815 2708 4871 Verbum
2734 4820 2897 4873 crucis
2928 4820 3250 4887 pereuntibus
3268 4863 3285 4889 ,
3312 4821 3516 4894 inquit,

1924 4911 2139 4965 stultitia
2167 4920 2260 4967 est.
2290 4910 2424 4976 Quia
2456 4911 2598 4965 enim
2626 4911 2917 4967 verisimile
2946 4921 3030 4967 est
3060 4913 3200 4981 illos,
3230 4928 3352 4970 cum
3381 4931 3517 4974 crux

1924 5020 1953 5058 a
1982 5003 2184 5059 Graecis
2215 5002 2546 5066 irrideretur,
2571 5003 2619 5057 ei
2647 5018 2763 5071 qua:
2787 5003 2927 5073 apud
2958 5004 3077 5058 illos
3104 5003 3400 5062 habebatur
3424 5024 3517 5064 sa-

1926 5094 2122 5165 pientia
2145 5094 2417 5149 obstitisse
2444 5103 2498 5149 et
2526 5092 2833 5148 Graecorum
2858 5093 3036 5160 dictis,
3060 5096 3346 5152 consolans
3369 5097 3519 5169 ipsos

1927 5188 2121 5242 Paulus
2150 5189 2316 5243 dicit:
2345 5188 2423 5245 Ne
2455 5191 2650 5259 putetis
2690 5206 2804 5245 rem
2844 5206 2965 5247 esse
3009 5192 3276 5248 insolitam
3308 5208 3372 5251 ac
3396 5205 3515 5251 stu-

1927 5280 2175 5348 pendam.
2221 5280 2369 5336 Hauc
2410 5296 2497 5336 res
2537 5281 2723 5335 isthzrc
2755 5281 2918 5336 habet
2946 5292 3217 5349 naturam,
3246 5293 3361 5339 uta
3390 5301 3515 5356 per.

1926 5371 2175 5424 euntibus
2202 5370 2370 5425 virtus
2395 5372 2511 5440 ejus
2535 5388 2638 5425 non
2661 5382 3017 5441 cognoscatur
3044 5391 3057 5427 :
3086 5384 3265 5428 mente
3288 5391 3517 5448 namque

1926 5474 1955 5513 c
1975 5460 2064 5528 apti
2093 5471 2217 5514 sunt
2242 5477 2305 5515 ac
2333 5462 2623 5532 desipiunt.
2660 5462 2783 5517 Ideo
2808 5464 3053 5519 convicia
3079 5464 3327 5528 eﬂ‘erunt,
3356 5477 3518 5523 et-sa-

1928 5550 2113 5603 lntaria
2146 5550 2431 5621 pharmaca
2460 5554 2685 5608 moleste
2727 5553 2922 5608 ferunt.
2964 5555 3105 5624 Quid
3128 5572 3257 5610 vero
3282 5557 3449 5622 dicis,
3482 5576 3517 5612 ο

1930 5640 2123 5696 homo?
2168 5642 2367 5698 Servus
2416 5654 2635 5713 pr0pter
2674 5655 2724 5699 te
2763 5645 3011 5701 Christus
3052 5647 3225 5702 factus
3257 5658 3363 5714 est,
3405 5648 3517 5705 for-

1928 5748 2071 5788 mam
2099 5733 2237 5790 servi
2268 5735 2559 5806 accipiens,
2588 5735 2875 5795 cruciﬁxus
2901 5748 2986 5795 est
3011 5747 3065 5797 et
3094 5741 3388 5798 resurrexit
3416 5758 3431 5796 :
3461 5749 3520 5803 et
