4018 6208
526 358 591 416 Μ
1258 347 1315 404 S.
1352 343 1629 404 JOANNIS
1663 341 2108 401 CllRYSOSTOM

2221 340 2485 397 BClllEP.
2523 342 3056 401 CONSTANTINOP.
3730 349 3798 402 32

524 482 649 524 cum
686 474 961 535 Oporteret
997 462 1145 518 illum
1190 460 1560 516 resuscitatum
1604 457 1725 513 ideo
1767 460 2012 522 adorare,
2054 462 2110 510 et

524 559 646 629 ejus
674 551 1051 626 benignitatem
1074 551 1360 613 admirari;
1397 550 1519 621 quia
1544 565 1664 619 qua:
1698 564 1795 603 nec
1835 555 1985 618 pater
2011 562 2111 602 nec

526 654 732 708 amicus
775 665 874 705 nec
912 649 1051 702 ﬁlius
1084 660 1182 717 pro
1218 652 1271 701 te
1309 644 1456 711 fecit,
1486 644 1599 697 hac
1638 643 1821 696 omnia
1856 635 2111 694 Dominus

526 753 780 814 operatus
807 750 892 796 est
916 748 1136 810 propter
1163 748 1215 793 te
1244 737 1515 792 inimicum
1540 778 1552 801 ,
1584 735 1673 805 qui
1701 734 1849 789 illum
1872 731 2112 787 offende-

527 851 617 891 ras
645 853 659 890 :
685 849 807 891 cum
831 843 1105 903 oporteret
1126 846 1254 901 ergo
1282 831 1428 885 illum
1452 837 1731 899 propterea
1754 827 2026 889 admirari,
2055 835 2113 881 nt

527 942 641 981 rem
672 936 815 981 tanta
839 925 1101 995 sapientia
1130 923 1364 993 plenam,
1394 921 1671 975 stultitiam
1697 918 1972 989 appellas?
2002 918 2109 973 Sed

526 1017 660 1071 nihil
694 1018 927 1072 mirum:
956 1032 1078 1070 nam
1107 1013 1441 1085 pereuntium
1462 1022 1544 1068 est
1570 1027 1675 1067 non
1701 1026 1993 1083 agnoscere
2023 1026 2107 1077 ea,

524 1124 645 1177 qua:
671 1108 737 1162 ad
765 1108 992 1162 salutem
1019 1105 1241 1160 ducunt.

604 1200 904 1253 Ratioriniis
932 1214 991 1251 ea
1026 1212 1142 1268 quis
1164 1196 1283 1267 ﬁdei
1321 1204 1437 1249 sunt
1462 1210 1596 1263 stupe
1620 1193 2010 1265 labefactentur.
2037 1220 2110 1231 —

522 1289 599 1346 Ne
629 1290 919 1345 turbemini
959 1289 1157 1358 igitur:
1189 1301 1296 1341 non
1326 1288 1470 1341 enim
1514 1299 1710 1341 novum
1743 1298 1917 1354 neque
1957 1282 2112 1336 inex-

521 1390 821 1452 spectatum
866 1387 951 1435 est
995 1378 1145 1445 illud,
1193 1378 1337 1449 quod
1387 1392 1581 1447 nempe
1634 1393 1665 1431 a
1717 1374 2109 1445 desipientihus

522 1486 714 1541 magna
742 1469 1107 1526 derideantur.
1158 1468 1287 1524 Illos
1332 1482 1462 1524 vero
1488 1467 1579 1537 qui
1623 1466 1703 1523 sic
1739 1465 1916 1521 aﬂ'ecti
1960 1473 2105 1527 sunt,

526 1579 623 1632 per
652 1564 940 1618 humanam
966 1560 1283 1633 sapientiam
1314 1558 1638 1630 persuadere
1665 1572 1773 1612 non
1800 1557 1929 1611 licet
1957 1572 1972 1609 :
2000 1556 2109 1609 imo

524 1654 569 1706 si
598 1653 667 1706 ita
696 1652 1025 1727 persuadere
1055 1652 1310 1719 volueris,
1356 1649 1686 1705 contrarium
1729 1646 1898 1701 efﬁcis
1932 1662 1945 1696 :
1978 1657 2103 1697 nam

519 1756 607 1808 ea,
635 1756 756 1811 quae
800 1742 1065 1796 rationem
1112 1746 1389 1809 superant,
1434 1737 1551 1793 sola
1584 1735 1689 1791 ﬁde
1716 1748 1854 1805 opus
1880 1734 2100 1789 habent.

524 1833 733 1886 Etenim
751 1832 797 1886 si
820 1831 1111 1885 ratiociniis
1129 1828 1451 1899 persuadere
1468 1827 1813 1890 voluerimus,
1838 1823 2109 1895 quomodo

521 1923 661 1977 Deus
687 1922 858 1977 factus
903 1923 974 1978 sit
1000 1922 1183 1987 homo,
1228 1929 1285 1976 et
1335 1921 1387 1975 in
1416 1920 1629 1974 vulvam
1658 1917 1977 1988 virginalem
2022 1917 2108 1971 in-

518 2028 735 2080 gressus
762 2012 867 2077 sit;
914 2021 971 2066 et
1000 2011 1047 2066 si
1083 2026 1198 2064 rem
1227 2009 1350 2064 fidei
1378 2022 1484 2063 non
1513 2008 1906 2077 permittamus,
1937 2005 2108 2075 magis

520 2100 821 2155 irridebunt
859 2100 959 2154 illi.
1004 2100 1147 2169 Ergo
1176 2099 1265 2169 qui
1300 2098 1593 2153 ratiociniis
1639 2096 1690 2151 id
1720 2105 1990 2166 quaerunt,
2034 2096 2107 2149 illi

520 2202 646 2246 sunt
674 2193 765 2260 qui
794 2200 1041 2261 pereunt.
1075 2190 1279 2259 Ecquid
1302 2190 1423 2243 dico
1449 2188 1519 2243 de
1546 2188 1693 2241 Deo?
1718 2186 1850 2240 Nam
1890 2188 1935 2240 si
1962 2187 2105 2241 circa

516 2295 794 2339 creaturas
838 2282 943 2337 hoc
969 2282 1246 2346 faciamus,
1294 2280 1494 2335 multus
1522 2287 1783 2347 sequetur
1824 2277 1984 2331 risus.
2027 2276 2109 2332 Sit

517 2375 660 2429 enim
691 2374 876 2439 homo,
916 2374 1007 2442 qui
1040 2372 1169 2426 velit
1195 2372 1375 2426 omnia
1415 2370 1712 2425 ratiociniis
1751 2368 2014 2430 ediscere.
2050 2378 2107 2424 et

523 2473 697 2519 tentet
724 2473 812 2518 tua
839 2461 1149 2532 persuaderi
1180 2461 1410 2527 ratione,
1448 2461 1718 2530 quomodo
1746 2460 1921 2514 lucem
1964 2459 2106 2528 aspi-

520 2556 762 2619 ciamus;
795 2563 849 2608 tu
877 2563 1053 2608 autem
1101 2552 1379 2607 ratiocinio
1420 2551 1495 2605 illi
1521 2550 1847 2620 persuadere
1885 2564 2101 2605 conare.

521 2644 629 2698 Sed
652 2659 758 2698 non
792 2644 993 2712 poteris
1023 2659 1037 2696 :
1068 2643 1112 2696 si
1140 2643 1283 2697 enim
1312 2642 1535 2708 dixeris,
1558 2641 1699 2711 quod
1727 2640 1960 2695 sufﬁciat
1981 2656 2108 2695 ocu-

517 2736 600 2789 los
639 2737 853 2804 aperire
896 2735 963 2789 ad
1009 2734 1320 2801 videndum,
1363 2744 1471 2789 non
1513 2735 1730 2789 modum
1765 2734 1971 2801 dixisti,
2012 2734 2107 2789 sed

519 2825 663 2896 quod
692 2825 807 2879 ﬁeri
837 2826 996 2880 solet.
1023 2825 1133 2879 Cur
1161 2827 1307 2879 enim
1335 2839 1441 2879 non
1470 2824 1689 2878 auribus
1724 2824 1990 2888 videmus,
2020 2822 2105 2878 in-

520 2917 690 2986 quiet,
719 2930 822 2970 nec
858 2915 1029 2969 oculis
1058 2914 1342 2968 audimus?
1385 2928 1483 2967 cur
1523 2927 1629 2968 non
1674 2927 1808 2968 naso
1835 2912 2104 2981 audimus,

518 3020 621 3060 nec
663 3005 882 3059 auribus
920 3003 1242 3058 olfacimus?
1267 3003 1323 3059 Si
1368 3019 1499 3073 ergo
1535 3003 1627 3057 illo
1661 3017 1723 3059 ea
1752 3003 1822 3059 de
1867 3019 1928 3059 re
1956 3019 2107 3074 qua:-

519 3104 695 3160 rente,
735 3108 841 3148 non
879 3108 1165 3163 possumus
1216 3092 1407 3147 horum
1447 3093 1711 3148 rationem
1757 3092 2006 3160 reddere,
2053 3104 2110 3150 et

520 3186 609 3240 ille
634 3185 824 3249 rideat,
844 3200 1019 3238 annon
1048 3184 1216 3253 magis
1241 3199 1339 3239 nos
1369 3185 1702 3239 ridebimus?
1723 3185 1853 3241 Nam
1880 3187 1925 3241 si
1947 3188 2108 3242 ambo

519 3291 587 3330 ex
646 3274 837 3329 eodem
891 3274 1117 3330 cerebro
1172 3276 1487 3344 principium
1549 3275 1786 3343 habent,
1844 3277 2109 3347 amboque

524 3363 767 3420 membra
808 3364 978 3419 vicina
1017 3371 1159 3430 sunt,
1188 3365 1457 3433 quomodo
1494 3380 1599 3418 non
1626 3366 1814 3421 eadem
1844 3367 1957 3437 ipsa
1987 3382 2109 3437 pos-

519 3465 646 3508 sunt
666 3454 878 3509 facere?
900 3454 1007 3509 Sed
1031 3469 1137 3509 non
1160 3456 1452 3524 poterimus
1468 3471 1685 3511 causam
1707 3456 1907 3519 dicere.
1932 3473 2108 3528 neque

522 3544 736 3598 modum
767 3544 1046 3598 inell'abilis
1082 3553 1136 3598 et
1166 3545 1326 3599 varia:
1365 3546 1733 3615 operationis;
1764 3556 1820 3602 et
1855 3547 1901 3600 si
1933 3557 2107 3604 tente-

522 3649 674 3698 mus,
725 3634 1086 3690 irridebimur.
1132 3632 1256 3689 ldeo
1307 3634 1399 3689 Dei
1447 3637 1696 3705 potentiae
1737 3648 1793 3693 et
1830 3638 2110 3695 immensa:

522 3729 797 3797 sapientia:
839 3727 1113 3793 cedentes,
1148 3736 1441 3782 taceamus.
1475 3730 1551 3785 Ita
1596 3745 1726 3800 ergo
1774 3732 1819 3785 si
1861 3746 1948 3797 ea,
1988 3746 2109 3809 quae

525 3818 617 3873 Dei
639 3828 781 3882 sunt,
807 3832 900 3887 per
916 3829 1192 3871 externam
1221 3818 1535 3886 sapientiam
1553 3818 1824 3886 explicare
1854 3820 2107 3888 velimus,

523 3910 724 3964 multus
748 3919 1003 3978 sequetur
1032 3909 1193 3973 risus,
1221 3924 1327 3961 non
1361 3920 1578 3978 promer
1616 3923 1794 3963 rerum
1824 3909 2113 3965 imbecilli-

524 4011 709 4067 tatem,
751 4000 848 4056 sed
897 4012 1114 4070 propter
1156 4000 1432 4055 hominum
1484 4002 1789 4054 amentiam.
1821 4002 1928 4057 Res
1966 4003 2110 4058 enim

523 4109 744 4162 magnas
769 4092 949 4147 nullus
982 4106 1160 4146 sermo
1198 4102 1373 4161 potest
1398 4093 1695 4161 explicare.
1726 4093 1978 4148 Animum
2008 4111 2108 4149 au-

525 4196 629 4237 tem
686 4184 917 4239 adhibe:
951 4198 1073 4237 cum
1118 4185 1337 4246 dixero,
1383 4183 1681 4240 Crucillxus
1728 4195 1841 4253 est,
1890 4185 2112 4242 Graacus

523 4275 695 4337 dicit:
730 4276 794 4329 Et
827 4274 1098 4345 quomodo
1141 4275 1244 4329 hoc
1286 4276 1477 4329 rationi
1529 4285 1950 4331 consentaneum
1991 4278 2110 4334 est?

522 4368 626 4422 sibi
670 4384 776 4422 non
795 4364 961 4437 opem
998 4368 1116 4422 tulit
1146 4383 1267 4422 cum
1298 4369 1702 4439 cruciﬁgeretur
1729 4379 1785 4425 et
1814 4380 2110 4427 tentaretur

526 4470 767 4530 tempore
808 4458 1023 4524 crucis;
1065 4468 1120 4515 et
1145 4460 1415 4529 quomodo
1456 4468 1640 4530 postea
1686 4462 2013 4528 resurrexit,
2056 4471 2113 4519 et

523 4552 644 4607 aliis
686 4567 844 4622 opem
895 4551 1050 4606 tulit?
1097 4567 1220 4606 nam
1270 4552 1317 4606 si
1366 4562 1610 4621 poterat,
1661 4554 1941 4622 oportebat
1987 4568 2111 4613 ante

524 4652 749 4696 mortem
797 4656 957 4711 agere
1002 4642 1150 4707 (nam
1186 4640 1289 4696 hoc
1329 4658 1543 4712 quoque
1591 4642 1841 4697 dicebant
1869 4643 2106 4717 Judazi):

522 4734 615 4802 qui
652 4742 828 4786 autem
873 4732 978 4787 sibi
1018 4733 1120 4802 ipsi
1153 4748 1309 4802 opem
1363 4749 1467 4787 non
1502 4734 1641 4801 tulit,
1683 4735 1959 4804 quomodo
1988 4737 2109 4793 aliis

526 4824 642 4882 tulit
660 4823 800 4877 inon
818 4823 1038 4887 esthoc,
1058 4823 1251 4893 inquit,
1272 4822 1464 4876 rationi
1485 4830 1924 4878 consentaneum.
1947 4826 2105 4881 Jure:

523 4923 609 4969 est
631 4914 775 4969 enim
805 4929 958 4980 crux,
991 4927 1025 4967 o
1054 4912 1235 4979 homo,
1269 4928 1429 4983 supra
1460 4912 1721 4968 rationem
1743 4923 1796 4967 et
1823 4914 2109 4972 inell‘abilis

524 5005 754 5059 virtutis.
786 5003 919 5059 Nam
944 5005 997 5059 in
1028 5003 1184 5058 malis
1211 5004 1463 5075 gravibus
1485 5005 1858 5073 constitutum,
1898 5006 1964 5061 iis
1990 5024 2108 5061 ma-

524 5098 591 5152 lis
616 5096 949 5167 superiorem
973 5111 1253 5167 apparere,
1296 5105 1351 5152 et
1378 5096 1457 5151 sic
1496 5111 1844 5167 congressum
1870 5099 2105 5163 vincere,

523 5187 801 5243 immensa:
839 5186 1053 5242 virtutis
1088 5196 1191 5243 est.
1222 5187 1292 5243 Ut
1319 5190 1463 5243 enim
1490 5188 1543 5242 in
1588 5188 1757 5243 tribus
1789 5190 1986 5260 pueris,
2028 5191 2111 5245 in-

524 5292 737 5346 gressos
762 5275 816 5330 in
843 5275 1115 5332 fornacem
1146 5280 1491 5334 conculcasse
1512 5277 1783 5333 ﬂammant
1810 5280 2108 5337 mirabilius

524 5376 661 5426 erat.
689 5383 849 5438 quam
898 5367 946 5423 si
990 5368 1221 5439 ingressi
1249 5386 1354 5423 non
1387 5369 1650 5437 fuissent;
1693 5382 1748 5427 et
1790 5372 2022 5440 inJona,
2052 5374 2108 5429 in

523 5470 702 5514 cetum
732 5458 1059 5516 incidentem
1091 5476 1119 5513 a
1162 5460 1335 5514 bellua
1367 5460 1499 5514 nihil
1531 5477 1747 5531 passum
1792 5479 1913 5519 esse
1940 5465 2108 5521 multo

526 5550 699 5619 majus
725 5559 863 5615 erat,
894 5566 1055 5622 quam
1078 5550 1125 5606 si
1152 5566 1256 5605 non
1286 5551 1563 5606 incidisset
1587 5569 1601 5608 :
1630 5554 1709 5607 sic
1734 5563 1788 5609 et
1813 5554 1865 5609 in
1890 5556 2109 5612 Christo

527 5639 683 5711 longe
698 5640 996 5698 mirabilius
1011 5640 1111 5696 fuit
1128 5652 1394 5698 mortuum
1426 5643 1651 5699 solvisse
1678 5654 1927 5713 mortem,
1946 5663 2105 5715 quam

524 5731 574 5788 si
601 5744 843 5793 mortuus
868 5750 976 5793 non
1002 5734 1211 5795 fuisset.
1244 5736 1317 5794 Nc
1336 5734 1487 5794 dicas
1508 5750 1659 5809 ergo,
1692 5739 1807 5801 Cur
1825 5740 1926 5799 sibi
1951 5756 2109 5812 opem

2224 471 2328 509 non
2361 454 2480 509 tulit
2504 454 2558 508 in
2590 459 2787 512 cruce?
2826 458 2958 512 Nam
2987 475 3110 514 cum
3137 469 3308 516 morte
3339 462 3628 535 conﬂigere
3657 471 3799 525 rule-

2214 544 2325 599 bat.
2355 543 2469 597 Non
2499 544 2780 599 descendit
2820 548 2887 603 de
2926 563 3108 617 cruce,
3154 567 3259 605 non
3286 554 3427 623 quod
3460 572 3564 610 non
3593 571 3793 628 posset,

2216 634 2311 690 sed
2336 635 2475 705 quod
2500 636 2683 691 nollet.
2712 638 2846 692 Eum
2868 641 3011 696 enim
3035 657 3191 711 quem
3222 645 3406 705 mortis
3433 649 3674 717 tyrannis
3698 652 3796 707 de-

2218 728 2387 782 linere
2434 742 2538 781 non
2586 728 2785 797 potuit,
2832 735 3101 801 quomodo
3151 736 3290 791 clavi
3330 738 3505 793 crucis
3549 739 3796 797 detinere

2218 820 2517 889 potuissent
2536 821 2560 875 ἲ

2285 914 2342 967 2.
2385 913 2493 968 Sed
2530 913 2643 969 haec
2667 914 2822 968 nobis
2848 926 2969 970 nota
2995 930 3139 984 sunt,
3168 921 3475 978 inﬁdelibus
3507 939 3611 978 non
3644 924 3796 979 item.

2219 1002 2348 1058 Ideo
2382 1003 2612 1071 dicebat,
2658 1005 2879 1059 verbum
2922 1009 3099 1064 cruris
3135 1013 3484 1079 pereuntibus
3517 1014 3799 1070 stultitiam

2215 1108 2356 1159 esse,
2388 1093 2544 1149 nobis
2573 1104 2750 1150 autem
2777 1097 3002 1152 salutem
3028 1104 3505 1171 consequentibus,
3542 1104 3797 1160 virtutem

2216 1197 2339 1238 esse
2362 1182 2475 1239 Dei.
2511 1183 2771 1255 Scriptum
2805 1197 2879 1239 est
2904 1188 3037 1240 enim
3066 1203 3084 1241 :
3111 1187 3335 1245 Perdant
3373 1195 3687 1263 sapientiam
3710 1213 3800 1248 sa-

2216 1274 2482 1344 pientium,
2525 1284 2573 1329 et
2612 1274 2934 1344 prudentia»:
2963 1278 3287 1349 prudentium
3315 1285 3614 1353 reprobabo.
3656 1285 3803 1341 Nihil

2215 1376 2376 1431 grave
2404 1363 2661 1420 hactenus
2688 1367 2886 1435 posuit,
2915 1368 3010 1423 sed
3040 1368 3214 1438 primo
3236 1371 3303 1426 ad
3332 1375 3623 1443 Scriptum.
3649 1378 3803 1431 testi.

2215 1452 2455 1507 monium
2484 1455 2649 1522 venit,
2678 1464 2734 1509 et
2765 1466 2892 1513 tunc
2921 1458 3112 1514 ﬁducia
3142 1459 3266 1516 inde
3307 1477 3601 1535 assumpta,
3632 1467 3801 1522 vehe-

2216 1545 2476 1599 mentiore
2504 1547 2670 1603 utitur
2695 1563 2969 1617 sermone,
3002 1562 3056 1607 et
3092 1554 3165 1607 ait
3191 1569 3205 1605 :
3239 1552 3427 1609 Nonne
3450 1557 3659 1610 stultam
3683 1561 3803 1617 fecit

2214 1633 2351 1688 Deus
2378 1636 2679 1705 sapientiam
2698 1639 2851 1709 hujus
2880 1642 3095 1696 mundi?
3115 1643 3199 1696 ubi
3216 1645 3457 1713 sapiens?
3481 1646 3570 1699 ubi
3594 1650 3757 1701 scriba
3775 1650 3803 1701 2

2213 1724 2297 1779 ubi
2312 1727 2623 1795 conquisitor
2632 1730 2785 1799 hujus
2801 1731 2975 1784 δαισαιὶ
2987 1732 3013 1784 ?
3025 1748 3192 1786 nonne
3208 1735 3413 1787 stultam
3429 1738 3546 1805 fecit
3562 1738 3697 1791 Deus
3710 1755 3801 1792 stt-

2215 1815 2456 1882 pientiam
2468 1818 2621 1886 hujus
2635 1820 2848 1873 mundi?
2861 1821 2925 1873 21
2937 1860 2948 1873 .
2971 1819 3108 1875 Nam
3123 1824 3240 1893 quia
3257 1826 3308 1877 in
3325 1826 3573 1895 sapientia
3592 1826 3683 1881 Dei
3700 1846 3805 1884 non

2214 1907 2443 1973 cegnovit
2471 1907 2691 1961 mundus
2716 1926 2807 1977 per
2825 1910 3125 1980 sapientiam
3147 1912 3332 1981 Deum,
3362 1917 3553 1985 placuit
3578 1917 3682 1971 Deo
3715 1937 3805 1987 per

2214 1998 2480 2051 stultitiam
2523 2000 2899 2067 praedicationis
2944 2002 3111 2057 salvos
3135 2009 3305 2075 facere
3347 2010 3623 2063 credentes.
3666 2012 3802 2065 Cum

2214 2086 2455 2153 dixisset,
2486 2087 2745 2159 Scriptum
2770 2102 2865 2157 est,
2894 2091 3115 2145 Perdant
3142 2096 3442 2164 sapientiam
3472 2101 3799 2168 sapientium,

2216 2189 2282 2228 ex
2316 2176 2477 2229 rebus
2506 2178 3016 2236 dem0tistrationem
3055 2182 3280 2250 inducit,
3325 2186 3557 2265 dicens;
3586 2187 3682 2243 Ubi
3712 2207 3803 2244 sa-

2214 2266 2395 2334 piens?
2421 2266 2506 2320 ubi
2552 2270 2759 2323 scriba?
2798 2271 2958 2325 simul
2999 2282 3054 2327 et
3082 2272 3297 2331 Judmos
3341 2288 3394 2331 et
3428 2277 3645 2333 Grarcos
3677 2298 3803 2349 per-

2212 2354 2500 2426 stringens.
2523 2357 2655 2425 Quis
2682 2360 2828 2414 enim
2868 2361 3238 2433 philosOphus,
3271 2366 3389 2435 quis
3419 2382 3605 2423 eormn
3628 2372 3719 2440 qui
3746 2374 3805 2427 in

2211 2446 2534 2516 syllogismis
2562 2451 2761 2504 versati
2786 2462 2934 2518 sunt,
2965 2454 3087 2523 quis
3131 2471 3194 2511 ex
3243 2457 3309 2511 iis
3334 2459 3426 2527 qui
3451 2461 3670 2517 Judaica
3700 2480 3803 2519 no-

2212 2547 2356 2602 runt,
2403 2538 2629 2594 salutem
2654 2541 2805 2595 dedit
2832 2553 2887 2598 et
2911 2545 3191 2600 veritatem
3221 2547 3629 2606 docuit?Nemo
3653 2570 3667 2617 ;
3706 2555 3807 2609 sed

2215 2637 2381 2683 totum
2407 2630 2730 2711 piscatorum
2764 2634 2882 2688 fuit.
2912 2636 3045 2690 Cum
3074 2642 3406 2707 propositum
3428 2658 3555 2713 ergo
3586 2650 3805 2700 conclu-

2212 2722 2390 2788 sisset,
2437 2723 2756 2793 illorumque
2800 2726 2995 2780 fastum
3033 2729 3411 2799 dcpressissct,
3444 2749 3508 2788 ac
3531 2734 3752 2791 dixisset
3787 2756 3803 2793 :

2212 2811 2402 2868 Nonne
2431 2812 2710 2870 infatuavit
2740 2816 2884 2871 Deus
2909 2818 3229 2887 sapientiam
3256 2821 3415 2891 hujus
3442 2825 3623 2879 mundi
3642 2826 3667 2878 Ἰ
3686 2843 3808 2883 cau-

2211 2917 2329 2957 sam
2350 2905 2512 2959 etiam
2533 2904 2664 2961 dicit
2688 2916 2906 2977 propter
2927 2922 3084 2977 quam
3108 2909 3224 2966 ham
3244 2912 3312 2966 ita
3337 2912 3473 2969 facta
3495 2927 3640 2971 sunt.
3665 2919 3804 2985 Quia

2213 2994 2357 3049 enim
2388 2994 2439 3049 in
2481 2996 2745 3065 sapientia
2775 2997 2890 3064 Dei,
2921 2997 3113 3068 inquit,
3144 3017 3251 3056 non
3290 3009 3540 3074 cognovit
3570 3011 3804 3067 mundus

2215 3100 2311 3154 per
2334 3087 2653 3157 sapientiam
2685 3088 2888 3154 Deum;
2917 3106 3046 3144 crux
3077 3095 3345 3161 apparuit.
3384 3096 3520 3164 Quid
3559 3098 3662 3154 sibi
3692 3101 3807 3155 vult

2212 3185 2416 3245 autem,
2474 3175 2542 3230 In
2595 3179 2849 3246 sapientia
2894 3179 3028 3235 Dei?
3056 3180 3114 3234 ln
3153 3198 3213 3236 ea
3258 3200 3377 3254 qua:
3418 3191 3669 3257 apparuit
3708 3207 3807 3261 per

2212 3281 2399 3336 opera,
2431 3283 2524 3338 per
2551 3285 2671 3339 quae
2708 3271 2961 3340 cognosci
3003 3272 3186 3327 voluit.
3228 3274 3517 3347 Propterea
3559 3282 3703 3334 enim
3745 3295 3804 3337 et

2214 3360 2329 3416 haec
2358 3370 2413 3417 et.
2437 3364 2634 3418 similia
2663 3366 2930 3435 probavit,
2975 3378 3030 3422 ut
3060 3372 3443 3427 convenienter
3488 3389 3554 3429 ex
3586 3375 3652 3430 iis
3678 3393 3804 3446 quae

2213 3463 2506 3508 cernuntur
2532 3455 2790 3511 Conditor
2836 3460 2889 3513 in
2935 3459 3293 3517 admiratione
3334 3464 3642 3521 haberetur.
3694 3469 3810 3521 llla-

2214 3558 2374 3611 gnum
2397 3555 2481 3599 est
2502 3546 2713 3612 czelum,
2733 3557 2787 3602 et
2812 3549 3070 3605 immensa
3102 3560 3241 3607 terra
3272 3571 3285 3608 :
3314 3555 3655 3611 Conditorem
3674 3574 3809 3629 ergo

2214 3634 2429 3688 mirare.
2472 3634 2605 3689 Nam
2632 3652 2885 3708 magnum
2925 3640 3028 3695 hoc
3066 3644 3253 3697 caelum
3298 3660 3406 3699 non
3452 3648 3611 3704 modo
3642 3650 3710 3703 ab
3739 3668 3807 3706 eo

2215 3723 2435 3791 factum,
2470 3728 2564 3783 sed
2589 3729 2743 3785 facile
2763 3729 2958 3785 factum
2987 3744 3090 3799 est,
3112 3746 3167 3790 et
3192 3736 3453 3792 immensa
3482 3749 3621 3794 terra
3650 3746 3804 3811 quasi

2214 3817 2345 3872 nihil
2375 3820 2627 3888 producta
2662 3820 2782 3876 fuit.
2809 3823 2935 3879 ldeo
2975 3825 3044 3881 de
3073 3826 3166 3881 illo
3200 3828 3419 3897 quidem
3447 3831 3597 3895 dicit,
3634 3831 3807 3903 Opera

2216 3909 2489 3979 digitorum
2531 3922 2733 3965 tuorum
2759 3923 2877 3967 sunt
2901 3916 3015 3969 ca'li
3051 3915 3223 3991 (Psal.
3257 3918 3380 3975 101.
3410 3920 3525 3989 26),
3554 3922 3624 3979 de
3662 3935 3806 3980 terra

2216 4009 2419 4065 autem,
2450 4000 2551 4067 Qui
2580 4011 2764 4056 terram
2791 4005 2909 4074 fecit
2934 4015 3190 4075 tamquam
3212 4009 3359 4063 nihil.
3392 4010 3526 4078 Quia
3552 4027 3683 4083 ergo
3708 4030 3807 4084 per

2222 4091 2358 4146 hanc
2384 4094 2700 4162 sapientiam
2728 4096 2899 4150 noluit
2925 4097 3092 4152 Deum
3119 4114 3469 4170 cognoscere,
3500 4120 3594 4174 per
3623 4108 3802 4161 stulti-

2218 4183 2365 4247 tiam,
2394 4201 2514 4255 quae
2538 4201 2660 4242 esse
2682 4187 2912 4254 videtur,
2944 4189 3338 4257 przedicationis
3361 4198 3663 4264 persuasit;
3691 4214 3800 4254 non

2216 4291 2314 4345 per
2337 4278 2634 4346 ratiocinia,
2662 4279 2756 4334 sed
2785 4296 2881 4349 per
2901 4281 3081 4337 ﬁdem.
3106 4284 3179 4338 De
3205 4294 3405 4341 caetero
3426 4288 3514 4343 ubi
3542 4294 3806 4360 sapientia

2219 4369 2315 4423 Dei
2341 4379 2442 4435 est,
2467 4371 2700 4425 humana
2726 4387 2834 4426 non
2858 4373 2993 4426 ultra
3018 4384 3101 4429 est
3126 4390 3283 4445 opus.
3301 4376 3433 4432 Nam
3454 4380 3638 4437 dicere
3654 4398 3799 4448 eum,

2216 4462 2302 4529 qui
2322 4461 2463 4515 hunc
2480 4471 2683 4517 tantum
2706 4464 2967 4520 mundum
2986 4466 3209 4533 creavit,
3226 4467 3393 4524 Deum
3412 4484 3535 4527 esse
3554 4486 3808 4543 oportere

2217 4551 2473 4607 immensa
2504 4562 2557 4608 et
2578 4553 2829 4609 ineffabili
2858 4556 3055 4612 virtute
3096 4556 3407 4627 praeditum,
3434 4561 3684 4619 humana:
3713 4582 3804 4620 sa-

2218 4643 2429 4712 pientia:
2456 4654 2572 4699 erat
2617 4645 2693 4699 sic
2724 4646 3052 4713 ratiocinari,
3094 4657 3150 4703 et
3178 4665 3271 4717 per
3298 4649 3418 4706 haec
3457 4652 3609 4709 illum
3655 4672 3805 4710 com-

2217 4732 2550 4802 prehendere
2579 4752 2591 4789 :
2623 4751 2765 4790 nunc
2812 4748 2993 4791 autem
3041 4754 3147 4793 non
3192 4740 3509 4811 ratiociniis,
3558 4746 3655 4801 sed
3696 4749 3803 4803 ﬁde

2216 4825 2330 4879 sola
2371 4840 2508 4895 opus
2549 4835 2653 4881 est.
2694 4826 2829 4881 Nam
2875 4826 2927 4881 in
2968 4830 3283 4885 cruciﬁxum
3329 4844 3384 4887 et
3430 4836 3482 4887 in
3530 4838 3802 4905 sepultum

2216 4914 2458 4981 credere,
2506 4926 2563 4972 et
2609 4926 2815 4972 certum
2867 4918 3068 4974 habere
3113 4921 3360 4978 eumdem
3407 4924 3579 4993 ipsum
3616 4942 3801 4983 resuro

2217 5007 2419 5059 rexisse
2448 5021 2510 5060 ac
2536 5021 2768 5075 superne
2798 5008 3010 5073 sedere,
3046 5009 3098 5064 id
3124 5012 3383 5081 sapientia
3425 5028 3531 5069 non
3556 5028 3680 5088 eget
3708 5036 3802 5074 ne-

2216 5114 2318 5167 que
2364 5099 2687 5166 ratiociniis,
2739 5101 2834 5155 sed
2880 5102 3004 5157 lide.
3048 5104 3294 5172 Apostoli
3340 5106 3487 5161 enim
3528 5124 3637 5164 non
3672 5127 3797 5167 cum

2214 5190 2473 5259 sapientia
2496 5191 2764 5260 prodiere,
2794 5193 2890 5248 sed
2914 5209 3036 5247 cum
3068 5194 3189 5259 ﬁde,
3219 5195 3535 5268 fueruntque
3562 5206 3800 5259 externis

2215 5281 2543 5351 sapientibus
2573 5284 2926 5351 sapientiores
2952 5293 3007 5339 et
3034 5285 3396 5355 sublimiores,
3429 5299 3485 5344 et
3510 5299 3661 5345 tanto
3684 5308 3799 5347 ma-

2213 5374 2317 5444 gis,
2340 5384 2539 5444 quanto
2565 5375 2737 5444 majus
2766 5386 2848 5430 est
2870 5391 2929 5431 ea
2952 5391 3073 5447 qua:
3097 5377 3187 5433 Dei
3218 5392 3344 5435 sunt
3373 5380 3479 5436 ﬁde
3498 5383 3794 5453 suscipere,

2214 5482 2373 5537 quam
2410 5467 2686 5521 ratiocinia
2720 5482 2976 5523 movere:
3009 5469 3111 5524 hoc
3139 5472 3286 5525 enim
3315 5471 3604 5527 humanam
3632 5488 3797 5545 supe-

2216 5567 2298 5612 rat
2339 5570 2594 5613 mentem.
2640 5558 2921 5627 Quomodo
2958 5571 3137 5615 autem
3177 5562 3409 5631 perdidit
3435 5565 3797 5633 sapientiam?

2217 5650 2319 5705 Per
2345 5650 2564 5707 Paulum
2587 5661 2641 5707 et
2669 5651 2874 5707 similes
2900 5651 3056 5707 nobis
3088 5654 3355 5724 cognitus,
3386 5655 3623 5711 ostendit
3645 5657 3794 5713 illam

2220 5741 2458 5799 inutilem
2505 5757 2644 5799 esse.
2698 5743 2777 5797 Ad
2822 5742 3213 5814 suscipiendam
3259 5745 3401 5801 enim
3431 5747 3792 5818 evangelicae:
