3980 6212
176 374 244 429 3!
1245 372 1311 428 IN
1345 372 1565 431 EPIST.
1613 375 1631 429 I
1659 372 1753 430 AD
1789 370 1951 429 COR.
1992 371 2229 430 BOHIL.
2257 374 2349 431 IV.
3198 381 3203 385 ’
3401 378 3477 434 52

252 491 360 562 Μὴ
390 491 701 564 θορυϐεῖσθε
720 488 816 547 οὖν
836 510 850 523 ·
880 492 944 547 οὐ
976 492 1084 564 7&9
1107 490 1257 557 ξένον
1280 494 1403 546 οὐδὲ
1434 493 1586 563 παρά
1610 509 1783 564 προσ-

173 585 382 641 δοκίαν
408 585 469 638 τὸ
490 585 796 655 γινόμενον,
826 585 889 639 τὸ
919 584 1276 656 χλευάζεσθαι
1296 585 1367 637 τά
1392 584 1604 655 μεγάλα
1634 582 1785 653 παρά

173 676 303 730 τῶν
353 676 745 746 ἐξεστηκότων.
787 676 929 740 Τοῦς
965 675 1025 729 δὲ
1067 674 1213 729 οῦτω
1274 674 1653 745 διακειμένους
1698 673 1789 727 διά

179 767 385 833 σοφίας
415 768 766 840 ἀνθρωπίνης
802 768 1012 822 πείθειν
1049 768 1149 822 οὐκ
1188 767 1269 821 ἐνι
1294 785 1309 799 ·
1347 768 1504 831 ἀλλὰ,
1537 768 1642 822 κᾶν
1670 767 1794 838 βουο

176 862 363 933 ληθῇς
394 859 538 915 οὕτω
565 862 773 926 πεῖσαι,
803 859 865 913 τὸ
888 860 1131 915 ἐναντίον
1156 862 1333 923 ποιεῖς
1355 878 1369 891 ο
1392 860 1459 913 τά
1484 860 1593 929 7&9
1620 860 1793 929 ὑπερ-

176 950 449 1006 ϐαίνοντα
483 953 751 1024 λογισμὸν
782 952 1022 1017 πίστεως
1060 952 1236 1006 δεῖται
1282 952 1472 1022 μόνης.
1510 952 1621 1003 Kal
1659 950 1791 1020 7&9,

180 1043 255 1097 ἀν
304 1044 553 1111 θέλωμεν
602 1046 814 1099 πείθειν
862 1045 952 1098 διὰ
996 1044 1297 1115 λογισμῶν,
1355 1043 1471 1107 πῶς
1504 1032 1794 1112 ἄνθρωπος

180 1135 413 1205 ἀγένετο
440 1138 470 1189 6
501 1138 656 1201 Θεὸς,
693 1139 789 1191 καὶ
817 1139 900 1200 εἰς
938 1137 1159 1207 μήτραν
1186 1134 1407 1203 εἰσῆλθε
1429 1133 1789 1204 παρθενικὴν,

184 1228 287 1280 καὶ
311 1226 391 1298 μὴ
425 1230 493 1297 τῇ
535 1228 717 1281 πίστει
756 1226 820 1281 τὸ
858 1229 1093 1297 πρᾶγμα
1132 1224 1541 1295 ἐπιτρέψωμεν,
1591 1222 1795 1292 μᾶλλον

183 1322 392 1373 ὲκεῖνοι
414 1320 902 1389 καταγελάσονται.
931 1321 1076 1389 Ἀρα
1104 1320 1151 1370 οἰ
1173 1318 1454 1385 λογισμοῖς
1478 1313 1792 1382 ζητοῦντες,

181 1407 335 1467 οὗτοί
376 1414 521 1466 εἰσιν
545 1414 595 1467 οί
633 1412 1020 1480 ἀπολλύμενοι.
1054 1409 1167 1463 Kal
1195 1409 1250 1461 τί
1278 1408 1424 1477 λέγω
1455 1410 1586 1479 περὶ
1619 1406 1793 1472 Θεοῦ;

195 1506 327 1558 ἐπὶ
344 1505 460 1574 7&9
485 1504 595 1558 τῶν
624 1504 939 1572 κτισμάτων
977 1502 1044 1555 ἀν
1066 1498 1229 1554 τοῦτο
1255 1501 1597 1571 ποιήσωμεν,
1623 1498 1794 1562 πολὺς

184 1592 379 1657 ἕψεται
406 1593 603 1659 γέλως.
638 1592 822 1643 Ἔστω
857 1590 967 1659 7&9
988 1589 1280 1661 ἄνθρωπος
1310 1590 1492 1643 πάντα
1528 1589 1793 1660 βουλόμε-

183 1698 275 1743 νος
294 1680 584 1748 λογισμοῖς
620 1677 939 1748 μανθάνειν,
967 1677 1064 1732 καὶ
1100 1677 1384 1748 πειράσθω
1406 1676 1486 1747 τῷ
1511 1677 1662 1748 παρά
1693 1678 1789 1731 σοῦ

184 1771 329 1841 λόγῳ
363 1769 676 1835 πείθεσθαι,
712 1768 832 1832 πῶς
861 1766 1138 1838 βλέπομεν
1168 1768 1233 1822 τὸ
1254 1766 1374 1836 φῶς
1393 1786 1407 1798 ·
1435 1768 1502 1821 σὺ
1540 1767 1599 1821 δδ
1626 1767 1792 1823 αὑτὸν

182 1859 442 1934 λογισμῷ
477 1859 689 1915 πείθειν
724 1860 922 1931 πειρῶ.
962 1859 1107 1913 Ἀλλ’
1139 1859 1241 1913 οὐκ
1272 1858 1341 1913 ἀν
1370 1858 1519 1929 ιχοις
1540 1874 1555 1889 ο
1586 1858 1657 1913 ἀν
1683 1858 1795 1932 7&9

184 1957 376 2028 είπῃς,
410 1956 496 2009 δτι
521 1955 687 2027 ἀρκεῖ
708 1955 838 2017 τοὺς
874 1952 1195 2023 ὀφθαλμοὺς
1228 1951 1519 2019 ἀνοίξαντα
1546 1951 1790 2021 βλέπειν,

184 2050 245 2101 οὐ
272 2048 373 2102 τὸν
417 2046 622 2117 τρόπον
655 2044 912 2115 εἴρηκας,
961 2042 1102 2098 ἀλλά
1148 2042 1213 2096 τὸ
1249 2043 1560 2114 γινόμενον.
1601 2042 1703 2096 Διά
1740 2043 1793 2095 τί

185 2139 295 2209 γάρ
326 2138 411 2208 μὴ
430 2140 499 2207 τῇ
535 2137 673 2206 ἀκοῇ
706 2134 1006 2207 βλέπομεν,
1040 2137 1199 2205 φησὶ,
1234 2136 1329 2189 καὶ
1357 2139 1471 2200 τοῖς
1494 2134 1796 2205 ὀφθαλμοῖς

186 2226 507 2294 ἀκούομεν;
534 2226 626 2279 διά
666 2225 721 2277 τί
747 2225 859 2297 γὰρ
893 2225 969 2296 μὴ
1009 2229 1076 2297 τῇ
1110 2228 1222 2297 ῥινὶ
1264 2226 1559 2297 ἀκούομεν,
1595 2227 1691 2280 καὶ
1725 2229 1792 2295 τῇ

186 2320 326 2388 ἀκοῇ
364 2315 819 2387 ὀσφραινόμεθα;
863 2316 963 2369 “Av
999 2317 1217 2380 τοίνυν,
1261 2314 1598 2387 ἀποροῦντος
1627 2314 1793 2370 αὑτοῦ

190 2408 321 2479 περὶ
346 2405 582 2469 τούτων,
628 2405 702 2476 μὴ
735 2405 1022 2475 δυνώμεθα
1042 2405 1135 2459 τὸν
1163 2404 1324 2474 λόγον
1352 2406 1644 2459 ἀποδοῦναι
1670 2406 1795 2460 τούς

188 2514 322 2561 των,
352 2498 569 2561 ἐκεῖνος
609 2496 792 2568 μέλλει
815 2495 1001 2568 γελᾷν;
1034 2496 1096 2548 οῦ
1136 2495 1402 2566 μειζόνως
1427 2498 1592 2567 ἡμεῖς
1628 2514 1797 2551 κατα-

192 2587 584 2657 γελασόμεθα;
627 2588 690 2640 Εί
739 2587 849 2658 γὰρ
898 2586 1188 2657 ἀμφότερα
1232 2584 1292 2651 ἐξ
1331 2588 1451 2650 ἑνὸς
1490 2588 1797 2657 ἐγκεφάλου

192 2681 290 2745 τὴν
326 2680 511 2747 ἀρχὴν
532 2679 665 2745 ἔχει,
696 2679 789 2730 καὶ
814 2678 1104 2748 ἀμφότερα
1131 2676 1385 2747 ἀλλήλοις
1413 2680 1709 2745 γειτνιάζει
1731 2681 1799 2733 τὰ

199 2770 364 2839 μέλη,
406 2769 527 2831 πῶς
558 2770 623 2820 οὐ
656 2768 726 2819 τὰ
757 2768 897 2820 αὑτά
928 2768 1154 2820 δύναται
1185 2771 1393 2831 ποιεῖνς
1435 2769 1577 2820 Ἀλλ’
1607 2772 1668 2822 οὐ
1702 2771 1797 2822 δυ-

197 2861 482 2933 νησόμεθα
539 2862 717 2912 εἰπεῖν
768 2859 868 2929 τὴν
916 2859 1098 2913 αἰτίαν
1140 2858 1265 2912 οὐδὲ
1318 2860 1410 2913 τὸν
1457 2860 1659 2931 τρόπον
1699 2863 1798 2931 τῆς

200 2956 414 3024 ἀφάτου
443 2952 540 3008 καὶ
570 2951 824 3019 ποικίλης
860 2952 1165 3022 ἐνεργείας,
1198 2951 1359 3017 ἀλλὰ,
1388 2951 1492 3006 κᾶν
1522 2954 1802 3027 ἐπιχειρή-

202 3064 413 3118 σωμεν,
465 3041 920 3113 καταγελώμεθα.
964 3043 1067 3097 Διά
1106 3060 1191 3097 τοι
1238 3043 1398 3097 τοῦτο
1435 3047 1503 3114 τῇ
1539 3043 1634 3098 τοῦ
1663 3045 1800 3099 Θεοῦ

200 3139 430 3207 δυνάμει
455 3138 551 3189 καὶ
581 3138 646 3205 τῇ
680 3134 896 3203 ἀπείρῳ
922 3134 1087 3205 σοφίᾳ
1117 3134 1603 3205 παραχωροῦντες.
1646 3136 1803 3207 σιγή..

204 3245 409 3297 σωμεν.
433 3227 595 3279 Οῦτω
625 3226 809 3279 τοίνυν
845 3226 939 3278 καὶ
970 3226 1039 3278 τά
1066 3226 1163 3278 τοῦ
1205 3226 1341 3279 Θεοῦ
1373 3226 1470 3279 ὲάν
1506 3230 1573 3296 τῇ
1601 3226 1803 3293 ἔξωθεν

206 3318 369 3388 σοφίᾳ.
403 3317 757 3388 βουληθῶμεν
779 3317 1157 3387 παραστῆσαι,
1190 3314 1358 3378 πολὺς
1381 3315 1574 3384 ἕψεται
1604 3316 1798 3383 γέλως,

203 3411 265 3463 οὐ
295 3408 455 3477 παρὰ
488 3408 589 3479 τὴν
620 3408 732 3461 τῶν
764 3408 1110 3478 πραγμάτων
1143 3406 1452 3471 ἀσθένειαν,
1478 3404 1615 3460 ἀλλά
1649 3407 1803 3478 παρὰ

204 3502 305 3572 τὴν
325 3499 435 3553 τῶν
460 3499 768 3573 ἀνθρώπων
792 3498 1000 3552 ἄνοιαν.
1033 3499 1115 3552 Ta
1138 3498 1248 3569 7&9
1280 3498 1491 3569 μεγάλα
1524 3499 1683 3566 λόγος
1713 3500 1805 3552 οὐ-

207 3592 313 3655 δεὶς
368 3592 727 3663 παραστῆσαι
772 3590 1019 3645 δύναται.
1074 3590 1277 3644 Σκόπει
1320 3590 1411 3644 δέ’
1440 3591 1609 3645 Ὅταν
1643 3591 1802 3656 είπω,

220 3682 597 3753 Ἔσταυρώθη,
639 3686 669 3735 ὀ
715 3683 919 3753 Ἕλλην
959 3683 1142 3751 λέγει·
1178 3683 1291 3736 Καὶ
1324 3682 1441 3741 πῶς
1475 3682 1539 3735 ἂν
1568 3681 1681 3752 ἔχοι
1719 3682 1809 3735 λό-

208 3795 302 3846 γον
322 3775 522 3842 τοῦτο;
551 3775 733 3845 ἑαυτῷ
760 3776 864 3828 οὐκ
887 3776 1060 3845 ἤμυνε
1094 3791 1326 3844 σταυρου
1338 3775 1481 3844 μένῳ
1504 3776 1597 3827 καὶ
1623 3792 1811 3848 πειρα·

209 3866 428 3937 ζομένῳ
449 3866 595 3919 κατά
628 3864 720 3918 τὸν
746 3864 941 3936 καιρὸν
969 3865 1063 3917 τοῦ
1101 3863 1358 3934 σταυροῦ,
1394 3866 1484 3918 καὶ
1511 3864 1631 3927 πῶς
1670 3866 1809 3935 μετὰ

208 3959 383 4013 ταῦτα
413 3959 641 4027 ἀνέστη,
682 3956 779 4010 καὶ
813 3956 1021 4025 ἑτέροις
1053 3956 1299 4026 ἧμυνενς
1328 3957 1376 4008 εἰ
1424 3954 1531 4026 7&9
1564 3955 1808 4020 ἐδύνατο,

212 4046 319 4117 πρὸ
336 4046 434 4100 τοῦ
468 4046 701 4099 θανάτου
726 4044 836 4097 ἔδει
860 4045 1039 4114 (τοῦτο
1062 4046 1167 4115 γὰρ
1194 4047 1288 4098 καὶ
1322 4046 1560 4098 Ἰουδαῖοι
1582 4045 1807 4113 ἔλεγον)-

211 4139 317 4192 όδί
565 4136 641 4205 μὴ
675 4135 914 4204 ἀμύνας,
949 4136 1067 4199 πῶς
1094 4136 1276 4199 ἀλλοις
1320 4137 1568 4207 ἧμυνεν;
1611 4138 1709 4191 οὐκ
1748 4137 1814 4191 ἀν

213 4227 327 4300 [9-5]
360 4228 479 4296 έχοι
506 4226 688 4293 λόγον,
719 4225 873 4295 φησί.
898 4226 1141 4290 Εἰκότως
1162 4237 1212 4266 ι·
1241 4227 1337 4280 καὶ
1362 4224 1471 4299 γάρ
1505 4230 1641 4300 ὑπὲρ
1658 4229 1815 4296 λόγον

215 4318 384 4381 ἐστὶν,
411 4315 697 4387 ἄνθρωπε,
731 4316 829 4369 καὶ
864 4316 1072 4385 ἀφάτου
1096 4315 1427 4388 δυνάμεωςό
1456 4318 1707 4388 σταυρός.
1744 4318 1817 4370 Τὸ

217 4410 322 4477 γὰρ
350 4410 408 4460 ὲν
436 4409 552 4470 τοῖς
578 4407 774 4471 δεινοῖς
800 4408 1117 4478 γενόμενον,
1144 4408 1417 4480 ἀνώτερον
1447 4409 1679 4479 φανῆναι
1709 4407 1817 4460 τῶν

218 4501 427 4565 δεινῶν,
476 4500 576 4553 καὶ
620 4501 1019 4572 συμπλακέντα
1068 4502 1311 4571 νικῆσαι,
1359 4500 1643 4571 δυνάμεώς
1672 4503 1819 4555 ἐστιν

220 4594 473 4666 ἀπείρου.
508 4593 723 4665 Ὠσπερ
767 4593 877 4664 7&9
910 4594 1003 4646 ὲπί.
1028 4593 1138 4646 τῶν
1162 4592 1331 4663 τριῶν
1366 4591 1591 4655 παίδων,
1615 4591 1713 4645 τοῦ
1743 4593 1818 4663 μὴ

220 4686 457 4755 ἐμϐῆναι
491 4686 575 4748 εἰς
600 4684 699 4755 τὴν
729 4684 985 4754 κάμινον,
1016 4682 1078 4735 τὸ
1105 4682 1385 4751 ἐμϐάντας
1434 4684 1820 4752 καταπατῆσαι

222 4777 314 4848 τὴν
336 4775 539 4846 φλόγα,
565 4774 1013 4845 θαυμαστότερον
1034 4767 1101 4842 ἦν
1126 4788 1140 4802 °
1174 4772 1270 4826 καὶ
1299 4772 1393 4825 ἐπὶ
1414 4771 1510 4825 τοῦ
1528 4774 1700 4836 Ἰωνᾶ,
1726 4771 1820 4826 τοῦ

227 4867 298 4936 μὴ
343 4864 615 4937 ἐμπεσεῖν
648 4870 728 4931 εἰς
756 4866 818 4919 τὸ
866 4866 1049 4935 κῆτος,
1078 4864 1141 4917 τὸ
1170 4865 1483 4935 ἐμπεσόντα
1519 4865 1685 4936 μηδὲν
1714 4866 1822 4919 ἀπὸ

223 4962 309 5015 τοῦ
338 4962 535 5031 θηρίου
568 4961 762 5014 παθεῖν
786 4960 973 5030 ἀηδὲς,
1004 4956 1184 5028 πολλῷ
1211 4958 1396 5028 μεῖζον
1424 4955 1492 5029 ἦν
1517 4975 1530 4989 ’
1558 4957 1700 5011 οὕτω
1728 4960 1824 5013 καὶ

226 5054 313 5106 ἐπὶ
325 5050 421 5105 τοῦ
443 5050 709 5122 Χριστοῦ,
728 5049 826 5103 τοῦ
848 5048 923 5121 μὴ
941 5047 1255 5111 ἀποθανεῖν,
1273 5047 1336 5099 τὸ
1355 5047 1692 5101 ἀποθανόντα
1711 5049 1825 5101 δια-

227 5142 380 5196 λῦσαι
400 5142 495 5194 τὸν
512 5141 768 5207 θάνατον,
796 5140 1234 5213 παραδοξότερον
1250 5134 1337 5209 ἦν.
1356 5140 1448 5210 Μὴ
1474 5140 1655 5192 τοίνυν
1677 5138 1823 5207 λέγε·

232 5234 323 5288 Διά
344 5230 399 5286 τί
427 5231 533 5285 οὐκ
567 5231 778 5302 ἤμυνεν
826 5231 1005 5302 ἑαυτῷ
1044 5233 1102 5283 έν
1150 5228 1227 5299 τῷ
1261 5229 1515 5299 σταυρῷ;
1545 5229 1695 5300 αὐτῷ
1719 5230 1827 5303 γάρ

237 5324 621 5399 συμπλακῆναι
662 5324 928 5395 ⁴ἰίπείγετο
966 5322 1051 5394 τῷ
1088 5322 1322 5390 θανάτῳ.
1370 5322 1445 5374 Οὐ
1484 5322 1690 5391 κατέϐη
1722 5324 1829 5376 ἀπὸ

235 5419 321 5473 τοῦ
354 5415 618 5491 σταυροῦ,
657 5415 760 5469 οὐκ
811 5417 1003 5488 ἐπειδὴ
1047 5416 1150 5470 οὐκ
1196 5413 1448 5485 ἠδύνατο,
1488 5413 1608 5467 ἀλλ’
1639 5413 1829 5481 ἐπειδὴ

236 5512 330 5566 οὐκ
348 5511 633 5584 ηϐούλετο.
670 5511 769 5564 Ὀν
797 5508 910 5580 γὰρ
931 5511 966 5581 ή
991 5508 1248 5580 τυραννὶς
1271 5508 1333 5562 οὐ
1351 5506 1583 5577 κατέσχε
1611 5506 1705 5561 τοῦ
1732 5507 1827 5560 θα-

238 5604 415 5671 νάτου,
448 5604 571 5669 πῶς
594 5599 718 5679 ἧλοι
746 5599 989 5672 σταυροῦ
1026 5604 1325 5673 κατασχεῖν
1355 5600 1650 5671 ἡδύναντος

305 5696 367 5765 β’.
413 5696 579 5751 Ἀλλά
612 5695 790 5751 ταῦτα
827 5695 962 5766 ἡμῖν
1003 5692 1284 5766 γνώριμα,
1323 5695 1435 5756 τοῖς
1478 5691 1536 5745 δὲ
1576 5691 1829 5754 ἀπίστοις

245 5788 437 5841 οὐκέτι.
463 5787 567 5841 Διά
602 5786 766 5841 τοῦτο
798 5786 1007 5857 ἔλεγεν,
1050 5787 1133 5841 ὅτι
1164 5788 1195 5841 6
1221 5786 1380 5855 λόγος
1405 5786 1434 5838 6
1468 5784 1565 5839 τοῦ
1594 5784 1832 5856 σταυροῦ

246 5883 345 5945 τοῖς
373 5881 475 5951 μὲν
497 5880 891 5952 ἀπολλυμένοις
917 5881 1099 5954 μωρία
1125 5879 1265 5942 ἐστὶ,
1289 5881 1401 5944 τοῖς
1420 5878 1473 5933 δὲ
1499 5878 1829 5951 σωζομένοις

303 6021 319 6042 ’
351 6022 525 6072 Abora!
548 6020 761 6075 εῗκότως.

1890 494 2023 562 ἡμῖν
2058 492 2289 563 δύναμις
2329 492 2466 545 Θεοῦ
2504 492 2640 546 ἑστι,
2682 492 3022 562 Γέγραπται
3049 492 3163 561 γάρ
3185 509 3199 523 ο
3242 492 3475 547 Ἀπολῶ

1892 582 2009 651 τὴν
2021 583 2248 652 σοφίαν
2260 582 2381 636 τῶν
2400 583 2630 652 σοφῶν,
2657 584 2755 637 καί
2780 582 2896 652 τὴν
2917 584 3178 638 σύνεσιν
3196 582 3315 637 τῶν
3336 600 3489 638 συν-

1894 672 2045 728 ετῶν
2076 675 2370 741 ἀθετήσω.
2416 675 2584 728 Οὐδὲν
2644 675 2774 745 παρ’
2818 674 3017 728 ἑαυτοῦ
3048 671 3310 745 φορτικὸν
3348 673 3490 737 τέως

1892 767 2127 839 τίθησιν,
2164 768 2303 822 ἀλλά
2334 768 2600 839 πρότερον
2634 769 2727 821 tul
2756 767 2859 837 τὴν
2910 765 3221 837 μαρτυρίαν
3260 766 3486 836 ἔρχεται

1891 861 1989 930 τῆς
2019 861 2059 914 Γ
2063 861 2263 931 ραφῆς,
2296 861 2390 913 καὶ
2420 860 2543 913 τότε
2581 860 2679 929 τὴν
2706 859 2917 913 ἐκεῖθεν
2945 858 3264 929 παρρησίαν
3307 856 3491 911 λαὸὼν

1892 949 2408 1022 καταφορικώτερον
2458 951 2723 1021 κέχρηται
2758 953 2871 1014 τοῖς
2905 949 3109 1017 λόγοις,
3149 948 3244 1002 καί
3275 964 3444 1017 φησιν
3471 965 3484 977 ·

1896 1042 2043 1110 Οὐχί
2074 1042 2379 1111 ἐμώρανεν
2430 1046 2464 1097 ὁ
2509 1043 2654 1107 Θεὸς
2690 1040 2807 1109 τὴν
2847 1042 3078 1110 σοφίαν
3106 1037 3216 1093 τοῦ
3256 1039 3492 1107 κόσμου

1892 1134 2150 1198 τούτου;
2184 1135 2305 1190 ποῦ
2332 1136 2570 1204 σοφ6ς;
2609 1134 2726 1189 ποῦ
2768 1133 3188 1203 τραμματεύς;
3225 1130 3345 1184 ποῦ
3374 1147 3492 1184 συ-

1894 1224 2149 1292 ζητητὴς
2185 1226 2292 1280 τοῦ
2341 1226 2557 1293 αἰῶνος
2614 1227 2875 1290 τούτου;
2918 1225 3059 1295 οὑχί
3107 1223 3413 1293 ἐμώρανεν
3455 1224 3493 1275 ὁ

1897 1316 2040 1382 Θεὸς
2082 1317 2200 1381 τὴν
2244 1319 2473 1387 σοφίαν
2510 1320 2619 1373 τοῦ
2658 1320 2891 1388 κόσμου
2930 1319 3191 1381 τούτου;
3246 1313 3489 1380 Ἐπειδὴ

1893 1408 2005 1477 γὰρ
2028 1409 2098 1462 ἐν
2124 1408 2199 1477 τῇ
2230 1410 2420 1478 σοφίᾳ
2449 1410 2553 1464 τοῦ
2584 1410 2732 1464 Θεοῦ
2760 1412 2871 1465 οὐκ
2900 1409 3061 1479 ἔγνω,
3081 1412 3114 1463 ὁ
3142 1408 3373 1476 κόσμος
3391 1404 3492 1459 διὰ

1892 1496 2006 1566 τῆς
2031 1500 2256 1568 σοφίας
2278 1499 2387 1553 τὸν
2420 1499 2591 1563 Θεὸν,
2625 1499 2963 1568 εὐδόκησεν
2994 1502 3028 1555 ὁ
3054 1498 3203 1563 Θεὸς
3241 1496 3343 1571 διὰ
3374 1494 3491 1564 τῆς

1886 1590 2119 1657 μωρίας
2143 1590 2252 1644 τοῦ
2274 1592 2654 1661 κηρύγματος
2673 1591 2869 1645 σῶσαι
2898 1590 3041 1657 τοὺς
3066 1590 3490 1655 πιστεύοντας.

1895 1680 2081 1735 Εἰπὼν
2125 1683 2210 1735 δτι
2263 1683 2623 1751 Γέγραπται,
2677 1681 2911 1738 Ἀπολῶ
2949 1683 3067 1751 τὴν
3107 1683 3340 1751 σοφίαν
3375 1678 3495 1735 τῶν

1894 1771 2129 1842 σοφῶν,
2154 1773 2255 1843 τὴν
2283 1774 2393 1828 ἀπὸ
2427 1775 2539 1827 τῶν
2581 1775 2927 1845 πραγμάτων
2969 1775 3246 1840 ἀπόδειξιν
3292 1773 3493 1841 ἐπάγει

1894 1863 2109 1932 λέγων·
2160 1866 2289 1920 Ποῦ
2329 1868 2566 1936 σοφός;
2608 1865 2728 1920 ποῦ
2770 1867 3189 1935 τραμματεύς;
3225 1864 3361 1935 ὁμοῦ
3398 1867 3493 1918 καὶ

1906 1953 2180 2025 Ἑλλήνων
2234 1956 2333 2009 καὶ
2374 1956 2647 2011 Ἰουδαίων
2690 1956 3123 2027 καθαπτόμενος.
3172 1958 3332 2019 Ποῑος
3379 1955 3492 2027 γάρ

1896 2043 2213 2112 φιλόσοφος,
2240 2044 2326 2108 τίς
2357 2043 2467 2097 τῶν
2514 2046 2645 2117 περί
2669 2047 2797 2108 τοὺς
2832 2044 3228 2115 συλλογισμοὺς
3263 2044 3493 2115 ὲσχολα-

1898 2133 2093 2213 κότων,
2126 2132 2213 2196 τίς
2244 2132 2357 2186 τῶν
2386 2135 2456 2188 τὰ
2495 2134 2767 2189 Ἰουδαίων
2800 2136 3017 2190 εἰδότων
3046 2134 3241 2200 ἔσωσε,
3275 2135 3370 2189 καί
3394 2134 3494 2206 τὴν

1896 2225 2157 2295 ἀλήθειαν
2202 2227 2534 2295 ἑγνώρισεν;
2589 2228 2704 2280 Οὐκ
2747 2227 2895 2280 ἐστιν
2945 2226 3142 2290 οὐδεὶς,
3203 2226 3340 2280 ἀλλά
3381 2227 3493 2281 τῶν

1897 2316 2093 2371 ἀλιέων
2132 2316 2195 2368 τὸ
2238 2318 2346 2370 πᾶν
2389 2317 2602 2386 γέγονε.
2656 2318 3021 2389 Συμπεράνας
3049 2318 3231 2370 τοίνυν
3266 2316 3330 2369 τὸ
3358 2334 3493 2388 προσ

1896 2408 2171 2479 κείμενον,
2195 2410 2291 2462 καὶ
2314 2408 2666 2477 κατενεγκὼν
2722 2408 2903 2463 αὐτῶν
2931 2408 3024 2462 τὸν
3056 2408 3247 2478 τῦφον,
3277 2409 3374 2462 καὶ
3416 2410 3495 2461 εἰ-

1898 2500 2019 2554 πών
2040 2519 2053 2531 ·
2085 2500 2237 2569 Οὐχί
2272 2500 2577 2569 ἐμώρανεν
2607 2505 2643 2555 ὸ
2672 2502 2817 2567 Θεὸς
2853 2501 2969 2567 τὴν
3005 2501 3232 2569 σοφίαν
3256 2499 3365 2553 τοῦ
3394 2501 3495 2554 κό-

1900 2607 2059 2663 σμου
2087 2585 2340 2655 τούτου;
2369 2591 2519 2659 λέγει
2544 2592 2637 2644 καὶ
2665 2590 2765 2662 τὴν
2798 2590 3001 2653 αἰτίαν,
3021 2590 3089 2642 δι’
3110 2591 3179 2659 ἢν
3198 2588 3375 2643 ταῦτα
3397 2588 3495 2657 γέ-

1900 2700 2058 2751 γονεν
2084 2681 2279 2746 οὕτως·
2324 2681 2545 2752 Ἐπειδὴ
2573 2680 2684 2752 γὰρ
2711 2682 2769 2733 ὲν
2790 2683 2857 2751 τῇ
2884 2679 3045 2749 σοφίᾳ
3070 2679 3165 2732 τοῦ
3199 2678 3361 2741 Θεοῦ,
3388 2694 3497 2747 φη-

1902 2776 2009 2839 σὶν,
2037 2774 2139 2827 οὐκ
2170 2772 2314 2842 ἔγνω
2353 2775 2382 2826 6
2419 2772 2629 2843 κόσμος
2659 2771 2749 2825 διὰ
2776 2770 2876 2841 τῆς
2922 2770 3114 2840 σοφίας
3155 2769 3247 2823 τὸν
3273 2768 3427 2832 Θεὸν,
3466 2770 3498 2823 6

1903 2860 2136 2931 σταυρὸς
2178 2860 2373 2929 ἐφάνη.
2442 2860 2507 2911 Τί
2561 2858 2616 2911 δέ
2667 2860 2840 2919 ἐστιν.
2899 2858 3005 2911 Ἐν
3050 2856 3129 2926 τῇ
3161 2858 3349 2926 σοφίᾳ
3388 2858 3499 2911 τοῦ

1905 2952 2089 3014 Θεοῦ;
2114 2951 2195 3021 Τῇ
2225 2950 2315 3003 διά
2347 2948 2457 3002 τῶν
2499 2948 2677 3019 ἔργων
2707 2949 3033 3020 φαινομένῃ,
3062 2949 3129 3001 δι’
3156 2942 3232 3001 ῶν
3266 2948 3499 3019 ἠθέλησε

1904 3039 2298 3112 γνωρισθῆναι.
2330 3038 2429 3093 Διά
2456 3038 2615 3093 τοῦτο
2636 3038 2746 3108 γάρ
2783 3037 2923 3091 αύτά
2964 3038 3061 3090 καὶ
3102 3037 3331 3091 τοιαῦτα
3365 3056 3500 3092 κατ-

1903 3131 2221 3196 εσκεύασεν,
2252 3130 2340 3183 ἵνα
2364 3121 2644 3199 ἀναλόγως
2674 3130 2738 3182 ὲκ
2754 3128 2864 3182 τῶν
2894 3128 3188 3199 δρωμένων
3216 3130 3246 3182 6
3272 3131 3502 3201 ποιητὴς

1904 3220 2277 3291 θαυμάζηται.
2313 3219 2504 3287 Μέγας
2533 3220 2561 3272 ό
2603 3218 2852 3288 οὐρανὸς,
2882 3217 2980 3271 καὶ
3022 3217 3435 3288 ἀπειροπληθὴς
3466 3220 3503 3289 ἠ

1906 3311 2010 3381 γῆ·
2067 3308 2348 3379 θαύμασον
2392 3308 2572 3360 τοίνυν
2614 3308 2706 3359 τὸν
2755 3308 3119 3378 πεποιηκότα.
3164 3309 3272 3361 Καὶ
3319 3309 3428 3380 γὰρ
3474 3311 3505 3362 6

1910 3402 2085 3471 μέγας
2112 3395 2268 3463 οὗτος
2310 3399 2370 3452 οὐ
2409 3399 2569 3469 μόνον
2612 3398 2831 3467 ἐγένετο
2861 3399 2952 3452 ὑπ’
2986 3400 3179 3466 αὐτοῦ,
3229 3400 3368 3454 ἀλλά
3411 3404 3506 3456 καὶ

1912 3491 2029 3561 μετ’
2057 3489 2330 3555 εὐκολίας,
2368 3490 2464 3542 καὶ
2497 3492 2525 3557 ἡ
2556 3489 2784 3560 ἄπειρος
2813 3488 2997 3559 ἐκείνη
3028 3490 3101 3559 γῆ
3135 3492 3231 3544 καὶ
3254 3491 3391 3564 αὐτὴ
3428 3492 3506 3556 ῶς

1908 3581 2062 3635 οὐδὲν
2109 3583 2412 3652 παρήγετο,
2448 3581 2547 3633 Διά
2574 3579 2731 3633 τοῦτο
2770 3581 2901 3653 περὶ
2938 3581 3039 3651 μὲν
3066 3582 3277 3635 ἐκείνου
3316 3584 3505 3653 φησὶν,

1909 3675 1991 3726 ὅτι
2027 3674 2206 3743 Ἔργα
2249 3671 2370 3726 τῶν
2401 3671 2719 3726 δακτύλων
2762 3674 2879 3727 σού
2922 3676 3081 3727 εισιν
3130 3678 3183 3728 οί
3214 3675 3462 3743 οὐρανοί
3490 3690 3505 3704 ·

1912 3767 2040 3836 περί
2066 3766 2124 3819 δὲ
2162 3765 2262 3834 τῆς
2306 3765 2431 3833 γῆς,
2486 3764 2549 3816 '0
2582 3761 2847 3830 ποιήσας
2876 3766 2993 3831 τὴν
3036 3763 3153 3834 γῆν
3181 3766 3263 3832 ὡς
3304 3765 3508 3821 οὐδέν.

1926 3856 2078 3910 Ἐπεὶ
2102 3852 2194 3909 οὖν
2224 3853 2312 3907 διὰ
2341 3855 2440 3922 τῆς
2465 3853 2657 3922 σοφίας
2677 3852 2881 3922 ταύτης
2910 3853 3010 3906 οὐκ
3041 3853 3276 3924 ἠθέλησε
3311 3854 3513 3924 γνωρί-

1915 3967 2008 4004 σαι
2037 3948 2127 4001 τὸν
2156 3944 2309 4009 Θεὸν,
2337 3944 2427 3997 διὰ
2454 3945 2553 4014 τῆς
2578 3942 2843 4013 δοκούσης
2867 3944 3081 4013 μωρίας
3110 3940 3253 3997 εἶναι
3281 3943 3377 3997 τοῦ
3406 3962 3509 4014 κη-

1917 4039 2197 4110 ρύγματος
2242 4035 2480 4098 ἔπεισεν,
2528 4034 2591 4087 οὐ
2630 4034 2721 4087 διὰ
2769 4034 3069 4105 λογισμῶν,
3102 4033 3239 4087 ἀλλά
3282 4034 3374 4087 διά
3410 4036 3513 4105 τῆς

1916 4129 2175 4189 πίστεως.
2216 4127 2417 4179 Λοιπὸν
2442 4127 2577 4178 ὅπου
2605 4125 2768 4192 σοφία
2810 4125 2969 4190 Θεοῦ,
2997 4125 3180 4177 οὐκέτι
3210 4125 3371 4194 χρεία
3416 4127 3512 4177 ἀν·

1918 4217 2216 4288 θρωπίνης.
2266 4215 2341 4267 Τὸ
2383 4214 2484 4284 μὲν
2518 4214 2629 4283 γὰρ
2656 4215 2854 4277 είπείν,
2890 4216 2972 4265 ὅτι
3002 4213 3092 4265 τὸν
3123 4214 3387 4265 κτίσαντα
3418 4212 3513 4266 τὸν

1918 4307 2036 4380 {26]
2067 4307 2271 4376 κόσμον
2298 4305 2389 4358 τὸν
2413 4302 2671 4357 τοσοῦτον
2698 4303 2791 4355 καὶ
2815 4302 2961 4355 οὕτω
2990 4302 3184 4373 μέγαν,
3209 4302 3343 4355 Θεὸν
3372 4297 3515 4356 εἶναι

1917 4396 2065 4461 εἰκὸς
2091 4396 2319 4467 δύναμιν
2347 4394 2631 4467 ἀμήχανόν
2665 4410 2791 4448 τινα
2828 4391 3021 4464 ἔχοντα
3052 4392 3147 4447 καὶ
3172 4393 3512 4465 ἀπόρρητον,

1922 4486 2115 4557 σοφίας
2160 4485 2507 4559 ἀνθρωπίνης
2550 4483 2865 4552 λογίζεσθαι
2903 4479 3002 4555 ἦν,
3045 4485 3141 4538 καὶ
3176 4484 3266 4538 διὰ
3309 4483 3516 4537 τούτων

1920 4580 2085 4633 αὑτὸν
2110 4578 2583 4649 καταλαμϐάνειν·
2614 4576 2711 4629 νῦν
2744 4576 2800 4628 δὲ
2832 4575 3015 4627 οὐκέτι
3052 4575 3351 4644 λογισμῶν,
3380 4574 3516 4628 ἀλλά

1921 4673 2161 4732 πίστεως
2196 4672 2278 4725 δεῖ
2304 4671 2489 4740 μόνης.
2526 4668 2730 4737 Τὸγὰρ
2760 4667 2843 4729 εἰς
2882 4666 2972 4720 τὸν
3002 4666 3386 4737 σταυρωθέντα
3418 4666 3516 4719 καὶ

1922 4763 2163 4835 ταφέντα
2196 4758 2475 4813 πιστεύειν
2515 4758 2613 4812 καὶ
2659 4758 3209 4830 πεπληροφορῆσθαι,
3250 4760 3333 4813 ὄτι
3360 4752 3517 4824 οὗτος

1923 4852 2085 4916 αὐτὸς
2116 4852 2211 4905 καὶ
2242 4852 2444 4921 ἀνίστη
2474 4852 2569 4905 καὶ
2598 4852 2711 4905 ἀνω
2744 4850 3002 4921 κάθηται,
3034 4850 3193 4904 τοῦτο
3233 4852 3426 4919 σοφίας
3452 4853 3516 4906 οὐ

1922 4945 2095 4998 δεῖται
2123 4941 2245 4995 οὐδὲ
2260 4941 2560 5012 λογισμῶν,
2580 4940 2717 4993 ἀλλὰ
2744 4943 3006 5003 πίστεως.
3040 4941 3154 4994 Kal
3177 4940 3287 5010 7&9
3314 4942 3363 4993 οἰ
3388 4940 3517 4994 ἀπό-

1924 5036 2102 5090 στολοι
2138 5036 2199 5089 οὑ
2242 5036 2408 5106 σοφίᾳ
2455 5034 2781 5107 προσῆλθον,
2822 5034 2960 5088 ἀλλά
2993 5036 3195 5099 πίστει,
3230 5034 3325 5087 καὶ
3361 5034 3519 5104 7:76-

1926 5147 2050 5183 νασι
2077 5128 2187 5182 τῶν
2220 5126 2326 5191 ἔξω
2358 5127 2537 5196 σοφῶν
2568 5125 2870 5198 σοφώτεροι
2906 5126 3001 5181 καὶ
3035 5126 3381 5197 ὑψηλότεροι,
3427 5126 3521 5179 καὶ

1929 5220 2168 5289 τοσούτῳ
2203 5212 2428 5289 μᾶλλον,
2457 5220 2568 5289 ὅσῳ
2598 5217 2690 5272 τοῦ
2720 5218 3017 5290 λογισμοὺς
3047 5220 3218 5271 κινεῖν
3246 5218 3310 5271 τὸ
3338 5218 3521 5272 πίστει

1924 5314 1992 5366 τά
2026 5311 2119 5366 τοῦ
2148 5310 2285 5364 Θεοῦ
2308 5310 2562 5382 δέχεσθαι
2604 5310 2789 5381 μεῖζον
2808 5328 2822 5343 ·
2851 5310 3010 5363 τοῦτο
3028 5310 3137 5379 7&9
3169 5308 3521 5381 ἀνθρωπίνην

1930 5402 2252 5475 ὑπερϐαίνει
2286 5403 2548 5458 διάνοιαν.
2582 5402 2707 5465 Πῶς
2749 5403 2806 5455 δὲ
2840 5400 3093 5455 ἀπώλεσε
3122 5400 3223 5473 τὴν
3276 5400 3474 5471 σοφίαν
3501 5418 3521 5469 ;

1930 5495 2031 5550 Διά
2060 5494 2273 5549 Παύλου
2306 5493 2401 5548 καὶ
2428 5493 2537 5547 τῶν
2558 5492 2816 5547 τοιούτων
2838 5491 3163 5565 γνωρισθεὶς
3190 5492 3343 5562 ἡμῖν,
3380 5490 3521 5546 ἔδει·

1931 5588 2020 5655 ξεν
2067 5589 2239 5658 αὐτὴν
2277 5583 2443 5641 οὖσαν
2475 5586 2735 5656 ἀνόνητον
2768 5584 2820 5637 ι).
2856 5585 3001 5655 Πρὸς
3032 5584 3142 5653 γὰρ
3172 5582 3234 5635 τὸ
3263 5582 3521 5649 δέξασθαι

1929 5681 1990 5735 τὸ
2022 5682 2289 5752 κήρυγμα
2323 5679 2385 5734 τὸ
2426 5678 2782 5748 εὐαγγελικὸν
2811 5677 2937 5732 οὕτε
2965 5681 2994 5732 6
3034 5676 3196 5745 σοφὸς
3226 5678 3519 5746 ώφελεῖταί

1931 5792 1983 5827 τι
2016 5772 2169 5843 παρὰ
2207 5772 2306 5842 τῆς
2335 5772 2549 5839 σοφίας,
2581 5769 2705 5825 οὔτε
2736 5771 2765 5824 6
2793 5770 3007 5839 ἰδιώτης
3042 5768 3248 5839 ἐϐλάϐη
3281 5787 3332 5822 τι
3368 5770 3522 5840 παρά

1930 5866 2030 5935 τῆς
2068 5861 2340 5933 ἀμαθίας’
2375 5862 2493 5915 ἀλλ’
2534 5864 2582 5915 εἰ
2620 5860 2701 5914 δεῖ
2744 5876 2795 5913 τι
2836 5860 2930 5913 καὶ
2965 5856 3282 5928 θαυμαστὸν
3313 5858 3514 5920 εἰπεῖν.

1998 6018 2022 6055 ι’
2037 6014 2191 6072 Alius,
2215 6016 2431 6071 ἀνόητον.
