3980 6212
477 340 550 397 33
1174 337 1234 394 s.
1272 318 1571 395 JOANNIS'
1592 330 2072 395 cumsosmm

2176 332 2453 393 RCBIEP.
2497 337 3050 395 CONSTANTINOP.
3673 338 3752 393 30

486 455 690 527 μᾶλλον
732 453 989 521 ἰδιωτεία,
1032 452 1067 525 ﬂ
1103 453 1266 525 σοφία
1297 454 1435 527 πρὸς
1462 456 1563 528 τὴν
1604 454 1873 526 ὑποδοχήν
1915 454 2064 507 ἐστιν

483 537 792 608 ἐπιτήδειον
832 536 931 591 καὶ
984 536 1375 607 εὐκολώτερον.
1435 538 1493 591 '0
1532 536 1646 609 7&9
1714 536 1924 608 ποιμὴν
1969 535 2064 589 καὶ

480 621 742 693 ἄγροικος
794 618 1001 691 ταύτην
1052 619 1243 674 θᾶττον
1287 620 1627 687 ὑποδέξεται,
1671 618 1928 686 καθάπαξ
1967 618 2065 671 καὶ

480 703 611 767 τοὺς
631 702 925 774 λογισμοὺς
946 702 1349 767 καταστέλλων,
1384 703 1479 757 καὶ
1501 702 1582 773 τῷ
1601 703 1849 776 Δεσπότῃ
1874 702 2066 755 ἐαυτὸν

481 786 834 857 παραδιδούς.
894 785 1052 839 Οῦτω
1114 786 1297 840 τοίνυν
1350 785 1452 857 τὴν
1507 786 1703 856 σοφίαν
1760 786 2067 857 ἀπώλεσεν.

497 868 717 939 Ἐπειδὴ
742 868 853 938 7&9
885 867 1127 939 προτέρα
1170 867 1370 938 ἐαυτὴν
1407 868 1697 933 κατέδαλε,
1736 869 1873 941 πρὸς
1912 868 2067 923 οὐδὲν

482 952 734 1023 χρησίμη
766 951 952 1004 λοιπόν
978 950 1149 1004 ἐστιν.
1178 950 1309 1003 Ὅτε
1348 949 1459 1021 7&9
1494 951 1601 1004 ἔδει
1637 951 1708 1005 τά
1740 951 1941 1021 ἐαυτῆς
1970 950 2069 1005 αὐ-

482 1036 585 1105 τὴν
618 1032 956 1097 ἐνδείξασθαι
984 1033 1080 1087 καὶ
1101 1033 1193 1087 διά
1222 1034 1332 1089 τῶν
1362 1033 1543 1104 ἔργων
1581 1034 1708 1088 ἰδεῖν
1736 1032 1829 1088 τὸν
1858 1033 2068 1087 Δεσπό-

483 1136 605 1189 την,
639 1119 741 1171 οὐκ
775 1117 1029 1189 ἠθέλησε.
1067 1117 1168 1171 Διά
1203 1117 1382 1182 τοῦτο,
1425 1117 1531 1171 κᾶν
1562 1117 1690 1189 θέλῃ
1720 1116 1817 1170 νῦν
1854 1118 2065 1171 ἐπεισα-

470 1202 674 1268 -γαγεῖν
699 1199 917 1270 ἑαυτὴν,
948 1201 1012 1253 οὐ
1039 1198 1266 1253 δύναται
1290 1215 1302 1227 ·
1327 1200 1389 1253 οὑ
1408 1200 1518 1271 γάρ
1548 1201 1774 1254 τοιαῦτα
1796 1199 1866 1254 τά
1892 1199 2072 1272 πράγ-

486 1300 669 1354 ματα·
702 1284 736 1355 ἡ
770 1284 880 1356 γὰρ
909 1283 1029 1347 ὁδὸς
1066 1286 1100 1355 ὴ
1136 1284 1236 1355 τῆς
1280 1284 1613 1353 θεογνωσῐας
1654 1284 1836 1355 πολλῷ
1865 1284 2070 1354 μείζων

483 1366 699 1436 ἐκείνης
728 1364 890 1436 αῦτη.
938 1366 1040 1422 Διά
1069 1383 1153 1419 τοι
1194 1365 1353 1420 τοῦτο
1394 1367 1632 1429 πίστεως
1676 1368 1773 1421 καὶ
1811 1367 2072 1436 ἀφελείας

484 1451 669 1519 χρεία,
704 1451 798 1504 καὶ
822 1450 1029 1521 ταύτην
1053 1449 1331 1520 πανταχοῦ
1363 1452 1547 1522 ζητεῖν
1576 1451 1676 1517 δεῖ,
1708 1452 1922 1523 καὶτῆς
1948 1451 2073 1519 ἐξω-

484 1534 579 1587 θεν
608 1536 880 1605 προτιμᾷν
904 1534 1101 1602 σοφίας
1121 1550 1137 1565 ·
1184 1534 1485 1603 Ἐ’μώρανε
1506 1534 1615 1605 7&9
1643 1537 1676 1589 ό
1708 1534 1876 1601 Θεὸς,
1908 1535 2071 1605 φησί,

484 1617 601 1683 τὴν
639 1617 884 1685 σοφίαν.
917 1616 982 1668 Τί
1010 1616 1068 1670 δέ
1111 1617 1282 1679 ἐστιν,
1326 1616 1663 1685 Ἔμώρανυ
1693 1618 1898 1688 Μωράν
1933 1617 2073 1670 ἔδει·

488 1698 579 1764 ξεν
607 1695 773 1753 οὖσαν
797 1699 933 1768 πρὸς
960 1698 1058 1770 τὴν
1090 1699 1195 1769 τῆς
1223 1697 1459 1763 πίστεως
1488 1699 1813 1769 κατάληψιν.
1855 1699 2071 1769 Ἐπειδὴ

485 1786 595 1852 γὰρ
619 1781 761 1852 μέγα
784 1782 1044 1851 ἐφρόνουν
1075 1780 1164 1835 ἐᾶτ’
1191 1780 1350 1853 αὐτῇ,
1390 1780 1616 1851 ῆλεγξεν
1643 1782 1813 1851 αὐτὴν
1838 1782 2067 1851 ταχέως.

485 1864 625 1919 Ποία
650 1864 761 1935 7&9
791 1864 974 1934 σοφία,
1019 1864 1149 1918 ὃταν
1185 1865 1248 1917 τὸ
1279 1865 1573 1932 κεφάλαιον
1603 1864 1709 1915 τῶν
1744 1862 1967 1929 ἀγαθῶν
1998 1862 2075 1931 μὴ

486 1944 748 2014 εὐρίσκῃ;
807 1944 1064 2013 Ἐποίησε
1116 1944 1299 1995 τοίνυν
1344 1940 1577 2009 φανῆναι
1626 1940 1839 2009 μωράν,
1885 1939 2075 2009 ἐπειδὴ

487 2023 689 2091 ἐαυτὴν
714 2022 898 2087 ἐκείνη
924 2021 1116 2090 πρώτη
1155 2019 1403 2091 ῆλεγξεν.
1438 2022 1502 2072 Εἰ
1532 2020 1646 2091 γὰρ
1672 2020 1761 2072 ὅτε
1792 2018 2075 2089 λογισμοῖς

484 2104 555 2176 ἦν
588 2108 788 2177 εὑρεῖν,
827 2105 979 2158 οὐδὲν
1015 2104 1205 2169 ἔδειξε,
1248 2103 1343 2157 νῦν
1371 2104 1460 2156 ὅτε
1494 2102 1715 2173 μείζονα
1746 2103 1973 2174 φέρεται
2006 2102 2078 2156 τά

487 2186 813 2255 πράγματα,
853 2182 972 2245 πῶς
1006 2183 1203 2237 ἀνῦσαί
1250 2199 1304 2236 τι
1352 2182 1665 2254 δυνήσεται,
1712 2182 1802 2235 ὅτε
1844 2181 2077 2245 πίστεως

487 2268 650 2339 χρεία
687 2266 875 2338 μόνης,
908 2266 1001 2323 καὶ
1022 2267 1145 2338 οὐχὶ
1168 2266 1502 2336 δεινότητος;
1540 2264 1749 2336 Μωράν
1776 2265 1955 2318 τοίνυν
1977 2265 2078 2317 αὑ·-

487 2350 583 2421 τὴν
624 2349 825 2413 ἔδειξεν
852 2350 880 2401 0
914 2349 1076 2413 Θεός·
1115 2350 1386 2419 ηὑδόκησε
1406 2348 1463 2400 δέ
1490 2346 1578 2401 διά
1604 2348 1702 2415 τῆς
1736 2347 1948 2420 μωρίας
1980 2346 2073 2400 τοῦ

489 2425 845 2498 κηρύγματος
877 2425 1071 2489 σῶσαι,
1104 2427 1315 2496 μωρίας
1344 2426 1402 2478 δὲ
1439 2425 1562 2495 οὐχὶ
1590 2425 1691 2493 τῆς
1720 2423 1909 2494 οὖσης,
1939 2424 2075 2477 ἀλλά

486 2506 588 2575 τῆς
630 2500 771 2557 εἶναι
800 2503 1083 2575 δοκούσης.
1125 2506 1198 2558 Τὸ
1232 2505 1341 2575 7&9
1371 2505 1554 2575 μεῖζον
1590 2504 1750 2557 τοῦτό
1780 2507 1949 2566 ἐστιν,
1991 2506 2074 2556 ὅτι

486 2589 587 2658 οὐχ
611 2588 805 2659 ἑτέραν
844 2588 1039 2655 σοφίαν
1073 2589 1329 2659 τοιαύτην
1354 2588 1571 2657 ἐκείνης
1600 2586 1822 2640 πλείονα
1860 2588 2077 2652 εἰσαγαο

488 2669 622 2739 γὼν,
648 2670 787 2724 ἀλλά
820 2672 922 2741 τὴν
952 2670 1212 2724 δοκοῦσαν
1238 2666 1379 2722 εἶναι
1413 2669 1647 2739 μωρίαν,
1684 2668 1828 2721 οὕτω
1862 2666 2076 2737 1:59:75-

486 2769 634 2823 γονε.
676 2755 786 2806 Καὶ
820 2753 929 2823 γάρ
980 2753 1248 2806 Πλάτωνα
1290 2750 1570 2814 ἐξέϐαλεν,
1616 2750 1739 2819 οὐχὶ
1782 2750 1849 2803 δι’
1884 2749 2073 2821 ἐτέρου

488 2835 781 2905 φιλοσόφου
813 2836 1151 2904 σοφωτέρου,
1180 2833 1317 2887 ἀλλά
1339 2832 1428 2886 διά
1454 2831 1651 2897 ἁλιέως
1676 2832 1944 2903 ἀμαθοῦς.
1973 2832 2075 2884 Οὖ-

486 2936 566 2973 τω
598 2919 705 2989 7&9
748 2917 934 2986 γέγονε
969 2919 1175 2989 μείζων
1220 2919 1252 2988 ἡ
1296 2913 1457 2986 ἧττα,
1499 2916 1596 2971 καὶ
1641 2918 1998 2987 λαμπροτέρα
2036 2918 2069 2984 ἡ

486 3002 634 3072 νίκη.
671 2997 805 3054 Εἶτα
844 3001 1059 3065 δεικνὺς
1087 3001 1179 3054 τοῦ
1210 3000 1443 3069 σταυροῦ
1470 3000 1569 3070 τὴν
1601 3000 1852 3069 δύναμιν,
1877 3000 2071 3068 φησίν·

500 3086 740 3154 Ἐπειδὴ
768 3086 866 3139 καὶ
888 3089 942 3139 οἰ
989 3086 1258 3140 Ἰουδαῖοι
1288 3084 1507 3150 σημεῖα
1535 3082 1794 3145 αἰτοῦσι,
1816 3084 1913 3135 καὶ
1945 3083 2077 3134 Ἔλ-

484 3176 670 3237 ληνες
719 3171 947 3238 σοφίαν
992 3167 1311 3235 ζητοῦσιν·
1348 3168 1519 3237 ἡμεῖς
1564 3165 1634 3219 δὲ
1686 3166 2076 3235 κηρύσσομεν

486 3253 749 3319 Χριστὸν
779 3250 1257 3320 ὲσταιιρωμένον,
1302 3250 1611 3315 Ἰουδαίοις
1648 3250 1767 3318 μὲν
1807 3248 2075 3303 σκάνδα-

487 3340 621 3400 λον,
651 3336 912 3402 Ἕλλησι
960 3333 1029 3387 δὲ
1052 3336 1306 3403 μωρίαν,
1335 3332 1541 3400 αὐτοῖς
1567 3332 1635 3386 δὲ
1664 3332 1789 3397 τοῖς
1829 3332 2075 3398 κλητοῖς

501 3419 815 3483 Ἰουδαίοις
842 3436 905 3472 τε
928 3418 1027 3472 καὶ
1054 3419 1312 3485 Ἕλλησι
1345 3416 1605 3485 Χριστὸν
1636 3415 1786 3469 Θεοῦ
1816 3415 2076 3484 δύναμιν

488 3502 587 3556 καί
626 3501 776 3555 Θεοῦ
800 3501 1047 3569 σοφίαν.

558 3625 626 3686 γ’.
663 3615 777 3688 [27]
806 3615 982 3686 Πολλὴ
1006 3614 1112 3667 τῶν
1133 3614 1439 3684 εἰρημένων
1466 3615 1498 3683 ἡ
1533 3614 1767 3674 σύνεσις.
1791 3613 1945 3666 Θέλει
1968 3613 2077 3685 γάρ

491 3703 687 3764 εἰπεῖν,
713 3700 831 3762 πῶς
860 3699 949 3752 διά
974 3699 1084 3751 τῶν
1118 3700 1377 3751 ἐναντίων
1417 3698 1719 3770 ἐκράτησεν
1746 3700 1773 3751 0
1798 3699 1951 3762 Θεὸς,
1982 3699 2077 3751 καὶ

492 3784 610 3847 πῶς
634 3785 733 3836 οὑκ
764 3784 913 3835 ἐστιν
950 3780 1290 3851 ἀνθρώπινον
1313 3781 1373 3833 τὸ
1395 3783 1679 3852 κήρυγμα.
1728 3782 1790 3834 Ὃ
1812 3781 1868 3833 δέ
1908 3781 2074 3848 λέγει,

490 3867 729 3919 τοιοῦτόν
752 3868 927 3918 ἐστιν·
954 3866 1125 3919 Ὅταν
1157 3864 1427 3933 εἴπωμεν,
1454 3864 1638 3933 φησὶν,
1656 3864 1950 3923 Ἰουδαίοις,
1976 3864 2076 3915 Πι-

492 3950 775 4012 στεύσατε,
830 3949 1100 4017 λέγουσιν,
1158 3949 1523 4015 Ἀναστήσατε
1563 3948 1808 4016 νεκροὺς,
1851 3946 2076 3998 ἰάσασθε

489 4033 896 4102 δαιμονῶντας,
948 4029 1160 4093 δείξατε
1199 4030 1332 4097 ἡμῖν
1375 4031 1596 4098 σημεῖα.
1651 4029 1839 4100 Ἡμεῖς
1865 4029 1922 4082 δέ
1954 4030 2077 4082 ἀντί

486 4114 697 4169 τούτων
726 4115 779 4165 τί
825 4112 1056 4181 λέγομεν
1083 4130 1097 4178 ;
1133 4113 1254 4164 Ὅτι
1284 4111 1607 4183 ἐσταυρώθη
1628 4113 1724 4167 καὶ
1744 4114 2017 4167 ἀπέθανεν
2045 4115 2074 4166 0

492 4197 916 4268 κηρυττόμενος.
937 4193 1105 4248 Τοῦτο
1138 4193 1196 4247 δὲ
1230 4195 1413 4249 ἰκανὸν
1433 4196 1493 4248 οὐ
1521 4196 1681 4267 μόνον
1703 4198 1829 4260 τοὺς
1852 4199 1927 4267 μὴ
1952 4197 2074 4265 βου-

491 4280 752 4351 λομένους
777 4278 852 4350 μὴ
885 4278 1231 4347 ἐφέλκεσθαι,
1266 4278 1402 4332 ἀλλά
1433 4280 1526 4332 καὶ
1557 4281 1681 4343 τοὺς
1713 4280 2074 4349 βουλομένους

490 4362 959 4433 διακρούσασθαι·
1014 4361 1129 4414 ἀλλ’
1180 4363 1329 4431 ὅμως
1382 4361 1443 4414 οὑ
1502 4362 1882 4434 διακρούεται,
1938 4364 2075 4417 ἀλλά

491 4448 781 4515 ἐφέλκεται
807 4447 900 4498 καὶ
922 4448 1117 4516 κρατεῖ
1146 4447 1239 4498 καὶ
1271 4446 1633 4515 περιγίνεται.
1666 4447 1834 4501 Πάλιν
1872 4449 2075 4518 ’Ἐλλη-

491 4548 581 4594 νες
614 4528 937 4583 ἀπαιτοῦσιν
973 4531 1118 4598 ἡμᾶς
1150 4529 1438 4600 ῥητορείαν
1467 4529 1640 4598 λόγων
1672 4532 1765 4583 καὶ
1792 4532 2073 4602 δεινότητα

493 4611 847 4681 σοφισμάτων
867 4628 880 4641 ·
913 4612 1075 4679 ἡμεῖς
1103 4611 1158 4664 δέ
1183 4614 1277 4665 καὶ
1304 4611 1514 4675 τούτοις
1552 4614 1785 4684 σταυρὸν
1816 4614 2074 4683 κηρύττο-

494 4716 593 4770 μεν
616 4714 629 4727 ·
663 4696 755 4748 καὶ
795 4694 933 4759 ὅπερ
961 4693 1053 4745 ἐπὶ
1098 4695 1367 4747 Ἰουδαίων
1408 4696 1558 4749 δοκεῖ
1601 4696 1886 4759 ἀσθενείας
1911 4694 2072 4759 εῖναι,

490 4780 650 4840 τοῦτο
674 4780 768 4831 ἐπὶ
810 4778 1081 4847 Ἑλλήνιον
1118 4778 1316 4848 μωρία.
1371 4780 1541 4833 Ὀταν
1580 4777 1671 4834 οὖν
1707 4783 1782 4853 μὴ
1832 4782 1993 4851 μόνον
2040 4782 2075 4837 ἃ

490 4864 704 4924 αἰτοῦσι
731 4863 806 4933 μὴ
842 4862 1193 4932 παρέχωμεν,
1238 4860 1373 4914 ἀλλά
1424 4864 1516 4915 καὶ
1545 4865 1763 4919 ἐναντία
1792 4860 1867 4919 ὧν
1899 4866 2077 4920 αἰτοῦο

492 4964 576 5005 σιν
597 4964 612 4978 ·
642 4949 670 5000 0
694 4947 805 5017 7&9
834 4944 1065 5015 σταυρὸς
1102 4944 1163 4997 οὑ
1194 4944 1357 5014 μόνον
1385 4945 1445 4997 ού
1486 4944 1633 4999 δοκεῖ
1666 4953 1889 5019 σημεῖον
1933 4946 2075 5005 εἶναι

490 5032 633 5085 κατὰ
654 5031 913 5101 λογισμὸν
938 5029 1345 5098 ἐξεταζόμενον,
1382 5028 1517 5082 ἀλλά
1544 5032 1637 5083 καὶ
1662 5034 1890 5103 σημείου
1916 5037 2069 5090 ἀναί-

492 5133 677 5190 ρεσις·
707 5116 803 5169 καὶ¹
852 5115 913 5168 οὐ
957 5115 1116 5185 μόνον
1153 5115 1213 5167 ού
1258 5113 1407 5167 δοκεῖ
1448 5113 1728 5185 δυνάμεως
1776 5117 2072 5184 ἀπόδειξις,

490 5198 628 5259 ἀλλά
652 5199 748 5252 καὶ
790 5197 1074 5261 ἀσθενείας
1103 5197 1325 5269 ἐλεγχος
1355 5212 1369 5225 ⁸
1407 5197 1466 5249 οὐ
1504 5197 1663 5267 μόνον
1706 5201 1766 5253 ού
1808 5202 1957 5254 δοκεῖ
1996 5219 2073 5255 σο·

490 5282 620 5352 φίας
647 5280 906 5347 ἐπίδειξις
926 5275 1087 5345 εἷναι,
1113 5280 1250 5333 ἀλλά
1273 5282 1369 5333 καὶ
1392 5281 1602 5351 μωρίας
1622 5282 1886 5355 ὑπόληψις
1908 5301 1919 5313 ’
1946 5285 2073 5338 ὃταν

486 5360 581 5419 οῦν
625 5365 675 5417 οἰ
710 5366 912 5433 σημεῖα
966 5365 1061 5417 καὶ
1110 5364 1302 5434 σοφίαν
1350 5362 1640 5433 ζητοῦντες
1674 5366 1748 5439 μὴ
1796 5369 1956 5438 μόνον
1998 5368 2073 5440 μὴ

487 5447 838 5517 λαμϐάνωσιν
869 5445 1012 5517 ἅπερ
1050 5447 1316 5507 αἰτοῦσιν.
1365 5447 1502 5499 ἀλλά
1530 5449 1624 5500 καὶ
1656 5449 1723 5502 τά
1758 5452 1975 5504 ἐναντία
1998 5445 2073 5503 ὧν

488 5530 846 5601 ἐπιθυμοῦσιν
865 5527 1157 5593 ἀκούωσιν,
1177 5526 1295 5585 εἶτα
1313 5529 1401 5587 διά
1425 5530 1533 5584 τῶν
1558 5533 1813 5586 ἐναντίων
1837 5534 2071 5586 πείθων-

486 5629 600 5677 ται,
636 5612 752 5679 πῶς
775 5613 877 5666 οὐκ
921 5610 1127 5683 ἄφατός
1172 5614 1319 5668 ἐστιν
1348 5615 1383 5688 ἡ
1416 5613 1507 5670 τοῦ
1543 5616 1949 5687 κηρυττομένου
1988 5616 2073 5672 δύο

487 5712 651 5767 ναμις
673 5714 690 5764 ;

560 5838 773 5915 Ὠσπερ
800 5843 867 5898 ἂν
905 5845 960 5899 εί
996 5863 1102 5899 τινι
1137 5848 1243 5901 τῶν
1276 5847 1757 5919 κλυδωνιζομένων
1793 5850 1887 5909 καὶ
1916 5848 2075 5921 λιμέ-

486 5946 577 5996 νος
603 5929 1015 6007 ἐπιθυμούντων
1048 5932 1124 6005 μὴ
1154 5932 1349 6004 λιμένα
1380 5932 1581 6002 δείξας,
1612 5935 1728 5992 ἀλλ’
1752 5925 1843 5991 In
1854 5952 1945 6006 ρον
1975 5935 2071 6006 μέ-

2172 470 2265 525 ρος
2312 455 2409 509 τοῦ
2466 456 2737 525 πελάγους
2779 457 3132 529 ἀγριώτερον,
3183 455 3417 528 δυνηθῇς
3465 456 3685 527 ποιῆσαι
3714 467 3748 498 ⁸

2171 538 2313 608 μετά
2338 540 2561 610 χάριτος
2582 540 2811 595 ἐπεσθαι
2829 556 2843 570 ·
2895 541 2930 612 ῆ
2962 542 3144 609 ἰατρὸς
3170 541 3260 594 τὸν
3285 538 3624 617 τετρωμνον
3650 537 3753 592 καὶ

2169 621 2478 691 φαρμάκων
2511 622 2885 690 ἐπιθυμοῦντα
2915 623 2991 694 μὴ
3019 622 3108 676 διά
3135 622 3464 692 φαρμάκων,
3498 618 3633 675 ἀλλά
3655 619 3752 674 διὰ

2162 702 2256 755 τοῦ
2288 704 2468 759 καίειν
2501 704 2665 758 πάλιν
2689 704 3158 776 ἐπαγγελλόμενος
3186 704 3313 775 ὑγιῆ
3352 706 3548 768 ποιεῖν,
3584 703 3748 772 ἐφέλο

2165 799 2312 837 κοιτο
2343 787 2480 856 πρὸς
2502 787 2692 841 ἐαυτὸν
2708 787 2975 858 (μεγάλης
2999 786 3106 855 γὰρ
3129 785 3290 839 τοῦτο
3306 784 3607 855 δυνάμεως)
3623 800 3637 815 ·
3654 783 3753 839 οὔ·

2163 882 2241 919 τω
2267 869 2359 921 καὶ
2389 870 2439 922 οἰ
2464 870 2751 924 ἀπόστολοι
2775 871 2835 923 οὐ
2869 870 3030 940 μόνον
3062 870 3121 922 οὐ
3158 869 3187 909 δ
3215 868 3304 921 διά
3333 867 3580 938 σημείου,
3610 866 3753 923 ἀλλὰ

2164 949 2258 1002 καὶ
2286 950 2375 1004 διά
2399 951 2725 1022 πράγματος
2749 952 3032 1016 δοκοῦντος
3057 952 3306 1005 ἐναντίου
3332 946 3473 1005 εἶναι
3504 954 3615 1016 τοῖς
3646 968 3751 1021 ση-

2169 1030 2344 1100 μείοις
2375 1034 2778 1104 περιεγένοντο·
2811 1036 2951 1106 ὅπερ
2981 1035 3076 1088 καὶ
3119 1034 3211 1089 ἐπὶ
3260 1032 3354 1086 τοῦ
3399 1032 3600 1101 τυφλοῦ
3644 1048 3751 1085 πε·-

2167 1114 2394 1184 ποίηκεν
2422 1118 2452 1169 0
2486 1117 2740 1188 Χριστός.
2771 1118 3104 1188 Βουλόμενος
3141 1117 3251 1186 γάρ
3294 1115 3456 1169 αὑτὸν
3483 1113 3756 1185 θεραπεῦ-

2169 1212 2284 1261 σαι,
2306 1198 2396 1251 διὰ
2417 1200 2742 1270 πράγματος
2768 1201 3128 1264 ἐπιτείνοντος
3153 1200 3251 1269 τὴν
3274 1200 3522 1269 πήρωσιν
3550 1196 3753 1250 ἀνεῡιε·

2168 1281 2339 1352 πηλὸν
2372 1282 2479 1352 γὰρ
2513 1283 2805 1353 ἐπέθηκεν.
2844 1284 3056 1355 Ὠσπερ
3083 1278 3179 1338 οὖν
3206 1282 3295 1336 διὰ
3322 1281 3497 1351 πηλοῦ
3530 1278 3623 1334 τὸν
3653 1296 3756 1332 τυ⁴

2169 1364 2300 1433 φλὸν
2348 1364 2736 1437 ἐθεράπευσεν,
2792 1364 2949 1420 οὓτω
2983 1366 3079 1420 καὶ
3137 1365 3238 1436 τὴν
3286 1364 3612 1433 οἰκουμένην
3664 1360 3759 1414 διά

2169 1446 2407 1519 σταυροῦ
2441 1450 2844 1519 προσηγάγετο·
2866 1451 3001 1520 ὅπερ
3024 1448 3311 1520 προσθήκη
3338 1443 3405 1519 ἦν
3435 1444 3758 1507 σκανδάλου.

2169 1529 2270 1582 οὐκ
2303 1530 2583 1599 ἀναίρεσις
2617 1531 2936 1586 σκανδάλου.
2968 1530 3125 1586 Οὕτω
3152 1529 3248 1586 καὶ
3276 1530 3371 1584 ἐπὶ
3396 1528 3499 1599 τῆς
3526 1528 3762 1589 κτίσεως

2169 1611 2415 1683 ἐποίησε,
2446 1612 2515 1666 τά
2539 1614 2758 1667 ἐναντία
2782 1614 2870 1667 διὰ
2894 1615 3002 1666 τῶν
3030 1614 3287 1669 ἐναντίων
3311 1608 3759 1673 κατασκευάζων.

2170 1696 2402 1764 Ψάμμῳ
2435 1694 2566 1761 γοῦν
2601 1696 2875 1746 θάλασσαν
2896 1695 3152 1763 ἐτείχισε,
3182 1695 3262 1763 τῷ
3286 1695 3505 1747 ἀσθενεῖ
3521 1693 3584 1746 τὸ
3605 1694 3761 1761 ίσχυρ

2174 1777 2267 1846 ρὸν
2312 1774 2639 1844 χαλινώσας·
2676 1775 2831 1828 ῦδατι
2882 1776 2987 1844 γῆν
3021 1775 3278 1844 ἐπέθηκε,
3311 1775 3388 1844 τῷ
3429 1775 3612 1845 χαύνῳ
3664 1772 3768 1828 καὶ

2171 1856 2479 1927 διαρρέοντι
2527 1856 2587 1909 τὸ
2618 1855 2757 1927 βαρὺ
2818 1858 2913 1910 καὶ
2955 1857 3160 1913 πυκνὸν
3213 1856 3529 1925 ἐποχεῖσθαι
3579 1872 3764 1925 παρα-

2175 1938 2470 2000 σκευάσας.
2502 1937 2602 1991 Διά
2638 1938 2747 1993 τῶν
2777 1939 3074 2010 προφητῶν
3100 1939 3266 1993 πάλιν
3289 1938 3433 2007 ξύλῳ
3469 1936 3653 2009 μικρῷ
3684 1935 3773 1989 σί·-

2172 2020 2336 2092 δηρον
2368 2020 2755 2091 ἐμετεώρισεν.
2791 2022 2948 2076 Οὕτω
2975 2023 3039 2093 δὴ
3070 2023 3165 2077 καὶ
3195 2021 3416 2093 σταυρῷ
3447 2015 3547 2092 τὴν
3578 2023 3765 2075 οἰκουο

2177 2105 2346 2176 μένην
2380 2106 2750 2160 ἐπεσπάσατο.
2784 2106 2999 2177 Ὠσπερ
3047 2108 3157 2177 7&9
3206 2106 3267 2159 τὸ
3319 2105 3465 2175 ὕδωρ
3504 2102 3767 2175 βαστάζει

2173 2188 2274 2257 τὴν
2294 2191 2417 2259 γῆν,
2451 2186 2595 2241 οὕτω
2624 2189 2717 2242 καὶ
2755 2190 2783 2240 0
2814 2189 3048 2259 σταυρὸς
3076 2188 3337 2259 βαστάζει
3379 2186 3478 2259 τὴν
3502 2186 3763 2256 οἰκουμέ·

2172 2289 2292 2340 νην.
2327 2272 2589 2340 Μεγάλης
2621 2272 2799 2325 τοίνυν
2830 2273 3113 2342 δυνάμεως
3139 2274 3232 2327 καὶ
3262 2271 3454 2339 σοφίας
3487 2269 3769 2335 amna;

2172 2355 2233 2406 τὸ
2284 2354 2372 2406 διά
2413 2354 2523 2406 τῶν
2573 2355 2832 2409 ἐναντίων
2892 2355 3122 2410 πείθειν.
3171 2354 3283 2408 Καὶ
3324 2353 3434 2424 γὰρ
3465 2351 3769 2407 σκανδάλου

2173 2440 2410 2509 πρᾶγμα
2440 2440 2467 2490 0
2498 2438 2730 2507 σταυρὸς
2755 2434 2896 2490 εἶναι
2924 2438 3091 2503 δοκεῖ,
3121 2438 3237 2491 ἀλλ’
3256 2439 3405 2507 ὅμως
3431 2438 3491 2490 οὐ
3519 2435 3678 2507 μόνον
3700 2434 3767 2489 οὐ

2176 2518 2538 2582 σκανδαλίζει,
2574 2519 2710 2571 ἀλλὰ
2754 2520 2847 2571 καὶ
2879 2519 3185 2588 ἐφέλκεται.
3214 2519 3378 2572 Ταῦτ’
3415 2514 3508 2572 οῦν
3548 2519 3771 2572 ᾶπαντα

2174 2604 2435 2672 ἐννοήσας
2489 2604 2517 2655 0
2570 2602 2781 2666 Παῦλος
2814 2605 2908 2656 καὶ
2940 2603 3257 2671 ἐκπλαγεὶς,
3305 2602 3514 2669 έλεγεν,
3572 2602 3657 2653 ὅτι
3691 2599 3765 2654 Τὸ

2169 2686 2373 2754 μωρὸν
2406 2685 2513 2739 τοῦ
2545 2685 2695 2740 Θεοῦ
2726 2686 3074 2755 σοφώτερον
3102 2685 3224 2740 τῶν
3247 2686 3574 2754 ἀνθρώπων
3607 2682 3767 2748 ἐστ-ἰ,

2174 2768 2293 2842 [28]
2320 2768 2421 2822 καί
2462 2768 2527 2823 τὸ
2574 2770 2830 2836 ἀσθενὲς
2876 2769 2981 2825 τοῦ
3021 2769 3171 2825 Θεοῦ
3216 2770 3609 2838 ἰσχυρότερον
3644 2766 3772 2821 τῶν

2172 2853 2505 2920 ἀνθρώπων
2533 2853 2685 2907 ἐστί·
2716 2856 2846 2923 περί
2874 2853 2968 2908 τοῦ
3005 2853 3242 2923 σταυροῦ
3282 2852 3456 2919 λέγων
3488 2854 3549 2904 τὸ
3580 2852 3769 2923 μωρὸν

2173 2936 2268 2987 καὶ
2307 2936 2369 2987 τὸ
2403 2935 2651 2999 ἀσθενὲς,
2683 2936 2745 2988 ού
2772 2937 2833 2988 τὸ
2862 2936 2944 2999 δν,
2974 2934 3112 2988 ἀλλά
3155 2936 3215 2988 τὸ
3238 2933 3449 2987 δοκοῦν·
3486 2934 3624 3003 πρὸς
3654 2934 3773 3004 γὰρ

2172 3016 2270 3087 τῆν
2301 3017 2526 3070 ἐκείνων
2553 3017 2824 3087 ὑπόληψιν
2852 3019 3230 3088 ἀποκρίνεται.
3262 3018 3327 3071 Ὃ
3353 3016 3465 3088 γάρ
3484 3016 3586 3070 οὐκ
3612 3016 3770 3087 ῑσχυ-

2175 3116 2275 3152 σαν
2308 3099 2589 3169 φιλόσοφοι
2633 3099 2721 3175 διᾲ
2756 3098 2866 3153 τῶν
2900 3098 3274 3171 συλλογισμῶν
3323 3099 3567 3170 ποιῆσαι,
3606 3098 3779 3152 τοῦτα

2173 3185 2206 3253 ἡ
2228 3182 2463 3236 δοκοῦσα
2489 3178 2629 3236 εἶναι
2665 3182 2846 3253 μωρία
2884 3182 3213 3256 κατώρθωσε
3240 3199 3254 3247 ;
3286 3181 3384 3246 Τίς
3405 3178 3498 3236 οῦν
3528 3180 3771 3250 σοφώτε-

2173 3286 2365 3339 τερος;
2407 3270 2434 3320 0
2462 3268 2587 3330 τοὺς
2623 3266 2853 3329 πολλοὺς
2902 3266 3126 3330 πείθων,
3155 3267 3187 3337 ἢ
3220 3268 3248 3320 0
3282 3265 3519 3334 ὀλίγους,
3563 3264 3776 3336 μᾶλλον

2173 3351 2228 3402 δέ
2277 3350 2502 3414 οὐδένας
2530 3350 2558 3401 0
2590 3350 2718 3421 περὶ
2745 3349 2854 3403 τῶν
2892 3349 3162 3419 μεγίστων
3206 3348 3432 3412 πείθων,
3482 3348 3516 3419 ἢ
3560 3350 3588 3401 0
3635 3347 3772 3420 περὶ

2174 3433 2282 3484 τῶν
2320 3432 2394 3501 μὴ
2423 3431 2653 3485 δεόντων
2679 3442 2701 3470 ο
2727 3449 2741 3497 ;
2775 3433 2924 3484 Πόσα
2958 3431 3133 3502 ἐκαμε
3178 3430 3405 3485 Πλάτων
3430 3430 3525 3483 καὶ
3554 3429 3603 3481 οἰ
3642 3427 3770 3483 κατ’

2174 3515 2339 3567 αὐτὸν
2390 3515 2519 3585 περὶ
2572 3516 2841 3584 γραμμῆς
2886 3515 2981 3567 καὶ
3022 3514 3223 3582 γωνίας
3267 3514 3364 3565 καὶ
3397 3511 3631 3580 στιγμῆς
3670 3511 3773 3563 καὶ

2176 3596 2429 3666 ἀριθμῶν
2472 3597 2675 3667 ἀρτίων
2735 3598 2831 3651 καὶ
2879 3598 3173 3667 περιττῶν,
3203 3596 3297 3650 καὶ¹
3337 3596 3467 3648 ἰσων
3512 3592 3771 3663 ἀλλήλοις

2176 3683 2271 3735 καὶ
2320 3682 2542 3738 ἀνίσων.
2584 3681 2680 3734 καὶ
2729 3681 2836 3735 τῶν
2887 3682 3148 3734 τοιούτων
3197 3679 3577 3750 διαλεγόμενος
3629 3678 3772 3748 ἡμῖν

2176 3764 2450 3835 ἀραχνίων
2469 3764 2585 3833 (καὶ
2609 3764 2715 3836 γὰρ
2745 3764 2853 3817 τῶν
2878 3764 3217 3834 ὑφασμάτων
3245 3762 3470 3815 ἐκείνων
3494 3760 3771 3831 ἀχρηστόο

2176 3867 2309 3919 τερα
2337 3848 2510 3900 ταῦτα
2532 3847 2609 3916 τῷ
2642 3848 2785 3916 βίῳ),
2814 3849 2908 3899 καὶ
2937 3847 2997 3899 οὑ
3036 3846 3231 3915 μέγαν,
3263 3845 3324 3897 οὐ
3362 3844 3557 3913 μικρὸν
3583 3843 3771 3896 ἐντεῦο

2178 3933 2269 3984 θεν
2302 3933 2590 4001 ὠφελήσας
2623 3930 2763 3983 οὕτω
2810 3930 2903 3981 τὸν
2935 3929 3048 3998 βίον
3077 3928 3375 3981 κατέλυσει
3410 3926 3551 3979 πόσα
3588 3925 3767 3995 ἔκαμε

2175 4015 2349 4080 δεῖξαι
2374 4012 2669 4082 ἐπιχειρῶν
2696 4012 2772 4075 ὡς
2801 4010 3121 4081 ἀθάνατοςή
3158 4010 3325 4081 ψυχὴ,
3361 4010 3453 4063 καὶ
3481 4008 3631 4061 οὐδὲν
3661 4024 3765 4061 σα-

2178 4097 2276 4164 φές
2319 4094 2511 4159 εἰπὼν,
2563 4094 2683 4147 οὐδὲ
2714 4094 2908 4160 πείσας
2951 4092 3071 4146 τινά
3105 4092 3214 4147 τῶν
3255 4092 3560 4147 ἀκουόντων
3587 4089 3769 4153 οὕτως

2175 4180 2418 4250 ἀπῆλθεν
2444 4182 2457 4233 ί
2501 4179 2557 4232 ’0
2586 4177 2641 4229 δέ
2670 4180 2902 4249 σταυρὸς
2940 4178 3030 4232 διά
3056 4178 3280 4231 ίδιωτῶν
3301 4177 3507 4239 ἔπεισε,
3545 4175 3638 4228 καὶ
3660 4173 3772 4241 τὴν

2174 4263 2500 4335 οἰκουμένην
2522 4263 2741 4316 ἃπασαν
2775 4264 3126 4317 ἐπεσπάσατο
3150 4264 3199 4323 δ,
3225 4261 3320 4315 καὶ
3344 4262 3442 4330 οὑχ
3472 4258 3611 4328 ὑπὲρ
3650 4257 3768 4311 τῶν

2173 4346 2445 4416 τυχόντων
2478 4346 2840 4416 πραγμάτων,
2869 4346 3004 4399 ἀλλά
3034 4347 3159 4416 περί
3183 4345 3316 4398 Θεοῦ
3338 4342 3637 4412 διαλεχθεὶς
3663 4342 3767 4395 καὶ

2172 4433 2272 4501 τῆς
2305 4430 2447 4483 κατά
2474 4430 2733 4499 ἀλήθειαν
2775 4429 3075 4492 εὐσεϐείας,
3127 4429 3221 4481 καὶ
3259 4430 3357 4497 τῆς
3399 4424 3767 4493 εὐαγγελικῆς

2175 4515 2470 4577 πολιτείας,
2502 4516 2595 4566 καὶ
2627 4513 2725 4582 τῆς
2756 4512 2861 4564 τῶν
2895 4511 3196 4582 μελλόντων
3229 4512 3479 4582 κρίσεως·
3507 4508 3601 4563 καὶ
3626 4507 3765 4563 πάνς

2171 4615 2270 4660 τας
2304 4599 2527 4667 ἐποίησε
2568 4594 2912 4664 φιλοσόφους,
2941 4595 3067 4658 τοὺς
3112 4594 3421 4663 ἀγροίκους,
3448 4591 3575 4654 τοὺς
3612 4589 3755 4643 ἰδιιὶι-

2171 4700 2290 4745 τας.
2320 4684 2461 4753 Ὄρα
2497 4680 2612 4742 πῶς
2658 4679 2721 4731 τὸ
2766 4678 2949 4750 μωρὸν
2997 4678 3092 4731 τοῦ
3122 4677 3257 4730 Θεοῦ
3302 4676 3609 4747 σοφώτερον
3649 4674 3767 4727 τῶν

2172 4765 2497 4836 ἀνθρώπων,
2531 4763 2707 4815 καὶτὸ
2736 4763 2961 4827 ἀσθενὲς
2993 4764 3357 4834 ἰσχυρότερον.
3390 4760 3513 4823 Πῶς
3541 4758 3764 4827 ἰσχυρόι

2172 4868 2328 4920 τερον
2355 4866 2369 4914 ;
2401 4850 2523 4900 Ὀτι
2550 4848 2648 4915 τὴν
2682 4847 3008 4918 οἰκουμένην
3047 4847 3357 4917 ἐπέδραμεν
3385 4844 3622 4903 ἃπασαν,
3665 4842 3764 4892 καὶ

2172 4932 2384 4985 πάντας
2410 4930 2551 4981 κατά
2578 4930 2777 4999 κράτος
2804 4925 2937 4996 εἷλε,
2972 4931 3066 4983 καὶ
3100 4927 3309 4999 μυρίων
3338 4922 3762 4993 ἐπιχειρούντων

2174 5017 2365 5071 σϐέσαι
2395 5015 2489 5068 τοῦ
2526 5016 2930 5084 σταυρωθέντος
2953 5015 3013 5068 τὸ
3032 5015 3225 5083 ὄνομα.
3253 5012 3559 5064 τούναντίον
3584 5007 3760 5076 ἐγένεο

2170 5116 2251 5152 το.
2286 5098 2457 5152 Τοῦτο
2488 5098 2587 5167 μὲν
2608 5098 2717 5168 γὰρ
2748 5098 2950 5169 ήνθησε
2979 5098 3079 5150 ’καὶ
3117 5096 3389 5148 ἐπέδωκεν
3424 5094 3519 5147 ἐπὶ
3549 5089 3761 5162 μεῖζον,

2172 5184 2367 5235 ἐκεῖνοι
2396 5182 2449 5235 δὲ
2484 5179 2761 5237 ἀπώλοντο
2795 5183 2891 5235 καὶ
2923 5180 3319 5250 διεφθάρησαν,
3350 5177 3443 5231 καὶ
3473 5178 3522 5230 οί
3552 5175 3762 5242 ζῶντες

2171 5265 2249 5335 τῷ
2296 5264 2625 5337 νεκρωθέντι
2678 5263 3062 5335 πολεμοῦντες,
3110 5263 3259 5317 οὐδὲν
3314 5262 3560 5332 ἴσχυσαν.
3589 5259 3761 5312 Ὥστε

2172 5350 2390 5403 ἐπειδὰν
2450 5348 2579 5420 εῐπη
2633 5367 2703 5421 με
2741 5348 2924 5421 μωρὸν
2975 5347 3003 5399 0
3043 5345 3266 5419 Ἕλλην,
3312 5346 3434 5399 τότε
3484 5344 3763 5397 δείκνυσιν

2172 5436 2362 5488 ἐαυτὸν
2394 5433 2513 5505 μεθ’
2547 5433 2855 5506 ὑπερϐολῆς
2887 5432 3088 5503 μωρόν·
3118 5432 3245 5486 ὅταν
3268 5428 3378 5500 ἐγὼ
3402 5427 3761 5499 νομιζόμενος

2169 5514 2309 5571 εἶναι
2332 5519 2461 5589 παρ’
2491 5516 2640 5589 αὐτῷ
2666 5516 2869 5588 μωρὸς,
2898 5512 2991 5568 τοῦ
3019 5514 3182 5583 σοφοῦ
3212 5513 3489 5582 φαίνωμαι
3520 5510 3764 5579 σοφώτε-

2172 5618 2283 5665 ρος·
2310 5603 2439 5659 ὅταν
2466 5603 2565 5675 ἐμὲ
2593 5602 2797 5674 καλέσῃ
2824 5598 3049 5670 ἀσθενῆ,
3082 5599 3205 5653 τότε
3225 5596 3416 5653 ἐαυτὸν
3443 5595 3765 5650 ἀσθενέστεο

2232 5828 2257 5854 ⁸
2284 5824 2406 5888 Reg.
2431 5828 2626 5887 δυνηθῇς
2642 5823 2821 5888 πεῖσαι.
2867 5824 2916 5888 ᾕιι
2937 5827 3109 5875 Aberat
3131 5821 3205 5871 οὐ.
3284 5819 3310 5851 ⁸
3337 5818 3478 5888 Μ’)
3634 5816 3760 5885 μηδὲ

2170 5884 2337 5955 ὄντων,
2358 5875 2460 5936 Bon
2482 5875 2630 5955 φὴιὶζ
2697 5884 2999 5947 διιωθαιιτ
3019 5888 3180 5938 ἔπεισε
3196 5894 3259 5938 ea:
3276 5875 3652 5949 ργασὰιαιιὲοιιι
3675 5880 3759 5931 vi-

2172 5947 2346 6001 delicet
2370 5947 2641 6014 repetitum.
3279 5947 3285 5949 ⁷
3398 6008 3399 6011 η
