4018 6208
235 326 267 347 ο

231 447 667 517 pastinationem
710 462 881 519 neque
927 449 1147 519 sapiens
1191 454 1410 524 juvatur
1455 476 1485 515 a
1525 463 1813 538 sapientia,

231 553 405 605 neque
435 538 716 603 imperitus
745 539 956 595 laeditur
990 541 1058 597 ab
1104 544 1421 613 ignorantia.
1452 551 1559 607 Sed
1600 555 1645 609 si
1685 559 1814 626 quid

230 640 478 700 sporteat
494 629 808 687 admirabile
822 632 1022 701 dicere,
1042 634 1306 705 imperitia
1326 639 1393 694 ad
1413 644 1814 713 suscipiendum

230 719 584 790 opportunior
616 730 671 775 et
719 720 933 777 facilior
975 732 1076 789 est,
1109 740 1268 794 quam
1313 730 1594 799 sapientia.
1629 734 1819 791 Pastor

230 808 376 868 enim
420 820 477 865 et
520 811 756 867 rusticus
783 812 925 869 hanc
987 815 1147 871 citius
1194 820 1487 890 suscipiet,
1538 825 1815 883 ratiocinia

228 902 619 972 conlprimens,
649 912 707 960 et
749 904 979 960 Domino
999 920 1058 964 se
1079 908 1306 968 dedens.
1332 912 1427 969 Sic
1454 930 1585 987 ergo
1610 918 1702 973 ille
1731 934 1817 973 sa-

231 994 488 1064 pientiam
520 996 771 1065 perdidit.
800 998 937 1065 Quia
964 1000 1108 1056 enim
1152 1004 1298 1073 prior
1324 1008 1555 1076 seipsam
1598 1010 1813 1081 dejecit,

226 1084 295 1140 ad
321 1085 457 1140 nihil
487 1088 741 1157 deinceps
762 1088 910 1145 utilis
933 1100 1039 1147 est.
1057 1092 1192 1148 Cum
1223 1104 1499 1165 oporteret
1522 1102 1665 1156 enim
1691 1118 1812 1160 eam

228 1189 326 1229 sua
360 1177 599 1233 indicare
624 1186 680 1233 et
711 1193 807 1247 per
831 1193 993 1248 opera
1028 1182 1194 1238 Deum
1227 1186 1432 1254 videre,
1465 1190 1657 1248 noluit.
1691 1194 1815 1250 Ideo

226 1265 276 1320 si
308 1279 369 1322 se
388 1266 498 1335 jam
526 1268 783 1324 inducere
811 1271 991 1337 vellet,
1025 1287 1133 1329 non
1184 1286 1389 1344 potest;
1421 1294 1526 1335 non
1557 1288 1697 1338 enim
1730 1300 1816 1342 res

226 1358 299 1414 ita
322 1372 384 1415 se
406 1359 637 1416 habent:
657 1361 774 1417 haec
793 1365 938 1418 enim
959 1365 1023 1419 ad
1046 1366 1406 1436 cognitionem
1434 1371 1525 1427 Dei
1547 1375 1636 1429 via
1660 1377 1817 1448 longe

230 1449 406 1518 major
434 1449 523 1505 illa
550 1460 655 1507 est.
687 1451 813 1508 ldeo
856 1452 963 1508 ﬁde
991 1464 1055 1509 et
1073 1456 1417 1525 simplicitate
1445 1478 1580 1532 opus
1607 1475 1689 1521 est
1710 1483 1725 1520 :
1750 1469 1816 1523 il~

228 1539 337 1596 latn
379 1552 597 1612 oportet
631 1560 849 1625 semper
883 1559 1131 1615 querere
1172 1556 1226 1602 et
1264 1558 1504 1607 externae
1541 1557 1816 1625 sapientiae

223 1645 584 1709 anteponere;
607 1655 738 1697 nam
786 1642 1013 1699 Stultum
1041 1647 1160 1717 fecit
1190 1645 1350 1714 Deus,
1383 1652 1577 1721 inquit,
1608 1654 1815 1721 sapien-

420 1728 557 1797 Quid
599 1742 684 1787 est
727 1742 928 1800 autem,
961 1735 1190 1791 Stultum
1232 1740 1390 1810 fecit?
1432 1741 1661 1797 Stultam
1691 1756 1813 1797 esse

222 1820 461 1877 ostendit
509 1820 576 1876 ad
626 1822 787 1879 tidem
844 1826 1430 1895 comprehendendam.
1480 1831 1617 1900 Quia
1664 1835 1808 1888 enim

218 1907 391 1964 altum
416 1910 700 1981 sapiebant
718 1914 788 1970 de
814 1914 927 1983 illa,
960 1916 1129 1984 ipsam
1156 1920 1267 1975 cito
1295 1922 1614 1977 eontutavit.
1650 1924 1813 1990 Qua-

217 2013 346 2054 nam
368 2002 459 2056 illa
480 2005 765 2073 sapientia,
788 2022 909 2106 qu.:e
928 2018 1095 2077 caput
1115 2009 1375 2066 bonorum
1398 2028 1506 2068 non
1526 2014 1771 2070 inveniat
1794 2019 1818 2073 ἲ

214 2102 411 2161 Εποεὶι
450 2104 630 2173 igitur;
664 2112 727 2161 ut
765 2102 875 2162 illa'
900 2108 1062 2160 stuita
1092 2109 1400 2175 appareret,
1444 2106 1567 2177 quia
1608 2106 1698 2163 illa
1741 2123 1804 2165 se

214 2195 446 2267 primam
483 2196 700 2251 refellit.
743 2197 800 2252 Si
828 2188 974 2252 enim
1016 2197 1233 2267 quando
1269 2196 1567 2252 ratiociniis
1604 2197 1804 2281 licebat

209 2286 486 2353 invenire,
512 2286 646 2342 nihil
671 2287 940 2345 ostendit:
974 2302 1117 2343 nunc
1141 2302 1265 2343 cum
1291 2301 1381 2343 res
1410 2286 1657 2343 feruntur
1680 2302 1799 2343 ma-

211 2375 384 2449 iores,
412 2376 682 2448 quomodo
699 2376 973 2449 quidpiam
996 2378 1259 2449 perﬁcere
1283 2380 1500 2448 poterit,
1537 2387 1661 2432 cum
1685 2378 1801 2433 sola

214 2468 505 2539 ﬁde‘opn's
546 2477 666 2534 est,
712 2484 820 2524 non
864 2468 1147 2526 facundia?
1188 2468 1417 2525 Stultam
1472 2484 1603 2539 ergo
1656 2469 1800 2523 illam

211 2561 453 2616 ostendit
482 2562 643 2617 Deus.
672 2561 877 2618 Placuit
901 2571 1080 2618 autem
1107 2562 1207 2634 ipsi
1233 2576 1328 2632 per
1355 2561 1634 2617 stultitiam
1662 2576 1803 2631 pm

207 2637 498 2706 dictationis
531 2653 764 2707 salutem
788 2652 1021 2717 donare;
1065 2654 1345 2707 stultitiam
1372 2668 1493 2723 quae
1520 2667 1649 2707 vere
1692 2667 1799 2707 non

214 2741 340 2796 talis
365 2751 469 2807 est,
494 2740 590 2796 sed
618 2742 740 2796 talis
768 2756 889 2797 esse
911 2741 1136 2797 videtur.
1166 2743 1279 2797 lloe
1301 2757 1463 2812 porro
1491 2746 1668 2811 majus
1692 2740 1809 2810 est,

210 2831 357 2903 quod
387 2840 495 2886 non
531 2831 691 2886 aliam
715 2832 1031 2901 sapientiam
1054 2831 1145 2886 ilia
1173 2831 1609 2887 excellentiorem
1637 2830 1800 2886 indu-

208 2939 365 2988 (una,
399 2939 493 2993 per
520 2938 663 2991 eam,
696 2938 817 2995 qua:
844 2923 1073 2980 stultitia
1097 2922 1380 2979 videbatur
1400 2938 1543 2989 esse,
1570 2938 1799 2994 superab-

209 3020 312 3072 vlt.
338 3016 614 3072 Platonem
652 3016 852 3087 quippe
879 3015 1064 3087 eiecit,
1112 3030 1221 3072 non
1251 3032 1352 3088 per
1385 3018 1550 3073 alium
1579 3018 1799 3088 sapien-

212 3110 409 3165 tiorem
439 3108 839 3178 philosophum,
881 3108 979 3163 sed
1010 3122 1107 3177 per
1149 3108 1393 3178 ignarum
1437 3110 1795 3177 piscatorem:

212 3199 290 3254 ita
316 3198 469 3253 enim
486 3205 545 3254 et
567 3197 741 3267 major
768 3195 955 3253 clads
986 3197 1086 3252 luit
1109 3205 1165 3251 et
1193 3197 1528 3267 splendidior
1553 3199 1796 3252 victoria.

210 3287 420 3344 Deinde
455 3286 633 3343 crucis
655 3286 907 3341 virtutem
941 3284 1239 3341 ostendens
1265 3286 1343 3340 ait
1369 3304 1383 3339 :
1411 3284 1504 3339 23.
1538 3284 1796 3351 Quoniam

208 3390 257 3434 at
281 3378 459 3432 Judci
486 3378 633 3448 signa
668 3384 864 3447 petunt,
905 3383 954 3431 et
996 3374 1162 3430 (ἶνινσὲ
1189 3375 1493 3445 sapientiam
1518 3384 1753 3444 quarrunt
1775 3392 1797 3429 :

206 3469 299 3526 23.
331 3484 425 3523 nos
443 3477 609 3522 esteat
624 3467 962 3539 pudicum
981 3465 1235 3520 Christum
1254 3466 1574 3537 cruci/iram,
1596 3465 1798 3521 παρὰ

178 3559 412 3630 -ῃὸἀιιι
438 3558 759 3623 scandalum,
783 3558 1016 3629 gentibus
1034 3565 1202 3613 autem
1229 3558 1520 3624 stultitiam,
1547 3555 1639 3612 ει.
1672 3558 1798 3628 ipsis

205 3660 379 3725 statu
404 3650 613 3714 vocetis,
643 3648 845 3703 ludatis
877 3658 925 3703 et
952 3646 1163 3716 Gracia,
1209 3648 1467 3705 Christum
1509 3649 1605 3706 Dei
1646 3651 1798 3704 virtue

206 3750 310 3795 tant
334 3748 381 3793 at
414 3736 509 3792 Dei
526 3737 849 3808 sapientiast.

282 3831 338 3887 3.
381 3828 568 3899 Ilagna
609 3837 694 3883 est
722 3826 989 3883 dictorum
1028 3825 1332 3897 prudentia.
1363 3828 1485 3884 Vult
1521 3829 1667 3885 enim
1707 3830 1794 3885 di-

206 3937 337 3978 cere
360 3919 631 3991 quomodo
657 3934 753 3990 per
781 3918 1050 3975 contraria
1074 3917 1203 3974 vicit
1254 3920 1418 3986 Deus,
1445 3930 1500 3975 et
1526 3920 1797 3990 quomodo

207 4013 525 4086 praedicatio
548 4027 656 4065 non
680 4012 752 4077 sit
792 4009 1048 4065 humana.
1095 4009 1210 4065 Hoc
1236 4020 1417 4065 autem
1447 4011 1561 4066 vult
1586 4012 1793 4081 signiti-

206 4121 337 4163 enre
361 4123 376 4159 :
401 4106 536 4160 Cum
561 4102 813 4167 dicimus,
843 4102 1037 4171 inquit,
1064 4101 1286 4168 ludatis,
1308 4103 1541 4170 Credite,
1570 4119 1795 4174 respon-

203 4199 369 4263 dent,
398 4195 637 4250 lortnos
665 4193 948 4258 auscltate,
974 4202 1162 4248 satiate
1190 4194 1577 4263 darmoniaeos,
1608 4205 1794 4252 esten-

204 4289 319 4343 dite
347 4286 501 4342 nobis
541 4285 717 4355 signa.
740 4282 849 4337 Nos
874 4292 1052 4337 autem
1079 4284 1210 4354 quid
1255 4286 1323 4340 ad
1370 4287 1484 4341 hac
1530 4286 1794 4343 dicimus?

204 4376 510 4436 Crucitixus
543 4384 599 4431 et
645 4382 888 4429 mortuus
936 4383 1019 4429 est
1062 4375 1107 4429 is
1148 4376 1634 4451 qubpraadicatur.
1680 4379 1794 4435 lloc

205 4483 339 4525 vero
366 4466 536 4537 possit
560 4481 667 4521 non
716 4462 879 4520 modo
904 4466 1154 4523 nolentes
1203 4458 1311 4522 non
1359 4469 1652 4533 attrahere,
1695 4468 1791 4523 sed

206 4562 370 4617 etiam
399 4560 640 4614 volentes
677 4557 943 4629 repellere
974 4574 992 4614 :
1033 4568 1267 4615 attamen
1298 4576 1404 4615 non
1424 4561 1657 4631 repellit,
1695 4561 1791 4617 sed

206 4651 429 4708 attrahit
446 4658 509 4705 et
532 4650 738 4705 detinet
762 4657 821 4706 et
861 4650 1047 4706 vineit.
1078 4651 1305 4705 Rursum
1339 4650 1510 4707 Graeci
1554 4667 1586 4707 a
1634 4654 1790 4710 nobis

203 4744 428 4812 exigunt
450 4739 807 4812 eloquentiam
826 4749 883 4795 et
901 4740 1288 4811 sopitismatum
1310 4742 1649 4813 gravitatem.
1677 4742 1788 4799 Nos

202 4845 386 4891 autem
438 4831 523 4886 his
571 4846 783 4901 quoque
825 4845 1040 4886 crucem
1096 4831 1495 4901 praedicamus:
1542 4843 1601 4888 et
1643 4834 1786 4904 quod

202 4927 409 4986 laticis
472 4925 805 4981 imbecillitas
853 4936 976 4981 esse
1020 4924 1253 4990 videtur,
1305 4924 1406 4980 hec
1454 4925 1658 4982 Graecis
1703 4935 1790 4981 est

202 5021 452 5077 stultitia.
480 5019 612 5074 Cum
637 5027 815 5073 autem
864 5018 966 5072 illis
1012 5032 1114 5071 non
1158 5015 1318 5070 modo
1346 5030 1407 5071 ea
1439 5032 1559 5088 quae
1599 5027 1787 5088 petunt

203 5124 313 5165 non
342 5110 663 5177 prabemus,
704 5107 797 5162 sed
836 5109 999 5163 etiam
1036 5107 1217 5176 petitis
1260 5110 1527 5162 contraria
1555 5109 1781 5174 damus;

200 5213 337 5255 crux
359 5195 505 5251 enim
534 5209 641 5249 non
684 5196 845 5249 modo
884 5197 1092 5263 signum
1142 5212 1249 5247 non
1282 5197 1492 5252 videtur
1519 5214 1661 5262 esse,
1686 5199 1781 5253 sed

200 5292 389 5352 etiam,
406 5287 450 5341 si
474 5283 681 5341 ratione
700 5286 1053 5348 examinetur,
1078 5287 1214 5354 signi
1234 5287 1506 5353 ademptio
1528 5297 1742 5356 putatur
1766 5307 1780 5355 ;

203 5396 305 5439 nec
348 5376 510 5435 modo
562 5388 670 5429 non
712 5373 925 5427 videtur
970 5375 1637 5441 virtutisArdetnonstratio,
1684 5380 1780 5431 sed

202 5475 365 5531 etiam
387 5465 764 5527 imbecillitatis
788 5474 1183 5533 argumentum,
1219 5480 1317 5517 nec
1358 5465 1516 5518 modo
1560 5481 1664 5520 non
1696 5483 1783 5520 sa-

205 5564 420 5638 pientia
444 5558 699 5623 ostensio,
726 5553 821 5610 sed
859 5553 1020 5607 etiam
1064 5553 1304 5607 Stultitia:
1342 5555 1577 5621 suSpicio
1607 5574 1620 5610 :
1658 5572 1778 5611 cum

197 5671 332 5727 ergo
394 5654 543 5724 signa
594 5658 650 5707 et
693 5645 1008 5717 sapientiam
1054 5654 1390 5715 qumrcntes,
1438 5659 1542 5698 non
1600 5647 1777 5702 solum

202 5762 310 5803 non
338 5744 606 5814 accipiant
631 5755 693 5797 ea
722 5753 843 5810 quae
872 5744 1078 5809 petunt,
1111 5735 1208 5793 sed
1236 5736 1503 5793 contraria
1555 5736 1620 5791 iis
1660 5753 1779 5807 qua

236 333 306 386 55
1292 343 1361 400 IN
1396 344 1616 409 EPIST.
1654 350 1676 408 Ι
1734 350 1829 410 AD
1859 347 2018 405 00R.
2060 347 2288 404 HOIIlL.
2334 348 2421 406 IV.
3440 362 3511 417 ὃὸ

1921 460 2229 517 desiderant
2256 463 2494 530 audiant,
2524 479 2589 519 ac
2613 464 2811 524 deinde
2841 482 2937 539 per
2964 475 3235 528 contraria
3283 492 3505 543 persua-

1918 553 2183 621 deantur;
2215 554 2489 625 quomodo
2517 572 2623 612 non
2650 558 2932 618 ineﬂ'abilis
2956 562 3503 637 fueritejusquipm-

1918 644 2127 699 dicatur
2158 647 2367 701 virtus?

1990 735 2217 790 Christus
2279 754 2371 809 per
2437 741 2696 796 contraria
2755 742 3029 811 persuadet
3047 786 3066 812 ,
3118 750 3391 817 quotnodo.
3434 779 3506 790 —

1918 826 2379 896 Quemadmodum
2427 832 2472 887 si
2514 832 2599 887 cui
2640 848 2861 902 eorum,
2891 836 2984 905 qui
3013 836 3261 892 ﬂuctibus
3297 844 3505 907 jactan-

1917 929 2005 975 tnr
2032 931 2085 975 et
2107 930 2316 991 portum
2337 921 2666 991 desiderant,
2694 940 2803 983 non
2833 928 3125 984 ostendens
3150 940 3382 999 portum,
3407 933 3504 987 srd

1913 1012 2073 1068 aliam
2106 1013 2275 1084 pelagi
2323 1023 2529 1084 partem
2578 1018 2883 1087 seriorem,
2924 1034 3113 1090 posses
3158 1023 3411 1091 el‘tlcere,
3444 1036 3506 1080 ut

1914 1104 2111 1172 gratias
2138 1118 2303 1174 agens
2338 1096 2688 1176 sequeretur;
2717 1108 2802 1163 vel
2834 1109 2879 1165 si
2912 1110 3155 1168 medicus
3177 1114 3417 1170 saucium
3449 1125 3505 1172 et

1913 1195 2302 1251 medicamenta
2333 1199 2659 1266 cupientem,
2691 1215 2796 1255 non
2825 1201 3148 1271 pharmacis,
3175 1207 3274 1261 sed
3306 1208 3500 1263 iterum

1914 1287 2120 1342 urendo
2158 1290 2416 1358 pollicens
2460 1306 2519 1347 se
2556 1308 2749 1347 sanum
2799 1297 3131 1353 redditurum
3158 1314 3302 1366 esse,
3331 1303 3398 1356 ad
3440 1317 3503 1358 se

1911 1378 2064 1434 illum
2091 1381 2420 1450 attraheret;
2460 1383 2566 1439 hoc
2612 1388 2755 1440 enim
2803 1403 3008 1460 magna:
3052 1392 3265 1446 virtutis
3306 1402 3496 1449 esset:

1910 1467 1985 1523 ita
2013 1480 2069 1524 et
2095 1472 2324 1540 apostoli
2357 1488 2462 1527 non
2496 1474 2657 1529 modo
2680 1491 2786 1530 non
2830 1490 2926 1547 per
2952 1480 3186 1549 signum,
3212 1481 3311 1538 sed
3337 1487 3500 1540 etiam

1910 1574 2009 1630 per
2050 1575 2188 1624 rem.
2218 1578 2340 1632 quae
2384 1564 2551 1633 signis
2578 1568 2849 1623 contraria
2893 1584 3016 1625 esse
3054 1571 3355 1641 videbatur,
3402 1590 3500 1630 su-

1910 1661 2251 1719 peraverunt.
2292 1654 2445 1722 Quod
2475 1657 2638 1711 etiam
2670 1658 2724 1712 in
2753 1673 2898 1715 caeco
2925 1659 3170 1719 Christus
3194 1663 3342 1720 fecit.
3361 1663 3497 1722 Cum

1908 1743 2072 1800 vellet
2112 1746 2256 1800 enim
2299 1748 2474 1817 ipsum
2516 1762 2729 1817 curare,
2759 1766 2857 1821 per
2888 1769 3003 1809 rem
3044 1771 3165 1827 qua:
3200 1759 3497 1815 cacitatem

1907 1845 2162 1907 augeret,
2213 1837 2356 1892 illam
2410 1840 2668 1907 sustulit;
2714 1857 2840 1896 nam
2890 1844 3062 1899 lutum
3107 1848 3381 1920 imposuit.
3428 1850 3499 1907 Ut

1904 1942 2038 1999 ergo
2066 1945 2161 1999 per
2201 1930 2370 1986 lutum
2398 1945 2601 1989 caecum
2630 1936 2862 2000 sanavit,
2889 1936 2968 1994 sic
2993 1937 3181 1994 orbem
3214 1947 3370 1997 terra
3398 1956 3498 2013 per

1909 2033 2124 2076 crucem
2152 2022 2375 2078 adduxit
2402 2042 2417 2079 :
2452 2025 2505 2080 id
2536 2026 2679 2096 quod
2719 2029 2957 2085 scandali
2996 2032 3200 2089 additio
3224 2045 3360 2102 erat,
3387 2050 3498 2095 non

1905 2112 2141 2167 sublatio
2166 2114 2426 2171 scandali.
2471 2116 2561 2173 Sic
2590 2119 2753 2173 etiam
2800 2121 2853 2175 in
2879 2124 3152 2181 creatione
3192 2124 3337 2192 fecit,
3367 2143 3499 2185 eon-

1907 2204 2069 2257 traria
2090 2207 2377 2261 contrariis
2403 2221 2692 2278 apparans.
2715 2210 2893 2267 Arena
2911 2213 3113 2284 quippe
3132 2231 3281 2273 mare
3304 2218 3494 2289 cinxit,

1908 2292 2127 2349 inﬁrmo
2169 2297 2408 2353 validum
2438 2298 2721 2356 reirenans
2748 2320 2764 2359 :
2794 2317 2947 2374 aqua:
2977 2312 3175 2362 terram
3220 2310 3493 2380 imposuit,

1904 2384 2140 2440 molliet
2182 2387 2351 2445 ﬂuido
2394 2390 2622 2447 densum
2675 2403 2731 2449 et
2778 2382 3012 2452 solidum
3056 2400 3363 2471 imponens.
3393 2404 3498 2461 Per

1905 2477 2196 2547 prophetas
2219 2494 2433 2552 quoque
2460 2500 2629 2553 parvo
2656 2486 2804 2557 ligno
2848 2488 3054 2547 ferrum
3082 2494 3287 2551 eduxit.
3313 2496 3404 2553 Sic
3442 2507 3498 2553 et

1904 2582 2067 2623 cruce
2092 2569 2279 2625 orbem
2303 2573 2543 2627 attraxit.
2569 2574 3033 2641 Quemadmodum
3059 2584 3203 2638 enim
3229 2600 3368 2655 aqua
3390 2598 3498 2643 Ier-

1906 2675 2019 2714 ram
2039 2669 2233 2731 gestat,
2254 2661 2326 2717 ita
2346 2677 2477 2719 crux
2495 2666 2686 2721 orbem
2706 2674 2866 2723 terrae
2890 2678 3089 2741 portat.
3106 2672 3313 2745 Magna:
3332 2676 3498 2747 igitur

1904 2755 2117 2813 virtutis
2145 2766 2199 2811 et
2236 2758 2518 2827 sapientia:
2565 2773 2943 2833 argumentum
2971 2774 3055 2822 est
3101 2780 3200 2839 per
3224 2770 3494 2825 contraria

1905 2847 2255 2915 persuadere.
2282 2850 2426 2905 ατη
2449 2853 2601 2908 enim
2643 2856 2959 2913 scandalum
3000 2872 3125 2915 esse
3164 2859 3409 2930 videtur;
3440 2875 3497 2919 et

1905 2950 2081 2993 tamen
2135 2954 2243 2997 non
2298 2942 2477 2997 solum
2530 2958 2637 2998 non
2675 2946 3003 3004 oﬂ'endieulo
3037 2960 3158 3019 est,
3195 2954 3291 3008 sed
3329 2953 3494 3011 etiam

1905 3031 2088 3087 trahit.
2120 3031 2247 3089 llaec
2270 3033 2453 3106 itaque
2479 3036 2659 3091 omnia
2704 3038 2950 3108 cogitans
2974 3039 3197 3109 Paulus,
3224 3052 3281 3099 et
3303 3046 3493 3101 obstu-

1905 3138 2133 3192 pesccns
2172 3125 2437 3183 dicebat:
2483 3128 2636 3195 Quod
2682 3130 2894 3186 stultum
2937 3140 3011 3187 est
3047 3131 3169 3203 Dei,
3216 3136 3495 3208 sapientius

1901 3224 1976 3267 est
2004 3215 2329 3282 hominibus;
2375 3225 2423 3271 et
2445 3219 2582 3288 quod
2610 3218 2875 3287 inﬁrmatus
2916 3232 2992 3277 est
3028 3222 3149 3286 Dd.
3196 3228 3377 3295 fortius
3418 3240 3493 3284 est

1902 3303 2210 3361 hantmt‘bus.
2241 3308 2473 3364 Stultum
2500 3317 2557 3364 et
2593 3309 2866 3367 inﬁrmum
2892 3312 3099 3379 dicens,
3126 3316 3195 3370 de
3222 3332 3383 3373 cruce
3413 3321 3494 3374 ln—

1900 3397 2104 3467 quitur,
2137 3410 2244 3453 nun
2271 3400 2413 3469 quod
2437 3408 2542 3465 est,
2573 3401 2670 3456 sed
2715 3402 2859 3471 quod
2887 3402 3100 3459 videtur
3132 3420 3255 3461 esse
3279 3407 3490 3479 signiti-

1899 3501 2031 3543 cans
2059 3507 2073 3544 :
2106 3504 2228 3545 nam
2269 3490 2564 3546 secundum
2593 3491 2809 3546 illorum
2840 3492 3148 3564 opinionem
3180 3501 3493 3569 respondet:

1903 3578 2115 3634 Etenim
2140 3579 2282 3651 quod
2312 3596 2407 3651 per
2434 3582 2776 3654 syllogismos
2821 3583 3127 3657 philosophi
3165 3588 3341 3646 facere
3379 3607 3489 3648 non

1904 3681 2145 3739 potuere,
2168 3677 2270 3726 hoc
2298 3672 2527 3742 perfecit
2554 3686 2618 3727 ea
2645 3690 2765 3743 qme
2788 3674 3071 3732 videbatur
3089 3694 3215 3736 esse
3240 3683 3487 3738 stultitia.
3512 3702 3515 3705 ‘

1900 3761 2031 3828 Quis
2059 3776 2192 3831 ergo
2217 3762 2533 3830 sapientior,
2560 3763 2609 3816 is
2634 3763 2727 3832 qui
2769 3765 2952 3820 multis
2996 3771 3308 3836 perstadet,
3334 3787 3404 3827 an
3438 3774 3488 3830 is

1899 3852 1992 3923 qui
2013 3851 2219 3923 paucis,
2248 3852 2359 3907 imo
2388 3867 2516 3908 vero
2540 3853 2709 3909 ouili?
2746 3855 2794 3909 is
2818 3856 2910 3926 qui
2935 3856 3007 3912 de
3036 3859 3202 3915 rebus
3235 3866 3487 3920 maximis

1901 3946 2207 4015 persuadet,
2255 3962 2321 4001 an
2372 3947 2419 4002 is
2460 3946 2553 4019 qui
2595 3947 2664 4003 de
2709 3948 2798 4017 iis,
2824 3964 2947 4019 quae
2993 3965 3103 4007 non
3135 3958 3485 4024 oporteret't

1901 4040 2171 4117 Quantum
2217 4037 2482 4093 laboravit
2527 4038 2678 4094 Pisto
2703 4039 2849 4095 circa
2895 4042 3088 4098 lineam
3136 4055 3193 4099 et
3232 4049 3483 4117 angulum

1899 4138 1955 4184 et
1981 4114 2258 4199 punctum,
2287 4142 2353 4183 ac
2380 4129 2450 4185 de
2473 4130 2716 4185 numeris
2758 4132 2977 4200 paribus
2997 4143 3054 4188 et
3096 4114 3409 4205 imparibus,
3430 4150 3487 4194 et

1899 4220 2041 4277 inter
2066 4234 2125 4275 se
2149 4218 2445 4290 mqualibus
2463 4228 2519 4274 et
2542 4218 2895 4288 intequalibns
2913 4238 2978 4279 ac
2996 4223 3066 4279 de
3082 4225 3345 4281 similibus
3365 4243 3485 4282 nra-

1900 4324 2124 4367 nearum
2154 4311 2279 4367 telis
2308 4311 2457 4385 (haec
2498 4312 2651 4367 enim.
2672 4313 2728 4368 in
2754 4313 2966 4369 utiliora
2995 4317 3118 4372 vitae
3142 4329 3289 4385 sunt,
3320 4337 3481 4390 quam

1900 4403 2206 4474 bujusmodi
2234 4412 2442 4459 textura
2460 4404 2502 4473 ),
2520 4414 2718 4460 etcum
2743 4420 2844 4462 nec
2866 4422 3086 4478 parvum
3111 4425 3211 4469 nec
3231 4427 3481 4481 magnum

1898 4494 2025 4551 inde
2056 4495 2284 4552 fructum
2308 4497 2609 4565 attulisset,
2638 4497 2719 4553 sic
2758 4498 2922 4555 vitam
2967 4500 3182 4558 ﬁnivit?
3220 4519 3479 4575 quantum

1896 4587 2163 4643 laboravit
2190 4588 2579 4645 utosteuderet
2606 4591 2837 4645 animam
2866 4606 2989 4649 esse
3018 4594 3397 4661 immortalem.
3425 4610 3481 4655 et

1896 4681 2031 4735 nihil
2056 4682 2262 4737 clarum
2290 4681 2445 4747 dixit,
2475 4697 2539 4738 ac
2560 4698 2682 4738 cum
2711 4685 2914 4740 nemini
2942 4686 3244 4742 auditorum
3271 4692 3321 4744 id
3357 4707 3482 4763 per-

1895 4774 2175 4838 suasisset,
2192 4774 2270 4827 sic
2286 4774 2427 4828 diem
2450 4774 2777 4830 obiit?Crnx
2806 4786 2983 4831 autem
3014 4793 3109 4847 per
3140 4781 3355 4849 ignaros
3381 4784 3479 4837 ho-

1895 4863 2067 4919 mines
2111 4864 2407 4935 persuasit,
2436 4866 2543 4919 imo
2586 4866 2855 4935 persuasit
2893 4870 2986 4922 toti
3023 4870 3139 4924 orbi
3180 4881 3477 4942 terrarum;

1894 4970 2001 5011 non
2030 4954 2099 5010 de
2128 4954 2335 5010 levibus
2380 4954 2544 5011 rebus
2588 4955 2896 5023 disserens,
2927 4959 3022 5014 sed
3070 4960 3139 5015 de
3169 4961 3281 5017 Deo
3324 4974 3379 5019 et
3406 4966 3477 5021 de

1893 5062 2020 5104 vera
2060 5046 2341 5118 religione,
2375 5046 2549 5117 deque
2574 5048 2885 5119 evangelica
2928 5050 3051 5106 vita:
3098 5052 3366 5123 instituto,
3411 5071 3476 5113 ae

1892 5142 1961 5197 de
1989 5140 2167 5195 futuro
2189 5138 2413 5209 judicio,
2445 5148 2606 5208 atque
2639 5140 2873 5195 rusticos
2910 5142 3260 5215 indoctosque
3286 5161 3475 5203 omnes

1892 5233 2021 5289 fecit
2075 5231 2444 5303 philosophos.
2481 5231 2614 5287 Vide
2643 5234 2913 5302 quomodo
2941 5234 3085 5305 quod
3142 5237 3361 5291 stultum
3390 5246 3474 5292 est

1892 5326 2009 5389 Dei,
2058 5324 2354 5393 sapientius
2396 5325 2466 5378 sit
2496 5324 2824 5390 hominibus,
2858 5334 2913 5379 et
2942 5326 3211 5381 inﬁrmum
3258 5327 3467 5381 int-tius.

1890 5414 2171 5480 Quomodo
2202 5414 2438 5468 fortius?
2483 5415 2635 5479 Quod
2667 5424 2835 5467 totutn
2864 5416 3048 5468 orbem
3077 5414 3387 5484 pervaserit,
3413 5422 3469 5466 et

1888 5520 2081 5561 omnes
2110 5507 2162 5561 vi
2190 5510 2413 5575 ceperit,
2434 5514 2488 5560 et
2512 5507 2652 5575 quod
2683 5507 2980 5561 innumeris
2999 5505 3249 5562 Cruciiixi
3272 5519 3465 5559 nomen

1889 5599 2232 5667 exstinguere
2270 5597 2607 5660 conantibus,
2658 5596 2985 5650 contrarium
3026 5594 3267 5650 evenerit
3305 5612 3319 5648 :
3366 5594 3466 5651 hoc

1959 5751 1975 5779 ι
2012 5756 2128 5810 neg.
2153 5747 2319 5806 habet,
2343 5758 2452 5810 qua:
2474 5759 2568 5795 non
2590 5752 2719 5806 sunt,
2743 5753 2846 5810 pro,
2872 5760 2981 5812 qut:
3005 5761 3096 5797 non
3114 5757 3372 5810 oporteret.
