4018 6208
472 322 539 379 55
1223 308 1282 364 S.
1319 302 1597 363 JOANNIS
1624 294 2098 357 CHRYSOSTOMI
2136 293 2456 351 ARCHIEP.
2494 294 3033 355 CONSTANTINOP.
3675 307 3746 363 30

470 448 667 489 nomen
709 430 889 484 lloruit
911 468 928 494 ,
958 436 1016 481 et
1043 423 1303 493 majorem
1341 421 1394 474 in
1426 417 1645 473 modum
1671 413 1941 476 accrevit;
1974 408 2049 463 illi

469 539 603 578 vero
626 521 896 592 perierunt
919 527 975 572 et
997 516 1052 571 in
1073 514 1296 570 exitium
1318 517 1542 567 ruerunt
1561 526 1575 561 :
1594 520 1659 562 ac
1681 505 1923 561 viventes
1949 498 2049 592 ad-

474 590 659 668 versus
688 616 956 663 mortuum
988 604 1185 659 bellum
1211 608 1482 672 gerentes,
1512 595 1647 652 nihil
1686 605 1929 664 potuere.
1952 590 2055 644 Ita-

471 717 577 772 que
594 698 811 769 quando
833 711 922 751 me
950 703 1223 749 mortuum
1248 692 1470 747 Graecus
1493 688 1644 753 dicit,
1666 695 1791 739 tunc
1818 680 2054 772 ostendit

472 806 533 846 se
546 787 831 844 admodum
847 786 1069 841 stultum
1090 799 1243 848 esse;
1262 781 1476 852 quando
1494 793 1615 849 ego,
1630 778 1718 847 qui
1738 776 1806 831 ab
1823 774 1915 829 illo
1932 771 2059 828 stul-

474 888 561 937 tus
576 893 695 935 esse
715 877 1016 939 existimor,
1037 878 1281 943 sapiente
1310 870 1605 941 sapientior
1624 881 1861 938 appareo
1886 881 1901 920 :
1933 877 2057 919 cum

474 987 562 1026 me
578 970 789 1025 vocabit
804 966 1096 1030 infirmum,
1112 976 1236 1021 tunc
1256 964 1490 1033 seipsum
1513 960 1863 1015 infirmiorem
1886 965 2062 1011 osten-

474 1065 583 1119 det.
606 1064 735 1130 Quaa
754 1060 896 1116 enim
910 1074 1010 1129 per
1028 1058 1121 1113 Dei
1150 1050 1379 1128 gratiam
1401 1062 1548 1109 reete
1576 1065 1737 1122 agere
1772 1054 2062 1121 potuerunt

475 1153 743 1225 publicani
789 1162 844 1207 et
873 1151 1194 1222 piscatores,
1229 1147 1344 1201 hanc
1389 1144 1713 1215 philosophi,
1743 1140 1975 1212 tyranni,
2007 1148 2063 1194 et

477 1256 533 1301 ut
564 1247 636 1300 ita
665 1244 866 1306 dicam,
915 1251 1057 1296 totus
1098 1238 1248 1294 orbis
1287 1237 1570 1293 innumera
1610 1235 2061 1295 circumcurrens,

477 1353 547 1392 ne
574 1336 854 1406 imaginari
884 1334 1100 1403 quidem
1130 1329 1323 1400 potuit.
1351 1326 1490 1396 Quid
1516 1328 1660 1383 enim
1687 1341 1820 1381 crux
1849 1340 1955 1379 non
1982 1325 2065 1379 in-

476 1427 674 1481 duxit?
701 1426 775 1480 De
819 1422 1223 1479 immortalitate
1249 1420 1447 1477 anima
1491 1418 1838 1484 sententiam,
1864 1416 1933 1471 de
1974 1431 2063 1471 re-

478 1516 812 1572 surrectione
846 1526 1158 1583 corporum,
1205 1511 1273 1567 de
1314 1511 1571 1580 despectu
1617 1507 1967 1579 praesentium
2008 1514 2067 1561 et

479 1608 548 1663 de
585 1608 883 1661 futurorum
922 1603 1211 1659 desiderio.
1255 1600 1514 1656 Homines
1551 1599 1770 1669 angelos
1808 1597 1970 1662 fecit,
2009 1605 2067 1653 et

480 1711 671 1753 omnes
707 1696 904 1767 ubique
952 1691 1423 1766 philosOphantur,
1464 1704 1785 1760 omnemque
1812 1690 2064 1745 virtutem

482 1788 758 1843 exhibent.

551 1880 607 1935 4.
645 1878 751 1935 Sed
793 1879 954 1935 etiam
1001 1875 1139 1949 apud
1186 1877 1328 1941 illos,
1362 1874 1591 1945 inquies,
1639 1873 1789 1927 multi
1842 1882 2065 1927 mortem

480 1972 879 2039 contempsere.
906 1969 1167 2038 Quinam,
1198 1966 1425 2039 quazso?
1477 1982 1545 2020 an
1588 1965 1678 2020 ille
1702 1964 1795 2034 qui
1838 1964 2067 2018 cicutam

486 2063 658 2118 bibit?
680 2062 784 2117 Sed
812 2061 858 2117 si
884 2062 1039 2127 velis,
1068 2061 1380 2115 innumeros
1410 2059 1543 2114 tales
1566 2072 1635 2113 ex
1670 2056 1912 2111 Ecclesia
1938 2069 2069 2123 pro-

486 2154 675 2210 feram.
696 2154 752 2210 Si
782 2154 923 2207 enim
953 2154 1143 2209 liceret
1168 2152 1453 2221 ingruente
1476 2150 1885 2220 persequutione
1912 2152 2071 2215 epota

486 2244 659 2300 cicuta
706 2242 992 2307 excedere,
1026 2251 1213 2296 essem
1257 2254 1445 2296 omnes
1472 2239 1568 2293 illo
1596 2238 1873 2292 clariores.

558 2334 797 2389 Socrates
820 2342 1023 2391 coactus
1051 2333 1267 2385 cicutam
1295 2331 1433 2384 bibit.
1478 2328 1770 2399 Martyrum
1795 2329 2068 2381 cruciatus.

489 2454 559 2463 â€”
591 2424 835 2492 Alioquin
881 2433 1059 2477 autem
1105 2422 1237 2477 bibit
1276 2421 1400 2488 ille,
1432 2436 1551 2475 cum
1599 2435 1703 2474 non
1750 2420 1935 2475 liceret
1973 2420 2074 2474 sibi

490 2522 582 2567 aut
629 2513 810 2567 bibere
856 2522 947 2566 aut
992 2528 1097 2568 non
1147 2513 1368 2578 bibere;
1416 2512 1511 2567 sed
1550 2511 1711 2568 vellet
1751 2511 1923 2566 nollet
1959 2509 2076 2563 haec

490 2606 726 2673 Oportuit
762 2603 937 2659 facere
963 2622 977 2659 :
1003 2604 1145 2674 quod
1176 2620 1280 2658 non
1313 2603 1557 2664 virtutis,
1600 2601 1699 2656 sed
1739 2598 2076 2655 necessitatis

491 2703 627 2748 erat.
659 2693 792 2749 Nam
831 2695 1069 2749 latrones
1108 2705 1164 2748 et
1202 2692 1518 2755 homicidae,
1547 2690 1811 2745 sententia
1834 2688 2075 2758 judicum

491 2786 726 2840 danmati
746 2826 763 2852 ,
807 2785 1050 2853 graviora
1080 2783 1219 2853 passi
1246 2792 1391 2837 sunt.
1420 2782 1575 2851 Apud
1613 2797 1709 2836 nos
1734 2791 1912 2836 autem
1943 2796 2076 2836 con-

496 2874 661 2928 trario
696 2866 855 2927 m'odo
890 2888 977 2928 res
1012 2888 1071 2927 se
1099 2872 1295 2928 habet:
1330 2890 1433 2928 non
1460 2874 1602 2929 enim
1634 2874 1781 2928 inviti
1811 2885 2078 2941 martyres

499 2967 639 3036 passi
670 2976 793 3033 sunt
812 3006 826 3032 ,
854 2966 947 3022 sed
978 2973 1170 3036 sponte
1189 3007 1204 3031 ,
1233 2975 1287 3020 et
1311 2982 1431 3019 cum
1464 2979 1627 3033 penes
1654 2964 1774 3017 illos
1803 2971 1947 3017 esset
1971 2976 2081 3014 non

495 3059 604 3128 pati
624 3100 639 3122 ,
672 3058 953 3111 adamante
982 3056 1221 3125 quolibet
1259 3054 1550 3109 firmiorem
1580 3052 1871 3107 exhibuere
1910 3051 2080 3105 virtu-

497 3159 625 3203 tem.
674 3148 785 3201 Non
832 3148 1025 3201 mirum
1062 3162 1190 3216 ergo
1231 3156 1346 3211 est,
1389 3148 1433 3200 si
1465 3145 1555 3201 ille
1581 3146 1807 3201 cicutam
1851 3144 2077 3208 biberit,

496 3258 616 3294 cum
642 3257 745 3293 non
778 3250 959 3309 posset
986 3257 1014 3292 a
1042 3240 1131 3294 tali
1154 3249 1279 3309 potu
1307 3239 1595 3303 abstinere,
1624 3248 1678 3293 et
1702 3238 1767 3292 ad
1786 3246 2077 3292 extremam

499 3341 782 3399 provectus
811 3339 954 3384 esset
991 3338 1321 3383 senectutem
1350 3348 1364 3384 :
1392 3329 1603 3383 dicebat
1629 3330 1770 3383 enim
1810 3344 1869 3384 sc
1911 3343 2080 3383 annos

496 3420 829 3495 septuaginta
849 3429 1030 3473 natum
1051 3417 1263 3487 quando
1291 3419 1448 3471 vitam
1470 3420 1812 3487 contempsit,
1836 3416 1880 3471 si
1904 3426 2080 3471 tamen

498 3515 600 3569 hoc
643 3514 713 3569 sit
741 3523 1086 3570 contemnere
1120 3532 1133 3567 :
1166 3529 1269 3567 non
1315 3511 1457 3566 enim
1497 3526 1597 3581 ego
1641 3510 1770 3566 illud
1812 3511 2035 3589 dixerim
2064 3551 2080 3575 ,

500 3610 608 3663 imo
646 3623 820 3677 neque
863 3607 1002 3661 ullus
1039 3606 1195 3660 alius.
1220 3605 1326 3659 Sed
1356 3604 1580 3659 ostende
1606 3604 1739 3657 mihi
1765 3604 1998 3672 aliquem
2031 3606 2081 3657 in

501 3700 781 3754 tormentis
812 3714 907 3768 pro
953 3699 1037 3769 pia
1078 3699 1339 3768 religione
1369 3706 1801 3768 perseverantem
1826 3737 1841 3761 ,
1884 3706 1939 3752 ut
1983 3711 2083 3767 ego

502 3794 810 3847 immmeros
838 3791 1031 3861 ubique
1055 3807 1150 3863 per
1174 3791 1359 3846 orbem
1391 3790 1681 3861 proferam.
1712 3789 1845 3859 Quis
1871 3788 2085 3845 effossis

503 3885 789 3955 unguibus,
823 3884 873 3939 id
903 3885 1109 3940 fortiter
1138 3883 1256 3938 tulit
1275 3882 1299 3936 ?
1318 3884 1438 3953 quis
1457 3923 1475 3949 ,
1501 3898 1623 3938 cum
1649 3890 1967 3939 eruerentur
1994 3897 2085 3938 ar-

504 3975 650 4028 ticuli
676 3974 698 4026 ?
716 3974 854 4043 quis,
886 3989 1008 4028 cum
1027 3988 1222 4042 corpus
1247 3974 1364 4041 ejus
1387 3973 1781 4042 discerperetur
1795 3981 1851 4027 et
1868 3986 2086 4041 separa-

506 4076 594 4119 tur
607 4082 636 4118 a
653 4065 1146 4135 capite?quis,eum
1162 4079 1286 4119 ossa
1303 4064 1493 4133 capitis
1506 4062 1915 4120 extraherentur
1930 4064 1953 4118 ?
1966 4065 2087 4133 quis

506 4160 562 4214 in
588 4158 853 4227 sartagine
878 4156 1185 4226 frequenter
1204 4154 1451 4225 positus?
1476 4156 1596 4225 quia
1618 4156 1676 4209 in
1700 4155 1926 4211 lehctem
1951 4154 2087 4224 inje-

504 4250 656 4305 ctus?
682 4250 805 4304 llzec
825 4247 956 4304 mihi
984 4246 1227 4303 ostende.
1249 4247 1381 4303 Nam
1404 4262 1469 4302 ex
1495 4248 1666 4303 cicuta
1696 4248 1832 4301 mori
1869 4246 2089 4317 perinde

506 4348 591 4395 est
610 4349 773 4410 atque
793 4340 1147 4395 dormientem
1176 4353 1491 4408 permanere
1518 4357 1530 4395 :
1561 4354 1707 4395 mors
1732 4340 1877 4394 enim
1899 4339 2088 4409 hujus-

507 4429 651 4485 modi
687 4444 878 4484 somno
918 4428 1134 4484 suavior
1161 4443 1282 4484 esse
1308 4429 1521 4485 dicitur.
1554 4430 1706 4497 Quod
1733 4432 1779 4485 si
1808 4432 1896 4501 qui
1926 4431 2087 4486 etiam

509 4530 769 4575 tormenta
801 4521 1167 4589 pertulerunt,
1215 4520 1406 4574 horum
1432 4530 1578 4575 certe
1614 4522 1731 4575 laus
1760 4522 1959 4590 periit:
1992 4534 2089 4591 pro

511 4614 649 4683 turpi
675 4612 817 4667 enim
849 4627 1007 4667 causa
1040 4612 1351 4681 perierunt;
1377 4612 1467 4667 alii
1498 4622 1553 4666 ut
1575 4613 1665 4681 qui
1694 4623 1901 4668 secreta
1933 4628 2091 4667 reve-

494 4705 731 4770 â€˜lassent,
776 4702 865 4757 alii
912 4713 968 4756 ut
1010 4703 1100 4771 qui
1144 4702 1478 4773 tyrannidem
1510 4701 1867 4768 aï¬‚â€˜ectasscnt,
1903 4703 1993 4757 alii
2038 4703 2088 4756 in

510 4796 829 4864 turpissimis
854 4795 1016 4849 rebus
1044 4794 1365 4864 deprehensi
1392 4812 1406 4847 :
1434 4795 1522 4848 alii
1550 4795 1743 4848 frustra
1771 4804 1826 4848 et
1853 4804 2054 4849 temere
2072 4835 2086 4859 ,

510 4888 650 4941 nulla
678 4886 747 4940 de
779 4899 973 4951 causa,
1018 4899 1139 4941 sese
1180 4883 1508 4939 detulerunt.
1550 4883 1655 4939 Sed
1692 4899 1799 4939 non
1839 4884 1909 4938 ita
1951 4885 2090 4952 apud

512 4992 633 5031 nos.
662 4977 786 5031 Ideo
826 4978 1040 5031 illorum
1061 4975 1278 5046 quidem
1303 4985 1450 5046 gesta
1487 4985 1763 5041 tacentur;
1806 4975 1922 5030 haec
1964 4990 2094 5030 vero

514 5066 708 5122 ï¬‚orent
738 5077 794 5121 et
823 5069 877 5121 in
914 5068 1032 5122 dies
1065 5077 1400 5124 accrescunt.
1446 5068 1600 5137 Quod
1628 5068 1869 5137 cogitans
1896 5068 2094 5122 Paulus

515 5156 727 5210 dicebat
757 5173 772 5208 :
803 5155 1102 5211 lntirmum.
1118 5157 1211 5211 Det
1243 5156 1435 5211 fortius
1466 5166 1549 5211 est
1581 5158 1827 5211 omnibus
1868 5157 2097 5211 honuni-

519 5249 638 5303 bus.
660 5246 811 5312 Quod
838 5248 982 5301 enim
999 5246 1187 5301 divina;
1204 5248 1277 5301 sit
1301 5247 1626 5316 praedicatio,
1649 5248 1774 5302 inde
1795 5248 1957 5301 etiam
1980 5265 2093 5301 ma-

517 5341 766 5397 nifestum
796 5348 899 5391 est.
944 5337 1221 5393 [ludebam
1266 5336 1323 5389 in
1363 5348 1596 5392 mentem
1630 5340 1779 5393 venit
1813 5338 2097 5394 duodecim

514 5432 821 5490 hominibus
841 5430 1012 5499 iisque
1035 5427 1255 5498 ignaris,
1274 5426 1341 5479 iu.
1358 5426 1598 5492 lacubus,
1620 5426 1797 5480 ï¬‚uviis
1814 5434 1869 5481 et
1886 5427 2101 5482 deserto

516 5525 888 5587 manentibus,
922 5529 981 5575 ut
1015 5532 1103 5575 res
1138 5526 1315 5572 tantas
1345 5515 1799 5586 aggrederentur;
1826 5522 1881 5569 et
1908 5517 1973 5569 iis
2011 5516 2102 5585 qui

520 5631 808 5685 numquam
833 5615 1063 5669 fortasse
1087 5612 1139 5663 in
1170 5608 1356 5664 urbem
1379 5616 1435 5662 et
1460 5607 1513 5660 in
1541 5607 1711 5661 forum
1733 5613 1990 5659 venerant
2007 5644 2022 5669 ,
2048 5613 2103 5657 ut

526 5714 711 5765 contra
746 5720 915 5766 totum
953 5705 1139 5764 orbem
1174 5703 1343 5759 aciem
1374 5699 1743 5757 instruerent?
1772 5692 1923 5766 Quod
1955 5696 2098 5754 enim

2164 409 2494 465 formidolosi
2520 422 2702 467 essent
2735 423 2790 469 et
2817 413 2996 483 pusilli
3022 414 3217 486 animi,
3245 418 3480 476 ostendit
3507 422 3626 489 ille,
3656 426 3747 495 qui

2126 494 2228 554 â€™de
2253 499 2319 554 iis
2348 500 2585 569 scripsit,
2616 503 2709 573 qui
2752 503 2805 557 id
2841 519 2947 558 non
2976 509 3263 574 recusavit,
3313 525 3489 582 neque
3534 494 3745 569 illorum

2161 589 2418 657 obtegere
2457 591 2583 647 vitia
2627 594 2797 649 voluit
2829 614 2842 649 :
2870 596 3013 666 quod
3057 600 3347 657 maximum
3384 614 3469 659 est
3510 606 3750 661 veritatis

2163 692 2561 752 argumentum.
2613 685 2751 753 Quid
2800 685 2962 758 igitur
3002 688 3096 744 ille
3137 689 3235 744 deâ€”
3250 690 3355 746 illis
3395 693 3557 750 dicit?
3595 696 3747 763 Quod

2140 770 2379 839 ,Christo
2408 777 2829 845 comprehenso,
2860 789 2981 849 post
3003 781 3282 837 innumera
3316 785 3456 841 edita
3495 789 3750 844 miracula

2163 863 2253 918 alii
2277 863 2512 936 fugerint
2530 906 2546 932 ,
2575 868 2662 923 ille
2701 885 2833 926 vero
2860 873 3086 928 aliorum
3112 876 3431 945 coryphazus
3458 876 3627 947 ipsum
3654 898 3749 937 ne-

2162 955 2390 1022 gaverit.
2425 954 2704 1012 Undenatn
2732 975 2859 1029 ergo
2889 961 2963 1015 illi
2991 1003 3004 1025 ,
3033 965 3121 1030 qui
3151 966 3366 1021 vivente
3404 967 3617 1023 Christo
3654 970 3753 1025 Ju-

2165 1045 2406 1100 dzeorum
2422 1047 2677 1117 impetum
2700 1066 2805 1104 non
2828 1053 3076 1119 tulerant,
3098 1055 3190 1110 illo
3211 1065 3423 1113 mortuo
3445 1068 3499 1112 et
3518 1061 3753 1128 sepulto,

2165 1130 2286 1193 cum
2311 1154 2415 1194 non
2443 1143 2849 1210 resurrexisset,
2882 1154 2939 1199 ut
2965 1162 3059 1201 vos
3091 1148 3289 1215 dicitis,
3319 1166 3493 1220 neque
3513 1151 3757 1222 alloquu-

2169 1239 2256 1284 tus
2298 1230 2419 1285 illos
2463 1232 2673 1300 fuisset,
2720 1249 2897 1305 neque
2939 1236 3175 1293 animum
3220 1240 3519 1310 indidisset,
3568 1256 3757 1301 contra

2167 1331 2375 1378 tantum
2402 1325 2587 1380 orbem
2615 1337 2770 1381 terras
2791 1328 2961 1383 aciem
2984 1329 3382 1387 instruxerunt?
3399 1335 3589 1391 Annon
3614 1336 3757 1408 apud

2166 1428 2228 1469 se
2247 1414 2528 1482 dixissent,
2550 1417 2688 1484 Quid
2714 1418 2815 1473 hoc
2843 1422 2969 1474 est?
2996 1422 3233 1491 seipsum
3281 1440 3387 1479 non
3433 1430 3605 1495 potuit
3621 1445 3759 1486 Iaer-

2169 1520 2297 1561 vare
2320 1547 2335 1573 ,
2368 1516 2423 1562 et
2448 1523 2547 1563 nos
2577 1511 2859 1581 proteget?
2886 1512 2989 1567 sibi
3014 1530 3171 1583 opem
3206 1532 3312 1571 non
3336 1519 3458 1573 tulit
3478 1521 3631 1575 vivus
3662 1564 3677 1586 .
3704 1533 3759 1580 et

2170 1596 2323 1652 nobis
2353 1614 2569 1653 manum
2598 1600 2781 1657 tendet
2806 1614 3050 1659 mortuus
3071 1606 3094 1658 ?
3122 1607 3235 1677 ipse
3252 1606 3407 1662 vivus
3420 1607 3625 1662 nullam
3637 1607 3761 1664 sub-

2164 1692 2279 1760 egit
2332 1698 2569 1758 gentem,
2601 1700 2658 1746 et
2683 1707 2780 1747 nos
2807 1694 2902 1747 toti
2932 1695 3072 1761 orbi,
3104 1698 3272 1765 ipsius
3294 1702 3498 1768 prolato
3518 1704 3755 1771 nomine,

2171 1778 2657 1847 persuadebimus?
2704 1791 2756 1837 et
2798 1784 3067 1852 quomodo
3114 1801 3219 1840 non
3266 1799 3449 1845 contra
3493 1796 3755 1850 rationem

2172 1867 2351 1936 fuerit,
2400 1870 2514 1925 haec
2554 1886 2659 1926 non
2704 1873 2878 1928 solum
2925 1874 3122 1942 facere,
3166 1877 3261 1931 sed
3295 1880 3453 1934 etiam
3482 1884 3762 1952 cogitare?

2170 1961 2527 2026 Quamobrem
2556 1963 2728 2032 palam
2757 1972 2870 2028 est,
2899 1965 2943 2020 si
2971 1980 3077 2020 non
3109 1967 3368 2023 vidissent
3396 1971 3544 2025 illum
3577 1988 3762 2029 resur-

2173 2051 2382 2108 rexisse
2404 2094 2421 2121 ,
2453 2070 2812 2125 magnumque
2839 2058 3088 2125 potentia:
3115 2059 3230 2128 ejus
3271 2060 3579 2118 habuissent
3604 2080 3766 2135 argu-

2175 2151 2414 2196 mentum
2436 2181 2451 2206 ,
2480 2157 2586 2198 non
2612 2152 2812 2199 tantam
2848 2146 3089 2214 jacturos
3119 2148 3284 2204 fuisse
3312 2151 3505 2206 aleam.
3537 2152 3762 2208 Etiamsi

2173 2231 2317 2285 enim
2348 2235 2551 2287 amicos
2578 2232 2886 2288 habuissent
2915 2235 3349 2303 innumerabiles,
3376 2254 3554 2295 annon
3582 2243 3762 2297 statim

2174 2323 2414 2378 Omnium
2441 2323 2541 2379 sibi
2575 2325 2906 2381 inimicitiam
2936 2329 3285 2383 attraxissent
3307 2370 3325 2395 ,
3364 2329 3489 2384 dum
3519 2332 3767 2400 antiquos

2178 2428 2356 2483 mores
2382 2423 2738 2478 amoverent,
2767 2423 2822 2468 et
2848 2416 3048 2483 patrios
3076 2418 3332 2472 terminos
3373 2419 3768 2475 transferrent?

2162 2478 2519 2559 á¼ Ï…Î¹Î¹Î¿á¾‹Ï…Î¹ÎµÎ¹Î¹Î¹
2540 2519 2731 2559 onmes
2762 2506 2996 2561 habuere
3019 2507 3119 2562 sibi
3149 2510 3329 2563 hostes
3363 2518 3418 2564 et
3446 2513 3691 2581 proprios
3713 2526 3771 2569 et

2178 2594 2404 2649 alienos.
2430 2594 2655 2650 Etiamsi
2681 2596 2823 2650 enim
2852 2607 3072 2667 prepter
3097 2607 3316 2653 externa
3343 2603 3520 2657 omnia
3546 2619 3772 2659 venera-

2178 2688 2313 2743 biles
2342 2688 2586 2755 fuissent,
2609 2702 2787 2743 annon
2818 2704 3010 2745 omnes
3038 2691 3183 2760 ipsos
3209 2697 3469 2749 exsecrati
3498 2695 3723 2752 fuissent
3746 2738 3763 2763 ,

2177 2780 2319 2851 quod
2346 2796 2541 2835 novum
2572 2782 2694 2837 vita:
2724 2781 3019 2836 institutum
3052 2782 3566 2842 inducerent?nunc
3589 2796 3769 2844 autem

2180 2874 2385 2929 deserti
2421 2883 2573 2927 erant
2598 2874 2667 2927 ab
2692 2874 2941 2928 omnibus
2961 2914 2974 2939 ,
3005 2884 3060 2928 et
3088 2887 3509 2933 consentaneum
3539 2891 3683 2948 erat,
3712 2894 3772 2937 ut

2183 2961 2268 3015 vel
2290 2961 2413 3016 inde
2427 2962 2479 3015 in
2501 2962 2740 3017 omnium
2763 2962 2945 3017 odium
2959 2974 3012 3018 et
3033 2976 3397 3037 contemptum
3413 2970 3766 3028 incurrerent.

2184 3053 2329 3120 Quos
2358 3054 2500 3108 enim
2537 3054 2617 3107 vis
2642 3054 2862 3110 dicere?
2888 3054 3149 3111 .luda-os?
3178 3060 3244 3112 At
3273 3059 3471 3129 ingenti
3500 3062 3618 3116 illos
3647 3063 3773 3118 odio

2184 3145 2646 3215 prosequebantur
2690 3161 2754 3200 ex
2802 3146 2887 3213 iis,
2921 3163 3040 3217 qua:
3068 3158 3252 3203 contra
3289 3150 3599 3220 magistrum
3638 3154 3771 3209 facta

2183 3235 2416 3292 fuerant.
2446 3239 2526 3291 An
2557 3236 2773 3292 Gr:ecos
2792 3238 2815 3292 ?
2836 3237 2907 3291 At
2930 3239 2981 3290 hi
3008 3254 3113 3293 non
3139 3240 3315 3293 minus
3334 3256 3493 3310 quam
3520 3243 3597 3296 illi
3628 3244 3776 3313 ipsos

2183 3329 2604 3394 aversabantur;
2637 3331 2794 3400 idque
2820 3340 3018 3385 norunt
3048 3332 3279 3386 maxime
3308 3333 3547 3387 omnium
3575 3335 3770 3390 Graeci.

2186 3420 2336 3475 Plato
2360 3422 2524 3487 enim,
2548 3424 2635 3486 qui
2662 3437 2852 3476 novam
2880 3423 3044 3476 voluit
3069 3424 3345 3479 instituere
3369 3426 3773 3494 rempublicam,

2186 3512 2272 3567 vel
2304 3514 2480 3581 potius
2510 3522 2711 3580 partem
2753 3514 3094 3583 reipublicae,
3138 3516 3228 3584 qui
3269 3530 3374 3569 non
3418 3516 3639 3572 deorum
3679 3534 3777 3575 no-

2187 3605 2331 3658 mina
2362 3604 2604 3667 mutavit,
2635 3603 2728 3656 scd
2750 3614 2868 3658 acta
2892 3613 2943 3658 et
2968 3613 3117 3673 gesta
3143 3606 3243 3659 alia
3278 3621 3373 3675 pro
3397 3607 3517 3661 aliis
3546 3607 3770 3673 induxit,

2188 3695 2241 3749 in
2287 3694 2579 3765 periculum
2614 3695 2777 3760 venit,
2828 3711 2893 3750 ne
2937 3711 3002 3751 ex
3044 3694 3227 3751 Sicilia
3264 3698 3466 3766 ejectus
3493 3703 3571 3771 (Î±)
3601 3711 3775 3757 morte

2186 3786 2495 3842 afï¬ceretur
2530 3803 2545 3839 :
2585 3785 2711 3857 quia
2739 3796 2917 3841 autem
2946 3787 3049 3841 hoc
3074 3802 3181 3841 non
3221 3787 3435 3853 accidit,
3476 3788 3773 3843 libertatem

2189 3878 2305 3949 ipse
2332 3876 2532 3937 amisit.
2564 3876 2629 3930 Et
2657 3876 2760 3930 nisi
2791 3875 3048 3931 barbarus
3081 3876 3298 3945 quidam
3325 3876 3521 3933 Siciliae
3547 3886 3777 3949 tyranno

2189 3968 2372 4024 mitior
2402 3965 2609 4029 fuisset,
2655 3965 2785 4019 nihil
2825 3964 3189 4036 prohibuisset
3226 3967 3513 4037 quominus
3540 3956 3778 4037 philoso-

2189 4059 2327 4127 phus
2369 4056 2422 4110 in
2468 4054 2643 4109 aliena
2687 4063 2827 4109 terra
2866 4055 3111 4110 servituti
3135 4054 3380 4111 addictus
3417 4067 3579 4113 esset.
3609 4060 3775 4131 Atqui

2190 4165 2296 4203 non
2326 4164 2424 4218 par
2451 4162 2540 4202 res
2565 4155 2668 4211 est,
2700 4161 2762 4201 ea
2801 4163 2919 4216 qua:
2960 4147 3028 4202 ad
3069 4163 3291 4219 regnum
3322 4148 3589 4219 pertinent
3616 4149 3778 4206 iuno-

2192 4256 2338 4306 vare,
2354 4250 2408 4296 et
2428 4254 2548 4309 qua:
2572 4239 2638 4293 ad
2666 4238 2979 4309 religionem
3007 4258 3020 4293 :
3045 4240 3146 4296 hoc
3174 4241 3318 4296 enim
3347 4241 3578 4297 maxime
3605 4243 3780 4299 homi-

2194 4348 2289 4388 nes
2311 4331 2596 4387 conturbat
2632 4344 2685 4387 et
2722 4343 3042 4387 commovet.
3072 4332 3203 4386 Nam
3229 4333 3443 4397 dicere,
3475 4334 3572 4390 llic
3597 4347 3650 4390 et
3675 4335 3778 4392 iste

2193 4423 2331 4477 hanc
2372 4437 2594 4479 uxorem
2638 4423 2859 4487 ducant,
2907 4432 2981 4487 et,
3021 4423 3282 4477 Custodes
3327 4422 3431 4478 hoc
3472 4426 3633 4480 modo
3668 4427 3776 4483 sint

2191 4512 2463 4577 custodes,
2496 4528 2601 4566 non
2628 4513 2852 4567 multum
2880 4512 3093 4568 turbare
3124 4523 3344 4580 possunt
3362 4555 3378 4578 ,
3403 4528 3523 4569 cum
3546 4516 3779 4571 maxime

2192 4602 2248 4658 in
2277 4603 2418 4658 libro
2444 4602 2643 4671 scripta
2671 4614 2815 4668 sunt,
2846 4617 2947 4658 nec
2976 4604 3202 4657 multum
3230 4614 3382 4660 curat
3402 4605 3697 4675 legislator,
3723 4617 3785 4661 ut

2192 4693 2391 4763 scripta
2420 4692 2477 4748 in
2521 4709 2657 4764 opus
2683 4703 2877 4749 exeant
2904 4711 2919 4748 :
2951 4705 3004 4748 at
3032 4694 3250 4761 dicere,
3281 4710 3378 4749 eos
3400 4696 3490 4765 qui
3528 4698 3782 4752 coluntur

2196 4800 2301 4841 non
2327 4800 2449 4841 esse
2476 4785 2628 4849 deos,
2662 4785 2756 4840 sed
2784 4785 3077 4851 dmmonas,
3105 4801 3229 4841 cum
3257 4787 3349 4855 qui
3374 4788 3660 4844 crucifixus
3679 4789 3782 4845 fuit

2198 4876 2362 4930 Dequ
2392 4889 2532 4940 esse,
2556 4875 2706 4930 scitis
2727 4884 2975 4944 quantam
3002 4877 3309 4930 accenderit
3328 4876 3461 4931 iram
3480 4919 3495 4943 ,
3520 4890 3777 4949 quantum

2196 4964 2511 5021 excitaverit
2531 4966 2755 5020 bellum.

2268 5058 2322 5114 á½….
2352 5056 2668 5127 Protagoras
2688 5068 2739 5111 et
2762 5056 3059 5111 Theodorus
3077 5058 3231 5110 atltei.
3255 5087 3327 5097 â€”
3344 5058 3477 5113 Natu
3499 5060 3635 5130 apud
3658 5061 3780 5115 illos

2199 5148 2518 5218 Protagoras
2550 5147 2646 5217 (á½¸),
2669 5148 2792 5218 quia
2822 5163 2985 5202 ausus
3010 5156 3091 5202 est
3119 5147 3321 5214 dicere,
3346 5149 3463 5203 Non
3485 5150 3607 5203 novi
3626 5149 3779 5212 deos,

2260 5283 2335 5344 (a)
2362 5282 2435 5345 De
2455 5283 2663 5345 Platone
2686 5284 2896 5345 ejusque
2919 5285 2966 5332 in
2988 5282 3193 5345 Siciliam
3209 5283 3440 5345 transitu,
3464 5278 3597 5345 etâ€˜de
3619 5279 3782 5331 ruditu

2200 5340 2462 5392 ex'e'adem
2482 5380 2496 5402 ,
2523 5344 2635 5403 vide
2667 5340 2970 5393 Plutarchum
2993 5345 3043 5393 in
3069 5344 3181 5393 Vita
3207 5342 3405 5403 Dionis,
3424 5340 3484 5391 'et
3504 5340 3784 5400 Diogenem

2200 5407 2439 5453 Laertium
2462 5408 2509 5451 In
2533 5402 2748 5453 Platone.

2263 5463 2336 5523 (á½)
2354 5458 2439 5523 De
2452 5463 2717 5522 Protagora
2729 5462 3015 5523 ilimciltabut
3034 5462 3209 5515 Cicero
3221 5462 3308 5511 lib.
3331 5462 3355 5510 á½·
3382 5458 3448 5507 de
3470 5465 3639 5523 Natura
3659 5460 3783 5509 deo-

2353 5535 2401 5570 Î¿Î¿
2425 5522 2517 5594 Â³Î¾á½²
2544 5530 2664 5594 á¼•ÎµÎ¹Î´á½²
2685 5522 2931 5594 Î‘Î¸Î¹á½²ÎµÏ„á½·Î¹ÎµÎ´Î¾
2945 5524 3147 5594 Ï†Î¹Î²á½±Ï‰Î¹
3176 5530 3497 5594 Pâ€™
3520 5522 3661 5594 á¼Ï†â€™
3680 5535 3711 5570 Î±
3735 5529 3782 5589 Î¹Ï†

2203 5582 2346 5630 Ï€ÎµÎ¿á½±Î¿
2367 5581 2542 5645 Î·Î¹ÎµÏ€Î¹á½²Î¿
2562 5582 2800 5645 fastose.
3077 5578 3371 5645 Î¹Î±Î¹ÏˆÎ¿Î½Î¾Î¸á¿¦Îµ
3392 5578 3592 5645 á¼Î¼á½³*
3619 5581 3783 5630 â€™ÎºÎ±Îµá½¶-

2205 5654 2330 5697 mus,
2348 5653 2458 5689 cum
2479 5638 2531 5688 in
2554 5638 2795 5702 principio
2815 5638 2928 5693 lib'ri
2948 5644 3026 5694 sui
3045 5643 3119 5693 sic
3398 5638 3461 5689 de
3483 5638 3598 5700 diis,
3622 5652 3783 5701 mane

2206 5707 2257 5753 at
2278 5702 2393 5765 sint,
2412 5712 2564 5763 neque
2586 5706 2636 5749 ut
2668 5700 2763 5752 non
2806 5702 2919 5761 sim,
2946 5700 3299 5752 antemarum
3325 5700 3473 5762 jussu
3495 5702 3615 5755 urbe
3635 5709 3784 5763 mque
