4018 6208
191 328 258 383 35
1223 327 1291 382 IN
1330 326 1549 383 EPIST.
1594 324 1613 378 l
1651 323 1743 378 AD
1779 317 1941 377 C08.
1982 319 2218 376 HOMIL.
2250 321 2337 378 IV.
3405 322 3475 377 36

188 465 281 517 ρον
312 446 606 499 δείκνυσιν.
647 447 713 498 ’Δ
751 448 854 517 γάρ
895 448 1123 517 ἴσχυσαν
1171 444 1520 514 κατορθῶσαι
1569 444 1636 512 τῇ
1689 437 1787 493 τοῦ

183 539 320 593 Θεοῦ
346 539 531 609 χάριτι
568 538 802 591 τελῶναι
836 540 931 592 καὶ
960 539 1153 605 ἁλιεῖς,
1181 537 1355 591 ταῦτα
1383 536 1666 606 φιλόσοφοι
1695 533 1788 585 καὶ

180 634 415 701 ίῆτορες
455 629 550 682 καὶ
576 631 834 700 τύραννοι
878 629 973 683 καὶ
1004 630 1153 681 πᾶσα
1194 627 1385 691 ἀπλῶς
1414 628 1448 697 ἠ
1488 623 1786 693 οἰκουμένη

180 720 357 789 μυρία
390 720 807 791 περιδραμοῦσα
853 721 975 773 ούδέ
1024 719 1400 789 φαντασθῆναι
1434 718 1678 786 ἴσχυσαν.
1720 714 1787 766 Τί

188 811 285 881 ίάρ
319 812 423 863 οὐκ
454 813 750 881 εἰσήγαγεν
792 813 822 862 ὁ
866 812 1141 881 σταυρός;
1182 812 1287 863 Τὸν
1318 810 1448 881 περὶ
1488 808 1787 873 ἀθανασίας

174 902 360 971 ψυχῆς
401 903 581 969 λόγον,
614 902 708 956 τὸν
739 905 866 973 περὶ
902 903 1003 972 τῆς
1053 903 1409 964 ἀναστάσεως
1438 900 1549 953 τῶν
1593 900 1785 969 σωμά-

176 1011 304 1053 των,
334 993 429 1046 τὸν
454 995 585 1066 περὶ
608 996 708 1064 τῆς
736 994 1037 1065 ὑπεροψίας
1069 995 1179 1047 τῶν
1206 994 1512 1065 παρόντων,
1536 992 1629 1045 τὸν
1656 991 1785 1062 περὶ

173 1084 273 1151 τῆς
324 1085 624 1154 ἐπιθυμίας
664 1084 775 1137 τῶν
815 1085 1140 1155 μελλόντων.
1186 1086 1297 1138 Kal
1341 1085 1610 1151 ἀγγέλους
1654 1087 1784 1147 τοὺς

170 1168 501 1246 ἀνθρώπους
538 1177 784 1245 ἐποίησε,
824 1177 919 1229 καὶ
971 1177 1173 1239 πάντες
1232 1175 1513 1245 πανταχοῦ
1566 1176 1783 1244 φιλοσο-

170 1267 363 1334 φοῦσι,
395 1269 490 1320 καὶ
523 1269 705 1321 πᾶσαν
730 1269 984 1339 ἀνδρείαν
1008 1269 1425 1321 ἐπιδείκνυνται.

243 1415 308 1468 δ’.
360 1415 520 1467 ’Λλλά
567 1417 660 1468 καὶ
710 1416 843 1487 παρ’
884 1416 1089 1477 αὐτοῖς,
1132 1414 1289 1484 φησὶ,
1328 1412 1514 1465 πολλοὶ
1550 1412 1781 1466 Θανάτου

172 1508 646 1575 καταφρονοῦντες
672 1507 948 1574 γεγόνασι.
981 1505 1158 1569 Τίνες,
1193 1505 1315 1557 εἰπέ
1347 1523 1473 1575 μοι;
1509 1502 1620 1575 ἆρα
1650 1506 1677 1556 ὁ
1710 1503 1773 1557 τὸ

169 1596 397 1648 κώνειον
434 1595 609 1659 πιὼν;
669 1597 809 1648 Ἀλλ’
850 1597 901 1648 εί
952 1595 1155 1665 βούλει,
1218 1596 1495 1659 τοιούτους
1550 1598 1776 1666 μυρίους

168 1685 277 1738 ἀπὸ
330 1686 429 1755 τῆς
489 1686 820 1758 Ἐκκλησίας
867 1689 1266 1757 παράσχωμαι.
1324 1687 1387 1739 Εἰ
1449 1686 1556 1756 γάρ
1625 1686 1773 1755 ἐνῆν,

166 1779 411 1846 διωγμοῦ
464 1780 891 1844 καταλαϐόντος,
930 1779 1158 1832 κώνειον
1208 1781 1434 1842 πιόντας
1492 1778 1773 1845 ἀπελθεῖν,

164 1874 371 1935 πάντες
401 1872 467 1925 ἀν
498 1873 707 1925 ἐκείνου
743 1872 1116 1942 λαμπρότεροι
1152 1873 1429 1941 γεγόνασι.

236 2023 451 2086 Ἄλλως
489 2024 544 2077 δέ
567 2025 778 2088 ἐκεῖνος
815 2024 939 2094 ούχί
973 2024 1163 2096 κύριος
1208 2024 1283 2077 ὣν
1317 2022 1412 2076 τοῦ
1456 2021 1532 2093 μὴ
1563 2025 1705 2075 πιεῖν
1737 2022 1770 2092 ἢ

160 2118 336 2180 πιεῖν,
382 2117 564 2169 ἔπιεν*
601 2116 737 2171 ἀλλά
772 2119 867 2170 καὶ
898 2119 1102 2173 ἄκοντα
1131 2119 1223 2171 καὶ
1247 2118 1444 2170 ἑκόντα
1473 2118 1580 2169 ἔδει
1612 2115 1773 2168 τοῦτο

157 2210 379 2269 παθεῖν,
415 2210 551 2279 ὅπερ
581 2211 680 2262 οὐκ
708 2205 775 2279 ἦν
809 2211 1083 2279 ἀνδρείας,
1119 2210 1256 2262 ἀλλὰ
1283 2210 1529 2277 ἀνάγκης
1557 2208 1767 2259 λοιπόν.

160 2302 274 2354 Kal
310 2300 422 2369 γὰρ
452 2301 549 2352 καὶ
582 2300 780 2369 λῃσταὶ
803 2301 896 2352 καί
926 2300 1244 2371 ἀνδροφόνοι
1274 2299 1380 2352 ὑπὸ
1400 2302 1467 2369 τῇ
1494 2300 1659 2367 ψήφῳ
1683 2314 1768 2364 7e-

158 2394 379 2461 νόμενοι
424 2392 533 2443 τῶν
574 2390 909 2456 δικαζόντων
951 2392 1312 2461 χαλεπώτερα
1355 2389 1578 2442 ἔπαθον.
1627 2388 1765 2458 Παρ’

157 2484 291 2549 ἡμῖν
318 2482 374 2533 δὲ
406 2480 715 2533 τούναντίον
739 2481 905 2534 ἅπαν·
939 2482 1000 2534 ού
1030 2480 1140 2549 γὰρ
1170 2480 1394 2540 ἄκοντες
1418 2479 1465 2529 οἱ
1491 2475 1766 2545 μάρτυρες

158 2576 487 2644 ὑπέμειναν,
518 2573 635 2626 ἀλλ’
666 2575 884 2636 ἑκόντες
935 2574 1028 2626 καὶ
1072 2573 1254 2643 κύριοι
1306 2570 1399 2624 τοῦ
1450 2570 1525 2642 μὴ
1570 2568 1766 2621 παθεῖν

158 2664 337 2723 ὄντες,
384 2660 502 2731 [29]
533 2662 842 2729 ἀδάμαντος
892 2662 1094 2723 παντὸς
1143 2661 1506 2731 στερροτέραν
1559 2658 1767 2711 ἐπιδει-

157 2752 395 2813 κνύντες
416 2751 517 2821 τὴν
545 2751 820 2820 ἀνδρείαν.
848 2752 921 2803 Οὐ
953 2751 1135 2802 τοίνυν
1162 2750 1320 2801 τοῦτο
1350 2748 1626 2818 θαυμαστέ
1642 2767 1688 2810 ν,
1716 2750 1763 2799 εἰ

154 2845 388 2897 κώνειον
428 2843 585 2896 ἔπιεν
616 2844 845 2907 ἐκεῖνος,
878 2843 972 2895 καὶ
1005 2841 1204 2913 μηκέτι
1236 2840 1424 2908 κύριος
1453 2839 1527 2892 ὢν
1561 2839 1651 2891 τοῦ
1689 2838 1763 2908 μὴ

155 2942 328 3002 πιεῖν,
384 2938 479 2990 καὶ
522 2936 656 3007 πρὸς
698 2935 926 3005 ἔσχατον
970 2934 1147 3004 γῆρας
1191 2932 1489 3002 ἐληλακως·
1522 2932 1615 2983 καί
1654 2931 1762 3001 γὰρ

152 3031 347 3097 ἐλεγεν
398 3027 538 3080 ἐτῶν
577 3026 951 3095 ἐϐδομήκοντα
1012 3021 1175 3085 εῖναι,
1230 3024 1318 3075 ὅτε
1382 3021 1761 3091 κατεφρόνησε

153 3122 327 3189 ζωῆς,
366 3120 420 3171 εῖ
462 3135 525 3185 γε
573 3118 667 3169 καὶ
699 3116 860 3168 τοῦτο
888 3114 1302 3183 καταφρονῆσαί
1351 3114 1528 3165 ἐστιν’
1562 3114 1624 3164 οὐ
1652 3113 1760 3181 γὰρ

150 3210 332 3277 ἔγωγε
364 3209 429 3260 ἂν
459 3208 697 3276 εἴποιμι,
727 3206 926 3275 μᾶλλον
951 3205 1007 3257 δὲ
1035 3204 1155 3255 ούδέ
1184 3203 1341 3263 ἄλλος
1362 3202 1559 3264 οὐδείς.
1600 3199 1760 3255 Ἀλλὰ

150 3297 328 3361 δεῖξόν
353 3296 443 3364 μοί
477 3312 599 3347 τινα
630 3294 771 3358 ὑπὲρ
805 3294 1089 3354 εὐσεϐείας
1129 3292 1384 3361 βασάνοις
1417 3292 1760 3361 ἐγκαρτερή-

152 3408 347 3451 σαντα,
390 3389 645 3459 καθάπερ
680 3388 789 3457 ἐγὼ
825 3387 1056 3457 μυρίους
1104 3385 1385 3454 πανταχοῦ
1442 3390 1542 3457 τῆς
1573 3389 1757 3440 οἰκου-

151 3483 344 3550 μένης.
380 3481 475 3544 Τίς
533 3480 643 3533 τῶν
697 3479 907 3549 ὀνύχων
967 3476 1433 3548 ἁνορυττομένων,
1492 3478 1758 3544 γενναίως

145 3576 390 3643 ἧνεγκε;
423 3575 509 3634 τίς
539 3573 649 3625 τῶν
698 3571 919 3642 ἄρθρων
959 3569 1494 3639 ἀνασκαπτομένων;
1532 3569 1615 3632 τίς
1660 3569 1756 3621 τοῦ

150 3664 405 3731 σώματος
449 3662 621 3714 αὐτοῦ
663 3662 804 3715 κατά
858 3663 1025 3731 μέρος
1070 3661 1485 3731 πορθουμένου;
1518 3661 1601 3724 τίς
1648 3662 1757 3713 τῶν

145 3754 353 3807 ὀστέων
387 3754 485 3824 τῆς
527 3752 773 3822 κεφαλῆς
812 3752 1371 3821 ἀναμοχλευομένων;
1412 3752 1495 3814 τίς
1532 3754 1626 3805 ἐπὶ
1651 3755 1752 3824 τή-

146 3864 291 3914 γανα
328 3846 571 3916 συνεχῶς
615 3844 899 3914 τιθέμενος
924 3861 937 3909 ;
971 3844 1055 3905 τίς
1083 3845 1162 3907 εἰς
1187 3842 1391 3913 λέϐητα
1417 3843 1757 3915 ἐμϐαλλόμε-

146 3952 272 4002 νος;
307 3936 494 3990 Ταῦτά
525 3954 617 4005 μοι
650 3935 844 4000 δεῖξον.
892 3936 966 3988 Τὸ
992 3935 1102 4005 γὰρ
1146 3936 1360 4005 κωνείῳ
1406 3936 1751 4005 τελευτῆσαὶ,

147 4030 263 4079 [σον
318 4027 436 4078 ἐστί
487 4025 565 4094 τῷ
610 4024 1022 4094 καθευδήσαντα
1080 4027 1474 4094 ἐναπομεῖναιο
1523 4026 1753 4097 καὶγὰρ

147 4119 319 4170 ῦπνου
350 4117 517 4186 ἡδίων
542 4111 696 4179 οὗτος
726 4118 754 4168 ό
786 4116 1020 4180 θάνατος
1054 4116 1271 4184 λέγεται
1299 4111 1459 4169 εἶναι.
1492 4116 1554 4169 Εἰ
1586 4117 1642 4171 δέ
1667 4135 1751 4171 τι-

147 4227 236 4271 νες
262 4209 360 4261 καὶ
395 4207 663 4275 βασάνους
686 4208 1009 4277 ὑπέμειναν,
1035 4209 1171 4262 ἀλλά
1204 4211 1297 4263 καὶ
1324 4208 1528 4263 τούτων
1558 4210 1621 4264 τὸ
1654 4213 1752 4279 ἐγ-

145 4298 360 4368 κώμιον
388 4296 692 4350 ἀπόλωλενο
722 4296 863 4367 ὑπὲρ
894 4298 1004 4368 γὰρ
1036 4299 1272 4368 αἰσχρᾶς
1295 4299 1476 4361 αἰτίας
1500 4299 1750 4354 ἀπώλον-

144 4409 226 4455 το,
258 4391 309 4443 οἰ
351 4390 449 4461 μὲν
470 4390 547 4453 ὠς
584 4390 874 4460 ἀπόρρητα
904 4387 1231 4456 ἐξειπόντες,
1262 4392 1314 4443 οἰ
1347 4390 1405 4443 δέ
1442 4390 1518 4453 ὡς
1545 4409 1748 4461 τυραν-

143 4482 249 4533 νίδι
276 4479 612 4549 ἐπιθέμενοι,
636 4480 686 4531 οί
720 4478 777 4531 δέ
817 4477 913 4531 ἐπὶ
947 4481 1054 4542 τοῖς
1085 4480 1388 4549 αἰσχίστοις
1424 4480 1664 4544 ἁλόντες·
1698 4482 1748 4534 οἰ

140 4573 199 4625 δὲ
235 4571 361 4641 εἰκῆ
390 4571 484 4623 καί
519 4570 697 4640 μάτην
722 4569 816 4622 καὶ
851 4569 1060 4633 ἁπλῶς,
1092 4570 1272 4633 αίτίας
1301 4570 1375 4640 μὴ
1400 4569 1588 4638 οὔσης,
1614 4573 1744 4623 ἐαυ-

140 4665 270 4725 τοῦς
325 4664 666 4733 ἀπήνεγκαν.
727 4661 865 4715 Ἀλλ’
903 4662 1025 4732 οὐχὶ
1078 4662 1209 4732 παρ’
1260 4664 1392 4732 ἡμῖν
1436 4662 1598 4717 οὕτω.
1646 4664 1745 4717 Διά

140 4755 302 4809 τοῦτο
328 4755 399 4808 τά
432 4755 531 4825 μέν
564 4754 790 4807 ἐκείνων
821 4755 1131 4823 σεσίγηται,
1175 4754 1349 4807 ταῦτα
1380 4755 1435 4807 δὲ
1465 4756 1618 4808 ἀνθεῖ
1650 4757 1744 4808 καὶ

139 4844 266 4896 καθ’
289 4845 527 4914 ἑκάστην
559 4843 838 4897 ἐπιδίδωσι
869 4844 969 4913 τὴν
993 4844 1228 4913 ἡμέραν.
1270 4846 1449 4913 Ὅπερ
1490 4846 1688 4899 ἐννοῶν
1713 4848 1742 4899 ό

140 4935 358 4998 Παῦλος
380 4936 554 5004 ἔλεγε·
583 4938 656 4990 Τὸ
682 4938 909 5000 ἀσθενὲς
930 4936 1024 4989 τοῦ
1047 4936 1183 4989 Θεοῦ
1211 4937 1432 4990 πάντων
1463 4938 1741 5009 ἰσχυρότε-

141 5027 236 5097 ρόν
268 5027 387 5078 ἐστι
408 5028 517 5085 τῶν
542 5030 869 5101 ἀνθρώπων.
908 5030 1031 5082 Ὅτι
1058 5029 1166 5099 γὰρ
1193 5029 1336 5082 θεῖον
1360 5030 1422 5083 τὸ
1450 5031 1736 5100 κήρυγμα,

141 5118 236 5172 καὶ
282 5116 534 5169 ἐντεῦθεν
574 5119 753 5188 δῆλον.
798 5120 970 5173 Πόθεν
1004 5121 1114 5191 γάρ
1147 5120 1382 5189 ἐπῆλθεν
1428 5121 1740 5193 ἀνθρώποις

138 5212 351 5267 δώδεκα
399 5209 494 5261 καὶ
529 5208 768 5272 ἰδιώταις
807 5212 1127 5287 πράγμασιν
1167 5214 1516 5283 ἐπιχειρῆσαι
1546 5216 1738 5267 τοσού-

139 5321 277 5370 τοις,
309 5304 367 5356 ἐν
394 5300 633 5371 λίμναις,
666 5301 724 5353 ἐν
772 5304 1066 5370 ποταμοῖς,
1119 5304 1177 5353 ἐν
1222 5303 1484 5371 ἐρημίαις
1533 5306 1735 5375 διατρί-

139 5401 353 5463 ϐουσιν,
386 5393 643 5447 οὐδέποτε
686 5392 766 5454 είς
800 5391 957 5444 πόλιν
1000 5392 1214 5460 ταχέως
1240 5393 1362 5444 οὐδὲ
1407 5396 1488 5456 εἰς
1526 5397 1735 5467 ἀγορὰν

1888 438 2093 509 ανδροι,
2119 438 2390 493 δείκνυσιν
2414 441 2443 493 ὁ
2470 440 2596 509 περί
2622 437 2803 494 αὐτῶν
2840 439 3080 510 γράψας,
3114 440 3209 493 καὶ
3233 438 3309 511 μὴ
3338 456 3481 511 παρ-

1886 531 2278 601 αιτησάμενος,
2335 531 2472 601 μηδέ
2510 532 2814 602 ὑπομείνας
2862 532 3158 586 συσκιάσαι
3192 531 3374 586 αὐτῶν
3411 534 3481 586 τά

1886 625 2261 696 ἐλαττώματα,
2301 626 2436 690 ὅπερ
2470 624 2726 694 μέγιστον
2759 623 2854 677 καὶ
2886 623 3048 677 τοῦτο
3080 624 3181 693 τῆς
3223 623 3485 692 ἀληθείας

1885 715 2003 768 ἐστί
2022 716 2343 785 τεκμήριον.
2376 713 2442 767 Τί
2468 710 2563 768 οῦν
2587 707 2742 777 οῦτός
2780 730 2914 782 φησι
2952 715 3080 783 περί
3102 713 3323 778 αύτῶν;
3358 714 3483 765 Ὀτι

1882 806 1978 860 τοῦ
2021 807 2261 878 Χριστοῦ
2296 806 2716 877 συλληφθέντος,
2755 805 2895 875 μετὰ
2930 806 3101 876 μυρία
3135 804 3391 875 θαύματα
3429 806 3481 857 οί

1887 900 1987 971 μὲν
2028 899 2248 969 ἔφυγον,
2291 902 2319 953 ὁ
2368 899 2424 953 δέ
2474 899 2663 970 μείνας
2709 901 3005 969 κορυφαῖος
3042 898 3117 950 ὢν
3152 899 3259 951 τῶν
3305 898 3479 952 ἀλλων

1882 992 2182 1061 ἠρνήσατο.
2217 991 2390 1044 Πόθεν
2422 986 2517 1043 οῦν
2547 990 2597 1042 οἰ
2622 989 2823 1053 ζῶντος
2852 988 2945 1043 τοῦ
2976 988 3213 1059 Χριστοῦ
3236 988 3333 1059 τὴν
3360 989 3483 1041 ἰου-
3518 1058 3521 1061 ἢ

1880 1082 2074 1152 δαῖκὴν
2108 1082 2284 1155 ὁρμὴν
2316 1084 2416 1137 οὐκ
2446 1083 2784 1152 ἐνεγκόντες,
2816 1082 3240 1152 τελευτήσαντος
3269 1083 3360 1134 καί
3386 1099 3478 1133 τα·-

1822 1186 1825 1193 '
1882 1174 2074 1243 φέντος
2103 1176 2198 1227 καὶ
2231 1175 2306 1245 μὴ
2336 1175 2690 1241 ἀναστάντος,
2715 1174 2789 1237 ὥς
2819 1192 2977 1243 φατε,
3010 1174 3146 1244 μηδέ
3178 1172 3480 1243 διαλεχθέν-

1879 1284 1971 1329 τος
2014 1268 2219 1329 αύτοῖς,
2268 1266 2401 1337 μηδὲ
2458 1267 2657 1335 θάρσος
2704 1266 2969 1328 ἐνθέντος,
3020 1266 3158 1336 πρὸς
3207 1266 3480 1335 τοσαύτην

1879 1357 2283 1427 παρετάττοντο
2299 1358 2624 1427 οἰκουμένην
2642 1374 2656 1417 ;
2677 1360 2789 1410 Οὐκ
2817 1357 2880 1409 ἂν
2903 1353 3055 1409 εἷπον
3071 1356 3206 1427 πρὸς
3227 1357 3475 1420 ἑαυτοὺς,

1880 1448 1945 1499 Τί
1988 1447 2051 1518 δὴ
2092 1447 2250 1500 τοῦτό
2287 1449 2474 1513 ἐστιν;
2512 1449 2703 1501 ἐαυτὸν
2744 1450 2845 1501 οὐκ
2887 1449 3075 1518 ἴσχυσε
3134 1448 3327 1511 σῶσαι,
3385 1449 3479 1500 καὶ

1876 1541 1908 1607 ἠ
1920 1540 2038 1609 μῶν
2063 1543 2477 1612 προστήσεταιλ
2516 1542 2693 1612 ἐαυτῷ
2724 1543 2825 1595 οῦκ
2855 1543 3029 1612 ἤμυνε
3056 1541 3184 1607 ζῶν,
3218 1544 3312 1594 καὶ
3342 1544 3478 1611 ἡμῖν

1877 1636 2035 1703 χεῖρα
2067 1633 2248 1703 ὀρέξει
2280 1635 2713 1705 τετελευτηκώς;
2742 1633 2904 1697 αὐτὸς
2940 1633 3050 1697 ζῶν
3083 1636 3203 1688 ούδέ
3233 1635 3289 1688 ἐν
3322 1636 3478 1699 ἔθνος

1880 1723 2135 1788 ὑπέταξε,
2164 1727 2258 1777 καὶ
2283 1728 2447 1794 ἡμεῖς
2468 1725 2566 1795 τὴν
2596 1727 2926 1796 οἰκουμένην
2956 1726 3086 1795 ὃλην
3113 1727 3378 1794 πείσομεν
3412 1726 3474 1778 τὸ

1874 1815 2083 1868 ἐκείνου
2113 1816 2362 1883 λέγοντες
2396 1817 2605 1886 δνομα;
2641 1816 2737 1868 καὶ
2772 1816 2889 1879 πῶς
2925 1817 2990 1869 ἂν
3020 1819 3131 1886 ἔχοι
3168 1817 3324 1885 λόγον
3352 1819 3473 1888 οὐχ).

1874 1906 2100 1974 ποιῆσαι
2144 1906 2317 1959 ταῦτα
2354 1908 2536 1977 μόνον,
2569 1906 2685 1959 ἀλλ’
2708 1906 2961 1977 ἐννοῆσαι
2988 1907 3153 1976 γοῦν;
3184 1907 3347 1961 Ὅθεν
3380 1910 3473 1980 δῆ-

1872 1996 1964 2050 λον
1989 1998 2091 2059 δτι,
2127 1999 2173 2050 εἰ
2208 1998 2281 2069 μὴ
2309 1994 2448 2051 εἶδον
2480 1998 2788 2052 ἀναστάντα
2816 1999 2910 2051 καὶ
2937 1998 3034 2066 τῆς
3061 1998 3345 2069 δυνάμεως
3377 2001 3474 2052 αύ-

1871 2088 1965 2147 τοῦ
2006 2088 2270 2159 μεγίστην
2300 2090 2492 2142 ἔλαϐον
2519 2090 2817 2155 ἀπόδειξιν,
2861 2092 2961 2145 οὐκ
2990 2092 3056 2145 ἂν
3085 2092 3342 2145 τοσοῦτον
3376 2096 3471 2147 ἀν-

1871 2180 2103 2251 έρριψαν
2126 2182 2307 2235 κύϐον.
2332 2181 2447 2253 [30]
2481 2184 2542 2236 Εἰ
2571 2184 2679 2253 γὰρ
2710 2185 2803 2237 καὶ
2828 2184 3019 2252 φίλους
3046 2180 3193 2255 εἶχον
3218 2189 3467 2257 μυρίους,

1868 2276 1969 2326 οὐκ
2004 2274 2071 2327 ἂν
2108 2276 2314 2339 εὐθέως
2362 2276 2593 2348 ἐχθροὺς
2627 2279 2930 2348 ἐκτήσαντο
2978 2280 3211 2346 πάντας,
3261 2272 3479 2335 παλαιά

1868 2365 1963 2432 ἔθη
1993 2366 2271 2431 κινοῦντες
2302 2370 2394 2421 καὶ
2425 2369 2657 2441 πατρῷα
2675 2370 2801 2441 ὅρια
2826 2371 3176 2443 μεταίροντες
3197 2382 3252 2437 D;
3274 2375 3390 2425 νυνὶ
3411 2374 3468 2426 δὲ

1868 2457 1961 2507 καὶ
1990 2458 2198 2522 πάντας
2234 2460 2529 2528 πολεμίους
2561 2465 2879 2535 ἐκέκτηντο,
2906 2465 2999 2519 καὶ
3028 2466 3153 2529 τοὺς
3186 2465 3349 2527 ἰδίους
3372 2467 3468 2519 καὶ

1864 2546 1991 2607 τοὺς
2014 2545 2346 2615 ἀλλοτρίους.
2379 2549 2441 2601 Εἰ
2468 2550 2577 2619 γάρ
2599 2553 2694 2604 καὶ
2728 2554 2999 2622 αἰδέσιμοι
3031 2555 3251 2609 πάντων
3277 2555 3467 2608 ἕνεκεν

1864 2633 2007 2709 ἦσαν
2037 2638 2146 2691 τῶν
2174 2640 2392 2705 ἔξωθεν,
2427 2642 2527 2693 ούκ
2559 2642 2624 2695 ἂν
2651 2643 2853 2708 πάντες
2886 2646 3083 2708 αὐτοὺς
3112 2646 3467 2712 ἐϐδελύξαντο

1864 2731 2059 2801 καινὴν
2087 2732 2365 2786 πολιτείαν
2396 2734 2747 2801 εἰσάγοντας;
2775 2735 2868 2787 νῦν
2893 2736 2949 2788 δὲ
2981 2737 3295 2807 καίέρημοι
3327 2740 3465 2792 πάν-

1862 2819 1971 2871 τῶν
2002 2821 2318 2889 ἐτύγχανον,
2351 2827 2443 2876 καὶ
2476 2825 2625 2888 εἰκὸς
2654 2820 2722 2894 ἦν
2763 2826 3057 2879 κάντεῦθεν
3086 2831 3349 2898 μισητοὺς
3370 2846 3463 2897 γε-

1862 2913 2049 2968 νέσθαι
2084 2915 2234 2985 παρὰ
2267 2917 2400 2967 πᾶσι
2448 2918 2541 2969 καὶ
2581 2920 3112 2987 εὐκαταφρονήτους.
3151 2924 3316 2987 Τίνας
3354 2927 3465 2995 γάρ

1866 3006 2043 3075 βούλει
2076 3008 2253 3059 εἰπεῖν
2280 3027 2292 3071 ;
2344 3008 2632 3071 Ἰουδαίους
2660 3025 2674 3073 ;
2727 3009 2869 3061 Ἀλλ’
2903 3010 3112 3077 ἄφατον
3142 3012 3287 3082 εἰχον
3324 3018 3463 3084 πρὸς

1861 3099 2057 3160 αὐτοὺς
2092 3102 2245 3169 μῖσος
2290 3102 2352 3151 ἐκ
2384 3100 2491 3151 τῶν
2516 3100 2653 3171 πρὸς
2683 3102 2775 3154 τὸν
2805 3101 3126 3155 διδάσκαλον
3158 3107 3463 3175 γεγενημέο

1860 3208 1987 3243 νων.
2032 3190 2171 3241 Ἀλλ’
2212 3191 2519 3258 Ἕλληνας;
2566 3192 2726 3244 Ἀλλά
2759 3197 2852 3245 καὶ
2882 3190 3031 3247 οῦτοι
3071 3196 3171 3247 οὐκ
3201 3196 3461 3250 ἐλάττονα

1860 3279 2084 3331 ἐκείνων
2110 3281 2565 3349 ἀπεστράφησαν,
2591 3281 2686 3332 καὶ
2710 3281 2857 3333 ἴσασι
2886 3282 3061 3335 ταῦτα
3086 3284 3463 3351 μάλισταἜλ-

1858 3364 2038 3433 ληνες.
2078 3365 2305 3417 Πλάτων
2348 3366 2457 3435 γὰρ
2504 3368 2533 3419 ό
2576 3367 2853 3421 πολιτείαν
2893 3369 3017 3422 τινὰ
3059 3375 3461 3443 καινοτομῆσαι

1860 3456 2171 3525 βουληθεὶς,
2203 3458 2403 3527 μᾶλλον
2433 3459 2488 3512 δὲ
2523 3461 2690 3531 μέρος
2712 3461 3004 3527 πολιτείας,
3039 3466 3131 3517 καὶ
3158 3466 3219 3517 ού
3250 3465 3317 3519 τὰ
3348 3465 3459 3521 τῶν

1858 3548 1994 3602 θεῶν
2023 3552 2333 3619 μετατιθεὶς
2365 3553 2591 3622 νόμιμα,
2630 3552 2744 3606 ἀλλ’
2774 3554 2959 3619 ἁπλῶς
2984 3556 3212 3627 πράξεις
3235 3560 3459 3628 εἰσαγα-

1856 3640 1969 3708 γὼν
2007 3643 2205 3711 ἐτέρας
2239 3643 2357 3695 ἀνθ’
2389 3644 2615 3713 ἐτέρων,
2665 3646 3010 3699 ἐκινδύνευσε
3061 3649 3313 3711 Σικελίας
3363 3653 3458 3705 ἐκ·

1856 3734 2039 3785 πεσὼν
2092 3734 2405 3786 ἀποθανεῖν·
2462 3737 2650 3806 ἐπειδὴ
2708 3737 2763 3789 δὲ
2799 3738 2960 3790 τοῦτο
3006 3738 3066 3791 ού
3107 3741 3322 3807 γέγονε,
3356 3745 3457 3813 τῆς

1854 3826 2172 3896 ἐλευθερίας
2215 3826 2472 3890 ἐξέπεσεν
2508 3828 2697 3898 αὐτῆς.
2733 3830 2843 3881 Kal
2869 3831 2916 3881 εἰ
2951 3831 3026 3901 μὴ
3065 3831 3341 3903 βάρϐαρός
3369 3852 3454 3897 τις

1853 3918 1947 3972 τοῦ
1988 3920 2238 3982 Σικελίας
2286 3922 2553 3991 τυράννου
2596 3921 2819 3990 γέγονεν
2870 3923 3241 3995 ἡμερώτερος,
3300 3927 3455 3981 οὐδὲν

1853 4012 2060 4065 ἐκώλυε
2092 4013 2388 4075 διαπαντὸς
2430 4012 2705 4066 δουλεύειν
2746 4014 2837 4067 τὸν
2876 4015 3167 4086 φιλόσοφον
3200 4017 3260 4071 ἐν
3292 4019 3451 4074 ἀλλο-

1850 4105 1999 4175 τρία.
2032 4105 2292 4171 Καίτοιγε
2326 4106 2428 4157 οὐκ
2463 4104 2577 4159 ίσον
2602 4106 2720 4159 ἐστὶ
2747 4106 2818 4160 τὰ
2846 4107 2973 4178 περί
3010 4108 3289 4179 βασιλείας
3327 4128 3452 4165 και-

1849 4200 2120 4269 νοτομεῖν,
2157 4196 2251 4250 καὶ
2280 4196 2348 4249 τὰ
2373 4195 2503 4264 περὶ
2529 4195 2848 4266 θρησκείας*
2874 4198 3033 4253 τοῦτο
3062 4201 3171 4271 γὰρ
3209 4202 3451 4272 μάλιστα

1850 4291 2070 4362 θορυϐεῖ
2094 4292 2189 4344 καὶ
2209 4272 2467 4361 ταράττει
2491 4290 2617 4351 τοὺς
2643 4287 2983 4358 ἀνθρώπους.
3009 4291 3083 4343 Τὸ
3109 4294 3218 4363 γάρ
3248 4297 3448 4363 εἰπεῖν,

1848 4385 1931 4437 ὅτι
1976 4384 2033 4436 '0
2074 4382 2223 4435 δεῖνα
2248 4383 2343 4437 καὶ
2380 4383 2410 4436 ό
2446 4380 2593 4433 δεῖνα
2630 4380 2730 4450 τὴν
2757 4381 2907 4435 δεῖνα
2943 4384 3320 4451 γαμείτωσαν»
3353 4392 3447 4445 καὶ

1847 4475 1909 4526 Ol
1944 4472 2184 4541 φύλακες
2213 4471 2401 4524 τοῦτον
2433 4469 2524 4523 τὸν
2560 4471 2765 4539 τρόπον
2804 4471 3050 4525 ἔστωσαν
3081 4476 3347 4543 φύλακες,
3382 4483 3459 4536 οὗ

1847 4559 2054 4628 σφόδρα
2090 4557 2274 4610 ἰκανὸν
2304 4555 2628 4627 θορυϐῆσαι·
2664 4558 2758 4609 καὶ
2808 4560 3065 4627 μάλιστα,
3107 4563 3238 4616 ὅταν
3268 4567 3326 4620 ἐν
3364 4567 3448 4637 βι-

1845 4652 1979 4722 ϐλίῳ
2062 4649 2235 4703 ταῦτα
2262 4650 2511 4718 κείμενα,
2542 4649 2633 4701 καὶ
2678 4649 2752 4719 μὴ
2796 4651 2966 4721 πολλὴ
3000 4655 3206 4726 σπουδὴ
3236 4658 3334 4711 τοῦ
3354 4677 3443 4714 νο-

1847 4741 2201 4813 μοθετοῦντος
2235 4740 2454 4810 γίνηται
2488 4742 2567 4801 εἰς
2590 4739 2751 4809 ἔργον
2780 4740 2936 4807 ἄγειν
2966 4742 3037 4795 τά
3064 4744 3353 4816 λεγόμενα·
3378 4750 3467 4807 τὸ,

1846 4839 2031 4909 μέντοι
2066 4855 2127 4905 γε
2155 4836 2355 4904 λέγειν,
2385 4836 2468 4888 ὅτι
2496 4837 2593 4887 οὐκ
2625 4834 2731 4887 είσί
2760 4834 2873 4887 θεοὶ
2897 4836 2945 4887 οἰ
2983 4836 3436 4908 θεραπευόμενοι,

1839 4929 1955 4984 ἀλλ’
2005 4929 2087 4982 ὅτι
2144 4927 2398 4997 δαίμονές
2444 4928 2602 4989 εἰσιν,
2645 4927 2727 4978 ὅτι
2769 4928 2797 4978 ὁ
2832 4928 3248 4997 ἐσταυρωμένος
3280 4930 3435 4996 Θεὸς,

1840 5025 1953 5076 ἴστε
1990 5020 2163 5090 πόσην
2194 5018 2398 5088 ἀνῆψεν
2422 5017 2614 5089 ὀργὴν,
2657 5018 2832 5088 πόσην
2872 5019 2939 5072 ἂν
2980 5020 3206 5091 ἐποίησε
3251 5022 3437 5079 δοῦναι

1836 5106 2015 5175 δίκην,
2050 5104 2218 5157 πόσον
2242 5102 2565 5173 ἀνερρίπισε
2592 5102 2852 5172 πόλεμον.

1907 5244 1969 5289 ε’.
1984 5236 2095 5287 Καὶ
2111 5232 2222 5303 γὰρ
2240 5231 2615 5303 Πρωταγόρας
2639 5230 2770 5303 παρ’
2781 5232 2985 5295 αὐτοῖς,
2998 5231 3184 5302 ἐπειδὴ
3204 5233 3433 5301 ἐτόλμη-

1837 5343 1929 5379 σεν
1952 5328 2147 5389 εἰπεῖν,
2163 5326 2244 5378 ὅτι
2260 5326 2362 5377 οὑκ
2378 5321 2511 5377 Οἶδα
2530 5324 2708 5386 θεοὺς,
2729 5324 2791 5376 οὐ
2812 5324 2913 5393 τὴν
2929 5324 3253 5392 οἰκουμένην
3274 5338 3431 5391 περιρ

1838 5418 1931 5469 ιὼν
1947 5418 2044 5470 καὶ
2059 5417 2371 5486 κηρύττων,
2389 5416 2505 5470 ἀλλ’
2523 5418 2582 5469 ἐν
2602 5418 2700 5485 μιᾷ
2718 5415 2890 5479 πόλει,
2913 5414 3165 5483 περὶτῶν
3181 5413 3429 5480 ἐσχάτων

136 5485 511 5559 ὲμσεσληκόσι
541 5492 587 5548 ⁸;
620 5480 784 5573 πάθεν
828 5480 1235 5573 ἐξῆλθε-πίθῧὲ
1399 5485 1733 5558 οἰκουμένην
1832 5480 2204 5561 ἐκινδύνευσε.
2226 5506 2338 5559 Καὶ
2359 5480 2630 5573 Διαγόρας
2712 5480 2999 5573 Μιλήσιος,
3025 5499 3120 5552 καὶ
3150 5497 3429 5571 Θεόδωρος

138 5581 327 5634 πᾶσαν
356 5571 774 5648 παρατάξασθαι
800 5587 816 5637 ;
854 5570 976 5623 Ὀτι
1002 5568 1114 5640 γὰρ
1137 5568 1303 5623 δειλοί
1338 5566 1479 5641 ἦσαν
1510 5574 1604 5627 καὶ
1642 5577 1735 5630 άν-

205 5751 234 5780 ⁸
268 5750 531 5813 chebalur
557 5745 871 5807 ἐμϐεϐηκύσι.

1896 5681 1926 5719 h
1950 5679 2033 5728 Sic
2059 5680 2183 5733 Reg.
2212 5678 2362 5728 bene.
2393 5681 2522 5730 Edili
2545 5686 2712 5729 autem
2756 5679 2955 5740 πατρῷα
2978 5676 3057 5732 ἔθη
3108 5676 3424 5741 μεταίρσν-ιες,

1835 5742 2052 5803 repetita
2076 5752 2195 5790 voce
2221 5742 2318 5797 ξθη.
