4018 6208
337 280 404 333 3⁸1
1406 276 1468 330 ΙΝ
1509 276 1718 333 EPIST.
1757 276 1774 330 Ι
1840 277 1909 331 Ai

2020 275 2131 331 ΟΒ.
2167 277 2394 334 liOMlL.
2439 280 2522 337 Ν.
3549 299 3616 354 58

335 410 440 451 non
467 393 652 448 orbem
681 392 1004 448 circumiens
1035 402 1087 447 et
1110 392 1427 461 praedicans,
1447 393 1540 446 sed
1569 393 1622 447 in
1652 407 1752 447 una
1782 389 1918 446 civi-

335 495 485 552 tate,
533 486 601 540 de
649 485 904 552 eXtreinis
952 472 1279 555 periclitatus
1334 495 1436 540 est.
1485 485 1741 555 Diagoras
1794 501 1923 540 vero

336 577 570 634 Milesius
620 580 729 646 (τι),
771 594 827 632 et
880 578 1196 632 Theodorus
1233 583 1422 632 atbeus
1475 577 1918 647 cognominatus,

336 669 576 736 quamvis
608 669 808 723 amicos
831 669 1090 724 haberent
1113 680 1165 724 et
1189 669 1402 724 dicendi
1426 669 1752 733 facultatem,
1778 678 1832 722 et
1854 685 1920 724 ex

335 763 676 835 philoSOphia
714 765 766 819 in
795 766 1148 826 admiratione
1177 768 1504 822 haberentur
1529 809 1543 831 ,
1573 768 1705 851 nihil
1740 777 1918 822 tamen

330 868 517 906 eorum
548 855 694 922 ipsos
717 856 873 924 juvit.
905 856 972 912 Et
999 873 1220 927 magnus
1250 857 1340 912 ille
1362 857 1632 920 Socrates,
1666 858 1756 928 qui
1778 858 1919 926 apud

332 942 451 998 illos
470 946 804 1016 philosophia
819 965 880 1003 su
889 964 1010 1018 pera
1019 949 1102 1002 bat
1122 965 1331 1015 oumes,
1350 950 1471 1004 ideo
1483 951 1714 1004 cicutam
1728 948 1915 1015 ebibit,

327 1039 471 1105 quod
499 1030 732 1107 suspicio
757 1051 919 1104 esset,
948 1042 1096 1095 illum
1126 1041 1178 1095 in
1209 1041 1294 1106 iis,
1314 1058 1433 1112 qua:
1459 1041 1524 1096 de
1551 1041 1654 1095 diis
1681 1043 1918 1110 scripse-

331 1138 431 1191 rat,
452 1130 649 1199 aliquid
681 1132 989 1187 mutavisse.
1015 1132 1168 1200 Quod
1208 1133 1250 1187 si
1293 1133 1647 1187 innovationis
1682 1133 1918 1201 suSpicio

326 1220 440 1273 sola
466 1230 667 1274 tantum
683 1223 901 1290 periculi
925 1226 1126 1278 creavit
1148 1224 1273 1277 viris
1292 1224 1624 1293 philosophis
1636 1225 1915 1293 etsapicn-

328 1310 469 1363 tibus
492 1353 508 1375 ,
545 1313 634 1381 qui
665 1312 934 1382 ingentem
964 1314 1066 1369 sibi
1094 1325 1411 1384 pepererant
1442 1315 1913 1381 existimatiOnem,

325 1415 379 1457 et
413 1421 517 1458 non
547 1407 705 1462 modo
735 1421 838 1460 non
880 1417 1100 1475 potuere
1143 1407 1284 1475 quod
1327 1408 1578 1462 volebant
1619 1412 1912 1478 perlicere,

325 1498 418 1550 Sed
447 1500 607 1551 etiam
639 1499 736 1566 ipsi
764 1509 815 1552 et
844 1499 948 1552 vita
979 1508 1034 1552 et
1061 1499 1230 1567 patria
1259 1501 1578 1555 exciderunt
1604 1519 1619 1569 ;
1648 1504 1916 1572 quomodo

325 1604 431 1642 non
478 1590 688 1643 miraris
731 1599 784 1643 et
828 1589 1204 1659 obstupescis,
1257 1593 1581 1660 piscatorem
1628 1594 1816 1648 videns
1860 1595 1912 1648 in

324 1684 453 1736 orbe
479 1693 557 1738 tot
579 1693 828 1753 tantaque
859 1695 1180 1754 patrantem,
1215 1703 1333 1757 qua:
1362 1690 1606 1744 studebat
1633 1691 1913 1758 perficien—

325 1787 433 1830 tem
472 1788 525 1831 et
567 1779 821 1833 barbaros
857 1779 1178 1848 Graecosque
1205 1796 1393 1835 omnes
1434 1785 1821 1852 superantem?
1847 1789 1916 1840 At

327 1866 400 1929 hi,
447 1869 675 1937 inquies,
721 1885 824 1923 non
864 1869 995 1924 deos
1033 1871 1240 1924 alienos
1270 1872 1591 1927 inducebant
1631 1878 1770 1930 sicut
1813 1877 1910 1929 illi.

328 1958 440 2013 Hoc
461 1959 631 2028 ipsum
664 1962 893 2014 maxime
925 1962 1167 2016 mirabile
1196 1963 1324 2016 mihi
1350 1965 1485 2018 dicis
1507 2007 1522 2032 ,
1559 1967 1681 2035 quia
1717 1968 1912 2035 duplex

323 2058 442 2103 erat
469 2051 760 2115 innovatio,
791 2061 843 2105 et
867 2053 1008 2122 quod
1028 2068 1122 2108 eos
1149 2056 1235 2124 qui
1273 2067 1397 2110 tunc
1420 2058 1734 2114 colebantur
1760 2063 1914 2116 tolle-

327 2148 446 2194 rent
473 2180 487 2202 ,
518 2149 572 2194 et
600 2140 741 2208 quod
780 2141 1103 2196 Crucitixum
1136 2145 1511 2212 pra‘dicarent.
1545 2147 1818 2204 Undeuam
1846 2153 1910 2205 ad

325 2246 388 2285 ea
441 2232 774 2301 prtedicanda
818 2235 1043 2302 permoti
1088 2238 1249 2289 sunt?
1292 2239 1554 2313 undenam
1606 2243 1802 2296 audent
1847 2244 1913 2297 de

328 2324 432 2381 [ine
457 2340 556 2379 suo
584 2327 902 2381 eontidere?
932 2343 1193 2397 quosnam
1224 2341 1348 2385 ante
1377 2346 1435 2386 se
1476 2332 1716 2386 viderant
1755 2334 1911 2389 talem

326 2430 438 2469 rem
483 2417 615 2486 bene
653 2419 942 2486 gerentes?
981 2434 1158 2474 annon
1207 2436 1394 2474 omnes
1446 2424 1577 2476 deos
1624 2425 1913 2480 colebant?

324 2520 502 2558 annon
529 2522 719 2560 omnes
742 2508 1007 2562 elementa
1035 2509 1085 2562 in
1113 2509 1244 2563 deos
1273 2511 1616 2567 referebant?
1643 2531 1819 2571 annon
1841 2517 1914 2571 di-

326 2610 512 2650 versus
556 2607 671 2651 erat
718 2600 1007 2668 impietatis
1054 2602 1292 2655 modus?
1323 2606 1569 2659 Attamen
1605 2610 1781 2666 onmia
1823 2624 1915 2680 ag-

325 2689 495 2757 gressi
537 2699 681 2754 sunt,
732 2698 786 2744 ct
829 2691 942 2746 lnrc
989 2693 1341 2760 sustulerunt,
1387 2709 1450 2749 ac
1483 2695 1630 2751 brevi
1673 2711 1914 2771 tempore

329 2789 498 2833 totum
528 2780 713 2834 orbem
746 2790 1013 2852 tamquam
1050 2783 1151 2838 alis
1197 2784 1444 2841 instructi
1491 2803 1872 2857 percurreruut
1895 2837 1909 2862 ,

328 2888 432 2925 non
463 2874 693 2943 pericula
722 2886 989 2933 curantes.
1021 2893 1123 2930 non
1147 2871 1369 2943 mortes,
1397 2895 1499 2933 non
1530 2884 1602 2935 rei
1633 2883 1913 2940 difficulta-

329 2974 469 3027 tem,
500 2980 604 3015 non
639 2966 960 3033 paucitatem
986 2982 1226 3030 suorum,
1261 2984 1363 3021 non
1397 2972 1789 3028 multitudinem
1823 2978 1916 3032 ad-

328 3058 676 3124 versamini",
726 3076 830 3112 non
882 3064 1191 3130 potentiam,
1239 3081 1341 3118 non
1389 3068 1702 3136 sapientiam
1737 3072 1914 3129 inimi-

327 3159 533 3202 corum.
570 3149 660 3204 llis
689 3151 886 3222 quippe
932 3155 1180 3211 onmibus
1227 3158 1427 3226 majora
1476 3161 1914 3229 habebantauxi-

329 3237 418 3302 lia,
446 3239 699 3297 Crucilixi
729 3261 920 3314 nempe
950 3248 1037 3316 qui
1068 3262 1432 3316 resurrexcrat
1463 3258 1773 3320 potentiam.
1799 3259 1912 3313 Non

329 3329 398 3382 ita
428 3332 671 3388 mirabile
701 3333 918 3400 fuisset,
957 3339 999 3391 si
1043 3338 1237 3393 bellum
1266 3344 1520 3397 sensibile
1553 3346 1602 3398 in
1635 3357 1799 3402 totum
1827 3366 1915 3406 or-

329 3424 446 3477 bem
472 3426 667 3482 inferre
699 3429 1014 3494 voluissent,
1045 3441 1100 3486 ut
1124 3434 1318 3488 mirum
1340 3445 1424 3490 est
1455 3438 1581 3491 illud
1605 3442 1744 3507 quod
1777 3458 1916 3497 nunc

328 3516 523 3570 factum
552 3531 654 3572 est.
683 3519 816 3574 Nam
849 3522 966 3593 lege
995 3523 1116 3579 belli
1151 3525 1347 3580 licebat
1378 3529 1633 3585 adversus
1665 3533 1913 3590 inimicos

325 3618 488 3675 stare,
508 3620 562 3663 et
587 3614 850 3668 contraria
877 3627 1131 3688 occupata
1162 3619 1399 3688 regione,
1421 3621 1496 3676 sic
1520 3633 1702 3678 contra
1734 3625 1913 3682 hostes

324 3702 492 3756 aciem
522 3703 801 3768 instruere,
827 3718 986 3778 atque
1015 3712 1351 3767 occasionem
1383 3715 1630 3784 accipere
1660 3717 1914 3771 invaden—

324 3794 376 3847 di
423 3803 476 3846 et
519 3811 708 3850 manus
754 3800 1093 3855 conserendi.
1142 3800 1239 3856 Hie
1283 3812 1462 3858 autem
1510 3819 1614 3860 non
1659 3808 1749 3860 ita.
1796 3808 1910 3862 Non

325 3885 468 3938 enim
499 3889 791 3942 exercitum
835 3892 1108 3959 pmprium
1142 3892 1441 3960 habebant,
1486 3896 1579 3952 sed
1620 3915 1738 3953 cum
1784 3900 1911 3969 ipsis

326 3978 556 4031 inimicis
587 3979 842 4047 permixti
873 3992 1043 4047 erant,
1079 3991 1134 4037 et
1161 3984 1238 4038 sie
1277 3984 1394 4041 illos
1422 3987 1724 4054 vincebant,
1752 4000 1912 4060 atque

327 4069 378 4138 in
422 4073 609 4126 mediis
647 4074 877 4130 inimicis
923 4089 1228 4144 versantes,
1271 4081 1486 4137 illorum
1520 4086 1744 4154 impetus
1790 4105 1910 4157 pro-

327 4165 608 4232 pulsabant
629 4178 682 4221 ct
708 4171 1053 4238 superabant,
1083 4183 1243 4244 atque
1266 4174 1544 4232 victoriam
1570 4182 1911 4246 reportabant

323 4254 680 4323 Splendidam,
709 4274 832 4328 quae
861 4261 1196 4330 prophetiam
1226 4265 1481 4335 implebat
1502 4268 1764 4324 dicentem
1794 4291 1805 4325 :
1847 4273 1910 4325 Et

323 4349 742 4405 domiuaberia.in
780 4353 944 4406 medio
974 4356 1294 4410 inimicorum
1337 4368 1537 4414 tuorum
1568 4363 1738 4433 (Psnl.
1787 4366 1906 4421 109.

321 4441 412 4512 2).
441 4442 552 4498 Hoc
576 4445 715 4498 enim
745 4447 975 4502 maxime
1001 4457 1271 4518 stuporem
1297 4451 1586 4520 injicichat,
1618 4458 1758 4524 quod
1787 4475 1906 4512 cum

321 4548 416 4588 eos
460 4541 704 4595 tenerent
751 4538 974 4601 inimici,
1020 4541 1258 4609 atquein
1287 4556 1558 4597 carcerem
1605 4558 1658 4599 et
1699 4552 1906 4605 vincula

319 4626 672 4695 conjicerent,
707 4644 812 4683 non
859 4631 1021 4685 modo
1074 4632 1219 4700 ipsos
1267 4649 1371 4686 non
1418 4649 1766 4704 superarent;
1811 4645 1905 4698 sed

320 4776 441 4824 agro
466 4768 536 4812 est
554 4759 1154 4826 externtinatns,libiiquc
1179 4765 1284 4826 ejus
1316 4766 1364 4815 in
1399 4768 1623 4820 concione
1657 4773 1901 4826 combusti.

417 4837 511 4885 quo
530 4816 754 4898 equidem
775 4816 998 4898 existinw
1021 4816 1261 4897 tardiores
1274 4831 1337 4876 ad
1357 4828 1480 4878 hunc
1497 4816 1781 4898 mentita};
1794 4816 1905 4898 ini}:

321 4882 552 4957 {in-vidum
571 4882 747 4957 mullos
769 4898 870 4935 esse
893 4887 1061 4957 flutas,
1088 4888 1263 4952 quippe
1287 4904 1396 4940 cum
1415 4906 1605 4954 poenam
1627 4907 1687 4944 ne
1716 4882 1907 4950 dubita-

321 4945 600 5012 ‘tioqniltem
622 4949 832 5012 effugere
856 4945 1097 5012 patuisset.

383 4960 600 5006 Iqmaem
622 4960 688 5010 επ
719 5001 727 5011 ,
806 4961 832 4998 e
856 4960 1097 5012 potuisset.

383 5010 456 5069 (α)
477 5003 621 5078 ιξςτρι·
647 4960 1029 5078 esii‘ifiromnibus
1049 5011 1201 5061 Editis
1225 5021 1283 5078 et,
1299 5018 1646 5078 Manuscriptis.
1671 5033 1780 5068 cum
1797 5023 1904 5071 Dia-

319 5068 466 5130 goras
486 5068 658 5143 dicitur
694 5071 932 5143 Milesius,
948 5074 1030 5136 qui
1057 5082 1161 5143 erat
1183 5074 1349 5143 Melius
1369 5077 1476 5143 sive
1500 5068 1564 5126 ei
1583 5068 1739 5143 insula
1763 5068 1900 5143 Melo,

319 5129 374 5180 ut
395 5129 680 5195 testificatur
702 5135 880 5184 Suidas.
906 5129 1035 5184 Alite
1058 5135 1190 5186 illum
1217 5136 1386 5186 Cicero
1407 5139 1600 5189 dixerat
1624 5141 1656 5188 l.
1686 5144 1706 5191 t
1727 5129 1797 5193 de
1812 5129 1902 5195 K51

318 5200 426 5264 tura
449 5192 672 5264 deorum,
697 5206 741 5241 c.
770 5196 788 5241 t
826 5209 838 5242 :
863 5196 1024 5264 Nullqs
1047 5211 1148 5249 esse
1171 5197 1360 5250 omnino
1386 5199 1518 5264 (legs,
1552 5192 1786 5264 Diagoras
1803 5192 1900 5257 aie-

318 5254 412 5326 (ius
423 5261 480 5327 et.
497 5252 769 5327 Titianum;
786 5259 1080 5327 Cyrenaicus
1105 5268 1404 5327 putaverunt.
1433 5252 1550 5327 Cum
1577 5252 1709 5327 ergo?
1735 5252 1898 5317 atauu-

317 5318 482 5379 scripti
497 5323 550 5393 et
561 5314 685 5386 Editi
707 5314 886 5393 omnes
899 5314 1501 5393 .ugesiushabeantmrror
1516 5314 1723 5393 fortasse
1749 5314 1898 5393 ciu}-

319 5376 693 5453 sostb'rn'ifuet'it.
717 5377 840 5453 Haec
856 5379 920 5453 de
944 5381 1171 5453 Diagora.
1198 5384 1276 5433 De
1298 5376 1528 5453 sequenti
1556 5376 1899 5453 veroqua'st'io

321 5398 513 5427 munt
529 5398 693 5427 luunt.
719 5398 836 5426 nam;
856 5398 920 5428 ue
944 5398 1032 5432 ma
1071 5398 1171 5433 ora.
1198 5398 1276 5433 ue
1298 5398 1528 5446 sequenti
1556 5400 1673 5436 vero
1694 5398 1899 5453 qua'stio

321 5449 418 5518 est.
439 5440 561 5490 Βωιί
579 5453 758 5518 omnes
1037 5398 1235 5518 ἕλωρ-ι,
1251 5448 1423 5518 Regius
1443 5461 1560 5518 vero
1579 5449 1744 5518 Cede}
1761 5452 1899 5504 Theo-

316 5501 485 5577 dgnis:
513 5503 589 5550 cui
635 5503 763 5575 favet
787 5501 924 5577 locus
944 5504 1119 5557 allatus
1155 5501 1418 5577 Ciceronis,
1446 5511 1528 5571 qui
1553 5524 1660 5577 cum
1686 5501 1896 5577 Diagora

311 5563 616 5638 Theodorum
637 5566 908 5638 conjunxit,
936 5575 987 5617 et
1005 5577 1264 5634 utrumque
1292 5563 1448 5620 nullos
1463 5563 1592 5638 esse
1598 5574 1731 5638 deos
1756 5563 1894 5638 puta:

317 5627 444 5672 visse
467 5625 610 5673 dixit.
636 5626 719 5689 lttc
732 5625 906 5676 iuncus
931 5639 1131 5679 vocatus
1157 5625 1233 5682 e'st
1256 5641 1386 5684 tes‘te
1410 5634 1567 5682 Suida.
1598 5634 1673 5683 De
1697 5625 1893 5689 Socrate

319 5694 482 5746 postea
506 5689 607 5748 agit
638 5687 1015 5763 Qhrysostomus.
1058 5691 1148 5741 llle
1173 5699 1377 5746 cicutam
1404 5697 1575 5746 bibere
1591 5699 1756 5760 jussus
1780 5687 1887 5763 est,

312 5759 421 5810 qua!
442 5761 526 5798 res
548 5751 759 5798 omnium
779 5764 864 5800 ore
884 5752 1055 5806 lertur.

644 5833 916 5894 t’naOL.
962 5836 1077 5897 Gn.
1131 5837 1287 5902 LXI.

2034 402 2214 461 postea
2260 404 2385 452 ante
2433 397 2556 472 illos
2604 403 3061 474 procumberent,
3117 408 3442 480 ﬂagellantes
3492 427 3619 472 ante

2031 483 2366 554 flagellatos,
2415 491 2710 546 vincientes
2757 509 2882 550 ante
2935 498 3180 563 vinctos,
3237 517 3618 573 persequentes

2026 585 2151 629 ante
2183 577 2385 643 pulsos.
2418 579 2542 635 [huc
2580 597 2740 650 porro
2784 587 2959 642 omnia
3005 589 3205 646 Grtecis
3231 594 3479 661 dicimus,
3509 599 3618 652 imo

2027 665 2110 720 his
2159 670 2346 737 plura;
2397 688 2586 742 magna
2627 676 2823 747 quippe
2865 689 2949 734 est
2995 685 3230 740 veritatis
3272 688 3510 747 ubertas.
3557 692 3614 747 Si

2025 757 2166 811 enim
2197 775 2572 830 argumentum
2599 771 2916 837 sequamini,
2951 789 3139 829 omnes
3173 792 3266 832 vos
3301 780 3617 839 docebimus

2025 850 2280 906 adversus
2323 854 2443 910 illos
2473 863 2949 918 concertationem.
2982 867 3196 922 Interim
3223 887 3349 927 vero
3389 874 3474 930 hic
3508 878 3615 932 duo

2023 955 2408 999 conservemus
2437 951 2609 1016 capita
2640 969 2652 1004 :
2677 956 2947 1022 quomodo
2971 957 3165 1014 intirmi
3196 961 3363 1021 fortes
3392 981 3616 1037 supera-

2022 1032 2167 1098 rint;
2197 1044 2248 1088 et
2275 1040 2545 1104 quomodo
2576 1041 2705 1109 ipsis
2733 1046 2968 1100 venisset
2997 1048 3046 1101 in
3080 1062 3314 1108 mentem
3337 1071 3457 1110 cum
3484 1062 3615 1115 tales

2023 1137 2205 1180 essent
2237 1128 2359 1182 talia
2383 1131 2606 1186 consilia
2636 1138 2938 1205 suscipere,
2971 1141 3070 1195 nisi
3095 1145 3275 1199 divino
3304 1150 3452 1217 potiti
3479 1151 3613 1207 fuis-

2021 1226 2140 1270 sent
2168 1220 2389 1274 auxilio.

2093 1308 2145 1362 6.
2173 1310 2237 1363 Et
2259 1323 2438 1367 nostra
2463 1316 2676 1385 quidem
2707 1319 2986 1376 hactenus.
3020 1324 3127 1380 Nos
3150 1338 3328 1383 autem
3357 1334 3612 1396 operibus

2021 1397 2182 1453 vitam
2233 1414 2380 1458 recte
2426 1421 2697 1474 geramus,
2746 1420 2799 1464 et
2847 1415 3122 1482 copiosum
3173 1420 3382 1476 virtutis
3432 1425 3606 1494 ignem

2019 1491 2402 1549 accendamus.
2436 1496 2741 1554 Luminaria
2773 1503 2914 1556 enim
2946 1507 3097 1567 estis,
3133 1508 3323 1578 inquit,
3356 1512 3406 1566 in
3436 1518 3612 1570 medio

2020 1580 2202 1633 mundi
2229 1581 2493 1653 fulgentes
2519 1588 2777 1661 (Philipp.
2807 1593 2861 1646 2.
2891 1596 2978 1666 15)
3009 1614 3021 1650 :
3050 1608 3102 1651 et
3123 1600 3344 1670 singulis
3371 1616 3608 1661 nostrum

2020 1671 2278 1738 majorem
2325 1674 2474 1736 Deus
2519 1679 2668 1734 dedit
2715 1699 2904 1747 usum,
2949 1704 3106 1756 quam
3160 1688 3299 1759 seti;
3348 1698 3607 1764 majorem

2020 1778 2178 1831 quam
2231 1766 2364 1819 creto
2419 1779 2472 1823 et
2520 1778 2679 1825 terra:
2723 1783 2777 1827 et
2828 1778 2983 1841 mari,
3037 1790 3089 1832 et
3133 1791 3280 1835 tanto
3329 1787 3606 1854 majorem,

2020 1865 2218 1921 quanto
2253 1858 2549 1926 spiritualia
2579 1863 2916 1919 sensibilibus
2951 1872 3282 1942 pratceljunt.
3317 1873 3450 1930 Cum
3477 1895 3607 1949 ergo

2019 1945 2148 1997 solis
2174 1946 2431 2002 circulum
2461 1953 2822 2020 conspicimus
2845 1959 3392 2032 et'pnlchritndinem,
3412 1984 3608 2040 corpus

2019 2046 2073 2088 et
2103 2039 2445 2104 Splendorem
2476 2045 2606 2096 astri
2636 2045 2996 2115 admiranmr,
3029 2055 3325 2123 Cogitemus
3353 2063 3608 2128 majorem

2019 2139 2074 2181 et
2102 2132 2378 2186 meliorem
2406 2137 2454 2188 in
2480 2139 2634 2191 nobis
2666 2155 2786 2193 esse
2819 2142 3022 2210 lucem;
3054 2160 3108 2198 ut
3143 2151 3302 2203 etiam
3335 2155 3610 2220 graviores

2021 2224 2288 2285 tenebras,
2330 2229 2428 2280 nisi
2456 2231 2796 2288 attendamus
2822 2251 2833 2285 :
2862 2252 2981 2289 nam
3016 2253 3118 2292 nox
3149 2242 3408 2310 profunda
3438 2256 3606 2302 totum

2020 2316 2204 2368 urbem
2236 2331 2483 2387 occmiat.
2533 2323 2679 2378 llauc
2710 2327 2871 2394 igitur
2901 2341 3204 2386 evertatnus
3231 2345 3286 2389 et
3313 2338 3604 2395 solvamus.

2018 2405 2130 2461 Nox
2162 2425 2264 2462 non
2291 2411 2341 2464 in
2370 2412 2636 2469 haereticis
2667 2428 2718 2471 et
2750 2419 2950 2476 Gl’tUCiS
2983 2432 3204 2490 tantum,
3239 2429 3330 2482 sed
3362 2430 3520 2485 etiam
3557 2437 3607 2488 in

2021 2500 2198 2554 tnultis
2227 2504 2314 2572 qui
2347 2506 2623 2569 nobiscum
2657 2520 2800 2574 sunt,
2839 2523 2942 2566 tam
2975 2515 3024 2568 in
3056 2517 3414 2588 dogmatibus,
3443 2543 3602 2594 quam

2022 2590 2072 2643 in
2102 2592 2226 2645 vita.
2261 2593 2407 2648 Multi
2436 2597 2576 2649 enim
2620 2605 2998 2657 resurrectioni
3028 2622 3132 2660 non
3163 2610 3425 2678 credunt,
3457 2619 3610 2670 multi

2018 2684 2357 2752 genethliaca
2399 2693 2661 2743 sententia
2693 2708 2750 2747 se
2779 2697 3054 2763 numinnt;
3093 2702 3180 2753 alii
3221 2703 3612 2763 observationi-

2020 2773 2119 2828 bus
2163 2776 2418 2841 student,
2474 2796 2678 2835 uecnon
2728 2786 3233 2857 vaticinationibus,
3284 2800 3519 2865 auguriis
3559 2811 3614 2855 ct

2019 2865 2278 2935 symbolis
2303 2886 2316 2931 ;
2341 2870 2429 2922 alii
2455 2871 2795 2945 ligaminibus
2819 2889 2870 2930 et
2897 2880 3341 2941 ineantationilnts
3368 2901 3609 2948 tttUntut'.

2022 2960 2088 3010 At
2119 2957 2377 3013 adversus
2407 2963 2527 3015 illos
2558 2965 2716 3018 etiam
2752 2983 2933 3034 postea
2962 2971 3150 3026 dicturi
3183 2990 3370 3031 sumus
3395 3022 3409 3044 ,
3460 2997 3610 3051 post-

2019 3064 2176 3114 quam
2206 3066 2510 3107 sermonem
2551 3069 2733 3112 contra
2765 3060 2981 3116 Grtecos
3007 3064 3395 3125 abstilverimus
3428 3092 3439 3126 :
3473 3075 3613 3131 inte-

2019 3141 2116 3194 rim
2152 3158 2282 3197 vero
2312 3146 2401 3199 illa
2431 3164 2550 3218 qua:
2577 3151 2717 3205 dicta
2749 3164 2875 3208 sant
2907 3159 3135 3214 retinete
3159 3202 3174 3225 ,
3209 3172 3264 3216 et
3292 3181 3498 3221 mecum
3544 3173 3610 3226 ad

2021 3248 2246 3301 pugnam
2278 3238 2548 3306 accedite,
2603 3258 2698 3309 per
2743 3245 2862 3298 vita:
2910 3247 3209 3307 institutum
3254 3256 3373 3311 illos
3417 3261 3480 3313 ad
3515 3278 3613 3316 nos

2019 3329 2352 3383 attrahentes
2381 3340 2435 3384 et
2466 3334 2869 3392 transferentes.
2910 3339 3162 3409 Etenim,
3210 3353 3351 3416 quod
3397 3368 3611 3422 semper

2018 3415 2158 3481 dico,
2189 3434 2311 3473 eum
2337 3423 2424 3490 qui
2457 3423 2846 3495 philosophiam
2877 3431 3053 3501 docet,
3083 3415 3294 3504 oportet
3326 3443 3495 3509 primo
3516 3415 3614 3513 per

2017 3509 2252 3577 seipsum
2281 3511 2382 3566 hoc
2411 3513 2608 3571 docere
2633 3559 2647 3583 ,
2683 3528 2737 3574 et
2763 3523 3098 3580 auditoribus
3125 3544 3242 3585 esse
3282 3533 3611 3593 desiderabi-

2017 3600 2141 3654 lem.

2091 3695 2356 3760 Quomodo
2407 3699 2571 3754 Graeci
2615 3701 2678 3756 de
2729 3705 2832 3772 ﬁde
2864 3718 2981 3761 sunt
3021 3712 3296 3768 imbuendi.
3322 3747 3391 3758 —-
3419 3718 3600 3778 Simus

2017 3801 2143 3854 ergo
2172 3787 2578 3856 desiderabiles,
2627 3803 2681 3849 et
2722 3796 3033 3854 Graecorum
3078 3805 3231 3859 nobis
3279 3807 3608 3868 benevolen-

2020 3878 2142 3931 tiam
2175 3882 2526 3935 attrahamus.
2577 3886 2692 3940 Erit
2745 3897 2924 3944 autem
2965 3892 3097 3947 illud
3119 3936 3133 3958 ,
3169 3898 3212 3950 si
3242 3903 3411 3967 parati
3442 3905 3610 3961 simus

2017 3985 2122 4023 non
2165 3972 2338 4026 Solum
2377 3974 2444 4027 ad
2491 3976 2630 4031 bene
2679 3978 2980 4037 faciendum
3007 4026 3021 4050 ,
3066 3987 3162 4041 sed
3190 3991 3349 4044 etiam
3381 3994 3447 4047 ad
3471 3999 3611 4053 male

2017 4060 2346 4130 patiendum.
2394 4065 2509 4119 Non
2543 4069 2786 4125 videmus
2815 4071 3078 4140 infantes,
3124 4082 3337 4148 quando
3362 4100 3390 4137 a
3419 4102 3612 4155 paren-

2018 4153 2158 4207 tibus
2188 4156 2400 4224 gestati,
2428 4160 2700 4226 quomodo
2725 4162 2894 4233 plagis
2919 4170 3180 4233 portantis
3201 4186 3260 4225 se
3289 4153 3453 4240 genas
3486 4195 3612 4234 ver-

2016 4244 2225 4311 berent,
2260 4255 2312 4301 et
2341 4264 2499 4316 quant
2527 4250 2756 4307 libenter
2785 4257 3044 4309 concedat
3073 4270 3223 4325 pater
3251 4260 3360 4316 [ilio
3391 4274 3447 4320 ut
3473 4267 3609 4325 iram

2016 4338 2262 4407 expleat,
2305 4350 2360 4394 et
2407 4343 2622 4411 quando
2649 4345 2792 4400 videt
2825 4348 2955 4400 iram
2988 4350 3326 4421 explevisse,
3358 4358 3568 4417 laetetur
3585 4367 3613 4431 ’ξ

2015 4428 2086 4484 Ita
2114 4441 2167 4485 et
2196 4449 2292 4486 nos
2330 4434 2608 4503 faciamus,
2640 4447 2695 4492 et
2733 4441 3183 4509 quemadmodum
3219 4460 3396 4517 patres
3435 4454 3602 4522 filios,

2016 4525 2093 4579 sic
2135 4523 2349 4581 Grtecos
2389 4529 2744 4598 alloquamur.
2791 4533 3026 4591 Infantes
3055 4539 3251 4610 quippe
3281 4555 3405 4599 sunt
3431 4546 3605 4605 Graeci

2012 4631 2199 4671 omnes
2231 4637 2243 4672 :
2277 4629 2331 4672 et
2354 4621 2568 4687 quidam
2611 4625 2752 4692 apud
2796 4627 2919 4682 illos
2968 4628 3085 4685 haec
3126 4633 3409 4704 dixerunt,
3461 4651 3605 4708 quod

2017 4724 2223 4776 semper
2251 4712 2402 4778 pueri
2429 4713 2556 4776 sint,
2590 4725 2643 4767 et
2676 4718 2856 4773 nullus
2882 4721 2951 4774 sit
2981 4737 3144 4776 senex
3169 4723 3408 4782 Graecus.
3442 4730 3602 4788 Pueri

2012 4809 2186 4855 autem
2218 4802 2284 4855 de
2315 4818 2371 4857 re
2403 4805 2518 4857 utili
2551 4808 2695 4861 nulla
2723 4822 2932 4864 curant.
2961 4812 3049 4866 Sic
3079 4817 3241 4871 etiam
3271 4818 3441 4875 Grzeci
3470 4840 3616 4881 sem—

2015 4908 2109 4961 per
2137 4894 2320 4949 ludere
2354 4898 2560 4965 volunt,
2615 4912 2667 4955 et
2695 4903 2839 4955 humi
2866 4904 3051 4972 jaceut
3085 4918 3285 4979 ct'qua:
3313 4913 3456 4969 humi
3480 4931 3606 4975 sunt

2010 4986 2277 5042 atl'ectant.
2328 4989 2486 5044 Pueri
2513 5001 2693 5045 autem
2718 5008 2881 5061 smpc,
2914 5011 3034 5051 cmn
3067 4999 3136 5055 de
3164 5005 3321 5058 rebus
3354 5022 3603 5063 necessa-

2011 5080 2104 5134 riis
2149 5080 2432 5148 loquimur,
2465 5082 2729 5138 dictorum
2769 5087 2898 5142 nihil
2937 5092 3203 5158 sentiunt,
3248 5095 3343 5149 sed
3388 5114 3603 5170 semper

2011 5172 2205 5226 rident.
2262 5171 2336 5226 ita
2378 5173 2536 5226 ctiam
2567 5174 2761 5244 Grmci,
2803 5197 2923 5234 cum
2956 5183 3023 5236 de
3055 5200 3220 5253 regno
3246 5187 3563 5250 disserimus
3585 5238 3600 5259 ,

2010 5262 2184 5317 rident
2215 5279 2227 5316 :
2258 5275 2311 5316 et
2338 5264 2472 5318 sicut
2519 5282 2582 5321 ex
2635 5286 2726 5325 ore
2769 5275 3109 5341 parvulorum
3138 5295 3283 5348 δαέρα
3316 5284 3481 5337 multa
3508 5286 3600 5341 de-

2007 5356 2216 5410 cidente
2242 5358 2428 5423 saliva,
2449 5359 2602 5414 cibus
2623 5371 2675 5416 ct
2705 5375 2857 5432 potus
2887 5368 3195 5436 inquinatur
3220 5391 3232 5425 :
3259 5374 3336 5428 sic
3357 5385 3412 5430 et
3440 5379 3599 5432 verba

2006 5464 2070 5503 ex
2102 5463 2197 5504 ore
2225 5448 2536 5508 GfiDCOI‘Ul‘tl
2579 5455 2820 5522 ﬂuentia,
2873 5475 3002 5514 vana
3029 5476 3154 5517 sunt
3183 5476 3236 5519 ct
3269 5471 3510 5538 impura;
3545 5484 3597 5528 ct

2005 5543 2050 5596 si
2089 5543 2446 5600 necessarium
2477 5548 2688 5604 dederis
2717 5539 2892 5606 cibum
2916 5595 2931 5621 ,
2964 5559 3264 5626 prmbentcs
3297 5564 3597 5622 maledictis

2008 5636 2280 5690 incessunt
2326 5648 2378 5692 et
2429 5641 2554 5695 ferri
2593 5642 2806 5699 debent.
2851 5647 3004 5704 Pueri
3032 5666 3246 5723 quoque
3272 5672 3395 5711 cum
3427 5657 3593 5712 furem

2007 5732 2186 5788 vident
2234 5732 2562 5805 ingressum,
2615 5743 2668 5793 ct
2712 5752 2832 5808 qua:
2871 5748 3016 5801 intus
3068 5757 3191 5800 sunt
3239 5751 3593 5821 auferentem,

3207 5855 3251 5908 ὅ
