  <div class='ocr_page' id='page_1' title='image "/cluster/home/n/w/nwhite01/storage/ocr_20150623/61/nnc1.0022379681/050.png"; bbox 0 0 4018 6208; ppageno 0'>
   <div class='ocr_carea' id='block_1_1' title="bbox 165 327 3455 420">
    <p class='ocr_par' dir='ltr' id='par_1_1' title="bbox 165 327 3455 420">
     <span class='ocr_line' id='line_1_1' title="bbox 165 327 3455 420; baseline -0.005 0"><span class='ocrx_word' id='word_1_1' title='bbox 165 365 224 420; x_wconf 77' lang='lat' dir='ltr'><strong>tt</strong></span> <span class='ocrx_word' id='word_1_2' title='bbox 1230 352 1297 408; x_wconf 76' lang='grc' dir='ltr'><strong>[Ν</strong></span> <span class='ocrx_word' id='word_1_3' title='bbox 1338 350 1550 407; x_wconf 81' lang='lat' dir='ltr'><strong>EPIST.</strong></span> <span class='ocrx_word' id='word_1_4' title='bbox 1594 351 1611 404; x_wconf 99' lang='lat'><strong><em>|</em></strong></span> <span class='ocrx_word' id='word_1_5' title='bbox 1678 350 1767 404; x_wconf 76' lang='lat' dir='ltr'><strong>At)</strong></span> <span class='ocrx_word' id='word_1_6' title='bbox 1804 349 1962 405; x_wconf 84' lang='lat' dir='ltr'><strong>con.</strong></span> <span class='ocrx_word' id='word_1_7' title='bbox 2004 350 2233 407; x_wconf 68' lang='lat' dir='ltr'><strong>nouit.</strong></span> <span class='ocrx_word' id='word_1_8' title='bbox 2282 355 2341 407; x_wconf 83' lang='grc' dir='ltr'><strong>ν.</strong></span> <span class='ocrx_word' id='word_1_9' title='bbox 3375 327 3455 419; x_wconf 63' lang='grc' dir='ltr'><strong>’με</strong></span> 
     </span>
    </p>
   </div>
   <div class='ocr_carea' id='block_1_2' title="bbox 161 471 1749 552">
    <p class='ocr_par' dir='ltr' id='par_1_2' title="bbox 161 471 1749 552">
     <span class='ocr_line' id='line_1_2' title="bbox 161 471 1749 552; baseline -0.011 -11"><span class='ocrx_word' id='word_1_10' title='bbox 161 503 284 541; x_wconf 79' lang='lat' dir='ltr'><strong>caro</strong></span> <span class='ocrx_word' id='word_1_11' title='bbox 326 486 381 539; x_wconf 80' lang='lat' dir='ltr'><strong>in</strong></span> <span class='ocrx_word' id='word_1_12' title='bbox 430 492 698 552; x_wconf 73' lang='lat' dir='ltr'><strong>conspectu</strong></span> <span class='ocrx_word' id='word_1_13' title='bbox 746 476 861 533; x_wconf 78' lang='lat' dir='ltr'><strong>Dei.</strong></span> <span class='ocrx_word' id='word_1_14' title='bbox 892 475 1082 533; x_wconf 83' lang='lat' dir='ltr'><strong>Omnia</strong></span> <span class='ocrx_word' id='word_1_15' title='bbox 1110 476 1254 530; x_wconf 90' lang='lat' dir='ltr'><strong>enim</strong></span> <span class='ocrx_word' id='word_1_16' title='bbox 1286 475 1424 528; x_wconf 85' lang='lat' dir='ltr'><strong>Deus</strong></span> <span class='ocrx_word' id='word_1_17' title='bbox 1453 473 1572 527; x_wconf 91' lang='lat' dir='ltr'><strong>ideo</strong></span> <span class='ocrx_word' id='word_1_18' title='bbox 1602 471 1749 535; x_wconf 80' lang='lat' dir='ltr'><strong>facit,</strong></span> 
     </span>
    </p>
   </div>
   <div class='ocr_carea' id='block_1_3' title="bbox 160 566 1751 651">
    <p class='ocr_par' dir='ltr' id='par_1_3' title="bbox 160 566 1751 651">
     <span class='ocr_line' id='line_1_3' title="bbox 160 566 1751 651; baseline -0.007 -22"><span class='ocrx_word' id='word_1_19' title='bbox 160 583 241 651; x_wconf 75' lang='grc' dir='ltr'><strong>(ιι)</strong></span> <span class='ocrx_word' id='word_1_20' title='bbox 275 578 358 651; x_wconf 81' lang='grc' dir='ltr'>[ιιι</span> <span class='ocrx_word' id='word_1_21' title='bbox 382 575 686 647; x_wconf 87' lang='lat' dir='ltr'><strong>superbiam</strong></span> <span class='ocrx_word' id='word_1_22' title='bbox 732 582 788 628; x_wconf 91' lang='lat' dir='ltr'><strong>et</strong></span> <span class='ocrx_word' id='word_1_23' title='bbox 833 582 1191 640; x_wconf 81' lang='lat' dir='ltr'><strong>arrogantiam</strong></span> <span class='ocrx_word' id='word_1_24' title='bbox 1242 568 1533 635; x_wconf 89' lang='lat' dir='ltr'><strong>reprimat,</strong></span> <span class='ocrx_word' id='word_1_25' title='bbox 1568 576 1625 619; x_wconf 91' lang='lat' dir='ltr'><strong>ut</strong></span> <span class='ocrx_word' id='word_1_26' title='bbox 1665 566 1751 634; x_wconf 85' lang='lat' dir='ltr'><strong>ja-</strong></span> 
     </span>
    </p>
   </div>
   <div class='ocr_carea' id='block_1_4' title="bbox 155 657 1739 727">
    <p class='ocr_par' dir='ltr' id='par_1_4' title="bbox 155 657 1739 727">
     <span class='ocr_line' id='line_1_4' title="bbox 155 657 1739 727; baseline -0.011 0"><span class='ocrx_word' id='word_1_27' title='bbox 155 673 450 727; x_wconf 82' lang='lat' dir='ltr'><strong>ctationem</strong></span> <span class='ocrx_word' id='word_1_28' title='bbox 506 667 657 719; x_wconf 90' lang='lat' dir='ltr'><strong>tollat</strong></span> <span class='ocrx_word' id='word_1_29' title='bbox 688 683 701 718; x_wconf 87' lang='lat'><strong>:</strong></span> <span class='ocrx_word' id='word_1_30' title='bbox 728 674 784 718; x_wconf 91' lang='lat' dir='ltr'><strong>et</strong></span> <span class='ocrx_word' id='word_1_31' title='bbox 830 676 925 717; x_wconf 84' lang='lat' dir='ltr'><strong>vos</strong></span> <span class='ocrx_word' id='word_1_32' title='bbox 970 663 1020 714; x_wconf 93' lang='lat' dir='ltr'><strong>in</strong></span> <span class='ocrx_word' id='word_1_33' title='bbox 1066 660 1167 713; x_wconf 88' lang='lat' dir='ltr'><strong>hoc</strong></span> <span class='ocrx_word' id='word_1_34' title='bbox 1215 658 1504 727; x_wconf 81' lang='lat' dir='ltr'><strong>perstatis?</strong></span> <span class='ocrx_word' id='word_1_35' title='bbox 1549 657 1739 711; x_wconf 85' lang='lat' dir='ltr'><strong>Omnia</strong></span> 
     </span>
    </p>
   </div>
   <div class='ocr_carea' id='block_1_5' title="bbox 172 748 1750 831">
    <p class='ocr_par' dir='ltr' id='par_1_5' title="bbox 172 748 1750 831">
     <span class='ocr_line' id='line_1_5' title="bbox 172 748 1750 831; baseline -0.01 -15"><span class='ocrx_word' id='word_1_36' title='bbox 172 758 343 831; x_wconf 74' lang='lat' dir='ltr'><strong>facit],</strong></span> <span class='ocrx_word' id='word_1_37' title='bbox 379 768 436 812; x_wconf 89' lang='lat' dir='ltr'><strong>ut</strong></span> <span class='ocrx_word' id='word_1_38' title='bbox 472 757 608 811; x_wconf 86' lang='lat' dir='ltr'><strong>nihil</strong></span> <span class='ocrx_word' id='word_1_39' title='bbox 650 755 808 809; x_wconf 88' lang='lat' dir='ltr'><strong>nobis</strong></span> <span class='ocrx_word' id='word_1_40' title='bbox 834 754 1179 822; x_wconf 89' lang='lat' dir='ltr'><strong>imputemus,</strong></span> <span class='ocrx_word' id='word_1_41' title='bbox 1225 760 1282 803; x_wconf 93' lang='lat' dir='ltr'><strong>ut</strong></span> <span class='ocrx_word' id='word_1_42' title='bbox 1311 750 1486 802; x_wconf 82' lang='lat' dir='ltr'><strong>omnia</strong></span> <span class='ocrx_word' id='word_1_43' title='bbox 1519 749 1627 803; x_wconf 90' lang='lat' dir='ltr'><strong>Deo</strong></span> <span class='ocrx_word' id='word_1_44' title='bbox 1652 748 1750 801; x_wconf 87' lang='lat' dir='ltr'><strong>ad-</strong></span> 
     </span>
    </p>
   </div>
   <div class='ocr_carea' id='block_1_6' title="bbox 157 838 1752 905">
    <p class='ocr_par' dir='ltr' id='par_1_6' title="bbox 157 838 1752 905">
     <span class='ocr_line' id='line_1_6' title="bbox 157 838 1752 905; baseline -0.009 0"><span class='ocrx_word' id='word_1_45' title='bbox 157 852 457 905; x_wconf 88' lang='lat' dir='ltr'><strong>seribamus</strong></span> <span class='ocrx_word' id='word_1_46' title='bbox 491 865 504 901; x_wconf 90' lang='lat'><strong>:</strong></span> <span class='ocrx_word' id='word_1_47' title='bbox 533 856 588 901; x_wconf 91' lang='lat' dir='ltr'><strong>et</strong></span> <span class='ocrx_word' id='word_1_48' title='bbox 634 861 731 899; x_wconf 89' lang='lat' dir='ltr'><strong>vos</strong></span> <span class='ocrx_word' id='word_1_49' title='bbox 777 844 899 898; x_wconf 82' lang='lat' dir='ltr'><strong>huic</strong></span> <span class='ocrx_word' id='word_1_50' title='bbox 945 852 1000 896; x_wconf 93' lang='lat' dir='ltr'><strong>ct</strong></span> <span class='ocrx_word' id='word_1_51' title='bbox 1049 842 1121 895; x_wconf 88' lang='lat' dir='ltr'><strong>illi</strong></span> <span class='ocrx_word' id='word_1_52' title='bbox 1172 856 1267 893; x_wconf 91' lang='lat' dir='ltr'><strong>vos</strong></span> <span class='ocrx_word' id='word_1_53' title='bbox 1315 839 1640 893; x_wconf 80' lang='lat' dir='ltr'><strong>addixistis?</strong></span> <span class='ocrx_word' id='word_1_54' title='bbox 1686 838 1752 891; x_wconf 85' lang='lat' dir='ltr'><strong>Et</strong></span> 
     </span>
    </p>
   </div>
   <div class='ocr_carea' id='block_1_7' title="bbox 154 930 1747 1012">
    <p class='ocr_par' dir='ltr' id='par_1_7' title="bbox 154 930 1747 1012">
     <span class='ocr_line' id='line_1_7' title="bbox 154 930 1747 1012; baseline -0.008 -17"><span class='ocrx_word' id='word_1_55' title='bbox 154 957 317 1012; x_wconf 86' lang='lat' dir='ltr'><strong>quam</strong></span> <span class='ocrx_word' id='word_1_56' title='bbox 345 940 555 994; x_wconf 85' lang='lat' dir='ltr'><strong>veniam</strong></span> <span class='ocrx_word' id='word_1_57' title='bbox 582 935 1010 1006; x_wconf 83' lang='lat' dir='ltr'><strong>consequimini?</strong></span> <span class='ocrx_word' id='word_1_58' title='bbox 1036 933 1166 988; x_wconf 85' lang='lat' dir='ltr'><strong>Nam</strong></span> <span class='ocrx_word' id='word_1_59' title='bbox 1197 932 1433 987; x_wconf 91' lang='lat' dir='ltr'><strong>ostendit</strong></span> <span class='ocrx_word' id='word_1_60' title='bbox 1461 932 1600 985; x_wconf 86' lang='lat' dir='ltr'><strong>Deus</strong></span> <span class='ocrx_word' id='word_1_61' title='bbox 1633 930 1747 986; x_wconf 85' lang='lat' dir='ltr'><strong>lieri</strong></span> 
     </span>
    </p>
   </div>
   <div class='ocr_carea' id='block_1_8' title="bbox 155 1024 1735 1104">
    <p class='ocr_par' dir='ltr' id='par_1_8' title="bbox 155 1024 1735 1104">
     <span class='ocr_line' id='line_1_8' title="bbox 155 1024 1735 1104; baseline -0.006 -17"><span class='ocrx_word' id='word_1_62' title='bbox 155 1050 263 1087; x_wconf 88' lang='lat' dir='ltr'><strong>non</strong></span> <span class='ocrx_word' id='word_1_63' title='bbox 313 1046 472 1104; x_wconf 80' lang='lat' dir='ltr'><strong>posse</strong></span> <span class='ocrx_word' id='word_1_64' title='bbox 511 1040 566 1083; x_wconf 91' lang='lat' dir='ltr'><strong>ut</strong></span> <span class='ocrx_word' id='word_1_65' title='bbox 602 1038 782 1083; x_wconf 76' lang='lat' dir='ltr'><strong>thstra</strong></span> <span class='ocrx_word' id='word_1_66' title='bbox 829 1028 1000 1081; x_wconf 90' lang='lat' dir='ltr'><strong>solum</strong></span> <span class='ocrx_word' id='word_1_67' title='bbox 1042 1040 1201 1093; x_wconf 89' lang='lat' dir='ltr'><strong>opera</strong></span> <span class='ocrx_word' id='word_1_68' title='bbox 1225 1024 1450 1078; x_wconf 75' lang='lat' dir='ltr'><strong>salutem</strong></span> <span class='ocrx_word' id='word_1_69' title='bbox 1476 1037 1735 1093; x_wconf 87' lang='lat' dir='ltr'><strong>assequa-</strong></span> 
     </span>
    </p>
   </div>
   <div class='ocr_carea' id='block_1_9' title="bbox 155 1116 1747 1191">
    <p class='ocr_par' dir='ltr' id='par_1_9' title="bbox 155 1116 1747 1191">
     <span class='ocr_line' id='line_1_9' title="bbox 155 1116 1747 1191; baseline -0.004 -12"><span class='ocrx_word' id='word_1_70' title='bbox 155 1143 313 1191; x_wconf 86' lang='lat' dir='ltr'><strong>mur;</strong></span> <span class='ocrx_word' id='word_1_71' title='bbox 350 1134 404 1179; x_wconf 88' lang='lat' dir='ltr'><strong>et</strong></span> <span class='ocrx_word' id='word_1_72' title='bbox 434 1122 628 1178; x_wconf 85' lang='lat' dir='ltr'><strong>hocab</strong></span> <span class='ocrx_word' id='word_1_73' title='bbox 665 1121 816 1176; x_wconf 90' lang='lat' dir='ltr'><strong>initio</strong></span> <span class='ocrx_word' id='word_1_74' title='bbox 845 1120 989 1174; x_wconf 82' lang='lat' dir='ltr'><strong>fecit.</strong></span> <span class='ocrx_word' id='word_1_75' title='bbox 1032 1119 1217 1187; x_wconf 87' lang='lat' dir='ltr'><strong>Neque</strong></span> <span class='ocrx_word' id='word_1_76' title='bbox 1266 1116 1411 1171; x_wconf 89' lang='lat' dir='ltr'><strong>enim</strong></span> <span class='ocrx_word' id='word_1_77' title='bbox 1452 1126 1563 1171; x_wconf 88' lang='lat' dir='ltr'><strong>tum</strong></span> <span class='ocrx_word' id='word_1_78' title='bbox 1598 1127 1747 1186; x_wconf 86' lang='lat' dir='ltr'><strong>pote-</strong></span> 
     </span>
    </p>
   </div>
   <div class='ocr_carea' id='block_1_10' title="bbox 154 1209 1744 1285">
    <p class='ocr_par' dir='ltr' id='par_1_10' title="bbox 154 1209 1744 1285">
     <span class='ocr_line' id='line_1_10' title="bbox 154 1209 1744 1285; baseline -0.004 -14"><span class='ocrx_word' id='word_1_79' title='bbox 154 1227 276 1271; x_wconf 88' lang='lat' dir='ltr'><strong>raut</strong></span> <span class='ocrx_word' id='word_1_80' title='bbox 306 1216 551 1271; x_wconf 85' lang='lat' dir='ltr'><strong>homines</strong></span> <span class='ocrx_word' id='word_1_81' title='bbox 582 1230 677 1285; x_wconf 91' lang='lat' dir='ltr'><strong>per</strong></span> <span class='ocrx_word' id='word_1_82' title='bbox 700 1229 759 1269; x_wconf 85' lang='lat' dir='ltr'><strong>se</strong></span> <span class='ocrx_word' id='word_1_83' title='bbox 784 1212 1009 1277; x_wconf 86' lang='lat' dir='ltr'><strong>servari,</strong></span> <span class='ocrx_word' id='word_1_84' title='bbox 1047 1210 1141 1266; x_wconf 87' lang='lat' dir='ltr'><strong>sed</strong></span> <span class='ocrx_word' id='word_1_85' title='bbox 1171 1209 1455 1279; x_wconf 83' lang='lat' dir='ltr'><strong>oportebat</strong></span> <span class='ocrx_word' id='word_1_86' title='bbox 1480 1210 1744 1265; x_wconf 87' lang='lat' dir='ltr'><strong>obeuntes</strong></span> 
     </span>
    </p>
   </div>
   <div class='ocr_carea' id='block_1_11' title="bbox 150 1304 1743 1379">
    <p class='ocr_par' dir='ltr' id='par_1_11' title="bbox 150 1304 1743 1379">
     <span class='ocr_line' id='line_1_11' title="bbox 150 1304 1743 1379; baseline -0.004 -15"><span class='ocrx_word' id='word_1_87' title='bbox 150 1311 270 1364; x_wconf 58' lang='lat' dir='ltr'><strong>caeli</strong></span> <span class='ocrx_word' id='word_1_88' title='bbox 300 1308 773 1379; x_wconf 78' lang='lat' dir='ltr'><strong>pulchritudinem,</strong></span> <span class='ocrx_word' id='word_1_89' title='bbox 796 1315 953 1360; x_wconf 71' lang='lat' dir='ltr'><strong>terra:</strong></span> <span class='ocrx_word' id='word_1_90' title='bbox 977 1304 1414 1372; x_wconf 74' lang='lat' dir='ltr'><strong>magnitudinem,</strong></span> <span class='ocrx_word' id='word_1_91' title='bbox 1442 1314 1497 1358; x_wconf 90' lang='lat' dir='ltr'><strong>et</strong></span> <span class='ocrx_word' id='word_1_92' title='bbox 1520 1304 1743 1358; x_wconf 87' lang='lat' dir='ltr'><strong>aliarum</strong></span> 
     </span>
    </p>
   </div>
   <div class='ocr_carea' id='block_1_12' title="bbox 150 1395 1738 1470">
    <p class='ocr_par' dir='ltr' id='par_1_12' title="bbox 150 1395 1738 1470">
     <span class='ocr_line' id='line_1_12' title="bbox 150 1395 1738 1470; baseline -0.003 -15"><span class='ocrx_word' id='word_1_93' title='bbox 150 1413 519 1457; x_wconf 69' lang='lat' dir='ltr'><strong>creaturarum</strong></span> <span class='ocrx_word' id='word_1_94' title='bbox 547 1415 773 1470; x_wconf 88' lang='lat' dir='ltr'><strong>corpus,</strong></span> <span class='ocrx_word' id='word_1_95' title='bbox 825 1399 904 1452; x_wconf 91' lang='lat' dir='ltr'><strong>sic</strong></span> <span class='ocrx_word' id='word_1_96' title='bbox 939 1397 1127 1451; x_wconf 78' lang='lat' dir='ltr'><strong>adduci</strong></span> <span class='ocrx_word' id='word_1_97' title='bbox 1160 1397 1225 1450; x_wconf 88' lang='lat' dir='ltr'><strong>ad</strong></span> <span class='ocrx_word' id='word_1_98' title='bbox 1258 1411 1435 1449; x_wconf 89' lang='lat' dir='ltr'><strong>rerum</strong></span> <span class='ocrx_word' id='word_1_99' title='bbox 1461 1395 1738 1465; x_wconf 79' lang='lat' dir='ltr'><strong>Opilicem.</strong></span> 
     </span>
    </p>
   </div>
   <div class='ocr_carea' id='block_1_13' title="bbox 150 1489 1743 1566">
    <p class='ocr_par' dir='ltr' id='par_1_13' title="bbox 150 1489 1743 1566">
     <span class='ocr_line' id='line_1_13' title="bbox 150 1489 1743 1566; baseline -0.005 -17"><span class='ocrx_word' id='word_1_100' title='bbox 150 1496 266 1549; x_wconf 83' lang='lat' dir='ltr'><strong>Hoc</strong></span> <span class='ocrx_word' id='word_1_101' title='bbox 295 1512 457 1566; x_wconf 90' lang='lat' dir='ltr'><strong>porro</strong></span> <span class='ocrx_word' id='word_1_102' title='bbox 492 1495 615 1549; x_wconf 74' lang='lat' dir='ltr'><strong>fecit</strong></span> <span class='ocrx_word' id='word_1_103' title='bbox 647 1494 759 1563; x_wconf 87' lang='lat' dir='ltr'><strong>jam</strong></span> <span class='ocrx_word' id='word_1_104' title='bbox 786 1501 912 1546; x_wconf 89' lang='lat' dir='ltr'><strong>ante</strong></span> <span class='ocrx_word' id='word_1_105' title='bbox 938 1490 1240 1558; x_wconf 85' lang='lat' dir='ltr'><strong>reprimens</strong></span> <span class='ocrx_word' id='word_1_106' title='bbox 1268 1489 1498 1543; x_wconf 81' lang='lat' dir='ltr'><strong>futuram</strong></span> <span class='ocrx_word' id='word_1_107' title='bbox 1527 1489 1743 1557; x_wconf 83' lang='lat' dir='ltr'><strong>sapien-</strong></span> 
     </span>
    </p>
   </div>
   <div class='ocr_carea' id='block_1_14' title="bbox 150 1581 1742 1656">
    <p class='ocr_par' dir='ltr' id='par_1_14' title="bbox 150 1581 1742 1656">
     <span class='ocr_line' id='line_1_14' title="bbox 150 1581 1742 1656; baseline -0.005 -13"><span class='ocrx_word' id='word_1_108' title='bbox 150 1592 240 1644; x_wconf 71' lang='lat' dir='ltr'><strong>tia:</strong></span> <span class='ocrx_word' id='word_1_109' title='bbox 271 1604 462 1643; x_wconf 81' lang='lat' dir='ltr'><strong>vanam</strong></span> <span class='ocrx_word' id='word_1_110' title='bbox 494 1587 823 1656; x_wconf 81' lang='lat' dir='ltr'><strong>Opinionem.</strong></span> <span class='ocrx_word' id='word_1_111' title='bbox 866 1581 1329 1649; x_wconf 84' lang='lat' dir='ltr'><strong>Quemadmodum</strong></span> <span class='ocrx_word' id='word_1_112' title='bbox 1375 1582 1419 1635; x_wconf 88' lang='lat' dir='ltr'><strong>si</strong></span> <span class='ocrx_word' id='word_1_113' title='bbox 1466 1581 1585 1649; x_wconf 87' lang='lat' dir='ltr'><strong>quis</strong></span> <span class='ocrx_word' id='word_1_114' title='bbox 1628 1596 1742 1635; x_wconf 86' lang='lat' dir='ltr'><strong>ma-</strong></span> 
     </span>
    </p>
   </div>
   <div class='ocr_carea' id='block_1_15' title="bbox 146 1678 1739 1757">
    <p class='ocr_par' dir='ltr' id='par_1_15' title="bbox 146 1678 1739 1757">
     <span class='ocr_line' id='line_1_15' title="bbox 146 1678 1739 1757; baseline -0.005 -19"><span class='ocrx_word' id='word_1_115' title='bbox 146 1690 348 1757; x_wconf 74' lang='lat' dir='ltr'><strong>gister,</strong></span> <span class='ocrx_word' id='word_1_116' title='bbox 404 1701 524 1741; x_wconf 89' lang='lat' dir='ltr'><strong>cum</strong></span> <span class='ocrx_word' id='word_1_117' title='bbox 570 1681 790 1752; x_wconf 83' lang='lat' dir='ltr'><strong>jusserit</strong></span> <span class='ocrx_word' id='word_1_118' title='bbox 833 1678 1153 1747; x_wconf 89' lang='lat' dir='ltr'><strong>discipulum</strong></span> <span class='ocrx_word' id='word_1_119' title='bbox 1200 1678 1350 1745; x_wconf 89' lang='lat' dir='ltr'><strong>sequi</strong></span> <span class='ocrx_word' id='word_1_120' title='bbox 1399 1691 1739 1745; x_wconf 87' lang='lat' dir='ltr'><strong>quocumque</strong></span> 
     </span>
    </p>
   </div>
   <div class='ocr_carea' id='block_1_16' title="bbox 144 1768 1736 1842">
    <p class='ocr_par' dir='ltr' id='par_1_16' title="bbox 144 1768 1736 1842">
     <span class='ocr_line' id='line_1_16' title="bbox 144 1768 1736 1842; baseline -0.008 -10"><span class='ocrx_word' id='word_1_121' title='bbox 144 1780 395 1842; x_wconf 79' lang='lat' dir='ltr'><strong>ducatur,</strong></span> <span class='ocrx_word' id='word_1_122' title='bbox 420 1776 505 1830; x_wconf 89' lang='lat' dir='ltr'><strong>ubi</strong></span> <span class='ocrx_word' id='word_1_123' title='bbox 535 1773 727 1829; x_wconf 86' lang='lat' dir='ltr'><strong>viderit</strong></span> <span class='ocrx_word' id='word_1_124' title='bbox 751 1772 897 1826; x_wconf 92' lang='lat' dir='ltr'><strong>illum</strong></span> <span class='ocrx_word' id='word_1_125' title='bbox 926 1768 1222 1837; x_wconf 64' lang='lat' dir='ltr'><strong>pragvenire</strong></span> <span class='ocrx_word' id='word_1_126' title='bbox 1250 1776 1303 1821; x_wconf 91' lang='lat' dir='ltr'><strong>et</strong></span> <span class='ocrx_word' id='word_1_127' title='bbox 1334 1768 1469 1821; x_wconf 87' lang='lat' dir='ltr'><strong>velle</strong></span> <span class='ocrx_word' id='word_1_128' title='bbox 1498 1783 1526 1816; x_wconf 88' lang='lat' dir='ltr'><strong>a</strong></span> <span class='ocrx_word' id='word_1_129' title='bbox 1556 1768 1736 1835; x_wconf 88' lang='lat' dir='ltr'><strong>seipso</strong></span> 
     </span>
    </p>
   </div>
   <div class='ocr_carea' id='block_1_17' title="bbox 141 1856 1735 1929">
    <p class='ocr_par' dir='ltr' id='par_1_17' title="bbox 141 1856 1735 1929">
     <span class='ocr_line' id='line_1_17' title="bbox 141 1856 1735 1929; baseline -0.008 -7"><span class='ocrx_word' id='word_1_130' title='bbox 141 1877 339 1922; x_wconf 86' lang='lat' dir='ltr'><strong>cuneta</strong></span> <span class='ocrx_word' id='word_1_131' title='bbox 395 1866 643 1929; x_wconf 79' lang='lat' dir='ltr'><strong>discere,</strong></span> <span class='ocrx_word' id='word_1_132' title='bbox 698 1862 881 1917; x_wconf 88' lang='lat' dir='ltr'><strong>sinens</strong></span> <span class='ocrx_word' id='word_1_133' title='bbox 926 1859 1074 1913; x_wconf 89' lang='lat' dir='ltr'><strong>illum</strong></span> <span class='ocrx_word' id='word_1_134' title='bbox 1122 1874 1324 1921; x_wconf 89' lang='lat' dir='ltr'><strong>errare,</strong></span> <span class='ocrx_word' id='word_1_135' title='bbox 1381 1856 1615 1919; x_wconf 74' lang='lat' dir='ltr'><strong>ostendit</strong></span> <span class='ocrx_word' id='word_1_136' title='bbox 1672 1858 1735 1909; x_wconf 90' lang='lat' dir='ltr'><strong>il-</strong></span> 
     </span>
    </p>
   </div>
   <div class='ocr_carea' id='block_1_18' title="bbox 143 1946 1711 2019">
    <p class='ocr_par' dir='ltr' id='par_1_18' title="bbox 143 1946 1711 2019">
     <span class='ocr_line' id='line_1_18' title="bbox 143 1946 1711 2019; baseline -0.003 -8"><span class='ocrx_word' id='word_1_137' title='bbox 143 1961 253 2012; x_wconf 87' lang='lat' dir='ltr'><strong>lum</strong></span> <span class='ocrx_word' id='word_1_138' title='bbox 313 1974 419 2011; x_wconf 83' lang='lat' dir='ltr'><strong>non</strong></span> <span class='ocrx_word' id='word_1_139' title='bbox 471 1956 571 2011; x_wconf 90' lang='lat' dir='ltr'><strong>sibi</strong></span> <span class='ocrx_word' id='word_1_140' title='bbox 600 1946 875 2009; x_wconf 53' lang='lat' dir='ltr'><strong>&#39;snflicere</strong></span> <span class='ocrx_word' id='word_1_141' title='bbox 921 1951 988 2005; x_wconf 89' lang='lat' dir='ltr'><strong>ad</strong></span> <span class='ocrx_word' id='word_1_142' title='bbox 1035 1950 1421 2019; x_wconf 90' lang='lat' dir='ltr'><strong>disciplinam,</strong></span> <span class='ocrx_word' id='word_1_143' title='bbox 1466 1960 1521 2003; x_wconf 90' lang='lat' dir='ltr'><strong>et</strong></span> <span class='ocrx_word' id='word_1_144' title='bbox 1587 1960 1711 2006; x_wconf 90' lang='lat' dir='ltr'><strong>tunc</strong></span> 
     </span>
    </p>
   </div>
   <div class='ocr_carea' id='block_1_19' title="bbox 139 2043 1737 2118">
    <p class='ocr_par' dir='ltr' id='par_1_19' title="bbox 139 2043 1737 2118">
     <span class='ocr_line' id='line_1_19' title="bbox 139 2043 1737 2118; baseline -0.003 -16"><span class='ocrx_word' id='word_1_145' title='bbox 139 2071 261 2118; x_wconf 79' lang='lat' dir='ltr'><strong>qua:</strong></span> <span class='ocrx_word' id='word_1_146' title='bbox 304 2067 398 2104; x_wconf 89' lang='lat' dir='ltr'><strong>sua</strong></span> <span class='ocrx_word' id='word_1_147' title='bbox 435 2058 559 2110; x_wconf 86' lang='lat' dir='ltr'><strong>sunt</strong></span> <span class='ocrx_word' id='word_1_148' title='bbox 587 2047 785 2101; x_wconf 87' lang='lat' dir='ltr'><strong>inducit</strong></span> <span class='ocrx_word' id='word_1_149' title='bbox 818 2064 830 2097; x_wconf 90' lang='lat'><strong>:</strong></span> <span class='ocrx_word' id='word_1_150' title='bbox 864 2046 933 2098; x_wconf 91' lang='lat' dir='ltr'><strong>ita</strong></span> <span class='ocrx_word' id='word_1_151' title='bbox 964 2053 1017 2098; x_wconf 91' lang='lat' dir='ltr'><strong>et</strong></span> <span class='ocrx_word' id='word_1_152' title='bbox 1064 2044 1201 2102; x_wconf 85' lang='lat' dir='ltr'><strong>Deus</strong></span> <span class='ocrx_word' id='word_1_153' title='bbox 1242 2044 1403 2112; x_wconf 74' lang='lat' dir='ltr'><strong>jttSsil</strong></span> <span class='ocrx_word' id='word_1_154' title='bbox 1449 2043 1601 2096; x_wconf 90' lang='lat' dir='ltr'><strong>initio</strong></span> <span class='ocrx_word' id='word_1_155' title='bbox 1650 2058 1737 2097; x_wconf 86' lang='lat' dir='ltr'><strong>sc-</strong></span> 
     </span>
    </p>
   </div>
   <div class='ocr_carea' id='block_1_20' title="bbox 140 2134 1732 2217">
    <p class='ocr_par' dir='ltr' id='par_1_20' title="bbox 140 2134 1732 2217">
     <span class='ocr_line' id='line_1_20' title="bbox 140 2134 1732 2217; baseline -0.004 -26"><span class='ocrx_word' id='word_1_156' title='bbox 140 2143 229 2211; x_wconf 88' lang='lat' dir='ltr'><strong>qui</strong></span> <span class='ocrx_word' id='word_1_157' title='bbox 283 2158 377 2209; x_wconf 84' lang='lat' dir='ltr'><strong>per</strong></span> <span class='ocrx_word' id='word_1_158' title='bbox 421 2156 598 2193; x_wconf 89' lang='lat' dir='ltr'><strong>rerum</strong></span> <span class='ocrx_word' id='word_1_159' title='bbox 645 2144 944 2191; x_wconf 87' lang='lat' dir='ltr'><strong>creatarnm</strong></span> <span class='ocrx_word' id='word_1_160' title='bbox 991 2134 1560 2202; x_wconf 86' lang='lat' dir='ltr'><strong>comprehensionem;</strong></span> <span class='ocrx_word' id='word_1_161' title='bbox 1607 2134 1732 2217; x_wconf 80' lang='lat' dir='ltr'><strong>quia</strong></span> 
     </span>
    </p>
   </div>
   <div class='ocr_carea' id='block_1_21' title="bbox 140 2225 1731 2295">
    <p class='ocr_par' dir='ltr' id='par_1_21' title="bbox 140 2225 1731 2295">
     <span class='ocr_line' id='line_1_21' title="bbox 140 2225 1731 2295; baseline -0.005 -8"><span class='ocrx_word' id='word_1_162' title='bbox 140 2250 271 2287; x_wconf 73' lang='lat' dir='ltr'><strong>vero</strong></span> <span class='ocrx_word' id='word_1_163' title='bbox 321 2232 605 2285; x_wconf 88' lang='lat' dir='ltr'><strong>uoluerunt</strong></span> <span class='ocrx_word' id='word_1_164' title='bbox 633 2271 647 2290; x_wconf 89' lang='lat'><strong>,</strong></span> <span class='ocrx_word' id='word_1_165' title='bbox 676 2244 799 2283; x_wconf 89' lang='lat' dir='ltr'><strong>cutn</strong></span> <span class='ocrx_word' id='word_1_166' title='bbox 825 2226 1151 2295; x_wconf 88' lang='lat' dir='ltr'><strong>experientia</strong></span> <span class='ocrx_word' id='word_1_167' title='bbox 1181 2225 1451 2279; x_wconf 89' lang='lat' dir='ltr'><strong>docuisset</strong></span> <span class='ocrx_word' id='word_1_168' title='bbox 1482 2226 1598 2279; x_wconf 86' lang='lat' dir='ltr'><strong>illos</strong></span> <span class='ocrx_word' id='word_1_169' title='bbox 1627 2242 1731 2279; x_wconf 91' lang='lat' dir='ltr'><strong>non</strong></span> 
     </span>
    </p>
   </div>
   <div class='ocr_carea' id='block_1_22' title="bbox 138 2317 1733 2388">
    <p class='ocr_par' dir='ltr' id='par_1_22' title="bbox 138 2317 1733 2388">
     <span class='ocr_line' id='line_1_22' title="bbox 138 2317 1733 2388; baseline -0.006 -10"><span class='ocrx_word' id='word_1_170' title='bbox 138 2325 243 2378; x_wconf 83' lang='lat' dir='ltr'><strong>sibi</strong></span> <span class='ocrx_word' id='word_1_171' title='bbox 275 2323 543 2387; x_wconf 84' lang='lat' dir='ltr'><strong>sulticerc,</strong></span> <span class='ocrx_word' id='word_1_172' title='bbox 575 2331 700 2374; x_wconf 91' lang='lat' dir='ltr'><strong>tunc</strong></span> <span class='ocrx_word' id='word_1_173' title='bbox 734 2322 876 2388; x_wconf 90' lang='lat' dir='ltr'><strong>ipsos</strong></span> <span class='ocrx_word' id='word_1_174' title='bbox 898 2318 963 2371; x_wconf 89' lang='lat' dir='ltr'><strong>ad</strong></span> <span class='ocrx_word' id='word_1_175' title='bbox 994 2333 1052 2371; x_wconf 91' lang='lat' dir='ltr'><strong>se</strong></span> <span class='ocrx_word' id='word_1_176' title='bbox 1091 2317 1198 2371; x_wconf 88' lang='lat' dir='ltr'><strong>alio</strong></span> <span class='ocrx_word' id='word_1_177' title='bbox 1230 2317 1389 2381; x_wconf 79' lang='lat' dir='ltr'><strong>modo</strong></span> <span class='ocrx_word' id='word_1_178' title='bbox 1416 2317 1561 2370; x_wconf 86' lang='lat' dir='ltr'><strong>ducit</strong></span> <span class='ocrx_word' id='word_1_179' title='bbox 1592 2335 1604 2369; x_wconf 93' lang='lat'>:</span> <span class='ocrx_word' id='word_1_180' title='bbox 1637 2334 1733 2385; x_wconf 90' lang='lat' dir='ltr'><strong>pro</strong></span> 
     </span>
    </p>
   </div>
   <div class='ocr_carea' id='block_1_23' title="bbox 140 2409 1731 2480">
    <p class='ocr_par' dir='ltr' id='par_1_23' title="bbox 140 2409 1731 2480">
     <span class='ocr_line' id='line_1_23' title="bbox 140 2409 1731 2480; baseline -0.006 -8"><span class='ocrx_word' id='word_1_181' title='bbox 140 2418 321 2472; x_wconf 83' lang='lat' dir='ltr'><strong>tabula</strong></span> <span class='ocrx_word' id='word_1_182' title='bbox 362 2415 509 2470; x_wconf 84' lang='lat' dir='ltr'><strong>dedit</strong></span> <span class='ocrx_word' id='word_1_183' title='bbox 548 2414 827 2467; x_wconf 87' lang='lat' dir='ltr'><strong>mundum.</strong></span> <span class='ocrx_word' id='word_1_184' title='bbox 876 2411 1057 2480; x_wconf 84' lang='lat' dir='ltr'><strong>Neque</strong></span> <span class='ocrx_word' id='word_1_185' title='bbox 1096 2411 1147 2463; x_wconf 78' lang='lat' dir='ltr'><strong>in</strong></span> <span class='ocrx_word' id='word_1_186' title='bbox 1198 2409 1280 2465; x_wconf 86' lang='lat' dir='ltr'><strong>his</strong></span> <span class='ocrx_word' id='word_1_187' title='bbox 1326 2409 1567 2463; x_wconf 83' lang='lat' dir='ltr'><strong>meditati</strong></span> <span class='ocrx_word' id='word_1_188' title='bbox 1608 2420 1731 2463; x_wconf 90' lang='lat' dir='ltr'><strong>sunt</strong></span> 
     </span>
    </p>
   </div>
   <div class='ocr_carea' id='block_1_24' title="bbox 139 2500 1731 2580">
    <p class='ocr_par' dir='ltr' id='par_1_24' title="bbox 139 2500 1731 2580">
     <span class='ocr_line' id='line_1_24' title="bbox 139 2500 1731 2580; baseline -0.001 -23"><span class='ocrx_word' id='word_1_189' title='bbox 139 2508 465 2580; x_wconf 79' lang='lat' dir='ltr'><strong>philosophi,</strong></span> <span class='ocrx_word' id='word_1_190' title='bbox 500 2522 670 2575; x_wconf 88' lang='lat' dir='ltr'><strong>neque</strong></span> <span class='ocrx_word' id='word_1_191' title='bbox 695 2505 768 2558; x_wconf 90' lang='lat' dir='ltr'><strong>illi</strong></span> <span class='ocrx_word' id='word_1_192' title='bbox 799 2503 1019 2572; x_wconf 85' lang='lat' dir='ltr'><strong>obsequi</strong></span> <span class='ocrx_word' id='word_1_193' title='bbox 1054 2501 1357 2565; x_wconf 89' lang='lat' dir='ltr'><strong>voluerunt,</strong></span> <span class='ocrx_word' id='word_1_194' title='bbox 1390 2516 1564 2569; x_wconf 87' lang='lat' dir='ltr'><strong>neque</strong></span> <span class='ocrx_word' id='word_1_195' title='bbox 1594 2500 1731 2555; x_wconf 90' lang='lat' dir='ltr'><strong>hanc</strong></span> 
     </span>
    </p>
   </div>
   <div class='ocr_carea' id='block_1_25' title="bbox 134 2594 1745 2672">
    <p class='ocr_par' dir='ltr' id='par_1_25' title="bbox 134 2594 1745 2672">
     <span class='ocr_line' id='line_1_25' title="bbox 134 2594 1745 2672; baseline -0.004 -16"><span class='ocrx_word' id='word_1_196' title='bbox 134 2604 200 2656; x_wconf 84' lang='lat' dir='ltr'><strong>ad</strong></span> <span class='ocrx_word' id='word_1_197' title='bbox 226 2603 404 2672; x_wconf 84' lang='lat' dir='ltr'><strong>ipsum</strong></span> <span class='ocrx_word' id='word_1_198' title='bbox 440 2599 643 2669; x_wconf 88' lang='lat' dir='ltr'><strong>ingredi</strong></span> <span class='ocrx_word' id='word_1_199' title='bbox 673 2599 831 2661; x_wconf 86' lang='lat' dir='ltr'><strong>viam,</strong></span> <span class='ocrx_word' id='word_1_200' title='bbox 860 2612 1019 2665; x_wconf 89' lang='lat' dir='ltr'><strong>quam</strong></span> <span class='ocrx_word' id='word_1_201' title='bbox 1050 2595 1135 2649; x_wconf 89' lang='lat' dir='ltr'><strong>ille</strong></span> <span class='ocrx_word' id='word_1_202' title='bbox 1157 2594 1407 2663; x_wconf 89' lang='lat' dir='ltr'><strong>jusserat.</strong></span> <span class='ocrx_word' id='word_1_203' title='bbox 1446 2595 1616 2647; x_wconf 82' lang='lat' dir='ltr'><strong>Aliam</strong></span> <span class='ocrx_word' id='word_1_204' title='bbox 1641 2594 1745 2650; x_wconf 67' lang='lat' dir='ltr'><strong>illi?</strong></span> 
     </span>
    </p>
   </div>
   <div class='ocr_carea' id='block_1_26' title="bbox 135 2687 1727 2759">
    <p class='ocr_par' dir='ltr' id='par_1_26' title="bbox 135 2687 1727 2759">
     <span class='ocr_line' id='line_1_26' title="bbox 135 2687 1727 2759; baseline -0.006 -12"><span class='ocrx_word' id='word_1_205' title='bbox 135 2694 347 2747; x_wconf 76' lang='lat' dir='ltr'><strong>induxit</strong></span> <span class='ocrx_word' id='word_1_206' title='bbox 378 2693 516 2745; x_wconf 87' lang='lat' dir='ltr'><strong>viam</strong></span> <span class='ocrx_word' id='word_1_207' title='bbox 553 2690 732 2759; x_wconf 86' lang='lat' dir='ltr'><strong>priore</strong></span> <span class='ocrx_word' id='word_1_208' title='bbox 757 2690 1063 2751; x_wconf 87' lang='lat' dir='ltr'><strong>clariorem,</strong></span> <span class='ocrx_word' id='word_1_209' title='bbox 1109 2702 1226 2755; x_wconf 77' lang='lat' dir='ltr'><strong>qua:</strong></span> <span class='ocrx_word' id='word_1_210' title='bbox 1255 2687 1603 2755; x_wconf 89' lang='lat' dir='ltr'><strong>persuaderet</strong></span> <span class='ocrx_word' id='word_1_211' title='bbox 1632 2687 1727 2740; x_wconf 82' lang='lat' dir='ltr'><strong>lto-</strong></span> 
     </span>
    </p>
   </div>
   <div class='ocr_carea' id='block_1_27' title="bbox 132 2778 1728 2847">
    <p class='ocr_par' dir='ltr' id='par_1_27' title="bbox 132 2778 1728 2847">
     <span class='ocr_line' id='line_1_27' title="bbox 132 2778 1728 2847; baseline -0.004 -9"><span class='ocrx_word' id='word_1_212' title='bbox 132 2787 335 2839; x_wconf 86' lang='lat' dir='ltr'><strong>minem</strong></span> <span class='ocrx_word' id='word_1_213' title='bbox 364 2782 537 2836; x_wconf 88' lang='lat' dir='ltr'><strong>solum</strong></span> <span class='ocrx_word' id='word_1_214' title='bbox 571 2798 677 2835; x_wconf 90' lang='lat' dir='ltr'><strong>non</strong></span> <span class='ocrx_word' id='word_1_215' title='bbox 705 2782 805 2834; x_wconf 86' lang='lat' dir='ltr'><strong>sibi</strong></span> <span class='ocrx_word' id='word_1_216' title='bbox 830 2781 928 2847; x_wconf 88' lang='lat' dir='ltr'><strong>ipsi</strong></span> <span class='ocrx_word' id='word_1_217' title='bbox 959 2778 1227 2832; x_wconf 75' lang='lat' dir='ltr'><strong>sul‘licere.</strong></span> <span class='ocrx_word' id='word_1_218' title='bbox 1260 2778 1410 2832; x_wconf 85' lang='lat' dir='ltr'><strong>Tunc</strong></span> <span class='ocrx_word' id='word_1_219' title='bbox 1435 2782 1574 2832; x_wconf 90' lang='lat' dir='ltr'><strong>enim</strong></span> <span class='ocrx_word' id='word_1_220' title='bbox 1609 2780 1728 2833; x_wconf 79' lang='lat' dir='ltr'><strong>liee-</strong></span> 
     </span>
    </p>
   </div>
   <div class='ocr_carea' id='block_1_28' title="bbox 132 2870 1727 2939">
    <p class='ocr_par' dir='ltr' id='par_1_28' title="bbox 132 2870 1727 2939">
     <span class='ocr_line' id='line_1_28' title="bbox 132 2870 1727 2939; baseline -0.004 -10"><span class='ocrx_word' id='word_1_221' title='bbox 132 2877 222 2929; x_wconf 85' lang='lat' dir='ltr'><strong>bat</strong></span> <span class='ocrx_word' id='word_1_222' title='bbox 264 2873 545 2929; x_wconf 84' lang='lat' dir='ltr'><strong>ratiocinia</strong></span> <span class='ocrx_word' id='word_1_223' title='bbox 574 2886 813 2933; x_wconf 88' lang='lat' dir='ltr'><strong>movere,</strong></span> <span class='ocrx_word' id='word_1_224' title='bbox 863 2880 918 2924; x_wconf 91' lang='lat' dir='ltr'><strong>et</strong></span> <span class='ocrx_word' id='word_1_225' title='bbox 948 2880 1169 2923; x_wconf 86' lang='lat' dir='ltr'><strong>externa</strong></span> <span class='ocrx_word' id='word_1_226' title='bbox 1205 2870 1279 2921; x_wconf 89' lang='lat' dir='ltr'><strong>uti</strong></span> <span class='ocrx_word' id='word_1_227' title='bbox 1311 2870 1598 2937; x_wconf 86' lang='lat' dir='ltr'><strong>sapientia,</strong></span> <span class='ocrx_word' id='word_1_228' title='bbox 1632 2886 1727 2939; x_wconf 87' lang='lat' dir='ltr'><strong>per</strong></span> 
     </span>
    </p>
   </div>
   <div class='ocr_carea' id='block_1_29' title="bbox 129 2963 1721 3031">
    <p class='ocr_par' dir='ltr' id='par_1_29' title="bbox 129 2963 1721 3031">
     <span class='ocr_line' id='line_1_29' title="bbox 129 2963 1721 3031; baseline -0.006 -9"><span class='ocrx_word' id='word_1_229' title='bbox 129 2985 215 3022; x_wconf 85' lang='lat' dir='ltr'><strong>res</strong></span> <span class='ocrx_word' id='word_1_230' title='bbox 240 2979 453 3022; x_wconf 83' lang='lat' dir='ltr'><strong>creatas</strong></span> <span class='ocrx_word' id='word_1_231' title='bbox 481 2965 672 3020; x_wconf 86' lang='lat' dir='ltr'><strong>ductos</strong></span> <span class='ocrx_word' id='word_1_232' title='bbox 700 2983 713 3017; x_wconf 92' lang='lat'>:</span> <span class='ocrx_word' id='word_1_233' title='bbox 748 2979 888 3018; x_wconf 90' lang='lat' dir='ltr'><strong>nunc</strong></span> <span class='ocrx_word' id='word_1_234' title='bbox 915 2973 1092 3017; x_wconf 90' lang='lat' dir='ltr'><strong>autem</strong></span> <span class='ocrx_word' id='word_1_235' title='bbox 1121 2963 1221 3015; x_wconf 91' lang='lat' dir='ltr'><strong>nisi</strong></span> <span class='ocrx_word' id='word_1_236' title='bbox 1250 2963 1368 3031; x_wconf 84' lang='lat' dir='ltr'><strong>quis</strong></span> <span class='ocrx_word' id='word_1_237' title='bbox 1390 2964 1581 3017; x_wconf 89' lang='lat' dir='ltr'><strong>stultus</strong></span> <span class='ocrx_word' id='word_1_238' title='bbox 1610 2965 1721 3029; x_wconf 80' lang='lat' dir='ltr'><strong>liat,</strong></span> 
     </span>
    </p>
   </div>
   <div class='ocr_carea' id='block_1_30' title="bbox 127 3054 1721 3121">
    <p class='ocr_par' dir='ltr' id='par_1_30' title="bbox 127 3054 1721 3121">
     <span class='ocr_line' id='line_1_30' title="bbox 127 3054 1721 3121; baseline -0.005 -7"><span class='ocrx_word' id='word_1_239' title='bbox 127 3060 180 3114; x_wconf 87' lang='lat' dir='ltr'><strong>id</strong></span> <span class='ocrx_word' id='word_1_240' title='bbox 208 3069 315 3119; x_wconf 84' lang='lat' dir='ltr'><strong>est,</strong></span> <span class='ocrx_word' id='word_1_241' title='bbox 353 3058 455 3111; x_wconf 86' lang='lat' dir='ltr'><strong>nisi</strong></span> <span class='ocrx_word' id='word_1_242' title='bbox 486 3071 646 3109; x_wconf 89' lang='lat' dir='ltr'><strong>omne</strong></span> <span class='ocrx_word' id='word_1_243' title='bbox 676 3054 1015 3108; x_wconf 88' lang='lat' dir='ltr'><strong>ratiocinium</strong></span> <span class='ocrx_word' id='word_1_244' title='bbox 1057 3064 1113 3109; x_wconf 90' lang='lat' dir='ltr'><strong>et</strong></span> <span class='ocrx_word' id='word_1_245' title='bbox 1149 3067 1363 3106; x_wconf 89' lang='lat' dir='ltr'><strong>onmem</strong></span> <span class='ocrx_word' id='word_1_246' title='bbox 1408 3054 1721 3121; x_wconf 81' lang='lat' dir='ltr'><strong>sapientiam</strong></span> 
     </span>
    </p>
   </div>
   <div class='ocr_carea' id='block_1_31' title="bbox 123 3147 1719 3216">
    <p class='ocr_par' dir='ltr' id='par_1_31' title="bbox 123 3147 1719 3216">
     <span class='ocr_line' id='line_1_31' title="bbox 123 3147 1719 3216; baseline -0.006 -8"><span class='ocrx_word' id='word_1_247' title='bbox 123 3163 357 3208; x_wconf 82' lang='lat' dir='ltr'><strong>evacuet</strong></span> <span class='ocrx_word' id='word_1_248' title='bbox 382 3167 447 3212; x_wconf 83' lang='lat' dir='ltr'><strong>ac</strong></span> <span class='ocrx_word' id='word_1_249' title='bbox 473 3150 594 3204; x_wconf 76' lang='lat' dir='ltr'><strong>ﬁdei</strong></span> <span class='ocrx_word' id='word_1_250' title='bbox 622 3166 679 3203; x_wconf 88' lang='lat' dir='ltr'><strong>se</strong></span> <span class='ocrx_word' id='word_1_251' title='bbox 705 3148 899 3212; x_wconf 82' lang='lat' dir='ltr'><strong>tradat,</strong></span> <span class='ocrx_word' id='word_1_252' title='bbox 927 3148 1130 3201; x_wconf 86' lang='lat' dir='ltr'><strong>servari</strong></span> <span class='ocrx_word' id='word_1_253' title='bbox 1162 3147 1364 3215; x_wconf 85' lang='lat' dir='ltr'><strong>nequit.</strong></span> <span class='ocrx_word' id='word_1_254' title='bbox 1390 3147 1508 3200; x_wconf 88' lang='lat' dir='ltr'><strong>Non</strong></span> <span class='ocrx_word' id='word_1_255' title='bbox 1533 3163 1719 3216; x_wconf 85' lang='lat' dir='ltr'><strong>parum</strong></span> 
     </span>
    </p>
   </div>
   <div class='ocr_carea' id='block_1_32' title="bbox 124 3237 1717 3313">
    <p class='ocr_par' dir='ltr' id='par_1_32' title="bbox 124 3237 1717 3313">
     <span class='ocr_line' id='line_1_32' title="bbox 124 3237 1717 3313; baseline -0.003 -16"><span class='ocrx_word' id='word_1_256' title='bbox 124 3247 293 3313; x_wconf 79' lang='lat' dir='ltr'><strong>igitur</strong></span> <span class='ocrx_word' id='word_1_257' title='bbox 324 3254 429 3305; x_wconf 76' lang='lat' dir='ltr'><strong>est,</strong></span> <span class='ocrx_word' id='word_1_258' title='bbox 460 3242 602 3311; x_wconf 87' lang='lat' dir='ltr'><strong>quod</strong></span> <span class='ocrx_word' id='word_1_259' title='bbox 630 3257 751 3293; x_wconf 88' lang='lat' dir='ltr'><strong>eum</strong></span> <span class='ocrx_word' id='word_1_260' title='bbox 781 3240 920 3292; x_wconf 86' lang='lat' dir='ltr'><strong>viam</strong></span> <span class='ocrx_word' id='word_1_261' title='bbox 950 3238 1160 3292; x_wconf 80' lang='lat' dir='ltr'><strong>facilem</strong></span> <span class='ocrx_word' id='word_1_262' title='bbox 1202 3237 1533 3299; x_wconf 88' lang='lat' dir='ltr'><strong>reddiderit,</strong></span> <span class='ocrx_word' id='word_1_263' title='bbox 1573 3254 1717 3292; x_wconf 88' lang='lat' dir='ltr'><strong>mor-</strong></span> 
     </span>
    </p>
   </div>
   <div class='ocr_carea' id='block_1_33' title="bbox 124 3331 1723 3405">
    <p class='ocr_par' dir='ltr' id='par_1_33' title="bbox 124 3331 1723 3405">
     <span class='ocr_line' id='line_1_33' title="bbox 124 3331 1723 3405; baseline -0.003 -16"><span class='ocrx_word' id='word_1_264' title='bbox 124 3339 252 3391; x_wconf 85' lang='lat' dir='ltr'><strong>bum</strong></span> <span class='ocrx_word' id='word_1_265' title='bbox 291 3351 504 3405; x_wconf 87' lang='lat' dir='ltr'><strong>quoque</strong></span> <span class='ocrx_word' id='word_1_266' title='bbox 536 3334 658 3387; x_wconf 92' lang='lat' dir='ltr'><strong>inde</strong></span> <span class='ocrx_word' id='word_1_267' title='bbox 686 3344 864 3386; x_wconf 91' lang='lat' dir='ltr'><strong>ortum</strong></span> <span class='ocrx_word' id='word_1_268' title='bbox 892 3331 1178 3393; x_wconf 87' lang='lat' dir='ltr'><strong>evulserit,</strong></span> <span class='ocrx_word' id='word_1_269' title='bbox 1214 3342 1267 3383; x_wconf 89' lang='lat' dir='ltr'><strong>ut</strong></span> <span class='ocrx_word' id='word_1_270' title='bbox 1297 3345 1404 3384; x_wconf 92' lang='lat' dir='ltr'><strong>non</strong></span> <span class='ocrx_word' id='word_1_271' title='bbox 1426 3331 1723 3399; x_wconf 84' lang='lat' dir='ltr'><strong>glorientur</strong></span> 
     </span>
    </p>
   </div>
   <div class='ocr_carea' id='block_1_34' title="bbox 123 3423 1720 3495">
    <p class='ocr_par' dir='ltr' id='par_1_34' title="bbox 123 3423 1720 3495">
     <span class='ocr_line' id='line_1_34' title="bbox 123 3423 1720 3495; baseline -0.003 -13"><span class='ocrx_word' id='word_1_272' title='bbox 123 3429 377 3482; x_wconf 84' lang='lat' dir='ltr'><strong>homines</strong></span> <span class='ocrx_word' id='word_1_273' title='bbox 408 3442 584 3495; x_wconf 83' lang='lat' dir='ltr'><strong>neque</strong></span> <span class='ocrx_word' id='word_1_274' title='bbox 622 3427 788 3479; x_wconf 85' lang='lat' dir='ltr'><strong>altum</strong></span> <span class='ocrx_word' id='word_1_275' title='bbox 817 3424 1029 3492; x_wconf 87' lang='lat' dir='ltr'><strong>sapiant</strong></span> <span class='ocrx_word' id='word_1_276' title='bbox 1060 3440 1074 3476; x_wconf 90' lang='lat'>:</span> <span class='ocrx_word' id='word_1_277' title='bbox 1109 3423 1177 3478; x_wconf 91' lang='lat' dir='ltr'><strong>Ut</strong></span> <span class='ocrx_word' id='word_1_278' title='bbox 1208 3440 1309 3477; x_wconf 85' lang='lat' dir='ltr'><strong>non</strong></span> <span class='ocrx_word' id='word_1_279' title='bbox 1339 3424 1586 3494; x_wconf 76' lang='lat' dir='ltr'><strong>glorietur</strong></span> <span class='ocrx_word' id='word_1_280' title='bbox 1613 3442 1720 3478; x_wconf 87' lang='lat' dir='ltr'><strong>om-</strong></span> 
     </span>
    </p>
   </div>
   <div class='ocr_carea' id='block_1_35' title="bbox 122 3516 1719 3585">
    <p class='ocr_par' dir='ltr' id='par_1_35' title="bbox 122 3516 1719 3585">
     <span class='ocr_line' id='line_1_35' title="bbox 122 3516 1719 3585; baseline -0.001 -13"><span class='ocrx_word' id='word_1_281' title='bbox 122 3521 203 3572; x_wconf 78' lang='lat' dir='ltr'><strong>nis</strong></span> <span class='ocrx_word' id='word_1_282' title='bbox 229 3535 376 3572; x_wconf 84' lang='lat' dir='ltr'><strong>caro.</strong></span> <span class='ocrx_word' id='word_1_283' title='bbox 431 3516 565 3570; x_wconf 84' lang='lat' dir='ltr'><strong>lliuc</strong></span> <span class='ocrx_word' id='word_1_284' title='bbox 606 3517 747 3570; x_wconf 90' lang='lat' dir='ltr'><strong>enim</strong></span> <span class='ocrx_word' id='word_1_285' title='bbox 778 3524 1052 3585; x_wconf 88' lang='lat' dir='ltr'><strong>peccatum</strong></span> <span class='ocrx_word' id='word_1_286' title='bbox 1096 3524 1272 3567; x_wconf 87' lang='lat' dir='ltr'><strong>ortum</strong></span> <span class='ocrx_word' id='word_1_287' title='bbox 1312 3524 1414 3581; x_wconf 76' lang='lat' dir='ltr'><strong>est,</strong></span> <span class='ocrx_word' id='word_1_288' title='bbox 1461 3516 1601 3584; x_wconf 91' lang='lat' dir='ltr'><strong>quod</strong></span> <span class='ocrx_word' id='word_1_289' title='bbox 1628 3517 1719 3570; x_wconf 89' lang='lat' dir='ltr'><strong>Dei</strong></span> 
     </span>
    </p>
   </div>
   <div class='ocr_carea' id='block_1_36' title="bbox 122 3605 1720 3680">
    <p class='ocr_par' dir='ltr' id='par_1_36' title="bbox 122 3605 1720 3680">
     <span class='ocr_line' id='line_1_36' title="bbox 122 3605 1720 3680; baseline -0.003 -15"><span class='ocrx_word' id='word_1_290' title='bbox 122 3610 336 3680; x_wconf 77' lang='lat' dir='ltr'><strong>legibus</strong></span> <span class='ocrx_word' id='word_1_291' title='bbox 363 3624 425 3664; x_wconf 87' lang='lat' dir='ltr'><strong>se</strong></span> <span class='ocrx_word' id='word_1_292' title='bbox 450 3608 804 3677; x_wconf 83' lang='lat' dir='ltr'><strong>sapientiores</strong></span> <span class='ocrx_word' id='word_1_293' title='bbox 848 3621 968 3660; x_wconf 73' lang='lat' dir='ltr'><strong>esse</strong></span> <span class='ocrx_word' id='word_1_294' title='bbox 1008 3605 1421 3673; x_wconf 89' lang='lat' dir='ltr'><strong>eontenderint,</strong></span> <span class='ocrx_word' id='word_1_295' title='bbox 1476 3606 1720 3661; x_wconf 89' lang='lat' dir='ltr'><strong>nolentes</strong></span> 
     </span>
    </p>
   </div>
   <div class='ocr_carea' id='block_1_37' title="bbox 121 3696 1720 3766">
    <p class='ocr_par' dir='ltr' id='par_1_37' title="bbox 121 3696 1720 3766">
     <span class='ocr_line' id='line_1_37' title="bbox 121 3696 1720 3766; baseline -0.004 -10"><span class='ocrx_word' id='word_1_296' title='bbox 121 3705 193 3756; x_wconf 86' lang='lat' dir='ltr'><strong>ita</strong></span> <span class='ocrx_word' id='word_1_297' title='bbox 221 3701 441 3755; x_wconf 87' lang='lat' dir='ltr'><strong>discere</strong></span> <span class='ocrx_word' id='word_1_298' title='bbox 462 3709 519 3753; x_wconf 94' lang='lat' dir='ltr'><strong>ut</strong></span> <span class='ocrx_word' id='word_1_299' title='bbox 541 3699 629 3753; x_wconf 89' lang='lat' dir='ltr'><strong>ille</strong></span> <span class='ocrx_word' id='word_1_300' title='bbox 656 3698 952 3753; x_wconf 87' lang='lat' dir='ltr'><strong>constituit.</strong></span> <span class='ocrx_word' id='word_1_301' title='bbox 988 3696 1274 3766; x_wconf 80' lang='lat' dir='ltr'><strong>Propterea</strong></span> <span class='ocrx_word' id='word_1_302' title='bbox 1303 3713 1475 3766; x_wconf 88' lang='lat' dir='ltr'><strong>neque</strong></span> <span class='ocrx_word' id='word_1_303' title='bbox 1502 3698 1578 3751; x_wconf 87' lang='lat' dir='ltr'><strong>sic</strong></span> <span class='ocrx_word' id='word_1_304' title='bbox 1604 3713 1720 3750; x_wconf 85' lang='lat' dir='ltr'><strong>om—</strong></span> 
     </span>
    </p>
   </div>
   <div class='ocr_carea' id='block_1_38' title="bbox 121 3788 1720 3844">
    <p class='ocr_par' dir='ltr' id='par_1_38' title="bbox 121 3788 1720 3844">
     <span class='ocr_line' id='line_1_38' title="bbox 121 3788 1720 3844; baseline -0.002 0"><span class='ocrx_word' id='word_1_305' title='bbox 121 3792 255 3844; x_wconf 90' lang='lat' dir='ltr'><strong>nino</strong></span> <span class='ocrx_word' id='word_1_306' title='bbox 276 3790 600 3843; x_wconf 83' lang='lat' dir='ltr'><strong>didicerunt.</strong></span> <span class='ocrx_word' id='word_1_307' title='bbox 624 3789 714 3843; x_wconf 87' lang='lat' dir='ltr'><strong>Sic</strong></span> <span class='ocrx_word' id='word_1_308' title='bbox 742 3790 902 3843; x_wconf 89' lang='lat' dir='ltr'><strong>etiam</strong></span> <span class='ocrx_word' id='word_1_309' title='bbox 934 3788 1127 3840; x_wconf 79' lang='lat' dir='ltr'><strong>factum</strong></span> <span class='ocrx_word' id='word_1_310' title='bbox 1156 3798 1241 3841; x_wconf 91' lang='lat' dir='ltr'><strong>est</strong></span> <span class='ocrx_word' id='word_1_311' title='bbox 1278 3788 1346 3841; x_wconf 86' lang='lat' dir='ltr'><strong>ab</strong></span> <span class='ocrx_word' id='word_1_312' title='bbox 1377 3789 1546 3841; x_wconf 89' lang='lat' dir='ltr'><strong>initio.</strong></span> <span class='ocrx_word' id='word_1_313' title='bbox 1579 3789 1720 3842; x_wconf 82' lang='lat' dir='ltr'><strong>Dixit</strong></span> 
     </span>
    </p>
   </div>
   <div class='ocr_carea' id='block_1_39' title="bbox 122 3879 1719 3948">
    <p class='ocr_par' dir='ltr' id='par_1_39' title="bbox 122 3879 1719 3948">
     <span class='ocr_line' id='line_1_39' title="bbox 122 3879 1719 3948; baseline -0.002 -14"><span class='ocrx_word' id='word_1_314' title='bbox 122 3883 358 3942; x_wconf 79' lang='lat' dir='ltr'><strong>Adamn,</strong></span> <span class='ocrx_word' id='word_1_315' title='bbox 408 3880 519 3933; x_wconf 79' lang='lat' dir='ltr'><strong>[loc</strong></span> <span class='ocrx_word' id='word_1_316' title='bbox 550 3880 650 3943; x_wconf 81' lang='lat' dir='ltr'><strong>lae,</strong></span> <span class='ocrx_word' id='word_1_317' title='bbox 686 3879 785 3932; x_wconf 91' lang='lat' dir='ltr'><strong>hoc</strong></span> <span class='ocrx_word' id='word_1_318' title='bbox 814 3895 881 3934; x_wconf 90' lang='lat' dir='ltr'><strong>ne</strong></span> <span class='ocrx_word' id='word_1_319' title='bbox 909 3879 1124 3933; x_wconf 80' lang='lat' dir='ltr'><strong>feceris.</strong></span> <span class='ocrx_word' id='word_1_320' title='bbox 1157 3880 1250 3932; x_wconf 84' lang='lat' dir='ltr'><strong>Ille</strong></span> <span class='ocrx_word' id='word_1_321' title='bbox 1271 3895 1329 3933; x_wconf 89' lang='lat' dir='ltr'><strong>se</strong></span> <span class='ocrx_word' id='word_1_322' title='bbox 1358 3881 1506 3948; x_wconf 85' lang='lat' dir='ltr'><strong>plura</strong></span> <span class='ocrx_word' id='word_1_323' title='bbox 1538 3897 1719 3948; x_wconf 74' lang='lat' dir='ltr'><strong>reper-</strong></span> 
     </span>
    </p>
   </div>
   <div class='ocr_carea' id='block_1_40' title="bbox 122 3970 1717 4040">
    <p class='ocr_par' dir='ltr' id='par_1_40' title="bbox 122 3970 1717 4040">
     <span class='ocr_line' id='line_1_40' title="bbox 122 3970 1717 4040; baseline -0.001 -15"><span class='ocrx_word' id='word_1_324' title='bbox 122 3986 309 4026; x_wconf 84' lang='lat' dir='ltr'><strong>turum</strong></span> <span class='ocrx_word' id='word_1_325' title='bbox 346 3985 595 4040; x_wconf 80' lang='lat' dir='ltr'><strong>sperans,</strong></span> <span class='ocrx_word' id='word_1_326' title='bbox 624 3970 955 4039; x_wconf 87' lang='lat' dir='ltr'><strong>obsequntus</strong></span> <span class='ocrx_word' id='word_1_327' title='bbox 986 3978 1215 4034; x_wconf 88' lang='lat' dir='ltr'><strong>nonest,</strong></span> <span class='ocrx_word' id='word_1_328' title='bbox 1240 3979 1294 4023; x_wconf 89' lang='lat' dir='ltr'><strong>et</strong></span> <span class='ocrx_word' id='word_1_329' title='bbox 1315 3970 1456 4038; x_wconf 88' lang='lat' dir='ltr'><strong>quod</strong></span> <span class='ocrx_word' id='word_1_330' title='bbox 1490 3970 1717 4024; x_wconf 84' lang='lat' dir='ltr'><strong>habebat</strong></span> 
     </span>
    </p>
   </div>
   <div class='ocr_carea' id='block_1_41' title="bbox 122 4061 1716 4132">
    <p class='ocr_par' dir='ltr' id='par_1_41' title="bbox 122 4061 1716 4132">
     <span class='ocr_line' id='line_1_41' title="bbox 122 4061 1716 4132; baseline 0 -14"><span class='ocrx_word' id='word_1_331' title='bbox 122 4063 381 4132; x_wconf 82' lang='lat' dir='ltr'><strong>perdidit.</strong></span> <span class='ocrx_word' id='word_1_332' title='bbox 416 4062 557 4116; x_wconf 83' lang='lat' dir='ltr'><strong>Dixit</strong></span> <span class='ocrx_word' id='word_1_333' title='bbox 586 4062 649 4115; x_wconf 84' lang='lat' dir='ltr'><strong>iis</strong></span> <span class='ocrx_word' id='word_1_334' title='bbox 692 4062 779 4131; x_wconf 92' lang='lat' dir='ltr'><strong>qui</strong></span> <span class='ocrx_word' id='word_1_335' title='bbox 822 4071 1003 4130; x_wconf 88' lang='lat' dir='ltr'><strong>postea</strong></span> <span class='ocrx_word' id='word_1_336' title='bbox 1051 4061 1221 4127; x_wconf 80' lang='lat' dir='ltr'><strong>fuere,</strong></span> <span class='ocrx_word' id='word_1_337' title='bbox 1269 4062 1345 4116; x_wconf 86' lang='lat' dir='ltr'><strong>Ne</strong></span> <span class='ocrx_word' id='word_1_338' title='bbox 1376 4064 1427 4115; x_wconf 92' lang='lat' dir='ltr'><strong>in</strong></span> <span class='ocrx_word' id='word_1_339' title='bbox 1460 4078 1519 4118; x_wconf 88' lang='lat' dir='ltr'><strong>re</strong></span> <span class='ocrx_word' id='word_1_340' title='bbox 1538 4074 1716 4118; x_wconf 86' lang='lat' dir='ltr'><strong>creata</strong></span> 
     </span>
    </p>
   </div>
   <div class='ocr_carea' id='block_1_42' title="bbox 120 4154 1712 4223">
    <p class='ocr_par' dir='ltr' id='par_1_42' title="bbox 120 4154 1712 4223">
     <span class='ocr_line' id='line_1_42' title="bbox 120 4154 1712 4223; baseline 0.001 -13"><span class='ocrx_word' id='word_1_341' title='bbox 120 4156 428 4219; x_wconf 65' lang='lat' dir='ltr'><strong>eorusistite,</strong></span> <span class='ocrx_word' id='word_1_342' title='bbox 470 4154 564 4213; x_wconf 86' lang='lat' dir='ltr'><strong>sed</strong></span> <span class='ocrx_word' id='word_1_343' title='bbox 613 4170 706 4223; x_wconf 93' lang='lat' dir='ltr'><strong>per</strong></span> <span class='ocrx_word' id='word_1_344' title='bbox 731 4155 873 4208; x_wconf 86' lang='lat' dir='ltr'><strong>illam</strong></span> <span class='ocrx_word' id='word_1_345' title='bbox 914 4155 1223 4209; x_wconf 82' lang='lat' dir='ltr'><strong>Creatorem</strong></span> <span class='ocrx_word' id='word_1_346' title='bbox 1254 4157 1712 4223; x_wconf 87' lang='lat' dir='ltr'><strong>contemplamini.</strong></span> 
     </span>
    </p>
   </div>
   <div class='ocr_carea' id='block_1_43' title="bbox 121 4248 1715 4317">
    <p class='ocr_par' dir='ltr' id='par_1_43' title="bbox 121 4248 1715 4317">
     <span class='ocr_line' id='line_1_43' title="bbox 121 4248 1715 4317; baseline 0.001 -15"><span class='ocrx_word' id='word_1_347' title='bbox 121 4250 201 4303; x_wconf 90' lang='lat' dir='ltr'><strong>llli</strong></span> <span class='ocrx_word' id='word_1_348' title='bbox 246 4258 452 4312; x_wconf 87' lang='lat' dir='ltr'><strong>autem,</strong></span> <span class='ocrx_word' id='word_1_349' title='bbox 480 4248 633 4317; x_wconf 83' lang='lat' dir='ltr'><strong>quasi</strong></span> <span class='ocrx_word' id='word_1_350' title='bbox 660 4248 784 4317; x_wconf 90' lang='lat' dir='ltr'><strong>quid</strong></span> <span class='ocrx_word' id='word_1_351' title='bbox 826 4248 983 4302; x_wconf 87' lang='lat' dir='ltr'><strong>dictis</strong></span> <span class='ocrx_word' id='word_1_352' title='bbox 1015 4249 1313 4317; x_wconf 89' lang='lat' dir='ltr'><strong>sapientius</strong></span> <span class='ocrx_word' id='word_1_353' title='bbox 1344 4250 1673 4305; x_wconf 77' lang='lat' dir='ltr'><strong>invenissent</strong></span> <span class='ocrx_word' id='word_1_354' title='bbox 1697 4293 1715 4315; x_wconf 83' lang='lat'><strong>,</strong></span> 
     </span>
    </p>
   </div>
   <div class='ocr_carea' id='block_1_44' title="bbox 123 4339 1710 4409">
    <p class='ocr_par' dir='ltr' id='par_1_44' title="bbox 123 4339 1710 4409">
     <span class='ocr_line' id='line_1_44' title="bbox 123 4339 1710 4409; baseline 0.002 -16"><span class='ocrx_word' id='word_1_355' title='bbox 123 4344 442 4394; x_wconf 85' lang='lat' dir='ltr'><strong>innumeros</strong></span> <span class='ocrx_word' id='word_1_356' title='bbox 471 4348 750 4393; x_wconf 87' lang='lat' dir='ltr'><strong>moverunt</strong></span> <span class='ocrx_word' id='word_1_357' title='bbox 778 4339 1130 4409; x_wconf 79' lang='lat' dir='ltr'><strong>labyrinthus.</strong></span> <span class='ocrx_word' id='word_1_358' title='bbox 1162 4342 1505 4408; x_wconf 80' lang='lat' dir='ltr'><strong>Quapropter</strong></span> <span class='ocrx_word' id='word_1_359' title='bbox 1535 4351 1590 4395; x_wconf 92' lang='lat' dir='ltr'><strong>et</strong></span> <span class='ocrx_word' id='word_1_360' title='bbox 1618 4358 1710 4397; x_wconf 85' lang='lat' dir='ltr'><strong>se-</strong></span> 
     </span>
    </p>
   </div>
   <div class='ocr_carea' id='block_1_45' title="bbox 122 4432 1713 4500">
    <p class='ocr_par' dir='ltr' id='par_1_45' title="bbox 122 4432 1713 4500">
     <span class='ocr_line' id='line_1_45' title="bbox 122 4432 1713 4500; baseline 0.001 -12"><span class='ocrx_word' id='word_1_361' title='bbox 122 4450 243 4488; x_wconf 87' lang='lat' dir='ltr'><strong>cum</strong></span> <span class='ocrx_word' id='word_1_362' title='bbox 275 4444 329 4487; x_wconf 92' lang='lat' dir='ltr'><strong>et</strong></span> <span class='ocrx_word' id='word_1_363' title='bbox 359 4435 500 4486; x_wconf 84' lang='lat' dir='ltr'><strong>inter</strong></span> <span class='ocrx_word' id='word_1_364' title='bbox 524 4448 583 4486; x_wconf 89' lang='lat' dir='ltr'><strong>se</strong></span> <span class='ocrx_word' id='word_1_365' title='bbox 608 4445 793 4487; x_wconf 91' lang='lat' dir='ltr'><strong>mutuo</strong></span> <span class='ocrx_word' id='word_1_366' title='bbox 817 4432 1193 4495; x_wconf 83' lang='lat' dir='ltr'><strong>conﬂixerunt,</strong></span> <span class='ocrx_word' id='word_1_367' title='bbox 1237 4447 1301 4485; x_wconf 87' lang='lat' dir='ltr'><strong>ac</strong></span> <span class='ocrx_word' id='word_1_368' title='bbox 1336 4448 1507 4500; x_wconf 88' lang='lat' dir='ltr'><strong>neque</strong></span> <span class='ocrx_word' id='word_1_369' title='bbox 1547 4435 1713 4489; x_wconf 89' lang='lat' dir='ltr'><strong>Deum</strong></span> 
     </span>
    </p>
   </div>
   <div class='ocr_carea' id='block_1_46' title="bbox 126 4522 1711 4592">
    <p class='ocr_par' dir='ltr' id='par_1_46' title="bbox 126 4522 1711 4592">
     <span class='ocr_line' id='line_1_46' title="bbox 126 4522 1711 4592; baseline -0.001 -13"><span class='ocrx_word' id='word_1_370' title='bbox 126 4527 469 4589; x_wconf 74' lang='lat' dir='ltr'><strong>invenerunt,</strong></span> <span class='ocrx_word' id='word_1_371' title='bbox 502 4538 674 4592; x_wconf 88' lang='lat' dir='ltr'><strong>neque</strong></span> <span class='ocrx_word' id='word_1_372' title='bbox 696 4524 850 4577; x_wconf 84' lang='lat' dir='ltr'><strong>dere</strong></span> <span class='ocrx_word' id='word_1_373' title='bbox 880 4532 1073 4581; x_wconf 83' lang='lat' dir='ltr'><strong>creata.</strong></span> <span class='ocrx_word' id='word_1_374' title='bbox 1093 4523 1219 4589; x_wconf 87' lang='lat' dir='ltr'><strong>quid</strong></span> <span class='ocrx_word' id='word_1_375' title='bbox 1248 4522 1396 4578; x_wconf 84' lang='lat' dir='ltr'><strong>ciare</strong></span> <span class='ocrx_word' id='word_1_376' title='bbox 1428 4538 1711 4591; x_wconf 83' lang='lat' dir='ltr'><strong>noverunt,</strong></span> 
     </span>
    </p>
   </div>
   <div class='ocr_carea' id='block_1_47' title="bbox 128 4616 1711 4686">
    <p class='ocr_par' dir='ltr' id='par_1_47' title="bbox 128 4616 1711 4686">
     <span class='ocr_line' id='line_1_47' title="bbox 128 4616 1711 4686; baseline 0.001 -14"><span class='ocrx_word' id='word_1_377' title='bbox 128 4633 303 4686; x_wconf 88' lang='lat' dir='ltr'><strong>neque</strong></span> <span class='ocrx_word' id='word_1_378' title='bbox 342 4627 728 4686; x_wconf 86' lang='lat' dir='ltr'><strong>eongrttenlem</strong></span> <span class='ocrx_word' id='word_1_379' title='bbox 776 4624 828 4669; x_wconf 91' lang='lat' dir='ltr'><strong>et</strong></span> <span class='ocrx_word' id='word_1_380' title='bbox 870 4631 1051 4671; x_wconf 74' lang='lat' dir='ltr'><strong>veram</strong></span> <span class='ocrx_word' id='word_1_381' title='bbox 1081 4616 1221 4669; x_wconf 89' lang='lat' dir='ltr'><strong>circa</strong></span> <span class='ocrx_word' id='word_1_382' title='bbox 1260 4632 1376 4669; x_wconf 90' lang='lat' dir='ltr'><strong>eam</strong></span> <span class='ocrx_word' id='word_1_383' title='bbox 1406 4618 1711 4685; x_wconf 87' lang='lat' dir='ltr'><strong>opinionem</strong></span> 
     </span>
    </p>
   </div>
   <div class='ocr_carea' id='block_1_48' title="bbox 126 4706 1711 4775">
    <p class='ocr_par' dir='ltr' id='par_1_48' title="bbox 126 4706 1711 4775">
     <span class='ocr_line' id='line_1_48' title="bbox 126 4706 1711 4775; baseline 0.003 -15"><span class='ocrx_word' id='word_1_384' title='bbox 126 4708 450 4761; x_wconf 87' lang='lat' dir='ltr'><strong>habuerunt.</strong></span> <span class='ocrx_word' id='word_1_385' title='bbox 482 4706 605 4760; x_wconf 87' lang='lat' dir='ltr'><strong>Ideo</strong></span> <span class='ocrx_word' id='word_1_386' title='bbox 634 4721 845 4759; x_wconf 87' lang='lat' dir='ltr'><strong>rursum</strong></span> <span class='ocrx_word' id='word_1_387' title='bbox 872 4721 1060 4775; x_wconf 83' lang='lat' dir='ltr'><strong>magna</strong></span> <span class='ocrx_word' id='word_1_388' title='bbox 1085 4707 1136 4758; x_wconf 91' lang='lat' dir='ltr'><strong>vi</strong></span> <span class='ocrx_word' id='word_1_389' title='bbox 1161 4707 1373 4760; x_wconf 90' lang='lat' dir='ltr'><strong>illorum</strong></span> <span class='ocrx_word' id='word_1_390' title='bbox 1404 4710 1711 4775; x_wconf 91' lang='lat' dir='ltr'><strong>opinionem</strong></span> 
     </span>
    </p>
   </div>
   <div class='ocr_carea' id='block_1_49' title="bbox 122 4798 1715 4876">
    <p class='ocr_par' dir='ltr' id='par_1_49' title="bbox 122 4798 1715 4876">
     <span class='ocr_line' id='line_1_49' title="bbox 122 4798 1715 4876; baseline 0.003 -23"><span class='ocrx_word' id='word_1_391' title='bbox 122 4798 424 4859; x_wconf 86' lang='lat' dir='ltr'><strong>decutiens,</strong></span> <span class='ocrx_word' id='word_1_392' title='bbox 449 4798 689 4852; x_wconf 84' lang='lat' dir='ltr'><strong>indoctos</strong></span> <span class='ocrx_word' id='word_1_393' title='bbox 706 4801 935 4865; x_wconf 88' lang='lat' dir='ltr'><strong>primum</strong></span> <span class='ocrx_word' id='word_1_394' title='bbox 960 4798 1184 4861; x_wconf 76' lang='lat' dir='ltr'><strong>induxit,</strong></span> <span class='ocrx_word' id='word_1_395' title='bbox 1212 4800 1501 4856; x_wconf 88' lang='lat' dir='ltr'><strong>ostendens</strong></span> <span class='ocrx_word' id='word_1_396' title='bbox 1527 4819 1715 4876; x_wconf 78' lang='lat' dir='ltr'><strong>omnes</strong></span> 
     </span>
    </p>
   </div>
   <div class='ocr_carea' id='block_1_50' title="bbox 125 4886 1712 4972">
    <p class='ocr_par' dir='ltr' id='par_1_50' title="bbox 125 4886 1712 4972">
     <span class='ocr_line' id='line_1_50' title="bbox 125 4886 1712 4972; baseline 0.001 -27"><span class='ocrx_word' id='word_1_397' title='bbox 125 4904 358 4960; x_wconf 81' lang='lat' dir='ltr'><strong>superna</strong></span> <span class='ocrx_word' id='word_1_398' title='bbox 386 4888 646 4955; x_wconf 82' lang='lat' dir='ltr'><strong>sapientia</strong></span> <span class='ocrx_word' id='word_1_399' title='bbox 673 4902 808 4956; x_wconf 89' lang='lat' dir='ltr'><strong>opus</strong></span> <span class='ocrx_word' id='word_1_400' title='bbox 840 4886 1055 4942; x_wconf 82' lang='lat' dir='ltr'><strong>habere.</strong></span> <span class='ocrx_word' id='word_1_401' title='bbox 1105 4887 1289 4958; x_wconf 85' lang='lat' dir='ltr'><strong>Neque</strong></span> <span class='ocrx_word' id='word_1_402' title='bbox 1335 4892 1493 4972; x_wconf 86' lang='lat' dir='ltr'><strong>modo</strong></span> <span class='ocrx_word' id='word_1_403' title='bbox 1535 4894 1583 4946; x_wconf 92' lang='lat' dir='ltr'><strong>in</strong></span> <span class='ocrx_word' id='word_1_404' title='bbox 1616 4912 1712 4948; x_wconf 88' lang='lat' dir='ltr'><strong>eo-</strong></span> 
     </span>
    </p>
   </div>
   <div class='ocr_carea' id='block_1_51' title="bbox 124 4976 1714 5049">
    <p class='ocr_par' dir='ltr' id='par_1_51' title="bbox 124 4976 1714 5049">
     <span class='ocr_line' id='line_1_51' title="bbox 124 4976 1714 5049; baseline 0.008 -19"><span class='ocrx_word' id='word_1_405' title='bbox 124 4980 383 5049; x_wconf 71' lang='lat' dir='ltr'><strong>guitionis</strong></span> <span class='ocrx_word' id='word_1_406' title='bbox 427 4976 667 5041; x_wconf 76' lang='lat' dir='ltr'><strong>ratione,</strong></span> <span class='ocrx_word' id='word_1_407' title='bbox 704 4977 798 5032; x_wconf 84' lang='lat' dir='ltr'><strong>sed</strong></span> <span class='ocrx_word' id='word_1_408' title='bbox 840 4988 893 5034; x_wconf 88' lang='lat' dir='ltr'><strong>et</strong></span> <span class='ocrx_word' id='word_1_409' title='bbox 936 4978 989 5031; x_wconf 92' lang='lat' dir='ltr'><strong>in</strong></span> <span class='ocrx_word' id='word_1_410' title='bbox 1039 4980 1162 5033; x_wconf 86' lang='lat' dir='ltr'><strong>aliis</strong></span> <span class='ocrx_word' id='word_1_411' title='bbox 1190 4982 1438 5037; x_wconf 89' lang='lat' dir='ltr'><strong>omnibus</strong></span> <span class='ocrx_word' id='word_1_412' title='bbox 1471 4984 1714 5043; x_wconf 88' lang='lat' dir='ltr'><strong>homines</strong></span> 
     </span>
    </p>
   </div>
   <div class='ocr_carea' id='block_1_52' title="bbox 123 5072 1713 5142">
    <p class='ocr_par' dir='ltr' id='par_1_52' title="bbox 123 5072 1713 5142">
     <span class='ocr_line' id='line_1_52' title="bbox 123 5072 1713 5142; baseline 0.005 -16"><span class='ocrx_word' id='word_1_413' title='bbox 123 5083 181 5126; x_wconf 89' lang='lat' dir='ltr'><strong>et</strong></span> <span class='ocrx_word' id='word_1_414' title='bbox 234 5087 425 5127; x_wconf 86' lang='lat' dir='ltr'><strong>omnes</strong></span> <span class='ocrx_word' id='word_1_415' title='bbox 486 5088 572 5126; x_wconf 88' lang='lat' dir='ltr'><strong>res</strong></span> <span class='ocrx_word' id='word_1_416' title='bbox 624 5080 834 5127; x_wconf 85' lang='lat' dir='ltr'><strong>creatas</strong></span> <span class='ocrx_word' id='word_1_417' title='bbox 895 5072 1117 5125; x_wconf 91' lang='lat' dir='ltr'><strong>omnino</strong></span> <span class='ocrx_word' id='word_1_418' title='bbox 1184 5088 1320 5142; x_wconf 83' lang='lat' dir='ltr'><strong>Opus</strong></span> <span class='ocrx_word' id='word_1_419' title='bbox 1384 5076 1581 5133; x_wconf 90' lang='lat' dir='ltr'><strong>habere</strong></span> <span class='ocrx_word' id='word_1_420' title='bbox 1630 5082 1713 5135; x_wconf 89' lang='lat' dir='ltr'><strong>sui</strong></span> 
     </span>
    </p>
   </div>
   <div class='ocr_carea' id='block_1_53' title="bbox 124 5160 1713 5226">
    <p class='ocr_par' dir='ltr' id='par_1_53' title="bbox 124 5160 1713 5226">
     <span class='ocr_line' id='line_1_53' title="bbox 124 5160 1713 5226; baseline 0.008 -13"><span class='ocrx_word' id='word_1_421' title='bbox 124 5162 335 5225; x_wconf 78' lang='lat' dir='ltr'><strong>voluit,</strong></span> <span class='ocrx_word' id='word_1_422' title='bbox 367 5173 428 5216; x_wconf 92' lang='lat' dir='ltr'><strong>ut</strong></span> <span class='ocrx_word' id='word_1_423' title='bbox 482 5163 769 5217; x_wconf 80' lang='lat' dir='ltr'><strong>maximam</strong></span> <span class='ocrx_word' id='word_1_424' title='bbox 822 5160 1045 5216; x_wconf 84' lang='lat' dir='ltr'><strong>haberet</strong></span> <span class='ocrx_word' id='word_1_425' title='bbox 1090 5166 1426 5222; x_wconf 87' lang='lat' dir='ltr'><strong>occasionem</strong></span> <span class='ocrx_word' id='word_1_426' title='bbox 1478 5179 1533 5223; x_wconf 91' lang='lat' dir='ltr'><strong>et</strong></span> <span class='ocrx_word' id='word_1_427' title='bbox 1583 5173 1713 5226; x_wconf 84' lang='lat' dir='ltr'><strong>sub-</strong></span> 
     </span>
    </p>
   </div>
   <div class='ocr_carea' id='block_1_54' title="bbox 119 5254 1709 5333">
    <p class='ocr_par' dir='ltr' id='par_1_54' title="bbox 119 5254 1709 5333">
     <span class='ocr_line' id='line_1_54' title="bbox 119 5254 1709 5333; baseline 0.005 -28"><span class='ocrx_word' id='word_1_428' title='bbox 119 5254 375 5324; x_wconf 83' lang='lat' dir='ltr'><strong>jectionis</strong></span> <span class='ocrx_word' id='word_1_429' title='bbox 402 5264 454 5307; x_wconf 90' lang='lat' dir='ltr'><strong>et</strong></span> <span class='ocrx_word' id='word_1_430' title='bbox 480 5254 923 5321; x_wconf 86' lang='lat' dir='ltr'><strong>necessitudinis,</strong></span> <span class='ocrx_word' id='word_1_431' title='bbox 972 5268 1038 5307; x_wconf 88' lang='lat' dir='ltr'><strong>ne</strong></span> <span class='ocrx_word' id='word_1_432' title='bbox 1079 5269 1199 5323; x_wconf 74' lang='lat' dir='ltr'><strong>qua:</strong></span> <span class='ocrx_word' id='word_1_433' title='bbox 1245 5258 1532 5326; x_wconf 86' lang='lat' dir='ltr'><strong>resilirent,</strong></span> <span class='ocrx_word' id='word_1_434' title='bbox 1587 5279 1709 5333; x_wconf 81' lang='lat' dir='ltr'><strong>pcr-</strong></span> 
     </span>
    </p>
   </div>
   <div class='ocr_carea' id='block_1_55' title="bbox 123 5346 1712 5420">
    <p class='ocr_par' dir='ltr' id='par_1_55' title="bbox 123 5346 1712 5420">
     <span class='ocr_line' id='line_1_55' title="bbox 123 5346 1712 5420; baseline 0.004 -17"><span class='ocrx_word' id='word_1_435' title='bbox 123 5349 265 5403; x_wconf 83' lang='lat' dir='ltr'><strong>irent</strong></span> <span class='ocrx_word' id='word_1_436' title='bbox 302 5346 341 5399; x_wconf 88' lang='grc'>¹.</span> <span class='ocrx_word' id='word_1_437' title='bbox 385 5346 615 5415; x_wconf 87' lang='lat' dir='ltr'><strong>Ideoque</strong></span> <span class='ocrx_word' id='word_1_438' title='bbox 654 5362 758 5401; x_wconf 90' lang='lat' dir='ltr'><strong>non</strong></span> <span class='ocrx_word' id='word_1_439' title='bbox 805 5346 1045 5419; x_wconf 87' lang='lat' dir='ltr'><strong>permisit</strong></span> <span class='ocrx_word' id='word_1_440' title='bbox 1080 5357 1137 5402; x_wconf 84' lang='grc' dir='ltr'><strong>ιιι</strong></span> <span class='ocrx_word' id='word_1_441' title='bbox 1175 5348 1273 5403; x_wconf 85' lang='lat' dir='ltr'><strong>sibi</strong></span> <span class='ocrx_word' id='word_1_442' title='bbox 1307 5350 1436 5420; x_wconf 85' lang='lat' dir='ltr'><strong>ipsis</strong></span> <span class='ocrx_word' id='word_1_443' title='bbox 1465 5354 1594 5409; x_wconf 84' lang='lat' dir='ltr'><strong>satis</strong></span> <span class='ocrx_word' id='word_1_444' title='bbox 1624 5371 1712 5410; x_wconf 80' lang='lat' dir='ltr'><strong>es-</strong></span> 
     </span>
    </p>
   </div>
   <div class='ocr_carea' id='block_1_56' title="bbox 165 5565 1712 5640">
    <p class='ocr_par' dir='ltr' id='par_1_56' title="bbox 165 5565 1712 5640">
     <span class='ocr_line' id='line_1_56' title="bbox 165 5565 1712 5640; baseline 0.008 -25"><span class='ocrx_word' id='word_1_445' title='bbox 165 5568 207 5640; x_wconf 43' lang='lat'><em>}</em></span> <span class='ocrx_word' id='word_1_446' title='bbox 244 5566 384 5627; x_wconf 66' lang='lat' dir='ltr'><strong>Haec,</strong></span> <span class='ocrx_word' id='word_1_447' title='bbox 406 5578 463 5616; x_wconf 78' lang='lat' dir='ltr'><strong>ne</strong></span> <span class='ocrx_word' id='word_1_448' title='bbox 494 5578 604 5630; x_wconf 69' lang='lat' dir='ltr'><strong>qua:</strong></span> <span class='ocrx_word' id='word_1_449' title='bbox 636 5565 896 5630; x_wconf 81' lang='lat' dir='ltr'><strong>resilirent,</strong></span> <span class='ocrx_word' id='word_1_450' title='bbox 922 5570 1155 5635; x_wconf 82' lang='lat' dir='ltr'><strong>perirent,</strong></span> <span class='ocrx_word' id='word_1_451' title='bbox 1168 5569 1309 5620; x_wconf 88' lang='lat' dir='ltr'><strong>savil.</strong></span> <span class='ocrx_word' id='word_1_452' title='bbox 1338 5576 1495 5634; x_wconf 85' lang='lat' dir='ltr'><strong>posuit</strong></span> <span class='ocrx_word' id='word_1_453' title='bbox 1519 5576 1565 5625; x_wconf 93' lang='lat' dir='ltr'><strong>in</strong></span> <span class='ocrx_word' id='word_1_454' title='bbox 1590 5591 1712 5627; x_wconf 86' lang='lat' dir='ltr'><strong>mar-</strong></span> 
     </span>
    </p>
   </div>
   <div class='ocr_carea' id='block_1_57' title="bbox 212 5643 262 5678">
    <p class='ocr_par' dir='ltr' id='par_1_57' title="bbox 212 5643 262 5678">
     <span class='ocr_line' id='line_1_57' title="bbox 212 5643 262 5678; baseline 0 0"><span class='ocrx_word' id='word_1_455' title='bbox 212 5643 262 5678; x_wconf 66' lang='grc' dir='ltr'><strong>Β.</strong></span> 
     </span>
    </p>
   </div>
   <div class='ocr_carea' id='block_1_58' title="bbox 124 5640 1712 5774">
    <p class='ocr_par' dir='ltr' id='par_1_58' title="bbox 124 5640 1712 5774">
     <span class='ocr_line' id='line_1_58' title="bbox 212 5643 262 5678; baseline 0 0"><span class='ocrx_word' id='word_1_456' title='bbox 212 5643 262 5678; x_wconf 85' lang='lat' dir='ltr'><strong>e.</strong></span> 
     </span>
     <span class='ocr_line' id='line_1_59' title="bbox 124 5640 1712 5774; baseline 0.012 -19"><span class='ocrx_word' id='word_1_457' title='bbox 124 5640 264 5774; x_wconf 52' lang='grc' dir='ltr'><strong>8,ξω</strong></span> <span class='ocrx_word' id='word_1_458' title='bbox 284 5720 401 5769; x_wconf 65' lang='lat' dir='ltr'><strong>tmte</strong></span> <span class='ocrx_word' id='word_1_459' title='bbox 423 5713 613 5761; x_wconf 78' lang='lat' dir='ltr'><strong>uncinis</strong></span> <span class='ocrx_word' id='word_1_460' title='bbox 633 5709 945 5771; x_wconf 80' lang='lat' dir='ltr'><strong>clauduntur,</strong></span> <span class='ocrx_word' id='word_1_461' title='bbox 971 5715 1020 5764; x_wconf 92' lang='lat' dir='ltr'><strong>in</strong></span> <span class='ocrx_word' id='word_1_462' title='bbox 1044 5713 1264 5773; x_wconf 75' lang='lat' dir='ltr'><strong>margine</strong></span> <span class='ocrx_word' id='word_1_463' title='bbox 1289 5714 1453 5767; x_wconf 74' lang='lat' dir='ltr'><strong>ferunt</strong></span> <span class='ocrx_word' id='word_1_464' title='bbox 1473 5722 1633 5773; x_wconf 76' lang='lat' dir='ltr'><strong>Montl&#39;.</strong></span> <span class='ocrx_word' id='word_1_465' title='bbox 1661 5731 1712 5774; x_wconf 91' lang='lat' dir='ltr'><strong>et</strong></span> 
     </span>
    </p>
   </div>
   <div class='ocr_carea' id='block_1_59' title="bbox 126 5772 1354 5837">
    <p class='ocr_par' dir='ltr' id='par_1_59' title="bbox 126 5772 1354 5837">
     <span class='ocr_line' id='line_1_60' title="bbox 126 5772 1354 5837; baseline 0.004 -16"><span class='ocrx_word' id='word_1_466' title='bbox 126 5772 242 5822; x_wconf 67' lang='lat' dir='ltr'><strong>util</strong></span> <span class='ocrx_word' id='word_1_467' title='bbox 290 5775 529 5837; x_wconf 76' lang='lat' dir='ltr'><strong>nobisque</strong></span> <span class='ocrx_word' id='word_1_468' title='bbox 552 5778 601 5825; x_wconf 87' lang='lat' dir='ltr'><strong>in</strong></span> <span class='ocrx_word' id='word_1_469' title='bbox 623 5778 817 5825; x_wconf 72' lang='lat' dir='ltr'><strong>textum</strong></span> <span class='ocrx_word' id='word_1_470' title='bbox 834 5776 1059 5837; x_wconf 80' lang='lat' dir='ltr'><strong>recipere</strong></span> <span class='ocrx_word' id='word_1_471' title='bbox 1084 5772 1237 5828; x_wconf 62' lang='lat' dir='ltr'><strong>vis‘utn</strong></span> <span class='ocrx_word' id='word_1_472' title='bbox 1262 5787 1354 5828; x_wconf 65' lang='lat' dir='ltr'><strong>ist.</strong></span> 
     </span>
    </p>
   </div>
   <div class='ocr_carea' id='block_1_60' title="bbox 1863 471 3449 548">
    <p class='ocr_par' dir='ltr' id='par_1_60' title="bbox 1863 471 3449 548">
     <span class='ocr_line' id='line_1_61' title="bbox 1863 471 3449 548; baseline 0.008 -25"><span class='ocrx_word' id='word_1_473' title='bbox 1863 479 2003 524; x_wconf 88' lang='lat' dir='ltr'><strong>sent.</strong></span> <span class='ocrx_word' id='word_1_474' title='bbox 2035 471 2165 525; x_wconf 87' lang='lat' dir='ltr'><strong>Nam</strong></span> <span class='ocrx_word' id='word_1_475' title='bbox 2197 472 2240 526; x_wconf 92' lang='lat' dir='ltr'><strong>si</strong></span> <span class='ocrx_word' id='word_1_476' title='bbox 2274 487 2414 527; x_wconf 82' lang='lat' dir='ltr'><strong>llllllc</strong></span> <span class='ocrx_word' id='word_1_477' title='bbox 2464 474 2625 529; x_wconf 90' lang='lat' dir='ltr'><strong>etiam</strong></span> <span class='ocrx_word' id='word_1_478' title='bbox 2673 476 2826 530; x_wconf 91' lang='lat' dir='ltr'><strong>multi</strong></span> <span class='ocrx_word' id='word_1_479' title='bbox 2867 492 2989 533; x_wconf 89' lang='lat' dir='ltr'><strong>cum</strong></span> <span class='ocrx_word' id='word_1_480' title='bbox 3019 494 3154 547; x_wconf 87' lang='lat' dir='ltr'><strong>epos</strong></span> <span class='ocrx_word' id='word_1_481' title='bbox 3198 479 3449 548; x_wconf 78' lang='lat' dir='ltr'><strong>habeam,</strong></span> 
     </span>
    </p>
   </div>
   <div class='ocr_carea' id='block_1_61' title="bbox 1860 560 3453 639">
    <p class='ocr_par' dir='ltr' id='par_1_61' title="bbox 1860 560 3453 639">
     <span class='ocr_line' id='line_1_62' title="bbox 1860 560 3453 639; baseline 0.01 -26"><span class='ocrx_word' id='word_1_482' title='bbox 1860 560 2198 631; x_wconf 81' lang='lat' dir='ltr'><strong>despiciunt:</strong></span> <span class='ocrx_word' id='word_1_483' title='bbox 2232 564 2332 617; x_wconf 83' lang='lat' dir='ltr'><strong>nisi</strong></span> <span class='ocrx_word' id='word_1_484' title='bbox 2374 564 2477 618; x_wconf 90' lang='lat' dir='ltr'><strong>hoc</strong></span> <span class='ocrx_word' id='word_1_485' title='bbox 2520 564 2731 628; x_wconf 81' lang='lat' dir='ltr'><strong>fuisset,</strong></span> <span class='ocrx_word' id='word_1_486' title='bbox 2786 584 2893 637; x_wconf 89' lang='lat' dir='ltr'><strong>quo</strong></span> <span class='ocrx_word' id='word_1_487' title='bbox 2934 570 3200 639; x_wconf 71' lang='lat' dir='ltr'><strong>superbia:</strong></span> <span class='ocrx_word' id='word_1_488' title='bbox 3230 588 3334 627; x_wconf 91' lang='lat' dir='ltr'><strong>non</strong></span> <span class='ocrx_word' id='word_1_489' title='bbox 3364 590 3453 629; x_wconf 80' lang='lat' dir='ltr'><strong>as-</strong></span> 
     </span>
    </p>
   </div>
   <div class='ocr_carea' id='block_1_62' title="bbox 1858 652 3448 727">
    <p class='ocr_par' dir='ltr' id='par_1_62' title="bbox 1858 652 3448 727">
     <span class='ocr_line' id='line_1_63' title="bbox 1858 652 3448 727; baseline 0.009 -23"><span class='ocrx_word' id='word_1_490' title='bbox 1858 652 2208 707; x_wconf 85' lang='lat' dir='ltr'><strong>cendissent?</strong></span> <span class='ocrx_word' id='word_1_491' title='bbox 2236 661 2417 725; x_wconf 85' lang='lat' dir='ltr'><strong>Itaque</strong></span> <span class='ocrx_word' id='word_1_492' title='bbox 2448 664 2646 710; x_wconf 74' lang='lat' dir='ltr'><strong>Lautam</strong></span> <span class='ocrx_word' id='word_1_493' title='bbox 2675 658 2857 727; x_wconf 80' lang='lat' dir='ltr'><strong>gloria:</strong></span> <span class='ocrx_word' id='word_1_494' title='bbox 2887 663 3321 725; x_wconf 85' lang='lat' dir='ltr'><strong>ostentationem,</strong></span> <span class='ocrx_word' id='word_1_495' title='bbox 3343 681 3448 718; x_wconf 90' lang='lat' dir='ltr'><strong>non</strong></span> 
     </span>
    </p>
   </div>
   <div class='ocr_carea' id='block_1_63' title="bbox 1858 744 3445 813">
    <p class='ocr_par' dir='ltr' id='par_1_63' title="bbox 1858 744 3445 813">
     <span class='ocr_line' id='line_1_64' title="bbox 1858 744 3445 813; baseline 0.011 -19"><span class='ocrx_word' id='word_1_496' title='bbox 1858 756 1922 795; x_wconf 89' lang='lat' dir='ltr'><strong>ex</strong></span> <span class='ocrx_word' id='word_1_497' title='bbox 1974 744 2172 797; x_wconf 87' lang='lat' dir='ltr'><strong>invidia</strong></span> <span class='ocrx_word' id='word_1_498' title='bbox 2224 746 2311 800; x_wconf 89' lang='lat' dir='ltr'><strong>ille</strong></span> <span class='ocrx_word' id='word_1_499' title='bbox 2355 748 2608 813; x_wconf 91' lang='lat' dir='ltr'><strong>sustulit,</strong></span> <span class='ocrx_word' id='word_1_500' title='bbox 2653 750 2747 803; x_wconf 90' lang='lat' dir='ltr'><strong>sed</strong></span> <span class='ocrx_word' id='word_1_501' title='bbox 2782 759 2835 804; x_wconf 91' lang='lat' dir='ltr'><strong>ut</strong></span> <span class='ocrx_word' id='word_1_502' title='bbox 2877 753 3176 808; x_wconf 80' lang='lat' dir='ltr'><strong>retraheret</strong></span> <span class='ocrx_word' id='word_1_503' title='bbox 3218 754 3339 810; x_wconf 91' lang='lat' dir='ltr'><strong>illos</strong></span> <span class='ocrx_word' id='word_1_504' title='bbox 3381 774 3445 811; x_wconf 80' lang='lat' dir='ltr'><strong>ex</strong></span> 
     </span>
    </p>
   </div>
   <div class='ocr_carea' id='block_1_64' title="bbox 1858 836 3446 909">
    <p class='ocr_par' dir='ltr' id='par_1_64' title="bbox 1858 836 3446 909">
     <span class='ocr_line' id='line_1_65' title="bbox 1858 836 3446 909; baseline 0.008 -20"><span class='ocrx_word' id='word_1_505' title='bbox 1858 836 2092 903; x_wconf 84' lang='lat' dir='ltr'><strong>pernicie</strong></span> <span class='ocrx_word' id='word_1_506' title='bbox 2122 838 2246 893; x_wconf 90' lang='lat' dir='ltr'><strong>inde</strong></span> <span class='ocrx_word' id='word_1_507' title='bbox 2292 848 2462 909; x_wconf 87' lang='lat' dir='ltr'><strong>parta.</strong></span> <span class='ocrx_word' id='word_1_508' title='bbox 2521 841 2607 895; x_wconf 77' lang='lat'><strong>50.</strong></span> <span class='ocrx_word' id='word_1_509' title='bbox 2647 841 2726 895; x_wconf 82' lang='lat' dir='ltr'><strong>Ea:</strong></span> <span class='ocrx_word' id='word_1_510' title='bbox 2768 843 2877 905; x_wconf 80' lang='lat' dir='ltr'><strong>ipso</strong></span> <span class='ocrx_word' id='word_1_511' title='bbox 2924 855 3091 899; x_wconf 85' lang='lat' dir='ltr'><strong>autent</strong></span> <span class='ocrx_word' id='word_1_512' title='bbox 3125 862 3209 901; x_wconf 79' lang='lat' dir='ltr'><strong>vos</strong></span> <span class='ocrx_word' id='word_1_513' title='bbox 3244 858 3363 904; x_wconf 78' lang='lat' dir='ltr'><strong>estis</strong></span> <span class='ocrx_word' id='word_1_514' title='bbox 3393 851 3446 903; x_wconf 85' lang='lat' dir='ltr'><strong>in</strong></span> 
     </span>
    </p>
   </div>
   <div class='ocr_carea' id='block_1_65' title="bbox 1856 927 3445 1009">
    <p class='ocr_par' dir='ltr' id='par_1_65' title="bbox 1856 927 3445 1009">
     <span class='ocr_line' id='line_1_66' title="bbox 1856 927 3445 1009; baseline 0.012 -30"><span class='ocrx_word' id='word_1_515' title='bbox 1856 927 2059 980; x_wconf 79' lang='lat' dir='ltr'><strong>Christo</strong></span> <span class='ocrx_word' id='word_1_516' title='bbox 2091 929 2239 993; x_wconf 69' lang='lat' dir='ltr'><strong>Iesu,</strong></span> <span class='ocrx_word' id='word_1_517' title='bbox 2285 934 2373 997; x_wconf 85' lang='lat' dir='ltr'><strong>qui</strong></span> <span class='ocrx_word' id='word_1_518' title='bbox 2420 933 2587 1000; x_wconf 80' lang='lat' dir='ltr'><strong>factus</strong></span> <span class='ocrx_word' id='word_1_519' title='bbox 2632 935 2884 989; x_wconf 51' lang='lat' dir='ltr'><strong>eu&#39;nobis</strong></span> <span class='ocrx_word' id='word_1_520' title='bbox 2916 941 3163 1008; x_wconf 75' lang='lat' dir='ltr'><strong>sapientia</strong></span> <span class='ocrx_word' id='word_1_521' title='bbox 3189 957 3219 993; x_wconf 91' lang='lat' dir='ltr'><strong>a</strong></span> <span class='ocrx_word' id='word_1_522' title='bbox 3243 942 3370 1009; x_wconf 83' lang='lat' dir='ltr'><strong>Deo,</strong></span> <span class='ocrx_word' id='word_1_523' title='bbox 3397 958 3445 998; x_wconf 74' lang='grc' dir='ltr'><strong>(ι</strong></span> 
     </span>
    </p>
   </div>
   <div class='ocr_carea' id='block_1_66' title="bbox 1847 1017 3436 1104">
    <p class='ocr_par' dir='ltr' id='par_1_66' title="bbox 1847 1017 3436 1104">
     <span class='ocr_line' id='line_1_67' title="bbox 1847 1017 3436 1104; baseline 0.014 -36"><span class='ocrx_word' id='word_1_524' title='bbox 1847 1017 2051 1087; x_wconf 80' lang='lat' dir='ltr'><strong>justitia</strong></span> <span class='ocrx_word' id='word_1_525' title='bbox 2091 1031 2136 1074; x_wconf 90' lang='lat' dir='ltr'><strong>ct</strong></span> <span class='ocrx_word' id='word_1_526' title='bbox 2164 1024 2503 1091; x_wconf 80' lang='lat' dir='ltr'><strong>sanctiﬁcatio</strong></span> <span class='ocrx_word' id='word_1_527' title='bbox 2543 1035 2591 1079; x_wconf 89' lang='lat' dir='ltr'><strong>ct</strong></span> <span class='ocrx_word' id='word_1_528' title='bbox 2635 1026 2937 1097; x_wconf 79' lang='lat' dir='ltr'><strong>redemptio.</strong></span> <span class='ocrx_word' id='word_1_529' title='bbox 2987 1029 3141 1099; x_wconf 86' lang='lat' dir='ltr'><strong>Illud,</strong></span> <span class='ocrx_word' id='word_1_530' title='bbox 3191 1032 3274 1088; x_wconf 79' lang='lat' dir='ltr'><strong>Ex</strong></span> <span class='ocrx_word' id='word_1_531' title='bbox 3302 1036 3436 1104; x_wconf 84' lang='lat' dir='ltr'><strong>ipso,</strong></span> 
     </span>
    </p>
   </div>
   <div class='ocr_carea' id='block_1_67' title="bbox 1853 1108 3438 1194">
    <p class='ocr_par' dir='ltr' id='par_1_67' title="bbox 1853 1108 3438 1194">
     <span class='ocr_line' id='line_1_68' title="bbox 1853 1108 3438 1194; baseline 0.013 -35"><span class='ocrx_word' id='word_1_532' title='bbox 1853 1122 1959 1160; x_wconf 87' lang='lat' dir='ltr'><strong>non</strong></span> <span class='ocrx_word' id='word_1_533' title='bbox 1988 1108 2055 1163; x_wconf 90' lang='lat' dir='ltr'><strong>de</strong></span> <span class='ocrx_word' id='word_1_534' title='bbox 2087 1112 2435 1178; x_wconf 88' lang='lat' dir='ltr'><strong>productione</strong></span> <span class='ocrx_word' id='word_1_535' title='bbox 2462 1115 2528 1169; x_wconf 89' lang='lat' dir='ltr'><strong>ad</strong></span> <span class='ocrx_word' id='word_1_536' title='bbox 2560 1118 2850 1171; x_wconf 82' lang='lat' dir='ltr'><strong>essentiam</strong></span> <span class='ocrx_word' id='word_1_537' title='bbox 2881 1122 3055 1187; x_wconf 67' lang='lat' dir='ltr'><strong>ipsum</strong></span> <span class='ocrx_word' id='word_1_538' title='bbox 3085 1122 3261 1179; x_wconf 91' lang='lat' dir='ltr'><strong>dicere</strong></span> <span class='ocrx_word' id='word_1_539' title='bbox 3290 1136 3438 1194; x_wconf 90' lang='lat' dir='ltr'><strong>puto,</strong></span> 
     </span>
    </p>
   </div>
   <div class='ocr_carea' id='block_1_68' title="bbox 1852 1200 3442 1280">
    <p class='ocr_par' dir='ltr' id='par_1_68' title="bbox 1852 1200 3442 1280">
     <span class='ocr_line' id='line_1_69' title="bbox 1852 1200 3442 1280; baseline 0.013 -27"><span class='ocrx_word' id='word_1_540' title='bbox 1852 1200 1945 1254; x_wconf 88' lang='lat' dir='ltr'><strong>sed</strong></span> <span class='ocrx_word' id='word_1_541' title='bbox 1975 1201 2042 1256; x_wconf 91' lang='lat' dir='ltr'><strong>de</strong></span> <span class='ocrx_word' id='word_1_542' title='bbox 2072 1204 2210 1269; x_wconf 85' lang='lat' dir='ltr'><strong>lide;</strong></span> <span class='ocrx_word' id='word_1_543' title='bbox 2245 1204 2296 1259; x_wconf 90' lang='lat' dir='ltr'><strong>id</strong></span> <span class='ocrx_word' id='word_1_544' title='bbox 2326 1217 2443 1274; x_wconf 85' lang='lat' dir='ltr'><strong>est,</strong></span> <span class='ocrx_word' id='word_1_545' title='bbox 2478 1208 2615 1263; x_wconf 84' lang='lat' dir='ltr'><strong>ﬁlios</strong></span> <span class='ocrx_word' id='word_1_546' title='bbox 2646 1210 2735 1263; x_wconf 91' lang='lat' dir='ltr'><strong>Dei</strong></span> <span class='ocrx_word' id='word_1_547' title='bbox 2766 1211 2878 1267; x_wconf 81' lang='lat' dir='ltr'><strong>ﬁeri</strong></span> <span class='ocrx_word' id='word_1_548' title='bbox 2910 1213 3060 1280; x_wconf 92' lang='lat' dir='ltr'><strong>dicit,</strong></span> <span class='ocrx_word' id='word_1_549' title='bbox 3089 1232 3193 1270; x_wconf 90' lang='lat' dir='ltr'><strong>non</strong></span> <span class='ocrx_word' id='word_1_550' title='bbox 3220 1233 3283 1271; x_wconf 82' lang='lat' dir='ltr'><strong>es</strong></span> <span class='ocrx_word' id='word_1_551' title='bbox 3316 1232 3442 1272; x_wconf 85' lang='lat' dir='ltr'><strong>san-</strong></span> 
     </span>
    </p>
   </div>
   <div class='ocr_carea' id='block_1_69' title="bbox 1849 1296 3440 1368">
    <p class='ocr_par' dir='ltr' id='par_1_69' title="bbox 1849 1296 3440 1368">
     <span class='ocr_line' id='line_1_70' title="bbox 1849 1296 3440 1368; baseline 0.013 -22"><span class='ocrx_word' id='word_1_552' title='bbox 1849 1296 2099 1363; x_wconf 84' lang='lat' dir='ltr'><strong>guinibus</strong></span> <span class='ocrx_word' id='word_1_553' title='bbox 2130 1314 2301 1368; x_wconf 90' lang='lat' dir='ltr'><strong>neque</strong></span> <span class='ocrx_word' id='word_1_554' title='bbox 2330 1316 2395 1355; x_wconf 81' lang='lat' dir='ltr'><strong>ex</strong></span> <span class='ocrx_word' id='word_1_555' title='bbox 2417 1302 2692 1358; x_wconf 85' lang='lat' dir='ltr'><strong>voluntate</strong></span> <span class='ocrx_word' id='word_1_556' title='bbox 2733 1306 2932 1361; x_wconf 86' lang='lat' dir='ltr'><strong>carnis.</strong></span> <span class='ocrx_word' id='word_1_557' title='bbox 2991 1306 3069 1362; x_wconf 84' lang='lat' dir='ltr'><strong>Ne</strong></span> <span class='ocrx_word' id='word_1_558' title='bbox 3122 1310 3440 1368; x_wconf 76' lang='lat' dir='ltr'><strong>existimetis</strong></span> 
     </span>
    </p>
   </div>
   <div class='ocr_carea' id='block_1_70' title="bbox 1848 1393 3437 1463">
    <p class='ocr_par' dir='ltr' id='par_1_70' title="bbox 1848 1393 3437 1463">
     <span class='ocr_line' id='line_1_71' title="bbox 1848 1393 3437 1463; baseline 0.013 -24"><span class='ocrx_word' id='word_1_559' title='bbox 1848 1402 1996 1455; x_wconf 85' lang='lat' dir='ltr'><strong>ergo,</strong></span> <span class='ocrx_word' id='word_1_560' title='bbox 2032 1398 2311 1459; x_wconf 80' lang='lat' dir='ltr'><strong>postquam</strong></span> <span class='ocrx_word' id='word_1_561' title='bbox 2344 1408 2372 1444; x_wconf 89' lang='lat' dir='ltr'><strong>a</strong></span> <span class='ocrx_word' id='word_1_562' title='bbox 2403 1393 2723 1462; x_wconf 80' lang='lat' dir='ltr'><strong>gloriatione</strong></span> <span class='ocrx_word' id='word_1_563' title='bbox 2754 1412 2853 1449; x_wconf 91' lang='lat' dir='ltr'><strong>nos</strong></span> <span class='ocrx_word' id='word_1_564' title='bbox 2883 1411 3178 1463; x_wconf 86' lang='lat' dir='ltr'><strong>exemerat,</strong></span> <span class='ocrx_word' id='word_1_565' title='bbox 3215 1404 3293 1456; x_wconf 92' lang='lat' dir='ltr'><strong>sic</strong></span> <span class='ocrx_word' id='word_1_566' title='bbox 3347 1420 3437 1460; x_wconf 85' lang='lat' dir='ltr'><strong>re-</strong></span> 
     </span>
    </p>
   </div>
   <div class='ocr_carea' id='block_1_71' title="bbox 1848 1477 3434 1565">
    <p class='ocr_par' dir='ltr' id='par_1_71' title="bbox 1848 1477 3434 1565">
     <span class='ocr_line' id='line_1_72' title="bbox 1848 1477 3434 1565; baseline 0.013 -37"><span class='ocrx_word' id='word_1_567' title='bbox 1848 1477 2070 1547; x_wconf 88' lang='lat' dir='ltr'><strong>liquisse</strong></span> <span class='ocrx_word' id='word_1_568' title='bbox 2116 1480 2318 1535; x_wconf 90' lang='lat' dir='ltr'><strong>:aliam</strong></span> <span class='ocrx_word' id='word_1_569' title='bbox 2366 1484 2509 1537; x_wconf 89' lang='lat' dir='ltr'><strong>enim</strong></span> <span class='ocrx_word' id='word_1_570' title='bbox 2559 1485 2818 1554; x_wconf 87' lang='lat' dir='ltr'><strong>majorem</strong></span> <span class='ocrx_word' id='word_1_571' title='bbox 2864 1488 3010 1542; x_wconf 82' lang='lat' dir='ltr'><strong>dedit</strong></span> <span class='ocrx_word' id='word_1_572' title='bbox 3038 1491 3434 1565; x_wconf 81' lang='lat' dir='ltr'><strong>gloriationetn.</strong></span> 
     </span>
    </p>
   </div>
   <div class='ocr_carea' id='block_1_72' title="bbox 1852 1570 3435 1653">
    <p class='ocr_par' dir='ltr' id='par_1_72' title="bbox 1852 1570 3435 1653">
     <span class='ocr_line' id='line_1_73' title="bbox 1852 1570 3435 1653; baseline 0.013 -32"><span class='ocrx_word' id='word_1_573' title='bbox 1852 1570 1907 1623; x_wconf 92' lang='lat' dir='ltr'><strong>lu</strong></span> <span class='ocrx_word' id='word_1_574' title='bbox 1959 1582 2252 1640; x_wconf 81' lang='lat' dir='ltr'><strong>conSpectu</strong></span> <span class='ocrx_word' id='word_1_575' title='bbox 2305 1575 2449 1629; x_wconf 86' lang='lat' dir='ltr'><strong>enim</strong></span> <span class='ocrx_word' id='word_1_576' title='bbox 2495 1577 2612 1646; x_wconf 89' lang='lat' dir='ltr'><strong>ejus</strong></span> <span class='ocrx_word' id='word_1_577' title='bbox 2653 1595 2759 1631; x_wconf 91' lang='lat' dir='ltr'><strong>non</strong></span> <span class='ocrx_word' id='word_1_578' title='bbox 2803 1592 3019 1649; x_wconf 87' lang='lat' dir='ltr'><strong>oportet</strong></span> <span class='ocrx_word' id='word_1_579' title='bbox 3043 1584 3277 1651; x_wconf 80' lang='lat' dir='ltr'><strong>gloriari.</strong></span> <span class='ocrx_word' id='word_1_580' title='bbox 3316 1587 3435 1653; x_wconf 80' lang='lat' dir='ltr'><strong>Filii</strong></span> 
     </span>
    </p>
   </div>
   <div class='ocr_carea' id='block_1_73' title="bbox 1845 1662 3429 1744">
    <p class='ocr_par' dir='ltr' id='par_1_73' title="bbox 1845 1662 3429 1744">
     <span class='ocr_line' id='line_1_74' title="bbox 1845 1662 3429 1744; baseline 0.01 -29"><span class='ocrx_word' id='word_1_581' title='bbox 1845 1662 1963 1730; x_wconf 86' lang='lat' dir='ltr'><strong>ejus</strong></span> <span class='ocrx_word' id='word_1_582' title='bbox 1988 1665 2141 1728; x_wconf 90' lang='lat' dir='ltr'><strong>estis,</strong></span> <span class='ocrx_word' id='word_1_583' title='bbox 2175 1665 2276 1720; x_wconf 93' lang='lat' dir='ltr'><strong>hoc</strong></span> <span class='ocrx_word' id='word_1_584' title='bbox 2306 1666 2427 1721; x_wconf 81' lang='lat' dir='ltr'><strong>iacti</strong></span> <span class='ocrx_word' id='word_1_585' title='bbox 2461 1684 2555 1736; x_wconf 91' lang='lat' dir='ltr'><strong>per</strong></span> <span class='ocrx_word' id='word_1_586' title='bbox 2584 1668 2875 1723; x_wconf 91' lang='lat' dir='ltr'><strong>Christum.</strong></span> <span class='ocrx_word' id='word_1_587' title='bbox 2928 1673 2993 1727; x_wconf 82' lang='lat' dir='ltr'><strong>Et</strong></span> <span class='ocrx_word' id='word_1_588' title='bbox 3034 1686 3314 1744; x_wconf 81' lang='lat' dir='ltr'><strong>postquam</strong></span> <span class='ocrx_word' id='word_1_589' title='bbox 3346 1677 3429 1730; x_wconf 91' lang='lat' dir='ltr'><strong>di-</strong></span> 
     </span>
    </p>
   </div>
   <div class='ocr_carea' id='block_1_74' title="bbox 1844 1754 3434 1831">
    <p class='ocr_par' dir='ltr' id='par_1_74' title="bbox 1844 1754 3434 1831">
     <span class='ocr_line' id='line_1_75' title="bbox 1844 1754 3434 1831; baseline 0.009 -24"><span class='ocrx_word' id='word_1_590' title='bbox 1844 1755 1940 1817; x_wconf 82' lang='lat' dir='ltr'><strong>xit,</strong></span> <span class='ocrx_word' id='word_1_591' title='bbox 1976 1754 2145 1810; x_wconf 85' lang='lat' dir='ltr'><strong>Stulta</strong></span> <span class='ocrx_word' id='word_1_592' title='bbox 2173 1759 2350 1811; x_wconf 86' lang='lat' dir='ltr'><strong>nmndi</strong></span> <span class='ocrx_word' id='word_1_593' title='bbox 2374 1760 2521 1830; x_wconf 75' lang='lat' dir='ltr'><strong>eiegit</strong></span> <span class='ocrx_word' id='word_1_594' title='bbox 2548 1771 2594 1816; x_wconf 85' lang='lat' dir='ltr'><strong>et</strong></span> <span class='ocrx_word' id='word_1_595' title='bbox 2618 1762 2879 1831; x_wconf 71' lang='lat' dir='ltr'><strong>ignobilia,</strong></span> <span class='ocrx_word' id='word_1_596' title='bbox 2909 1766 3143 1820; x_wconf 65' lang='lat' dir='ltr'><strong>Ostendit</strong></span> <span class='ocrx_word' id='word_1_597' title='bbox 3169 1768 3288 1820; x_wconf 91' lang='lat' dir='ltr'><strong>illos</strong></span> <span class='ocrx_word' id='word_1_598' title='bbox 3311 1783 3434 1822; x_wconf 86' lang='lat' dir='ltr'><strong>esse</strong></span> 
     </span>
    </p>
   </div>
   <div class='ocr_carea' id='block_1_75' title="bbox 1843 1846 3436 1922">
    <p class='ocr_par' dir='ltr' id='par_1_75' title="bbox 1843 1846 3436 1922">
     <span class='ocr_line' id='line_1_76' title="bbox 1843 1846 3436 1922; baseline 0.009 -24"><span class='ocrx_word' id='word_1_599' title='bbox 1843 1846 2080 1901; x_wconf 89' lang='lat' dir='ltr'><strong>omnium</strong></span> <span class='ocrx_word' id='word_1_600' title='bbox 2121 1849 2445 1915; x_wconf 86' lang='lat' dir='ltr'><strong>nobiliores,</strong></span> <span class='ocrx_word' id='word_1_601' title='bbox 2486 1854 2573 1921; x_wconf 94' lang='lat' dir='ltr'><strong>qui</strong></span> <span class='ocrx_word' id='word_1_602' title='bbox 2609 1854 2773 1906; x_wconf 87' lang='lat' dir='ltr'><strong>Deum</strong></span> <span class='ocrx_word' id='word_1_603' title='bbox 2806 1868 3011 1922; x_wconf 89' lang='lat' dir='ltr'><strong>patrem</strong></span> <span class='ocrx_word' id='word_1_604' title='bbox 3044 1858 3291 1914; x_wconf 85' lang='lat' dir='ltr'><strong>habeant.</strong></span> <span class='ocrx_word' id='word_1_605' title='bbox 3325 1859 3436 1913; x_wconf 84' lang='lat' dir='ltr'><strong>Hu-</strong></span> 
     </span>
    </p>
   </div>
   <div class='ocr_carea' id='block_1_76' title="bbox 1839 1937 3433 2013">
    <p class='ocr_par' dir='ltr' id='par_1_76' title="bbox 1839 1937 3433 2013">
     <span class='ocr_line' id='line_1_77' title="bbox 1839 1937 3433 2013; baseline 0.011 -24"><span class='ocrx_word' id='word_1_606' title='bbox 1839 1937 1925 2005; x_wconf 87' lang='lat' dir='ltr'><strong>jus</strong></span> <span class='ocrx_word' id='word_1_607' title='bbox 1959 1953 2119 2006; x_wconf 89' lang='lat' dir='ltr'><strong>porro</strong></span> <span class='ocrx_word' id='word_1_608' title='bbox 2160 1941 2450 1995; x_wconf 88' lang='lat' dir='ltr'><strong>nobilitatis</strong></span> <span class='ocrx_word' id='word_1_609' title='bbox 2496 1958 2601 1996; x_wconf 91' lang='lat' dir='ltr'><strong>non</strong></span> <span class='ocrx_word' id='word_1_610' title='bbox 2644 1943 2730 1998; x_wconf 91' lang='lat' dir='ltr'><strong>hic</strong></span> <span class='ocrx_word' id='word_1_611' title='bbox 2784 1948 2864 2000; x_wconf 76' lang='lat' dir='ltr'><strong>vel</strong></span> <span class='ocrx_word' id='word_1_612' title='bbox 2893 1948 3004 2013; x_wconf 90' lang='lat' dir='ltr'><strong>ille,</strong></span> <span class='ocrx_word' id='word_1_613' title='bbox 3048 1950 3142 2003; x_wconf 90' lang='lat' dir='ltr'><strong>sed</strong></span> <span class='ocrx_word' id='word_1_614' title='bbox 3189 1952 3433 2006; x_wconf 84' lang='lat' dir='ltr'><strong>Christus</strong></span> 
     </span>
    </p>
   </div>
   <div class='ocr_carea' id='block_1_77' title="bbox 1842 2028 3429 2108">
    <p class='ocr_par' dir='ltr' id='par_1_77' title="bbox 1842 2028 3429 2108">
     <span class='ocr_line' id='line_1_78' title="bbox 1842 2028 3429 2108; baseline 0.012 -29"><span class='ocrx_word' id='word_1_615' title='bbox 1842 2028 1992 2081; x_wconf 88' lang='lat' dir='ltr'><strong>vobis</strong></span> <span class='ocrx_word' id='word_1_616' title='bbox 2030 2044 2189 2084; x_wconf 86' lang='lat' dir='ltr'><strong>causa</strong></span> <span class='ocrx_word' id='word_1_617' title='bbox 2230 2041 2333 2096; x_wconf 90' lang='lat' dir='ltr'><strong>est,</strong></span> <span class='ocrx_word' id='word_1_618' title='bbox 2379 2034 2467 2101; x_wconf 91' lang='lat' dir='ltr'><strong>qui</strong></span> <span class='ocrx_word' id='word_1_619' title='bbox 2502 2048 2598 2097; x_wconf 83' lang='lat' dir='ltr'><strong>nos</strong></span> <span class='ocrx_word' id='word_1_620' title='bbox 2628 2035 2898 2102; x_wconf 86' lang='lat' dir='ltr'><strong>sapientes</strong></span> <span class='ocrx_word' id='word_1_621' title='bbox 2930 2037 3053 2095; x_wconf 82' lang='lat' dir='ltr'><strong>fecit</strong></span> <span class='ocrx_word' id='word_1_622' title='bbox 3086 2050 3140 2092; x_wconf 89' lang='lat' dir='ltr'><strong>et</strong></span> <span class='ocrx_word' id='word_1_623' title='bbox 3167 2041 3346 2108; x_wconf 90' lang='lat' dir='ltr'><strong>justos</strong></span> <span class='ocrx_word' id='word_1_624' title='bbox 3373 2055 3429 2097; x_wconf 87' lang='lat' dir='ltr'><strong>at</strong></span> 
     </span>
    </p>
   </div>
   <div class='ocr_carea' id='block_1_78' title="bbox 1839 2120 3430 2193">
    <p class='ocr_par' dir='ltr' id='par_1_78' title="bbox 1839 2120 3430 2193">
     <span class='ocr_line' id='line_1_79' title="bbox 1839 2120 3430 2193; baseline 0.012 -24"><span class='ocrx_word' id='word_1_625' title='bbox 1839 2131 2087 2184; x_wconf 85' lang='lat' dir='ltr'><strong>sanctos;</strong></span> <span class='ocrx_word' id='word_1_626' title='bbox 2123 2120 2222 2175; x_wconf 91' lang='lat' dir='ltr'><strong>hoc</strong></span> <span class='ocrx_word' id='word_1_627' title='bbox 2254 2122 2396 2176; x_wconf 89' lang='lat' dir='ltr'><strong>enim</strong></span> <span class='ocrx_word' id='word_1_628' title='bbox 2428 2124 2705 2193; x_wconf 79' lang='lat' dir='ltr'><strong>signiticat‘</strong></span> <span class='ocrx_word' id='word_1_629' title='bbox 2727 2126 2887 2193; x_wconf 88' lang='lat' dir='ltr'><strong>illud,</strong></span> <span class='ocrx_word' id='word_1_630' title='bbox 2945 2128 3135 2183; x_wconf 79' lang='lat' dir='ltr'><strong>Factus</strong></span> <span class='ocrx_word' id='word_1_631' title='bbox 3171 2140 3242 2185; x_wconf 81' lang='lat' dir='ltr'><strong>est</strong></span> <span class='ocrx_word' id='word_1_632' title='bbox 3288 2134 3430 2188; x_wconf 73' lang='lat' dir='ltr'><strong>nobis</strong></span> 
     </span>
    </p>
   </div>
   <div class='ocr_carea' id='block_1_79' title="bbox 1838 2212 3207 2278">
    <p class='ocr_par' dir='ltr' id='par_1_79' title="bbox 1838 2212 3207 2278">
     <span class='ocr_line' id='line_1_80' title="bbox 1838 2212 3207 2278; baseline 0.006 -16"><span class='ocrx_word' id='word_1_633' title='bbox 1838 2212 2102 2278; x_wconf 80' lang='lat' dir='ltr'><strong>sapientia.</strong></span> <span class='ocrx_word' id='word_1_634' title='bbox 2620 2248 2631 2255; x_wconf 62' lang='grc' dir='ltr'><strong>»η</strong></span> <span class='ocrx_word' id='word_1_635' title='bbox 3204 2216 3207 2217; x_wconf 44' lang='grc'><strong><em>⁷</em></strong></span> 
     </span>
    </p>
   </div>
   <div class='ocr_carea' id='block_1_80' title="bbox 1909 2304 3423 2382">
    <p class='ocr_par' dir='ltr' id='par_1_80' title="bbox 1909 2304 3423 2382">
     <span class='ocr_line' id='line_1_81' title="bbox 1909 2304 3423 2382; baseline 0.012 -27"><span class='ocrx_word' id='word_1_636' title='bbox 1909 2304 1962 2356; x_wconf 78' lang='grc'><strong>5.</strong></span> <span class='ocrx_word' id='word_1_637' title='bbox 2004 2304 2135 2370; x_wconf 84' lang='lat' dir='ltr'><strong>Quis</strong></span> <span class='ocrx_word' id='word_1_638' title='bbox 2156 2321 2282 2375; x_wconf 84' lang='lat' dir='ltr'><strong>ergo</strong></span> <span class='ocrx_word' id='word_1_639' title='bbox 2305 2306 2458 2365; x_wconf 88' lang='lat' dir='ltr'><strong>nobis</strong></span> <span class='ocrx_word' id='word_1_640' title='bbox 2492 2308 2785 2375; x_wconf 89' lang='lat' dir='ltr'><strong>sapientior</strong></span> <span class='ocrx_word' id='word_1_641' title='bbox 2801 2310 2977 2377; x_wconf 80' lang='lat' dir='ltr'><strong>fuerit,</strong></span> <span class='ocrx_word' id='word_1_642' title='bbox 3007 2314 3097 2382; x_wconf 89' lang='lat' dir='ltr'><strong>qui</strong></span> <span class='ocrx_word' id='word_1_643' title='bbox 3116 2330 3219 2369; x_wconf 90' lang='lat' dir='ltr'><strong>non</strong></span> <span class='ocrx_word' id='word_1_644' title='bbox 3244 2316 3423 2372; x_wconf 80' lang='lat' dir='ltr'><strong>Plato-</strong></span> 
     </span>
    </p>
   </div>
   <div class='ocr_carea' id='block_1_81' title="bbox 1838 2398 3426 2476">
    <p class='ocr_par' dir='ltr' id='par_1_81' title="bbox 1838 2398 3426 2476">
     <span class='ocr_line' id='line_1_82' title="bbox 1838 2398 3426 2476; baseline 0.011 -25"><span class='ocrx_word' id='word_1_645' title='bbox 1838 2398 1943 2465; x_wconf 83' lang='lat' dir='ltr'><strong>nis,</strong></span> <span class='ocrx_word' id='word_1_646' title='bbox 1962 2400 2054 2453; x_wconf 86' lang='lat' dir='ltr'><strong>sed</strong></span> <span class='ocrx_word' id='word_1_647' title='bbox 2071 2400 2343 2456; x_wconf 84' lang='lat' dir='ltr'><strong>Christum</strong></span> <span class='ocrx_word' id='word_1_648' title='bbox 2368 2402 2541 2471; x_wconf 91' lang='lat' dir='ltr'><strong>ipsum</strong></span> <span class='ocrx_word' id='word_1_649' title='bbox 2565 2405 2880 2473; x_wconf 84' lang='lat' dir='ltr'><strong>sapientiam</strong></span> <span class='ocrx_word' id='word_1_650' title='bbox 2906 2407 3185 2476; x_wconf 87' lang='lat' dir='ltr'><strong>habemus,</strong></span> <span class='ocrx_word' id='word_1_651' title='bbox 3220 2412 3325 2467; x_wconf 91' lang='lat' dir='ltr'><strong>Deo</strong></span> <span class='ocrx_word' id='word_1_652' title='bbox 3356 2417 3426 2468; x_wconf 86' lang='lat' dir='ltr'><strong>ita</strong></span> 
     </span>
    </p>
   </div>
   <div class='ocr_carea' id='block_1_82' title="bbox 1836 2492 3424 2578">
    <p class='ocr_par' dir='ltr' id='par_1_82' title="bbox 1836 2492 3424 2578">
     <span class='ocr_line' id='line_1_83' title="bbox 1836 2492 3424 2578; baseline 0.013 -33"><span class='ocrx_word' id='word_1_653' title='bbox 1836 2492 2093 2547; x_wconf 78' lang='lat' dir='ltr'><strong>volente?</strong></span> <span class='ocrx_word' id='word_1_654' title='bbox 2120 2495 2247 2563; x_wconf 91' lang='lat' dir='ltr'><strong>quid</strong></span> <span class='ocrx_word' id='word_1_655' title='bbox 2293 2507 2374 2550; x_wconf 91' lang='lat' dir='ltr'><strong>est</strong></span> <span class='ocrx_word' id='word_1_656' title='bbox 2405 2508 2581 2551; x_wconf 89' lang='lat' dir='ltr'><strong>autem</strong></span> <span class='ocrx_word' id='word_1_657' title='bbox 2612 2498 2763 2567; x_wconf 89' lang='lat' dir='ltr'><strong>illud,</strong></span> <span class='ocrx_word' id='word_1_658' title='bbox 2811 2501 2856 2554; x_wconf 80' lang='grc' dir='ltr'><em>Α</em></span> <span class='ocrx_word' id='word_1_659' title='bbox 2887 2502 2993 2556; x_wconf 86' lang='lat' dir='ltr'><strong>Deo</strong></span> <span class='ocrx_word' id='word_1_660' title='bbox 3013 2504 3038 2556; x_wconf 70' lang='grc' dir='ltr'><strong><em>Ρ</em></strong></span> <span class='ocrx_word' id='word_1_661' title='bbox 3062 2504 3196 2560; x_wconf 90' lang='lat' dir='ltr'><strong>Cum</strong></span> <span class='ocrx_word' id='word_1_662' title='bbox 3236 2525 3424 2578; x_wconf 75' lang='lat' dir='ltr'><strong>magna</strong></span> 
     </span>
    </p>
   </div>
   <div class='ocr_carea' id='block_1_83' title="bbox 1833 2584 3423 2669">
    <p class='ocr_par' dir='ltr' id='par_1_83' title="bbox 1833 2584 3423 2669">
     <span class='ocr_line' id='line_1_84' title="bbox 1833 2584 3423 2669; baseline 0.012 -34"><span class='ocrx_word' id='word_1_663' title='bbox 1833 2584 2057 2638; x_wconf 80' lang='lat' dir='ltr'><strong>dixisset</strong></span> <span class='ocrx_word' id='word_1_664' title='bbox 2082 2586 2150 2641; x_wconf 82' lang='lat' dir='ltr'><strong>de</strong></span> <span class='ocrx_word' id='word_1_665' title='bbox 2171 2586 2475 2655; x_wconf 75' lang='lat' dir='ltr'><strong>Unigrnito,</strong></span> <span class='ocrx_word' id='word_1_666' title='bbox 2508 2599 2632 2644; x_wconf 90' lang='lat' dir='ltr'><strong>tunc</strong></span> <span class='ocrx_word' id='word_1_667' title='bbox 2658 2591 2803 2646; x_wconf 90' lang='lat' dir='ltr'><strong>addit</strong></span> <span class='ocrx_word' id='word_1_668' title='bbox 2826 2592 3055 2659; x_wconf 83' lang='lat' dir='ltr'><strong>Patrem,</strong></span> <span class='ocrx_word' id='word_1_669' title='bbox 3088 2600 3294 2666; x_wconf 89' lang='lat' dir='ltr'><strong>nequis</strong></span> <span class='ocrx_word' id='word_1_670' title='bbox 3322 2617 3423 2669; x_wconf 70' lang='lat' dir='ltr'><strong>pu~</strong></span> 
     </span>
    </p>
   </div>
   <div class='ocr_carea' id='block_1_84' title="bbox 1834 2678 3419 2757">
    <p class='ocr_par' dir='ltr' id='par_1_84' title="bbox 1834 2678 3419 2757">
     <span class='ocr_line' id='line_1_85' title="bbox 1834 2678 3419 2757; baseline 0.011 -27"><span class='ocrx_word' id='word_1_671' title='bbox 1834 2685 1969 2731; x_wconf 87' lang='lat' dir='ltr'><strong>taret</strong></span> <span class='ocrx_word' id='word_1_672' title='bbox 1996 2678 2287 2748; x_wconf 84' lang='lat' dir='ltr'><strong>ingenitum</strong></span> <span class='ocrx_word' id='word_1_673' title='bbox 2314 2681 2505 2734; x_wconf 83' lang='lat' dir='ltr'><strong>Filium</strong></span> <span class='ocrx_word' id='word_1_674' title='bbox 2535 2700 2673 2737; x_wconf 88' lang='lat' dir='ltr'><strong>esse.</strong></span> <span class='ocrx_word' id='word_1_675' title='bbox 2702 2685 2835 2739; x_wconf 92' lang='lat' dir='ltr'><strong>Cum</strong></span> <span class='ocrx_word' id='word_1_676' title='bbox 2877 2703 3006 2757; x_wconf 85' lang='lat' dir='ltr'><strong>ergo</strong></span> <span class='ocrx_word' id='word_1_677' title='bbox 3041 2692 3269 2748; x_wconf 74' lang='lat' dir='ltr'><strong>dixisset</strong></span> <span class='ocrx_word' id='word_1_678' title='bbox 3299 2710 3419 2749; x_wconf 87' lang='lat' dir='ltr'><strong>etnu</strong></span> 
     </span>
    </p>
   </div>
   <div class='ocr_carea' id='block_1_85' title="bbox 1834 2773 3419 2845">
    <p class='ocr_par' dir='ltr' id='par_1_85' title="bbox 1834 2773 3419 2845">
     <span class='ocr_line' id='line_1_86' title="bbox 1834 2773 3419 2845; baseline 0.011 -21"><span class='ocrx_word' id='word_1_679' title='bbox 1834 2780 1977 2825; x_wconf 88' lang='lat' dir='ltr'><strong>tanta</strong></span> <span class='ocrx_word' id='word_1_680' title='bbox 2002 2773 2259 2840; x_wconf 88' lang='lat' dir='ltr'><strong>potuisse,</strong></span> <span class='ocrx_word' id='word_1_681' title='bbox 2281 2774 2439 2828; x_wconf 85' lang='lat' dir='ltr'><strong>etiam</strong></span> <span class='ocrx_word' id='word_1_682' title='bbox 2470 2784 2636 2829; x_wconf 89' lang='lat' dir='ltr'><strong>totum</strong></span> <span class='ocrx_word' id='word_1_683' title='bbox 2671 2777 2854 2837; x_wconf 79' lang='lat' dir='ltr'><strong>tribuit</strong></span> <span class='ocrx_word' id='word_1_684' title='bbox 2882 2780 3035 2845; x_wconf 60' lang='lat' dir='ltr'><strong>Filio,</strong></span> <span class='ocrx_word' id='word_1_685' title='bbox 3064 2784 3248 2838; x_wconf 81' lang='lat' dir='ltr'><strong>dicens</strong></span> <span class='ocrx_word' id='word_1_686' title='bbox 3271 2786 3419 2841; x_wconf 87' lang='lat' dir='ltr'><strong>illum</strong></span> 
     </span>
    </p>
   </div>
   <div class='ocr_carea' id='block_1_86' title="bbox 1829 2864 3418 2939">
    <p class='ocr_par' dir='ltr' id='par_1_86' title="bbox 1829 2864 3418 2939">
     <span class='ocr_line' id='line_1_87' title="bbox 1829 2864 3418 2939; baseline 0.009 -23"><span class='ocrx_word' id='word_1_687' title='bbox 1829 2864 2145 2932; x_wconf 86' lang='lat' dir='ltr'><strong>sapientiam</strong></span> <span class='ocrx_word' id='word_1_688' title='bbox 2176 2866 2328 2919; x_wconf 88' lang='lat' dir='ltr'><strong>nobis</strong></span> <span class='ocrx_word' id='word_1_689' title='bbox 2356 2866 2551 2920; x_wconf 81' lang='lat' dir='ltr'><strong>factum</strong></span> <span class='ocrx_word' id='word_1_690' title='bbox 2579 2868 2760 2933; x_wconf 67' lang='lat' dir='ltr'><strong>fuisse,</strong></span> <span class='ocrx_word' id='word_1_691' title='bbox 2785 2881 2838 2924; x_wconf 93' lang='lat' dir='ltr'><strong>et</strong></span> <span class='ocrx_word' id='word_1_692' title='bbox 2860 2871 3116 2939; x_wconf 79' lang='lat' dir='ltr'><strong>justitiam</strong></span> <span class='ocrx_word' id='word_1_693' title='bbox 3145 2886 3195 2929; x_wconf 93' lang='lat' dir='ltr'><strong>et</strong></span> <span class='ocrx_word' id='word_1_694' title='bbox 3218 2880 3418 2931; x_wconf 74' lang='lat' dir='ltr'><strong>sancti~</strong></span> 
     </span>
    </p>
   </div>
   <div class='ocr_carea' id='block_1_87' title="bbox 1831 2956 3416 3026">
    <p class='ocr_par' dir='ltr' id='par_1_87' title="bbox 1831 2956 3416 3026">
     <span class='ocr_line' id='line_1_88' title="bbox 1831 2956 3416 3026; baseline 0.012 -21"><span class='ocrx_word' id='word_1_695' title='bbox 1831 2956 2129 3011; x_wconf 84' lang='lat' dir='ltr'><strong>licationem</strong></span> <span class='ocrx_word' id='word_1_696' title='bbox 2152 2968 2205 3010; x_wconf 89' lang='lat' dir='ltr'><strong>et</strong></span> <span class='ocrx_word' id='word_1_697' title='bbox 2224 2959 2667 3026; x_wconf 87' lang='lat' dir='ltr'><strong>redemptionem.</strong></span> <span class='ocrx_word' id='word_1_698' title='bbox 2701 2961 2801 3016; x_wconf 85' lang='lat' dir='ltr'><strong>Per</strong></span> <span class='ocrx_word' id='word_1_699' title='bbox 2832 2963 3020 3017; x_wconf 70' lang='lat' dir='ltr'><strong>Filium</strong></span> <span class='ocrx_word' id='word_1_700' title='bbox 3044 2982 3226 3024; x_wconf 86' lang='lat' dir='ltr'><strong>rursus</strong></span> <span class='ocrx_word' id='word_1_701' title='bbox 3249 2977 3416 3024; x_wconf 89' lang='lat' dir='ltr'><strong>totum</strong></span> 
     </span>
    </p>
   </div>
   <div class='ocr_carea' id='block_1_88' title="bbox 1828 3046 3411 3127">
    <p class='ocr_par' dir='ltr' id='par_1_88' title="bbox 1828 3046 3411 3127">
     <span class='ocr_line' id='line_1_89' title="bbox 1828 3046 3411 3127; baseline 0.01 -29"><span class='ocrx_word' id='word_1_702' title='bbox 1828 3046 2123 3101; x_wconf 88' lang='lat' dir='ltr'><strong>attribuens</strong></span> <span class='ocrx_word' id='word_1_703' title='bbox 2151 3048 2293 3101; x_wconf 81' lang='lat' dir='ltr'><strong>Patri</strong></span> <span class='ocrx_word' id='word_1_704' title='bbox 2321 3049 2488 3113; x_wconf 78' lang='lat' dir='ltr'><strong>dixit,</strong></span> <span class='ocrx_word' id='word_1_705' title='bbox 2543 3052 2583 3102; x_wconf 82' lang='grc' dir='ltr'><em>Α</em></span> <span class='ocrx_word' id='word_1_706' title='bbox 2617 3051 2742 3104; x_wconf 88' lang='lat' dir='ltr'><strong>Deo.</strong></span> <span class='ocrx_word' id='word_1_707' title='bbox 2774 3054 2883 3106; x_wconf 88' lang='lat' dir='ltr'><strong>Cur</strong></span> <span class='ocrx_word' id='word_1_708' title='bbox 2910 3066 3088 3110; x_wconf 83' lang='lat' dir='ltr'><strong>autem</strong></span> <span class='ocrx_word' id='word_1_709' title='bbox 3121 3074 3226 3123; x_wconf 83' lang='lat' dir='ltr'><strong>non</strong></span> <span class='ocrx_word' id='word_1_710' title='bbox 3257 3060 3411 3127; x_wconf 79' lang='lat' dir='ltr'><strong>dixit,</strong></span> 
     </span>
    </p>
   </div>
   <div class='ocr_carea' id='block_1_89' title="bbox 1828 3140 3418 3219">
    <p class='ocr_par' dir='ltr' id='par_1_89' title="bbox 1828 3140 3418 3219">
     <span class='ocr_line' id='line_1_90' title="bbox 1828 3140 3418 3219; baseline 0.008 -26"><span class='ocrx_word' id='word_1_711' title='bbox 1828 3140 1979 3194; x_wconf 84' lang='lat' dir='ltr'><strong>Fecit</strong></span> <span class='ocrx_word' id='word_1_712' title='bbox 2018 3156 2114 3195; x_wconf 92' lang='lat' dir='ltr'><strong>nos</strong></span> <span class='ocrx_word' id='word_1_713' title='bbox 2140 3140 2558 3219; x_wconf 80' lang='lat' dir='ltr'><strong>sapientes,_sed</strong></span> <span class='ocrx_word' id='word_1_714' title='bbox 2579 3184 2593 3207; x_wconf 92' lang='lat'><strong>,</strong></span> <span class='ocrx_word' id='word_1_715' title='bbox 2627 3142 2815 3199; x_wconf 76' lang='lat' dir='ltr'><strong>Factus</strong></span> <span class='ocrx_word' id='word_1_716' title='bbox 2853 3157 2925 3199; x_wconf 80' lang='lat' dir='ltr'><strong>est</strong></span> <span class='ocrx_word' id='word_1_717' title='bbox 2948 3149 3089 3203; x_wconf 85' lang='lat' dir='ltr'><strong>nobis</strong></span> <span class='ocrx_word' id='word_1_718' title='bbox 3127 3153 3418 3219; x_wconf 78' lang='lat' dir='ltr'><strong>sapientia?</strong></span> 
     </span>
    </p>
   </div>
   <div class='ocr_carea' id='block_1_90' title="bbox 1834 3211 3416 3311">
    <p class='ocr_par' dir='ltr' id='par_1_90' title="bbox 1834 3211 3416 3311">
     <span class='ocr_line' id='line_1_91' title="bbox 1834 3211 3416 3311; baseline 0.009 -28"><span class='ocrx_word' id='word_1_719' title='bbox 1834 3230 1961 3284; x_wconf 86' lang='lat' dir='ltr'><strong>doni</strong></span> <span class='ocrx_word' id='word_1_720' title='bbox 1993 3232 2281 3285; x_wconf 76' lang='lat' dir='ltr'><strong>ostendens</strong></span> <span class='ocrx_word' id='word_1_721' title='bbox 2308 3211 2714 3297; x_wconf 43' lang='lat' dir='ltr'><strong>abungdantiatn,</strong></span> <span class='ocrx_word' id='word_1_722' title='bbox 2748 3251 2810 3291; x_wconf 91' lang='lat' dir='ltr'><strong>ac</strong></span> <span class='ocrx_word' id='word_1_723' title='bbox 2839 3237 2884 3290; x_wconf 85' lang='lat' dir='ltr'><strong>si</strong></span> <span class='ocrx_word' id='word_1_724' title='bbox 2914 3237 3135 3303; x_wconf 80' lang='lat' dir='ltr'><strong>diceret,</strong></span> <span class='ocrx_word' id='word_1_725' title='bbox 3168 3242 3416 3311; x_wconf 82' lang='lat' dir='ltr'><strong>Seipsum</strong></span> 
     </span>
    </p>
   </div>
   <div class='ocr_carea' id='block_1_91' title="bbox 1828 3322 3414 3397">
    <p class='ocr_par' dir='ltr' id='par_1_91' title="bbox 1828 3322 3414 3397">
     <span class='ocr_line' id='line_1_92' title="bbox 1828 3322 3414 3397; baseline 0.011 -23"><span class='ocrx_word' id='word_1_726' title='bbox 1828 3322 1979 3375; x_wconf 91' lang='lat' dir='ltr'><strong>nobis</strong></span> <span class='ocrx_word' id='word_1_727' title='bbox 2009 3322 2177 3376; x_wconf 88' lang='lat' dir='ltr'><strong>dedit.</strong></span> <span class='ocrx_word' id='word_1_728' title='bbox 2229 3324 2294 3376; x_wconf 83' lang='lat' dir='ltr'><strong>Et</strong></span> <span class='ocrx_word' id='word_1_729' title='bbox 2323 3325 2445 3387; x_wconf 75' lang='lat' dir='ltr'><strong>vide</strong></span> <span class='ocrx_word' id='word_1_730' title='bbox 2479 3327 2752 3394; x_wconf 90' lang='lat' dir='ltr'><strong>quomodo</strong></span> <span class='ocrx_word' id='word_1_731' title='bbox 2782 3329 3057 3397; x_wconf 85' lang='lat' dir='ltr'><strong>procedat.</strong></span> <span class='ocrx_word' id='word_1_732' title='bbox 3094 3333 3246 3387; x_wconf 88' lang='lat' dir='ltr'><strong>Prius</strong></span> <span class='ocrx_word' id='word_1_733' title='bbox 3273 3337 3414 3393; x_wconf 89' lang='lat' dir='ltr'><strong>enim</strong></span> 
     </span>
    </p>
   </div>
   <div class='ocr_carea' id='block_1_92' title="bbox 1826 3415 3406 3491">
    <p class='ocr_par' dir='ltr' id='par_1_92' title="bbox 1826 3415 3406 3491">
     <span class='ocr_line' id='line_1_93' title="bbox 1826 3415 3406 3491; baseline 0.01 -25"><span class='ocrx_word' id='word_1_734' title='bbox 1826 3430 1924 3468; x_wconf 90' lang='lat' dir='ltr'><strong>nos</strong></span> <span class='ocrx_word' id='word_1_735' title='bbox 1952 3415 2217 3485; x_wconf 87' lang='lat' dir='ltr'><strong>sapientes</strong></span> <span class='ocrx_word' id='word_1_736' title='bbox 2249 3415 2373 3470; x_wconf 81' lang='lat' dir='ltr'><strong>fecit</strong></span> <span class='ocrx_word' id='word_1_737' title='bbox 2418 3431 2537 3470; x_wconf 89' lang='lat' dir='ltr'><strong>cum</strong></span> <span class='ocrx_word' id='word_1_738' title='bbox 2567 3418 2634 3470; x_wconf 90' lang='lat' dir='ltr'><strong>ab</strong></span> <span class='ocrx_word' id='word_1_739' title='bbox 2657 3433 2842 3474; x_wconf 90' lang='lat' dir='ltr'><strong>errore</strong></span> <span class='ocrx_word' id='word_1_740' title='bbox 2872 3421 3146 3486; x_wconf 88' lang='lat' dir='ltr'><strong>liberavit,</strong></span> <span class='ocrx_word' id='word_1_741' title='bbox 3197 3437 3251 3491; x_wconf 90' lang='lat' dir='ltr'><strong>et</strong></span> <span class='ocrx_word' id='word_1_742' title='bbox 3282 3436 3406 3482; x_wconf 87' lang='lat' dir='ltr'><strong>tunc</strong></span> 
     </span>
    </p>
   </div>
   <div class='ocr_carea' id='block_1_93' title="bbox 1820 3502 3413 3580">
    <p class='ocr_par' dir='ltr' id='par_1_93' title="bbox 1820 3502 3413 3580">
     <span class='ocr_line' id='line_1_94' title="bbox 1820 3502 3413 3580; baseline 0.009 -22"><span class='ocrx_word' id='word_1_743' title='bbox 1820 3508 1994 3576; x_wconf 82' lang='lat' dir='ltr'><strong>justos</strong></span> <span class='ocrx_word' id='word_1_744' title='bbox 2021 3518 2075 3562; x_wconf 91' lang='lat' dir='ltr'><strong>et</strong></span> <span class='ocrx_word' id='word_1_745' title='bbox 2093 3519 2329 3571; x_wconf 85' lang='lat' dir='ltr'><strong>sanctos,</strong></span> <span class='ocrx_word' id='word_1_746' title='bbox 2363 3508 2624 3578; x_wconf 87' lang='lat' dir='ltr'><strong>Spiritum</strong></span> <span class='ocrx_word' id='word_1_747' title='bbox 2642 3511 2880 3580; x_wconf 81' lang='lat' dir='ltr'><strong>largitus,</strong></span> <span class='ocrx_word' id='word_1_748' title='bbox 2905 3502 2964 3567; x_wconf 80' lang='lat' dir='ltr'><strong>et</strong></span> <span class='ocrx_word' id='word_1_749' title='bbox 2986 3515 3063 3570; x_wconf 90' lang='lat' dir='ltr'><strong>sic</strong></span> <span class='ocrx_word' id='word_1_750' title='bbox 3087 3532 3228 3570; x_wconf 87' lang='lat' dir='ltr'><strong>nosa</strong></span> <span class='ocrx_word' id='word_1_751' title='bbox 3261 3520 3413 3575; x_wconf 83' lang='lat' dir='ltr'><strong>malis</strong></span> 
     </span>
    </p>
   </div>
   <div class='ocr_carea' id='block_1_94' title="bbox 1825 3600 3412 3679">
    <p class='ocr_par' dir='ltr' id='par_1_94' title="bbox 1825 3600 3412 3679">
     <span class='ocr_line' id='line_1_95' title="bbox 1825 3600 3412 3679; baseline 0.01 -28"><span class='ocrx_word' id='word_1_752' title='bbox 1825 3601 2072 3654; x_wconf 91' lang='lat' dir='ltr'><strong>omnibus</strong></span> <span class='ocrx_word' id='word_1_753' title='bbox 2105 3600 2369 3664; x_wconf 88' lang='lat' dir='ltr'><strong>liberavit,</strong></span> <span class='ocrx_word' id='word_1_754' title='bbox 2399 3602 2468 3655; x_wconf 87' lang='lat' dir='ltr'><strong>ita</strong></span> <span class='ocrx_word' id='word_1_755' title='bbox 2500 3612 2557 3655; x_wconf 91' lang='lat' dir='ltr'><strong>ut</strong></span> <span class='ocrx_word' id='word_1_756' title='bbox 2581 3602 2746 3671; x_wconf 87' lang='lat' dir='ltr'><strong>ipsius</strong></span> <span class='ocrx_word' id='word_1_757' title='bbox 2776 3604 2967 3671; x_wconf 88' lang='lat' dir='ltr'><strong>simus,</strong></span> <span class='ocrx_word' id='word_1_758' title='bbox 2993 3624 3098 3662; x_wconf 91' lang='lat' dir='ltr'><strong>non</strong></span> <span class='ocrx_word' id='word_1_759' title='bbox 3127 3625 3221 3677; x_wconf 89' lang='lat' dir='ltr'><strong>per</strong></span> <span class='ocrx_word' id='word_1_760' title='bbox 3247 3612 3412 3679; x_wconf 79' lang='lat' dir='ltr'><strong>ipsius</strong></span> 
     </span>
    </p>
   </div>
   <div class='ocr_carea' id='block_1_95' title="bbox 1823 3690 3408 3766">
    <p class='ocr_par' dir='ltr' id='par_1_95' title="bbox 1823 3690 3408 3766">
     <span class='ocr_line' id='line_1_96' title="bbox 1823 3690 3408 3766; baseline 0.008 -22"><span class='ocrx_word' id='word_1_761' title='bbox 1823 3690 2135 3757; x_wconf 85' lang='lat' dir='ltr'><strong>essentiam,</strong></span> <span class='ocrx_word' id='word_1_762' title='bbox 2168 3691 2263 3745; x_wconf 84' lang='lat' dir='ltr'><strong>sed</strong></span> <span class='ocrx_word' id='word_1_763' title='bbox 2298 3706 2391 3760; x_wconf 89' lang='lat' dir='ltr'><strong>per</strong></span> <span class='ocrx_word' id='word_1_764' title='bbox 2420 3692 2599 3746; x_wconf 79' lang='lat' dir='ltr'><strong>ﬁdem.</strong></span> <span class='ocrx_word' id='word_1_765' title='bbox 2633 3694 2772 3747; x_wconf 78' lang='lat' dir='ltr'><strong>Alibi</strong></span> <span class='ocrx_word' id='word_1_766' title='bbox 2800 3710 2958 3762; x_wconf 91' lang='lat' dir='ltr'><strong>porro</strong></span> <span class='ocrx_word' id='word_1_767' title='bbox 2976 3698 3124 3765; x_wconf 76' lang='lat' dir='ltr'><strong>dicit,</strong></span> <span class='ocrx_word' id='word_1_768' title='bbox 3147 3701 3287 3766; x_wconf 89' lang='lat' dir='ltr'><strong>quod</strong></span> <span class='ocrx_word' id='word_1_769' title='bbox 3316 3720 3408 3757; x_wconf 86' lang='lat' dir='ltr'><strong>nos</strong></span> 
     </span>
    </p>
   </div>
   <div class='ocr_carea' id='block_1_96' title="bbox 1825 3782 3412 3861">
    <p class='ocr_par' dir='ltr' id='par_1_96' title="bbox 1825 3782 3412 3861">
     <span class='ocr_line' id='line_1_97' title="bbox 1825 3782 3412 3861; baseline 0.008 -28"><span class='ocrx_word' id='word_1_770' title='bbox 1825 3783 1947 3835; x_wconf 78' lang='lat' dir='ltr'><strong>facti</strong></span> <span class='ocrx_word' id='word_1_771' title='bbox 1978 3782 2147 3835; x_wconf 90' lang='lat' dir='ltr'><strong>simus</strong></span> <span class='ocrx_word' id='word_1_772' title='bbox 2172 3782 2378 3851; x_wconf 84' lang='lat' dir='ltr'><strong>jttStitia</strong></span> <span class='ocrx_word' id='word_1_773' title='bbox 2410 3783 2461 3835; x_wconf 90' lang='lat' dir='ltr'><strong>in</strong></span> <span class='ocrx_word' id='word_1_774' title='bbox 2486 3783 2602 3850; x_wconf 86' lang='lat' dir='ltr'><strong>ipso</strong></span> <span class='ocrx_word' id='word_1_775' title='bbox 2632 3802 2643 3835; x_wconf 94' lang='lat'>:</span> <span class='ocrx_word' id='word_1_776' title='bbox 2671 3784 2823 3852; x_wconf 78' lang='lat' dir='ltr'><strong>Eum,</strong></span> <span class='ocrx_word' id='word_1_777' title='bbox 2851 3788 2936 3854; x_wconf 80' lang='lat' dir='ltr'><strong>qui</strong></span> <span class='ocrx_word' id='word_1_778' title='bbox 2962 3806 3060 3841; x_wconf 85' lang='lat' dir='ltr'><strong>non</strong></span> <span class='ocrx_word' id='word_1_779' title='bbox 3088 3792 3221 3843; x_wconf 83' lang='lat' dir='ltr'><strong>novit</strong></span> <span class='ocrx_word' id='word_1_780' title='bbox 3246 3809 3412 3861; x_wconf 81' lang='lat' dir='ltr'><strong>perca-</strong></span> 
     </span>
    </p>
   </div>
   <div class='ocr_carea' id='block_1_97' title="bbox 1825 3874 3412 3951">
    <p class='ocr_par' dir='ltr' id='par_1_97' title="bbox 1825 3874 3412 3951">
     <span class='ocr_line' id='line_1_98' title="bbox 1825 3874 3412 3951; baseline 0.01 -28"><span class='ocrx_word' id='word_1_781' title='bbox 1825 3881 1950 3937; x_wconf 88' lang='lat' dir='ltr'><strong>tum,</strong></span> <span class='ocrx_word' id='word_1_782' title='bbox 1980 3883 2240 3937; x_wconf 82' lang='lat' dir='ltr'><strong>peccatum</strong></span> <span class='ocrx_word' id='word_1_783' title='bbox 2270 3889 2362 3941; x_wconf 84' lang='lat' dir='ltr'><strong>pro</strong></span> <span class='ocrx_word' id='word_1_784' title='bbox 2402 3874 2545 3933; x_wconf 80' lang='lat' dir='ltr'><strong>nobis</strong></span> <span class='ocrx_word' id='word_1_785' title='bbox 2570 3875 2686 3943; x_wconf 74' lang='lat' dir='ltr'><strong>fecit</strong></span> <span class='ocrx_word' id='word_1_786' title='bbox 2705 3916 2720 3941; x_wconf 94' lang='lat'><strong>,</strong></span> <span class='ocrx_word' id='word_1_787' title='bbox 2749 3888 2803 3929; x_wconf 87' lang='lat' dir='ltr'><strong>ut</strong></span> <span class='ocrx_word' id='word_1_788' title='bbox 2833 3895 2924 3931; x_wconf 86' lang='lat' dir='ltr'><strong>nos</strong></span> <span class='ocrx_word' id='word_1_789' title='bbox 2955 3882 3412 3951; x_wconf 76' lang='lat' dir='ltr'><strong>ﬁerenmsjustitia</strong></span> 
     </span>
    </p>
   </div>
   <div class='ocr_carea' id='block_1_98' title="bbox 1827 3964 3402 4038">
    <p class='ocr_par' dir='ltr' id='par_1_98' title="bbox 1827 3964 3402 4038">
     <span class='ocr_line' id='line_1_99' title="bbox 1827 3964 3402 4038; baseline 0.009 -21"><span class='ocrx_word' id='word_1_790' title='bbox 1827 3965 1915 4018; x_wconf 82' lang='lat' dir='ltr'><strong>Dei</strong></span> <span class='ocrx_word' id='word_1_791' title='bbox 1942 3966 1994 4018; x_wconf 83' lang='lat' dir='ltr'><strong>in</strong></span> <span class='ocrx_word' id='word_1_792' title='bbox 2016 3965 2128 4034; x_wconf 81' lang='lat' dir='ltr'><strong>ipso</strong></span> <span class='ocrx_word' id='word_1_793' title='bbox 2182 3964 2255 4034; x_wconf 74' lang='lat'><strong>(2.</strong></span> <span class='ocrx_word' id='word_1_794' title='bbox 2287 3964 2405 4019; x_wconf 87' lang='lat' dir='ltr'><strong>Cor.</strong></span> <span class='ocrx_word' id='word_1_795' title='bbox 2433 3966 2487 4021; x_wconf 85' lang='grc'><strong>5.</strong></span> <span class='ocrx_word' id='word_1_796' title='bbox 2510 3966 2642 4035; x_wconf 70' lang='lat'><strong>2|);</strong></span> <span class='ocrx_word' id='word_1_797' title='bbox 2696 3984 2836 4023; x_wconf 86' lang='lat' dir='ltr'><strong>ntmc</strong></span> <span class='ocrx_word' id='word_1_798' title='bbox 2861 3982 3040 4026; x_wconf 88' lang='lat' dir='ltr'><strong>autem</strong></span> <span class='ocrx_word' id='word_1_799' title='bbox 3087 3974 3214 4038; x_wconf 75' lang='lat' dir='ltr'><strong>dicit</strong></span> <span class='ocrx_word' id='word_1_800' title='bbox 3254 3976 3402 4031; x_wconf 84' lang='lat' dir='ltr'><strong>illum</strong></span> 
     </span>
    </p>
   </div>
   <div class='ocr_carea' id='block_1_99' title="bbox 1823 4055 3411 4137">
    <p class='ocr_par' dir='ltr' id='par_1_99' title="bbox 1823 4055 3411 4137">
     <span class='ocr_line' id='line_1_100' title="bbox 1823 4055 3411 4137; baseline 0.009 -27"><span class='ocrx_word' id='word_1_801' title='bbox 1823 4057 1978 4111; x_wconf 91' lang='lat' dir='ltr'><strong>nobis</strong></span> <span class='ocrx_word' id='word_1_802' title='bbox 1996 4055 2203 4114; x_wconf 80' lang='lat' dir='ltr'><strong>factum</strong></span> <span class='ocrx_word' id='word_1_803' title='bbox 2231 4057 2396 4117; x_wconf 77' lang='lat' dir='ltr'><strong>fuisse</strong></span> <span class='ocrx_word' id='word_1_804' title='bbox 2412 4059 2698 4127; x_wconf 85' lang='lat' dir='ltr'><strong>justitiam,</strong></span> <span class='ocrx_word' id='word_1_805' title='bbox 2724 4060 2791 4125; x_wconf 85' lang='lat' dir='ltr'><strong>ita</strong></span> <span class='ocrx_word' id='word_1_806' title='bbox 2810 4071 2867 4116; x_wconf 86' lang='lat' dir='ltr'><strong>ut</strong></span> <span class='ocrx_word' id='word_1_807' title='bbox 2888 4064 3097 4119; x_wconf 81' lang='lat' dir='ltr'><strong>volenti-</strong></span> <span class='ocrx_word' id='word_1_808' title='bbox 3112 4066 3411 4137; x_wconf 75' lang='lat' dir='ltr'><strong>liceat-ejus</strong></span> 
     </span>
    </p>
   </div>
   <div class='ocr_carea' id='block_1_100' title="bbox 1818 4147 3405 4227">
    <p class='ocr_par' dir='ltr' id='par_1_100' title="bbox 1818 4147 3405 4227">
     <span class='ocr_line' id='line_1_101' title="bbox 1818 4147 3405 4227; baseline 0.009 -27"><span class='ocrx_word' id='word_1_809' title='bbox 1818 4147 2032 4202; x_wconf 91' lang='lat' dir='ltr'><strong>abunde</strong></span> <span class='ocrx_word' id='word_1_810' title='bbox 2051 4158 2358 4203; x_wconf 83' lang='lat' dir='ltr'><strong>consortem</strong></span> <span class='ocrx_word' id='word_1_811' title='bbox 2381 4164 2525 4204; x_wconf 86' lang='lat' dir='ltr'><strong>esse.</strong></span> <span class='ocrx_word' id='word_1_812' title='bbox 2552 4150 2667 4205; x_wconf 87' lang='lat' dir='ltr'><strong>Non</strong></span> <span class='ocrx_word' id='word_1_813' title='bbox 2695 4152 2835 4208; x_wconf 89' lang='lat' dir='ltr'><strong>enim</strong></span> <span class='ocrx_word' id='word_1_814' title='bbox 2861 4153 2949 4209; x_wconf 88' lang='lat' dir='ltr'><strong>hic</strong></span> <span class='ocrx_word' id='word_1_815' title='bbox 2978 4157 3056 4210; x_wconf 90' lang='lat' dir='ltr'><strong>vel</strong></span> <span class='ocrx_word' id='word_1_816' title='bbox 3080 4157 3405 4227; x_wconf 64' lang='lat' dir='ltr'><strong>illesapien-</strong></span> 
     </span>
    </p>
   </div>
   <div class='ocr_carea' id='block_1_101' title="bbox 1825 4237 3409 4319">
    <p class='ocr_par' dir='ltr' id='par_1_101' title="bbox 1825 4237 3409 4319">
     <span class='ocr_line' id='line_1_102' title="bbox 1825 4237 3409 4319; baseline 0.01 -28"><span class='ocrx_word' id='word_1_817' title='bbox 1825 4248 1901 4291; x_wconf 90' lang='lat' dir='ltr'><strong>tes</strong></span> <span class='ocrx_word' id='word_1_818' title='bbox 1934 4237 2077 4309; x_wconf 80' lang='lat' dir='ltr'><strong>fecit,</strong></span> <span class='ocrx_word' id='word_1_819' title='bbox 2099 4238 2194 4299; x_wconf 85' lang='lat' dir='ltr'><strong>sed</strong></span> <span class='ocrx_word' id='word_1_820' title='bbox 2219 4239 2482 4294; x_wconf 83' lang='lat' dir='ltr'><strong>Christus.</strong></span> <span class='ocrx_word' id='word_1_821' title='bbox 2510 4240 2611 4307; x_wconf 67' lang='lat' dir='ltr'><strong>Qui</strong></span> <span class='ocrx_word' id='word_1_822' title='bbox 2640 4259 2767 4311; x_wconf 82' lang='lat' dir='ltr'><strong>ergo</strong></span> <span class='ocrx_word' id='word_1_823' title='bbox 2789 4244 3073 4313; x_wconf 83' lang='lat' dir='ltr'><strong>gloriatur,</strong></span> <span class='ocrx_word' id='word_1_824' title='bbox 3098 4249 3150 4315; x_wconf 76' lang='lat' dir='ltr'><strong>in</strong></span> <span class='ocrx_word' id='word_1_825' title='bbox 3174 4249 3273 4313; x_wconf 87' lang='lat' dir='ltr'><strong>illo</strong></span> <span class='ocrx_word' id='word_1_826' title='bbox 3296 4253 3409 4319; x_wconf 80' lang='lat' dir='ltr'><strong>glo-</strong></span> 
     </span>
    </p>
   </div>
   <div class='ocr_carea' id='block_1_102' title="bbox 1822 4329 3409 4399">
    <p class='ocr_par' dir='ltr' id='par_1_102' title="bbox 1822 4329 3409 4399">
     <span class='ocr_line' id='line_1_103' title="bbox 1822 4329 3409 4399; baseline 0.011 -18"><span class='ocrx_word' id='word_1_827' title='bbox 1822 4329 2010 4391; x_wconf 88' lang='lat' dir='ltr'><strong>rietur,</strong></span> <span class='ocrx_word' id='word_1_828' title='bbox 2042 4344 2151 4383; x_wconf 91' lang='lat' dir='ltr'><strong>non</strong></span> <span class='ocrx_word' id='word_1_829' title='bbox 2180 4329 2234 4383; x_wconf 90' lang='lat' dir='ltr'><strong>in</strong></span> <span class='ocrx_word' id='word_1_830' title='bbox 2259 4330 2365 4384; x_wconf 89' lang='lat' dir='ltr'><strong>alio</strong></span> <span class='ocrx_word' id='word_1_831' title='bbox 2392 4346 2405 4383; x_wconf 90' lang='lat'>:</span> <span class='ocrx_word' id='word_1_832' title='bbox 2432 4346 2461 4383; x_wconf 90' lang='lat' dir='ltr'><strong>a</strong></span> <span class='ocrx_word' id='word_1_833' title='bbox 2484 4330 2700 4385; x_wconf 89' lang='lat' dir='ltr'><strong>Christo</strong></span> <span class='ocrx_word' id='word_1_834' title='bbox 2721 4336 2899 4393; x_wconf 83' lang='lat' dir='ltr'><strong>munia</strong></span> <span class='ocrx_word' id='word_1_835' title='bbox 2936 4336 3071 4390; x_wconf 80' lang='lat' dir='ltr'><strong>facta</strong></span> <span class='ocrx_word' id='word_1_836' title='bbox 3102 4349 3245 4394; x_wconf 91' lang='lat' dir='ltr'><strong>sunt.</strong></span> <span class='ocrx_word' id='word_1_837' title='bbox 3281 4343 3409 4399; x_wconf 85' lang='lat' dir='ltr'><strong>Ideo</strong></span> 
     </span>
    </p>
   </div>
   <div class='ocr_carea' id='block_1_103' title="bbox 1820 4422 3410 4500">
    <p class='ocr_par' dir='ltr' id='par_1_103' title="bbox 1820 4422 3410 4500">
     <span class='ocr_line' id='line_1_104' title="bbox 1820 4422 3410 4500; baseline 0.008 -24"><span class='ocrx_word' id='word_1_838' title='bbox 1820 4437 1941 4476; x_wconf 91' lang='lat' dir='ltr'><strong>cum</strong></span> <span class='ocrx_word' id='word_1_839' title='bbox 1969 4422 2194 4477; x_wconf 76' lang='lat' dir='ltr'><strong>dixisset</strong></span> <span class='ocrx_word' id='word_1_840' title='bbox 2218 4465 2231 4488; x_wconf 91' lang='lat'><strong>,</strong></span> <span class='ocrx_word' id='word_1_841' title='bbox 2265 4424 2365 4490; x_wconf 85' lang='lat' dir='ltr'><strong>Qui</strong></span> <span class='ocrx_word' id='word_1_842' title='bbox 2392 4424 2558 4491; x_wconf 78' lang='lat' dir='ltr'><strong>factus</strong></span> <span class='ocrx_word' id='word_1_843' title='bbox 2586 4434 2661 4479; x_wconf 82' lang='lat' dir='ltr'><strong>est</strong></span> <span class='ocrx_word' id='word_1_844' title='bbox 2682 4426 2821 4483; x_wconf 76' lang='lat' dir='ltr'><strong>nobis</strong></span> <span class='ocrx_word' id='word_1_845' title='bbox 2843 4428 3092 4496; x_wconf 80' lang='lat' dir='ltr'><strong>sapientia</strong></span> <span class='ocrx_word' id='word_1_846' title='bbox 3120 4441 3167 4483; x_wconf 72' lang='lat' dir='ltr'><strong>et</strong></span> <span class='ocrx_word' id='word_1_847' title='bbox 3205 4434 3410 4500; x_wconf 80' lang='lat' dir='ltr'><strong>justitia</strong></span> 
     </span>
    </p>
   </div>
   <div class='ocr_carea' id='block_1_104' title="bbox 1821 4517 3412 4594">
    <p class='ocr_par' dir='ltr' id='par_1_104' title="bbox 1821 4517 3412 4594">
     <span class='ocr_line' id='line_1_105' title="bbox 1821 4517 3412 4594; baseline 0.007 -25"><span class='ocrx_word' id='word_1_848' title='bbox 1821 4526 1867 4569; x_wconf 87' lang='lat' dir='ltr'><strong>ct</strong></span> <span class='ocrx_word' id='word_1_849' title='bbox 1881 4517 2217 4584; x_wconf 82' lang='lat' dir='ltr'><strong>sanctiﬁcatio</strong></span> <span class='ocrx_word' id='word_1_850' title='bbox 2236 4527 2284 4570; x_wconf 86' lang='lat' dir='ltr'><strong>et</strong></span> <span class='ocrx_word' id='word_1_851' title='bbox 2306 4519 2605 4582; x_wconf 77' lang='lat' dir='ltr'><strong>redemptio,</strong></span> <span class='ocrx_word' id='word_1_852' title='bbox 2624 4518 2895 4585; x_wconf 72' lang='lat' dir='ltr'><strong>subiunxit</strong></span> <span class='ocrx_word' id='word_1_853' title='bbox 2914 4537 2927 4572; x_wconf 85' lang='lat'><strong>:</strong></span> <span class='ocrx_word' id='word_1_854' title='bbox 2954 4521 3042 4575; x_wconf 77' lang='grc'><strong>51.</strong></span> <span class='ocrx_word' id='word_1_855' title='bbox 3055 4521 3143 4587; x_wconf 89' lang='lat' dir='ltr'><strong>Ut,</strong></span> <span class='ocrx_word' id='word_1_856' title='bbox 3167 4532 3412 4594; x_wconf 82' lang='lat' dir='ltr'><strong>quemad-</strong></span> 
     </span>
    </p>
   </div>
   <div class='ocr_carea' id='block_1_105' title="bbox 1823 4609 3407 4685">
    <p class='ocr_par' dir='ltr' id='par_1_105' title="bbox 1823 4609 3407 4685">
     <span class='ocr_line' id='line_1_106' title="bbox 1823 4609 3407 4685; baseline 0.008 -27"><span class='ocrx_word' id='word_1_857' title='bbox 1823 4609 2029 4661; x_wconf 84' lang='lat' dir='ltr'><strong>modum</strong></span> <span class='ocrx_word' id='word_1_858' title='bbox 2049 4609 2291 4679; x_wconf 78' lang='lat' dir='ltr'><strong>scriptum</strong></span> <span class='ocrx_word' id='word_1_859' title='bbox 2309 4618 2403 4674; x_wconf 82' lang='lat' dir='ltr'><strong>est,</strong></span> <span class='ocrx_word' id='word_1_860' title='bbox 2427 4609 2525 4674; x_wconf 83' lang='lat' dir='ltr'><strong>Qui</strong></span> <span class='ocrx_word' id='word_1_861' title='bbox 2553 4609 2820 4679; x_wconf 82' lang='lat' dir='ltr'><strong>gloriatur,</strong></span> <span class='ocrx_word' id='word_1_862' title='bbox 2841 4610 2893 4663; x_wconf 85' lang='lat' dir='ltr'><strong>in</strong></span> <span class='ocrx_word' id='word_1_863' title='bbox 2922 4610 3141 4668; x_wconf 84' lang='lat' dir='ltr'><strong>Domino</strong></span> <span class='ocrx_word' id='word_1_864' title='bbox 3162 4617 3407 4685; x_wconf 83' lang='lat' dir='ltr'><strong>glorietur</strong></span> 
     </span>
    </p>
   </div>
   <div class='ocr_carea' id='block_1_106' title="bbox 1822 4697 3407 4771">
    <p class='ocr_par' dir='ltr' id='par_1_106' title="bbox 1822 4697 3407 4771">
     <span class='ocr_line' id='line_1_107' title="bbox 1822 4697 3407 4771; baseline 0.008 -19"><span class='ocrx_word' id='word_1_865' title='bbox 1822 4700 1961 4771; x_wconf 82' lang='lat' dir='ltr'><strong>(Jer.</strong></span> <span class='ocrx_word' id='word_1_866' title='bbox 2007 4699 2061 4755; x_wconf 86' lang='lat'><strong>9.</strong></span> <span class='ocrx_word' id='word_1_867' title='bbox 2090 4700 2205 4771; x_wconf 73' lang='lat'><strong>25).</strong></span> <span class='ocrx_word' id='word_1_868' title='bbox 2237 4700 2526 4770; x_wconf 85' lang='lat' dir='ltr'><strong>Propterea</strong></span> <span class='ocrx_word' id='word_1_869' title='bbox 2564 4697 2724 4754; x_wconf 88' lang='lat' dir='ltr'><strong>etiam</strong></span> <span class='ocrx_word' id='word_1_870' title='bbox 2757 4700 2916 4756; x_wconf 87' lang='lat' dir='ltr'><strong>valde</strong></span> <span class='ocrx_word' id='word_1_871' title='bbox 2955 4704 3196 4759; x_wconf 76' lang='lat' dir='ltr'><strong>invectus</strong></span> <span class='ocrx_word' id='word_1_872' title='bbox 3243 4719 3326 4762; x_wconf 74' lang='lat' dir='ltr'><strong>est</strong></span> <span class='ocrx_word' id='word_1_873' title='bbox 3355 4710 3407 4764; x_wconf 92' lang='lat' dir='ltr'><strong>in</strong></span> 
     </span>
    </p>
   </div>
   <div class='ocr_carea' id='block_1_107' title="bbox 1820 4790 3402 4864">
    <p class='ocr_par' dir='ltr' id='par_1_107' title="bbox 1820 4790 3402 4864">
     <span class='ocr_line' id='line_1_108' title="bbox 1820 4790 3402 4864; baseline 0.006 -17"><span class='ocrx_word' id='word_1_874' title='bbox 1820 4793 2141 4861; x_wconf 87' lang='lat' dir='ltr'><strong>sapientiam</strong></span> <span class='ocrx_word' id='word_1_875' title='bbox 2166 4792 2508 4855; x_wconf 69' lang='lat' dir='ltr'><strong>Gmcorum;</strong></span> <span class='ocrx_word' id='word_1_876' title='bbox 2542 4801 2599 4844; x_wconf 91' lang='lat' dir='ltr'><strong>ut</strong></span> <span class='ocrx_word' id='word_1_877' title='bbox 2626 4790 2731 4847; x_wconf 91' lang='lat' dir='ltr'><strong>hoc</strong></span> <span class='ocrx_word' id='word_1_878' title='bbox 2754 4790 2868 4863; x_wconf 89' lang='lat' dir='ltr'><strong>ipso</strong></span> <span class='ocrx_word' id='word_1_879' title='bbox 2900 4796 3215 4864; x_wconf 84' lang='lat' dir='ltr'><strong>persoadeat</strong></span> <span class='ocrx_word' id='word_1_880' title='bbox 3244 4799 3402 4856; x_wconf 82' lang='lat' dir='ltr'><strong>homi-</strong></span> 
     </span>
    </p>
   </div>
   <div class='ocr_carea' id='block_1_108' title="bbox 1823 4880 3409 4956">
    <p class='ocr_par' dir='ltr' id='par_1_108' title="bbox 1823 4880 3409 4956">
     <span class='ocr_line' id='line_1_109' title="bbox 1823 4880 3409 4956; baseline 0.008 -21"><span class='ocrx_word' id='word_1_881' title='bbox 1823 4883 1999 4947; x_wconf 89' lang='lat' dir='ltr'><strong>nibus,</strong></span> <span class='ocrx_word' id='word_1_882' title='bbox 2034 4892 2091 4936; x_wconf 91' lang='lat' dir='ltr'><strong>ut</strong></span> <span class='ocrx_word' id='word_1_883' title='bbox 2118 4882 2278 4936; x_wconf 88' lang='lat' dir='ltr'><strong>etiam</strong></span> <span class='ocrx_word' id='word_1_884' title='bbox 2305 4880 2508 4948; x_wconf 86' lang='lat' dir='ltr'><strong>justum</strong></span> <span class='ocrx_word' id='word_1_885' title='bbox 2535 4890 2639 4950; x_wconf 83' lang='lat' dir='ltr'><strong>est,</strong></span> <span class='ocrx_word' id='word_1_886' title='bbox 2670 4894 2728 4936; x_wconf 89' lang='lat' dir='ltr'><strong>ut</strong></span> <span class='ocrx_word' id='word_1_887' title='bbox 2756 4881 2807 4936; x_wconf 89' lang='lat' dir='ltr'><strong>in</strong></span> <span class='ocrx_word' id='word_1_888' title='bbox 2831 4885 3059 4941; x_wconf 89' lang='lat' dir='ltr'><strong>Domino</strong></span> <span class='ocrx_word' id='word_1_889' title='bbox 3088 4888 3409 4956; x_wconf 75' lang='lat' dir='ltr'><strong>glorientur.</strong></span> 
     </span>
    </p>
   </div>
   <div class='ocr_carea' id='block_1_109' title="bbox 1821 4964 3405 5052">
    <p class='ocr_par' dir='ltr' id='par_1_109' title="bbox 1821 4964 3405 5052">
     <span class='ocr_line' id='line_1_110' title="bbox 1821 4964 3405 5052; baseline 0.008 -23"><span class='ocrx_word' id='word_1_890' title='bbox 1821 4974 1953 5029; x_wconf 74' lang='lat' dir='ltr'><strong>Nam</strong></span> <span class='ocrx_word' id='word_1_891' title='bbox 1982 4989 2104 5029; x_wconf 88' lang='lat' dir='ltr'><strong>eum</strong></span> <span class='ocrx_word' id='word_1_892' title='bbox 2126 4991 2154 5027; x_wconf 82' lang='lat' dir='ltr'><strong>a</strong></span> <span class='ocrx_word' id='word_1_893' title='bbox 2183 4973 2337 5028; x_wconf 83' lang='lat' dir='ltr'><strong>nobis</strong></span> <span class='ocrx_word' id='word_1_894' title='bbox 2367 4974 2499 5044; x_wconf 86' lang='lat' dir='ltr'><strong>ipsis</strong></span> <span class='ocrx_word' id='word_1_895' title='bbox 2531 4992 2650 5045; x_wconf 70' lang='lat' dir='ltr'><strong>qua:</strong></span> <span class='ocrx_word' id='word_1_896' title='bbox 2671 4990 2769 5029; x_wconf 90' lang='lat' dir='ltr'><strong>nos</strong></span> <span class='ocrx_word' id='word_1_897' title='bbox 2796 4964 3050 5046; x_wconf 79' lang='lat' dir='ltr'><strong>superant</strong></span> <span class='ocrx_word' id='word_1_898' title='bbox 3092 4985 3405 5052; x_wconf 70' lang='lat' dir='ltr'><strong>qumrimm,</strong></span> 
     </span>
    </p>
   </div>
   <div class='ocr_carea' id='block_1_110' title="bbox 1822 5066 3407 5147">
    <p class='ocr_par' dir='ltr' id='par_1_110' title="bbox 1822 5066 3407 5147">
     <span class='ocr_line' id='line_1_111' title="bbox 1822 5066 3407 5147; baseline 0.008 -26"><span class='ocrx_word' id='word_1_899' title='bbox 1822 5068 1950 5121; x_wconf 90' lang='lat' dir='ltr'><strong>nihil</strong></span> <span class='ocrx_word' id='word_1_900' title='bbox 1998 5076 2084 5121; x_wconf 89' lang='lat' dir='ltr'><strong>cst</strong></span> <span class='ocrx_word' id='word_1_901' title='bbox 2129 5068 2283 5122; x_wconf 91' lang='lat' dir='ltr'><strong>nobis</strong></span> <span class='ocrx_word' id='word_1_902' title='bbox 2310 5070 2525 5121; x_wconf 77' lang='lat' dir='ltr'><strong>stultius</strong></span> <span class='ocrx_word' id='word_1_903' title='bbox 2551 5108 2565 5132; x_wconf 94' lang='lat'><strong>,</strong></span> <span class='ocrx_word' id='word_1_904' title='bbox 2598 5066 2729 5120; x_wconf 91' lang='lat' dir='ltr'><strong>nihil</strong></span> <span class='ocrx_word' id='word_1_905' title='bbox 2780 5068 3116 5129; x_wconf 89' lang='lat' dir='ltr'><strong>imbecillius.</strong></span> <span class='ocrx_word' id='word_1_906' title='bbox 3147 5077 3407 5147; x_wconf 88' lang='lat' dir='ltr'><strong>Linguam</strong></span> 
     </span>
    </p>
   </div>
   <div class='ocr_carea' id='block_1_111' title="bbox 1821 5157 3408 5237">
    <p class='ocr_par' dir='ltr' id='par_1_111' title="bbox 1821 5157 3408 5237">
     <span class='ocr_line' id='line_1_112' title="bbox 1821 5157 3408 5237; baseline 0.004 -27"><span class='ocrx_word' id='word_1_907' title='bbox 1821 5160 1962 5213; x_wconf 88' lang='lat' dir='ltr'><strong>enim</strong></span> <span class='ocrx_word' id='word_1_908' title='bbox 1993 5167 2201 5212; x_wconf 84' lang='lat' dir='ltr'><strong>acutam</strong></span> <span class='ocrx_word' id='word_1_909' title='bbox 2233 5157 2428 5209; x_wconf 87' lang='lat' dir='ltr'><strong>habere</strong></span> <span class='ocrx_word' id='word_1_910' title='bbox 2453 5171 2766 5224; x_wconf 85' lang='lat' dir='ltr'><strong>possumus;</strong></span> <span class='ocrx_word' id='word_1_911' title='bbox 2792 5160 3037 5231; x_wconf 83' lang='lat' dir='ltr'><strong>dogmata</strong></span> <span class='ocrx_word' id='word_1_912' title='bbox 3063 5181 3189 5227; x_wconf 81' lang='lat' dir='ltr'><strong>vero</strong></span> <span class='ocrx_word' id='word_1_913' title='bbox 3214 5170 3408 5237; x_wconf 65' lang='lat' dir='ltr'><strong>Solida,</strong></span> 
     </span>
    </p>
   </div>
   <div class='ocr_carea' id='block_1_112' title="bbox 1822 5251 3414 5323">
    <p class='ocr_par' dir='ltr' id='par_1_112' title="bbox 1822 5251 3414 5323">
     <span class='ocr_line' id='line_1_113' title="bbox 1822 5251 3414 5323; baseline 0.009 -18"><span class='ocrx_word' id='word_1_914' title='bbox 1822 5268 1926 5306; x_wconf 91' lang='lat' dir='ltr'><strong>non</strong></span> <span class='ocrx_word' id='word_1_915' title='bbox 1956 5252 2080 5305; x_wconf 90' lang='lat' dir='ltr'><strong>item</strong></span> <span class='ocrx_word' id='word_1_916' title='bbox 2104 5267 2119 5313; x_wconf 88' lang='lat'><strong>;</strong></span> <span class='ocrx_word' id='word_1_917' title='bbox 2151 5251 2244 5303; x_wconf 90' lang='lat' dir='ltr'><strong>sed</strong></span> <span class='ocrx_word' id='word_1_918' title='bbox 2264 5266 2585 5305; x_wconf 85' lang='lat' dir='ltr'><strong>aranearum</strong></span> <span class='ocrx_word' id='word_1_919' title='bbox 2615 5253 2735 5308; x_wconf 89' lang='lat' dir='ltr'><strong>telis</strong></span> <span class='ocrx_word' id='word_1_920' title='bbox 2759 5271 2851 5323; x_wconf 91' lang='lat' dir='ltr'><strong>per</strong></span> <span class='ocrx_word' id='word_1_921' title='bbox 2869 5273 2926 5312; x_wconf 89' lang='lat' dir='ltr'><strong>se</strong></span> <span class='ocrx_word' id='word_1_922' title='bbox 2952 5258 3143 5314; x_wconf 83' lang='lat' dir='ltr'><strong>similia</strong></span> <span class='ocrx_word' id='word_1_923' title='bbox 3176 5272 3302 5318; x_wconf 89' lang='lat' dir='ltr'><strong>sunt</strong></span> <span class='ocrx_word' id='word_1_924' title='bbox 3329 5281 3414 5319; x_wconf 82' lang='lat' dir='ltr'><strong>ra-</strong></span> 
     </span>
    </p>
   </div>
   <div class='ocr_carea' id='block_1_113' title="bbox 1823 5338 3413 5417">
    <p class='ocr_par' dir='ltr' id='par_1_113' title="bbox 1823 5338 3413 5417">
     <span class='ocr_line' id='line_1_114' title="bbox 1823 5338 3413 5417; baseline 0.011 -22"><span class='ocrx_word' id='word_1_925' title='bbox 1823 5339 2055 5395; x_wconf 82' lang='lat' dir='ltr'><strong>tiocinia.</strong></span> <span class='ocrx_word' id='word_1_926' title='bbox 2108 5338 2188 5393; x_wconf 85' lang='lat' dir='ltr'><strong>Eo</strong></span> <span class='ocrx_word' id='word_1_927' title='bbox 2212 5339 2354 5393; x_wconf 88' lang='lat' dir='ltr'><strong>enim</strong></span> <span class='ocrx_word' id='word_1_928' title='bbox 2383 5341 2602 5409; x_wconf 89' lang='lat' dir='ltr'><strong>quidam</strong></span> <span class='ocrx_word' id='word_1_929' title='bbox 2635 5358 3008 5413; x_wconf 85' lang='lat' dir='ltr'><strong>processerant</strong></span> <span class='ocrx_word' id='word_1_930' title='bbox 3037 5354 3305 5417; x_wconf 69' lang='lat' dir='ltr'><strong>amentur,</strong></span> <span class='ocrx_word' id='word_1_931' title='bbox 3355 5368 3413 5412; x_wconf 89' lang='lat' dir='ltr'><strong>ut</strong></span> 
     </span>
    </p>
   </div>
   <div class='ocr_carea' id='block_1_114' title="bbox 1821 5434 3405 5521">
    <p class='ocr_par' dir='ltr' id='par_1_114' title="bbox 1821 5434 3405 5521">
     <span class='ocr_line' id='line_1_115' title="bbox 1821 5434 3405 5521; baseline 0.009 -36"><span class='ocrx_word' id='word_1_932' title='bbox 1821 5449 2004 5521; x_wconf 46' lang='lat' dir='ltr'><strong>egrum</strong></span> <span class='ocrx_word' id='word_1_933' title='bbox 2032 5450 2149 5503; x_wconf 76' lang='lat' dir='ltr'><strong>qua:</strong></span> <span class='ocrx_word' id='word_1_934' title='bbox 2178 5442 2303 5486; x_wconf 91' lang='lat' dir='ltr'><strong>sunt</strong></span> <span class='ocrx_word' id='word_1_935' title='bbox 2335 5434 2466 5488; x_wconf 89' lang='lat' dir='ltr'><strong>nihil</strong></span> <span class='ocrx_word' id='word_1_936' title='bbox 2495 5452 2681 5494; x_wconf 86' lang='lat' dir='ltr'><strong>verum</strong></span> <span class='ocrx_word' id='word_1_937' title='bbox 2712 5454 2834 5493; x_wconf 71' lang='lat' dir='ltr'><strong>esse</strong></span> <span class='ocrx_word' id='word_1_938' title='bbox 2877 5439 3119 5496; x_wconf 84' lang='lat' dir='ltr'><strong>dicerent</strong></span> <span class='ocrx_word' id='word_1_939' title='bbox 3148 5486 3161 5507; x_wconf 92' lang='lat'><strong>,</strong></span> <span class='ocrx_word' id='word_1_940' title='bbox 3190 5450 3283 5499; x_wconf 88' lang='lat' dir='ltr'><strong>sed</strong></span> <span class='ocrx_word' id='word_1_941' title='bbox 3314 5446 3405 5514; x_wconf 88' lang='lat' dir='ltr'><strong>iis,</strong></span> 
     </span>
    </p>
   </div>
   <div class='ocr_carea' id='block_1_115' title="bbox 1820 5527 3410 5593">
    <p class='ocr_par' dir='ltr' id='par_1_115' title="bbox 1820 5527 3410 5593">
     <span class='ocr_line' id='line_1_116' title="bbox 1820 5527 3410 5593; baseline 0.011 -19"><span class='ocrx_word' id='word_1_942' title='bbox 1820 5540 1940 5593; x_wconf 77' lang='lat' dir='ltr'><strong>qua:</strong></span> <span class='ocrx_word' id='word_1_943' title='bbox 1991 5533 2333 5593; x_wconf 86' lang='lat' dir='ltr'><strong>apparerent,</strong></span> <span class='ocrx_word' id='word_1_944' title='bbox 2364 5527 2547 5583; x_wconf 85' lang='lat' dir='ltr'><strong>omnia</strong></span> <span class='ocrx_word' id='word_1_945' title='bbox 2599 5529 2867 5581; x_wconf 84' lang='lat' dir='ltr'><strong>contraria</strong></span> <span class='ocrx_word' id='word_1_946' title='bbox 2908 5546 3029 5587; x_wconf 86' lang='lat' dir='ltr'><strong>esse</strong></span> <span class='ocrx_word' id='word_1_947' title='bbox 3057 5535 3410 5592; x_wconf 77' lang='lat' dir='ltr'><strong>alﬁrmarcnt.</strong></span> 
     </span>
    </p>
   </div>
   <div class='ocr_carea' id='block_1_116' title="bbox 1821 5613 3408 5683">
    <p class='ocr_par' dir='ltr' id='par_1_116' title="bbox 1821 5613 3408 5683">
     <span class='ocr_line' id='line_1_117' title="bbox 1821 5613 3408 5683; baseline 0.009 -15"><span class='ocrx_word' id='word_1_948' title='bbox 1821 5613 1963 5668; x_wconf 86' lang='lat' dir='ltr'><strong>Nihil</strong></span> <span class='ocrx_word' id='word_1_949' title='bbox 1992 5630 2119 5682; x_wconf 86' lang='lat' dir='ltr'><strong>ergo</strong></span> <span class='ocrx_word' id='word_1_950' title='bbox 2147 5622 2292 5667; x_wconf 91' lang='lat' dir='ltr'><strong>tuum</strong></span> <span class='ocrx_word' id='word_1_951' title='bbox 2320 5630 2440 5671; x_wconf 91' lang='lat' dir='ltr'><strong>esse</strong></span> <span class='ocrx_word' id='word_1_952' title='bbox 2470 5616 2701 5680; x_wconf 76' lang='lat' dir='ltr'><strong>dixeris,</strong></span> <span class='ocrx_word' id='word_1_953' title='bbox 2736 5620 2827 5673; x_wconf 88' lang='lat' dir='ltr'><strong>sed</strong></span> <span class='ocrx_word' id='word_1_954' title='bbox 2860 5620 2912 5674; x_wconf 91' lang='lat' dir='ltr'><strong>in</strong></span> <span class='ocrx_word' id='word_1_955' title='bbox 2941 5622 3188 5677; x_wconf 86' lang='lat' dir='ltr'><strong>omnibus</strong></span> <span class='ocrx_word' id='word_1_956' title='bbox 3214 5626 3268 5681; x_wconf 91' lang='lat' dir='ltr'><strong>in</strong></span> <span class='ocrx_word' id='word_1_957' title='bbox 3295 5628 3408 5683; x_wconf 81' lang='lat' dir='ltr'><strong>Deo</strong></span> 
     </span>
    </p>
   </div>
   <div class='ocr_carea' id='block_1_117' title="bbox 1821 5704 3412 5780">
    <p class='ocr_par' dir='ltr' id='par_1_117' title="bbox 1821 5704 3412 5780">
     <span class='ocr_line' id='line_1_118' title="bbox 1821 5704 3412 5780; baseline 0.009 -22"><span class='ocrx_word' id='word_1_958' title='bbox 1821 5704 2103 5774; x_wconf 83' lang='lat' dir='ltr'><strong>glerieris;</strong></span> <span class='ocrx_word' id='word_1_959' title='bbox 2136 5705 2267 5759; x_wconf 92' lang='lat' dir='ltr'><strong>nulli</strong></span> <span class='ocrx_word' id='word_1_960' title='bbox 2316 5705 2518 5760; x_wconf 90' lang='lat' dir='ltr'><strong>homini</strong></span> <span class='ocrx_word' id='word_1_961' title='bbox 2548 5707 2747 5776; x_wconf 88' lang='lat' dir='ltr'><strong>aliquid</strong></span> <span class='ocrx_word' id='word_1_962' title='bbox 2799 5726 3047 5780; x_wconf 85' lang='lat' dir='ltr'><strong>umquam</strong></span> <span class='ocrx_word' id='word_1_963' title='bbox 3095 5714 3315 5771; x_wconf 86' lang='lat' dir='ltr'><strong>tribuas.</strong></span> <span class='ocrx_word' id='word_1_964' title='bbox 3351 5719 3412 5773; x_wconf 82' lang='lat' dir='ltr'><strong>Si</strong></span> 
     </span>
    </p>
   </div>
   <div class='ocr_carea' id='block_1_118' title="bbox 1822 5795 3412 5879">
    <p class='ocr_par' dir='ltr' id='par_1_118' title="bbox 1822 5795 3412 5879">
     <span class='ocr_line' id='line_1_119' title="bbox 1822 5795 3412 5879; baseline 0.009 -27"><span class='ocrx_word' id='word_1_965' title='bbox 1822 5795 1965 5852; x_wconf 80' lang='lat' dir='ltr'><strong>enim</strong></span> <span class='ocrx_word' id='word_1_966' title='bbox 2002 5795 2169 5853; x_wconf 86' lang='lat' dir='ltr'><strong>Paulo</strong></span> <span class='ocrx_word' id='word_1_967' title='bbox 2190 5797 2323 5853; x_wconf 83' lang='lat' dir='ltr'><strong>nihil</strong></span> <span class='ocrx_word' id='word_1_968' title='bbox 2349 5809 2431 5856; x_wconf 88' lang='lat' dir='ltr'><strong>est</strong></span> <span class='ocrx_word' id='word_1_969' title='bbox 2456 5800 2880 5869; x_wconf 82' lang='lat' dir='ltr'><strong>attribuendum,</strong></span> <span class='ocrx_word' id='word_1_970' title='bbox 2913 5805 3081 5868; x_wconf 85' lang='lat' dir='ltr'><strong>multo</strong></span> <span class='ocrx_word' id='word_1_971' title='bbox 3112 5806 3282 5879; x_wconf 82' lang='lat' dir='ltr'><strong>magis</strong></span> <span class='ocrx_word' id='word_1_972' title='bbox 3308 5827 3412 5866; x_wconf 71' lang='lat' dir='ltr'><strong>ca:-</strong></span> 
     </span>
    </p>
   </div>
  </div>
