4018 6208
158 411 229 466 ιδ
1263 398 1324 453 111
1365 396 1621 453 EPISTJ
1671 396 1764 453 AD
1801 394 1953 455 con.
1986 396 2212 456 1101111..
2233 398 2301 455 v.
3359 404 3425 460 111

161 530 535 595 exspectarent
579 534 641 573 se
684 534 777 588 per
818 516 967 573 illum
1010 522 1353 583 superaturos
1391 514 1549 567 esse?
1580 514 1742 573 Atqui

165 614 489 671 contrarium
518 613 933 682 exspectandum
961 616 1096 676 erat,
1124 605 1482 677 quia,etiamsi
1528 620 1748 672 supera-

171 708 267 760 uiri
316 714 497 760 essent
520 745 533 767 ,
569 704 853 772 periissent
880 698 1179 767 deceptoris
1206 713 1399 750 nomen
1434 697 1483 749 in
1514 695 1745 747 medium

164 798 470 851 ali‘erentes.
515 794 608 849 Sin
639 801 814 847 autem
846 791 1092 844 volebant
1115 789 1291 858 priora
1322 788 1593 840 occultare
1617 823 1632 848 ,
1668 792 1748 836 ta-

167 904 292 944 cere
334 887 657 956 oportebat:
691 900 811 938 nam
858 883 1136 937 decertare
1172 880 1341 947 magis
1370 877 1655 931 excitasset
1695 883 1750 928 et

167 982 368 1036 bellum
395 989 449 1034 et
480 980 666 1033 risum.
699 976 853 1031 Unde
879 988 1009 1043 ergo
1044 972 1189 1025 venit
1220 971 1325 1023 illis
1351 970 1401 1021 in
1432 976 1665 1020 mentem
1695 974 1751 1018 ut

169 1075 284 1127 haec
317 1069 722 1140 curifingerent?
752 1084 873 1123 nam
906 1067 992 1120 illa
1037 1081 1154 1133 qua:
1194 1062 1291 1133 ipsi
1322 1059 1619 1121 audierant,
1652 1074 1755 1112 ex-

166 1150 431 1219 cidera'nt.
481 1161 635 1229 Quod
686 1160 731 1215 si
769 1174 888 1214 cum
935 1156 1114 1211 nullus
1158 1161 1301 1209 esset
1341 1151 1522 1214 timor,
1552 1149 1749 1202 multo-

168 1273 286 1312 rum
310 1253 783 1316 obliviscebantur,
812 1259 867 1304 et
898 1246 1139 1317 quaedam
1193 1260 1297 1297 non
1345 1239 1709 1309 intelligebant
1732 1278 1747 1304 ,

169 1350 244 1403 ait
294 1347 665 1415 evangelista,
711 1354 861 1397 tanto
921 1340 1231 1394 imminente
1296 1333 1572 1403 periculo,
1622 1347 1754 1401 quo-

171 1442 334 1496 modo
382 1455 487 1493 non
522 1438 699 1492 omnia
728 1436 798 1489 ab
841 1435 945 1487 illis
989 1427 1335 1484 ambissent?
1368 1428 1435 1481 Et
1458 1426 1584 1497 quid
1634 1425 1754 1479 dico

169 1532 357 1595 verba,
389 1546 511 1586 cum
540 1529 775 1583 futurum
824 1531 988 1583 esset,
1022 1528 1077 1571 ut
1129 1517 1369 1586 magistri
1411 1532 1566 1570 amor
1610 1525 1753 1567 metu

170 1626 475 1678 futurorum
508 1619 705 1673 sensim
728 1610 1114 1669 marcesceret?
1142 1608 1285 1675 quod
1321 1607 1480 1661 etiam
1511 1605 1638 1673 ipsis
1658 1620 1755 1657 cx-

169 1714 473 1783 probmvit.
504 1709 636 1763 Nam
671 1721 791 1760 cum
822 1711 975 1756 antea
1004 1701 1216 1769 quidem
1242 1698 1309 1749 ab
1338 1697 1432 1750 illo
1465 1695 1756 1765 pendentes

175 1805 487 1872 frequenter
537 1801 947 1866 interrogarent,
978 1792 1095 1858 Quo
1125 1789 1309 1842 vadis?
1341 1798 1522 1857 postea
1553 1793 1754 1849 autem,

170 1909 296 1948 cum
328 1894 514 1961 longos
536 1890 703 1943 texuit
720 1899 1021 1949 sermones,
1048 1883 1184 1936 mala
1206 1893 1463 1935 enarrans
1489 1893 1606 1947 qua:
1627 1884 1758 1929 tem-

174 2000 308 2054 pore
336 1984 510 2037 crucis
531 1982 676 2047 ipsos
694 1981 940 2032 invasura
967 1982 1141 2037 erant,
1164 1971 1461 2039 deindeque
1490 1978 1632 2022 metu
1660 1966 1757 2019 dco

172 2076 264 2129 ﬁxi
294 2089 413 2127 cum
439 2072 649 2124 hiantes
675 2070 748 2121 illi
777 2073 1074 2127 manerent,
1105 2063 1228 2116 audi
1257 2060 1523 2129 quomodo
1550 2060 1630 2113 eis
1658 2058 1761 2111 hoc

172 2164 412 2232 proferat
440 2160 625 2213 dicens
660 2178 672 2211 :
712 2156 877 2209 Nemo
903 2171 965 2207 ea:
1004 2155 1142 2206 vobis
1172 2154 1449 2220 interrogat
1481 2166 1593 2213 me,
1651 2150 1761 2214 Quo

171 2254 451 2308 uadished
474 2252 592 2321 quia
621 2251 725 2303 hac
752 2250 985 2318 loquutus
1014 2260 1125 2300 sum
1144 2244 1299 2308 vobis,
1320 2243 1521 2297 tristitia
1538 2241 1761 2309 implevit

172 2362 261 2399 cor
288 2355 503 2397 vestrum
522 2341 702 2410 (Joan.
722 2339 807 2393 16.
832 2340 885 2392 5.
904 2337 1049 2407 6).Si
1074 2351 1204 2405 ergo
1225 2342 1593 2400 exspectantes
1613 2331 1760 2383 illum

175 2435 487 2489 moriturum
504 2442 558 2486 et
576 2438 995 2485 resurrecturum
1009 2441 1145 2488 esse,
1168 2426 1234 2477 ita
1249 2423 1517 2483 dolebant;
1534 2422 1576 2474 si
1592 2434 1761 2473 resur-

172 2535 383 2596 gentem
413 2524 561 2577 illum
586 2536 689 2576 non
715 2522 991 2583 vidissent,
1022 2515 1290 2586 quomodo
1318 2530 1423 2567 non
1457 2512 1757 2582 periisseut,

173 2617 306 2671 etin
337 2618 505 2685 ip~am
552 2625 747 2668 terram
780 2610 971 2665 sut'fodi
1002 2626 1105 2662 non
1144 2607 1511 2669 studuissent,
1547 2613 1654 2655 tum
1696 2619 1758 2655 ex

172 2722 409 2763 mcerore
451 2706 669 2771 fraudis,
707 2714 815 2758 tum
854 2719 917 2757 ex
947 2705 1139 2757 timore
1186 2700 1481 2753 futurorum
1516 2697 1763 2750 obsessi?

247 2799 301 2851 5.
330 2796 481 2851 Unde
496 2805 673 2848 autem
693 2804 745 2847 et
766 2792 1011 2845 sublimia
1035 2792 1141 2844 illis
1156 2790 1400 2858 dogmata
1414 2791 1435 2841 ‘t
1452 2786 1761 2841 sublimiora

175 2888 319 2943 enim
342 2887 484 2955 ipsos
507 2894 686 2953 postea
713 2883 989 2936 audituros
1009 2896 1130 2935 esse
1154 2880 1315 2933 dixit:
1337 2893 1459 2931 nam
1481 2877 1663 2941 Multa,
1686 2877 1763 2928 in-

177 2980 311 3051 quit,
329 2979 483 3031 Imbco
498 2978 631 3031 vobis
644 2978 824 3042 dicere,
843 2974 932 3028 sed
944 2991 1042 3027 non
1059 2974 1259 3043 potestis
1275 2982 1476 3043 portare
1493 2970 1639 3023 modo
1654 2967 1703 3041 (1
1710 2968 1759 3023 b.

178 3090 222 3127 r.
238 3075 350 3139 12).
368 3071 629 3140 Illaigitur
643 3087 710 3139 qu
731 3089 757 3121 c
778 3085 881 3122 non
903 3068 1238 3133 dicebantur,
1261 3065 1568 3119 sublimiora
1588 3073 1760 3119 erant.

180 3165 329 3220 Unus
377 3174 552 3215 autem
595 3177 661 3214 ex
690 3158 971 3229 discipulis
1018 3173 1115 3210 nec
1159 3158 1211 3210 in
1254 3156 1489 3209 Judueam
1522 3171 1641 3208 cum
1672 3154 1763 3206 illo

178 3256 328 3309 abire
356 3254 562 3305 volebat
590 3294 604 3318 ,
652 3261 928 3319 postquam
960 3248 1194 3317 pericula
1218 3246 1417 3299 audivit
1444 3262 1457 3307 ;
1487 3246 1581 3299 sed
1612 3245 1760 3298 dice-

179 3347 290 3409 bat,
324 3345 568 3396 Abeamus
596 3352 643 3394 et
669 3359 790 3405 nos,
833 3351 886 3393 ut
930 3339 1207 3391 moriamur
1248 3354 1363 3389 cum
1409 3336 1500 3389 illo
1527 3333 1636 3405 (Id.
1671 3335 1759 3388 11.

182 3438 325 3505 16);
374 3450 514 3503 a-gre
553 3432 730 3487 ferens
770 3432 911 3501 quod
955 3445 1015 3484 se
1054 3429 1372 3482 ntoriturum
1405 3432 1759 3497 exspectaret.

180 3529 334 3595 Quod
363 3526 407 3580 si
437 3542 559 3581 cum
590 3526 684 3579 illo
710 3534 933 3579 versans
955 3538 1013 3577 se
1037 3521 1353 3576 moriturum
1383 3517 1726 3589 exSpectabat
1745 3557 1759 3581 ,

183 3622 411 3691 ideoque
454 3619 780 3688 refugiebat;
821 3618 1022 3685 absque
1064 3630 1131 3669 eo
1170 3626 1222 3669 et
1249 3617 1463 3669 czeteris
1488 3611 1762 3681 discipulis

183 3716 310 3784 quid
355 3728 457 3768 non
499 3724 624 3768 tunc
664 3729 723 3767 se
780 3725 1056 3781 passurum
1096 3709 1494 3778 exspectasset?
1539 3707 1604 3761 Et
1650 3720 1765 3759 ma-

182 3824 343 3878 gnum
400 3808 499 3862 hoc
556 3805 741 3859 fuisset
795 3802 1137 3872 impudentim
1189 3811 1580 3870 argumentum.
1628 3798 1765 3866 Qui».

182 3913 312 3969 ergo
364 3897 522 3951 etiam
585 3895 869 3949 dicemlum
925 3893 1193 3947 habebant
1252 3892 1566 3946 exemites?
1634 3891 1765 3945 Nan

183 3992 485 4058 passionem
542 3986 756 4056 quidem
828 3983 1027 4037 sciebat
1089 3982 1370 4035 universus
1440 3980 1587 4034 orbis
1644 3996 1657 4031 :
1714 3982 1765 4033 in

178 4081 531 4150 altoquippe
584 4078 819 4147 patibulo
865 4090 1157 4143 suspensus
1203 4077 1390 4138 fuerat,
1425 4073 1475 4126 in
1520 4072 1763 4135 meridie,

182 4174 238 4225 111
297 4169 617 4237 metropoli,
648 4177 707 4221 et
752 4169 803 4220 in
848 4166 1083 4219 maximo
1129 4165 1217 4218 die
1276 4163 1433 4228 festo,
1484 4173 1538 4217 et
1586 4177 1611 4215 a
1662 4179 1767 4230 quo

184 4260 420 4314 maxime
451 4272 555 4311 non
596 4258 789 4310 licebat
828 4256 1130 4323 quempiam
1154 4256 1344 4309 abesse
1375 4273 1388 4308 :
1418 4256 1765 4308 resurrectio-

185 4366 310 4405 nem
333 4364 461 4403 vero
483 4348 658 4400 nullus
684 4344 886 4398 sciebat
908 4343 1229 4405 eiterorum,
1256 4344 1394 4411 quod
1420 4359 1523 4396 non
1548 4358 1765 4409 parvum

186 4444 297 4500 illis
320 4452 436 4497 erat
452 4439 915 4509 impedimentum,
940 4445 1079 4489 utne
1102 4436 1504 4503 persuaderent.
1532 4436 1600 4486 Et
1626 4434 1766 4502 quod

182 4542 333 4590 esset
367 4532 608 4603 scwltus
643 4528 881 4582 omnium
920 4541 1136 4581 rumore
1180 4524 1481 4587 ferebatur;
1524 4526 1770 4593 quodque

186 4625 436 4693 discipuli
480 4638 675 4691 corpus
715 4620 873 4676 furati
916 4628 1115 4683 essent,
1170 4617 1364 4671 milites
1412 4631 1531 4669 cum
1570 4616 1769 4671 Iudaeis

184 4719 437 4775 munibus
463 4718 713 4771 dicebant
742 4733 754 4768 :
788 4712 928 4783 quod
969 4720 1147 4766 autem
1178 4711 1590 4772 resurrexisset,
1624 4721 1771 4766 cxte-

188 4824 370 4864 rorum
418 4814 578 4860 nemo
607 4806 828 4861 sciebat.
861 4802 1135 4858 Undenam
1177 4801 1595 4869 exspectabant,
1624 4817 1686 4856 se
1714 4803 1769 4856 id

187 4900 283 4952 toti
315 4897 430 4951 orbi
462 4910 807 4973 persuasuros
832 4893 988 4948 esse?
1016 4892 1075 4947 Si
1103 4893 1243 4947 enim
1279 4904 1392 4960 post
1436 4892 1575 4946 edita
1604 4894 1769 4947 mira-

184 4989 309 5041 cula
327 4988 574 5054 persuasi
596 4986 808 5040 fuerunt
826 4984 1042 5049 milites,
1061 4992 1120 5037 ut
1140 4986 1405 5038 contraria
1428 4993 1768 5047 testarentur,

185 5076 455 5129 undenatn
500 5082 819 5143 sperassent
860 5073 911 5125 hi
957 5087 1018 5128 se
1060 5073 1181 5126 sine
1204 5073 1481 5125 miraculis
1511 5073 1770 5140 111-³1111011-

188 5178 341 5220 turos
369 5180 507 5226 esse.
537 5178 601 5220 ne
628 5182 696 5221 ne
725 5166 941 5220 obolum
972 5163 1189 5232 quidem
1221 5166 1504 5229 habentes,
1535 5176 1691 5217 terrm
1709 5173 1773 5219 et

186 5256 323 5311 mari
357 5255 425 5308 de
476 5257 873 5310 resurrectione
924 5269 1278 5323 persuasuros
1319 5254 1483 5307 esse?
1523 5253 1676 5319 Quod
1726 5253 1770 5306 si

185 5360 257 5400 ex
307 5343 493 5413 gloria:
537 5357 722 5399 amore
752 5344 853 5400 hoc
876 5344 1134 5398 fecissent
1159 5384 1175 5408 ,
1213 5343 1385 5396 multo
1415 5343 1580 5411 magis
1606 5358 1773 5397 unus-

186 5438 416 5509 quisque
442 5434 634 5504 dogma
663 5436 763 5489 sibi
792 5436 1140 5494 attribuisset,
1184 5449 1289 5487 non
1314 5434 1364 5487 ei
1394 5434 1481 5502 qui
1516 5433 1773 5490 decesse-

190 5532 410 5605 rangt
462 5540 567 5579 non
607 5525 963 5582 credidissent
1002 5526 1107 5579 illis
1142 5523 1424 5578 homines?
1452 5522 1522 5577 Et.
1543 5522 1612 5578 de
1632 5541 1773 5594 quo-

186 5634 315 5672 nam
361 5617 528 5685 magis
581 5614 936 5670 credidissent
986 5614 1307 5671 audientes?
1341 5613 1412 5667 de
1461 5613 1624 5669 ilione
1681 5618 1771 5686 qui

188 5708 614 5774 conlprehcnsus
662 5714 714 5760 ct
758 5708 1045 5760 crucilixns
1094 5706 1285 5769 fuerat,
1341 5720 1407 5758 an
1437 5702 1503 5759 de
1535 5705 1639 5759 illis
1684 5710 1773 5778 qui

189 5800 503 5858 Judmorum
554 5816 745 5855 manus
790 5797 1120 5868 eﬂ'uget'aut?
1171 5800 1280 5855 Cur
1331 5806 1530 5867 autem,
1564 5819 1771 5872 qutcso,

1857 512 1956 566 hoc
1996 516 2186 568 facturi
2226 515 2417 569 erant?
2470 530 2578 571 non
2623 519 2802 573 statim
2831 518 3069 574 Indicam
3098 518 3431 576 dimittentes

1854 618 2116 661 venerunt
2132 610 2182 661 in
2201 619 2449 663 externas
2466 610 2731 674 Civitates,
2756 612 2848 665 sed
2872 613 3012 667 intus
3040 615 3430 669 versabantur?

1856 698 2132 765 Quomodo
2181 709 2357 753 autem
2408 702 2819 770 persuasissent,
2875 704 2977 757 nisi
3022 704 3180 773 signa
3226 704 3431 760 edidis-

1855 791 2016 845 sent?
2065 790 2119 846 Si
2152 791 2419 846 faciebant
2448 793 2685 862 quidem,
2717 802 2773 848 et
2800 795 2981 861 ntiqua
3012 795 3293 860 faciebant,
3334 798 3427 851 Dc-i

1855 884 2027 938 virtus
2054 896 2167 941 erat
2200 886 2250 939 id
2296 885 2437 956 quod
2463 887 2655 941 (iebat:
2686 888 2732 940 si
2768 900 2947 941 autem
2996 901 3099 941 non
3141 887 3433 955 faciebant,

1857 986 1910 1032 et
1934 986 2107 1030 tamen
2139 977 2440 1041 vincebant,
2489 978 2643 1046 longe
2675 978 2969 1031 mirabilius
2992 986 3111 1032 erat
3136 977 3287 1031 illud.
3322 980 3432 1033 An-

1858 1081 1963 1121 non
1987 1066 2199 1121 Judzeos
2227 1078 2505 1133 noverant,
2553 1084 2737 1138 qna'so
2768 1080 2840 1132 te,
2884 1079 2938 1123 et
2976 1070 3167 1121 malam
3194 1069 3432 1136 ipsorum

1859 1165 2113 1221 mentem,
2144 1158 2445 1227 invidiaque
2477 1159 2687 1228 plenum
2713 1159 2991 1212 animum?
3026 1158 3239 1214 Etenim
3280 1158 3430 1230 Moy-

1858 1264 1951 1303 sen
1988 1250 2307 1317 lapidarunt,
2339 1261 2618 1321 postquam
2652 1267 2799 1305 mare
2826 1251 3045 1318 pedibus
3071 1252 3430 1318 transierant,

1862 1349 1981 1409 post
2008 1342 2280 1394 victoriam
2309 1352 2363 1396 et
2393 1351 2650 1412 trOpa-um
2681 1341 2803 1395 illud
2839 1341 3102 1406 mirabile,
3133 1341 3275 1410 quod
3303 1343 3427 1396 abs-

1860 1446 1964 1500 que
1994 1432 2251 1501 sanguine
2268 1443 2361 1501 per
2391 1447 2579 1486 manus
2594 1432 2708 1502 ejus
2732 1440 3021 1487 erexerunt
3046 1432 3116 1486 de
3146 1432 3437 1502 Egyjniis.

1860 1522 1949 1592 qui
1980 1522 2099 1577 illos
2127 1522 2177 1575 111
2206 1524 2519 1577 servitutem
2552 1522 2892 1591 redegerant,
2926 1530 3045 1591 post
3076 1537 3291 1585 manna,
3315 1532 3437 1590 post

1862 1621 2040 1679 petras
2070 1621 2123 1665 et
2150 1612 2430 1666 fluviorum
2458 1611 2633 1667 fontes
2663 1612 2785 1667 inde
2812 1621 3110 1675 manantes,
3148 1622 3265 1680 post
3293 1613 3441 1669 mille

1863 1700 2114 1754 miracula
2146 1703 2196 1754 in
2220 1702 2476 1772 AEgypto,
2500 1703 2552 1755 111
2577 1704 2710 1755 mari
2745 1702 2946 1765 Rubro,
2974 1702 3024 1755 111
3055 1701 3270 1755 deserto
3298 1719 3311 1753 :
3346 1700 3440 1756 Je-

1862 1790 2083 1844 remiam
2129 1790 2180 1842 in
2222 1792 2409 1845 lacum;
2440 1793 2764 1859 injecernnt,
2809 1802 2863 1847 et
2911 1792 3108 1845 tuultos
3153 1792 3442 1861 prophetas

1864 1881 2264 1935 interfecerunt.
2319 1881 2453 1934 Audi
2505 1882 2629 1950 quid
2681 1883 2824 1936 dicat
2873 1883 3051 1937 llelias
3083 1894 3203 1952 post
3247 1883 3441 1937 famem

1868 1974 2008 2028 illam
2056 1974 2370 2037 terribilem,
2424 1983 2477 2027 et
2523 1973 2821 2026 mirabilem
2855 1975 3109 2042 pluviam,
3156 1985 3209 2028 et
3238 1975 3444 2042 lampa-

1866 2068 1985 2120 dem
2014 2068 2178 2131 illam,
2216 2082 2372 2135 qnam
2396 2069 2461 2121 de
2482 2068 2625 2121 melis
2651 2066 2979 2121 descendere
3000 2067 3223 2132 curavit,
3249 2076 3303 2120 et
3328 2061 3475 2120 stu-'

1869 2159 2098 2226 pendum
2122 2160 2248 2213 illud
2271 2159 2670 2221 holocausunn;
2704 2158 2885 2228 procul
2913 2159 2979 2212 ab
3008 2174 3192 2211 eorum
3221 2159 3442 2227 regione

1867 2252 2070 2315 cjecms
2111 2266 2123 2301 :
2158 2248 2388 2312 Domine,
2420 2250 2690 2317 prophetas
2741 2259 2851 2302 tuos
2898 2249 3213 2312 occiderunt,
3262 2248 3446 2302 altaria

1867 2350 1953 2389 tua
1994 2340 2297 2400 diruerant;
2341 2349 2386 2389 et
2431 2355 2520 2407 ego
2559 2339 2763 2391 relictus
2802 2355 2913 2391 sum
2952 2338 3108 2402 solus,
3141 2347 3189 2389 et
3218 2348 3448 2407 quaerunt

1866 2429 2086 2479 animant
2114 2444 2273 2479 nteant
2293 2429 2369 2495 (5.
2396 2428 2520 2495 Reg.
2542 2429 2627 2481 19.
2658 2426 2763 2498 10).
2798 2428 2954 2496 Atqui
2986 2428 3017 2479 ii
3051 2429 3191 2496 leges
3212 2443 3315 2480 non
3344 2428 3447 2479 im-

1869 2520 2160 2575 mutabant.
2187 2520 2338 2575 Unde
2369 2536 2514 2590 ergo,
2541 2536 2745 2590 qtt:t‘.SO,
2778 2520 2859 2573 bis
2879 2519 3088 2573 animus
3116 2519 3448 2574 adhibendus

1867 2614 2026 2667 erat?
2074 2628 2195 2665 nam
2232 2614 2470 2665 omnium
2510 2614 2753 2666 vilissimi
2800 2622 2989 2677 erant;
3034 2622 3191 2682 atque
3221 2628 3282 2666 ea
3332 2613 3444 2680 ipsa

1870 2704 2215 2768 innovabant,
2245 2704 2315 2756 ob
2343 2718 2462 2771 qua:
2491 2703 2801 2772 Magistrum
2835 2704 3004 2756 Juda-i
3036 2704 3439 2757 crucifixerant.

1868 2796 2113 2864 Alioquin
2147 2810 2273 2848 vero
2313 2810 2418 2848 11011
2466 2804 2572 2846 tam
2612 2809 2770 2863 grave
2806 2794 3089 2848 videbatur
3113 2810 3255 2857 esse,
3301 2795 3444 2861 quod

1867 2888 2111 2941 Christus
2152 2896 2205 2941 et
2254 2887 2327 2940 illi
2373 2887 2559 2941 eadem
2601 2887 2866 2941 dicereut.
2898 2885 3029 2940 Nam
3056 2886 3202 2939 11111111
3230 2886 3445 2955 quidem

1868 2975 2004 3028 forte
2025 2977 2275 3042 putabant
2302 2976 2421 3029 ideo
2444 2977 2492 3027 id
2522 2976 2730 3038 fecisse,
2759 2988 2813 3029 ut
2834 2977 2933 3031 sibi
2952 2977 3173 3045 gloriam
3204 2987 3447 3046 paret-et;

1870 3067 1986 3121 illos
2012 3078 2190 3119 autem
2222 3067 2382 3134 etiam
2417 3067 2583 3133 magis
2613 3065 2881 3127 odissent,
2924 3082 3044 3119 cum
3070 3082 3164 3134 pro
3192 3067 3296 3118 alio
3317 3083 3448 3120 eou-

1872 3168 1947 3211 tra
1978 3173 2036 3212 se
2066 3157 2260 3210 bellum
2285 3168 2551 3223 gererent.
2585 3156 2689 3209 Sed
2716 3170 2872 3223 Opem
2907 3156 3008 3209 illis
3036 3156 3277 3208 ferebant
3300 3159 3443 3226 leges

1870 3251 2227 3304 Romanorum
2251 3250 2272 3299 ?
2299 3248 2407 3301 111111
2435 3250 2501 3300 ab
2530 3249 2635 3301 illis
2661 3249 2828 3317 magis
2863 3248 3288 3317 impediebantur
3318 3268 3331 3303 :
3360 3248 3445 3303 di-

1867 3343 2059 3397 cebant
2080 3341 2243 3404 enim,
2280 3338 2479 3401 Omnis,
2509 3340 2596 3404 qui
2624 3354 2677 3389 se
2700 3340 2865 3406 ipsum
2890 3356 3054 3409 regem
3076 3341 3217 3407 facit,
3250 3358 3349 3395 non
3375 3352 3447 3395 est

1866 3436 2060 3487 amicus
2082 3431 2294 3485 Cu'saris
2325 3430 2502 3495 (Joan.
2538 3428 2620 3483 t9.
2651 3427 2763 3499 12).
2792 3430 3128 3499 Quapropter
3153 3432 3253 3485 hoc
3274 3433 3447 3486 solum

1870 3527 2125 3596 impedire
2151 3532 2378 3593 poterat,
2405 3524 2656 3590 quoniam
2684 3522 2823 3590 ejus,
2850 3523 2944 3593 qui
2975 3534 3231 3594 tyrannus
3256 3525 3443 3577 existi-

1869 3629 2043 3670 matus
2084 3615 2270 3680 fuerat,
2315 3614 2561 3683 discipuli
2610 3623 2793 3677 erant,
2824 3623 2879 3668 et
2924 3628 3012 3669 res
3044 3614 3162 3684 ejus
3195 3617 3450 3671 volebant

1872 3708 2105 3760 ﬁrmare.
2155 3706 2291 3771 Quid
2324 3720 2454 3774 ergo
2481 3704 2694 3759 tandem
2726 3703 2843 3759 illos
2874 3706 3046 3760 erexit
3069 3708 3273 3771 animo,
3310 3718 3372 3761 ut
3398 3709 3452 3764 iu

1872 3810 2014 3854 tanta
2046 3798 2279 3869 pericula
2310 3798 2643 3851 inciderent?
2674 3798 2798 3867 quid
2826 3807 3004 3851 autem
3028 3798 3100 3853 de
3130 3801 3219 3853 illo
3262 3800 3446 3856 dicen-

1870 3900 1972 3957 tes,
2012 3891 2331 3945 videbantur
2383 3889 2485 3942 tide
2525 3889 2707 3957 digni?
2751 3890 2891 3958 quod
2936 3889 3223 3945 crucifixus
3259 3893 3455 3946 esset?

1872 3982 2011 4051 quod
2041 3997 2103 4035 ex
2136 3982 2356 4034 muliere
2382 3994 2613 4048 paupere
2636 3980 2818 4033 .Iuda-a
2843 3990 2997 4033 natus
3022 3993 3186 4047 esset,
3215 4000 3333 4052 qua:
3358 3985 3454 4038 ac.

1872 4081 2121 4140 Sponsata
2161 4071 2335 4125 fuerat
2379 4070 2567 4124 Judato
2615 4071 2809 4125 fabro?
2844 4073 3075 4139 quodex
3120 4086 3276 4143 gente
3309 4087 3453 4131 esset

1871 4165 1987 4217 orbi
2017 4164 2241 4216 odiosa?
2274 4164 2469 4216 Verum
2512 4163 2625 4217 iure
2653 4163 2831 4216 omnia
2866 4180 2971 4217 non
3005 4166 3164 4219 modo
3192 4182 3299 4220 non
3326 4178 3445 4234 apta

1868 4263 2025 4307 erant
2053 4253 2116 4305 ad
2147 4254 2549 4321 persuadendos
2584 4265 2634 4309 et
2675 4257 2988 4311 alliciendos
3034 4259 3326 4323 auditores,
3358 4260 3451 4313 sed

1871 4345 1936 4398 ad
1978 4356 2164 4397 onmes
2211 4343 2492 4396 adversum
2541 4344 2892 4397 concitandos
2932 4346 3161 4410 idonea;
3219 4350 3451 4406 maxime

1872 4443 2048 4488 alitem
2080 4449 2108 4487 a
2147 4434 2498 4487 tentoriorum
2538 4435 2745 4487 artitice
2797 4443 2852 4488 et
2898 4450 2925 4486 a
2979 4436 3245 4497 piscatore
3284 4440 3449 4498 dicta.

1874 4527 2066 4579 Annon
2115 4523 2229 4578 iure
2269 4525 2446 4577 omnia
2490 4524 2542 4578 in
2588 4535 2818 4578 mentem
2855 4538 3113 4580 venerunt
3141 4529 3456 4602 discipulis?

1876 4633 1998 4672 nam
2028 4617 2226 4670 timida:
2257 4626 2459 4670 natum
2491 4616 2640 4684 plura
2668 4630 2825 4681 quam
2852 4616 2961 4670 sint
2990 4631 3213 4689 possunt
3242 4626 3453 4679 confiu-

1872 4724 2003 4778 ga-re
2036 4726 2048 4761 :
2083 4708 2215 4760 tales
2240 4716 2390 4759 erant
2418 4706 2631 4757 illorum
2663 4716 2886 4762 natura}.
2932 4709 3207 4766 Undenam
3236 4728 3364 4783 ergo
3400 4733 3459 4771 so

1876 4810 2022 4853 recte
2034 4808 2255 4851 acturos
2277 4796 2592 4863 sperarunt?
2619 4795 2730 4851 lmo
2751 4813 2855 4854 non
2879 4813 3203 4871 sperassent,
3225 4822 3345 4859 cum
3378 4808 3460 4861 111-

1878 4900 2095 4943 numera
2117 4895 2437 4956 cSSentqua:
2463 4888 2582 4944 illos
2611 4889 2963 4959 abducerent,
2995 4895 3092 4948 nisi
3125 4900 3455 4955 resurrexis-
3496 4896 3503 4964 ζ

1873 4990 1958 5032 set
1974 4977 2239 5033 Christus.

1948 5071 2001 5127 6.
2044 5072 2234 5125 Annon
2283 5073 2458 5141 palam
2505 5080 2589 5128 est
2637 5074 2720 5128 vel
2764 5074 3116 5141 stultissimis,
3170 5079 3308 5145 quod
3353 5083 3455 5137 nisi

1875 5162 2100 5217 uberem
2137 5171 2192 5217 et
2237 5177 2483 5231 magnam
2520 5165 2839 5232 consequuti
2884 5175 3069 5220 essent
3117 5171 3364 5238 gratiam.
3404 5185 3458 5229 et

1879 5253 2100 5322 pignora
2140 5254 2470 5321 accepissent
2521 5257 2948 5321 resurrectionis,
2995 5275 3099 5315 non
3141 5264 3303 5317 modo
3343 5265 3460 5323 lucc

1882 5361 1988 5399 non
2038 5359 2196 5413 agere
2222 5352 2276 5396 et
2297 5345 2595 5414 suscipere,
2624 5346 2721 5400 sed
2755 5363 2822 5403 ne
2847 5351 3089 5421 cogitare
3113 5356 3323 5423 quidem
3357 5373 3453 5427 po-

1872 5438 2107 5492 »tuissent
2128 5436 2149 5487 ‘t
2174 5433 2231 5489 Si
2258 5437 2401 5490 enim
2429 5446 2512 5490 tot
2538 5437 2911 5506 impedimenta
2958 5454 3158 5510 essent,
3191 5461 3297 5501 non
3340 5448 3462 5505 dico

1875 5528 1946 5582 ad
1962 5536 2109 5582 recte
2128 5527 2421 5595 aagendam,
2445 5529 2537 5583 sed
2566 5529 2633 5584 ad
2660 5534 3092 5601 consultandum,
3115 5546 3169 5592 et
3193 5540 3455 5596 consulta-

1881 5629 2005 5674 rnnt
2026 5628 2082 5673 et
2110 5620 2361 5687 pneclara
2389 5630 2647 5691 egerunt,
2678 5634 2733 5679 et
2757 5641 2882 5695 qua:
2926 5629 3074 5683 omni
3117 5644 3215 5699 spe
3262 5632 3464 5701 majora

1883 5720 2037 5767 erant
2062 5710 2129 5764 ad
2156 5710 2405 5766 effectum
2439 5712 2781 5769 deduxerunt
2811 5735 2824 5771 :
2853 5718 3030 5772 cuivis
3059 5720 3233 5789 palam
3262 5733 3346 5778 est
3372 5741 3465 5781 eos

1888 5820 1992 5860 non
2026 5803 2261 5859 humana
2280 5806 2496 5873 virtute,
2521 5807 2621 5862 scd
2644 5807 2819 5864 divina
2844 5812 3017 5882 gratia
3046 5814 3223 5870 omnia
3250 5812 3461 5873 fecisse
