4018 6208
309 302 378 359 ιθ
1426 290 1492 346 IN
1533 290 1749 346 EPIST.
1780 292 1796 346 ι
1852 295 1938 350 AD

2056 293 2131 344 ill.
2179 288 2403 343 ιιοιιη..
2450 286 2536 341 Vl.
3520 290 3591 346 ω

314 424 484 481 neque
511 406 655 463 aliud
676 408 862 464 dicens
891 409 1075 476 vobis,
1100 424 1255 479 quam
1289 406 1429 473 Quod
1455 404 1700 461 Christus
1725 400 1898 458 cruci-

314 504 451 557 ﬁxus
471 503 541 555 sit
588 501 664 554 Illi
690 517 919 571 namque
941 502 1222 556 innumera
1255 499 1483 565 dicunt,
1524 506 1583 553 et
1616 497 1685 550 de
1728 495 1899 549 innu-

315 594 476 648 meris
501 593 660 662 longa
692 594 975 647 verborum
1012 592 1185 647 stadia
1212 593 1505 660 explicant,
1530 586 1806 642 ratiocinia
1847 592 1901 637 et

314 684 653 755 syllogismos
713 694 1071 754 apparantes,
1119 683 1283 737 millia
1333 681 1658 734 adornantes
1715 674 1901 743 sephi-

316 785 486 828 smata
520 792 533 827 :
566 790 668 844 ego
699 784 876 829 autem
916 776 1037 829 veni
1077 774 1143 826 ad
1196 786 1291 827 vos
1337 771 1470 825 nihil
1512 767 1656 822 aliud
1695 766 1900 827 dicens,

316 881 473 933 quam
513 865 659 935 quod
706 864 953 920 Christus
1001 864 1295 919 cruciﬁxus
1338 864 1448 924 sit,
1487 870 1539 914 et
1570 859 1689 913 illos
1717 872 1906 910 omnes

318 956 570 1024 pr0pulsa
582 956 654 1020 vi,
678 956 821 1025 quod
853 954 1064 1010 virtutis
1090 958 1209 1025 ejus
1230 970 1317 1024 qni
1349 952 1668 1023 praedicatur
1695 949 1906 1018 signum

317 1058 401 1102 est
422 1047 713 1102 ineli'ahile.
742 1049 795 1103 3.
828 1047 895 1101 Et
922 1065 1011 1117 ego
1038 1048 1089 1101 in
1120 1047 1417 1114 inﬁrmitate
1439 1053 1485 1096 et
1513 1044 1565 1094 in
1594 1043 1772 1094 timore
1787 1052 1833 1094 et
1856 1041 1908 1093 in

323 1152 536 1194 tremore
564 1128 723 1194 multo
747 1142 824 1212 [ui
846 1140 989 1211 apud
1016 1157 1120 1195 vos.
1151 1140 1262 1193 lloc
1306 1147 1387 1192 est
1423 1151 1609 1191 rursus
1633 1133 1777 1189 aliud
1816 1148 1908 1187 ca-

324 1242 434 1301 put.
458 1224 583 1287 Non
616 1234 789 1287 solum
819 1234 964 1287 enim
1000 1233 1087 1301 qui
1126 1229 1415 1284 credebant
1458 1227 1692 1293 indocti,
1738 1240 1912 1295 neque

324 1326 497 1378 solum
528 1325 573 1378 is
606 1326 695 1395 qtti
727 1325 961 1394 loquitur
1001 1322 1197 1385 idiota,
1242 1335 1414 1389 neque
1461 1328 1667 1373 tantum
1720 1317 1914 1372 modus

326 1416 584 1470 doctrinae
612 1429 692 1470 est
727 1413 1026 1483 ignorantia
1059 1412 1283 1482 plenus,
1327 1425 1504 1479 neque
1551 1417 1757 1463 tantum
1802 1408 1914 1475 ipsa

328 1507 636 1575 prtulicatio
681 1506 813 1559 Satis
854 1514 937 1559 est
988 1502 1053 1557 ad
1102 1501 1563 1567 conturbandum;
1605 1516 1736 1555 crux
1770 1501 1914 1555 enim

329 1607 385 1651 et
411 1610 556 1650 mors
584 1606 699 1650 erat
726 1594 871 1664 quod
901 1594 1326 1650 aruuntiabatur
1360 1611 1373 1647 :
1406 1592 1500 1647 sed
1526 1605 1646 1647 cum
1689 1591 1771 1645 his
1815 1589 1915 1642 alia

332 1704 547 1759 quoque
576 1687 959 1757 impedimenta
990 1696 1163 1750 erant.
1197 1685 1432 1756 pericula
1454 1727 1470 1751 ,
1515 1684 1723 1740 insidiae
1748 1725 1762 1749 ,
1792 1697 1924 1752 quo-

336 1782 569 1835 tidianus
615 1782 805 1846 timor,
851 1788 906 1834 et
954 1778 1095 1847 quod
1154 1778 1500 1847 pellerentur.
1558 1774 1922 1830 Inﬁrmitatem

339 1888 573 1941 namque
617 1872 782 1925 etiam
831 1884 974 1938 serpe
1020 1877 1174 1931 vocat
1214 1866 1722 1936 persequutioncm,
1768 1874 1826 1919 ut
1874 1873 1929 1917 et

336 1963 460 2018 alibi
494 1982 507 2017 :
542 1963 930 2024 Inﬁrmitatem,
953 1973 1072 2028 qua:
1100 1966 1183 2013 est
1210 1957 1262 2011 in
1281 1972 1441 2012 carne
1458 1971 1598 2021 mea,
1620 1972 1723 2009 non
1742 1970 1927 2024 asper-

2003 401 2127 469 qnia
2158 410 2281 455 sunt
2303 400 2467 455 etiam
2495 400 2714 455 fallaces
2747 393 2969 452 virtutes
2993 439 3007 463 ,
3046 399 3233 468 quales
3290 406 3593 474 prtestigia—

2005 500 2178 544 torum
2202 531 2215 553 ,
2248 489 2385 544 hanc
2411 505 2627 559 quoque
2648 492 2863 545 sustulit
2888 492 3270 562 suspicionem.
3301 495 3420 550 Non
3446 492 3594 550 enim

2005 584 2256 635 virtutem
2290 581 2637 635 dixiLsolum
2660 623 2676 646 ,
2708 582 2803 637 sed
2835 586 3012 652 prius,
3044 584 3271 653 Spiritus
3296 627 3313 652 ,
3345 596 3401 641 et
3430 598 3555 641 tunc
3578 630 3594 649 ,

2016 673 2231 728 Virtutis
2260 674 2593 729 :ostendens
2622 690 2683 730 ea
2708 692 2827 745 qua:
2869 676 3065 731 ﬁebant
3106 680 3399 749 spiritualia
3451 695 3595 735 esse.

2009 762 2125 818 Non
2155 781 2283 834 ergo
2314 766 2615 821 imminutio
2641 778 2721 821 est
2746 810 2761 834 ,
2802 770 2944 837 quod
2995 772 3304 839 praedicatio
3348 787 3451 826 non
3503 772 3609 841 per

2011 858 2325 926 sapientiam
2352 860 2665 913 annuntiata
2704 862 2806 925 sit,
2838 861 2931 915 sed
2975 862 3263 916 maximum
3309 878 3603 918 ornamen-

2014 959 2146 1003 tum.
2183 950 2294 1003 lloc
2320 966 2450 1020 ergo
2481 952 2713 1007 maxime
2740 953 3112 1013 demonstrat.
3144 971 3261 1008 eam
3303 970 3424 1010 esse
3464 956 3606 1010 divi-

2016 1057 2170 1106 nam,
2201 1050 2253 1095 et
2283 1042 2491 1096 radices
2518 1058 2638 1096 esse
2670 1058 2933 1112 supernas
2964 1060 3026 1097 ex
3055 1046 3201 1098 caelis
3230 1063 3242 1097 :
3276 1054 3610 1115 quaprOpter

2015 1135 2289 1202 sitbjunxit
2320 1152 2332 1188 :
2363 1136 2413 1188 5.
2450 1134 2515 1189 Ut
2538 1136 2663 1203 ﬁdes
2689 1147 2851 1189 vestra
2879 1152 2979 1189 non
3010 1137 3075 1190 sit
3112 1138 3165 1190 in
3210 1138 3464 1207 sapientia
3510 1139 3609 1193 ho-

2018 1230 2209 1281 minum
2230 1270 2243 1290 ,
2274 1228 2362 1282 sed
2385 1229 2438 1281 in
2459 1230 2639 1281 virtute
2670 1228 2780 1281 Dei.
2817 1228 3299 1298 Vidcn‘quomodo
3339 1232 3485 1285 clare
3512 1245 3610 1301 per

2018 1320 2197 1373 omnia
2228 1318 2515 1383 ostendat,
2547 1334 2797 1387 maguum
2837 1335 2958 1373 esse
2998 1320 3204 1373 lucrum
3253 1321 3607 1389 ignorantiae,

2019 1418 2075 1464 et
2123 1426 2373 1480 magnum
2418 1412 2697 1480 sapientiae
2743 1412 3020 1466 damnum.
3072 1412 3204 1467 Nam
3246 1414 3361 1468 haec
3400 1413 3613 1481 quidem

2024 1500 2192 1570 ipsius
2217 1516 2435 1556 crucem
2461 1543 2476 1567 ,
2508 1504 2595 1555 illa
2625 1519 2753 1557 vero
2802 1505 2896 1558 Dei
2950 1506 3201 1588 virtutem
3254 1504 3616 1573 pra-dicabat;

2026 1590 2140 1644 haec
2164 1590 2469 1655 efﬁciebat,
2497 1603 2554 1645 ut
2579 1594 2709 1646 nihil
2740 1594 3043 1649 inuenirent
3066 1611 3255 1650 eorum
3298 1611 3418 1663 qua:
3452 1590 3613 1663 opor-

2027 1683 2247 1748 tuisset,
2274 1694 2327 1737 et
2356 1685 2408 1737 in
2433 1684 2627 1753 seipsis
2654 1685 3049 1754 gloriarentur;
3096 1686 3188 1739 illa
3232 1697 3291 1740 nt
3331 1687 3616 1741 veritatem

2029 1776 2367 1844 sitsciperent
2396 1785 2450 1833 et
2481 1777 2532 1829 in
2564 1778 2674 1830 Deo
2702 1776 3080 1845 gloriarentur.
3110 1778 3313 1831 Rursus
3352 1776 3618 1846 sapientia

2034 1870 2215 1925 multis
2238 1870 2625 1939 persuasiSset,
2657 1879 2715 1924 ut
2736 1870 3028 1924 humanum
3059 1885 3179 1925 esse
3206 1870 3400 1941 dogma
3443 1870 3621 1940 suspio

2033 1975 2323 2028 carentur;
2358 1963 2471 2017 hmo
2492 1978 2623 2017 vero
2645 1965 2789 2019 clare
2809 1964 3159 2028 ostendebat,
3202 1964 3438 2021 divinam
3480 1964 3623 2017 illam

341 2056 451 2110 nati
500 2056 631 2110 estis
681 2051 835 2121 (Gal.
868 2052 922 2106 4.
965 2052 1051 2106 13.
1086 2050 1219 2119 is);
1260 2058 1314 2103 et
1358 2063 1577 2110 rursus,
1616 2048 1676 2102 Si
1722 2046 1932 2116 gloriari

340 2154 536 2214 oportet
554 2184 570 2205 ,
598 2143 649 2195 in
675 2142 972 2209 inﬁrmitate
998 2156 1107 2192 mea
1132 2137 1410 2209 gloriabor.
1456 2136 1741 2202 Quanam?
1782 2134 1929 2188 Prte-

345 2235 538 2304 positus
563 2235 723 2303 gentis
767 2234 932 2285 Arene
978 2231 1111 2301 regis
1142 2228 1571 2282 Damascenorum
1618 2228 1792 2281 urbem
1844 2242 1935 2278 cu-

346 2326 615 2389 stodiebat,
644 2324 815 2377 volens
839 2339 917 2376 me
935 2322 1360 2392 comprehendere
1381 2321 1468 2391 (Ξ.
1498 2319 1616 2376 Cor.
1660 2320 1747 2373 ‘Il.
1787 2318 1857 2373 '50
1893 2328 1937 2371 et

350 2416 418 2473 '52
442 2421 481 2483 ).
518 2416 583 2471 Et
612 2431 823 2471 rursum
857 2432 870 2468 :
900 2414 1027 2468 Ideo
1054 2414 1177 2467 mihi
1216 2413 1391 2482 placeo
1435 2415 1489 2465 in
1533 2410 1937 2480 infirmitatibus.

355 2508 560 2571 Deinde
588 2508 775 2561 dicens
806 2507 1146 2575 quibusnam,
1168 2504 1443 2573 sultjunxit
1472 2522 1486 2558 :
1511 2502 1575 2555 In
1605 2502 1941 2565 contumeliis,

354 2600 409 2655 iu
455 2598 829 2652 necessitatibus
893 2606 938 2650 et
992 2598 1044 2649 in
1090 2596 1336 2665 angustiis
1387 2593 1525 2664 (Id.
1571 2592 1823 2661 12.10).
1880 2592 1946 2645 Et

360 2708 500 2746 tuine
549 2690 651 2745 hoc
695 2690 869 2759 ipsmn
913 2688 1164 2761 profert:
1203 2703 1326 2742 cum
1372 2686 1595 2741 dixisset
1646 2686 1789 2739 enim
1815 2725 1831 2751 ,
1878 2680 1947 2735 Et

360 2799 452 2853 ego
498 2785 552 2837 in
601 2782 929 2852 inﬁrmitate;
968 2776 1073 2836 nun
1130 2780 1218 2835 hic
1267 2779 1536 2843 substitit,
1574 2778 1669 2833 sed
1724 2774 1950 2830 inﬁrmi-

363 2883 525 2929 tatem
570 2875 884 2944 eXplicans,
913 2874 1146 2943 pericula
1180 2882 1331 2927 vocat
1358 2887 1590 2924 :rrursus
1626 2868 1847 2939 adjicit,
1887 2864 1951 2919 In

365 2967 543 3018 timore
567 2976 613 3019 et
636 2976 851 3019 tremore
874 2965 1034 3019 multo
1063 2965 1140 3036 [ui
1166 2962 1305 3033 apud
1322 2979 1425 3015 vos.
1457 2961 1594 3027 Quid
1617 2960 1790 3014 dicis?
1820 2959 1957 3013 Pau-

368 3058 452 3128 lus
478 3074 690 3127 quoque
718 3059 936 3113 timebat
967 3056 1239 3126 pericula?
1264 3054 1509 3109 Tiniebat
1538 3063 1591 3106 et
1620 3050 1773 3105 valde
1802 3052 1959 3103 time-

368 3149 459 3203 bat
489 3168 501 3202 :
529 3150 735 3204 etiamsi
772 3151 913 3203 enim
948 3150 1141 3204 Paulus
1170 3159 1347 3213 esset,
1379 3158 1432 3199 at
1460 3145 1621 3199 homo
1664 3152 1796 3199 erat.
1847 3142 1958 3197 Hoc

370 3252 547 3296 autem
576 3257 681 3295 non
708 3251 824 3296 erat
850 3241 994 3295 Pauli
1023 3243 1249 3307 crimen,
1282 3239 1375 3295 sed
1422 3238 1702 3293 inﬁrmitas
1732 3244 1958 3299 natura),

372 3344 426 3388 et
456 3334 709 3404 propositi
734 3335 1034 3389 encomium
1059 3376 1073 3396 ,
1105 3333 1245 3403 quod
1287 3342 1514 3387 mortem
1556 3341 1610 3387 et
1659 3331 1837 3400 plagas
1891 3328 1961 3382 ti-

375 3442 563 3493 mens,
604 3428 736 3482 nihil
782 3436 956 3481 tamen
1008 3426 1280 3496 indignum
1312 3441 1376 3479 ex
1409 3425 1602 3479 timore
1632 3423 1815 3478 fecerit
1848 3438 1859 3472 :
1892 3420 1961 3473 ita

377 3532 430 3572 ut
454 3520 543 3588 qui
573 3520 757 3572 dicunt
786 3520 934 3572 illum
964 3534 1069 3573 non
1104 3518 1346 3571 timuisse
1387 3518 1603 3586 plagas,
1654 3531 1758 3569 non
1806 3514 1965 3567 modo

379 3611 528 3665 illum
562 3626 665 3665 non
700 3609 1002 3674 honorent,
1034 3608 1127 3663 sed
1157 3616 1212 3662 et
1241 3609 1462 3661 multum
1490 3623 1555 3660 ex
1584 3605 1830 3660 laudibus
1873 3602 1967 3658 de-

380 3712 547 3757 mant.
580 3700 710 3755 Nam
734 3701 776 3755 si
811 3716 914 3754 non
946 3700 1203 3762 timebat,
1232 3714 1351 3768 qum
1383 3697 1806 3767 perseverantia,
1848 3710 1969 3764 qua:

382 3792 717 3864 philosophia
745 3794 797 3849 in
831 3793 1061 3848 ferendis
1088 3791 1369 3862 periculis?
1395 3792 1501 3861 Ego
1524 3807 1652 3845 vero
1675 3790 1795 3843 ideo
1823 3788 1968 3841 illum

382 3887 642 3954 admiror,
675 3886 813 3957 quod
848 3889 1042 3941 timens
1064 3926 1079 3949 ,
1109 3900 1207 3940 nec
1236 3885 1396 3938 modo
1444 3886 1669 3946 timens,
1715 3882 1809 3936 sed
1865 3890 1973 3936 trc-

387 3995 540 4034 ntrns
593 3980 645 4034 in
699 3980 984 4049 periculis,
1016 3992 1229 4047 semper
1273 3977 1510 4031 cucurrit
1557 3988 1883 4039 coronatus,
1917 3984 1973 4028 et

387 4070 519 4123 nulli
563 4070 729 4124 cessit
774 4068 1046 4139 periculo,
1086 4074 1385 4135 expurgans
1421 4068 1637 4132 orbem,
1688 4077 1744 4121 et
1782 4067 1975 4132 ubique

390 4160 653 4214 terrarum
681 4170 732 4213 t-t
762 4160 986 4213 marium
1017 4158 1448 4226 prsidicationem
1474 4158 1765 4212 seminans.
1810 4158 1865 4210 4.
1910 4156 1978 4209 Et

389 4268 553 4306 sermo
581 4266 717 4304 meus
747 4260 790 4303 et
818 4250 1111 4320 praedicatio
1143 4266 1253 4302 mea
1301 4265 1401 4302 non
1447 4248 1857 4317 persuasibilibus
1885 4248 1980 4299 hu-

393 4358 557 4398 mane
597 4344 859 4413 sapientia:
917 4344 1100 4404 verbis,
1127 4341 1178 4397 id
1206 4352 1308 4409 est,
1334 4359 1438 4396 non
1470 4342 1677 4397 habens
1704 4353 1977 4396 externam

394 4434 731 4506 sapientiam.
764 4434 818 4489 Si
846 4436 1005 4507 igitur
1030 4446 1083 4489 et
1126 4434 1435 4506 przndicatio
1485 4432 1615 4487 nihil
1659 4433 1843 4486 habuit
1892 4447 1981 4484 so-

395 4527 636 4596 phistica:
662 4526 810 4589 artis,
837 4535 887 4581 et
915 4528 1003 4596 qui
1056 4526 1381 4579 vocabantur
1434 4524 1647 4587 itliouc,
1701 4532 1755 4576 et
1804 4522 1847 4575 is
1891 4521 1980 4591 qui

396 4617 719 4689 prmdicabat
748 4619 868 4673 talis
898 4627 1014 4672 erat
1033 4659 1046 4678 .
1077 4618 1367 4684 aderatque
1395 4616 1735 4685 persequutio
1760 4656 1775 4679 ,
1817 4622 1871 4668 et
1919 4613 1983 4666 ti-

396 4726 516 4764 mor
538 4719 592 4765 et
623 4721 845 4777 tremor,
877 4708 1147 4781 quomodo
1174 4710 1536 4778 superarunt?
1568 4708 1655 4763 dic
1687 4708 1833 4763 milii.
1882 4707 1984 4762 Per

402 4800 638 4855 divinam
692 4804 965 4858 virtutem.
1016 4801 1140 4856 ldeo
1186 4816 1308 4856 cunt
1360 4800 1615 4863 dixisset,
1677 4800 1892 4855 Verbum
1938 4812 1984 4854 et

400 4892 694 4963 pradicatio
747 4913 860 4951 mea
907 4914 1007 4950 non
1031 4898 1100 4949 \t'n
1158 4894 1569 4965 perstrattibilibus
1615 4895 1851 4948 humana:
1898 4912 1986 4949 sa-

400 4988 603 5058 pientiae
628 4987 1060 5058 verbis;'adjecit,
1096 4989 1199 5044 Sed
1240 4989 1293 5042 in
1335 4986 1617 5041 ostensione
1664 4988 1890 5056 Spiritus
1940 4996 1986 5041 et

399 5081 617 5135 virtutis.

471 5174 526 5229 2.
544 5171 730 5228 Viden’
752 5170 1174 5243 quomodoquod
1199 5174 1416 5229 stultum
1445 5180 1525 5227 est
1554 5172 1667 5237 Dei,
1694 5174 1988 5240 sapientius

399 5269 473 5323 sit
521 5265 862 5328 hominibus;
911 5273 965 5319 et
1009 5268 1150 5335 quod
1205 5268 1508 5331 inﬁrmum,
1550 5264 1775 5319 fortius?
1806 5266 1987 5320 idiota:

404 5360 519 5413 haec
549 5358 937 5429 praedicantes,
969 5358 1129 5412 vincti
1161 5370 1214 5413 et
1245 5362 1415 5429 pulsi,
1463 5359 1722 5429 pollentes
1770 5374 1828 5415 se
1869 5360 1987 5412 vin-

403 5450 631 5506 cebant?
663 5450 984 5506 Undenam?
1012 5449 1204 5505 Annon
1238 5468 1302 5506 ex
1330 5468 1415 5517 eo,
1450 5451 1590 5521 quod
1625 5467 1717 5519 per
1733 5451 1986 5521 Spiritum

403 5540 561 5597 ﬁdem
593 5542 939 5610 prmbcrent?
968 5556 1087 5594 nam
1119 5540 1171 5594 in
1203 5544 1453 5599 confesso
1492 5558 1575 5599 εει
1624 5544 1724 5600 hoc
1768 5551 1991 5601 demen-

400 5632 718 5688 strationem
742 5648 883 5687 esse.
908 5633 1037 5700 Quis
1056 5634 1197 5687 enim
1226 5677 1238 5695 ,
1267 5650 1450 5702 (ltitt‘SO
1474 5678 1490 5692 .
1519 5638 1704 5691 videns
1751 5650 1989 5694 mortuos

401 5733 739 5795 resurgentes
768 5733 821 5779 et
852 5724 1125 5781 dmmonas
1154 5726 1362 5798 pulsos,
1394 5743 1499 5784 non
1531 5729 1840 5786 admiserit?
1878 5731 1983 5787 Sed

2036 2069 2157 2107 esse
2187 2064 2239 2108 et
2266 2069 2329 2107 ex
2364 2055 2495 2106 earlo
2523 2054 2887 2109 descendisse.
2918 2056 3054 2108 Cum
3099 2066 3226 2124 ergo
3273 2056 3325 2109 in
3365 2056 3625 2122 sapientia

2039 2144 2326 2197 verborum
2359 2144 2413 2196 lit
2438 2144 2860 2210 demonstratio,
2889 2160 3033 2213 stepe
3060 2146 3417 2199 modestiores
3462 2159 3630 2213 supe-

2042 2244 2225 2288 rantur
2252 2250 2281 2287 a
2315 2233 2621 2302 pejoribtts,
2653 2238 2776 2304 quia
2821 2235 3008 2305 majori
3056 2236 3268 2291 dicendi
3316 2237 3367 2289 vi
3425 2236 3630 2305 pra-diti

2042 2324 2254 2395 pejores
2294 2337 2451 2386 sunt,
2498 2336 2552 2379 et
2602 2326 2939 2381 mendacium
2982 2329 3131 2397 pellit
3178 2329 3480 2382 veritatem.
3536 2327 3635 2381 llic

2044 2428 2220 2473 autem
2250 2434 2356 2472 non
2388 2419 2465 2472 sic
2505 2435 2517 2469 :
2552 2434 2727 2487 neque
2753 2420 2895 2472 enim
2939 2420 2990 2473 in
3030 2421 3356 2474 immundam
3402 2420 3633 2474 animam

2048 2512 2343 2581 ingreditur
2370 2510 2602 2579 Spiritus
2628 2522 2843 2564 Sanctus
2869 2552 2882 2574 ,
2933 2520 2986 2565 et
3024 2510 3305 2578 ingressus
3347 2525 3636 2579 numquam

2051 2612 2228 2671 potest
2255 2606 2537 2673 superari,
2567 2604 2777 2658 etiamsi
2820 2604 3028 2657 invadat
3062 2605 3235 2658 omnis
3275 2602 3488 2658 dicendi
3535 2602 3637 2655 vis.

2052 2694 2183 2747 Nam
2214 2694 2605 2747 demonstratio
2635 2712 2729 2760 per
2756 2712 2917 2764 opera
2947 2706 3001 2750 et
3026 2711 3123 2763 per
3151 2696 3298 2762 signa
3338 2696 3493 2763 longe
3533 2695 3642 2747 cla—

2054 2789 2164 2841 rior
2192 2795 2274 2840 est
2303 2786 2389 2838 illa
2417 2826 2431 2847 ,
2462 2801 2581 2853 qua:
2612 2786 2669 2837 ﬁt
2700 2802 2794 2853 per
2825 2786 3007 2837 verba.
3040 2789 3108 2837 At
3148 2787 3369 2841 illorum
3404 2785 3644 2839 {ortass'e

2054 2878 2318 2946 quispiam
2350 2876 2566 2941 dixerit,
2596 2877 2639 2929 si
2674 2876 3105 2944 praedicationem
3137 2877 3350 2930 vincere
3376 2886 3642 2951 oporteat,

2058 2982 2109 3023 et
2139 2971 2445 3039 eloquentia
2465 2986 2600 3039 opus
2631 2985 2737 3023 non
2770 2969 2928 3023 habet
2958 2976 3013 3023 ut
3036 2982 3105 3023 ne
3131 2983 3258 3023 crux
3287 2968 3646 3031 exinaniatur,

2060 3075 2225 3129 quare
2264 3060 2411 3129 signa
2459 3074 2598 3112 nunc
2645 3059 2959 3112 cessarunt?
3003 3059 3221 3124 Quare?
3274 3058 3652 3112 lncredulusne

2066 3152 2167 3205 hoc
2196 3151 2331 3205 dicis
2351 3190 2367 3213 ,
2398 3164 2495 3203 ncc
2520 3148 2759 3202 admittis
2793 3149 2879 3201 illa
2912 3147 3048 3202 facta
3082 3147 3245 3203 fuisse
3287 3148 3651 3216 apostolorum

2066 3253 2307 3312 tempore
2331 3283 2345 3306 ,
2376 3251 2441 3295 an
2472 3256 2599 3295 vere
2628 3239 2730 3294 hoc
2764 3240 3007 3295 ediscere
3049 3240 3333 3308 quaerens?
3382 3238 3439 3294 Si
3481 3240 3657 3293 incre-

2064 3337 2224 3391 dulus
2250 3334 2397 3387 dicas
2422 3373 2437 3396 ,
2470 3332 2521 3385 iti
2551 3347 2617 3385 eo
2644 3332 2873 3400 primum
2906 3332 3254 3386 immorabor.
3280 3330 3338 3391 Si
3362 3332 3504 3384 enim
3532 3341 3658 3384 tunc

2070 3444 2177 3482 non
2219 3428 2520 3481 facta-sunt
2547 3425 2697 3495 signa
2722 3465 2738 3490 ,
2765 3423 3228 3493 quomodopnlsi,
3282 3424 3455 3476 vexati
3476 3464 3492 3487 ,
3545 3432 3657 3477 tre-

2071 3530 2278 3575 mentes
2302 3560 2317 3587 ,
2349 3519 2531 3584 vincti,
2562 3529 2616 3572 et
2646 3531 2957 3573 communes
2980 3518 3127 3571 orbis
3156 3517 3339 3571 hostes
3368 3516 3513 3581 facti,
3543 3532 3663 3571 om-

2072 3615 2335 3682 nibusque
2362 3611 2424 3664 ad
2453 3612 2591 3665 maie
2622 3610 2925 3680 patiendum
2952 3612 3202 3681 expositi,
3234 3610 3364 3665 nihil
3394 3625 3458 3666 ex
3484 3609 3665 3665 sein-

2075 3706 2263 3759 bcntcs
2289 3703 2732 3773 quod'alliccret,
2763 3717 2867 3756 non
2896 3702 3285 3771 equuentiam,
3332 3718 3440 3756 non
3484 3701 3664 3771 splen-

2062 3796 2259 3851 dorem
2285 3837 2298 3860 ,
2330 3810 2435 3849 non
2466 3794 2677 3848 divitias
2698 3834 2712 3858 ,
2746 3809 2851 3847 non
2882 3794 3103 3861 urbem,
3138 3810 3243 3848 non
3270 3804 3485 3863 gentem
3509 3835 3522 3853 .
3554 3808 3665 3846 non

2077 3902 2268 3959 genus,
2294 3901 2398 3940 non
2428 3886 2763 3947 exercitium,
2796 3900 2900 3940 non
2928 3886 3173 3955 gloriam,
3205 3902 3309 3939 non
3338 3884 3481 3939 aliud
3506 3884 3667 3954 quid-

2082 3981 2220 4050 piam
2258 3978 2433 4032 simile
2457 3993 2472 4041 ;
2501 3977 2595 4031 sed
2623 3978 2800 4031 omnia
2830 3978 3120 4041 contraria,
3153 3976 3526 4042 ignorantiam,
3549 3975 3669 4029 vili-

2084 4081 2267 4133 tatem,
2299 4068 2899 4140 paupertatem,odium
2921 4110 2937 4132 ,
2973 4068 3302 4124 inimicitiam
3324 4110 3339 4132 ,
3385 4078 3667 4123 et'contra

2084 4163 2310 4233 populos
2338 4162 2574 4229 integros
2603 4168 2827 4222 stantes,
2860 4160 3094 4231 taliaque
3115 4160 3523 4221 annuntiantes,
3546 4170 3671 4227 pcr-

2082 4256 2418 4312 snadebant?
2443 4255 2572 4310 Nam
2593 4264 2857 4324 praecepta
2886 4254 3107 4308 multum
3135 4252 3372 4307 laborem
3403 4251 3671 4308 habebant

2084 4358 2140 4404 et
2160 4349 2405 4418 dogmata
2435 4347 2688 4417 periculis
2705 4347 2860 4416 plena
2884 4357 3037 4399 erant
3065 4364 3080 4399 :
3107 4359 3172 4398 ac
3196 4344 3281 4412 qui
3306 4345 3672 4401 audiebant'et

2087 4438 2443 4513 persuadendi
2498 4445 2691 4498 erant,
2748 4436 2801 4487 in
2846 4434 3088 4501 deliciis,
3122 4436 3385 4492 ebrietate
3412 4449 3465 4492 et
3492 4439 3675 4493 multis

2088 4531 2230 4583 vitiis
2253 4538 2409 4583 erant
2456 4528 2689 4582 educati.
2738 4526 2929 4594 llnde,
2978 4542 3201 4598 qiiarso,
3250 4530 3677 4598 persuaserunt?

2079 4622 2231 4675 'unde
2259 4620 2361 4674 ﬁde
2387 4620 2530 4689 digni
2562 4619 2757 4673 erant?
2788 4619 2917 4674 Nam
2945 4632 3048 4682 ,1tt
3082 4622 3189 4690 jam
3224 4622 3331 4675 disi
3357 4662 3371 4684 ,
3401 4623 3444 4675 si
3474 4622 3677 4690 absque

2088 4711 2253 4781 signis
2273 4720 2673 4779 persuaserunt,
2698 4712 2874 4765 multo
2900 4712 3074 4780 majus
3101 4712 3307 4765 videtur
3336 4711 3677 4764 miraculum;

2090 4804 2166 4860 Nc
2198 4806 2377 4875 itaque
2403 4822 2468 4860 ex
2498 4822 2595 4871 eo,
2629 4805 2773 4875 quod
2798 4821 2939 4859 nunc
2961 4805 3107 4872 signa
3151 4819 3258 4857 non
3309 4802 3471 4868 ﬁant,
3520 4818 3681 4874 argu-

2092 4910 2330 4953 mentum
2361 4898 2528 4953 du'cas
2559 4909 2684 4952 tunc
2709 4898 2872 4951 etiam
2912 4911 3017 4949 non
3059 4895 3245 4952 fuisse.
3291 4894 3502 4950 Etenim
3549 4903 3679 4950 tunc

2088 4994 2294 5047 utiliter
2324 4993 2517 5046 ﬁebant
2538 5034 2551 5051 .
2586 5000 2639 5043 et
2666 5004 2808 5043 nunc
2834 4988 3035 5042 utiliter
3062 5005 3170 5043 non
3216 4988 3370 5046 ﬁunt.
3416 4989 3537 5045 Non
3588 5006 3683 5046 nc-

2092 5085 2329 5137 eessario
2374 5086 2617 5151 sequitur
2639 5090 2814 5134 autent
2842 5095 2907 5134 ex
2936 5096 3000 5135 eo
3030 5082 3169 5151 quod
3204 5096 3345 5137 nunc
3366 5082 3532 5139 verbo
3563 5091 3685 5137 tan-

2094 5187 2205 5231 tum
2236 5175 2509 5239 suadetur,
2540 5190 2679 5228 nunc
2706 5174 2755 5227 in
2780 5175 3039 5245 sapientia
3072 5174 3507 5244 praedicationem
3540 5190 3682 5231 esse.

2098 5271 2227 5325 Nam
2278 5271 2364 5339 qui
2412 5268 2478 5322 ab
2529 5267 2680 5320 initio
2724 5270 2943 5321 verbum
2972 5270 3370 5335 'scminabant,
3413 5268 3594 5323 idiota:
3632 5278 3687 5323 et

2100 5364 2297 5420 inducti
2328 5371 2509 5424 erant,
2543 5370 2595 5415 et
2627 5362 2754 5415 nihil
2786 5380 2846 5416 ex
2877 5378 2933 5416 sc
2963 5362 3244 5427 dicebant,-
3268 5363 3359 5416 sed
3385 5377 3502 5432 qua:
3523 5373 3684 5417 accc—

2098 5466 2284 5527 pcrant
2312 5471 2337 5505 a
2371 5455 2479 5520 Deo
2501 5496 2513 5516 ,
2547 5454 2659 5509 haec
2685 5455 2798 5509 orhi
2832 5465 3092 5507 terrarum
3111 5453 3385 5508 dederunt
3430 5469 3444 5505 :
3485 5461 3540 5507 ct
3580 5468 3685 5507 nos

2098 5548 2195 5616 ipsi
2227 5560 2397 5605 nunc.
2433 5560 2536 5598 non
2566 5558 2683 5615 quin
2714 5561 2742 5597 a
2771 5546 2925 5598 nobis
2950 5554 3085 5599 sunt
3107 5546 3364 5597 tradimus
3389 5584 3406 5611 ,
3437 5545 3529 5601 sed
3563 5558 3682 5614 qua:

2099 5642 2165 5694 ab
2211 5640 2337 5707 ipsis
2380 5640 2718 5708 accepimus,
2764 5638 2876 5693 Incc
2926 5636 3175 5694 omnibus
3220 5640 3467 5693 dicimus.
3499 5634 3687 5706 Neque

2104 5746 2246 5787 nunc
2274 5732 2599 5803 syllogismis
2627 5730 3044 5803 persuademus;
3084 5732 3175 5787 sed
3220 5744 3285 5788 ex
3314 5730 3507 5787 divinis
3538 5721 3684 5779 Scri-
