4018 6208
306 339 376 395 ss
1355 332 1423 391 IN
1465 330 1679 390 EPIST.
1724 330 1743 382 ι
1809 329 1902 383 AD
1941 326 2094 382 con.
2138 326 2368 381 uoutL.
2416 327 2522 385 vlt.
3515 334 3589 391 δι

297 476 417 531 qua:
434 456 667 521 habebat,
692 454 885 509 dicebat
902 470 1007 508 esse
1020 451 1321 523 praprium;
1344 452 1430 504 sed
1452 448 1699 502 Imbcbunt
1721 447 1891 500 omnia

303 548 627 611 communia,
662 556 708 598 et
746 545 1061 599 dividebatur
1101 544 1317 613 singulis
1364 552 1509 609 prout
1548 541 1726 607 cuique
1768 555 1893 608 Opus

303 648 413 690 emt
445 637 579 707 (Act.
614 638 670 691 4.
698 636 788 693 ‘52.
820 638 947 706 35);
979 646 1031 690 et
1059 637 1222 690 vitam
1251 637 1479 705 agebant
1499 632 1814 703 angelicam.
1838 630 1895 685 Si

300 740 446 791 inme
482 727 551 778 ita
591 725 719 792 ﬁat,
762 737 931 781 totum
958 728 1145 780 orbem
1174 728 1376 793 absque
1417 724 1582 791 signis
1610 733 1864 776 converte

307 832 442 870 mus.
492 817 705 871 Interim
754 836 922 885 vero,
965 820 1055 888 qui
1100 820 1285 872 volunt
1330 818 1559 870 salutem
1602 816 1892 884 consequi,

305 908 584 961 attendant
630 908 919 979 Scripturis
944 926 956 962 :
984 910 1095 963 illic
1133 910 1277 963 enim
1324 908 1436 961 Inec
1468 898 1723 975 priet-lare
1750 918 1894 975 gesta

304 1000 614 1066 invenient,
661 1012 822 1070 atque
869 1002 951 1055 his
980 1002 1139 1070 longe
1174 1002 1341 1069 plura.
1374 1000 1502 1053 Nam
1533 999 1630 1067 ipsi
1661 997 1897 1067 magistri

308 1092 463 1161 longe
510 1093 594 1145 illa
624 1092 981 1161 superabant,
1015 1092 1066 1145 in
1091 1091 1228 1146 fame
1255 1102 1307 1144 et
1340 1091 1426 1143 siti
1456 1099 1508 1143 et
1536 1088 1775 1142 nuditate
1802 1089 1896 1141 de-

292 1196 512 1253 gentes.
548 1186 653 1239 Nos
683 1198 875 1261 autent
891 1185 1139 1239 volumus
1168 1184 1347 1237 multis
1380 1183 1477 1234 frui
1508 1183 1734 1245 deliciis,
1761 1181 1929 1234 (Πίον

303 1292 410 1345 que
436 1293 497 1330 at:
528 1277 761 1331 licentia.
795 1280 864 1331 At
892 1293 996 1330 non
1029 1276 1138 1334 illi;
1171 1274 1277 1327 imo
1303 1273 1638 1325 clamabant:
1664 1273 1897 1331 ΑίΗιιιηε

304 1384 464 1431 usque
495 1369 669 1419 (torum
697 1369 946 1420 esurimus
977 1377 1021 1419 et
1050 1366 1269 1427 sitimus,
1301 1373 1345 1413 ct
1377 1363 1502 1414 nudi
1536 1379 1710 1414 sumus
1744 1371 1789 1413 et
1816 1378 1897 1412 ro-

306 1459 477 1528 lupiiis
507 1460 771 1524 credimur,
802 1468 847 1510 et
880 1456 1135 1510 instabiles
1164 1472 1335 1507 sumus
1362 1456 1439 1522 (l.
1466 1452 1580 1507 Cor.
1609 1454 1660 1507 4.
1690 1452 1797 1523 Η).
1837 1453 1897 1504 lit

305 1554 441 1605 alius
471 1551 686 1620 quidem
718 1565 745 1601 a
773 1549 1105 1617 Jerosolyma
1138 1560 1305 1615 usque
1331 1547 1396 1597 ad
1428 1545 1692 1614 Illyricum
1714 1560 1897 1597 curre-

309 1641 429 1699 bat;
474 1641 611 1693 alius
641 1640 694 1692 in
723 1638 1004 1703 lndorum,
1047 1636 1185 1707 alius
1231 1636 1283 1689 in
1329 1635 1629 1687 Maurorum
1664 1642 1891 1695 terrain,

307 1732 448 1783 alius
469 1730 533 1784 ad
560 1730 691 1784 alias
716 1740 893 1798 partes
917 1730 1063 1784 orbis
1090 1747 1101 1782 :
1129 1743 1226 1782 nos
1249 1738 1427 1782 autem
1453 1742 1519 1781 ne
1541 1742 1567 1778 a
1594 1729 1758 1795 patria
1783 1726 1899 1793 qui-

303 1825 429 1877 dem
456 1822 635 1892 egredi
661 1821 943 1889 audemus,
976 1821 1069 1877 sed
1096 1812 1317 1875 delicias
1343 1819 1631 1889 qnaritnus
1655 1818 1900 1887 milesque

304 1913 635 1976 Splendidas,
662 1922 717 1967 et
738 1914 891 1965 aliam
916 1927 1129 1966 omnem
1153 1926 1331 1965 rerum
1354 1908 1584 1978 copiam.
1610 1908 1739 1975 Quis
1759 1908 1899 1975 enim

306 2014 549 2058 no~trum
580 2004 804 2059 esurivit
832 2018 1083 2071 umquam
1118 2009 1335 2070 propter
1361 2002 1581 2054 verbum
1614 2000 1702 2055 Dei
1722 2000 1749 2052 2
1782 2002 1921 2068 quis.

311 2097 365 2147 in
407 2094 695 2148 solitudine
726 2092 857 2146 fuit?
885 2094 1007 2161 quis
1052 2092 1209 2160 longe
1243 2092 1614 2159 peregrinatus
1640 2092 1756 2144 est?
1784 2090 1901 2159 quis

306 2200 374 2238 ex
404 2183 713 2237 doctoribus
753 2182 1032 2253 exlabore
1063 2196 1317 2234 manuum
1354 2180 1558 2241 vivens,
1592 2180 1713 2233 aliis
1744 2195 1899 2248 Opem

311 2274 473 2328 tulit?
520 2272 641 2344 quis
673 2283 898 2327 mortem
928 2272 1180 2327 sustinuit
1224 2270 1624 2341 quotidianam?
1654 2271 1784 2323 Iline
1808 2270 1898 2337 qui

311 2367 591 2421 nobiscum
612 2376 758 2431 sunt,
779 2366 1079 2437 ignaviores
1097 2364 1250 2418 liunt.
1274 2364 1480 2418 Etenim
1504 2364 1549 2418 si
1571 2365 1689 2433 quis
1712 2363 1899 2418 viderit

310 2458 512 2513 milites
542 2468 599 2513 et
624 2458 809 2522 duces,
843 2473 965 2512 cum
997 2455 1156 2523 fame,
1204 2454 1294 2509 siti
1339 2467 1393 2511 et
1432 2466 1605 2508 morte
1647 2456 1902 2524 malisque

310 2550 564 2603 omnibus
590 2557 967 2602 concertantes
989 2589 1002 2611 ,
1053 2546 1221 2616 frigus
1263 2555 1315 2600 et
1353 2545 1589 2615 pericula
1620 2546 1903 2615 omniaque

286 2638 549 2694 'ferentes
576 2640 791 2693 leonum
819 2642 984 2692 instar
1006 2647 1062 2692 et
1084 2648 1302 2693 strenue
1324 2650 1579 2709 agentes;
1605 2638 1905 2708 deindeque

312 2730 710 2802 pliiloSophiam
740 2730 887 2782 illam
917 2728 1189 2782 solventes
1215 2770 1230 2793 ,
1261 2737 1315 2782 et
1344 2729 1617 2783 molliores
1644 2729 1863 2783 effectos
1887 2769 1901 2793 ,

313 2821 553 2892 pecuniae
585 2820 808 2890 cupidos
832 2861 845 2884 ,
889 2820 1338 2890 negotiationibus
1368 2828 1422 2873 et
1462 2821 1539 2873 rei
1567 2819 1903 2889 cauponaria:

312 2915 632 2989 studentes,
675 2923 732 2969 et
768 2913 837 2967 ab
880 2912 1126 2968 hostibus
1165 2910 1438 2976 devictos;
1482 2922 1736 2968 extremm
1762 2923 1907 2967 esset

314 3009 565 3064 amentia:
595 3010 781 3062 harum
824 3022 1002 3061 rerum
1045 2995 1557 3076 causam‘qumrere.
1590 3006 1702 3060 lloc
1727 3015 1905 3061 autem

314 3102 384 3154 de
428 3099 579 3153 nobis
628 3107 683 3151 et
730 3096 797 3151 de
842 3097 1137 3166 majoribus
1184 3097 1383 3150 nosuis
1426 3095 1907 3163 eogitemusmam

316 3190 555 3243 omnium
588 3186 918 3243 imbecillimi
939 3188 1063 3241 facti
1093 3201 1299 3252 sumus,
1324 3195 1377 3239 et
1402 3183 1522 3239 vitice
1548 3188 1795 3255 praesenti
1812 3186 1906 3240 ad—

315 3283 467 3338 dicti.
494 3281 645 3349 Quod
671 3281 715 3336 si
747 3282 1003 3353 inventus
1026 3281 1293 3351 quispiam
1324 3279 1483 3333 fuerit
1509 3278 1786 3348 vestigium
1817 3279 1910 3332 ha-

320 3374 457 3427 bens
496 3372 693 3426 veteris
735 3372 1047 3442 sapientiae,
1086 3372 1130 3424 is
1162 3370 1292 3424 foris
1331 3379 1386 3424 et
1422 3370 1641 3424 urbibus
1674 3370 1909 3435 relictis,

325 3472 488 3534 atque
528 3465 579 3518 in
625 3464 903 3518 hominum
948 3463 1128 3519 medio
1167 3464 1369 3517 versari
1401 3472 1455 3517 et
1483 3463 1616 3517 alios
1648 3462 1912 3517 moderari

322 3570 563 3621 cessans,
592 3554 659 3609 ad
688 3566 898 3609 montes
926 3569 985 3609 se
1010 3552 1219 3609 confert
1242 3569 1257 3605 :
1281 3552 1325 3605 si
1354 3552 1473 3622 quis
1502 3568 1628 3608 vero
1664 3567 1914 3607 secessus

2000 456 2214 496 causam
2246 442 2567 505 sciscitetur,
2598 455 2815 495 causam
2865 442 2956 497 ille
3004 460 3078 509 pr.
3101 442 3207 497 fert
3240 444 3451 498 veniam
3490 458 3595 497 tum

2002 528 2317 588 merentem.
2345 533 2422 588 Ne
2446 549 2681 603 peream,
2711 534 2902 602 inquit,
2933 550 2996 587 ac
3023 552 3087 588 ne
3119 534 3365 590 hebetior
3389 524 3454 590 ad
3486 536 3595 589 vir-

2004 638 2168 681 tutem
2198 627 2319 681 liam
2343 670 2356 692 ,
2387 626 2587 681 resilio.
2620 626 2687 681 Et
2715 636 2914 696 quanto
2938 626 3129 680 melius
3158 636 3325 691 esset,
3356 627 3599 682 hebetio-

1999 731 2117 773 rem
2144 728 2194 773 te
2226 719 2339 773 ﬁeri
2369 728 2422 773 et
2449 720 2586 773 alios
2613 718 2839 783 lucrari,
2875 735 3036 789 quam
3070 719 3119 771 in
3150 720 3260 772 alto
3287 730 3596 773 manentem

2004 812 2196 866 fratres
2225 812 2507 881 despicere
2538 813 2871 881 pereuntes?
2910 812 3135 878 Quando
3168 812 3325 881 igitur
3367 812 3458 866 alii
3490 814 3599 866 vir-

2004 913 2167 956 tutem
2197 919 2302 956 non
2332 912 2542 968 curant,
2574 902 2664 957 alii
2689 903 2779 972 qui
2805 918 2988 957 curam
3013 902 3127 970 ejus
3153 902 3369 969 habent,
3393 904 3459 958 ab
3483 905 3599 957 acie

2005 996 2184 1063 procul
2226 996 2519 1060 recedunt,
2567 996 2835 1065 quomodo
2862 995 3284 1065 expugnahintus
3316 994 3599 1048 inimicos?

2002 1086 2134 1140 Nam
2164 1087 2372 1140 etiamsi
2404 1104 2545 1141 nunc
2570 1089 2720 1157 signa
2747 1098 2946 1151 essent,
2980 1089 3223 1157 quisnam
3252 1085 3600 1156 persuadere-

2007 1180 2129 1233 tur?
2175 1189 2267 1233 aut
2297 1181 2416 1249 quis
2446 1197 2511 1234 ex
2542 1181 2779 1233 externis
2810 1179 2965 1233 nobis
2994 1182 3230 1233 animum
3278 1180 3597 1244 adhiberet,

2006 1271 2237 1340 nequitia
2260 1271 2335 1325 sic
2356 1271 2813 1341 supergrediente.
2836 1270 2966 1324 Nam
2988 1272 3090 1324 vita
3114 1288 3150 1323 ri
3172 1282 3257 1325 cte
3280 1282 3397 1324 aeta
3420 1274 3601 1325 mulis

2004 1362 2216 1416 videtur
2242 1378 2362 1417 esse
2394 1364 2560 1432 magis
2590 1363 2693 1417 [ide
2720 1362 2901 1431 digna.
2934 1363 3092 1431 Signa
3138 1362 3281 1416 enim
3328 1364 3465 1430 apud
3499 1364 3599 1414 illl-

2006 1453 2268 1522 pudentes
2295 1464 2349 1507 et
2378 1454 2549 1506 malos
2575 1453 2820 1507 homines
2844 1452 2894 1506 in
2926 1469 3139 1522 pravam
3167 1452 3396 1520 aliquam
3420 1456 3598 1520 suspi-

2003 1545 2212 1598 cionem
2255 1546 2510 1611 venient;
2558 1546 2660 1599 vita
2707 1557 2884 1599 autem
2928 1562 3057 1615 pura
3108 1547 3277 1614 ipsum
3313 1561 3372 1597 os
3400 1546 3601 1599 diaboli

2002 1635 2214 1690 abunde
2240 1637 2522 1691 obstruere
2568 1639 2785 1706 poterit.
2839 1638 2963 1692 llmc
2994 1650 3171 1691 autem
3202 1637 3325 1690 dico
3353 1648 3405 1691 et
3435 1638 3602 1703 impe-

2005 1729 2244 1783 rantibus
2275 1738 2325 1784 et
2359 1728 2586 1798 imperio
2612 1732 2927 1798 parentibus
2952 1771 2967 1793 ,
2999 1742 3051 1783 et
3086 1748 3192 1798 ιιτευ
3223 1732 3435 1784 ceteris
3465 1730 3594 1782 mihi

2007 1820 2128 1890 ipsi,
2176 1831 2232 1874 ut
2277 1820 2436 1881 vitam
2476 1820 2825 1874 exhibeamus
2867 1820 3187 1880 mirabilem,
3229 1829 3281 1872 et
3330 1835 3451 1872 cum
3500 1837 3597 1871 nos

2011 1913 2157 1979 ipsius
2186 1912 2674 1981 composuerimus,
2701 1911 2983 1981 przeseutia
3009 1911 3187 1963 omnia
3218 1910 3601 1977 destueia‘mus.

2007 2007 2424 2061 Contemnamus
2448 2008 2749 2076 pecuniam,
2773 2017 2825 2061 et
2850 2023 2951 2061 non
2973 2019 3378 2060 contemnamus
3399 2004 3602 2073 gehen-

2010 2115 2129 2150 nam
2157 2116 2170 2151 :
2197 2098 2559 2167 despiciamus
2584 2099 2806 2167 gloriam
2835 2139 2850 2161 ,
2884 2106 2939 2151 et
2969 2115 3034 2151 ne
3075 2097 3435 2166 desiliriamus
3463 2097 3605 2149 salu—

2011 2198 2114 2241 tem
2145 2206 2158 2241 :
2187 2190 2271 2240 hic
2296 2189 2585 2241 Subeamus
2611 2188 2863 2242 sudorem
2895 2197 2950 2242 et
2981 2188 3240 2251 laborem,
3276 2197 3331 2240 ut
3362 2204 3467 2239 non
3497 2188 3605 2239 illic

2009 2277 2303 2351 incidamus
2334 2278 2385 2330 iu
2421 2278 2765 2347 supplicium.
2815 2280 2907 2332 Sic
2937 2294 3058 2331 cum
3090 2279 3375 2347 gentilibus
3406 2279 3603 2331 bellum

2008 2382 2275 2435 geraums.
2299 2366 2376 2421 sic
2397 2367 2515 2420 illos
2538 2368 2868 2423 abducamus
2893 2368 2949 2421 in
2967 2369 3332 2437 captivitatem
3362 2369 3605 2421 ltbet'tntt:

2009 2462 2457 2530 praestantiorem.
2505 2462 2709 2516 Verum
2758 2463 2873 2518 hmc
2917 2479 3061 2530 szepe
3116 2471 3171 2517 et
3218 2461 3527 2531 frequenter
3574 2477 3602 2511 a

2010 2553 2165 2606 nobis
2186 2552 2458 2618 dicuntur,
2492 2569 2616 2607 raro
2645 2563 2825 2608 autem
2860 2555 3011 2608 fiunt.
3040 2555 3308 2608 Cancrum
3352 2552 3463 2607 sive
3494 2552 3607 2605 ba-c

2013 2645 2140 2697 liant
2162 2685 2176 2708 ,
2207 2644 2317 2698 sive
2346 2660 2455 2697 non
2488 2645 2614 2697 liaut
2635 2687 2646 2698 .
2678 2660 2887 2714 (nquam
2920 2657 3001 2698 est
3048 2662 3142 2713 per
3181 2661 3241 2697 ea
3273 2660 3368 2710 vos
3396 2644 3607 2697 assidue

2014 2751 2254 2790 monere.
2308 2736 2363 2790 Si
2415 2735 2557 2790 enim
2609 2736 2763 2791 bonis
2814 2735 2993 2790 verbis
3046 2734 3261 2804 quidam
3309 2733 3605 2801 decipiunt,

2013 2825 2182 2877 multo
2212 2827 2379 2893 magis
2407 2843 2502 2893 par
2530 2837 2613 2880 est
2653 2842 2749 2881 eos
2774 2869 2789 2891 ,
2840 2827 2931 2896 qui
2960 2826 3026 2881 ad
3061 2827 3337 2880 veritatem
3372 2825 3605 2888 ducunt,

2012 2931 2117 2967 non
2148 2914 2424 2984 defatigari
2458 2917 2511 2968 in
2540 2915 2770 2971 dicendo
2801 2934 2862 2970 ea
2890 2934 3009 2984 qua:
3041 2927 3165 2970 sunt
3194 2917 3367 2970 utilia.
3398 2915 3530 2969 Nam
3563 2917 3609 2968 si

2014 3006 2335 3075 di-eeptores
2364 3016 2439 3061 tot
2469 3007 2730 3067 machinis
2774 3017 2993 3061 utuntur
3022 3025 3033 3060 :
3058 3007 3315 3075 pecunias
3342 3006 3481 3058 extim
3512 3006 3611 3058 int-

2018 3100 2282 3168 pendunt,
2318 3101 2477 3153 verba
2510 3099 2807 3163 adhibent,
2835 3099 3069 3169 pericula
3096 3098 3347 3163 subeunt,
3377 3106 3431 3151 et
3473 3112 3609 3165 pra:-

2018 3190 2248 3245 fei-turas
2276 3201 2585 3244 ostentant:
2613 3193 2781 3245 multo
2822 3192 2990 3261 magis
3030 3207 3127 3261 nos
3152 3231 3166 3254 ,
3198 3192 3288 3259 qui
3331 3206 3361 3243 a
3405 3189 3611 3243 fallacia

2017 3283 2351 3347 abduciums,
2383 3293 2437 3338 et
2471 3284 2709 3352 pericula
2741 3293 2796 3338 et
2822 3294 3025 3338 mortes
3051 3292 3103 3336 et
3129 3282 3309 3336 omnia
3337 3281 3608 3334 susducre

2018 3387 2231 3443 oportet
2256 3416 2271 3440 ,
2318 3384 2456 3435 ut.et
2486 3391 2583 3430 nos
2611 3377 2758 3446 ipsos
2785 3387 2842 3433 et
2868 3377 3004 3431 alios
3035 3375 3223 3431 luerati
3250 3417 3263 3439 ,
3295 3386 3349 3429 et
3379 3374 3610 3428 inimicis

2022 3468 2462 3536 inexpugnabiles
2506 3468 2649 3533 facti,
2692 3468 2954 3539 promissa
3005 3468 3143 3523 bona
3190 3481 3607 3537 consequamur,

2026 3559 2195 3627 gratia
2226 3568 2279 3614 et
2310 3560 2659 3631 benignitate,
2692 3570 2798 3615 etc.

1703 3764 2049 3827 HOMILIA
2094 3769 2231 3831 VII.

320 3918 453 3975 Cn.
487 3916 545 3971 2.
574 3932 626 3971 v.
658 3914 714 3971 6.
747 3914 1065 3984 Sapientiam
1094 3921 1259 3967 autem
1290 3914 1540 3981 loquimur
1579 3913 1709 3965 inter
1740 3912 1911 3982 perfe-

393 4019 533 4070 ctos;
563 4007 865 4075 sapientiam
892 4022 1006 4060 vero
1032 4021 1134 4058 non
1163 4003 1318 4073 hujus
1347 4004 1524 4057 seaculi
1545 4046 1557 4067 ,
1591 4019 1748 4073 neque
1769 4003 1914 4070 prin-

394 4101 565 4168 cipum
596 4100 748 4167 hujus
774 4098 971 4161 siccati,
999 4098 1097 4166 qui
1137 4098 1503 4161 destruantur;
1539 4097 1593 4150 7.
1622 4095 1710 4148 sed
1752 4095 1916 4163 loqui-

396 4207 510 4242 mur
536 4187 633 4241 Dei
659 4188 958 4255 sapientium
986 4187 1038 4238 in
1065 4187 1323 4255 mysterio,
1352 4203 1465 4253 qua:
1490 4185 1783 4239 abscondita
1810 4193 1879 4237 est
1900 4224 1914 4245 ,

394 4299 547 4353 quam
597 4278 971 4350 predcstinavit
1014 4277 1158 4333 Deus
1201 4288 1321 4332 ante
1367 4280 1554 4333 δωειιία
1598 4279 1652 4331 in
1702 4276 1920 4347 gloriam

396 4374 643 4426 nostram.

398 4467 450 4520 l.
483 4463 743 4517 Tenebrte
791 4461 1047 4516 videntur
1084 4476 1204 4517 esse
1246 4463 1363 4518 luce
1393 4459 1810 4530 opportuniores
1856 4458 1921 4514 iis

323 4556 417 4625 qui
450 4554 694 4608 laborant
731 4550 901 4605 oculis
929 4569 944 4615 ;
986 4552 1216 4621 ideoque
1258 4553 1426 4622 magis
1454 4552 1517 4606 ad
1551 4550 1919 4606 adumbratam

324 4646 602 4701 aediculam
630 4640 964 4711 confugiunt.
995 4641 1106 4695 Hoc
1147 4643 1309 4695 etiam
1345 4657 1441 4695 usu
1483 4644 1624 4697 venit
1670 4643 1723 4695 in
1768 4641 1923 4712 spiri-

329 4737 457 4791 tuali
500 4736 784 4806 sapientia.
819 4732 911 4787 Dei
957 4730 1174 4803 quidem
1202 4732 1463 4799 sapientia
1498 4735 1738 4786 externis
1767 4732 1919 4785 vide-

327 4830 488 4883 batur
513 4843 634 4882 essc
664 4825 885 4882 stultitia
916 4842 931 4889 ;
958 4838 1146 4879 eorum
1179 4837 1308 4875 vero
1334 4823 1620 4891 sapientia,
1651 4839 1771 4892 qua:
1798 4837 1923 4877 vere

329 4921 559 4973 stultitia
594 4928 729 4985 erat,
760 4919 826 4991 ab
857 4918 989 4987 ipsis
1018 4914 1277 4986 sapientia
1307 4924 1547 4982 reputat.)
1580 4913 1700 4968 fuit.
1734 4914 1800 4968 Et
1826 4928 1918 4980 pe-

333 5010 486 5064 rinde
512 5009 875 5079 contingebat,
900 5024 961 5063 ac
992 5008 1034 5062 si
1065 5006 1183 5077 quis
1210 5004 1471 5072 sapientia
1498 5015 1552 5056 et
1582 5012 1697 5057 arte
1727 5004 1922 5073 guber—

332 5098 495 5153 nandi
523 5107 698 5160 utens.
730 5098 1071 5167 polliceretur
1086 5111 1144 5152 se
1166 5096 1282 5150 sine
1308 5108 1442 5147 nave
1467 5103 1523 5146 et
1547 5092 1677 5145 velis
1708 5093 1923 5161 pelagus

334 5189 656 5243 immensum
684 5202 807 5241 esse
835 5189 1269 5243 transmissurum
1296 5203 1310 5252 ;
1358 5183 1659 5254 deindeque
1694 5193 1925 5246 tentaret

336 5276 630 5334 ratiociniis
676 5277 901 5346 probare
939 5281 1039 5335 hoe
1067 5280 1180 5334 ﬂeri
1218 5291 1417 5348 posse;
1451 5276 1587 5329 alius
1615 5291 1743 5329 vero
1777 5276 1921 5346 quis-

334 5373 478 5443 piam
508 5368 745 5425 omnium
778 5368 1079 5437 imperitus,
1114 5372 1255 5437 navi,
1288 5370 1634 5441 gubernatori
1663 5381 1715 5423 et
1746 5370 1923 5424 nautis

335 5474 459 5520 sese
492 5463 855 5528 committens,
900 5463 981 5517 sic
1009 5478 1129 5519 cum
1172 5468 1460 5520 securitate
1492 5461 1783 5531 navigaret.
1819 5463 1928 5517 llu-

331 5560 425 5628 jus
440 5556 585 5613 enim
610 5572 672 5612 ea
694 5570 812 5627 quae
830 5554 1040 5609 videtur
1058 5571 1179 5611 esse
1200 5555 1483 5626 tmperitia,
1506 5554 1646 5607 illius
1667 5555 1929 5623 sapientia

339 5649 635 5718 sapientior
657 5658 821 5705 esset.
856 5646 998 5701 Bona
1020 5646 1218 5716 quippe
1239 5658 1322 5704 est
1350 5660 1437 5702 ars
1453 5645 1806 5717 gubernandi,
1831 5643 1928 5700 sed

341 5756 464 5799 cum
491 5741 693 5812 majora
708 5738 866 5813 quam
888 5754 984 5810 par
1002 5738 1071 5792 sit
1095 5738 1402 5808 pollicetur,
1432 5738 1654 5795 stultitia
1681 5739 1925 5810 quaedam

682 5840 953 5899 ΡΑΤιιοι.
1000 5836 1120 5896 Gtt.
1166 5835 1328 5898 LXI.

2024 3925 2139 3981 est;
2170 3928 2227 3971 ut
2256 3927 2310 3973 et
2344 3918 2521 3973 omnis
2546 3932 2656 3983 ars,
2686 3933 2806 3987 qua:
2836 3933 2939 3971 non
2967 3915 3081 3971 suis
3116 3924 3369 3969 contenta
3397 3926 3477 3970 est
3510 3927 3621 3970 ter-

2021 4008 2202 4064 minis.

2095 4098 2362 4168 Sapientia
2396 4101 2817 4170 pltilosopltorunt
2844 4110 3131 4153 exterarum
3160 4098 3375 4152 stultitia
3402 4110 3526 4151 erat.
3551 4127 3619 4136 —

2024 4188 2116 4244 Sic
2155 4190 2315 4244 etiam
2355 4201 2580 4245 externa
2611 4192 2872 4259 sapientia
2912 4190 3100 4243 fuisset
3142 4190 3423 4257 sapientia,
3456 4190 3500 4242 si
3525 4204 3619 4243 usa

2026 4289 2170 4334 esset
2195 4281 2396 4351 Spiritu
2428 4297 2441 4334 :
2481 4280 2575 4335 sed
2602 4280 2724 4349 quia
2753 4280 2855 4333 sibi
2900 4279 3077 4332 omnia
3122 4280 3389 4348 permisit,
3435 4294 3534 4334 nec
3564 4295 3619 4335 se

2025 4358 2225 4425 auxilio
2267 4370 2375 4426 ullo
2413 4386 2551 4441 Opus
2598 4371 2796 4427 habere
2822 4371 3047 4439 putavit,
3088 4368 3314 4426 stultitia
3354 4371 3488 4425 facta
3517 4386 3621 4435 est,

2027 4465 2128 4519 etsi
2171 4464 2441 4520 videretur
2484 4466 2744 4534 sapientia
2783 4480 2925 4519 ese.
2963 4465 3302 4533 Quapropter
3330 4478 3450 4516 cum
3480 4465 3622 4531 prius

2029 4558 2173 4611 illam
2196 4573 2260 4612 ex
2290 4558 2451 4611 rebus
2474 4557 2606 4625 ipsis
2632 4555 2982 4617 coufutasset,
3018 4563 3141 4606 tunc
3176 4555 3316 4606 illam
3346 4553 3622 4606 stultitiam

2031 4649 2274 4710 vocavit;
2304 4654 2503 4701 etcum
2530 4644 2677 4712 prius
2704 4643 2801 4697 Dei
2836 4642 3150 4711 :apientimn
3172 4656 3234 4695 ex
3268 4641 3481 4695 illorum
3505 4659 3620 4696 sen-

2032 4736 2194 4791 tentia
2243 4734 2520 4787 stultitiam
2553 4742 2839 4797 vocasset,
2886 4743 3012 4786 tunc
3052 4732 3287 4787 ostendit
3328 4732 3477 4787 ilius-.1
3507 4749 3624 4787 esse

2029 4826 2344 4895 sapientiam
2375 4824 2394 4898 (
2423 4840 2547 4879 nam
2573 4835 2695 4896 post
2721 4825 3067 4895 probationes
3096 4836 3220 4879 tunc
3247 4826 3479 4879 maxime
3510 4841 3623 4893 pos-

2030 4926 2154 4971 sunt
2172 4916 2603 4973 contradicentes
2628 4917 2831 4986 pudore
2858 4917 3119 4984 sull'mnli)
3147 4934 3157 4969 :
3188 4926 3245 4971 et
3266 4916 3340 4970 ait
3367 4934 3380 4970 :
3406 4916 3625 4983 Sapien-

2033 5009 2153 5061 tiam
2169 5019 2336 5062 autem
2357 5009 2612 5078 loquimur
2636 5011 2765 5063 inter
2788 5016 3054 5079 perlatos.
3081 5009 3210 5061 Nam
3241 5022 3359 5060 cum
3390 5021 3451 5074 eg
3468 5023 3511 5069 ),
3541 5005 3627 5075 qui

2032 5101 2225 5156 stultus
2248 5115 2368 5155 esse
2392 5107 2448 5154 et
2473 5101 2634 5153 stulta
2676 5100 2970 5169 prtedieare
2996 5100 3273 5153 existimor
3292 5138 3305 5159 ,
3330 5096 3629 5164 sapientem

2034 5207 2381 5263 superavere,
2410 5206 2517 5245 non
2563 5207 2657 5259 per
2693 5191 2971 5245 stultitiam
3006 5190 3254 5257 superavi
3292 5188 3629 5253 sapientiam,

2035 5286 2128 5341 sed
2161 5301 2255 5355 per
2281 5285 2595 5352 sapientiam
2626 5282 3001 5353 perlectiorem
3020 5323 3034 5347 ,
3064 5290 3119 5335 et
3149 5289 3349 5335 tantam
3378 5290 3634 5347 tantoque

2037 5377 2125 5430 illa
2160 5374 2439 5443 majorem,
2474 5384 2531 5428 ut
2554 5374 2641 5427 illa
2671 5372 2890 5428 stultitia
2920 5388 3039 5427 esse
3064 5372 3328 5427 videatur.
3358 5372 3433 5424 lo‘-
3454 5386 3483 5423 ὴ
3510 5384 3633 5422 cum

2036 5468 2182 5536 prius
2224 5466 2367 5519 illam
2403 5464 2473 5518 ita
2508 5474 2785 5529 vocasset,
2818 5473 2876 5518 ut
2906 5464 2983 5517 illi
3014 5475 3139 5519 tunc
3171 5462 3513 5518 nominabant
3540 5500 3555 5525 ,
3583 5471 3640 5515 et

2036 5573 2100 5612 cx
2131 5555 2291 5610 rebus
2317 5556 2449 5624 ipsis
2476 5557 2753 5610 victoriam
2792 5554 3151 5621 exhibuisset,
3188 5554 3413 5623 illosque
3443 5550 3632 5605 admo-

2036 5648 2161 5703 dum
2203 5648 2395 5702 stultos
2430 5662 2552 5703 esse
2584 5647 2861 5716 probasset
2907 5666 2921 5703 :
2964 5648 3033 5704 de
3061 5655 3259 5701 czetero
3302 5660 3496 5700 nomen
3528 5644 3634 5713 ipsi

2040 5740 2167 5807 dat,
2188 5737 2332 5810 quod
2373 5738 2425 5794 ei
2451 5739 2775 5808 conveniat,
2815 5738 2999 5793 dicens
3022 5756 3037 5795 ;
3064 5736 3384 5810 Sapientiam
3414 5751 3531 5791 vero
3559 5732 3634 5787 to.

3234 5827 3278 5888 lt
