4018 6208
365 303 437 358 ss
1123 242 1174 340 ε.
1210 280 1487 339 toanms
1525 277 2000 347 cunvsosrout
2043 278 2354 337 ARCHIEP.
2396 283 2927 343 consumma
3589 296 3654 349 δε

356 404 558 472 quimur
587 401 715 453 inter
745 402 1009 466 perfectos.
1037 396 1365 467 Sapientiam
1391 405 1569 451 autem
1600 395 1727 450 dicit
1758 394 1920 463 praedi

364 495 625 549 rationem
661 500 715 545 et
741 489 955 544 modum
1000 488 1219 555 salutis,
1255 496 1449 557 nempe
1478 487 1684 543 salvum
1716 485 1827 540 ﬁeri
1860 502 1954 552 per

360 599 611 646 crucem;
648 580 910 649 perfectos
939 590 1149 648 autem,
1182 594 1277 633 eos
1316 580 1406 648 qui
1458 577 1821 634 crediderunt.
1856 577 1952 630 Et-

358 676 504 727 enim
530 674 600 727 illi
627 674 843 741 perfecti
866 682 1010 736 sunt,
1032 678 1122 743 qut
1149 672 1377 726 humana
1400 670 1639 724 videntes
1657 684 1776 724 esse
1805 667 1956 723 valde

362 766 592 830 iniit-ma,
629 765 823 834 illaque
852 763 1231 833 despicientes,
1280 776 1594 832 persuasum
1629 760 1825 815 habent
1867 761 1951 813 illa

361 858 491 914 nihil
519 859 619 914 sibi
638 856 914 920 conferre,
934 856 1231 927 cnjnsmodi
1261 856 1475 910 fuerunt
1507 854 1713 911 ﬁdeles.
1735 853 1956 920 Sapien-

360 953 481 1004 tiam
521 957 687 1002 autem
716 965 815 1001 non
858 948 1011 1018 hujus
1048 947 1243 1003 surculi.
1292 946 1391 1002 Ubi
1434 960 1664 1014 namque
1694 945 1837 997 utilis
1874 952 1958 997 est

359 1049 582 1095 externa
610 1039 891 1108 sapientia,
920 1055 1040 1109 qua:
1068 1038 1153 1093 hic
1181 1037 1400 1107 quidem
1428 1035 1624 1089 desinit
1649 1044 1704 1089 ct
1730 1034 1953 1089 ulterius

361 1147 467 1185 non
498 1131 856 1201 progreditur,
898 1145 1071 1197 neque
1111 1128 1198 1181 hic
1242 1126 1499 1195 prodesse
1529 1134 1699 1194 potest
1733 1126 1818 1191 iis,
1863 1125 1952 1193 qui

358 1220 444 1275 illa
473 1231 595 1276 sunt
623 1222 869 1291 prmditi?
901 1222 1176 1289 Principes
1196 1226 1374 1271 autem
1402 1216 1582 1270 s-cculi
1609 1216 1693 1269 hic
1720 1229 1823 1269 non
1848 1214 1959 1268 dae-

362 1328 546 1367 mones
591 1312 849 1381 quosdam
893 1311 1043 1375 dicit,
1080 1320 1134 1362 ut
1162 1309 1380 1378 quidam
1430 1308 1808 1375 SllSpiCilllllll';
1860 1305 1953 1360 sed

360 1420 474 1467 eos,
526 1404 614 1473 qui
649 1404 698 1457 111
739 1402 1085 1472 dignitatibus
1114 1411 1169 1455 et
1213 1401 1265 1453 in
1312 1400 1650 1467 magistratu,
1700 1398 1788 1466 qui
1842 1411 1953 1450 rem

359 1494 502 1548 illaut
546 1496 855 1553 existimant
900 1476 1244 1560 prieclaram,
1282 1488 1651 1558 pllilOSOplltlS,
1685 1496 1951 1550 oratores,

359 1588 654 1654 sciittores
687 1602 699 1637 :
746 1601 866 1637 nam
914 1584 964 1635 hi
1004 1604 1016 1633 θ
1082 1606 1144 1650 ,ης
1178 1582 1512 1651 imperabant
1550 1589 1603 1633 et
1644 1581 1955 1648 plerumque

359 1676 542 1743 populi
575 1674 824 1728 ductores
865 1683 1038 1727 erant.
1071 1672 1239 1740 Hujus
1268 1682 1444 1725 autem
1473 1670 1651 1724 sa-euli
1688 1670 1956 1740 principes

365 1766 607 1827 vocavit,
641 1766 761 1835 quia
798 1764 1033 1833 ipsorum
1079 1763 1360 1831 1mperium
1408 1776 1512 1815 non
1545 1762 1681 1815 ultra
1723 1772 1958 1829 praesens

363 1856 616 1911 stccnlum
661 1855 944 1925 procedit:
978 1854 1330 1921 qmmobrem
1377 1851 1691 1921 subjunxit:
1729 1850 1828 1916 Qui
1874 1850 1959 1901 tle-

360 1959 651 2010 slruuntur;
683 1961 746 2000 cx
778 1962 834 1999 re
861 1946 970 2013 ipsa
1000 1946 1143 1998 illam
1168 1941 1452 1998 confutans
1481 1950 1532 1996 et
1562 1957 1622 1994 ex
1656 1940 1718 1992 iis
1748 1940 1835 2008 qui
1871 1939 1956 1992 illa

364 2050 604 2092 utuntur.
649 2037 781 2093 Cum
815 2030 1142 2090 ostendisset
1179 2036 1320 2088 enim
1354 2034 1497 2085 illam
1533 2031 1717 2084 falsam
1756 2044 1876 2083 esse
1905 2040 1957 2082 et

364 2134 579 2186 stultam
603 2173 616 2196 ,
648 2141 703 2186 ct
737 2129 868 2184 nihil
898 2128 1140 2183 invenire
1173 2142 1326 2194 posse
1350 2167 1363 2189 ,
1400 2125 1771 2189 iniirtnamque
1798 2135 1959 2176 esse:

364 2226 600 2279 ostendit
634 2226 796 2279 etiam
844 2238 1009 2291 parvo
1038 2233 1287 2288 tempore
1311 2219 1628 2273 consistere.
1665 2216 1771 2271 Sed
1797 2216 1959 2285 loqui—

364 2333 479 2367 mur
513 2314 602 2367 Dei
631 2314 935 2379 sapientiam
965 2312 1017 2365 in
1045 2310 1299 2380 mysterio.
1330 2308 1387 2362 111
1416 2321 1523 2377 quo
1548 2304 1844 2376 mysterio?
1869 2305 1961 2357 At-

364 2409 452 2476 qui
490 2406 617 2460 dicit
650 2404 895 2460 Christus
928 2423 939 2457 :
977 2404 1127 2470 Quod
1162 2403 1213 2455 in
1254 2417 1377 2455 aure
1412 2399 1657 2461 audistis,
1693 2398 1964 2467 praedicata

367 2514 517 2566 super
547 2505 671 2550 tectu
702 2494 917 2566 (.ilatth.
944 2494 1030 2548 i0.
1054 2493 1166 2562 27).
1192 2491 1473 2559 Quomodo
1496 2505 1623 2560 ergo
1648 2490 1791 2543 illam
1810 2497 1964 2541 vocat

369 2588 721 2659 mysterium?
749 2584 881 2652 Quia
914 2600 1088 2655 neque
1115 2584 1339 2654 angelus
1370 2597 1544 2650 neque
1573 2579 1927 2647 archangelus
1947 2619 1960 2641 ,

370 2695 541 2749 neque
566 2680 667 2732 ulla
692 2687 868 2732 creata
896 2684 1131 2745 potestas
1158 2675 1208 2728 id
1233 2684 1453 2727 noverat
1479 2680 1765 2741 antequam
1791 2669 1960 2723 fieret.

369 2772 494 2826 ideo
525 2772 618 2833 ait,
655 2768 719 2822 Ut
752 2770 1033 2820 innotescat
1062 2783 1194 2819 nunc
1224 2764 1595 2835 principatibus
1623 2772 1667 2816 et
1702 2762 1962 2831 potestati-

370 2867 461 2919 bus
501 2867 553 2918 in
582 2862 864 2918 ca'lestibus
903 2878 994 2930 per
1037 2861 1317 2916 Ecclesium
1362 2858 1685 2931 multiformis
1717 2855 1965 2924 sapientia

378 2956 473 3010 Dei
502 2952 721 3025 (Ep/tes.
756 2954 807 3007 5.
842 2952 953 3019 10).
988 2951 1097 3005 lloc
1124 2960 1301 3006 autem
1335 2948 1462 3004 fecit
1493 2949 1631 3002 Deus
1664 2962 1758 3001 nos
1792 2946 1965 3000 hono-

376 3062 522 3109 rans,
555 3044 918 3099 ut’nobiscum
948 3042 1199 3101 audirent
1232 3040 1507 3111 mysteria.
1542 3039 1673 3093 Nam
1709 3052 1805 3093 nos
1834 3051 1965 3107 quo-

373 3154 480 3207 que
509 3136 606 3200 eis,
641 3148 775 3205 quos
808 3133 960 3188 nobis
988 3133 1271 3188 fecerimus
1301 3132 1523 3196 amicos,
1559 3132 1659 3184 hoc
1685 3144 1969 3199 argumen-

374 3238 487 3283 tum
513 3228 743 3281 dicimus
762 3240 882 3282 csse
902 3225 1151 3281 amicitiae
1178 3234 1399 3289 nostrm,
1429 3222 1572 3293 quod
1595 3221 1795 3277 nemini
1824 3221 1971 3290 prius

374 3335 535 3389 quam
563 3319 692 3388 ipsis
718 3326 922 3374 secreta
955 3317 1279 3373 revelemus.
1311 3314 1544 3370 Audiant
1563 3316 1609 3373 ii
1638 3315 1727 3384 qui
1775 3313 1969 3382 11110111-

374 3411 646 3466 cationem
699 3408 1026 3476 traducunt,
1093 3408 1448 3477 omnibusque
1507 3405 1970 3460 imliscriminatim

376 3500 695 3571 margaritas
728 3509 783 3553 et
823 3500 1014 3569 dogma
1043 3499 1320 3553 enuntiant
1350 3506 1405 3552 et
1446 3506 1629 3552 sancta
1670 3495 1892 3550 canibus
1918 3501 1972 3547 ct

376 3594 556 3665 porcis
584 3591 976 3663 superflnisque
1006 3590 1299 3646 ratiociniis
1331 3588 1638 3660 projiciuut.
1663 3587 1972 3657 Mysterium

336 3686 342 3692 ”
382 3702 611 3757 namque
660 3684 977 3756 probatione
1021 3700 1156 3755 opus
1206 3698 1312 3739 non
1362 3682 1559 3749 habet;
1591 3680 1686 3736 sed
1730 3681 1779 3735 id
1833 3678 1974 3749 quod

384 3790 467 3832 est
516 3782 885 3832 annuntiatur.
941 3776 1154 3832 Etenim
1210 3791 1316 3829 non
1370 3774 1475 3830 erit
1527 3782 1699 3828 totum
1770 3780 1973 3843 myste-

384 3870 522 3921 rium
575 3868 856 3930 divinum,
900 3881 1021 3921 cum
1075 3881 1103 3919 a
1152 3874 1203 3920 te
1264 3865 1380 3935 ipso
1435 3863 1632 3934 aliquid
1683 3862 1973 3917 addideris.

385 3958 632 4026 Alioquin
661 3972 790 4012 vero
820 3958 1136 4029 mysterium
1173 3966 1417 4019 vocatur,
1446 3956 1569 4025 quia
1608 3970 1712 4009 non
1755 3969 1873 4023 qua:
1903 3953 1979 4007 vi-

383 4048 597 4112 demus,
625 4047 932 4115 credimus,
957 4046 1051 4103 scd
1095 4047 1199 4101 alia
1239 4046 1506 4109 videmus,
1529 4046 1633 4099 alia
1682 4046 1975 4099 credimus.

385 4138 529 4191 'l‘alis
575 4150 807 4205 namque
851 4146 935 4191 est
977 4139 1358 4208 mysteriorum
1410 4148 1719 4191 nostrorum
1767 4146 1979 4191 natura.

390 4229 509 4283 Alio
538 4230 699 4300 igitur
729 4227 890 4282 modo
917 4243 1045 4296 ego,
1089 4239 1143 4283 ct
1179 4230 1285 4283 alio
1323 4226 1559 4284 infidelis
1589 4230 1731 4284 circa
1763 4230 1879 4283 11100
1905 4228 1983 4282 al-

392 4314 514 4371 fecti
542 4334 746 4372 sumus.
782 4312 958 4372 Atidio
983 4331 1103 4386 ego,
1134 4316 1279 4385 quod
1304 4317 1592 4372 crucifixus
1616 4319 1687 4370 sit
1711 4318 1980 4381 Christus,

390 4419 448 4467 et
478 4410 594 4478 eJUs
620 4424 743 4478 erga
772 4410 1018 4465 homines
1054 4422 1292 4463 amorem
1325 4408 1503 4463 statim
1540 4407 1810 4470 admiror;
1839 4406 1986 4460 audit

392 4503 483 4557 ille
503 4544 517 4568 ,
551 4508 607 4555 ct
646 4499 1066 4557 imbecillitatem
1096 4511 1245 4573 putat
1273 4519 1286 4554 :
1320 4500 1479 4555 audio
1508 4499 1651 4570 quod
1683 4512 1871 4554 servus
1910 4499 1986 4551 fa-

393 4602 512 4648 ctus
539 4591 629 4657 sit,
656 4598 711 4644 01
743 4592 1129 4659 provutentiam
1158 4592 1428 4657 admiror;
1455 4591 1603 4646 audit
1633 4590 1724 4645 ille
1744 4598 1799 4645 et
1821 4587 1987 4643 dede-

390 4700 487 4740 cus
509 4700 628 4740 esse
648 4693 802 4755 putat
827 4701 840 4737 :
865 4682 1025 4736 audio
1045 4683 1187 4751 quod
1210 4692 1453 4739 mortuus
1474 4686 1563 4748 sit,
1586 4686 1725 4739 etde
1751 4682 1983 4753 potentia

393 4779 510 4843 ejus
554 4778 910 4846 obstupesco,
960 4775 1105 4845 quod
1142 4790 1171 4827 a
1212 4785 1385 4829 morte
1417 4792 1522 4830 non
1554 4786 1837 4846 superatus
1879 4777 1983 4841 sit,

393 4872 502 4922 imo
529 4870 689 4922 etiam
719 4877 944 4923 mortem
972 4866 1306 4931 dissolverit;
1336 4866 1484 4920 audit
1512 4868 1602 4923 ille
1623 4910 1635 4931 ,
1664 4878 1716 4924 et
1743 4869 1986 4923 imbecil-

395 4961 601 5014 litatem
647 4958 969 5024 SuSpicatur.
1016 4959 1145 5025 Cum
1188 4958 1335 5012 audit
1372 4958 1462 5013 ille
1492 4957 1944 5011 resurrectionem
1969 4998 1984 5021 ,

394 5052 631 5105 fabulam
664 5064 785 5105 esse
814 5058 963 5118 putat
989 5067 1002 5112 ;
1034 5065 1132 5117 ego
1165 5065 1294 5104 vero
1319 5061 1435 5120 post
1462 5058 1714 5119 acceptas
1740 5062 1805 5102 ex
1828 5048 1990 5102 rebus

394 5142 525 5211 ipsis
551 5140 1058 5201 demonstrationes,
1095 5140 1184 5192 Bci
1222 5143 1576 5196 oeconomiam
1603 5139 1792 5195 adoro.
1825 5137 1992 5191 Lava-

397 5246 549 5285 crum
593 5232 816 5286 audiens
862 5230 986 5298 ille,
1033 5245 1224 5299 aquam
1270 5240 1472 5287 tantum
1519 5248 1640 5288 esse
1678 5239 1856 5302 putat;
1891 5241 1991 5299 ego

398 5339 526 5376 vero
558 5336 661 5375 non
688 5321 828 5391 quod
858 5323 1066 5377 videtur
1090 5321 1265 5376 solum
1290 5324 1514 5392 aspicio,
1546 5324 1641 5378 sed
1662 5323 1822 5380 etiam
1852 5323 1993 5387 .guri-

401 5412 703 5467 ticationem
733 5412 925 5466 animae
952 5430 1047 5482 per
1076 5413 1352 5481 Spiritum.
1386 5412 1665 5469 Existimat
1691 5416 1780 5470 ille
1816 5420 1989 5470 solum

402 5502 532 5556 mihi
555 5503 793 5557 ablutum
827 5517 945 5556 esse
971 5521 1013 5555 L‘t
1041 5520 1197 5572 epos;
1232 5520 1331 5575 ego
1360 5513 1536 5558 autem
1564 5507 1725 5561 credo
1756 5506 1990 5561 animant

397 5609 611 5662 quoque
640 5608 825 5663 puram
854 5602 908 5648 et
934 5603 1172 5648 sanctam
1203 5595 1395 5650 factam
1438 5610 1557 5651 esse
1576 5639 1591 5662 ,
1625 5606 1677 5653 ct
1704 5602 1879 5667 cogito
1908 5613 1987 5651 se.

402 5684 666 5753 pulcrum,
688 5684 1157 5753 resurrecdoncm,
1181 5686 1681 5760 sanctiﬁcationem,
1703 5691 1983 5762 jusntiam,

2070 397 2493 466 redemptionem
2520 442 2534 464 ,
2584 400 2927 469 adoptionem
2950 445 2962 465 ,
2999 403 3349 460 hereditatem
3372 449 3387 469 ,
3434 424 3652 479 regnum

2063 486 2352 554 (ηπ-10111111,
2380 489 2562 543 datum
2596 490 2874 561 Spiritum.
2909 492 3022 548 Non
3050 496 3190 548 enim
3232 514 3294 551 ea
3336 500 3448 552 visu
3474 500 3657 567 judico

2063 578 2149 632 illa
2179 595 2298 651 qtae
2325 594 2616 665 apparent,
2660 584 2755 639 sed
2794 587 2989 640 mentis
3024 590 3213 642 oculis.
3258 592 3430 644 Audio
3460 608 3654 660 corpus

2060 669 2297 737 Christi;
2332 673 2490 728 aliter
2520 689 2621 744 ego
2663 675 2863 729 dictum
2898 677 3167 747 intelligo,
3215 680 3369 734 aliter
3399 681 3655 737 inﬁdelis.

2133 763 2187 815 9..
2219 766 2295 818 Ac
2326 766 2781 835 quemadmodum
2822 770 2971 837 pueri
3017 771 3184 826 libros
3215 771 3487 837 videntes,
3537 775 3646 829 lite-

2064 867 2243 907 rarum
2279 855 2387 908 vim
2422 845 2526 910 non
2556 859 2768 923 sciunt,
2802 875 2900 914 nec
2942 875 3003 914 ea
3049 872 3248 915 norunt
3284 878 3403 930 qum
3436 864 3656 927 vident;

2064 944 2172 998 imo
2199 960 2327 1000 vero
2348 946 2392 1000 si
2421 947 2503 1001 vir
2527 947 2802 1003 literarum
2832 952 3111 1020 imperitus
3132 952 3234 1017 sit,
3269 952 3369 1007 hoc
3403 952 3525 1006 item
3558 954 3654 1018 ipsi

2065 1039 2316 1104 eveniet;
2350 1039 2438 1108 qui
2465 1054 2591 1094 vero
2618 1043 2824 1108 peritus
2852 1054 2957 1108 est,
2992 1045 3211 1098 multam
3243 1046 3413 1100 literis
3444 1046 3654 1099 insitam

2064 1129 2169 1182 vim
2204 1130 2469 1198 inveniet,
2504 1133 2643 1186 vitas
2674 1133 2911 1203 integras
2940 1145 3009 1190 «et
3055 1135 3340 1191 historias:
3373 1147 3424 1193 et
3454 1140 3673 1205 episto-'

2066 1221 2169 1275 lam
2220 1223 2497 1297 imperitus
2545 1226 2851 1296 accipiens,
2901 1227 3141 1282 chartam
3191 1244 3311 1283 esse
3358 1231 3561 1299 putabit
3604 1240 3661 1284 et

2063 1326 2459 1382 atramentum;
2494 1321 2697 1388 peritus
2731 1336 2860 1375 vero
2892 1332 2943 1378 et
2984 1338 3172 1378 vocem
3204 1324 3418 1392 audiet,
3453 1334 3505 1377 et
3534 1342 3657 1381 cum

2062 1406 2284 1463 absente
2314 1408 2575 1477 disseret,
2608 1422 2663 1467 et
2688 1414 2826 1483 quod
2860 1414 3086 1470 voluerit
3117 1431 3300 1469 rursus
3343 1431 3436 1485 per
3478 1417 3660 1471 literas

2064 1498 2206 1554 dicet
2232 1517 2244 1554 :
2274 1499 2342 1554 ita
2371 1500 2533 1556 etiam
2567 1502 2617 1557 in
2648 1506 2901 1574 mysterio
2924 1508 3104 1560 evenit
3132 1524 3145 1559 :
3180 1506 3418 1561 infideles
3443 1508 3659 1577 quidem

2062 1592 2272 1646 etiamsi
2313 1594 2563 1660 audiant,
2595 1597 2781 1651 audire
2827 1612 2933 1652 non
2962 1599 3238 1663 videntur;
3274 1600 3456 1655 tideles
3481 1609 3659 1655 autem

2063 1683 2152 1751 qui
2194 1698 2289 1751 per
2318 1681 2577 1750 Spiritum
2610 1685 2859 1752 peritiam
2900 1687 3133 1749 habent,
3179 1689 3284 1740 vim
3328 1690 3661 1745 reconditam

2065 1773 2267 1828 vident.
2304 1774 2414 1830 lloc
2461 1776 2620 1845 igitur
2664 1777 2946 1831 declarans
2988 1778 3180 1832 Paulus
3221 1778 3460 1844 dieebat,
3513 1782 3661 1846 Quod

2065 1882 2197 1919 nunc
2221 1884 2419 1936 quoque
2443 1870 2509 1922 sit
2538 1869 2888 1923 absconditum
2916 1870 3053 1936 quod
3080 1872 3388 1937 prmdicotur
3409 1888 3425 1923 :
3453 1889 3665 1938 pereun-

2064 1960 2193 2013 tilnts
2236 1963 2402 2027 enim,
2450 1962 2651 2030 inquit,
2700 1974 2769 2016 est
2810 1963 3155 2017 absconditum
3202 1964 3289 2034 (9..
3324 1965 3441 2017 Cor.
3483 1965 3534 2019 4.
3573 1967 3655 2031 5).

2066 2050 2316 2118 Alioquin
2340 2061 2520 2105 autem
2548 2053 2981 2120 praulieationem
3010 2056 3378 2111 admirabilem
3404 2057 3659 2112 ostendit.

2069 2138 2139 2192 Ita
2172 2141 2308 2194 Solet
2350 2156 2543 2195 vocare
2571 2142 2842 2212 Scriptura
2889 2145 3006 2208 illa,
3053 2161 3171 2215 qum
3215 2157 3407 2215 pra-ter
3432 2162 3579 2216 spem
3609 2156 3666 2201 et

2068 2245 2230 2299 Supra
2261 2242 2495 2285 mentem
2533 2236 2816 2288 humanam
2845 2247 2987 2289 sunt.
3026 2236 3149 2291 ideo
3177 2237 3303 2290 alibi
3347 2253 3559 2307 quoque
3584 2238 3667 2293 di-

2067 2322 2159 2384 cit,
2195 2322 2491 2392 Mystcrium
2520 2341 2684 2377 meum
2714 2327 2835 2377 milii
2863 2336 2908 2378 et
2937 2329 3057 2379 meis
3085 2328 3187 2394 (Is.
3217 2327 3305 2380 ‘24.
3341 2329 3429 2395 7);
3463 2338 3516 2381 et
3542 2343 3664 2382 rur-

2070 2426 2183 2464 Stltn
2216 2413 2409 2465 Paulus
2441 2430 2451 2461 :
2489 2412 2618 2466 Ecce
2646 2416 2936 2483 mysterium
2980 2417 3114 2468 vobis
3159 2416 3271 2468 dico
3304 2432 3320 2469 :
3350 2433 3520 2469 omnes
3549 2418 3665 2486 qui-

2069 2505 2181 2555 dem
2206 2518 2305 2555 non
2328 2503 2653 2570 dormiamus,
2679 2522 2848 2558 omnes
2869 2515 3033 2559 autem
3056 2506 3432 2559 intmutabintur
3450 2508 3465 2572 (
3480 2509 3496 2560 l
3514 2548 3524 2558 .
3544 2507 3662 2560 Cor.

2074 2594 2158 2649 15.
2192 2595 2305 2663 51).
2340 2594 2447 2647 Etsi
2480 2612 2640 2665 porro
2669 2598 2863 2667 ubique.
2895 2598 3232 2664 prmdleatur,
3261 2599 3420 2652 etiam
3445 2599 3523 2652 sic
3552 2614 3669 2669 my-

2072 2684 2293 2738 sterium
2341 2696 2442 2739 est.
2478 2685 2691 2739 Etenim
2740 2698 2791 2741 ut
2817 2688 2952 2755 jussi
3000 2703 3220 2752 smnus,
3264 2687 3406 2756 quod
3448 2689 3498 2741 in
3538 2703 3668 2742 aure

2070 2776 2373 2831 audivimus
2418 2778 2711 2846 prtedicarc
2753 2795 2915 2847 super
2958 2788 3092 2833 tecta
3131 2799 3142 2831 :
3186 2779 3263 2832 sic
3301 2780 3434 2846 jussi
3482 2794 3669 2833 smnus

2073 2878 2255 2920 sancta
2289 2883 2393 2920 11011
2423 2868 2552 2921 dare
2582 2869 2823 2941 canibus,
2858 2884 3030 2937 neque
3065 2870 3323 2937 projicere
3352 2872 3668 2937 margaritas

2072 2967 2198 3012 ante
2247 2974 2462 3027 porcos.
2494 2958 2626 3012 Nam
2656 2961 2742 3016 alii
2786 2970 2907 3014 Sunt
2935 2960 3194 3015 animales
3217 3003 3229 3023 ,
3259 2972 3313 3014 et
3340 2974 3445 3014 non
3477 2959 3668 3014 intelli-

2072 3058 2229 3119 gunt;
2260 3050 2352 3102 alii
2383 3049 2623 3104 velamen
2653 3050 2851 3105 habent
2875 3066 2969 3106 cor
2993 3066 3150 3106 suum
3178 3052 3455 3121 obtegens,
3486 3062 3539 3106 et
3563 3066 3667 3106 non

2076 3140 2275 3195 vident.
2309 3142 2449 3211 Ergo
2477 3144 2789 3212 mysterium
2822 3143 2952 3197 illud
2989 3154 3069 3198 est
3096 3144 3351 3208 maxime,
3381 3142 3521 3212 quod
3550 3144 3670 3212 qui-

2076 3229 2198 3284 dem
2224 3231 2438 3300 ,nbique
2483 3232 2822 3298 przedicatur,
2857 3247 2961 3286 non
3007 3234 3349 3301 cognoscitur
3384 3241 3561 3287 autem
3604 3233 3672 3287 ab

2079 3321 2142 3373 iis
2172 3320 2260 3389 qui
2304 3330 2502 3375 rectam
2533 3337 2639 3375 non
2670 3321 2867 3376 habent
2897 3333 3166 3387 mentem;
3205 3321 3469 3377 revclatur
3495 3331 3671 3377 autem

2072 3412 2184 3463 non
2213 3426 2242 3463 a
2272 3412 2529 3480 sapientia
2553 3453 2567 3475 ,
2609 3412 2702 3466 sed
2731 3427 2760 3466 a
2789 3412 2990 3481 Spiritu
3034 3421 3253 3479 sancto,
3286 3422 3542 3483 quantum
3576 3427 3674 3467 nos

2080 3504 2363 3571 possumus
2387 3504 2654 3571 accipere.
2685 3504 3047 3569 Quamobrem
3075 3518 3184 3558 non
3218 3503 3550 3559 aberraverit
3571 3544 3586 3568 ,
3628 3504 3673 3557 si

2080 3596 2199 3663 quis
2227 3596 2388 3649 etiam
2418 3594 2717 3650 secundum
2749 3595 2850 3649 hoc
2880 3607 3195 3666 myStcrtum
3218 3595 3564 3666 appellaverit
3584 3611 3677 3651 ar-

2080 3699 2312 3751 canum;
2345 3701 2517 3755 neque
2547 3687 2691 3740 enim
2722 3687 2877 3741 nobis
2907 3685 3152 3742 fidelibus
3177 3686 3372 3741 tradita
3399 3687 3495 3740 fuit
3522 3686 3678 3757 plena

2081 3772 2198 3845 ejus
2227 3777 2498 3846 perceptio
2522 3788 2577 3833 et
2596 3772 2845 3833 accurata
2876 3779 3084 3833 notitia.
3109 3779 3446 3848 Quapropter
3468 3777 3682 3836 dicebat

2086 3871 2316 3933 Paulus,
2365 3870 2445 3924 Ea:
2477 3882 2619 3940 parte
2659 3872 3007 3939 cognoscimus
3046 3880 3091 3924 et
3132 3887 3194 3925 ea:
3230 3880 3375 3941 parte
3401 3871 3679 3941 propheta-

2084 3978 2215 4015 mus.
2255 3960 2496 4015 Videmus
2522 3963 2654 4016 enim
2682 3978 2814 4015 nunc
2854 3979 2943 4031 per
2970 3962 3229 4031 speculum
3252 3961 3398 4031 quasi
3441 3962 3494 4013 in
3520 3961 3683 4030 amig-

2086 4062 2237 4117 mate,
2287 4063 2405 4105 tunc
2450 4063 2617 4106 autem
2649 4053 2781 4121 facie
2804 4054 2872 4105 ad
2902 4053 3082 4120 faciem
3110 4054 3189 4122 (l.
3210 4052 3329 4105 Cor.
3361 4052 3449 4106 15.
3478 4052 3531 4107 9.
3566 4051 3679 4119 12).

2087 4142 2210 4217 Ideo
2244 4141 2408 4207 dicit,
2439 4140 2720 4212 Loquimur
2749 4143 3051 4213 sapientium
3079 4144 3128 4194 in
3158 4141 3549 4211 mgstcrio,quaz
3565 4138 3682 4190 abs-

2088 4232 2303 4288 condita
2356 4242 2467 4300 est,
2499 4250 2653 4302 quam
2682 4233 3055 4302 praedestinavit
3092 4232 3232 4287 Deus
3274 4242 3391 4285 ante
3416 4230 3606 4284 sascula
3630 4229 3683 4280 in

2103 4332 2331 4398 gloriam
2352 4337 2609 4382 nostram.
2642 4325 3035 4385 Absconditam,
3060 4322 3228 4379 idest,
3253 4318 3395 4369 nulla
3419 4330 3483 4369 ex
3508 4325 3693 4379 super-

2106 4418 2191 4473 nis
2212 4417 2566 4488 potestatibus
2584 4424 2711 4469 ante
2726 4430 2826 4469 nos
2846 4410 3064 4473 didicit;
3088 4409 3170 4460 vt-l
3188 4405 3330 4474 quod
3355 4418 3531 4471 neque
3552 4398 3693 4454 mul-

2093 4503 2129 4556 ti
2160 4514 2300 4556 nunc
2328 4512 2561 4558 norunt:
2594 4499 2698 4555 1100
2740 4500 2883 4554 0111111
2924 4498 3228 4553 declaratur
3264 4513 3330 4551 ex
3374 4498 3489 4563 illo,
3522 4496 3687 4562 Quam

2092 4593 2471 4665 pra'destinavit
2517 4592 2570 4646 in
2618 4591 2836 4662 gloriam
2878 4599 3101 4645 nostram
3128 4606 3147 4643 :
3188 4603 3511 4659 quamquam
3561 4588 3688 4641 alibi

2091 4688 2253 4753 dicat,
2279 4686 2346 4741 In
2373 4687 2591 4757 gloriam
2618 4704 2761 4741 suam
2788 4684 3007 4755 (Epltes.
3033 4684 3084 4738 1.
3112 4682 3224 4751 12).
3250 4682 3411 4737 Suam
3430 4682 3573 4735 enim
3604 4696 3689 4735 re-

2094 4788 2239 4849 putat
2268 4779 2492 4849 gloriam
2516 4779 2741 4833 salutem
2762 4788 3034 4840 nostram;
3066 4785 3125 4829 ut
3149 4774 3309 4829 etiam
3333 4772 3543 4827 divitias
3564 4786 3688 4827 suas

2093 4877 2283 4933 vocat,
2320 4868 2529 4922 etiamsi
2555 4869 2671 4938 ipse
2700 4868 2769 4921 sit
2796 4867 3055 4937 bonorum
3084 4862 3314 4927 divitiaa,
3340 4871 3396 4916 et
3426 4863 3573 4917 nullo
3603 4864 3686 4916 iu-

2093 4958 2273 5025 digeat
2312 4969 2368 5011 ut
2393 4960 2461 5011 sit
2490 4958 2660 5017 dives.
2696 4953 3115 5017 I’ra‘deslinavil,
3150 4952 3349 5023 inquit,
3381 4966 3533 5010 suam
3564 4968 3690 5023 erga

2096 5062 2194 5101 nos
2223 5048 2613 5117 providentiam
2643 5047 2904 5101 indicans.
2931 5045 3007 5098 Illi
3034 5043 3175 5098 enim
3207 5045 3445 5109 maxime
3467 5060 3565 5101 nos
3594 5044 3691 5100 ho-

2098 5157 2287 5196 norare
2314 5150 2367 5198 et
2386 5157 2569 5197 amare
2591 5142 2987 5203 existimantur,
3018 5138 3105 5209 qui
3136 5138 3289 5195 nobis
3307 5155 3338 5195 a
3367 5140 3527 5211 longo
3558 5150 3692 5193 tem-

2100 5246 2225 5299 pore
2257 5235 2391 5288 bona
2435 5233 2681 5288 conferre
2712 5229 2883 5300 parati
2921 5239 3079 5295 sunt,
3111 5230 3164 5286 id
3189 5232 3332 5302 quod
3365 5231 3563 5285 faciunt
3594 5244 3691 5297 pa—

2098 5333 2278 5379 rentes
2310 5325 2469 5379 filiis:
2504 5324 2704 5379 etenim
2748 5322 2791 5376 si
2825 5329 3097 5391 postremo
3140 5322 3270 5378 dant
3312 5321 3603 5391 pecunias,
3639 5318 3692 5372 id

2094 5416 2299 5485 jamdiu
2341 5426 2393 5470 et
2426 5417 2493 5471 ab
2520 5416 2671 5471 initio
2713 5414 3060 5483 praemeditati
3093 5415 3323 5470 fuerant.
3354 5412 3464 5465 lloc
3496 5410 3690 5465 Paulus

2100 5524 2239 5564 nunc
2277 5522 2501 5565 conetur
2536 5507 2822 5562 ostendere
2846 5548 2860 5574 ,
2893 5510 3032 5577 quod
3076 5509 3219 5564 Deus
3253 5519 3352 5559 nos
3395 5517 3607 5571 semper
3638 5514 3692 5557 et

2097 5602 2207 5672 jam
2233 5604 2360 5658 olim
2389 5602 2678 5665 amaverit,
2710 5614 2831 5656 cum
2869 5602 3109 5656 nondum
3152 5598 3260 5652 nati
3289 5610 3550 5651 essemus.
3580 5594 3692 5649 Nisi

2104 5695 2248 5753 enim
2284 5704 2553 5764 amasset,
2600 5692 2809 5751 divitias
2850 5695 3003 5752 nobis
3043 5707 3151 5751 non
3180 5686 3690 5764 pmdcstinavissct.
