4018 6208
187 350 244 400 π
1139 326 1149 336 ·
1240 323 1306 380 lN
1345 319 1559 380 EPIST.
1603 318 1622 372 ι
1685 316 1776 372 AD
1816 312 1967 370 con.
2013 313 2237 374 nontL.
2266 318 2374 377 vn.
3401 335 3471 389 se

180 464 252 519 Ne
274 473 402 530 ergo
421 454 619 526 cogites
640 465 756 506 eam
778 462 896 520 quae
922 441 1226 500 intercessit
1250 435 1583 494 inimicitiam
1605 448 1619 498 ;
1651 437 1768 485 crat

181 527 452 610 cuim'illa
483 546 753 615 antiquior
782 538 1038 594 amicitia.
1073 533 1203 589 Illud
1242 541 1419 586 autem
1443 568 1457 592 ,
1499 527 1628 579 Ante
1667 537 1766 575 sae-

178 646 322 708 cula,
355 648 612 695 teternum
651 636 751 690 sibi
794 633 908 687 vult
937 649 950 685 :
981 645 1102 684 nam
1140 636 1194 682 et
1223 623 1348 680 alibi
1379 623 1448 674 ita
1489 617 1764 708 loquitur:

185 733 280 799 Qui
307 740 379 786 est
405 739 524 782 ante
552 725 758 780 swcula.
799 721 1104 778 Invenietur
1133 729 1260 786 ergo
1300 713 1461 768 etiam
1500 707 1664 762 Filius
1694 705 1772 758 sic

181 797 412 878 aitcrnus
443 834 584 874 esse.
614 816 747 872 Nam
781 815 847 868 de
876 814 992 882 ipso
1017 809 1168 872 dicit,
1201 804 1340 877 quod
1366 818 1459 872 per
1491 801 1663 870 ipsum
1693 797 1770 850 fe-

181 919 311 974 cerit
336 914 530 969 saecula
561 911 748 984 (Hebr.
779 910 828 962 1.
859 906 941 975 2),
970 901 1111 975 quod
1136 908 1217 956 est
1244 906 1367 951 ante
1391 893 1585 948 smcula
1612 905 1730 945 esse
1757 907 1768 941 :

181 1009 267 1079 qui
299 1007 422 1062 fecit
447 981 615 1070 enim,
645 1009 763 1054 ante
793 1000 879 1052 illa
905 1012 1023 1068 qua:
1052 994 1187 1048 facta
1209 998 1333 1045 sunt
1360 995 1494 1042 erat.
1519 985 1571 1039 8.
1609 981 1774 1049 Quam

183 1117 325 1155 nemo
371 1100 662 1168 priuetpum
705 1094 857 1163 Itujus
904 1088 1078 1146 steculi
1117 1082 1392 1155 cognorit:
1421 1080 1464 1132 si
1506 1077 1640 1132 enim
1685 1092 1773 1128 co-

183 1192 486 1264 gnovissent,
529 1201 805 1258 numquam
849 1181 1126 1236 Dominum
1168 1175 1345 1246 gloria:
1382 1169 1772 1232 cmeiﬁxissent.

184 1284 341 1350 Atqui
381 1297 450 1336 ne
488 1257 816 1334 accusationi
861 1271 1078 1342 quidem
1122 1273 1273 1321 erant
1304 1261 1558 1326 obnoxii,
1605 1257 1775 1328 siqui-

185 1371 305 1423 dem
343 1386 406 1422 cx
455 1365 765 1438 ignorantia
802 1359 1213 1416 crucifixerunt.
1249 1353 1304 1408 Si
1331 1363 1509 1407 autem
1536 1365 1642 1405 nou
1671 1365 1769 1404 co-

184 1469 512 1532 gnoverunt,
532 1455 805 1528 quomodo
834 1451 1047 1507 dicebat
1083 1466 1094 1500 :
1129 1446 1194 1498 Et
1225 1463 1304 1499 me
1334 1445 1520 1508 nostis,
1553 1452 1599 1497 et
1632 1440 1766 1494 unde

179 1561 277 1613 sim
309 1557 463 1610 nostis
501 1553 689 1624 (Joan.
723 1551 775 1604 7.
808 1546 945 1618 28)?
979 1546 1051 1598 De
1088 1543 1256 1597 Pilato
1284 1540 1426 1595 enim
1463 1536 1593 1591 dicit
1635 1533 1778 1590 Scri-

183 1658 336 1714 ptura
361 1687 374 1708 ,
406 1643 547 1714 quod
589 1655 697 1694 non
741 1638 984 1698 noverit;
1019 1630 1309 1688 verisimile
1350 1637 1528 1682 autem
1569 1631 1652 1678 est
1681 1637 1777 1676 nec

181 1735 450 1792 Ilerodem
492 1733 729 1787 novisse.
763 1729 869 1783 llos
898 1725 1096 1780 dixerit
1126 1721 1392 1792 quispiam
1425 1717 1603 1772 Vocari
1629 1716 1774 1785 prin-

182 1831 331 1898 cipes
358 1826 514 1895 hujus
535 1822 742 1880 smculi.
777 1819 929 1887 Quod
959 1817 1000 1872 si
1031 1816 1099 1870 de
1125 1813 1322 1868 Judmis
1351 1820 1403 1864 et
1432 1810 1496 1863 de
1522 1805 1777 1862 sacerdo-

185 1927 328 1977 tibus
358 1921 554 1975 dixerit
579 1917 844 1989 quispiam
874 1914 987 1967 iure
1011 1908 1257 1978 intelligi,
1283 1922 1389 1961 non
1413 1902 1739 1960 aberraverit
1764 1915 1776 1962 ;

184 2032 309 2071 nam
341 2016 443 2068 illis
470 2026 683 2082 quoilue
713 2009 842 2063 dicit
868 2025 879 2058 :
917 2004 1030 2060 Nec
1057 2020 1135 2056 me
1162 2002 1349 2065 nostis,
1384 2015 1542 2066 neque
1576 1995 1779 2048 Patrem

183 2125 348 2162 meum
385 2106 402 2175 (
433 2104 521 2157 Id.
553 2104 607 2158 8.
642 2101 777 2171 19).
816 2095 1096 2166 Quomodo
1131 2109 1260 2161 ergo
1301 2091 1546 2160 superius
1609 2087 1778 2153 dixit,

185 2201 251 2255 Et
281 2217 357 2252 me
396 2197 572 2260 nostis,
599 2204 647 2248 et
687 2193 820 2246 unde
856 2192 951 2244 sim
982 2185 1182 2241 nostis?
1208 2185 1311 2240 Sed
1344 2184 1463 2252 quis
1493 2182 1562 2235 sit
1590 2179 1780 2233 modus

183 2291 344 2358 hujus
370 2299 425 2343 et
461 2287 600 2341 illius
627 2281 893 2345 lectionis,
931 2281 981 2332 in
1013 2275 1319 2344 Evangeliis
1346 2272 1547 2326 dictmn
1583 2277 1697 2333 est;
1727 2276 1778 2321 et

185 2356 269 2434 net
302 2377 431 2432 illqu
477 2374 810 2446 frequentius
853 2380 1161 2428 versemus,
1214 2378 1278 2417 eo
1328 2359 1652 2415 remittimus
1699 2356 1777 2410 le-

181 2482 382 2527 ctores.

253 2564 312 2618 5.
335 2559 470 2627 Quid
489 2558 642 2629 ergo?
664 2555 947 2611 remiSSnm
978 2561 1060 2606 est
1081 2549 1206 2612 illis,
1234 2546 1374 2617 quod
1399 2544 1540 2599 circa
1564 2556 1776 2598 crucem

182 2654 513 2709 admiserunt
533 2649 836 2722 peccatum?
855 2663 973 2700 nam
995 2643 1127 2698 dixit
1173 2640 1383 2694 Remitte
1401 2638 1526 2690 illis.
1544 2635 1601 2692 Si
1618 2632 1781 2705 νωιιί-

183 2745 406 2802 tcntiam
433 2752 656 2812 egerunt
682 2780 696 2806 ,
724 2739 1006 2792 remissum
1053 2744 1155 2787 est.
1200 2732 1333 2784 Nam
1361 2729 1451 2798 qui
1482 2725 1779 2782 innumeris

182 2836 431 2892 manibus
449 2831 776 2900 Stephanum
797 2826 1028 2895 impctiit
1042 2833 1095 2878 et
1109 2822 1405 2876 Ecclesium
1425 2826 1778 2888 persequutus

181 2940 266 2985 est
292 2972 307 2995 ,
335 2927 553 2989 Paulus,
587 2922 842 2978 Ecclesiae
876 2928 1131 2990 patronus
1162 2915 1334 2969 factus
1360 2923 1458 2969 est.
1503 2911 1590 2968 Sic
1618 2910 1780 2980 igitur

186 3020 353 3076 etiam
384 3017 491 3071 illis
534 3014 820 3071 remissum
861 3023 965 3073 est,
999 3009 1090 3078 qui
1115 3007 1384 3062 voluerint
1411 3003 1779 3075 paenitentiam

177 3127 375 3182 agere:
399 3110 540 3178 quod
563 3108 724 3163 etiam
751 3106 947 3160 Paulus
967 3105 1204 3157 clamans
1219 3099 1431 3152 dicebat
1455 3115 1466 3148 :
1488 3097 1615 3149 Dico
1639 3112 1776 3165 ergo,

181 3202 478 3270 Numquid
509 3199 863 3266 offenderunt,
900 3207 952 3249 ut
981 3194 1215 3246 caderent
1241 3191 1264 3242 ?
1296 3189 1434 3241 Absit
1463 3188 1654 3256 (Rom.
1690 3186 1776 3239 ll.

180 3298 245 3353 il
278 3297 321 3365 ).
344 3296 405 3348 Et
433 3294 646 3358 iterum,
675 3290 816 3343 Nunt
848 3287 1035 3357 repulit
1057 3283 1310 3337 Dominus
1343 3280 1584 3350 populum
1607 3291 1775 3340 suum,

177 3405 332 3460 quem
363 3384 658 3454 pra'scivit?
687 3383 828 3436 Absit
856 3378 1016 3453 (Ibid.
1047 3393 1094 3431 υ.
1123 3374 1200 3446 l).
1233 3372 1437 3428 Deinde
1460 3369 1774 3433 ostendens,

179 3481 327 3550 quod
377 3494 478 3533 non
526 3476 634 3532 sint
678 3472 879 3530 exclusi
923 3485 950 3525 a
997 3466 1349 3540 poenitentia,
1398 3470 1769 3534 argumentum

181 3572 402 3629 adducit
430 3566 796 3642 paenitentiam
821 3578 968 3617 suam
999 3561 1186 3615 dicens
1213 3574 1225 3610 :
1255 3556 1392 3610 Nam
1417 3565 1464 3609 et
1483 3570 1572 3624 ego
1600 3551 1780 3606 Isi-aea

184 3666 278 3720 lita
305 3641 442 3718 sunt;
476 3660 611 3716 Illud
636 3667 836 3721 autem,
873 3653 992 3707 Non
1021 3657 1381 3722 cognoverunt,
1414 3645 1623 3700 videtur
1649 3641 1783 3698 mihi

184 3771 294 3809 non
318 3754 383 3807 de
405 3751 614 3806 Christo
641 3748 842 3802 dictum
871 3745 954 3798 hic
985 3743 1166 3806 fuisse,
1187 3741 1278 3795 sed
1309 3740 1375 3794 de
1402 3738 1480 3811 rei
1503 3738 1783 3806 dispensa-

185 3844 337 3899 tione
366 3860 375 3896 τ
411 3840 560 3896 verbi
599 3837 804 3909 gratia,
840 3833 964 3904 quid
998 3832 1098 3887 sibi
1137 3830 1335 3883 vellent
1365 3843 1511 3882 mors
1549 3836 1605 3882 et
1649 3840 1778 3880 crux

183 3934 519 3992 nesciebant.
548 3931 756 3985 Etenim
787 3942 890 3982 non
919 3925 1046 3979 dicit
1093 3922 1164 3977 ibi
1188 3963 1203 3987 ,
1233 3921 1316 3976 Me
1345 3935 1449 3974 non
1480 3925 1779 3981 noverunt;

180 4026 285 4083 sed
310 4067 325 4092 ,
375 4022 620 4077 Nesciunt
664 4019 786 4090 quid
827 4018 1022 4086 faciunt
1051 4013 1220 4086 (Luc.
1265 4013 1357 4066 ‘23.
1391 4007 1540 4080 5i);
1574 4009 1626 4064 id
1657 4018 1741 4064 est
1765 4051 1780 4076 ,

179 4113 546 4172 (Bconomiam
572 4126 689 4179 qua:
714 4109 985 4178 peragitur
1007 4115 1059 4159 et
1090 4107 1401 4175 mysterium
1432 4117 1535 4154 non
1566 4109 1781 4154 norunt.

181 4208 306 4265 Non
337 4205 480 4261 enim
527 4201 808 4265 sciebant,
858 4186 1091 4250 futurum
1139 4209 1258 4249 esse
1321 4203 1376 4247 ut
1426 4208 1555 4246 crux
1585 4192 1652 4246 ita
1699 4207 1784 4246 re-

185 4298 505 4367 splenderet
529 4335 542 4354 ,
577 4305 675 4344 nec
701 4286 842 4356 quod
871 4287 1023 4341 fieret
1052 4287 1197 4339 salus
1236 4284 1382 4338 orbis
1412 4325 1425 4347 ,
1450 4294 1503 4337 et
1534 4283 1631 4337 Dei
1660 4297 1779 4336 cum

187 4387 504 4444 hominibus
531 4378 892 4437 reconciliatio
920 4418 934 4444 ,
966 4392 1138 4447 neque
1170 4377 1406 4429 futurum
1449 4373 1595 4426 urbis
1635 4373 1782 4426 exci-

183 4483 338 4537 dium
363 4519 380 4541 ,
410 4491 509 4532 nec
536 4473 676 4545 quod
703 4480 941 4528 extrema
970 4469 1043 4525 illi
1081 4468 1288 4539 passuri
1319 4475 1520 4522 essent.
1555 4465 1784 4535 Sapien-

186 4574 320 4627 tiam
348 4577 526 4623 antem
556 4573 709 4621 vocat
737 4572 791 4621 et
815 4563 1088 4619 Christum
1117 4569 1168 4615 et
1199 4574 1411 4615 crucem
1447 4567 1500 4613 et
1522 4557 1784 4628 pradica-

186 4667 416 4718 tionem.
458 4658 770 4728 Opportune
795 4670 922 4711 vero
945 4663 1001 4709 et
1032 4654 1315 4708 Dominum
1342 4649 1527 4722 gloriae
1550 4649 1782 4705 vocavit.

185 4753 326 4822 Quia
354 4753 503 4805 enim
531 4765 663 4804 crux
707 4745 1062 4818 ignominiosa
1107 4745 1318 4798 videtur
1349 4756 1468 4798 esse
1490 4783 1504 4808 ,
1552 4739 1789 4794 ostendit

186 4859 410 4901 crucem
438 4856 558 4898 esse
584 4854 826 4909 magnam
855 4837 1106 4907 gloriam.
1149 4833 1252 4890 Sed
1283 4849 1472 4903 magna
1501 4848 1636 4902 opus
1671 4839 1786 4885 erat

185 4936 455 5005 sapientia
485 4948 590 4987 non
621 4931 778 4986 modo
803 4929 869 4984 ad
901 4929 1066 4981 Deum
1095 4927 1528 4995 cognoscendum
1558 4965 1572 4986 ,
1607 4923 1700 4978 sed
1730 4930 1785 4976 et

183 5020 252 5072 ad
283 5017 600 5073 discendam
645 5016 782 5069 hanc
809 5012 902 5067 Dei
929 5013 1284 5066 (economiam
1319 5026 1331 5061 :
1357 5019 1577 5061 externa
1607 5013 1784 5058 autem

186 5107 460 5178 sapientia
491 5124 596 5163 non
628 5104 794 5177 priori
820 5113 1024 5158 tantum
1052 5142 1066 5165 ,
1097 5099 1192 5155 sed
1221 5099 1343 5152 huic
1370 5097 1528 5150 etiam
1561 5094 1784 5166 impedi-

186 5209 380 5255 mento
406 5199 522 5252 fuit.
556 5199 612 5253 9.
641 5198 768 5265 Sed,
820 5208 875 5250 ut
902 5195 1142 5265 scriptum
1167 5198 1257 5256 est,
1297 5187 1488 5241 Oculus
1516 5203 1617 5238 non
1644 5186 1787 5248 vidit,

188 5308 284 5346 nec
311 5291 455 5344 auris
479 5291 670 5341 audivit
694 5329 709 5352 ,
754 5307 844 5343 nec
870 5293 923 5342 in
950 5304 1037 5341 cor
1063 5283 1281 5338 hominis
1311 5279 1642 5350 ascenderunt
1670 5295 1783 5346 qua

194 5380 507 5451 pra-penu“
542 5376 676 5430 Deus
703 5379 1025 5448 diligentibus
1051 5393 1122 5430 se.

271 5471 432 5526 Multi
476 5467 760 5537 Scriptum
797 5484 957 5522 sacra:
1000 5468 1115 5522 libri
1156 5463 1361 5536 perditi.
1387 5491 1458 5502 -—
1480 5459 1547 5514 Et
1575 5459 1790 5515 ubinam

190 5568 401 5634 scripta
430 5571 553 5620 sunt
581 5561 698 5617 hate
723 5558 796 5628 (α)
817 5561 840 5610 ?
866 5559 1068 5615 Dicitur
1092 5601 1108 5626 ,
1159 5558 1425 5627 Scriptum
1447 5561 1520 5608 est
1541 5594 1557 5619 ,
1584 5553 1796 5608 etiamsi

261 5717 342 5778 (α)
387 5716 483 5768 ille
522 5725 658 5767 notat
691 5711 1184 5778 Antlreas_Douna:us
1206 5749 1222 5773 ,
1254 5711 1679 5778 Cbrysostomum,
1714 5710 1798 5773 qui

193 5771 381 5842 quifit
399 5779 596 5831 utinam
618 5777 892 5843 reperiatur
911 5775 958 5828 in
971 5773 1171 5826 Veteris
1187 5771 1485 5826 testamenti
1503 5772 1639 5824 libris
1662 5771 1800 5825 locus

1866 1905 2212 1983 impietatem
2240 1906 2472 1976 delapsis
2519 1927 2531 1962 :

1876 443 1978 530 non
1995 432 2201 530 verbis,
2221 435 2314 490 sed
2333 436 2386 492 in
2413 438 2574 495 rebus
2596 441 2727 514 ipsis
2746 443 2860 500 haec
2890 447 3213 517 positasint,
3239 457 3295 501 ut
3315 447 3366 502 in
3388 448 3466 503 lii—

1874 525 2078 619 storiis;
2103 525 2183 619 vel
2205 525 2251 582 si
2271 529 2383 598 ipse
2410 531 2625 598 quidem
2648 536 2838 591 sensus
2861 541 3183 607 reperiatur,
3210 540 3335 593 licet
3361 554 3464 592 non

1875 615 2004 678 ipsis
2025 615 2198 672 verbis
2217 620 2358 674 sicut
2389 620 2494 676 hic.
2520 623 2654 679 Illud
2673 625 2838 694 enim,
2867 629 3060 692 Quibus
3083 647 3183 684 non
3198 634 3466 685 annuntia-

1877 709 1980 752 tum
2003 715 2074 757 est
2092 706 2154 759 de
2171 709 2280 774 illo,
2304 713 2562 779 videbunt;
2576 725 2621 770 et
2641 721 2842 788 quinon
2865 721 3158 785 audierunt,
3185 724 3467 792 intelligent

1880 800 2074 897 (Rom.
2104 805 2190 860 15.
2211 805 2305 874 2i)
2332 825 2347 872 ;
2383 806 2481 862 hoc
2512 808 2741 878 idipsum
2770 819 2850 865 est
2868 809 3033 881 atque
3070 813 3198 867 illud
3229 855 3242 880 ,
3277 814 3467 868 Ut-ntns

1879 913 1980 950 non
2009 898 2132 951 vidit
2157 940 2172 964 ,
2205 915 2294 952 nec
2321 900 2460 952 auris
2486 902 2700 955 audivit.
2750 903 2857 956 Aut
2882 903 2983 957 hoc
3008 903 3167 973 igitur
3198 905 3348 968 dit-it;
3378 916 3468 957 aut

1880 987 2172 1042 verisimile
2214 997 2295 1044 est
2328 989 2585 1060 scriptum
2632 991 2796 1047 fuisse
2842 993 2893 1047 in
2954 993 3125 1060 libris,
3173 995 3258 1063 qui
3299 996 3469 1062 perie-

1882 1078 2006 1132 rint.
2060 1078 2192 1133 Nam
2255 1081 2408 1136 multi
2469 1081 2588 1137 libri
2654 1083 2848 1152 perditi
2896 1085 3140 1149 fuerunt,
3199 1095 3252 1140 et
3316 1087 3468 1154 pauci

1881 1170 2076 1223 servati
2104 1181 2247 1240 sunt,
2279 1174 2440 1228 etiarn
2471 1174 2519 1227 in
2554 1174 2718 1244 prima
2752 1176 3080 1244 Cllplivilnle.
3117 1179 3181 1232 Et
3208 1180 3307 1232 hoc
3350 1194 3474 1248 per-

1881 1261 2123 1328 Spicuum
2149 1275 2231 1316 cst
2257 1263 2308 1317 in
2339 1265 2758 1335 Paralipomenis
2789 1286 2799 1320 :
2831 1267 3118 1321 dicitenim
3142 1271 3429 1336 Apostolus
3454 1311 3468 1335 ,

1882 1353 1925 1405 Α
1959 1353 2199 1408 Samuele
2224 1367 2271 1410 et
2316 1359 2378 1412 iis
2408 1360 2493 1426 qui
2525 1370 2696 1430 postea
2725 1361 2929 1429 [uerunt
2959 1364 3218 1430 proli/retis
3240 1403 3252 1426 ,
3299 1380 3475 1417 omnes

1882 1447 1946 1500 de
1973 1446 2067 1500 illo
2095 1448 2332 1503 dixerunt
2359 1454 2377 1519 (
2404 1451 2514 1504 Act.
2559 1447 2608 1507 5.
2636 1451 2748 1522 ‘24).
2785 1455 2851 1506 At
2881 1470 2984 1506 non
3011 1453 3227 1506 omnino
3257 1454 3372 1508 lucc
3403 1456 3471 1507 ita

1885 1536 2132 1594 feruntur
2163 1560 2177 1595 :
2212 1541 2438 1596 Paulum
2481 1553 2659 1598 autem
2693 1553 2963 1614 tamquam
2997 1546 3127 1614 ivgis
3158 1546 3382 1614 petitum
3417 1555 3470 1600 et

1879 1643 1944 1681 ex
1974 1629 2176 1697 Spiritu
2223 1631 2530 1701 loquentem
2578 1635 2870 1690 verisimile
2897 1647 2977 1691 est
3005 1638 3180 1690 Omnia
3225 1646 3474 1690 accurate

1881 1718 2123 1773 scivisse.
2152 1721 2215 1774 Et
2238 1723 2362 1790 quid
2390 1723 2511 1778 dico
2537 1725 2604 1779 de
2631 1727 2936 1794 captivitate
2956 1729 2978 1779 Υ
3011 1743 3134 1780 nam
3163 1728 3319 1781 etiam
3350 1739 3474 1780 ante

1881 1810 2243 1880 captivitatem
2273 1815 2424 1868 multi
2457 1815 2662 1884 periere
2694 1816 2836 1878 libri,
2868 1817 3066 1870 Judu'is
3099 1820 3146 1869 in
3175 1828 3472 1872 extremam

2583 1908 2721 1978 (μιυά
2757 1909 2929 1976 palam
2960 1921 3036 1962 cs:
3070 1926 3131 1962 ex
3167 1910 3270 1964 line
3299 1914 3474 1979 quarti

1888 1997 2007 2051 libri
2039 1998 2365 2068 Regnorum.
2409 1999 2883 2055 Deuteronomium
2916 2003 3055 2070 enim
3091 2002 3176 2054 vix
3204 2013 3473 2070 repertum

1887 2089 1984 2144 fuit
2033 2090 2086 2144 in
2127 2092 2465 2161 sterquilinio
2509 2092 2804 2147 defossum.
2849 2093 3098 2162 Alioquin
3145 2101 3321 2147 autem
3353 2105 3478 2147 sunt

1885 2193 2029 2246 same
2056 2180 2216 2234 etiam
2244 2181 2482 2250 duplices
2509 2183 2804 2251 prOphetice
2830 2224 2843 2247 ,
2873 2182 3102 2250 Sapienti
3129 2184 3291 2236 .ribus
3322 2183 3476 2238 facile

1883 2269 2130 2336 cognitas,
2166 2285 2231 2322 ex
2280 2271 2471 2339 quibus
2522 2273 2730 2325 occulta
2785 2274 2947 2326 multa
2986 2285 3205 2342 possunt
3250 2277 3472 2344 percipi.

1883 2358 2020 2424 Quid
2049 2361 2216 2430 ergo?
2261 2377 2365 2415 non
2400 2362 2531 2416 vidit
2557 2364 2748 2418 oculus
2779 2381 2897 2433 qua:
2941 2365 3260 2435 pra‘paratit
3297 2367 3476 2420 Deus?

1883 2451 1997 2506 Non
2027 2470 2037 2503 :
2072 2453 2192 2521 quis
2217 2454 2358 2508 enim
2385 2454 2664 2511 hominum
2697 2456 2825 2510 vidit
2852 2473 2934 2518 ea,
2969 2474 3085 2527 QULE
3115 2457 3476 2528 dispensanda

1885 2545 2220 2598 crnnt?Num
2241 2561 2368 2616 ergo
2396 2563 2569 2616 neque
2593 2550 2736 2602 auris
2761 2551 2984 2616 audivit,
3007 2567 3102 2605 nec
3121 2551 3172 2604 in
3194 2568 3285 2604 cor
3309 2551 3476 2604 lunai-

1884 2637 1966 2691 uis
1987 2637 2378 2692 ascenderunt?
2404 2647 2457 2692 et
2478 2639 2773 2708 quomodo?
2796 2641 2836 2692 si
2862 2641 3003 2694 enim
3034 2643 3305 2711 prophetnr
3330 2643 3476 2694 disc-

1886 2739 2029 2798 runt,
2063 2732 2291 2801 inquies,
2320 2732 2588 2802 quomodo
2617 2732 2763 2786 auris
2797 2749 2899 2784 non
2933 2733 3150 2796 audivit,
3183 2751 3277 2784 nec
3304 2732 3353 2783 in
3380 2748 3476 2784 eor

1886 2823 2119 2879 hominis
2160 2826 2558 2879 ascenderunt?
2605 2826 2720 2881 Non
2766 2826 3122 2880 ascenderunt
3157 2844 3169 2879 :
3200 2841 3301 2877 non
3333 2826 3472 2877 enirn

1884 2911 1949 2966 de
1970 2912 2098 2982 ipsis
2128 2917 2259 2968 solis
2299 2915 2552 2984 loquitur,
2582 2917 2678 2970 sed
2716 2919 2872 2969 etiam
2902 2917 2968 2971 de
2999 2917 3246 2971 universa
3293 2927 3476 2969 natura

1890 3001 2155 3061 humana:
2186 3007 2321 3075 Quid
2349 3008 2514 3078 ergo?
2551 3011 2825 3078 pl‘OpltL'lﬂ‘.
2860 3026 2962 3061 non
2994 3009 3274 3061 audierant
3301 3012 3320 3060 ’ἰ
3370 3015 3478 3061 Λυ-

1887 3101 2102 3156 dierunt
2126 3102 2367 3170 quidem;
2398 3112 2449 3156 at
2478 3118 2582 3156 non
2614 3112 2728 3156 erat
2757 3103 2902 3156 auris
2933 3101 3186 3165 hominis,
3217 3102 3309 3156 sed
3335 3103 3479 3156 auris

1889 3195 2198 3265 prophetica
2233 3214 2246 3248 :
2279 3212 2381 3248 non
2413 3197 2553 3249 enim
2586 3205 2640 3248 ut
2668 3195 2915 3249 homines
2945 3196 3267 3261 audierunt,
3297 3195 3390 3249 sed
3425 3207 3480 3246 ut

1887 3286 2183 3356 pmpllctaz.
2225 3287 2566 3355 Quapropter
2591 3286 2758 3340 dicit:
2797 3288 2987 3356 Adjecit
3031 3288 3153 3338 tui/ti
3199 3304 3370 3339 aurem
3411 3290 3477 3339 ad

1886 3381 2203 3435 audiendum
2252 3379 2424 3450 (Isai.
2494 3380 2583 3435 50.
2635 3380 2750 3451 4);
2793 3380 3153 3450 adjectionem
3199 3394 3227 3432 a
3274 3379 3475 3447 Spiritu

1887 3473 2080 3528 factam
2130 3474 2334 3527 dicens.
2398 3471 2551 3527 Unde
2599 3472 2937 3526 manifestum
2995 3480 3114 3535 est,
3163 3471 3476 3541 quodprius

1885 3577 2051 3636 quam‘
2072 3567 2279 3620 audiret
2308 3608 2321 3631 ,
2356 3582 2453 3622 nec
2479 3566 2529 3619 in
2563 3581 2656 3621 σοι·
2694 3567 2908 3636 quidem
2941 3566 3171 3620 hominis
3219 3566 3474 3619 ascende-

1887 3667 2029 3713 rant.
2073 3658 2203 3712 Nam
2233 3669 2511 3728 postquam
2541 3659 2695 3712 datus
2725 3659 2952 3726 Spiritus
2980 3658 3151 3714 fuerat
3175 3699 3189 3722 ,
3233 3673 3325 3710 eor
3355 3673 3476 3726 pro-

1887 3754 2168 3820 phetarum
2200 3766 2302 3803 non
2332 3759 2446 3805 erat
2475 3766 2566 3804 cor
2600 3749 2832 3803 hominis
2863 3791 2877 3814 ,
2913 3750 3005 3803 sed
3033 3765 3127 3804 cor
3158 3749 3431 3817 spirituale
3463 3791 3475 3812 ,

1887 3843 2335 3914 quemadmodum
2379 3852 2432 3898 et
2461 3845 2574 3912 ipse
2602 3845 2712 3905 ait,
2749 3843 2970 3902 Mentem
3016 3842 3206 3897 Christi
3238 3844 3477 3895 habemus

1888 3937 1905 4008 (
1935 3938 1983 3991 l.
2006 3936 2123 3989 Cor.
2155 3936 2209 3990 2.
2253 3935 2384 4006 16).
2428 3935 2578 4003 Quod
2627 3936 2753 3988 dicit
2780 3945 2977 3997 autem,
3015 3934 3320 4004 huiusmodi
3350 3944 3430 3988 est
3466 3955 3478 3988 :

1887 4036 2172 4097 antequam
2203 4026 2402 4096 Spiritu
2442 4027 2744 4080 frucremur
2771 4037 2824 4079 et
2863 4042 3054 4080 arcana
3091 4026 3476 4092 edisceremus,

1890 4135 1987 4174 nec
2017 4135 2082 4171 ex
2111 4119 2266 4171 nobis
2292 4134 2390 4172 nec
2413 4134 2475 4173 ex
2503 4119 2778 4187 prophetis
2801 4118 3067 4187 quispiam
3095 4133 3155 4171 ea
3190 4119 3471 4171 intellexit.

1889 4211 2169 4278 Quomodo
2191 4210 2354 4275 enim,
2383 4224 2501 4262 cum
2530 4225 2628 4263 nec
2658 4211 2831 4278 angeli
2857 4211 3070 4278 quidem
3099 4212 3208 4277 ipsa
3239 4215 3481 4261 nossenz?

1892 4303 2026 4373 Quid
2051 4303 2215 4367 enim,
2243 4299 2436 4371 inquit,
2466 4299 2751 4353 dicendum
2776 4309 2857 4352 est
2884 4300 2947 4352 de
2975 4300 3299 4366 principibus
3322 4299 3479 4368 hujus

1890 4398 2071 4452 smculi
2098 4440 2109 4462 ,
2141 4411 2260 4450 cum
2301 4394 2480 4448 nullus
2509 4393 2668 4448 homo
2695 4409 2755 4446 ea
2787 4392 2947 4446 sciret
2974 4435 2985 4456 ,
3036 4407 3207 4459 neque
3234 4407 3482 4460 superna:

1895 4490 2235 4560 potestates?
2268 4487 2522 4556 Quaenam
2554 4494 2732 4541 autem
2768 4496 2895 4539 sunt
2926 4485 3015 4539 ea?
3040 4483 3189 4550 Quod
3223 4501 3315 4552 per
3343 4499 3485 4554 prae-

1894 4581 2179 4635 dicalionis
2226 4579 2525 4641 stultitiam,
2581 4591 2698 4644 qua:
2747 4575 2869 4629 talis
2915 4589 3032 4628 esse
3083 4574 3384 4642 videbatur,
3433 4588 3487 4632 ct

1893 4682 2080 4742 gentes
2131 4669 2482 4731 inducentur,
2530 4675 2584 4718 et
2633 4665 2724 4720 Dei
2774 4681 2892 4720 cum
2939 4666 3248 4720 hominibus
3295 4683 3485 4722 l'CCtltl-

1893 4765 2089 4818 ciliatio
2112 4762 2212 4815 erit
2233 4801 2246 4826 ,
2271 4770 2323 4814 et
2355 4769 2430 4814 tot
2453 4769 2704 4830 tantaque
2737 4761 2890 4815 nobis
2917 4770 3140 4815 ventura
3170 4772 3292 4815 sunt
3321 4762 3475 4816 bona.

1895 4853 2178 4922 Quomodo
2207 4869 2333 4925 ergo
2363 4854 2737 4925 cognovimus?
2766 4854 2853 4910 lO.
2887 4853 3048 4908 Nobis
3073 4867 3258 4919 autem,
3293 4856 3482 4923 inquit,

1894 4947 2128 5000 reuelauit
2165 4945 2296 4999 Deus
2329 4963 2416 5017 per
2449 4946 2704 5015 Spiritum
2732 4963 2898 5001 suum.
2944 4945 3059 4998 Non
3088 4960 3180 5010 per
3206 4957 3483 4998 externam

1897 5038 2214 5108 sapientiam
2244 5056 2255 5092 :
2281 5039 2380 5107 ipsi
2407 5037 2548 5092 enim
2581 5047 2844 5105 tamquam
2868 5035 3059 5090 ancilla
3087 5034 3328 5104 quadam
3355 5051 3484 5087 eon-

1901 5138 2118 5200 temptae
2137 5144 2242 5184 non
2273 5127 2590 5197 permissum
2613 5128 2708 5181 fuit
2735 5127 2873 5180 intus
2902 5125 3132 5195 ingredi,
3157 5136 3207 5179 et
3233 5126 3487 5196 mysteria

1903 5224 2176 5279 Dominica
2207 5223 2491 5289 inspicere.

1976 5318 2028 5371 4.
2072 5314 2261 5369 Vidcn‘
2288 5321 2546 5382 quantum
2573 5311 2864 5366 discrimen
2898 5310 3044 5367 inter
3070 5313 3207 5366 hanc
3249 5323 3300 5365 et
3346 5311 3490 5364 illam

1909 5453 2009 5509 ille,
2035 5463 2145 5516 cum
2169 5447 2356 5516 Paulus
2376 5446 2493 5516 inde
2515 5454 2760 5516 sumptum
2801 5447 3010 5516 indicat,
3035 5447 3492 5516 OCItlttg_itOti.t‘lt_lil,

1909 5484 1988 5502 ...υ
2171 5484 2192 5496 .
2213 5484 2353 5495 .......-
2377 5484 2493 5495 ...μυ
2515 5484 2622 5494 η...
2801 5484 2980 5498 ...ωηη
3035 5484 3212 5499 νην...
3237 5484 3324 5496 ην..

1906 5487 2153 5579 πεδ’ᾳητὶδ
2176 5507 2521 5579 audivit,‘etc.,
2561 5484 2656 5556 llOi]
2689 5509 2976 5579 advel-tisse
2996 5484 3153 5579 locum
3179 5509 3311 5557 illum
3337 5485 3493 5579 Isaia;

1910 5578 1992 5626 ubi
2025 5575 2131 5623 haec
2162 5584 2259 5619 non
2291 5569 2348 5617 ad
2382 5568 2576 5632 literam
2606 5571 2805 5632 quidem
2827 5607 2841 5632 ,
2889 5573 2977 5621 sed
3013 5574 3187 5621 eodem
3223 5584 3374 5620 sensu
3420 5569 3492 5618 fe-

1910 5644 2101 5692 runtur,
2126 5644 2304 5692 nempe
2328 5643 2430 5691 cap.
2457 5631 2535 5680 64.
2561 5640 2599 5681 Α
2618 5631 2796 5682 scecnlo
2819 5647 2913 5683 non
2946 5633 3221 5691 audierunt,
3239 5645 3391 5694 neque
3413 5645 3499 5682 tm-

1909 5700 2046 5751 ribus
2062 5699 2384 5767 perceperunt
2410 5705 2426 5767 ς
2451 5695 2626 5767 Oculus
2640 5707 2732 5767 non
2757 5695 2896 5757 cidit,
2929 5705 3072 5758 Deus,
3110 5699 3278 5762 abscpw
3301 5704 3495 5763 te,qnv.t:

1909 5760 2204 5828 pra-parasti,
2225 5760 2608 5826 ea'speetuntibus
2631 5766 2692 5815 te.
