4018 6208
537 419 856 490 sapientiam
879 417 902 472 ?
929 418 1060 487 Quae
1089 421 1260 490 angeli
1293 434 1397 475 non
1429 428 1696 475 noverunt
1721 458 1736 481 .
1772 433 1836 472 ea
1876 431 1975 473 nos
2007 415 2124 469 11188

537 511 737 566 docuit.
781 510 1012 566 Externa
1059 525 1190 566 vero
1237 513 1563 567 contrarium
1607 509 1733 564 fecit
1781 524 1796 562 :
1840 522 1945 563 non
1966 506 2131 562 modo

537 617 646 656 non
675 600 890 668 docuit,
941 601 1034 657 sed
1061 603 1224 658 etiam
1257 602 1531 671 impedivit
1559 610 1614 656 ct
1644 600 1814 654 arcuit
1847 616 1860 652 :
1892 608 1946 654 et
1976 606 2126 668 post-

535 705 696 762 quam
727 691 814 746 illa
862 692 998 748 facta
1047 693 1296 758 fuerunt,
1331 693 1416 747 illa
1462 691 1768 746 obscuravit
1809 699 1864 745 et
1911 703 2125 745 crucem

537 783 818 838 exinaniit.
855 782 972 838 Non
1003 799 1134 853 ergo
1153 799 1218 838 ex
1247 797 1313 838 eo
1333 825 1346 848 ,
1380 783 1521 854 quod
1542 782 1910 846 didicerimus,
1943 790 2128 834 osten-

534 870 682 927 ditur
706 873 878 928 honor
907 873 1064 929 nobis
1086 887 1410 942 concessus,
1456 888 1557 928 nec
1584 888 1650 928 ex
1679 887 1746 929 eo
1767 913 1783 940 ,
1827 872 1970 943 quod
2001 886 2125 926 cum

534 965 739 1035 angelis
767 964 1154 1032 didicerimus;
1204 965 1298 1022 sed
1325 981 1388 1020 ex
1422 980 1487 1022 eo
1513 1007 1528 1031 ,
1559 965 1702 1036 quod
1732 980 1828 1034 per
1855 964 2118 1034 Spiritum

535 1053 653 1122 ejus
703 1052 1068 1109 didicerimus.
1116 1055 1317 1110 Deinde
1361 1064 1641 1125 postquam
1692 1054 2119 1124 magnitudinem

532 1143 808 1210 ostendit,
859 1145 935 1198 ait
985 1163 1000 1199 :
1050 1145 1158 1199 Nisi
1190 1145 1460 1214 Spiritus,
1513 1144 1602 1214 qui
1630 1145 1732 1198 scit
1759 1158 1955 1198 arcana
1991 1143 2122 1206 Dei,

538 1234 827 1290 revelassct
849 1277 863 1302 ,
917 1250 1024 1290 non
1051 1235 1448 1290 didicisscmus.
1491 1233 1565 1288 lta
1595 1234 1820 1290 curabat
1853 1234 1990 1287 Deus
2019 1275 2036 1296 ,
2067 1243 2126 1287 111

535 1326 588 1378 111
644 1327 852 1381 arcanis
905 1336 1070 1381 esset.
1129 1326 1468 1396 Quapropter
1513 1327 1606 1381 illo
1656 1340 1792 1396 opus
1837 1325 2124 1380 habuimus

533 1418 752 1474 doctore
777 1461 791 1482 ,
841 1421 929 1486 qui
963 1419 1078 1472 11188
1107 1419 1250 1474 clare
1277 1420 1456 1474 sciret.
1502 1420 1730 1489 Spiritus
1774 1420 1908 1473 enim
1953 1420 2123 1472 omnia

531 1519 806 1575 scrutatur,
839 1511 989 1564 etiam
1010 1513 1268 1580 profunda
1297 1495 1408 1566 Dei.
1438 1513 1525 1565 11.
1559 1511 1686 1578 Quis
1705 1511 1838 1564 enim
1861 1510 2122 1563 hominum

530 1601 622 1653 scit
653 1617 764 1670 qua:
808 1611 922 1654 sunt
955 1603 1170 1655 hominis
1196 1643 1211 1666 ,
1263 1604 1360 1655 nisi
1404 1603 1613 1671 spiritus
1643 1601 1860 1655 hominis
1884 1642 1898 1669 ,
1944 1603 2029 1670 qni
2068 1601 2118 1654 in

529 1696 640 1762 ipso
667 1693 782 1747 est?
812 1692 895 1747 Ita
922 1704 966 1746 et
990 1711 1104 1764 qua:
1132 1693 1228 1748 Dei
1256 1706 1373 1749 sunt
1396 1712 1542 1749 nemo
1566 1695 1701 1748 novit
1721 1737 1736 1758 ,
1769 1695 1867 1748 nisi
1891 1694 2120 1764 Spiritus

528 1782 646 1839 Dei.
692 1784 778 1838 12.
821 1783 936 1839 Nos
961 1795 1127 1839 autem
1173 1803 1272 1840 non
1305 1787 1540 1856 spiritum
1571 1786 1748 1838 mundi
1792 1787 2078 1852 accepimus
2103 1827 2116 1845 ,

525 1878 615 1930 scd
646 1877 894 1947 Spiritmn
923 1879 1010 1949 qui
1053 1895 1116 1931 ea:
1147 1877 1253 1931 Deo
1284 1888 1387 1941 est,
1422 1888 1474 1928 ut
1523 1879 1742 1928 sciamus
1772 1890 1886 1944 ante
1932 1891 1961 1928 a
2008 1873 2119 1928 Dco

528 1969 716 2022 donata
744 1979 861 2022 sunt
891 1969 1053 2021 nobis.
1086 1968 1184 2021 llic
1213 1970 1354 2022 enim
1386 1967 1537 2031 illud,
1563 1967 1798 2027 scrutari,
1833 1982 1938 2019 non
1970 1967 2118 2034 igno-

527 2059 771 2120 rantiam,
802 2059 893 2112 sed
927 2068 1228 2112 accuratam
1261 2060 1537 2112 scientiam
1570 2058 1789 2112 iudieat.
1815 2058 1924 2110 llac
1958 2059 2118 2126 igitur

531 2151 766 2204 dictione
793 2153 952 2204 etiam
985 2151 1052 2206 de
1086 2151 1194 2205 Deo
1228 2151 1448 2219 loquens
1481 2166 1605 2202 usu~r
1636 2158 1718 2202 est
1749 2149 1935 2202 dicens
1968 2166 1980 2201 :
2017 2147 2116 2213 Qui

525 2255 688 2297 autem
719 2255 975 2298 scrutatur
1019 2247 1176 2298 corda
1201 2287 1212 2308 ,
1247 2246 1381 2299 norit
1425 2247 1536 2313 quis
1575 2247 1640 2295 sit
1665 2259 1842 2296 sensus
1887 2241 2114 2309 Spiritus

527 2338 544 2404 ί
579 2338 720 2390 noni.
766 2337 815 2390 8.
845 2337 914 2389 9.7
943 2339 982 2404 ).
1030 2337 1229 2391 Deinde
1257 2353 1376 2392 cum
1408 2346 1663 2390 accurate
1697 2337 1951 2404 loquutus
1973 2343 2116 2387 esset

524 2432 590 2482 de
614 2432 916 2498 cognitione
943 2431 1260 2497 Spiritus,et
1280 2431 1601 2483 ostendissvt
1630 2443 1745 2480 cam
1775 2429 1843 2480 ita
1867 2442 2114 2495 examina-

527 2539 568 2571 t't
611 2522 898 2588 cognitioni
936 2521 1061 2585 1181,
1100 2529 1152 2573 111
1182 2521 1288 2589 ipsa
1325 2520 1555 2574 hominis
1582 2520 1815 2588 cognitio
1846 2519 1943 2571 sibi
1977 2520 2110 2587 ipsi;

521 2624 577 2666 et
603 2613 870 2667 docuisset
904 2628 1000 2665 nos
1030 2615 1207 2666 omnia
1242 2614 1364 2668 inde
1390 2614 1662 2676 didicisse,
1683 2623 1736 2665 ct
1769 2611 1891 2664 inde
1921 2626 2110 2664 neces-

520 2707 664 2760 saria
688 2749 700 2772 ,
755 2707 1029 2775 subiunxit
1060 2724 1074 2762 :
1105 2708 1190 2760 l5.
1236 2707 1362 2770 Qua:
1391 2708 1542 2758 etiam
1579 2707 1835 2776 loquimur
1859 2748 1872 2771 ,
1908 2721 2008 2758 non
2059 2706 2111 2758 in

519 2799 680 2850 doctis
718 2801 954 2851 humana!
997 2799 1259 2864 sapiuntim
1285 2799 1483 2860 verbis;
1530 2800 1619 2852 scd
1644 2799 1693 2850 in
1726 2799 1954 2851 doctrina
1983 2798 2108 2868 Spi-

517 2893 642 2941 ritus
692 2892 889 2953 sancti,
955 2888 1303 2956 spiritnulibus
1365 2890 1657 2959 spiritualia
1723 2904 2106 2956 comparantes.

518 2982 706 3036 \‘iden’
731 2998 839 3051 quo
883 2996 981 3036 nos
1022 2982 1305 3036 detiiiverit
1350 2981 1418 3034 ab
1459 2981 1779 3034 auctoritate
1819 2981 2109 3035 doctoris?

515 3075 688 3129 Tanto
708 3077 848 3130 enim
873 3076 977 3129 illis
999 3089 1181 3127 sumus
1202 3073 1576 3143 sapientiores,
1601 3081 1856 3143 quantum
1884 3075 2108 3129 interest

517 3167 654 3219 inter
672 3153 1011 3219 Platoncm'et
1033 3163 1286 3233 Spiritum
1306 3174 1567 3218 sanctum.
1591 3163 1665 3218 llli
1689 3166 1831 3218 enim
1853 3175 2107 3220 externos

513 3267 755 3309 oratores
783 3256 977 3310 habent
1009 3255 1308 3325 magistros,
1341 3272 1436 3306 nos
1461 3264 1636 3309 autem
1674 3254 1928 3324 Spiritum
1979 3270 2109 3311 san-

513 3356 676 3400 ctum.
719 3345 854 3413 Quid
884 3347 981 3400 sibi
1026 3347 1139 3400 vult
1183 3357 1381 3410 autem,
1408 3346 1715 3414 Spiritualia
1759 3346 2106 3416 spiritualibus

513 3449 866 3509 comparantes
890 3440 913 3491 ?
941 3438 1167 3504 Quando
1206 3440 1481 3508 spiritualc
1522 3439 1678 3494 fuerit
1702 3449 1755 3495 et
1781 3439 2004 3495 dubium
2028 3482 2044 3508 ,
2073 3457 2102 3496 a

516 3533 880 3600 spiritualibus
909 3532 1209 3585 testimonia
1239 3532 1512 3586 ducimus:
1541 3541 1620 3596 ut,
1642 3534 1873 3602 exempli
1897 3548 2058 3588 causa
2084 3576 2099 3601 ,

514 3626 804 3678 resurrexit
821 3624 1084 3691 Christus,
1112 3624 1230 3692 quia
1255 3624 1323 3678 de
1348 3623 1563 3693 Virgine
1581 3634 1736 3679 natus
1757 3634 1858 3680 est.
1880 3627 2103 3683 Atlduco

514 3717 838 3783 testimonia,
873 3718 1067 3786 ﬁguras
1093 3727 1144 3770 et
1175 3716 1680 3785 demonstrationes,
1713 3718 1864 3774 101118
1897 3720 1947 3774 111
1981 3730 2102 3776 ceto

511 3824 726 3875 moras,
768 3819 821 3864 et
869 3811 1238 3865 liberationem
1278 3825 1398 3880 qua:
1444 3820 1624 3878 postea
1656 3811 1783 3877 fuit,
1837 3813 2099 3867 sterilium

513 3911 716 3970 partus,
749 3901 894 3956 Sane
920 3913 974 3957 et
1004 3903 1263 3959 Rebecca!
1287 3913 1340 3958 et
1365 3912 1682 3957 czcterarnm
1713 3919 1726 3956 :
1760 3904 2014 3959 arborum
2050 3906 2101 3960 in

511 3996 759 4065 paradiso
813 3995 1215 4063 productionem
1271 4010 1377 4048 non
1420 3994 1580 4063 jactis
1611 3995 1947 4063 seminibus,
1993 4011 2098 4052 non

510 4086 762 4141 demissis
810 4085 1103 4148 imbribus,
1151 4102 1257 4140 non
1305 4086 1456 4139 sulco
1507 4086 1680 4140 facto.-
1707 4085 1902 4140 Futura
1954 4089 2097 4143 enim

512 4177 876 4247 ﬁgurabantur
916 4184 968 4230 81
1009 4175 1450 4230 describebantur
1489 4186 1758 4245 tamquam
1803 4179 1856 4231 in
1911 4179 2098 4233 umbra

512 4267 819 4333 prioribus,
871 4278 928 4319 ut
978 4281 1036 4320 ea
1095 4264 1440 4318 crederentur
1491 4281 1612 4320 cum
1654 4268 1993 4324 advenircnt.
2038 4270 2102 4323 Et

511 4356 740 4409 ostendo
759 4354 1262 4426 rursum-quomodo
1285 4354 1445 4406 homo
1471 4369 1533 4408 ex
1559 4364 1724 4422 terra,
1756 4367 1811 4412 et
1833 4359 2103 4425 quomodo

510 4461 576 4501 ex
625 4445 742 4500 solo
774 4445 890 4500 viro
932 4449 1122 4502 mulier
1151 4447 1270 4501 sine
1313 4444 1424 4499 ullo
1469 4446 1610 4499 coitu
1643 4463 1656 4497 :
1688 4449 1959 4515 quomodo
1989 4450 2101 4519 ipsa

513 4551 656 4595 terra
683 4557 744 4594 ex
777 4539 944 4592 nihilo
969 4581 984 4606 ,
1025 4539 1301 4594 Creatoris
1332 4538 1568 4610 potentia
1602 4539 1801 4609 ubique
1828 4539 1894 4593 ad
1924 4542 2100 4595 omnia

511 4631 831 4687 sufﬁciente.
877 4629 948 4684 1111
979 4630 1346 4699 spiritualibtts
1377 4632 1673 4702 Spiritualia
1705 4648 1962 4702 comparo
1987 4675 2002 4697 ,
2049 4645 2104 4689 ct

513 4741 774 4794 nusquam
800 4739 937 4793 opus
974 4721 1144 4777 habeo
1179 4731 1398 4776 externa
1430 4725 1690 4792 sapientia
1721 4741 1895 4796 neque
1936 4727 2102 4782 ratio-

512 4816 669 4869 ciniis
717 4830 892 4884 neque
949 4811 1372 4882 probationibus.
1418 4811 1497 4865 llli
1549 4829 1778 4882 namque
1832 4817 2100 4872 inﬁrmam

513 4915 750 4960 mentem
779 4905 1092 4961 concutiunt
1120 4914 1172 4960 et
1199 4902 1538 4969 conturbant,
1565 4919 1665 4957 ncc
1691 4906 1888 4974 aliquid
1912 4923 2096 4963 eorum

512 5013 634 5065 qua:
661 4996 846 5050 dicunt
872 4996 1244 5052 demonStrarc
1272 5005 1534 5067 possunt;
1566 4995 1660 5050 sed
1691 5003 1746 5050 et
1769 4998 2100 5051 contrarium

514 5089 746 5152 faciunt;
782 5084 997 5139 turbant
1027 5085 1193 5154 magis
1217 5126 1232 5150 ,
1281 5087 1512 5156 caligine
1557 5085 1767 5155 replent
1796 5095 1851 5140 et
1895 5086 2107 5140 dubita-

513 5181 662 5232 tione
700 5178 890 5231 multa.
923 5175 1048 5232 Ideo
1093 5176 1206 5240 ait,
1242 5177 1608 5245 Spiritualibus
1643 5177 1936 5246 spiritualia
1961 5191 2104 5229 com-

514 5280 772 5340 parantes.
818 5268 1002 5323 Viden'
1045 5277 1100 5321 ut
1129 5281 1577 5335 supervacaneam
1606 5269 1922 5337 sapientiam
1957 5267 2102 5322 illam

513 5361 797 5418 ostendit?
824 5375 923 5414 nec
949 5362 1123 5415 solum
1154 5374 1639 5429 supervacaneam,
1673 5362 1767 5416 sed
1797 5371 1852 5416 et
1880 5369 2102 5414 contra-

514 5455 648 5510 riam
681 5463 736 5510 et
781 5454 1016 5508 noxiam.
1057 5454 1190 5508 Nam
1225 5467 1345 5508 cum
1380 5449 1551 5514 dixit,
1599 5451 1665 5505 Ut
1705 5469 1805 5506 non
1841 5460 2110 5505 evacuetur

514 5561 642 5600 crus:
671 5545 879 5612 Christi,
912 5554 988 5610 et,
1025 5544 1092 5599 Ut
1121 5561 1221 5599 non
1243 5547 1308 5599 sit
1333 5546 1386 5598 in
1416 5545 1672 5612 sapientia
1699 5547 1960 5601 hominum
1977 5547 2106 5616 ﬁdes

518 5647 710 5703 nostra,
742 5635 842 5691 hoc
867 5635 1202 5707 signiﬁcavit.
1234 5637 1328 5694 llic
1352 5646 1531 5692 autem
1557 5637 1787 5690 ostendit
1815 5654 1918 5692 non
1952 5652 2111 5704 posse

519 5743 655 5798 eos,
703 5729 792 5799 qui
839 5728 940 5799 ipsi
984 5727 1262 5784 conﬁdunt
1304 5738 1357 5784 et
1405 5737 1576 5783 totum
1621 5727 1719 5798 ipsi
1771 5728 2105 5798 permittunt,

539 305 608 364 59
1267 302 1327 362 S.
1365 304 1642 363 JOANNIS
1677 298 2156 361 CHRYSOSTOMI
2193 297 2514 354 ARCHIEP.
2547 300 3084 362 CONSTANTINOP.
3759 305 3832 363 ϐο

2231 406 2427 482 aliquid
2457 415 2588 471 utile
2617 416 2844 473 discere.
2881 419 2972 474 14.
3004 418 3252 474 Animalis
3273 419 3406 476 enim
3435 420 3606 483 homo,
3626 420 3823 491 inquit,

2235 517 2334 558 non
2359 506 2573 573 percipit
2601 523 2662 560 ea
2713 523 2828 578 qui:
2851 519 2969 562 sunt
2990 509 3235 578 Spiritus.
3268 509 3490 579 Oportet
3517 512 3676 582 igitur
3699 526 3822 564 cam

2232 595 2379 662 prius
2399 595 2685 666 deponere.
2710 599 2845 667 Quid
2869 600 3061 670 igitur?
3083 601 3433 671 reprobatane
3457 613 3559 671 est,
3589 604 3822 672 inquies.

2231 693 2450 740 externa
2497 688 2803 756 sapientia?
2854 691 3017 760 Atqui
3067 705 3202 761 Opus
3255 700 3339 747 est
3386 692 3501 748 Dei.
3559 693 3712 750 Unde
3768 694 3820 746 id

2230 778 2481 830 constat?
2525 778 2640 836 Non
2671 781 2814 835 enim
2846 782 2932 838 ille
2961 781 3090 838 fecit
3116 785 3284 854 ipsam
3310 825 3328 850 ,
3377 785 3472 840 sed
3504 795 3560 840 tu
3590 787 3821 841 adinve-

2232 865 2355 920 nisti
2388 885 2400 920 :
2435 884 2556 924 nam
2594 871 2680 925 hic
2709 874 3026 941 sapientiam
3057 885 3211 930 vocat
3249 877 3519 930 curiosam
3551 880 3820 946 perquisi-

2231 956 2430 1011 tionem
2478 968 2531 1013 et
2570 964 2898 1029 superﬂuam
2929 963 3248 1018 facundiam.
3312 965 3366 1020 Si
3410 967 3529 1035 quis
3557 980 3684 1019 vero
3713 966 3825 1018 hn-

2231 1059 2442 1100 manam
2488 1049 2825 1117 prudentiam
2857 1051 2940 1105 hic
2970 1053 3192 1123 intelligi
3221 1055 3396 1120 dicat,
3439 1055 3519 1111 sic
3559 1058 3717 1109 etiam
3769 1055 3824 1108 in

2228 1137 2382 1207 culpa
2405 1154 2484 1193 cs.
2516 1140 2593 1194 Tu
2616 1142 2758 1196 enim
2784 1143 2926 1197 illam
2946 1144 3219 1214 detnrpas,
3247 1149 3336 1217 qui
3359 1149 3446 1202 illa
3467 1148 3604 1202 male
3626 1148 3822 1211 uteris,

2228 1229 2318 1296 qui
2346 1229 2410 1282 ad
2443 1230 2533 1284 Dei
2561 1231 2816 1287 damnum
2845 1244 2899 1289 81
2939 1234 3292 1292 oﬂ‘ensionem
3334 1241 3403 1294 ab
3434 1240 3519 1292 illa
3567 1240 3733 1307 exigis
3769 1238 3823 1291 id

2227 1319 2371 1394 quod
2399 1333 2502 1372 non
2533 1320 2712 1376 habet.
2743 1324 2874 1391 Quia
2906 1325 3065 1396 igitur
3092 1327 3142 1380 in
3175 1328 3258 1380 illa
3288 1330 3536 1397 gloriaris
3565 1340 3617 1384 et
3647 1331 3822 1384 Deum

2229 1409 2370 1464 bello
2399 1411 2608 1480 impetis
2629 1456 2642 1475 .
2673 1415 2788 1484 ejus
2817 1418 2904 1472 ille
2935 1419 3353 1474 imbecillitatem
3383 1420 3637 1475 ostendit.
3680 1421 3821 1476 Nam

2227 1501 2362 1556 bona
2392 1520 2606 1576 quoque
2635 1522 2718 1562 res
2746 1519 2826 1563 est
2856 1512 3100 1581 corporis
3140 1511 3338 1576 robur;
3384 1513 3477 1566 sed
3516 1514 3637 1582 quia
3681 1511 3821 1566 Cain

2224 1592 2316 1646 illo
2347 1609 2450 1649 non
2498 1606 2555 1649 ut
2601 1599 2834 1666 oportuit
2865 1616 2992 1654 usus
3017 1611 3128 1666 881,
3162 1602 3408 1656 dissolvit
3440 1603 3588 1657 illum
3627 1603 3772 1656 Dcus
3801 1643 3819 1667 ,

2223 1693 2271 1736 et
2305 1693 2361 1737 ut
2387 1693 2641 1740 tremeret
2671 1689 2865 1742 etii-cit.
2899 1689 3090 1743 Vinum
3115 1707 3325 1760 quoque
3354 1694 3552 1747 bonum
3573 1704 3687 1758 est;
3717 1693 3822 1747 sed

2223 1774 2344 1842 quia
2375 1775 2724 1831 immoderate
2753 1778 2844 1832 illo
2872 1779 2950 1833 usi
2979 1790 3104 1833 sunt
3124 1780 3318 1846 Judaei,
3345 1783 3460 1850 ejus
3492 1798 3644 1836 usum
3673 1784 3823 1838 Deus

2222 1865 2592 1920 sacerdotibus
2620 1869 2839 1922 omnino
2868 1870 3166 1926 interdixit.
3199 1872 3462 1940 Quoniam
3488 1887 3619 1940 ergo
3645 1883 3696 1925 tu
3721 1889 3818 1926 sa-

2222 1956 2418 2024 pientia
2449 1959 2512 2012 ad
2545 1959 2636 2014 Dei
2670 1960 2978 2030 despectum
3011 1977 3137 2016 usus
3168 1978 3227 2016 es
3255 2005 3268 2028 ,
3300 1973 3351 2017 et
3383 1963 3638 2030 majorem
3667 1962 3817 2015 illam

2222 2049 2444 2116 exegisti
2471 2089 2486 2114 ,
2518 2066 2674 2119 quam
2706 2052 2845 2106 vires
2877 2053 3098 2116 ferrent,
3128 2054 3197 2107 ab
3233 2069 3328 2123 spe
3363 2054 3593 2107 humana
3629 2063 3677 2106 te
3710 2055 3811 2104 .tb-

2220 2137 2455 2204 ducens,
2509 2143 2624 2209 ejus
2653 2140 3018 2199 inﬁrmitatem
3050 2145 3306 2198 ostendit.
3351 2144 3615 2199 Animalis
3663 2146 3811 2197 cnim

2220 2237 2300 2283 est
2325 2271 2338 2294 ,
2369 2230 2458 2299 qni
2491 2239 2656 2284 totum
2686 2231 2776 2284 dat
2810 2233 3015 2302 frigidis
3045 2234 3342 2289 ratiociniis
3366 2277 3378 2298 ,
3429 2245 3482 2290 et
3521 2250 3626 2288 non
3657 2244 3815 2302 putat

2218 2336 2277 2374 se
2327 2322 2435 2374 ullo
2462 2335 2694 2390 superno
2741 2324 2939 2377 auxilio
2989 2340 3122 2392 opus
3164 2326 3362 2380 habere
3395 2367 3409 2388 ,
3467 2325 3610 2394 quod
3661 2337 3815 2379 certe

2219 2416 2448 2466 amentia
2476 2423 2577 2467 est.
2608 2414 2737 2468 Nam
2767 2416 2914 2470 dedit
2942 2416 3083 2469 illam
3113 2418 3266 2476 Deus.
3304 2425 3359 2469 ut
3387 2417 3557 2469 discat
3582 2427 3813 2483 elepem

2217 2519 2366 2557 suam
2406 2505 2663 2573 accipiat;
2718 2522 2824 2560 non
2854 2517 2910 2560 ut
2936 2522 3053 2562 eam
3084 2507 3183 2560 sibi
3213 2507 3312 2573 ipsi
3358 2509 3606 2560 sufﬁcere
3635 2515 3810 2575 putet.

2219 2595 2428 2647 Etenim
2461 2596 2598 2648 oculi
2633 2595 2840 2664 pulchri
2871 2607 2924 2650 et
2954 2599 3110 2650 utiles
3142 2607 3258 2650 sunt
3287 2614 3298 2663 ;
3334 2597 3426 2651 sed
3455 2597 3497 2651 si
3543 2596 3817 2650 voluerint

2216 2686 2332 2739 sine
2363 2685 2481 2741 lucc
2517 2686 2701 2741 videre
2728 2729 2743 2753 ,
2794 2689 2926 2741 nihil
2957 2688 3107 2758 juvat
3138 2690 3255 2743 illos
3298 2689 3673 2760 pulchritudo,
3724 2689 3814 2743 vel

2216 2778 2428 2846 propria
2460 2779 2647 2842 virtus,
2683 2780 2792 2834 imo
2819 2781 2978 2834 etiam
3011 2782 3173 2834 1181111.
3206 2781 3296 2835 Sic
3325 2784 3504 2850 itaque
3530 2781 3732 2845 anima,
3762 2781 3811 2834 si

2216 2869 2442 2922 voluerit
2483 2870 2599 2923 sine
2628 2869 2824 2938 Spiritu
2870 2871 3052 2924 videre
3079 2913 3092 2936 ,
3141 2872 3242 2925 sibi
3274 2873 3370 2940 ipsi
3406 2872 3795 2940 impedimento

2214 2968 2316 3013 est.
2357 2959 2636 3024 Quomodo
2667 2961 2823 3029 igitur
2844 3002 2858 3026 ,
2912 2961 3118 3030 inquies
3139 3002 3154 3026 ,
3187 2962 3414 3016 antehac
3448 2978 3540 3032 per
3567 2964 3806 3028 scipsam

2212 3065 2389 3104 omnia
2418 3051 2677 3105 videbat?
2705 3051 3003 3122 Numquam
3045 3067 3074 3106 a
3117 3054 3312 3122 seipsa,
3345 3054 3436 3107 sed
3467 3053 3653 3107 habuit
3683 3067 3801 3106 rem

2211 3153 2444 3198 creatam
2476 3159 2579 3214 pro
2608 3143 2746 3198 libro
2773 3148 3105 3214 propositam
3140 3147 3192 3199 in
3226 3146 3403 3199 medio
3436 3165 3447 3198 :
3483 3147 3603 3216 quia
3635 3163 3766 3200 vero
3791 3187 3807 3210 ,

2211 3235 2430 3290 dimissa
2473 3237 2555 3289 via
2595 3251 2699 3306 qua
2748 3237 2886 3290 Deus
2927 3237 3090 3306 jussit
3128 3238 3374 3293 homines
3405 3240 3695 3303 incedere,
3751 3250 3809 3293 nt

2211 3342 2308 3396 per
2358 3328 2644 3382 visibilium
2692 3329 3140 3398 pulchritudinem
3189 3341 3410 3385 nossent
3454 3331 3805 3397 Creatorem,

2211 3418 2502 3472 ratiociniis
2531 3417 2768 3474 scientiae
2795 3429 3004 3490 sceptra
3031 3421 3418 3476 commiserunt
3442 3464 3456 3488 ,
3505 3425 3554 3475 in
3588 3423 3809 3491 pelagus

2210 3511 2498 3581 impietatis
2524 3512 2720 3566 inﬁrmi
2765 3512 2939 3566 811⁵8811
2968 3513 3197 3567 demersi
3227 3523 3352 3567 sunt
3380 3553 3394 3577 ,
3439 3513 3616 3565 statim
3645 3515 3810 3582 abys-

2210 3617 2328 3657 sum
2372 3605 2633 3657 malorum
2680 3604 2996 3659 indecentes
3025 3647 3039 3672 ,
3069 3621 3131 3659 ac
3159 3606 3400 3660 dicentes
3433 3606 3563 3659 nihil
3597 3621 3660 3660 ex
3694 3622 3805 3663 non

2207 3695 2541 3750 exstantibus
2568 3695 2703 3761 ﬁeri,
2732 3695 2823 3749 sed
2847 3711 2907 3749 ex
2935 3696 3156 3750 materia
3185 3697 3440 3766 ingenita;
3471 3697 3612 3752 unde
3635 3700 3802 3753 etiam

2210 3786 2446 3842 haereses
2475 3788 2783 3842 innumeras
2828 3798 3156 3858 pepererunt
3186 3808 3198 3841 :
3231 3799 3285 3844 et
3317 3791 3366 3843 in
3397 3791 3462 3843 iis
3486 3805 3604 3859 qua:
3647 3793 3806 3848 valde

2209 3877 2437 3932 absurda
2482 3888 2638 3932 erant
2665 3889 3073 3943 convenerunt;
3123 3881 3172 3932 in
3204 3879 3397 3949 quibus
3438 3890 3615 3934 autem
3649 3881 3803 3936 vide-

2209 3971 2405 4026 bantur
2431 3972 2627 4042 aliqnid
2657 3987 2843 4025 sanum
2883 3977 3030 4040 quasi
3060 3972 3112 4025 in
3147 3972 3331 4025 umbra
3363 3973 3634 4026 simtniare
3663 4015 3677 4039 ,
3711 3973 3803 4026 di-

2208 4066 2341 4119 vulsi
2369 4078 2433 4118 ac
2461 4063 2612 4117 divisi
2642 4073 2800 4128 sunt,
2833 4072 2889 4116 111
2917 4065 3167 4133 utrinque
3206 4064 3602 4118 deridercntur.
3643 4065 3800 4130 Quod

2209 4157 2352 4212 enim
2381 4170 2451 4210 ex
2483 4170 2590 4209 non
2620 4156 2954 4208 exstantibus
2987 4154 3116 4208 nihil
3148 4155 3276 4217 ﬁat,
3311 4170 3414 4207 una
3445 4169 3634 4207 omnes
3664 4169 3802 4222 [lt‘llc

2208 4250 2458 4304 dixerunt
2498 4258 2552 4304 et
2596 4249 2796 4317 scripto
2845 4247 3216 4302 tradiderunt:
3250 4248 3406 4317 idque
3445 4263 3639 4316 magno
3676 4242 3800 4303 etim

2211 4343 2410 4395 studio.
2455 4342 2510 4395 ln
2555 4341 2787 4395 absurda
2816 4339 2995 4408 itaque
3024 4340 3144 4394 illos
3173 4340 3384 4408 impulit
3432 4339 3697 4393 diabolus.
3747 4341 3803 4394 ln

2210 4432 2428 4486 utilibus
2475 4442 2695 4495 autem,
2744 4431 2830 4482 ubi
2883 4431 3203 4483 videbantur
3251 4445 3348 4483 ceu
3413 4430 3466 4482 in
3520 4433 3808 4498 arnigmate

2209 4523 2407 4592 aliquid
2439 4539 2502 4576 ex
2531 4522 2772 4592 quaesitis
2799 4521 3038 4574 invenire
3059 4559 3073 4584 ,
3106 4521 3158 4572 in
3186 4520 3268 4572 his
3294 4560 3307 4582 ,
3339 4520 3580 4588 inquam,
3610 4533 3801 4574 coittra

2211 4630 2268 4668 se
2297 4628 2598 4684 pugnavere
2647 4628 2661 4664 :
2707 4610 2853 4666 verbi
2899 4610 3070 4678 gratia
3100 4649 3114 4671 ,
3162 4608 3308 4677 quod
3362 4609 3684 4662 immortalis
3734 4613 3808 4666 sit

2211 4713 2408 4773 anima,
2433 4707 2574 4779 quod
2597 4707 2765 4760 virtus
2792 4703 2936 4758 nullo
2961 4712 3115 4772 egeat
3136 4711 3482 4756 externorum
3511 4718 3523 4753 :
3546 4716 3608 4753 ac
3630 4718 3804 4772 neque

2211 4819 2274 4858 ex
2305 4801 2623 4856 necessitate
2646 4839 2662 4866 ,
2710 4809 2884 4867 neque
2909 4809 2975 4850 ex
3006 4793 3114 4848 lato
3141 4793 3313 4848 bonos
3359 4793 3474 4847 ﬁeri
3499 4832 3514 4857 ,
3567 4802 3660 4847 aut
3693 4811 3803 4848 ηοη

2213 4894 2364 4948 tales.

2283 4987 2339 5041 5.
2367 4983 2618 5040 Vidistin’
2637 4981 2844 5039 diaboli
2885 4979 3185 5036 malitiam?
3225 4977 3405 5033 Sicubi
3446 4976 3565 5031 11108
3603 4978 3805 5048 aliquid

2213 5088 2523 5147 corruptum
2550 5076 2728 5131 dicere
2750 5074 2912 5134 vidit,
2949 5073 2999 5126 id
3031 5070 3208 5125 emacit
3233 5081 3288 5122 ut
3311 5085 3500 5125 omnes
3528 5073 3804 5127 consenti-

2215 5178 2336 5223 rent
2359 5186 2373 5233 ;
2401 5166 2570 5221 sicubi
2595 5182 2720 5221 vero
2741 5163 2938 5232 aliquid
2963 5175 3149 5214 sanum
3178 5159 3438 5227 proferre,
3461 5161 3597 5216 alios
3617 5173 3805 5216 contra

2218 5259 2363 5327 ipsos
2384 5257 2705 5320 concitavit;
2736 5265 2792 5309 ut
2816 5252 3045 5307 absurda
3075 5267 3180 5305 non
3205 5251 3517 5307 exciderent
3539 5267 3807 5306 consensu

2216 5352 2551 5412 conﬁrmata,
2576 5361 2628 5405 et
2658 5349 2805 5403 utilia
2837 5345 3141 5400 difﬂuerent
3171 5345 3317 5398 varie
3355 5345 3648 5400 intellecta.
3675 5343 3808 5398 Vide

2219 5443 2485 5511 quomodo
2513 5441 2689 5495 anima
2713 5437 2909 5505 ubique
2940 5433 3010 5488 sit
3035 5433 3321 5497 imbecilla,
3353 5449 3525 5504 neque
3551 5433 3652 5485 sibi
3692 5435 3806 5487 sui-

2221 5535 2380 5589 liciat.
2412 5535 2464 5588 Id
2494 5548 2623 5588 vero
2661 5531 2782 5599 jure
2820 5526 3013 5581 merito
3055 5526 3252 5582 factum
3284 5537 3360 5580 est
3417 5525 3473 5580 Si
3513 5521 3655 5577 enim
3685 5538 3808 5581 cum

2221 5631 2341 5686 11118
2367 5633 2499 5685 facta
2527 5629 2617 5694 sit,
2643 5624 2919 5681 contendit
2948 5639 3006 5681 se
3037 5627 3182 5680 nullo
3209 5639 3343 5693 opus
3369 5623 3587 5690 habere,
3616 5633 3671 5677 et
3695 5639 3755 5677 se
3778 5638 3808 5677 a

2224 5727 2331 5780 Dea
2351 5721 2597 5786 abducit;
2628 5719 2727 5774 nisi
2751 5717 2872 5772 talis
2899 5717 3032 5773 facta
3053 5726 3218 5782 esset,
3247 5717 3298 5768 in
3326 5728 3482 5786 quam
3507 5727 3610 5768 non
3635 5728 3830 5771 amen-
