4018 6208
182 377 246 432 ε,
1244 343 1307 398 IN
1350 338 1563 398 EPIST.
1598 339 1616 392 l
1679 337 1772 394 AD

1899 334 1965 391 it.
2008 330 2235 390 HOMIL.
2275 328 2392 390 Ἧι.
3395 355 3465 410 δ,

179 521 313 571 tiam
337 501 648 564 incidisset?
667 499 722 552 Si
748 510 868 552 cum
889 487 1117 555 mortale
1137 496 1331 553 corpus
1355 477 1668 548 accepisset,
1691 487 1763 571 ex

342 596 533 656 diaboli
565 589 921 661 promissione
960 581 1128 636 multo
1167 577 1368 642 majora
1402 565 1764 661 exspectavit;

368 689 530 750 enim,
562 656 751 752 inquit,
780 678 907 733 sicut
933 673 1003 726 dii
1029 669 1180 741 (Gen.
1204 666 1258 721 5.
1283 665 1338 733 5)
1364 679 1376 725 ;
1406 661 1449 715 si
1483 659 1582 712 hoc
1605 656 1766 752 etiam

180 784 248 838 ab
282 780 430 835 initio
459 744 755 842 accepisset
801 760 1127 822 immortale,
1156 770 1261 824 quo
1298 765 1402 807 non
1619 744 1767 842 dela-

184 873 317 943 psa?
339 871 466 926 Nam
496 838 653 920 etiam
686 870 801 932 post
837 853 964 912 illud
991 869 1050 908 se
1076 847 1508 943 itigenitainesse
1532 838 1704 943 dixit;
1718 843 1770 888 et

183 927 248 1019 ex
281 961 511 1017 essentia
547 956 664 1019 Dei,
688 927 789 1022 per
819 945 1086 1019 putridnm
1113 954 1175 994 os
1203 935 1634 1022 Manichmornm.
1662 927 1768 981 0c-

183 1054 400 1109 casioue
422 1050 580 1103 etiam
605 1020 764 1112 hujus
785 1038 956 1094 morbi
980 1032 1226 1118 diabolus
1246 1029 1376 1083 deos
1396 1021 1534 1094 apud
1556 1020 1772 1118 tirtecos

184 1146 408 1200 efﬂuxit.
443 1141 567 1195 Ideo
596 1137 806 1191 videtur
846 1131 975 1185 mihi
1009 1115 1495 1181 Deus—laboriosam
1521 1115 1769 1168 virtutem

188 1240 399 1298 fecisse,
428 1234 657 1286 animam
687 1227 963 1283 inﬂectens
987 1229 1041 1276 et
1065 1217 1332 1273 deducens
1359 1210 1424 1264 ad
1453 1203 1773 1298 moderatio-

189 1346 333 1383 nem.
354 1327 421 1382 Ut
435 1336 610 1378 autem
627 1321 804 1375 discas
826 1317 925 1370 hoc
942 1327 1061 1367 esse
1077 1322 1280 1372 verum,
1296 1311 1351 1356 ut
1371 1302 1489 1372 quis
1506 1315 1570 1354 ex
1598 1297 1771 1367 parvis

189 1434 437 1488 magnum
469 1414 737 1481 conjiciat,
769 1408 995 1476 idipsnm
1021 1400 1288 1454 discamus
1312 1409 1376 1448 ex
1410 1388 1684 1488 lsraelitis:
1710 1385 1771 1438 Hi

188 1477 330 1562 eniiu
364 1523 481 1559 cum
512 1477 669 1557 vit-am
700 1506 915 1567 agerent
941 1507 1045 1545 non
1077 1486 1417 1544 laboriosam,
1443 1491 1496 1534 et
1521 1481 1571 1532 in
1598 1477 1775 1546 quiete

188 1601 478 1669 degerent:
512 1588 987 1649 felicitatenrillam
1021 1597 1124 1636 non
1163 1581 1412 1638 ferentes,
1442 1571 1777 1669 iii-impieta-

191 1658 298 1744 teli]
326 1697 445 1740 sunt
477 1683 699 1752 delapsi.
730 1678 865 1746 Quid
896 1690 1023 1742 ergo
1056 1672 1195 1725 Deus
1225 1663 1450 1738 postea?
1477 1661 1677 1752 Multas
1699 1658 1780 1736 in-N

190 1781 312 1833 tulit
335 1748 742 1846 legi-5,.illorurii
771 1781 959 1821 arcens
983 1762 1271 1817 licentiam.
1296 1756 1362 1810 Et
1389 1763 1447 1809 ut
1469 1752 1641 1846 discas
1664 1748 1777 1802 huic

191 1844 472 1940 le-galiaiatl
509 1866 757 1917 virtutem
789 1873 894 1912 non
923 1853 1187 1914 conferre,
1218 1848 1310 1903 sed
1343 1862 1437 1916 pro
1468 1844 1618 1897 freno
1647 1855 1779 1940 quo:

191 1931 332 2029 piam
362 1957 479 2011 data
511 1955 692 2013 fuisse.
722 1965 841 2020 qu:e
876 1946 968 1998 otii
996 1943 1330 1996 occasionem
1360 1937 1627 1998 tollerent,
1656 1931 1776 1985 andi

190 2049 318 2119 quid
347 2048 412 2100 de
445 2047 547 2099 illis
571 2045 712 2097 dicat
750 2037 1007 2108 propheta
1034 2051 1045 2085 :
1075 2031 1205 2084 Dedi
1248 2030 1351 2083 illis
1394 2035 1644 2119 prtecepta
1679 2040 1780 2119 non

192 2114 324 2195 ὀσηιι
350 2138 560 2206 (Ezecli.
588 2134 677 2188 20.
706 2132 820 2200 9.5).
851 2126 986 2193 Quid
1018 2124 1116 2178 sibi
1145 2122 1258 2176 vult
1285 2119 1433 2181 illud,
1460 2117 1583 2170 Non
1606 2115 1735 2168 bona
1759 2114 1782 2167 ?

191 2231 331 2284 Nihil
363 2242 609 2296 magnum
638 2223 704 2276 ad
734 2222 979 2274 virtutem
1011 2213 1337 2270 conferenlia
1369 2229 1382 2262 ι
1412 2209 1531 2263 ideo
1557 2206 1782 2274 subjun-

191 2322 269 2390 git
299 2338 312 2372 :
337 2316 734 2385 Justi/icatioues
762 2313 813 2364 in
854 2309 1032 2379 quibus
1063 2322 1162 2358 non
1199 2304 1377 2356 vivent.
1413 2299 1659 2352 Animalis
1685 2313 1778 2347 auo

195 2389 291 2465 tem
331 2412 478 2462 homo
525 2422 626 2459 non
673 2404 884 2474 percipit
929 2416 987 2453 ea
1029 2413 1141 2466 qua:
1181 2405 1295 2449 sunt
1329 2393 1572 2461 Spiritus.
1603 2389 1730 2444 Jurc
1762 2403 1776 2441 :

192 2498 639 2570 quemadmodum
668 2496 812 2549 enim
839 2493 920 2546 his
944 2490 1111 2545 oculis
1132 2503 1291 2542 nemo
1313 2482 1556 2538 didicerit
1575 2496 1634 2534 ea
1663 2494 1784 2562 quae

195 2590 246 2646 iii
278 2592 423 2644 ca'lis
453 2598 612 2650 sunt,
642 2587 718 2643 sic
751 2599 849 2638 nec
875 2582 1051 2636 anima
1082 2580 1191 2632 sola
1223 2592 1283 2631 ea
1315 2590 1433 2644 qnze
1463 2581 1587 2627 sunt
1615 2571 1785 2640 Spiri—

194 2696 301 2736 tus.
336 2684 398 2735 lﬂt
425 2681 550 2748 quid
595 2679 716 2731 dico
754 2691 814 2729 ea
855 2689 975 2743 qua:
1005 2673 1055 2724 in
1087 2669 1276 2723 caelis?
1304 2666 1486 2736 Neque
1517 2681 1576 2719 ea
1606 2663 1783 2718 omnia

193 2791 312 2843 qum
335 2776 382 2825 in
410 2782 571 2825 terra.
605 2769 733 2822 Nam
764 2765 947 2835 procul
977 2762 1215 2816 videntes
1239 2762 1422 2813 turrim
1450 2757 1781 2826 quadratam,

194 2863 476 2919 rotundam
521 2877 639 2915 eam
679 2874 801 2913 esse
848 2865 1135 2926 putamus:
1166 2863 1244 2906 est
1285 2860 1464 2906 autem
1508 2848 1783 2902 oculorum

193 2957 438 3023 deccptio
462 2955 584 3008 talis
608 2953 807 3022 opinio.
842 2951 914 3004 lta
943 2950 1103 3004 etiam
1130 2945 1343 3017 quando
1370 2959 1456 2999 res
1489 2937 1668 3012 precul
1694 2956 1785 3011 po-

194 3048 326 3100 sitas
355 3063 446 3115 per
477 3053 712 3098 mentem
749 3043 916 3097 solam
946 3040 1064 3110 quis
1094 3037 1398 3098 examinat,
1426 3035 1626 3087 multus
1655 3048 1786 3087 con-

193 3145 454 3206 sequetur
484 3135 645 3188 risus.
690 3132 802 3185 Non
843 3132 1013 3185 solum
1048 3129 1191 3182 enim
1222 3126 1394 3195 qualia
1423 3125 1512 3178 illa
1550 3124 1658 3177 sint
1683 3138 1786 3176 non

196 3227 419 3282 videbit.
453 3225 546 3278 sed
578 3224 738 3277 etiam
767 3220 1034 3276 contraria
1060 3220 1124 3273 iis
1152 3232 1270 3272 esse
1296 3216 1535 3285 putabit:
1565 3214 1789 3284 ideoque

199 3317 472 3386 snlijnnxit
503 3332 518 3370 :
551 3316 784 3370 Stultitia
815 3313 948 3367 enim
980 3321 1052 3365 est
1079 3311 1176 3363 illi.
1217 3309 1330 3363 lloc
1369 3316 1545 3362 autem
1589 3322 1693 3362 non
1725 3322 1791 3360 ex

202 3413 277 3462 rei
309 3418 494 3461 natura
526 3407 787 3476 provenit,
816 3404 909 3458 sed
936 3419 1001 3458 ex
1025 3401 1387 3456 imbecillitate
1415 3400 1550 3468 ejus,
1573 3400 1660 3468 qui
1687 3413 1790 3451 non

204 3509 379 3568 potest
405 3513 587 3552 eorum
617 3495 1034 3565 magnitudinem
1067 3508 1162 3563 per
1195 3491 1378 3546 oculos
1409 3489 1603 3543 animai
1628 3489 1792 3542 attin-

206 3605 352 3660 gere.
382 3588 579 3644 Deinde
599 3589 714 3657 ejus
735 3587 810 3642 rei
833 3600 1048 3640 causam
1069 3598 1134 3638 ex
1160 3582 1386 3636 adverso
1408 3580 1556 3649 ponit
1575 3580 1792 3634 dicens:

212 3682 346 3747 Quia
385 3697 484 3732 non
520 3680 656 3732 novit
698 3677 834 3747 quod
877 3675 1208 3744 spiritualiter
1242 3675 1574 3727 examinetur.
1605 3670 1658 3745 Id
1684 3679 1795 3738 est,

209 3773 350 3843 quod
381 3787 441 3826 ea
469 3787 589 3842 qua!
615 3771 886 3835 dicuntur,
915 3769 1018 3821 ﬁde
1057 3766 1348 3834 indigeant,
1381 3780 1480 3819 nec
1506 3765 1801 3818 rationibus

209 3863 592 3936 comprehendi
617 3862 822 3933 possint
846 3877 858 3912 :
888 3864 1070 3914 eorum
1100 3856 1295 3926 quippe
1322 3855 1628 3926 magnitudo
1653 3869 1802 3909 men—

215 3961 280 4013 tis
311 3967 506 4011 uostrae
535 3955 787 4008 vilitatem
815 3953 973 4020 longo
1001 3950 1172 4018 spatio
1200 3957 1436 4016 superat.
1464 3948 1804 4015 QuaprOpter

212 4051 324 4103 ait:
359 4051 440 4102 l5.
475 4048 772 4117 Spiritualis
811 4053 976 4096 autem
996 4043 1196 4111 judicat
1223 4040 1392 4117 omnia
1413 4055 1432 4101 ,'
1457 4039 1564 4108 ipse
1588 4046 1752 4090 autem
1773 4053 1806 4090 a

215 4141 414 4194 nemine
438 4109 722 4208 judicatur.
753 4135 885 4189 Nam
916 4133 1003 4202 qui
1033 4131 1209 4196 videt,
1239 4109 1417 4182 omnia
1450 4129 1662 4197 quidem
1692 4129 1807 4197 ipse

216 4234 384 4297 videt,
408 4231 563 4285 etiam
591 4244 653 4283 ea
681 4243 798 4297 qua:
827 4225 892 4280 ad
923 4239 1029 4277 non
1056 4223 1325 4276 videntem
1354 4220 1624 4291 pertinent
1647 4237 1660 4284 ;
1688 4235 1808 4288 quae

218 4333 396 4376 autem
427 4321 592 4389 ipsius
615 4359 632 4385 ,
661 4333 818 4372 nemo
845 4332 949 4370 non
979 4315 1270 4369 videntium
1301 4313 1511 4382 aspicit.
1543 4313 1615 4366 Ita
1638 4312 1809 4366 etiam

222 4427 397 4477 nunc,
427 4418 607 4464 nostra
638 4407 851 4479 quidem
881 4416 934 4466 et
962 4420 1024 4460 ea
1055 4421 1172 4474 qua:
1213 4403 1503 4457 infidelium
1540 4411 1664 4456 sunt
1691 4416 1810 4454 om-

223 4505 310 4558 nia
336 4519 432 4557 nes
462 4503 660 4556 scimus
685 4539 700 4564 ,
734 4507 914 4553 nostra
942 4506 1121 4551 autem
1154 4495 1225 4548 illi
1269 4508 1374 4548 non
1419 4493 1568 4547 item.
1599 4492 1811 4546 Etenim

222 4598 420 4650 scimus
447 4610 565 4664 quae
591 4593 660 4646 sit
692 4591 1031 4664 prtesentium
1065 4604 1241 4642 rerum
1271 4596 1480 4651 natura,
1504 4601 1622 4654 qua:
1645 4586 1715 4638 sit
1735 4583 1816 4638 fu-

226 4698 464 4741 turorum
507 4685 738 4754 dignitas
759 4724 772 4746 ,
805 4681 928 4752 quid
972 4678 1205 4758 mundus
1234 4688 1350 4747 post
1380 4677 1494 4730 lucc
1522 4676 1811 4751 efﬁcietur,

224 4791 280 4834 et
309 4779 432 4848 quid
475 4781 743 4846 patientur
783 4785 1092 4845 peccatores
1117 4813 1130 4836 ,
1163 4771 1354 4842 quibus
1401 4785 1528 4825 vero
1575 4771 1817 4826 fruentur

222 4870 371 4942 justi,
397 4878 450 4923 et
476 4869 614 4938 quod
646 4869 843 4921 nullius
874 4867 1026 4936 pretii
1051 4867 1157 4919 sint
1183 4881 1268 4920 res
1294 4871 1608 4934 praesentes,
1638 4873 1690 4918 et
1715 4865 1817 4918 sci—

228 4978 381 5026 mus,
415 4973 469 5015 et
497 4961 706 5015 illorum
737 4958 992 5011 vilitatem
1034 4957 1306 5025 argnimns
1331 4955 1645 5028 (dijudicare
1671 4954 1818 5014 enim

227 5064 310 5107 est
338 5052 597 5122 arguere)
624 5069 639 5117 ;
671 5061 724 5106 et
761 5050 901 5120 quod
942 5048 1115 5102 futura
1148 5047 1254 5100 sint
1287 5048 1606 5102 immortalia
1632 5056 1686 5102 et
1713 5048 1818 5101 im-

230 5146 468 5199 mobilia.
500 5144 623 5197 lltec
651 5144 828 5197 omnia
856 5141 1000 5195 novit
1025 5138 1337 5210 spiritualis,
1361 5148 1414 5193 et
1441 5141 1564 5209 quid
1592 5141 1824 5208 patietur

229 5235 476 5290 animalis
520 5249 642 5287 cum
683 5235 810 5288 illuc
854 5233 1130 5303 migrarit,
1163 5240 1217 5284 et
1267 5245 1496 5300 quonam
1526 5229 1732 5283 fruetur
1762 5228 1818 5283 ﬁ-

230 5327 367 5382 delis
389 5342 511 5380 cum
537 5324 662 5378 hinc
681 5325 1028 5390 abscesserit,
1056 5339 1281 5394 quarum
1313 5338 1490 5379 rerum
1518 5322 1648 5377 nihil
1677 5323 1824 5378 novit

233 5421 502 5474 animalis.
545 5418 900 5486 Quamobrem
936 5419 1134 5472 claram
1176 5418 1439 5472 dictorum
1482 5418 1822 5472 demonstra-

238 5513 436 5566 tionem
476 5511 803 5580 subjnngcns
848 5507 1060 5563 dicebat
1091 5526 1104 5562 :
1136 5511 1222 5563 16.
1263 5510 1387 5573 Quis
1425 5510 1557 5562 enim
1596 5507 1827 5578 cognovit

239 5619 437 5655 sensum
469 5600 710 5667 Domini,
742 5599 826 5669 qui
852 5599 1062 5652 instruet
1091 5602 1247 5654 eum?
1281 5597 1388 5652 Nos
1416 5608 1585 5652 autem
1612 5607 1826 5652 mentem

239 5692 430 5747 Christi
460 5693 719 5746 Imbemus.
755 5691 808 5747 ld
834 5699 935 5754 est,
967 5704 1028 5743 ea
1055 5706 1174 5759 quce
1202 5693 1252 5745 in
1282 5699 1461 5747 mente
1485 5691 1677 5746 Christi
1706 5701 1830 5746 sunt

242 5801 345 5842 nos
381 5800 615 5854 scnuus,
645 5803 850 5842 necnon
891 5800 952 5840 ea
992 5800 1109 5854 quae
1155 5785 1266 5855 ipse
1307 5786 1416 5840 vult
1458 5795 1509 5840 et
1550 5787 1823 5842 Μινύαι-ιι.

1874 469 2005 536 Quia
2035 471 2176 524 enim
2208 470 2341 527 dixit
2383 474 2634 543 Spiritum
2669 479 2963 547 revelasse;
3002 481 3074 536 ne»
3107 487 3223 551 quis
3265 485 3457 544 Filium

1876 561 2119 629 repellat,
2146 562 2441 633 subjunxit,
2467 566 2626 621 etiam
2649 563 2917 625 Christum
2948 571 3064 629 haec
3093 577 3249 630 nobis
3282 589 3460 633 osten-

1877 650 2019 706 disse
2048 669 2063 706 :
2090 667 2193 706 non
2239 653 2340 708 hoc
2384 655 2601 722 dicens,
2632 673 2730 712 nos
2771 662 2947 714 omnia
2990 679 3108 732 qua:
3155 666 3268 735 ipse
3315 672 3461 722 novit

1877 747 2050 809 seire;
2079 745 2170 798 sed
2202 747 2376 799 omnia
2407 763 2524 816 qua:
2565 752 2762 804 scimus
2804 768 2908 805 non
2943 754 3167 809 humana
3209 773 3328 812 esse
3355 802 3367 824 ,
3404 769 3464 814 ut

1875 834 1982 888 sint
2011 845 2276 903 suspecta,
2302 837 2393 892 sed
2427 840 2620 894 mentis
2649 841 2788 895 illius
2815 853 2868 896 et
2893 846 3202 912 Spiritnalia.

1946 926 1998 979 6.
2028 925 2256 980 Mentem
2286 929 2428 983 enim
2456 946 2613 1000 quam
2643 933 2710 990 dc
2750 933 2832 990 his
2860 935 3116 991 habemus
3135 981 3150 1006 ,
3177 950 3234 994 ut
3262 942 3457 998 Christi

1875 1028 2106 1071 mentem
2136 1018 2425 1085 habemus;
2453 1023 2502 1076 id
2525 1033 2625 1090 est,
2650 1028 3007 1097 cognitionem
3034 1046 3189 1099 quam
3211 1031 3279 1088 de
3301 1035 3460 1090 rebus

1878 1108 1996 1163 lidei
2045 1109 2300 1165 habemus
2325 1153 2338 1177 ,
2379 1115 2707 1183 spiritualem
2748 1118 3043 1184 habemus;
3084 1123 3154 1175 ita
3191 1133 3246 1177 ut
3280 1125 3402 1193 jure
3430 1142 3461 1182 a

1876 1203 2087 1257 nemine
2116 1203 2484 1271 dijudicemur.
2510 1207 2692 1277 Neque
2722 1211 2862 1265 enim
2892 1223 3068 1280 potest
3094 1216 3337 1270 animalis
3367 1218 3466 1272 ho-

1877 1307 1966 1345 mo
1994 1293 2169 1346 divina
2201 1310 2541 1366 cognoscere.
2570 1298 2693 1353 ideo
2715 1303 2945 1368 diccbat,
2979 1306 3102 1372 Quis
3125 1308 3256 1361 enim
3277 1328 3464 1383 cogno-

1877 1385 1945 1437 vit
1983 1396 2192 1439 mentem
2226 1386 2467 1442 Domini?
2495 1401 2726 1446 mentem
2756 1405 2991 1450 nostram
3022 1400 3159 1452 circa
3195 1417 3278 1456 res
3309 1405 3459 1470 istas,

1879 1474 2018 1527 illius
2044 1489 2164 1529 esse
2194 1486 2424 1530 mentem
2451 1477 2653 1534 dicens.
2689 1483 2753 1535 Et
2785 1484 2929 1548 illud,
2963 1486 3060 1551 Qui
3086 1489 3296 1544 instruet
3321 1511 3460 1560 eum,

1880 1580 1982 1618 non
2015 1566 2131 1619 sine
2159 1583 2315 1621 causa
2345 1568 2557 1637 adjecit,
2588 1573 2679 1626 sed
2710 1576 2998 1645 rcSpieicns
3025 1580 3090 1633 ad
3119 1581 3169 1635 id
3191 1582 3328 1652 quod
3344 1585 3464 1653 'jain

1879 1655 2031 1720 dixit,
2056 1655 2386 1724 Spiritualem
2407 1677 2552 1714 nemo
2573 1663 2839 1732 dijudicat.
2864 1669 2918 1723 Si
2941 1671 3082 1725 enim
3108 1689 3265 1728 nemo
3293 1687 3467 1744 potest

1881 1760 2039 1800 nosse
2068 1757 2295 1802 mentem
2332 1751 2558 1815 Domini,
2588 1756 2757 1810 multo
2788 1759 2965 1812 minus
2992 1773 3164 1829 potest
3193 1765 3340 1820 illum
3371 1769 3468 1821 do-

1880 1851 2004 1891 cere
2029 1846 2082 1892 et
2107 1839 2376 1910 corrigere
2408 1860 2421 1895 :
2453 1841 2553 1897 hoc
2582 1845 2721 1898 enim
2763 1847 2863 1901 sibi
2904 1851 3014 1903 vult
3047 1852 3172 1906 illud
3195 1896 3208 1919 ,
3247 1855 3342 1920 Qui
3383 1859 3466 1912 in-

1881 1941 2036 1984 struet
2059 1948 2189 1985 eum.
2221 1933 2406 1988 Viden'
2435 1937 2704 2006 quomodo
2731 1942 2965 2012 undique
3000 1947 3221 2015 repellat
3249 1951 3465 2020 sapien-

1885 2023 2010 2077 tiam
2041 2034 2349 2091 externam,
2381 2037 2436 2082 et
2466 2030 2793 2098 spiritualem
2827 2035 2975 2104 plura
3007 2047 3060 2092 et
3096 2041 3297 2110 majora
3329 2047 3468 2099 scire

1883 2115 2167 2169 ostendat?
2194 2118 2322 2185 Quia
2355 2121 2497 2173 enim
2528 2136 2704 2177 causa:
2733 2123 2839 2179 illa:
2864 2127 3102 2197 (nempe,
3134 2130 3200 2185 Ut
3231 2151 3330 2187 non
3359 2137 3469 2205 glo-

1883 2205 2037 2256 rietur
2061 2209 2222 2258 omnis
2251 2225 2410 2274 caro;
2439 2221 2490 2263 et
2520 2213 2658 2282 quod
2693 2214 2815 2269 ideo
2847 2216 3019 2271 Stulta
3052 2221 3227 2291 elegit,
3262 2236 3314 2277 ut
3342 2243 3469 2280 con—

1885 2296 2116 2364 funderet
2144 2299 2430 2367 sapieutes;
2460 2313 2532 2362 ct,
2567 2302 2632 2356 Ut
2659 2322 2758 2358 non
2791 2321 3053 2362 evacuatur
3082 2329 3208 2366 crux
3235 2315 3467 2386 Christi),

1886 2389 2187 2445 inﬁdelibus
2215 2408 2318 2446 non
2351 2394 2636 2450 admodum
2675 2396 2778 2453 ﬁde
2805 2399 2979 2470 dignae
3010 2419 3182 2474 neque
3214 2407 3469 2463 inducen-

1888 2491 1984 2539 tes,
2021 2483 2101 2535 vel
2136 2485 2453 2540 necessaria!
2479 2496 2532 2540 et
2562 2489 2716 2544 utiles
2747 2491 3064 2548 videbantur
3091 2512 3230 2564 esse,
3256 2499 3474 2556 demum

1885 2571 2104 2638 apponit
2146 2572 2436 2641 principem
2474 2590 2725 2642 causam;
2759 2582 2881 2649 quia
2922 2581 3023 2637 hoc
3054 2589 3284 2642 maxime
3314 2591 3474 2644 modo

1890 2661 2072 2714 videre
2109 2678 2390 2731 possumus
2411 2708 2425 2729 ,
2456 2682 2518 2720 ex
2552 2683 2657 2737 quo
2694 2671 2939 2724 sublimia
2972 2683 3026 2729 et
3053 2692 3247 2731 arcana
3275 2691 3323 2733 et
3356 2699 3474 2750 quae

1887 2769 2044 2821 supra
2079 2770 2172 2807 nos
2202 2766 2321 2808 sunt
2350 2759 2488 2812 scire
2519 2761 2804 2827 possimus.
2837 2762 2968 2817 Nam
3001 2768 3358 2824 evacuahatur
3387 2789 3474 2826 ra-

1890 2845 1983 2906 tio,
2015 2847 2154 2913 quod
2183 2863 2266 2911 ea,
2301 2865 2418 2915 qum
2449 2865 2608 2918 supra
2640 2867 2737 2905 nos
2767 2865 2911 2922 sunt,
2944 2872 3042 2925 per
3082 2868 3354 2914 externam
3386 2877 3474 2916 sa-

1891 2938 2143 3024 pientiam
2174 2940 2630 3008 comprehendere
2659 2959 2762 2996 non
2798 2960 3095 3013 possemus.
3132 2952 3313 3005 Viden‘
3335 2956 3477 3023 quod

1889 3032 1966 3083 sic
2014 3032 2180 3100 magis
2219 3031 2532 3086 conferebat
2574 3034 2815 3090 ediscere
2856 3053 2884 3090 a
2929 3039 3174 3107 Spiritu?
3217 3053 3296 3096 est
3334 3047 3476 3099 enim

1896 3120 2012 3174 hate
2049 3121 2290 3174 doctrina
2336 3134 2388 3176 et
2429 3123 2675 3180 facillima
2717 3137 2769 3181 et
2805 3128 3122 3187 clarissima.
3165 3131 3276 3187 Nos
3314 3147 3480 3190 autem

1891 3225 2104 3267 utentem
2135 3214 2320 3269 Christi
2350 3215 2603 3271 habemus.
2650 3219 2758 3273 lloc
2798 3230 2913 3286 est,
2945 3223 3277 3290 spiritualem
3300 3268 3313 3290 ,
3343 3227 3481 3280 divi-

1899 3323 2020 3361 nam
2045 3349 2060 3372 ,
2094 3308 2380 3362 humanmn
2413 3309 2542 3362 nihil
2584 3309 2893 3366 habentem.
2926 3312 3041 3366 Non
3074 3317 3216 3370 enim
3247 3318 3488 3375 Platonis

1895 3414 1994 3453 nec
2023 3398 2333 3469 Pythagora:
2357 3416 2535 3467 sensa,
2563 3402 2656 3456 sed
2685 3401 2929 3458 Christus
2958 3419 3054 3459 sua
3086 3409 3250 3462 menti
3285 3422 3485 3465 nostra:

1897 3491 2103 3550 indidit.
2135 3490 2256 3544 ldeo
2279 3491 2435 3560 igitur
2462 3491 2663 3560 pudore
2683 3493 2998 3561 afﬁciantur,
3024 3497 3222 3562 dilecti,
3248 3509 3302 3553 et
3324 3501 3483 3555 vitam

1896 3582 2248 3638 exhibeamns
2277 3584 2532 3654 optimam
2564 3604 2575 3637 :
2606 3587 2819 3656 quando
2844 3597 2897 3643 et
2929 3589 3042 3658 ipse
3077 3589 3178 3645 hoc
3208 3591 3331 3646 facit
3376 3611 3491 3647 ma-

1898 3691 2016 3745 gnre
2039 3675 2286 3729 amicitim
2310 3686 2704 3746 argumentum,
2728 3694 2850 3733 cum
2874 3679 3027 3733 nobis
3047 3696 3236 3734 arcana
3265 3686 3485 3748 revelat,

1901 3767 2086 3822 dicens
2121 3785 2134 3820 :
2170 3767 2289 3821 Non
2327 3769 2440 3838 jam
2477 3777 2564 3823 vos
2601 3770 2768 3822 dicam
2807 3787 2974 3824 servos
3001 3787 3020 3825 :
3046 3789 3217 3825 omnes
3243 3774 3372 3826 enim
3405 3793 3490 3831 ros

1902 3861 2054 3913 amici
2092 3861 2187 3912 mei
2217 3860 2332 3914 estis
2361 3876 2378 3912 :
2413 3861 2530 3930 quia
2561 3863 2732 3913 omnia
2766 3878 2881 3930 qua:
2917 3863 3089 3915 audivi
3125 3880 3156 3916 a
3196 3863 3353 3918 Patre
3383 3883 3491 3920 meo

1904 3951 2199 4004 annnntiavi
2224 3950 2360 4004 vobis
2389 3952 2583 4020 (Joan.
2629 3953 2716 4007 15.
2751 3952 2890 4024 15);
2925 3952 2975 4008 id
3007 3963 3109 4021 est,
3142 3970 3261 4008 cum
3304 3955 3491 4012 fiducia

1908 4041 2099 4096 tradidi
2128 4041 2297 4095 vobis.
2334 4042 2389 4097 Si
2416 4052 2592 4098 autem
2627 4043 2727 4098 hoc
2756 4045 2928 4099 solum
2957 4055 3040 4100 est
3065 4045 3313 4101 amicitiae
3340 4063 3497 4117 argn-

1908 4145 2145 4190 meutum
2166 4177 2180 4203 ,
2213 4134 2410 4201 ﬁdere;
2442 4151 2561 4191 cum
2603 4138 2774 4206 palam
2805 4138 2876 4192 sit
2902 4152 3022 4191 eum
3053 4153 3155 4193 n0u
3190 4139 3347 4192 modo
3373 4155 3497 4194 cum

1911 4228 2102 4283 ﬁducia
2126 4229 2406 4302 verborum
2436 4229 2687 4300 mysteria
2721 4227 3022 4293 tradidisse,
3053 4230 3146 4282 sed
3175 4230 3359 4284 eadem
3386 4232 3497 4297 ipsa

1910 4320 2163 4389 operibus
2194 4320 2345 4375 nobis
2375 4320 2615 4389 largitum
2648 4334 2767 4373 esse
2788 4361 2802 4380 ,
2833 4319 3004 4389 eogita
3033 4329 3245 4388 quantm
3277 4320 3401 4374 illud
3433 4321 3502 4373 sit

1913 4413 2182 4465 amicitiae.
2235 4412 2342 4466 llac
2383 4426 2510 4481 ergo
2549 4411 2615 4465 de
2656 4427 2715 4466 re
2761 4411 2965 4481 pudore
3002 4406 3298 4465 afﬁciamnr
3328 4432 3339 4465 :
3373 4413 3500 4467 etsi

1917 4505 2058 4558 nulla
2087 4504 2240 4559 nobis
2273 4517 2413 4560 tanta
2445 4504 2703 4558 habeatur
2725 4505 2986 4574 gehennre
3017 4504 3153 4558 ratio
3177 4520 3192 4569 ;
3220 4514 3275 4557 at
3312 4505 3379 4557 sit
3408 4519 3506 4558 uo-

1916 4596 1998 4650 bis
2040 4596 2280 4666 gehenna
2321 4597 2642 4660 terribilius,
2675 4595 2816 4663 quod
2859 4609 2984 4663 erga
3021 4595 3156 4649 adeo
3192 4596 3420 4649 amicum
3453 4605 3508 4650 et

1917 4689 2214 4743 beneﬁcum
2240 4688 2428 4756 ingrati
2454 4688 2620 4740 simus
2643 4703 2657 4740 :
2682 4701 2855 4754 neque
2882 4693 2938 4738 ut
2961 4687 3274 4740 mercenarii
3302 4686 3504 4753 famuli,

1919 4781 2011 4834 sed
2039 4788 2095 4834 ut
2122 4779 2212 4833 ﬁlii
2242 4787 2296 4833 et
2323 4777 2474 4833 liberi
2498 4778 2676 4831 omnia
2701 4775 2957 4831 faciamus
2982 4785 3200 4846 propter
3220 4779 3508 4833 amicitiam

1922 4869 2128 4934 Patris;
2158 4876 2214 4923 et
2243 4867 2456 4922 tandem
2487 4881 2762 4922 cessemus
2792 4867 2990 4921 mundo
3030 4866 3226 4922 addicti
3268 4884 3388 4923 esse
3408 4910 3424 4934 ,
3454 4879 3512 4924 nt

1921 4960 2079 5014 etiam
2107 4967 2293 5029 gentes
2321 4957 2525 5029 pudore
2549 4957 2858 5012 afﬁciamus.
2889 4956 3017 5009 Nam
3046 4971 3186 5010 nunc
3207 4973 3326 5011 cum
3352 4960 3510 5014 velim

1924 5061 2109 5106 contra
2141 5052 2262 5106 illos
2287 5049 2581 5120 disputare,
2605 5063 2794 5106 renuo.
2825 5063 2893 5101 uc
2919 5047 3045 5112 dum
3070 5047 3189 5102 illos
3217 5050 3519 5106 ratiOnibns

1925 5153 1978 5197 et
2007 5143 2312 5212 dogmatum
2346 5142 2570 5195 veritate
2612 5139 2875 5193 vincimus
2896 5179 2911 5204 ,
2946 5139 3216 5208 ingentem
3255 5140 3408 5194 nobis
3440 5141 3520 5193 ri-

1928 5251 2148 5290 sum/ex
2187 5234 2309 5288 vitae
2349 5234 2749 5302 comparatione
2791 5232 3079 5287 inferamus
3110 5250 3122 5284 :
3153 5231 3366 5300 quando
3411 5233 3517 5292 illi,

1931 5327 2020 5396 qui
2051 5324 2222 5380 errori
2253 5323 2450 5378 addicti
2490 5333 2653 5388 sunt,
2682 5332 2736 5378 et
2773 5322 2860 5392 qui
2901 5321 3031 5375 nihil
3060 5320 3363 5389 hujusmodi
3398 5337 3513 5390 per-

1932 5434 2146 5475 suasum
2174 5416 2391 5482 habent,
2416 5415 2764 5485 philosoliliia:
2785 5414 2913 5466 dant
2939 5427 3192 5480 Operam;
3221 5429 3316 5466 nos
3338 5422 3520 5464 autem

1936 5513 2094 5582 plane
2118 5509 2443 5563 contrarium
2478 5508 2722 5562 facimus.
2753 5503 3000 5559 Attamen
3031 5503 3202 5558 dicam
3238 5521 3252 5556 :
3283 5503 3525 5558 fortassis

1933 5604 2076 5658 enim
2101 5641 2116 5664 ,
2149 5600 2390 5655 fortassis
2429 5599 2684 5653 adversus
2727 5596 2867 5654 illos,
2891 5611 3127 5667 pugnare
3163 5594 3518 5662 meditantes,

1933 5696 2038 5748 vita
2072 5692 2236 5747 etiam
2278 5691 2380 5744 illis
2423 5690 2668 5743 meliOres
2708 5686 2848 5742 efﬁci
2893 5692 3299 5741 contendcmns.
3343 5685 3526 5755 Nuper

1937 5788 2211 5852 dicebam,
2257 5784 2528 5853 apostolos
2569 5796 2630 5836 ea
2672 5797 2791 5851 quae
2835 5779 3195 5851 praedicarunt
3233 5791 3523 5848 numquam
