4018 6208
529 359 602 414 115
1264 350 1324 409 8.
1353 346 1630 408 JOANNIS
1667 341 2141 405 CHRYSOSTOMI
2179 337 2494 396 ARClllEP.
2538 338 3069 397 CONSTANTINOP.
3749 348 3820 402 δι

523 471 911 546 prmdieatirros
949 469 1112 523 fuisse
1135 508 1148 527 .
1191 466 1293 521 nisi
1322 464 1500 521 divina
1542 469 1793 518 movente
1827 460 2030 531 gratia;
2060 468 2115 515 et

523 582 628 620 non
675 563 837 618 modo
878 561 930 615 id
970 576 1074 614 non
1104 557 1442 630 perfecturos
1465 599 1479 624 ,
1510 555 1604 609 sed
1641 569 1814 625 neque
1841 552 1939 608 hac
1964 552 2030 607 de
2057 566 2118 606 re

521 656 917 711 consultaturos
938 653 1120 706 fuisse.
1144 650 1255 720 Age
1276 664 1426 715 vero,
1451 646 1611 703 hodie
1632 661 1842 717 quoque
1861 660 1978 700 cam
2000 658 2115 699 rem

521 747 872 809 excutiamus,
900 742 1371 810 ostendamusque,
1402 755 1506 792 non
1538 739 1772 806 potuisse
1799 751 1892 791 eos
1921 734 1970 789 id
1999 749 2117 789 sus-

519 838 700 906 cipere
728 835 809 889 vel
836 835 1071 902 cogitare
1091 874 1105 896 ,
1133 833 1234 886 nisi
1277 829 1314 883 C
1374 831 1546 884 ’15111111
1569 843 1750 884 secum
1776 827 2114 888 habuissent;

519 946 625 983 tton
667 929 791 998 quia
841 925 1092 980 imbecilli
1135 923 1396 977 adversus
1437 921 1636 985 fortes;
1663 935 1767 973 non
1797 919 1918 989 quia
1966 917 2116 985 pauci

518 1029 703 1075 contra
747 1017 985 1081 multos;
1034 1029 1140 1069 non
1180 1015 1300 1083 quia
1347 1026 1610 1083 pauperes
1653 1019 1842 1065 contra
1882 1008 2114 1069 divites;

519 1125 626 1163 non
654 1107 777 1177 quia
808 1105 1003 1160 indocti
1030 1113 1213 1158 contra
1242 1105 1515 1172 sapientes
1542 1102 1712 1156 aciem
1742 1100 2074 1155 instruebant
2100 1117 2112 1153 :

518 1200 614 1255 sed
642 1200 762 1269 quia
793 1198 1149 1268 prmjudicata:
1173 1197 1438 1266 opinionis
1468 1212 1658 1265 magna
1688 1196 1766 1248 vis
1793 1203 1927 1249 erat.
1957 1193 2116 1248 Scitis

519 1294 661 1348 enim
709 1292 841 1344 nihil
881 1291 1018 1360 apud
1064 1290 1309 1345 homines
1352 1289 1575 1343 validius
1613 1303 1734 1342 esse
1757 1286 1953 1341 veteris
1981 1300 2114 1338 con-

517 1383 813 1437 suetudinis
839 1381 1139 1452 tyrannide.
1165 1380 1523 1447 Quamobrem
1546 1379 1754 1433 etiamsi
1787 1393 1889 1431 non
1915 1377 2118 1431 duode-

517 1475 621 1527 cim
646 1483 849 1526 tantum
875 1485 1099 1526 numero
1125 1471 1372 1534 fuissent,
1397 1484 1570 1539 neque
1600 1469 1669 1521 ita
1698 1469 1829 1522 viles
1857 1478 1911 1521 et
1933 1469 2116 1536 quales

518 1577 699 1630 erant;
739 1563 834 1618 sed
873 1564 1012 1617 alius
1039 1563 1187 1617 orbis
1216 1561 1403 1615 fuisset
1432 1561 1555 1614 huic
1585 1575 1698 1628 par,
1727 1574 1789 1614 ac
1816 1559 2114 1612 multitudi-

519 1671 640 1710 nem
682 1655 999 1709 habuissent
1038 1652 1416 1719 adversassibi
1462 1651 1754 1719 mqualcm,
1799 1649 1906 1702 imo
1946 1647 2115 1702 muito

518 1747 777 1816 majorem
798 1785 812 1808 ,
842 1745 919 1798 sic
948 1759 1159 1814 quoque
1187 1717 1419 1797 difficilis
1449 1717 1539 1796 res
1565 1740 1774 1795 fuisset.
1814 1739 1923 1793 illis
1963 1754 2115 1793 nam-

519 1854 622 1908 que
665 1853 820 1905 Opem
867 1837 1068 1890 ferebat
1113 1833 1443 1889 consuetudo
1467 1873 1482 1896 ,
1512 1832 1593 1885 his
1620 1846 1750 1884 vero
1782 1830 1990 1883 novitas
2017 1828 2114 1881 ad-

519 1930 852 1983 versabatur.
891 1927 1035 1981 Nihil
1077 1928 1219 1980 enim
1263 1926 1332 1978 ita
1373 1925 1551 1977 turbat
1598 1923 1833 1974 animant
1859 1962 1872 1984 ,
1905 1920 2112 1972 etiamsi

519 2020 646 2072 utile
689 2019 960 2087 quidpiam
1001 2015 1362 2085 aggrediatur,
1394 2021 1452 2065 ut
1497 2014 1751 2064 innovare
1790 2018 1844 2063 ct
1883 2009 2116 2078 peregri-

519 2128 644 2164 num
696 2110 821 2178 quid
868 2109 1159 2171 inducere,
1193 2108 1424 2160 maxime
1450 2120 1570 2160 eum
1601 2105 1668 2158 de
1705 2104 1850 2158 cultu
1892 2103 2112 2172 religio-

519 2203 598 2253 nis
645 2210 697 2252 et
744 2199 810 2253 de
865 2200 958 2253 1101
1006 2198 1170 2264 gloria
1201 2199 1392 2266 agitur.
1444 2198 1506 2250 Et
1528 2206 1725 2265 quanta
1755 2197 1822 2248 sit
1852 2195 2007 2263 hujus
2035 2195 2110 2248 rei

516 2292 612 2348 vis,
641 2291 748 2357 jam
781 2290 955 2358 palam
990 2287 1200 2341 faciam.
1253 2289 1430 2341 l’rimo
1469 2287 1594 2340 illud
1626 2286 1800 2340 dicam
1825 2326 1839 2350 ,
1884 2286 2109 2340 alteram

516 2385 677 2436 fuisse
705 2383 1070 2437 difficultatem
1100 2384 1241 2435 circa
1275 2380 1510 2435 10111005.
1542 2380 1672 2433 Nam
1703 2381 1844 2449 quod
1880 2381 1942 2432 ad
1981 2395 2110 2448 gen-

515 2479 634 2528 tiles
651 2486 876 2542 spectat,
897 2484 950 2528 et.
971 2475 1099 2528 deos
1119 2485 1168 2526 et
1192 2475 1438 2541 dogmata
1463 2474 1671 2526 illorum
1703 2473 2112 2526 i.:onfutabantur

513 2568 690 2617 omnia
718 2583 731 2628 ;
763 2566 903 2633 apud
931 2564 1143 2620 Judmos
1176 2575 1352 2617 autem
1380 2578 1482 2618 non
1514 2564 1583 2617 ita
1613 2564 1953 2632 disputabant
1978 2579 2003 2623 :_
2019 2562 2110 2615 sed

510 2675 574 2711 ex
609 2659 946 2724 dogmatibus
978 2657 1140 2710 multa
1171 2656 1519 2724 abrogabanl,
1548 2656 1714 2707 Deum
1755 2669 1881 2707 vero
1910 2654 1997 2721 qui
2031 2653 2110 2706 le—

512 2765 630 2815 gem
681 2758 934 2817 posuerat
977 2747 1205 2800 adorare
1247 2746 1508 2813 iubebant
1549 2761 1563 2795 :
1607 2752 1661 2797 et
1703 2759 1824 2798 011111
1870 2743 2121 2797 dicerent

511 2847 764 2906 oportere
793 2837 1150 2905 lcgislatorem
1182 2835 1389 2898 colere,
1420 2835 1716 2900 addebant,
1752 2835 1826 2888 Ne
1858 2835 1904 2887 in
1935 2835 2108 2887 omni-

510 2928 610 2980 bus
654 2927 968 2994 obsequaris
1014 2928 1112 2994 legi
1158 2925 1224 2977 ab
1264 2926 1355 2978 illo
1383 2927 1608 2993 positae;
1641 2925 1788 2980 verbi
1819 2925 2024 2994 gratia.
2056 2925 2107 2978 in

509 3019 887 3071 observatione
916 3018 1141 3079 sabbati,
1173 3026 1262 3069 aut
1291 3017 1735 3079 circumcisionis,
1766 3025 1855 3067 aut
1902 3016 2108 3068 sacrifi-

509 3109 711 3162 ciorum
731 3151 743 3172 ,
773 3117 864 3162 aut
904 3109 1131 3160 aliorum
1178 3107 1450 3160 similium.
1483 3107 1663 3175 itaque
1691 3121 1796 3160 non
1831 3106 1988 3160 modo
2019 3121 2075 3158 sa

508 3202 769 3254 oriﬁcium
816 3199 1202 3267 impedimento
1240 3207 1391 3263 erat;
1431 3199 1524 3254 sed
1568 3201 1726 3253 etiam
1770 3201 1945 3269 quod,
1987 3215 2108 3253 cum

511 3293 677 3346 Deum
707 3293 957 3361 juberent
985 3293 1233 3356 adorare,
1267 3293 1460 3345 multas
1491 3293 1653 3361 ipsius
1678 3293 1820 3361 leges
1848 3293 2109 3361 abrogare

509 3385 881 3453 prarcipercnt.
925 3384 1079 3453 Apud
1117 3384 1346 3452 gentiles
1383 3395 1558 3437 autem
1602 3399 1791 3452 magna
1833 3393 1950 3437 erat
1974 3398 2106 3437 con-

507 3477 808 3530 SUetudinis
840 3477 1098 3546 tyrannis.

578 3570 630 3622 7.
678 3568 889 3622 Etenim
935 3569 1142 3622 etiamsi
1191 3569 1376 3622 decem
1416 3583 1677 3621 annorum
1730 3578 1958 3634 tantum,
2009 3583 2110 3623 nec

505 3660 627 3713 dico
659 3660 789 3712 tanti
836 3660 1126 3728 temporis;
1175 3660 1275 3712 etsi
1327 3674 1614 3726 paucorum
1666 3657 1964 3723 hominum,
2008 3672 2107 3712 nec

507 3751 626 3805 11100
652 3750 813 3803 totius
839 3750 986 3802 orbis
1009 3747 1448 3802 consuetudinem
1475 3749 1710 3818 aggressi
1740 3748 1812 3800 illi
1843 3746 2064 3802 fuissent
2089 3765 2102 3799 :

508 3846 586 3896 sic
628 3857 839 3912 quoque
887 3842 1109 3895 mutatio
1150 3840 1383 3893 difficilis
1417 3842 1621 3895 fuisset.
1665 3840 1819 3894 Nunc
1847 3851 2023 3899 autem
2054 3848 2108 3894 et

511 3932 768 4001 sophista:
801 3941 855 3985 et
879 3940 1123 3985 oratores
1145 3941 1198 3984 et
1227 3940 1401 3999 patres
1425 3939 1478 3984 ct
1497 3931 1579 3983 avi
1605 3940 1656 3983 01
1679 3931 1851 3996 abavi,
1883 3940 1936 3984 et
1957 3929 2108 3984 multi

511 4023 879 4091 antiquiores,
926 4036 1110 4074 errore
1157 4028 1311 4072 erant
1363 4020 1712 4088 prmoceupati
1766 4036 1780 4074 :
1835 4029 1889 4073 et
1930 4028 2104 4086 terra,

515 4130 684 4176 mare,
726 4119 972 4174 montes,
1018 4111 1204 4172 saltus,
1256 4111 1607 4163 barbarorum
1660 4109 1840 4163 omnia
1885 4125 2104 4179 genera,

515 4204 823 4259 Graecorum
849 4201 1028 4271 populi
1054 4215 1261 4264 omnes,
1286 4200 1574 4268 sapientes,
1596 4199 1795 4264 idiotm,
1820 4199 2107 4269 principes,

517 4298 737 4359 subditi,
762 4296 1019 4349 mulieres
1037 4305 1090 4348 ct
1108 4293 1228 4360 viri,
1247 4293 1478 4361 juvenes
1493 4303 1545 4345 et
1563 4307 1741 4357 senes,
1761 4291 1936 4345 licriet
1952 4290 2112 4354 servi,

516 4389 768 4457 agricola}
791 4395 845 4440 et
866 4385 1119 4448 artifices,
1147 4385 1233 4452 qui
1260 4384 1420 4436 urbes
1441 4393 1493 4435 et
1519 4383 1609 4450 qui
1639 4382 1785 4434 vicos
1807 4379 2109 4433 incolebant

516 4493 724 4533 omnes.
761 4477 828 4531 Et
851 4491 944 4546 par
965 4483 1079 4531 erat
1102 4476 1221 4528 illos
1244 4489 1432 4528 omnes
1452 4471 1868 4526 catechumenos
1888 4471 2067 4523 dicere
2091 4484 2106 4522 :

513 4572 650 4640 Quid
681 4571 784 4626 hoc
805 4569 924 4625 est?
956 4582 1213 4623 omnesne
1242 4566 1330 4636 qui
1361 4566 1546 4619 orbem
1588 4563 1828 4617 incolunt
1858 4570 1982 4614 sunt
2008 4560 2108 4614 de-

514 4664 690 4735 copti?
722 4662 1001 4732 sejiliisun,
1035 4669 1300 4725 oratores,
1345 4656 1675 4728 philosophi,
1712 4655 2025 4722 scriptores,
2054 4663 2109 4708 et

520 4755 604 4823 qui
651 4751 792 4806 nunc
819 4761 944 4804 sunt
986 4759 1040 4805 et
1084 4753 1172 4818 qui
1217 4758 1342 4803 ante
1384 4748 1622 4815 fuerunt,
1676 4746 2010 4818 Pythagoras
2054 4755 2110 4799 et

518 4845 690 4908 Plato,
717 4841 903 4908 duces,
949 4841 1221 4906 consules,
1257 4838 1630 4908 imperatores,
1663 4840 1874 4894 urbium
1904 4841 1972 4896 ab
2008 4838 2111 4894 1111-

513 4936 589 4989 110
619 4933 764 4988 cives
794 4940 843 4987 et
874 4928 1207 4994 fundatores,
1241 4927 1453 4982 barbari
1480 4939 1536 4982 et
1571 4929 1788 4984 Graeci?
1822 4939 1875 4984 et
1901 4930 2112 4986 duode-

512 5029 618 5082 cim
646 5026 944 5098 piscatores
974 5037 1038 5077 ac
1065 5021 1418 5077 tentoriorum
1448 5019 1685 5074 artifices
1728 5029 1888 5091 atque
1929 5022 2108 5092 publi-

514 5119 657 5183 cani,
704 5118 811 5172 illis
857 5115 1109 5171 omnibus
1138 5121 1264 5168 sunt
1307 5113 1708 5183 sapientiores?
1746 5123 1800 5168 et
1837 5114 1958 5183 quis
1997 5115 2110 5168 11100

515 5210 656 5262 ferre
682 5207 956 5278 potuerit?
983 5207 1229 5260 Attamen
1256 5206 1369 5260 11100
1395 5219 1499 5259 11011
1530 5202 1801 5272 dixerunt,
1830 5219 1930 5259 nec
1957 5205 2107 5275 cogi-

517 5309 718 5365 tarunt,
745 5300 836 5354 sed
865 5300 1028 5368 quieti
1069 5299 1405 5363 sustinuere;
1439 5307 1810 5368 noveruutque
1839 5298 1960 5354 illos
1988 5312 2108 5354 esse

518 5393 759 5449 omnium
808 5390 1231 5458 sapientissimos
1264 5407 1277 5442 :
1310 5388 1536 5457 ideoque
1579 5403 1769 5444 omnes
1815 5403 2106 5458 superave-

524 5494 666 5538 runt.
699 5481 763 5535 Et
791 5490 848 5533 ut
875 5478 1070 5546 discas,
1113 5488 1314 5550 quanta
1365 5481 1435 5533 sit
1470 5479 1553 5534 vis
1595 5479 2018 5545 consuetudinis,
2045 5495 2105 5534 ea

525 5573 614 5629 Dei
646 5579 910 5643 praecepta
938 5585 1080 5639 smpe
1107 5570 1398 5641 superavit.
1429 5572 1494 5625 Et
1516 5571 1641 5642 quid
1662 5571 1782 5628 dico
1806 5573 2109 5643 prmcepta?

520 5660 637 5729 Ipsa
671 5678 880 5733 quoth
917 5660 1198 5715 beneficia.
1226 5659 1397 5718 ,11111101
1425 5662 1568 5717 enim
1599 5676 1792 5716 manna
1827 5663 2102 5730 habentes,

521 5756 829 5823 qoazrebant
859 5752 1016 5820 allia;
1055 5760 1107 5809 ct
1148 5753 1394 5814 libertate
1422 5757 1688 5824 fruentes,
1723 5756 1996 5811 servitutis
2023 5768 2103 5809 re-

2224 454 2588 511 cordabantur
2631 465 2685 510 et
2733 453 3024 526 Egyptum
3074 453 3382 524 frequenter
3434 455 3688 524 aptabant
3743 461 3818 514 ob

2224 545 2704 610 consuetudinem;
2751 545 2887 600 adeo
2932 547 3209 617 tyrannica
3238 555 3319 602 est
3345 548 3699 603 consuetudo.
3748 547 3817 602 Et

2232 637 2275 690 si
2305 637 2434 691 velis
2473 637 2635 692 etiam
2666 637 2733 692 ab
2777 638 2979 692 exteris
3029 637 3080 692 id
3125 637 3354 704 discere,
3402 640 3598 695 dicitur
3637 640 3814 702 Plato,

2223 726 2432 781 etiarnsi
2464 727 2628 797 probe
2655 729 2815 783 sciret
2841 743 3078 783 errorem
3103 744 3221 784 esse
3246 744 3330 795 ea,
3363 747 3480 801 qua:
3509 731 3576 786 de
3605 732 3711 786 diis
3735 731 3820 784 di-

2222 816 2503 882 cebantur,
2531 816 2596 870 ad
2629 815 2796 872 festos
2819 818 2935 872 dies
2959 819 3213 874 colendos
3241 830 3296 874 et
3321 823 3384 874 ad
3408 831 3602 876 01010111
3634 821 3814 875 omnia

2221 922 2280 963 se
2306 907 2608 974 demisisse,
2654 919 2712 964 ut
2741 912 2969 980 quinon
3020 921 3203 982 posset
3240 915 3684 970 consuetudinem
3717 915 3814 967 im-

2221 1015 2482 1069 pugnare,
2512 1015 2576 1055 ac
2607 1017 2667 1056 re
2695 1001 2808 1072 ipsa
2842 1018 2872 1056 a
2914 1006 3170 1072 magistro
3215 985 3319 1058 hoc
3356 1005 3670 1060 edidicerat.
3718 1006 3816 1061 1110

2222 1093 2364 1146 0111111
2396 1109 2516 1148 011111
2543 1095 2596 1148 111
2625 1096 2989 1163 suspicionem
3021 1097 3386 1153 innovationis
3416 1100 3670 1165 venisset,
3705 1111 3818 1154 tan-

2223 1194 2332 1238 tum
2361 1186 2529 1240 abfuit
2558 1197 2612 1240 ut
2639 1187 2783 1256 quod
2814 1188 3032 1258 optabat
3063 1192 3364 1259 perficeret,
3392 1191 3624 1245 utetiam
3650 1192 3814 1244 vitam

2221 1280 2484 1344 amiserit,
2515 1282 2723 1336 etiamsi
2748 1283 2994 1351 apologia
3017 1293 3454 1386 seseJturgassct.
3479 1284 3612 1349 Quot
3648 1284 3814 1338 etiam

2221 1387 2362 1425 nunc
2391 1373 2632 1426 videmus
2673 1373 2918 1428 homines
2946 1390 3011 1429 ex
3051 1373 3400 1444 pracjudicata
3454 1377 3710 1445 opinione
3758 1377 3813 1430 in

2222 1463 2492 1531 impietate
2522 1465 2787 1532 detentos,
2824 1466 2913 1534 qui
2946 1466 3076 1519 nihil
3123 1478 3346 1536 possunt
3390 1466 3582 1524 rationi
3614 1481 3815 1522 conso-

2221 1569 2345 1607 tuun
2374 1555 2575 1620 dicere,
2621 1572 2742 1611 cum
2792 1567 3113 1612 accusantur
3153 1559 3294 1627 quod
3334 1569 3386 1611 ut
3428 1560 3653 1628 gentiles
3684 1573 3812 1613 5011-

2221 1646 2372 1706 1111111,
2404 1646 2747 1716 allegantquc
2783 1658 2982 1717 patres,
3018 1665 3146 1703 avos
3186 1659 3237 1703 et
3266 1651 3532 1718 proavos?
3563 1649 3684 1702 Ideo
3712 1665 3812 1704 ex-

2221 1746 2455 1791 terorum
2499 1738 3198 1805 quidam‘Consucludinem
3228 1739 3517 1794 secundam
3565 1751 3814 1795 naturam

2219 1839 2431 1880 vocant.
2463 1828 2593 1880 Cum
2623 1836 2802 1882 autem
2832 1828 2885 1882 in
2918 1829 3258 1897 dogmatibus
3281 1832 3614 1884 consuetudo
3637 1832 3811 1895 adest,

2221 1934 2279 1970 ea
2338 1917 2542 1972 firmior
2591 1929 2672 1973 est
2731 1937 2745 1973 :
2799 1920 2977 1973 omnia
3031 1922 3174 1974 enim
3230 1922 3434 1976 facilius
3489 1925 3818 1977 mutaverint

2219 2031 2374 2083 quam
2410 2015 2630 2069 cultum.
2673 2017 2736 2069 Et
2779 2016 2952 2085 pudor
2996 2031 3102 2069 una
3149 2031 3269 2070 cum
3316 2016 3701 2071 consuetudine
3743 2017 3810 2068 ad

2220 2105 2617 2174 impediendum
2642 2108 2768 2160 satis
2791 2118 2926 2167 erat,
2955 2117 3008 2160 et
3029 2106 3472 2174 quod-vidcantur
3494 2109 3544 2160 in
3567 2117 3811 2161 extrema

2193 2208 2490 2253 senectute
2531 2198 2830 2262 dediscere,
2874 2199 3142 2266 etiamque
3178 2200 3246 2252 ab
3287 2200 3349 2253 iis
3391 2202 3480 2269 qui
3513 2200 3686 2252 minus
3731 2202 3813 2252 in-

2218 2289 2538 2357 telligerent.
2575 2289 2785 2356 thnid
2827 2290 3059 2349 miraris,
3101 2289 3143 2341 si
3177 2288 3228 2340 111
3274 2289 3450 2340 1111111111
3480 2289 3529 2342 id
3573 2291 3810 2355 eveniat,

2215 2381 2427 2448 quando
2455 2381 2614 2432 ctiam
2670 2378 2720 2430 111
2762 2395 2988 2446 corpore
3021 2394 3268 2449 magnam
3315 2380 3419 2431 vim
3471 2381 3812 2433 consuetudo

2217 2471 2395 2523 habet.
2445 2471 2822 2536 Apostolorum
2858 2483 2984 2521 vero
3021 2477 3258 2536 tempore
3286 2470 3430 2522 aliud
3473 2480 3588 2521 erat
3634 2470 3809 2537 majus

2216 2559 2679 2628 impedimentum,
2715 2559 2854 2626 quod
2889 2575 2992 2612 non
3028 2560 3186 2612 modo
3215 2560 3544 2613 (‘IlllSllCllldO
3575 2571 3676 2612 tam
3706 2578 3807 2614 an-

2217 2653 2359 2722 tiqua
2387 2662 2702 2714 mutaretur,
2731 2654 2823 2705 sed
2855 2653 3016 2706 etiam
3047 2653 3186 2719 quod
3217 2653 3440 2706 mutatio
3463 2654 3547 2705 illa
3573 2668 3689 2707 cum
3715 2669 3807 2721 pe-

2215 2745 2383 2798 riculo
2415 2744 2584 2797 fieret.
2621 2743 2734 2796 Non
2767 2744 2923 2796 modo
2951 2745 3094 2797 enim
3117 2761 3145 2796 a
3169 2745 3558 2798 consuetudine
3588 2747 3650 2798 ad
3676 2760 3809 2798 con-

2212 2837 2547 2889 suetudinem
2569 2837 2870 2895 trahebant,
2892 2835 2982 2889 sed
3001 2849 3029 2886 a
3052 2835 3440 2888 consuetudine
3461 2837 3804 2888 securitatem

2216 2929 2446 2981 habente
2488 2928 2551 2980 ad
2585 2944 2671 2981 res
2700 2928 2936 2994 pericula
2972 2927 3302 2982 minitantes.
3337 2926 3659 2981 Credentem
3689 2938 3804 2981 sta-

2215 3020 2305 3071 tim
2347 3017 2624 3071 accidebat
2666 3017 2948 3084 publicari,
2995 3018 3140 3084 pelli,
3166 3033 3194 3070 a
3223 3017 3391 3085 patria
3432 3018 3703 3081 excidere,
3738 3019 3807 3072 ab

2213 3108 2461 3162 omnibus
2489 3109 2612 3162 odio
2642 3108 2846 3170 haberi,
2878 3123 3216 3162 communem
3242 3109 3447 3163 hostem
3472 3125 3591 3163 esse
3611 3119 3665 3163 et
3690 3111 3808 3164 suis

2212 3209 2265 3254 et
2304 3201 2516 3256 alienis.
2571 3201 2751 3270 Itaque
2801 3202 3012 3255 etiarnsi
3054 3211 3340 3256 vocassent
3388 3217 3418 3254 a
3463 3201 3696 3255 novitate
3736 3202 3804 3256 ad

2211 3295 2676 3358 consuetudinem,
2708 3295 2865 3348 etiam
2898 3294 2976 3348 sic
3018 3293 3254 3348 difficilis
3289 3310 3376 3348 res
3422 3294 3605 3347 fuisset
3638 3313 3648 3344 :
3680 3310 3804 3346 cum

2210 3393 2388 3439 autem
2413 3399 2440 3437 a
2463 3385 2853 3439 consuetudine
2883 3384 2947 3438 ad
2989 3384 3279 3438 ueritatem
3314 3394 3586 3450 vocarent,
3611 3396 3661 3437 ct
3690 3385 3806 3438 lucc

2211 3477 2463 3531 adessent
2493 3477 2651 3539 mala,
2680 3476 2851 3544 cogita
2874 3482 3133 3544 quantum
3161 3485 3276 3528 erat
3302 3475 3428 3527 illud
3458 3475 3809 3543 imperitaren-

2214 3577 2345 3621 tum.
2385 3567 2584 3620 Ρ110101·
2613 3580 2675 3618 011
2707 3574 2884 3618 autern
2922 3579 3040 3632 quae
3069 3564 3209 3617 dicta
3241 3573 3386 3629 sunt,
3415 3563 3557 3615 aliud
3588 3577 3692 3616 non
3725 3565 3805 3616 le-

2210 3661 2328 3714 vius
2355 3665 2492 3723 erat,
2533 3655 2675 3726 quod
2707 3656 3057 3709 mutationem
3097 3653 3371 3709 difficilem
3414 3653 3681 3710 redderet.
3723 3655 3806 3709 Ad

2211 3748 2654 3805 consuetudinem
2687 3748 2828 3801 enim
2869 3758 2924 3802 ct
2953 3747 3017 3802 ad
3068 3747 3300 3817 pericula
3348 3747 3402 3801 id
3442 3746 3627 3811 addas,
3659 3746 3804 3815 quod

2211 3844 2326 3898 bace
2354 3852 2616 3912 praecepta
2649 3842 2964 3897 onerosiora
2994 3850 3195 3906 essent,
3227 3851 3276 3893 et
3305 3855 3390 3901 ea,
3423 3853 3450 3891 a
3489 3840 3677 3907 quibus
3703 3840 3804 3892 ab-

2211 3935 2498 4002 ducebant,
2527 3935 2659 3988 levia
2690 3943 2744 3988 et
2774 3933 2964 3986 facilia.
3007 3931 3138 3985 Nam
3178 3935 3213 3983 a‘
3239 3928 3588 3985 fornicatione
3619 3929 3683 3984 ad
3714 3945 3808 3983 ca-

2211 4026 2444 4080 stitatem
2483 4024 2767 4086 vocabant,
2817 4024 2886 4076 ah
2936 4037 3119 4075 amore
3161 4022 3284 4075 vitae
3332 4021 3401 4074 ad
3449 4031 3700 4085 mortem,
3735 4021 3807 4074 ab

2213 4115 2472 4170 ebrietate
2492 4114 2556 4168 ad
2570 4112 2862 4184 jejunium,
2880 4131 2912 4169 a
2931 4113 3044 4166 risu
3062 4111 3126 4166 ad
3148 4111 3412 4182 lacrymas
3451 4122 3507 4166 et
3547 4127 3808 4181 compun-

2213 4204 2469 4270 ctionem,
2498 4203 2567 4257 ab
2594 4203 2812 4257 avaritia
2840 4204 2905 4256 ad
2935 4211 3324 4273 paupertatem,
3356 4219 3384 4256 a
3421 4189 3805 4256 seciiritatead

2213 4295 2448 4364 pericula
2479 4313 2491 4349 :
2521 4304 2574 4350 et
2606 4311 2700 4365 per
2732 4297 2910 4350 omnia
2940 4301 3234 4350 extremam
3262 4295 3546 4363 exigebant
3580 4309 3806 4348 accura-

2213 4388 2412 4441 tionem
2437 4403 2450 4452 ;
2481 4403 2601 4442 nam
2629 4389 2704 4442 ait
2734 4403 2748 4441 :
2778 4386 3065 4456 Turpitudo
3105 4400 3151 4441 et
3182 4388 3548 4455 stultifoquitmt
3582 4398 3625 4441 ct
3655 4403 3806 4440 scur-

2211 4476 2376 4529 rilitas
2406 4494 2467 4530 ne
2495 4485 2673 4532 exeant
2697 4477 2761 4530 ab
2796 4492 2885 4530 ore
2924 4485 3086 4529 vestro
3117 4476 3330 4545 (Ephes.
3375 4477 3429 4532 5.
3464 4477 3542 4547 Δ).
3588 4477 3651 4530 Et
3687 4477 3806 4530 hmo

2213 4565 2462 4621 dicebant
2489 4567 2574 4634 iis,
2606 4567 2697 4638 qui
2729 4566 2862 4621 nihil
2889 4565 3034 4619 aliud
3064 4566 3308 4621 sciebant
3335 4582 3495 4636 quam
3524 4566 3800 4631 inebriari,

2214 4658 2383 4711 ventri
2421 4657 2715 4727 indulgere,
2748 4657 2813 4711 iis
2834 4657 2922 4726 qui
2949 4655 3064 4710 dies
3088 4653 3252 4710 festos
3282 4657 3528 4726 agebant,
3567 4671 3670 4710 non
3693 4656 3806 4711 alic

2214 4749 2375 4804 modo
2402 4750 2778 4814 consistentes,
2813 4763 2970 4819 quam
3002 4761 3069 4802 ex
3103 4747 3448 4814 turpitudine,
3479 4747 3588 4802 risu
3611 4747 3806 4800 0111111-

2215 4855 2368 4895 versa
2398 4841 2683 4896 comoedia.
2713 4839 2896 4909 Itaque
2926 4854 3030 4893 non
3053 4837 3214 4892 modo
3241 4835 3382 4907 quod
3411 4836 3809 4905 philosOphiam

2215 4933 2511 5001 exigerent,
2533 4946 2761 4987 onerosa
2791 4932 2880 4987 illa
2901 4939 3165 5002 prmeepta
3193 4938 3382 4994 erant;
3413 4928 3508 4984 sed
3532 4930 3674 4998 quod
3703 4929 3809 4985 ho-

2216 5024 2453 5080 minibus
2479 5023 2869 5094 proferrentur,
2914 5024 3006 5094 qui
3046 5023 3098 5078 in
3150 5022 3362 5077 licentia
3387 5062 3402 5088 ,
3453 5022 3808 5090 turpitudine,

2215 5116 2583 5184 stultiloquio,
2619 5116 2731 5170 risu
2774 5116 3038 5183 rebusque
3082 5113 3304 5167 comicis
3355 5111 3564 5168 educati
3601 5123 3806 5168 essent.

2214 5207 2342 5274 Quis
2367 5211 2510 5261 enim
2555 5206 2644 5276 qui
2692 5207 2744 5261 in
2779 5205 2974 5259 talibus
3002 5203 3163 5257 vitam
3208 5203 3437 5272 duxerit,
3471 5219 3590 5260 cum
3635 5203 3808 5264 audit,

2218 5297 2336 5350 Nisi
2365 5300 2474 5366 quia
2504 5296 2647 5351 tollat
2677 5313 2877 5350 crucem
2907 5312 3052 5348 suam
3095 5306 3143 5348 et
3182 5305 3419 5364 sequatur
3455 5312 3551 5357 me,
3590 5308 3690 5346 11011
3733 5301 3810 5345 est

2217 5406 2294 5442 me
2321 5390 2503 5458 dignus
2536 5388 2747 5457 (Matth.
2780 5388 2870 5441 10.
2901 5388 3028 5458 58);
3061 5397 3133 5453 ct,
3177 5387 3296 5442 Non
3337 5390 3446 5441 veni
3476 5401 3648 5456 pacem
3686 5383 3810 5436 mit-

2215 5490 2330 5542 tere,
2365 5480 2451 5533 sed
2487 5479 2735 5550 gladium,
2779 5490 2827 5532 rt
2866 5495 3106 5548 separare
3144 5481 3396 5533 hominem
3438 5493 3470 5527 α
3511 5484 3650 5544 patre
3681 5489 3807 5537 suo,

2216 5584 2260 5625 ct
2291 5574 2453 5641 ﬁliam
2483 5589 2514 5625 a
2547 5585 2707 5627 matre
2749 5590 2840 5627 sua
2869 5575 2888 5643 (
2922 5573 3057 5627 Ibid.
3093 5591 3139 5628 r.
3187 5576 3256 5629 51
3288 5572 3328 5641 ),
3359 5585 3465 5623 11011
3517 5568 3798 5635 obtorlme'

2216 5663 2318 5718 rit?
2343 5668 2462 5735 quis
2491 5678 2670 5721 autem
2698 5667 2945 5733 audiens,
2985 5667 3096 5721 Nisi
3136 5667 3254 5734 quis
3293 5661 3676 5715 renuntiaverit
3706 5658 3803 5710 do-

2221 5757 2350 5825 mui,
2381 5760 2564 5828 patria:
2592 5769 2644 5814 ct
2674 5759 2893 5826 divitiis,
2931 5774 3034 5814 non
3067 5766 3147 5812 cst
3178 5773 3261 5810 mc
3301 5754 3489 5825 dignus
3531 5750 3680 5822 (Luc;
3722 5748 3805 5803 Η.
