4018 6208
339 345 410 401 65
1027 333 1086 392 S.
1128 332 1417 392 JOANNIS
1454 328 1633 387 CIII“
1652 327 1950 384 SOSTOMI

2073 325 2307 382 ιΟΙΙίΕΡ.
2350 325 2487 381 CON
2498 324 2908 384 STANTINOP.
3571 342 3639 398 (,6

338 455 555 529 μῆσαι,
587 453 701 522 ἤδη
731 452 1089 526 ἐμοίχευσεν
1112 452 1310 522 αὐτὴν
1349 449 1663 521 ὀφθεῖσαν·
1712 447 1829 510 καὶ,
1882 443 1940 497 '0

342 545 623 620 ὀργισθεὶς
663 544 825 615 εἰκῆ,
871 546 950 608 είς
993 545 1218 614 γέενναν
1253 543 1534 605 πεσεῖται,
1562 538 1685 592 τίνα
1730 537 1833 590 οὐκ
1876 533 1942 587 ἂν

344 638 453 691 τῶν
474 638 593 690 τότε
617 636 995 707 ἀπεσόϐησενς
1031 636 1173 688 Ἀλλ’
1197 637 1346 705 ὅμως
1372 634 1583 694 πάντες
1609 630 1937 701 ἐπέδραμον,

349 731 442 782 καὶ
475 729 657 781 πολλοὶ
695 729 788 782 καὶ
833 728 975 797 ὑπὲρ
1013 726 1081 779 τὰ
1126 727 1430 796 σκάμματα
1467 724 1713 793 ἥλλοντο.
1745 721 1812 773 Τί
1852 714 1946 770 οὖν

351 823 548 885 αὐτοὺς
605 823 879 890 ἐπήγετο;
939 821 1037 871 οὐκ
1097 818 1517 890 εὔδηλονιὸτιὴ
1562 815 1792 883 δύναμις
1849 809 1946 862 106

351 912 792 992 κῃρυττομένου;
825 911 887 961 Εἰ
930 909 1039 980 γὰρ
1076 908 1148 978 μὴ
1178 909 1335 975 10610
1369 902 1436 978 ἦν
1461 946 1475 970 ,
1529 903 1846 957 τούναντίον
1893 900 1949 953 δὲ

348 989 438 1072 ἦν,
487 1002 687 1052 ἐκεῖνοι
722 999 819 1070 μὲν
850 993 995 1052 οὗτοι
1015 1037 1029 1062 ,
1061 991 1208 1050 οὗτοι
1240 997 1296 1049 δὲ
1326 992 1468 1067 ἦσαν
1497 996 1721 1056 ἐκεῖνοι,
1758 989 1844 1062 ἆρ’
1883 991 1950 1044 ἂν

353 1091 574 1144 εὔκολον
619 1085 685 1160 ἦν
714 1089 858 1158 ἔχειν
899 1090 992 1143 καὶ
1026 1087 1256 1142 έλκῦσαι
1289 1087 1417 1149 106.;
1463 1084 1950 1153 ἐναντιουμένους;

356 1182 471 1235 Οὐκ
507 1180 650 1234 ἔστιν
687 1181 885 1235 εἰπεῖν.

421 1305 490 1367 η’.
523 1298 685 1349 Ὥστε
704 1296 791 1350 διὰ
809 1295 1028 1350 πάντων
1056 1293 1333 1347 δείκνυται
1354 1292 1474 1345 θεία
1506 1291 1734 1361 δύναμις
1753 1284 1887 1343 οὖσα
1915 1289 1948 1359 ἡ

358 1390 777 1459 κατορθώσασα.
829 1386 982 1440 Ἐπεὶ
1015 1385 1180 1438 πόθεν
1221 1385 1466 1451 ἔπεισαν,
1511 1384 1634 1436 εἰπέ
1682 1399 1794 1453 μοι,
1825 1382 1953 1441 τοὺς

353 1480 584 1549 χαύνους
616 1477 730 1549 [62}
766 1477 858 1529 καὶ
889 1477 1013 1539 τοὺς
1047 1474 1426 1546 διαρρέοντας,
1460 1475 1552 1524 ἐπὶ
1595 1473 1686 1524 τὸν
1719 1469 1954 1538 σκληρὸν

354 1571 451 1623 καὶ
493 1571 703 1640 τραχῦν
735 1569 990 1639 φέροντες
1022 1566 1172 1635 βίον;
1214 1564 1373 1617 Ἀλλά
1404 1566 1472 1616 τα
1507 1564 1605 1633 μὲν
1632 1559 1954 1632 παραγγέλ-

359 1681 503 1733 ματα
534 1661 757 1714 τοιαῦτα
778 1677 791 1691 ο
824 1661 1025 1726 ίδωμεν
1048 1660 1105 1711 δὲ
1136 1660 1347 1728 μήποτε
1375 1656 1433 1708 16
1460 1656 1638 1723 δόγμα
1662 1649 1956 1719 ἐπαγωγὸν

354 1750 444 1825 ἦν.
498 1754 608 1805 Καὶ
655 1752 760 1822 μὴν
819 1752 912 1804 καὶ
963 1749 1120 1802 10610
1169 1752 1354 1803 ἱκανὸν
1407 1744 1474 1818 ἦν
1508 1746 1636 1809 τοὺς
1691 1744 1958 1804 ἀπίστους

356 1844 724 1914 ἀποσοϐῆσαι.
753 1843 818 1894 Τί
842 1842 951 1911 γάρ
981 1842 1169 1911 ἔλεγον
1197 1845 1245 1894 οἰ
1272 1841 1681 1911 κηρύσσοντες;
1714 1835 1844 1886 Ὅτι
1865 1831 1958 1884 τὸν

355 1938 777 2008 ἐσταυρωμένον
827 1936 909 1987 δεῖ
943 1922 1294 2004 προσκυνεῖν,
1332 1932 1426 1983 καὶ
1465 1929 1653 1981 τοῦτον
1690 1925 1823 1978 Θεὸν
1873 1939 1960 1976 νο·

362 2031 542 2102 μίζειν
564 2071 578 2093 ,
605 2030 698 2082 τὸν
732 2032 794 2081 ἐκ
827 2027 1087 2094 γυναικὸς
1128 2025 1463 2094 γεννηθέντα
1505 2020 1792 2081 Ἰουδαίας.
1848 2016 1961 2069 Καὶ

359 2120 444 2180 τίς
471 2119 537 2170 ἂν
558 2117 771 2179 τούτοις
800 2115 1052 2185 ἐπείσθη,
1087 2116 1162 2185 μὴ
1191 2116 1344 2177 θείας
1374 2113 1663 2182 δυνάμεως
1687 2125 1960 2180 προηγου-
2039 2148 2044 2151 .

364 2211 569 2279 μένης;
608 2208 729 2261 Ὅτι
764 2209 861 2277 μὲν
895 2207 1002 2278 γὰρ
1032 2205 1354 2276 ἐσταυρώθη
1387 2203 1483 2257 καὶ
1511 2202 1684 2272 ἐτάφη
1708 2243 1722 2263 ,
1761 2199 1963 2259 πάντες

362 2295 499 2352 εἶδον
520 2318 535 2332 ·
559 2302 640 2354 ὅτι
663 2300 720 2353 δέ
748 2301 946 2370 ἀνέστη
973 2299 1066 2351 καὶ
1092 2297 1312 2369 ἀνῆλθε,
1343 2295 1482 2366 πλὴν
1508 2294 1617 2348 τῶν
1643 2290 1963 2346 ἀποστόλων

361 2392 539 2454 οὐδεὶς
583 2391 868 2445 ἐθεάσατο.
917 2389 1058 2441 Ἀλλ’
1094 2388 1455 2456 ἐπαγγελίαις
1490 2385 1692 2446 αὐτοὺς
1724 2383 1959 2451 ἐπῆραν,

364 2484 521 2553 φησι,
550 2472 644 2535 κοιλ⁵
681 2481 838 2550 ψόφῳ
877 2482 1141 2549 ῥημάτων
1167 2480 1482 2550 ἠπάτησαν.
1515 2475 1689 2528 Τοῦτο
1727 2474 1825 2543 μὲν
1870 2467 1962 2524 06v

363 2576 498 2629 αὐτὸ
553 2574 791 2644 μάλιστα
825 2572 1090 2637 δείκνυσι,
1141 2570 1233 2624 καὶ
1279 2571 1451 2641 χωρὶς
1501 2568 1609 2621 τῶν
1654 2563 1965 2634 εἰρημένων

364 2668 644 2728 ἁπάντων,
679 2665 759 2717 ὃτι
789 2663 887 2716 οὐκ
930 2663 1078 2715 ἐστιν
1111 2663 1297 2733 ἀπάτη
1329 2661 1400 2713 τά
1444 2658 1714 2729 ἡμέτερα.
1748 2654 1829 2706 Τὰ
1867 2653 1964 2722 μὲν

364 2761 473 2833 γὰρ
497 2760 740 2831 δυσχερῆ
765 2758 944 2810 πάντα
970 2755 1222 2805 ἐντεῦθεν
1249 2751 1556 2805 συνέϐαινε
1585 2746 1654 2799 τὰ
1676 2747 1731 2799 δέ
1753 2743 1967 2815 χρηστά

370 2853 509 2924 μετά
540 2853 634 2922 τὴν
681 2851 979 2903 ἀνάστασιν
1031 2844 1470 2914 ἐπαγγείλασθαι
1514 2841 1643 2895 ἔδει.
1691 2839 1832 2891 Αὐτὸ
1867 2837 1965 2908 μὲν

311 2964 314 2968 '
366 2942 461 2997 οὖν
514 2944 672 2995 τοῦτο
722 2940 906 3009 (πάλιν
941 2939 1047 3008 γὰρ
1102 2937 1232 3007 ἐρῶ)
1288 2936 1530 2989 δείκνυσι
1589 2932 1732 2984 θεῖον
1784 2930 1844 2984 ὃν
1904 2929 1968 2981 16

369 3036 636 3108 ἡμέτερον
668 3034 955 3104 κήρυγμα.
989 3030 1088 3082 Διά
1117 3029 1167 3081 τί
1192 3028 1304 3096 γάρ
1331 3027 1520 3101 μηδεὶς
1547 3024 1656 3082 τῷν
1683 3021 1968 3075 πιστευόν-

369 3148 476 3182 των
495 3124 670 3191 εἶπεν,
695 3127 777 3178 ὅτι
797 3123 872 3176 Οὐ
903 3123 1160 3193 πρόσειμι
1176 3119 1298 3172 οὐδέ
1327 3120 1614 3187 ἀνέχομαι·
1642 3115 1710 3168 τὰ
1727 3111 1968 3184 δυσχερῆ

374 3237 465 3289 μοι
497 3215 732 3269 ἐνταῦθα
760 3213 1026 3276 ἀπειλεῖς,
1059 3213 1152 3264 καὶ
1177 3212 1246 3264 τά
1279 3210 1496 3281 χρηστά
1538 3208 1679 3279 μετά
1705 3208 1804 3276 τὴν
1836 3204 1968 3257 ἀνά-

376 3327 566 3363 στασιν
600 3304 953 3374 ἐπαγγέλλῃς
991 3303 1153 3356 πόθεν
1183 3303 1289 3372 γάρ
1330 3303 1509 3373 δῆλον,
1556 3302 1638 3353 ὅτι
1673 3300 1970 3358 ἀνάστασις

374 3403 563 3468 hut;
595 3400 677 3464 τίς
717 3397 824 3451 τῶν
862 3395 1206 3450 ἀπελθόντων
1236 3391 1367 3466 ἦλθε
1396 3411 1409 3459 ;
1444 3393 1526 3457 τίς
1561 3391 1670 3445 τῶν
1701 3390 1971 3461 κειμένων

376 3493 613 3562 ἀνέστη;
642 3491 725 3555 τίς
755 3489 960 3542 τούτων
986 3481 1108 3539 εἷπε
1137 3489 1189 3538 τί
1221 3487 1374 3539 ἐσται
1427 3485 1566 3555 μετά
1592 3485 1688 3555 τὴν
1719 3480 1972 3553 ἐντεῦθεν

378 3582 688 3652 ἀποδημίαν
713 3598 729 3647 ;
770 3580 914 3634 Ἄλλ⁹
941 3579 1093 3632 οὐδὲν
1120 3578 1326 3631 τούτων
1358 3578 1459 3630 οὐκ
1485 3577 1803 3646 ἐνενόησαν,
1837 3572 1972 3626 ἀλλὰ

380 3677 474 3730 καὶ¹
510 3673 608 3736 τὰς
648 3667 828 3741 ψυχάς
870 3670 1160 3722 ἀπέδωκαν
1211 3669 1352 3739 ὑπὲρ
1400 3667 1496 3720 τοῦ
1540 3666 1972 3737 σταυρωθέντος.

384 3768 546 3820 Ὥστε
575 3762 706 3816 αὐτὸ
734 3759 896 3812 τοῦτο
930 3759 1165 3829 μάλιστα
1206 3759 1451 3830 μεγάλης
1475 3758 1764 3828 δυνάμεως
1793 3753 1882 3826 ἦν,
1915 3755 1975 3807 16

383 3857 655 3930 μηδέποτε
695 3854 861 3925 μηδὲν
891 3851 1132 3905 τοιοῦτον
1175 3850 1516 3912 ἀκούσαντας
1550 3848 1747 3919 ἀθρόον
1785 3848 1974 3898 πεῖσαι

384 3950 512 4018 περὶ
547 3946 798 4017 μεγάλων
831 3945 973 3998 οὐτω
1011 3943 1378 4014 πραγμάτων,
1419 3943 1513 3995 καὶ
1552 3937 1975 4011 παρασκευάσαι

381 4039 456 4092 τά
494 4038 592 4108 μὲν
622 4036 859 4106 δυσχερῆ
897 4035 1296 4098 καταδέξασθαι
1324 4036 1417 4086 ἐπὶ
1443 4035 1541 4103 τῆς
1576 4033 1792 4102 πείρας,
1820 4031 1888 4081 τὰ
1921 4027 1978 4080 δέ

385 4130 599 4202 χρηστά
636 4130 692 4182 ἐν
720 4128 932 4180 ἐλπίσιν
963 4126 1128 4196 ἐχειν.
1178 4127 1242 4181 Εἰ
1273 4125 1329 4178 δέ
1379 4127 1626 4195 ἡπάτων,
1666 4122 1978 4176 τούναντίον

384 4223 451 4277 ἂν
489 4223 755 4293 ἐποίησαν
785 4219 1007 4291 μᾶλλον·
1051 4218 1118 4271 τά
1152 4218 1250 4288 μὲν
1279 4218 1491 4288 χρηστά
1527 4215 1776 4269 ἐντεῦθεν
1805 4215 1980 4282 ἐπηγ-

386 4312 659 4379 γείλαντο,
689 4312 759 4363 τά
787 4310 844 4362 δέ
869 4307 1079 4378 φοϐερά
1106 4309 1370 4377 ἐσίγησαν
1401 4306 1487 4366 ἂν,
1516 4305 1610 4357 καὶ
1639 4302 1705 4355 τά
1734 4301 1979 4371 παρόντα⁵

391 4402 484 4455 καὶ
507 4402 576 4452 τὰ
610 4399 894 4469 μέλλοντα.
927 4399 1084 4449 Οὕτω
1108 4400 1217 4465 γὰρ
1250 4402 1298 4450 οἱ
1332 4397 1652 4457 ἀπατῶντες
1687 4394 1782 4445 καὶ
1809 4392 1858 4444 οἱ
1887 4408 1979 4443 κου

389 4491 713 4552 λακεύοντες
755 4488 1021 4542 ποιοῦσινο
1053 4487 1212 4540 οὐδὲν
1241 4491 1416 4557 τραχὺ
1445 4488 1565 4538 οὐδέ
1596 4485 1832 4554 ἐπαχθὲς
1861 4484 1982 4535 οὐδέ

392 4585 648 4657 φορτικὸν
690 4581 1086 4652 προτείνουσιν,
1115 4577 1255 4631 ἀλλά
1283 4575 1596 4629 τούναντίον
1625 4576 1791 4627 ἄποιν’
1826 4571 1984 4624 10610

390 4675 501 4745 γάρ
532 4675 680 4726 ἐστιν
716 4671 925 4742 ἀπάτη.
973 4670 1113 4723 Ἀλλ’
1157 4670 1191 4739 ὴ
1222 4667 1400 4732 ἄνοια,
1431 4663 1587 4736 φησὶ,
1623 4661 1732 4715 τῶν
1773 4659 1985 4714 πολλῶν

394 4762 683 4832 πεισθῆναι
715 4759 940 4830 ἐποίησε
971 4761 1084 4822 τοῖς
1116 4759 1456 4829 λεγομένοις.
1492 4755 1556 4807 Τί
1586 4754 1728 4824 φήςς
1760 4751 1847 4804 ὅτε
1880 4747 1986 4802 ὐπὸ

393 4855 657 4926 Ἓλλησιν
703 4847 876 4924 ἦσαν,
918 4852 1018 4903 οὐκ
1069 4845 1210 4920 ἦσαν
1250 4849 1493 4918 ἀνόητοι,
1549 4847 1664 4899 ἀλλ’
1709 4847 1797 4898 ὅτε
1848 4841 1986 4914 πρὸς

394 4951 542 5022 ἡμᾶς
576 4948 940 5020 μετέστησαν,
966 4942 1090 4995 τότε
1120 4941 1342 5010 ἀνόητοι
1374 4940 1632 5006 γεγόνασι
1661 4955 1675 5004 ;
1710 4938 1887 4992 καίτοι
1920 4955 1982 5006 γε

392 5043 496 5095 οὐκ
516 5042 708 5100 ἄλλους
749 5037 1090 5109 ἀνθρώπους,
1115 5032 1237 5085 οὐδὲ
1265 5029 1323 5094 ἐξ
1353 5028 1519 5100 ἄλλης
1543 5030 1866 5100 οἰκουμένης
1887 5030 1984 5083 λα..

397 5131 586 5195 ϐόντες
631 5131 856 5184 ἔπεισαν
891 5130 939 5183 οί
982 5124 1292 5180 ἀπόστολοι.
1325 5122 1520 5176 Καίτοι
1557 5119 1627 5173 τά
1661 5121 1759 5190 μὲν
1794 5123 1985 5192 Ἐλλήσ

397 5241 505 5279 νων
545 5221 734 5283 ἀπλῶς
764 5221 1037 5287 κατεῖχον,
1077 5215 1148 5268 τὰ
1182 5216 1238 5268 δὲ
1270 5213 1516 5285 ἡμέτερα
1549 5213 1688 5285 μετὰ
1721 5213 1984 5268 κινδύνων

399 5314 780 5381 κατεδέξαντοο
826 5308 968 5362 ὥστε
1006 5308 1056 5359 εἰ
1093 5306 1234 5376 μετά
1280 5307 1439 5374 λόγου
1484 5307 1792 5377 κρείττονος
1845 5305 1987 5362 αὐτά

399 5410 676 5477 κατεῖχον,
716 5402 972 5457 τοσοῦτον
1001 5400 1186 5462 αὐτοῖς
1230 5399 1583 5468 ἐντραφέντες
1627 5400 1816 5470 χρόνον
1843 5441 1856 5463 ,
1888 5399 1990 5451 οὐκ

403 5492 471 5546 ἂν
514 5487 695 5543 αὐτῶν
728 5487 1087 5558 ἀπέστησαν,
1128 5481 1225 5535 καὶ
1269 5483 1505 5555 μάλιστα
1548 5483 1636 5536 ὅτε
1681 5483 1801 5535 οὐδὲ
1828 5484 1987 5535 ἀκιν-

400 5581 573 5644 δύνως
609 5575 914 5647 ἀποστῆναι
949 5575 1097 5646 ἐνῆν.
1141 5571 1294 5626 Ἐπεὶ
1340 5571 1396 5624 δὲ
1435 5570 1681 5640 ἔγνωσαν
1727 5570 1787 5635 ἐξ
1817 5570 1990 5640 αὐτῆς

403 5676 513 5731 τῶν
549 5671 892 5744 πραγμάτων
923 5669 1020 5742 τῆς
1065 5667 1282 5738 φύσεως
1306 5706 1320 5730 ,
1351 5664 1432 5718 ὅτι
1463 5665 1634 5733 γέλως
1673 5667 1855 5718 ἐκεῖνα
1898 5664 1992 5718 καὶ

409 5765 604 5834 πλάνη,
636 5762 725 5816 διὰ
753 5759 912 5814 τοῦτο
960 5757 1057 5812 καὶ
1107 5757 1359 5811 θανάτων
1398 5755 1839 5824 ἁπειλουμέιων,
1883 5753 1989 5806 τῶν

411 5856 512 5922 μὲν
542 5851 787 5924 συνήθων
809 5850 1196 5920 ἀπεπήδησαν,
1220 5849 1298 5913 εἰς
1322 5849 1380 5901 δέ
1402 5847 1470 5901 τὰ
1499 5846 1662 5901 καινά
1691 5844 1992 5916 ηὐτομόλη-

406 5963 519 6011 σαν,
550 5945 642 5999 ἀτε
672 5943 864 6001 τούτου
907 5943 1006 6015 μὲν
1029 5940 1122 5996 τοῦ
1148 5942 1420 6013 δόγματος
1449 5940 1587 5995 κατὰ
1616 5941 1780 6009 φύσιν
1810 5938 1981 6003 ὄντος,

2049 442 2265 496 ἐκείνου
2294 442 2350 496 δέ
2383 440 2535 513 παρά
2576 441 2760 511 φύσιν.
2817 443 2955 496 Ἀλλ’
2997 444 3205 497 οἰκέται
3230 485 3242 508 ,
3275 444 3473 513 φησιν,
3500 446 3641 517 ῆσαν

2049 532 2098 583 οἰ
2131 530 2467 596 πεισθέντες,
2498 530 2593 584 καὶ
2619 533 2880 598 γυναῖκες
2903 535 2998 586 καὶ
3027 533 3205 586 τίτθαι
3233 534 3328 586 καὶ
3361 536 3515 601 μαῖαι
3547 536 3639 593 καὶ

2052 619 2316 689 εὐνοῦχοι.
2347 619 2598 673 Μάλιστα
2647 620 2745 689 μέν
2782 620 2884 671 οὐκ
2912 620 3018 672 ἀπὸ
3045 621 3251 674 τούτων
3282 623 3412 691 ἡμῖν
3443 624 3474 690 ἡ
3518 623 3636 675 Ἐκ-

2052 712 2255 780 κλησία
2285 712 2586 781 συνέστηκε
2625 713 2807 781 μόνον,
2834 713 2927 764 καί
2962 711 3121 764 10610
3151 713 3309 782 δῆλον
3335 713 3558 767 ἅπασιν·
3593 715 3643 766 εἰ

2047 801 2101 853 δὲ
2153 801 2264 854 ἀπὸ
2301 802 2511 854 τούτων
2543 843 2558 866 ,
2607 801 2766 854 τοῦτο
2804 802 3045 871 μάλιστά
3083 805 3199 855 ἐστι
3245 804 3303 860 16
3345 804 3534 857 ποιοῦν
3583 804 3645 856 16

2049 893 2312 963 κήρυγμα
2346 891 2459 963 [6'5]
2494 892 2830 961 θαυμαστὸν,
2868 894 2950 946 ὃτι
2991 892 3215 946 τοιαῦτα
3252 894 3522 964 δόγματα,
3556 889 3644 948 οἷα

2050 983 2277 1036 Πλάτων
2316 983 2420 1035 εκαὶ
2468 983 2518 1035 οἱ
2557 986 2678 1037 κατ’
2716 985 2922 1036 ἐκεῖνον
2974 985 3075 1035 οὐκ
3121 985 3348 1054 ίσχυσαν
3395 987 3644 1056 ἐννοῆσαι

2051 1071 2182 1134 ὅλως
2211 1081 2249 1137 ⁸,
2289 1071 2549 1142 ἐξαίφνης
2592 1073 2818 1143 ἴσχυσαν
2849 1077 2894 1127 οί
2930 1075 3123 1138 ἁλιεῖς,
3153 1073 3213 1126 16
3255 1075 3473 1128 πάντων
3500 1078 3647 1146 ἀμα-

2052 1164 2310 1217 θέστατον
2339 1165 2517 1233 γένος,
2567 1165 2776 1217 πείθειν
2820 1166 3243 1229 καταδέξασθαι.
3277 1165 3412 1218 Οὐδέ
3457 1165 3563 1237 γάρ
3597 1168 3646 1220 εἰ

2053 1257 2351 1328 φρονίμους
2403 1257 2630 1310 ἔπεισαν
2694 1258 2885 1328 μόνον,
2923 1258 3064 1311 οὕτω
3117 1256 3428 1328 θαυμαστὸν
3468 1253 3534 1327 ἦν
3585 1257 3648 1309 16

2053 1345 2296 1412 γεγονός”
2330 1345 2523 1410 ἐπειδὴ
2553 1345 2609 1397 δέ
2639 1345 2855 1407 οἰκέτας
2887 1346 2981 1396 καὶ
3012 1345 3200 1408 τίτθας
3234 1347 3327 1398 καὶ
3357 1344 3647 1414 εὐνούχους

2055 1439 2136 1497 εἰς
2162 1436 2416 1489 τοσοῦτον
2437 1438 2646 1507 ἤγαγον
2671 1437 3008 1506 φιλοσοφίας,
3039 1439 3113 1501 ὡς
3140 1439 3393 1506 ἀγγέλοις
3423 1437 3647 1507 ἐφαμίΥ

2055 1525 2179 1588 λους
2215 1528 2459 1596 ποιῆσαι,
2492 1530 2760 1599 μεγίστην
2783 1529 2880 1599 τῆς
2909 1528 3059 1591 θείας
3088 1529 3353 1597 ἐμπνοίας
3389 1530 3649 1596 παρεῖχον

2054 1618 2347 1682 ἀπόδειξιν.
2390 1621 2498 1673 Καὶ
2541 1623 2650 1692 γάρ
2696 1625 2745 1674 εἰ
2781 1623 2880 1690 μὲν
2921 1621 3116 1691 εὐτελῆ
3161 1637 3282 1673 τινα
3329 1619 3647 1682 ἐπέταττον,

2056 1703 2169 1779 εἶχε
2191 1709 2349 1776 λόγον
2375 1713 2504 1774 ἴσως
2525 1713 2584 1763 τὸ
2602 1712 2702 1782 τὴν
2726 1714 2930 1766 τούτων
2955 1711 3125 1765 πειθὼ
3146 1713 3226 1775 εἰς
3250 1709 3528 1773 ἀπόδειξιν
3551 1709 3650 1777 τῆς

2056 1798 2333 1863 εὐτελείας
2361 1799 2468 1852 τῶν
2495 1800 2806 1870 λεγομένων
2833 1802 3256 1870 προϐάλλεσθαι·
3284 1803 3331 1853 εἰ
3354 1801 3409 1853 δέ
3437 1798 3650 1870 μεγάλα

2059 1890 2154 1942 καὶ
2185 1889 2366 1960 ὑψηλά
2395 1892 2486 1943 καὶ
2514 1891 2866 1962 ἀνθρωπίνην
2897 1892 3081 1962 σχεδὸν
3113 1892 3515 1961 ὑπερϐαίνοντα
3546 1890 3650 1957 φύ-

2062 1997 2167 2046 σιν,
2204 1982 2298 2034 καὶ
2336 1982 2549 2052 ὑψηλῆς
2585 1983 2813 2053 δεόμενα
2844 1983 3084 2046 διανοίας
3126 1981 3514 2051 ἐφιλοσόφουν,
3542 1981 3654 2049 ὅσῳ

2062 2072 2128 2127 ἂν
2158 2073 2340 2145 δείξῃς
2361 2074 2627 2144 ἀνοήτους
2652 2074 2780 2136 τοὺς
2813 2075 3158 2136 πεισθέντας,
3186 2073 3426 2140 τοσούτῳ
3454 2071 3652 2142 μᾶλλον

2063 2164 2437 2225 ἀποδεικνύεις
2471 2165 2668 2230 σοφοὺς
2708 2165 2801 2216 καὶ
2847 2165 2996 2228 θείας
3028 2167 3252 2237 χάριτος
3285 2159 3654 2234 πεπληρωμέ-

2064 2270 2188 2316 νους
2217 2255 2342 2316 τούς
2380 2254 2699 2316 πείσαντας.
2738 2255 2903 2307 Ἀλλά
2931 2259 2995 2327 τῇ
3029 2257 3304 2327 ὑπερϐολῇ
3333 2255 3444 2308 τῶν
3479 2257 3652 2322 ἐπαγ-

2059 2344 2279 2411 γελιῶν,
2307 2344 2492 2414 φησὶν,
2520 2344 2767 2397 ἔπεισαν.
2801 2345 2943 2398 Αὐτὸ
2975 2346 3031 2397 δέ
3061 2345 3218 2398 10610
3242 2346 3302 2398 οὐ
3329 2345 3651 2414 θαυμάζεις,

2065 2437 2183 2487 εἰπέ
2237 2452 2347 2504 μοι,
2402 2437 2517 2499 πῶς
2571 2436 2800 2489 ἔπεισαν
2863 2436 3005 2506 μετά
3061 2437 3290 2489 θάνατον
3346 2436 3654 2506 προσδοκᾷν

2066 2526 2277 2580 ἔπαθλα
2310 2529 2404 2579 καὶ
2437 2529 2704 2596 ἀμοιϐάς;
2753 2527 2892 2597 Ἐγὼ
2923 2528 3031 2599 γὰρ
3062 2527 3192 2581 αὐτὸ
3225 2528 3384 2579 τοῦτο
3418 2527 3654 2597 ἐκπλήτ-

2067 2635 2255 2688 τομαι.
2319 2618 2478 2670 Ἀλλὰ
2533 2620 2626 2670 καὶ
2672 2619 2831 2671 τοῦτο
2867 2618 2971 2671 ὐπὸ
3007 2619 3226 2680 ἀνοίας,
3289 2617 3444 2687 φησί.
3489 2617 3654 2681 Ποίας

2068 2711 2274 2772 ἀνοίας,
2315 2709 2439 2761 εἰπέ
2474 2727 2586 2778 μοι,
2617 2708 2813 2772 ταῦτα,
2850 2710 2931 2762 ὅτι
2969 2712 3000 2780 ὴ
3045 2709 3190 2779 ψυχὴ
3222 2708 3512 2772 ἀθάνατος,
3560 2709 3657 2761 καὶ

2065 2800 2416 2870 δικαστήριον
2444 2801 2738 2854 ἀδέκαστον
2778 2801 2917 2871 μετά
2939 2802 3028 2853 τὸν
3058 2801 3294 2853 ἐνταῦθα
3319 2801 3463 2869 ἡμᾶς
3487 2799 3654 2869 λήψε-

2066 2907 2157 2942 ται
2192 2890 2325 2958 βίον,
2362 2895 2454 2944 καὶ
2485 2891 2718 2955 εὐθύνας
2755 2894 2849 2944 καὶ
2889 2892 3150 2962 ῥημάτων
3186 2891 3278 2941 καὶ
3312 2890 3655 2959 πραγμάτων

2069 2981 2162 3032 καὶ
2212 2981 2427 3031 ἐννοιῶν
2466 2980 2710 3049 δώσομεν
2753 2981 2829 3051 τῷ
2872 2982 2940 3032 τὰ
2975 2980 3268 3051 ἀπόρρητα
3314 2979 3476 3031 εἰδότι
3512 2979 3649 3049 Θεῷ,

2070 3073 2312 3133 καὶτοὺς
2350 3072 2448 3141 μὲν
2486 3073 2690 3134 κακοὺς
2719 3071 2968 3142 ὀψόμεθα
3001 3065 3422 3141 κολαζομένους,
3445 3071 3570 3133 τοὺς
3595 3072 3654 3125 δὲ

2070 3165 2307 3235 ἀγαθοὺς
2350 3167 2855 3234 στειρανουμένους;
2899 3163 3084 3216 Ταῦτα
3122 3164 3229 3234 γάρ
3266 3162 3389 3232 οὐχὶ
3433 3163 3652 3228 ἀνοίας,

2070 3256 2208 3310 ἀλλά
2241 3258 2338 3324 τῆς
2371 3254 2640 3322 μεγίστης
2675 3254 2792 3305 ἐστὶ
2824 3252 2850 3290 b
2879 3253 3221 3321 φιλοσοφίας.

2145 3347 2209 3400 θ’.
2253 3345 2395 3399 A616
2412 3342 2503 3397 οὖν
2533 3345 2711 3408 10610,
2742 3345 2862 3396 εἰπέ
2902 3363 3013 3414 μοι,
3053 3343 3114 3396 16
3153 3345 3512 3415 καταφρονεῖν
3550 3344 3660 3399 τῶν

2074 3438 2378 3509 παρόντων,
2416 3437 2474 3488 τὸ
2512 3437 2657 3504 μέγα
2688 3433 2934 3506 νομίζειν
2965 3437 3189 3508 ἀρετὴν,
3223 3437 3280 3488 τὸ
3317 3436 3390 3506 μὴ
3421 3435 3490 3487 τά
3523 3432 3662 3490 ἆθλα

2073 3529 2307 3585 ἐνταῦθα
2329 3529 2537 3599 ζητεῖν,
2554 3528 2692 3580 ἀλλά
2714 3528 3029 3598 περαιτέρω
3051 3529 3302 3598 προϊέναι
3322 3531 3443 3590 ταῖς
3461 3527 3661 3594 ἐλπίσι,

2075 3626 2170 3677 καὶ
2198 3624 2375 3692 ψυχὴν
2410 3621 2583 3683 οὕτως
2621 3619 2840 3673 εὔτονον
2878 3621 3022 3689 ἐχειν
3059 3621 3153 3673 καὶ
3185 3619 3412 3690 πιστὴν,
3447 3620 3523 3682 ὡς
3555 3638 3663 3690 μη-

2073 3715 2188 3770 δενὶ
2215 3715 2323 3766 τῶν
2355 3713 2640 3782 παρόντων
2674 3712 2862 3764 δεινῶν
2891 3712 3032 3783 πρὸς
3063 3712 3163 3773 τὰς
3197 3712 3497 3783 μελλούσας
3526 3730 3666 3782 παρ-

2075 3805 2465 3877 εμποδίζεσθαι
2521 3804 2765 3866 ἐλπίδας,
2821 3804 2994 3874 πόσης
3043 3804 3108 3856 ἂν
3164 3804 3249 3872 εἴη
3311 3803 3662 3872 φτλοσοφίας;

2091 3899 2250 3953 Ἀλλὰ
2297 3898 2475 3968 βούλει
2519 3898 2612 3949 καὶ
2648 3896 2829 3949 αὐτῶν
2873 3896 2984 3948 τῶν
3034 3895 3378 3963 ἐπαγγελιῶν
3423 3897 3516 3947 καὶ
3559 3895 3666 3946 τῶν

2077 3993 2442 4063 προρρήσεων
2481 3990 2672 4059 μαθεῖν
2717 3990 2814 4060 τὴν
2855 3988 3083 4058 δύναμιν
3106 4027 3119 4052 ,
3153 3990 3247 4040 καὶ
3276 3989 3374 4059 τὴν
3407 3987 3666 4059 ἀλήθειάν

2077 4081 2187 4134 τῶν
2220 4080 2329 4149 πρὸ
2364 4077 2589 4142 τούτων,
2625 4077 2734 4131 τῶν
2767 4081 2906 4149 μετά
2956 4081 3161 4143 ταύτα;
3208 4079 3315 4130 Θέα
3355 4095 3444 4147 μοι
3482 4079 3667 4146 σειρὰν

2079 4173 2287 4244 χρυσῆν
2337 4171 2678 4238 πλεκομένην
2714 4172 2975 4234 ποικίλως
3019 4170 3081 4235 ἐξ
3128 4171 3323 4240 ἀρχῆς.
3381 4166 3514 4221 Εῖπέ
3545 4187 3666 4222 τινα

2081 4265 2266 4324 αὐτοῖς
2306 4261 2435 4332 περὶ
2479 4262 2674 4313 ἐαυτοῦ
2722 4262 2819 4314 καὶ
2866 4263 2995 4332 περὶ¹
3043 4261 3150 4314 τῶν
3197 4260 3534 4329 Ἐκκλησιῶν
3572 4263 3667 4313 καὶ

2084 4349 2213 4419 περί
2261 4347 2371 4401 τῶν
2410 4345 2713 4417 μελλόντων
2755 4347 3126 4418 πραγμάτων,
3164 4346 3259 4398 καὶ
3292 4345 3465 4417 λέγων
3509 4347 3666 4399 ἐθαυο

2087 4442 2412 4512 ματούργει.

2149 4534 2361 4587 Οὐκοῦν
2399 4532 2508 4586 ἀπὸ
2550 4532 2648 4602 τῆς
2682 4531 2961 4594 ἐκϐάσεως
2999 4528 3111 4583 τῶν
3160 4528 3467 4599 εἰρημένων
3511 4525 3670 4594 δῆλον

2083 4627 2167 4678 δτι
2201 4625 2297 4676 καὶ
2326 4628 2394 4676 τα
2425 4623 2684 4691 θαύματα
2712 4622 2886 4691 ἀληθῆ
2909 4661 2924 4686 ,
2963 4623 3056 4673 καὶ
3094 4619 3163 4670 τά
3204 4619 3470 4688 μέλλοντα
3500 4618 3668 4684 ἐπηγ-

2091 4718 2344 4786 γελμένα.
2383 4717 2501 4767 ἰνα
2532 4715 2588 4765 δὲ
2615 4714 2709 4772 καὶ
2737 4711 3072 4779 σαφέστερον
3098 4708 3324 4776 γένηται
3353 4706 3413 4760 τὸ
3436 4707 3670 4778 λεγόμε-

2086 4826 2195 4876 νον,
2215 4809 2301 4859 ἐπ’
2332 4806 2511 4861 αὐτῶν
2533 4804 2667 4857 αὐτὸ
2688 4802 2902 4873 ποιήσω
2917 4799 3023 4853 τῶν
3051 4798 3391 4870 πραγμάτων
3413 4798 3666 4868 φανερόν.

2101 4903 2389 4972 Ἀνέστησε
2434 4898 2527 4958 τὸν
2567 4897 2817 4968 Λάζαρον
2877 4895 3087 4964 ῥήματι
3143 4891 3290 4961 μόνῳ
3342 4889 3516 4960 ψιλῷ,
3576 4892 3672 4944 καὶ

2088 4997 2270 5063 ζῶντα
2324 4994 2560 5059 ἔδειξενο
2616 4986 2736 5044 εἷπε
2791 4988 2976 5052 πάλιν,
3028 4987 3108 5040 ὅτι
3155 4985 3351 5038 Πύλαι
3398 4982 3546 5049 ᾅδου
3597 4983 3672 5038 οὐ

2089 5088 2537 5155 κατισχύσουσι
2568 5083 2678 5151 τῆς
2720 5077 3102 5144 Ἐκκλησίας·
3130 5075 3247 5138 καὶ,
3277 5076 3359 5128 ὅτι
3400 5075 3462 5128 Ὀ
3489 5090 3670 5128 κατα-

2088 5176 2282 5232 λιπὼν
2315 5173 2542 5240 πατέρα
2579 5174 2616 5240 ἢ
2651 5168 2881 5240 μητέρα
2927 5165 3526 5220 ἑκατονταπλασίονα
3556 5163 3668 5231 λή-

2089 5270 2264 5335 ψεται
2296 5265 2365 5316 ὲν
2394 5261 2472 5327 τῷ
2503 5261 2671 5314 αιῶνι
2701 5259 2911 5320 τούτῳ,
2941 5257 3039 5308 καί
3072 5255 3225 5325 ζωὴν
3254 5255 3494 5311 αἰώνιον
3523 5261 3674 5324 κλη-

2083 5356 2434 5427 ρονομήσει.
2479 5351 2690 5406 Οὐκοῦν
2723 5350 2784 5403 16
2817 5349 2914 5419 μέν
2948 5347 3136 5419 θαῦμα
3165 5349 3244 5416 ἓν,
3278 5350 3338 5401 16
3365 5348 3458 5401 τοῦ
3492 5345 3676 5410 Λαζά-

2091 5467 2188 5522 ρου
2212 5467 2225 5479 ·
2259 5449 2317 5500 αί
2350 5448 2407 5499 δέ
2453 5443 2791 5515 προρρήσεις
2825 5440 2940 5509 δύο,
2975 5442 3008 5510 ὴ
3049 5443 3147 5512 μὲν
3191 5437 3427 5493 ἐνταῦθα
3457 5436 3672 5489 δεικνυ-

2094 5541 2254 5612 μένη,
2284 5540 2317 5608 ἡ
2342 5537 2396 5590 δέ
2422 5537 2480 5589 ἐν
2498 5533 2576 5603 τῷ
2601 5532 2870 5604 μέλλοντι.
2893 5533 3092 5586 Σκόπει
3112 5531 3291 5583 τοίνυν
3315 5527 3434 5589 πῶς
3457 5527 3674 5580 ᾶπαντα

2091 5634 2158 5688 δι’
2177 5633 2425 5704 ἀλλήλων
2443 5626 2933 5689 κατασκευάζεται.
2963 5626 3026 5678 Εἰ
3047 5624 3145 5693 μὲν
3163 5621 3273 5690 γάρ
3292 5635 3376 5682 τις
3393 5616 3674 5685 ἀπιστοίη,

2092 5727 2172 5780 ὅτι
2205 5724 2454 5794 Λάζαρος
2487 5719 2685 5787 ἀνέστη
2707 5759 2721 5782 ,
2755 5718 2862 5773 ἀπὸ
2892 5720 2988 5788 τῆς
3025 5713 3383 5786 προρρήσεως
3414 5711 3516 5780 τῆς
3546 5709 3677 5781 περὶ

2161 5892 2177 5914 ι
2209 5883 2380 5933 οδω-αι
2398 5882 2542 5933 δλως,
2612 5876 2640 5917 b
2662 5877 2777 5925 Post
2801 5874 2928 5938 hanc
2955 5880 3126 5938 gocgm
3145 5867 3276 5916 addit
3300 5865 3488 5930 Regius
3519 5869 3672 5916 unde:

2103 5947 2156 5994 τὸ
2183 5946 2234 5996 δὲ
2255 5931 2493 5992 ⁷τιίινοιντίιι
2514 5931 2697 5989 τούτων
2725 5935 2926 5997 νομίζειν
2961 5931 3136 5988 ἀνοίας.

4013 543 4018 649 ι
