4018 6208
337 379 405 433 υ5
1405 376 1466 429 ΙΝ
1509 375 1721 429 EPIST.
1757 375 1772 426 ι
1837 375 1925 426 Al)
1967 373 2121 436 (10R.
2169 374 2377 429 llOMll.
2442 376 2552 430 VH.
3528 386 3630 439 ,66

335 503 446 566 35},
477 515 584 554 non
604 496 945 562 dubitaverit,
972 509 1074 549 non
1106 492 1505 563 repudiaverit?
1529 494 1776 546 Attamen
1808 506 1914 543 non

333 593 494 646 modo
535 606 638 644 non
671 590 1083 658 obtorpuerunt,
1122 601 1226 638 non
1258 585 1416 638 modo
1461 598 1564 636 non
1597 590 1922 650 respuerunt

335 681 448 734 hanc
476 680 790 739 audientes;
823 677 916 730 sed
944 676 1104 729 etiam
1133 674 1505 738 accurrebant,
1548 681 1601 726 et
1627 671 1695 724 ad
1742 671 1922 740 gravia

334 771 657 833 insiliebant,
695 785 756 822 ac
799 784 917 837 qua:
957 766 1404 836 prtecipiebantur
1431 764 1776 833 art'ipiebant.
1812 765 1922 816 Au-

332 863 444 917 dire
471 871 648 914 autem
677 859 825 919 illud,
861 858 933 912 De
960 859 1103 911 omni
1131 858 1290 911 verbo
1313 858 1488 911 otioso
1515 857 1775 910 rationem
1803 855 1922 909 red-

330 952 490 1007 dituri
519 967 703 1004 sumus
733 948 946 1020 (Matth.
983 947 1185 1019 12.36)
1218 964 1231 1012 ;
1263 958 1333 1012 et,
1368 946 1470 1013 Qui
1497 946 1702 1015 respicit
1733 944 1920 998 mulie-

330 1059 434 1095 rem
463 1042 534 1094 ad
567 1041 1018 1108 concupiscendum
1057 1057 1186 1102 eam,
1216 1039 1333 1108 jam
1375 1039 1760 1092 mae/mtuam
1810 1051 1921 1088 eam

334 1136 561 1205 (Matth.
596 1137 649 1191 ὅ.
696 1135 844 1203 28);
893 1143 980 1196 et,
1030 1133 1131 1199 Qui
1169 1134 1415 1186 irascitur
1462 1142 1696 1195 temere,
1732 1130 1781 1182 in
1824 1143 1921 1197 ge-

331 1229 562 1282 hennam
593 1227 789 1280 incidet
814 1241 827 1288 ;
856 1241 1020 1293 quem
1039 1239 1144 1277 non
1175 1223 1441 1291 abegisset
1467 1235 1654 1274 eorum
1676 1219 1766 1287 qui
1797 1230 1922 1275 tunc

329 1318 522 1372 erant?
553 1323 799 1371 Attamen
842 1331 1031 1370 omnes
1077 1315 1450 1376 accurrebant,
1485 1321 1539 1366 et
1567 1312 1720 1364 multi
1757 1312 1920 1366 etiam

330 1421 478 1478 septa
513 1410 900 1462 transiliebant.
933 1409 1068 1475 Quid
1095 1421 1223 1475 ergo
1246 1405 1366 1458 illos
1390 1403 1673 1457 inducobat
1694 1405 1717 1455 Υ
1739 1418 1919 1456 annon

329 1501 496 1554 virtus
524 1502 637 1571 ejus
660 1504 748 1570 qui
783 1500 1187 1569 praedicabatur,
1214 1505 1270 1549 ut
1297 1495 1469 1563 palam
1493 1504 1576 1548 est
1599 1497 1621 1546 τ
1644 1494 1753 1547 Nisi
1776 1495 1919 1548 enim

329 1593 432 1646 hoc
453 1605 595 1647 esset
622 1604 676 1646 et
703 1592 1032 1647 contrarium
1063 1596 1225 1653 esset,
1251 1599 1304 1641 et
1335 1588 1407 1641 illi
1438 1587 1524 1640 isti
1558 1585 1803 1649 fuissent,
1830 1587 1916 1639 isti

327 1697 455 1736 vero
489 1684 562 1734 illi
589 1700 603 1747 ;
634 1698 698 1734 an
729 1682 918 1734 fuisset
945 1678 1097 1733 facile
1131 1689 1492 1747 repugnantes
1521 1675 1768 1730 trahere?
1804 1675 1918 1730 Diei

327 1784 472 1828 certe
497 1773 545 1826 id
577 1789 679 1826 non
710 1783 903 1841 potest.

397 1865 450 1919 8.
495 1864 677 1934 Itaque
715 1880 808 1933 per
851 1863 1027 1917 omnia
1071 1861 1374 1916 ostenditur
1400 1861 1635 1915 divinam
1665 1863 1916 1915 virtutem

327 1957 491 2012 fuisse
517 1974 636 2027 qua:
666 1960 779 2010 tunc
809 1957 1047 2025 perfecit.
1083 1955 1212 2008 Nam
1243 1955 1403 2019 unde,
1446 1959 1647 2022 qureso,
1694 1969 1918 2022 persua-

324 2058 510 2103 serunt
556 2049 807 2102 mollibus
837 2058 889 2100 et
915 2047 1300 2110 diffluentibus,
1345 2046 1411 2098 ad
1453 2049 1614 2097 vitam
1659 2045 1916 2099 ducentes

324 2141 512 2194 duram
537 2151 590 2194 et
620 2138 902 2207 asperam?
931 2137 1035 2192 Sed
1066 2148 1329 2205 prwcepta
1358 2136 1572 2205 quidem
1613 2135 1915 2205 hujusmodi

324 2244 476 2288 erant
507 2251 519 2285 :
555 2233 833 2287 videamus
864 2239 1040 2284 autem
1077 2246 1144 2283 an
1180 2230 1371 2298 dogma
1401 2235 1509 2283 vim
1557 2230 1776 2283 haberet
1804 2229 1920 2281 alli-

323 2323 520 2377 ciendi.
555 2323 714 2390 Atqui
743 2322 844 2374 hoc
877 2323 1046 2389 ipsum
1093 2321 1223 2373 satis
1252 2329 1367 2373 erat
1396 2321 1460 2372 ad
1502 2318 1794 2388 abigendos
1834 2319 1917 2372 in-

327 2414 532 2468 fideles.
595 2414 729 2478 Quid
777 2413 920 2467 enim
969 2411 1217 2464 dicebant
1265 2411 1320 2474 ii,
1372 2411 1460 2478 qui
1517 2410 1918 2478 prredieabant?

323 2506 650 2561 Cruciftxum
683 2495 801 2559 esse
832 2504 1164 2557 adorandum
1195 2502 1453 2570 illumque
1485 2502 1649 2554 Deum
1679 2515 1799 2553 esse
1829 2516 1918 2568 pu-

326 2598 568 2661 taudum,
602 2597 690 2664 qui
723 2612 785 2650 ex
834 2595 1017 2650 Jlldtl‘a
1068 2594 1292 2647 muliere
1323 2604 1476 2646 natus
1515 2601 1678 2646 esset.
1723 2592 1917 2660 Ecquis

326 2691 429 2743 illis
458 2690 797 2749 credidisset,
841 2688 941 2740 nisi
982 2695 1230 2739 movente
1261 2685 1438 2738 divina
1484 2684 1723 2738 virtute?
1764 2684 1916 2750 Quod

324 2781 465 2833 enim
500 2778 788 2833 crucifixus
825 2787 877 2831 et
909 2777 1150 2844 sepultus
1181 2775 1386 2840 fuisset,
1417 2791 1606 2828 omnes
1637 2776 1912 2837 sciebant,

323 2870 466 2941 quod
484 2879 660 2923 autem
691 2867 1076 2923 resurrexissct
1102 2875 1156 2920 et
1183 2867 1535 2931 ascendisset,
1572 2877 1765 2935 printer
1789 2881 1918 2935 apo-

323 2965 492 3017 stolos
543 2977 702 3015 nemo
739 2960 964 3014 viderat.
1011 2960 1078 3012 At
1119 2957 1398 3027 promissis
1443 2957 1564 3011 illos
1617 2957 1914 3028 erigebant,

327 3057 551 3123 inquies,
586 3063 642 3108 et
681 3054 964 3106 verborum
1010 3068 1146 3106 sono
1190 3051 1541 3122 deceperunt.
1591 3051 1700 3105 Hoc
1741 3053 1914 3120 ipsum

327 3163 453 3200 vero
486 3146 714 3199 maxime
762 3145 999 3198 ostendit
1045 3154 1242 3213 prmter
1281 3158 1341 3196 ea
1389 3143 1567 3195 omnia
1617 3160 1734 3211 qua:
1776 3144 1914 3195 dicta

325 3247 468 3297 sunt,
516 3251 602 3289 res
632 3245 845 3288 nostras
886 3254 990 3288 nou
1025 3250 1146 3290 esse
1191 3234 1469 3287 fallaciam.
1511 3234 1638 3287 Nam
1677 3234 1914 3287 diflicilta

323 3329 498 3381 omnia
534 3327 658 3380 hinc
688 3327 1039 3390 eveniebant;
1083 3326 1230 3378 utilia
1262 3340 1389 3380 vero
1414 3335 1534 3394 post
1558 3326 1915 3380 resurrectio-

327 3437 446 3474 nem
486 3418 724 3488 promitti
757 3419 1056 3485 oportebat.
1103 3416 1215 3469 Hoc
1256 3418 1429 3485 ipsum
1475 3424 1675 3480 autem,
1722 3418 1915 3469 iterum

326 3514 520 3576 dicam,
542 3511 777 3566 ostendit
801 3508 1232 3578 przedicationem
1257 3517 1494 3562 nostram
1515 3509 1747 3563 divinam
1772 3524 1912 3563 esse.

324 3609 431 3661 Cur
458 3609 599 3662 enim
631 3621 788 3659 nemo
813 3603 1145 3658 credentium
1172 3600 1328 3662 dixit,
1353 3600 1466 3654 Non
1497 3601 1717 3662 accedo,
1743 3615 1915 3669 neque

326 3696 463 3752 ferre
488 3711 705 3762 possum
733 3712 746 3748 :
774 3691 1012 3748 difficilia
1042 3691 1170 3746 mihi
1194 3689 1281 3745 hic
1303 3689 1673 3757 comminaris,
1700 3698 1755 3744 et
1775 3689 1915 3744 bona

329 3786 447 3847 post
479 3777 926 3833 resurrectionem
972 3775 1276 3847 promittis?
1313 3778 1580 3830 umlenam
1627 3776 1797 3845 liquet
1824 3788 1918 3829 re-

325 3866 713 3922 surrectionem
749 3864 976 3918 futuram
1023 3866 1181 3919 esse?
1215 3866 1337 3934 quis
1381 3881 1569 3920 eorum
1616 3865 1702 3934 qui
1733 3865 1918 3918 deces~

323 3966 511 4012 serunt
549 3956 735 4010 venit?
760 3957 877 4027 quis
921 3970 1255 4010 mortuorum
1306 3957 1643 4011 resurrexit?
1671 3956 1790 4025 quis
1822 3956 1921 4008 ho-

323 4063 441 4101 rum
465 4047 600 4101 dixit
622 4048 748 4116 quid
772 4049 1003 4102 futurum
1028 4049 1095 4102 sit
1122 4059 1244 4119 post
1270 4060 1508 4103 nostrum
1536 4049 1658 4103 hinc
1684 4048 1918 4102 exitum?

326 4139 390 4190 At
430 4137 558 4191 nihil
603 4136 793 4192 ltorum
839 4139 1176 4208 cogitarunt;
1209 4140 1302 4193 sed
1333 4150 1385 4194 et
1414 4141 1622 4193 animas
1652 4139 1921 4194 dederunt

324 4243 418 4298 pro
468 4228 760 4286 Crucifixo.
814 4231 994 4300 Itaque
1039 4233 1140 4287 hoc
1191 4232 1365 4302 ipsum
1411 4235 1660 4288 maximte
1707 4233 1917 4289 virtutis

321 4329 455 4383 erat,
482 4322 623 4390 quod
653 4338 775 4378 cum
802 4324 933 4377 nihil
967 4323 1160 4378 horum
1193 4341 1444 4394 umquam
1476 4327 1776 4393 audissent,
1800 4336 1915 4383 sta-

323 4412 414 4464 tim
444 4411 513 4466 de
543 4414 704 4467 tantis
737 4415 895 4469 rebus
928 4417 1408 4484 persuaderentur,
1442 4425 1496 4472 et
1525 4432 1645 4472 sese
1689 4434 1918 4488 appara-

325 4513 440 4556 rent
471 4513 526 4555 ut
554 4504 791 4558 difficilia
837 4507 889 4559 in
941 4508 1371 4574 experimentum
1419 4513 1746 4578 acciperent,
1775 4511 1918 4566 bona

323 4609 452 4647 vero
484 4595 533 4647 in
564 4608 658 4662 spe
686 4595 965 4651 baberent.
1000 4597 1054 4648 Si
1090 4607 1264 4651 autem
1312 4599 1565 4666 decipere
1597 4600 1916 4668 voluissent,

323 4686 650 4738 contrarium
685 4685 877 4739 facturi
929 4697 1110 4750 erant;
1146 4690 1231 4741 hic
1262 4689 1399 4741 bona
1444 4691 1835 4756 promisissent,
1866 4701 1918 4745 et

325 4775 581 4829 terribilia
630 4778 955 4845 tacuissent,
1009 4787 1115 4832 tam
1170 4781 1454 4847 prwsentia
1503 4799 1660 4850 quam
1719 4784 1911 4838 futura.

323 4868 396 4923 lta
439 4872 581 4924 enim
633 4870 808 4926 facere
854 4873 1032 4927 Solent
1074 4876 1161 4944 qui
1204 4874 1483 4945 decipiunt
1510 4885 1564 4931 et
1590 4879 1912 4932 adulantur:

322 4960 453 5013 nihil
486 4976 733 5030 asperum
785 4963 980 5017 durum
1014 4965 1097 5017 vel
1131 4980 1418 5021 onerosum
1469 4980 1792 5037 praponunt,
1823 4975 1916 5025 sed

319 5053 648 5105 contrarium
674 5063 877 5120 totum;
911 5055 1026 5109 haec
1054 5056 1254 5126 quippe
1281 5055 1490 5113 fallacia
1518 5074 1619 5114 esu
1646 5060 1749 5116 Sed
1780 5062 1918 5115 mul-

320 5157 492 5196 torum
517 5146 772 5208 amentia,
790 5147 1021 5214 inquies,
1046 5148 1168 5203 fecit
1192 5159 1246 5203 ut
1266 5149 1424 5204 dictis
1448 5151 1604 5206 fidem
1631 5153 1911 5208 haberent.

319 5235 457 5300 Quid
509 5233 679 5288 dicLs?
721 5239 934 5303 quando
987 5241 1088 5296 sub
1140 5240 1346 5297 Grzecis
1395 5242 1564 5310 fuere,
1613 5261 1714 5299 non
1764 5257 1919 5300 crant

317 5327 499 5393 stulti;
533 5325 630 5382 sed
660 5328 875 5397 quando
905 5331 969 5382 ad
1006 5348 1102 5388 uos
1135 5338 1376 5389 traus'ati
1409 5345 1563 5398 sunt,
1598 5349 1722 5391 tunc
1767 5341 1916 5395 stulti

317 5421 645 5477 evaserunt?
678 5421 836 5492 Atqui
871 5439 976 5475 non
1005 5426 1140 5480 alios
1177 5428 1443 5496 homines,
1481 5446 1654 5498 neque
1697 5448 1762 5486 ex
1811 5435 1921 5489 alio

317 5513 450 5565 orbe
467 5513 797 5580 accipientes
818 5517 1046 5582 apostoli
1069 5518 1132 5570 ad
1160 5520 1314 5574 fidem
1342 5521 1697 5578 deduxerunt.
1718 5525 1920 5592 Quam-

318 5621 478 5674 quam
508 5609 787 5676 gentilium
819 5610 1059 5664 instituta
1089 5611 1404 5681 simpliciter
1432 5617 1704 5683 tenebant,
1734 5632 1917 5676 nostra

320 5712 449 5750 vero
477 5711 599 5751 cum
627 5699 866 5768 periculo
891 5715 1243 5770 susceperunt
1272 5721 1287 5759 :
1314 5707 1492 5779 itaque
1515 5712 1559 5764 si
1584 5727 1703 5766 eum
1729 5715 1918 5783 majori

321 5788 526 5841 ratione
559 5787 644 5842 illa
679 5790 1001 5858 tenuissent,
1023 5809 1143 5848 cum
1177 5803 1324 5852 tanto
1357 5810 1596 5864 tempore
1620 5805 1671 5859 in
1696 5806 1800 5861 illis
1831 5807 1912 5861 vi-

2036 487 2260 549 xisseul,
2287 505 2396 543 non
2421 491 2485 542 ab
2511 490 2612 546 illis
2631 491 3039 556 abscessissent,
3073 508 3195 548 eum
3235 497 3468 548 maxime
3516 476 3646 554 non.

2033 583 2231 648 alisgttc
2257 582 2494 658 perit-nlo
2528 585 2820 637 abscedere
2849 595 3086 651 possent.
3121 585 3411 656 Postquam
3441 606 3620 644 att-em

2031 689 2096 728 ex
2130 673 2240 742 ipsa
2269 689 2447 727 rerum
2487 686 2675 728 natura
2704 687 3090 745 cognoverunt,
3120 679 3344 734 ridicula
3387 683 3470 735 illa
3501 699 3625 738 esse

2030 775 2084 816 et
2113 778 2297 818 errore
2329 764 2482 830 plena
2507 780 2519 828 ;
2553 764 2695 830 ideo,
2719 781 2839 819 cum
2869 767 3031 820 etiam
3062 771 3250 825 mortis
3273 772 3429 826 minzc.
3459 773 3626 828 inten-

2034 862 2292 919 tarentur,
2323 868 2353 906 a
2381 856 2653 910 consuetis
2678 858 3002 923 resilierunt,
3031 868 3084 912 et
3112 859 3179 913 ad
3208 877 3341 916 nova
3369 865 3627 934 confuge-

2031 955 2174 1010 runt,
2217 955 2400 1013 utpote
2448 962 2568 1000 cum
2625 947 2724 1002 hoc
2780 948 2972 1018 dogma
3028 953 3318 1006 secundum
3374 966 3619 1010 naturam

2030 1045 2192 1099 esset,
2224 1035 2354 1090 illud
2399 1054 2524 1091 vero
2570 1050 2766 1107 prmter
2793 1051 3056 1094 naturam.
3093 1045 3163 1097 At
3191 1045 3280 1112 qui
3308 1047 3620 1112 credebant,

2031 1125 2254 1194 inquies,
2275 1137 2430 1180 erant
2467 1128 2669 1194 famuli,
2700 1131 2972 1197 mulieres,
3006 1135 3262 1200 nutrices,
3302 1136 3622 1193 obstetrices

2028 1227 2080 1272 et
2106 1218 2356 1272 eunuchi.
2389 1223 2454 1273 At
2485 1235 2590 1273 non
2614 1236 2677 1275 ex
2719 1221 2802 1276 liis
2829 1224 3002 1276 solum
3032 1224 3185 1279 nobis
3219 1228 3512 1282 constituta
3541 1239 3624 1283 est

2028 1308 2288 1373 Ecclesia,
2335 1310 2475 1377 quod
2512 1311 2692 1380 utique
2741 1323 2823 1367 est
2862 1315 3110 1368 omnibus
3154 1317 3494 1372 manifestum
3529 1337 3542 1372 :
3575 1321 3622 1375 si

2026 1407 2206 1450 autem
2252 1398 2320 1450 ab
2365 1398 2468 1461 his,
2503 1399 2603 1453 hoc
2664 1403 2896 1455 maxime
2955 1403 3392 1470 prtedicationem
3444 1408 3620 1461 admio

2028 1487 2253 1542 rabilem
2299 1489 2512 1556 reddit,
2555 1491 2697 1560 quod
2749 1493 2874 1545 talia
2943 1492 3191 1562 dogmata
3222 1537 3236 1560 ,
3285 1512 3404 1565 qum
3467 1499 3624 1554 Plato

2029 1591 2085 1636 et
2137 1583 2219 1637 sui
2281 1585 2538 1653 temporis
2598 1586 2687 1639 alii
2756 1588 3061 1656 excogitare
3126 1603 3230 1643 non
3289 1599 3617 1659 potuerunt,

2027 1676 2205 1728 statim
2253 1679 2524 1743 potuerint
2567 1680 2879 1746 piscatores,
2929 1683 3163 1736 omnium
3196 1683 3622 1743 indoctissimum

2026 1782 2214 1837 genus,
2239 1769 2304 1821 ad
2335 1769 2697 1836 recipiendum
2728 1772 2999 1826 inducere.
3035 1774 3215 1844 Neque
3236 1777 3398 1842 enim,
3423 1779 3467 1832 si
3492 1795 3622 1848 pru-

2027 1859 2276 1912 dentibus
2306 1860 2480 1912 solum
2529 1861 2944 1928 persuasissent,
2991 1863 3126 1917 adeo
3169 1866 3482 1921 admiranda
3533 1884 3621 1924 res

2028 1949 2213 2002 fuisset
2244 1967 2256 2002 :
2287 1965 2406 2003 cum
2437 1966 2565 2003 vero
2606 1951 2852 2018 famulos,
2888 1957 3123 2009 nutrices
3155 1966 3208 2009 et
3237 1959 3514 2013 eunuchos
3551 1961 3619 2014 ad

2029 2049 2229 2093 tantam
2259 2040 2578 2095 deduxerint
2608 2043 3023 2113 philosophiam,
3058 2057 3114 2100 ut
3146 2047 3265 2102 illos
3289 2050 3491 2116 angelis
3523 2066 3619 2120 pa-

2030 2147 2117 2185 res
2146 2132 2391 2197 fecerint,
2429 2151 2672 2204 maguam
2705 2137 2986 2205 pra-buere
3017 2139 3211 2194 divina:
3256 2142 3624 2210 inSpiratiouis

2027 2223 2569 2280 demonstrationem.
2615 2227 2747 2280 Nam
2790 2231 2835 2281 si
2891 2232 3011 2283 vilia
3061 2225 3306 2299 qtlazdam
3346 2237 3625 2304 praecepis~

2027 2323 2169 2378 seut,
2204 2325 2348 2368 esset
2393 2315 2531 2371 forte
2576 2319 2768 2371 rationi
2817 2330 3238 2376 consentaneum
3279 2341 3463 2379 eorum
3511 2343 3626 2396 per-

2028 2407 2333 2460 suasionem
2390 2408 2455 2460 ad
2517 2407 2986 2464 demonstrandam
3045 2412 3308 2466 dittorum
3365 2417 3621 2472 vilitatem

2030 2497 2265 2562 proferre
2298 2514 2310 2546 :
2337 2496 2380 2549 si
2409 2507 2585 2551 autem
2630 2516 2817 2568 magna
2847 2512 2898 2555 et
2940 2503 3186 2556 sublimia
3233 2503 3624 2576 humanamque

2031 2597 2272 2637 naturam
2303 2585 2410 2639 fere
2437 2592 2766 2655 superantia,
2792 2607 2911 2658 qua:
2939 2591 3150 2644 sublimi
3181 2607 3358 2648 mente
3382 2611 3514 2665 Opus
3539 2597 3626 2651 ha-

2030 2678 2176 2742 bent,
2210 2679 2758 2748 philosophabantur;
2805 2697 2909 2750 quo
2939 2684 3106 2752 magis
3144 2687 3333 2738 stultos
3373 2691 3629 2746 ostendes

2028 2785 2121 2824 eos
2149 2774 2238 2840 qui
2269 2776 2505 2840 persuasi
2545 2784 2687 2840 sunt,
2736 2791 2802 2828 eo
2847 2777 3012 2846 magis
3058 2779 3326 2845 sapientes
3357 2792 3409 2832 et
3439 2781 3619 2835 divina

2028 2866 2196 2933 gratia
2231 2867 2463 2933 repletos
2504 2868 2757 2921 ostendes
2803 2883 2897 2922 eos
2939 2871 3028 2937 qui
3074 2883 3473 2938 persuaserunt.
3516 2873 3621 2929 Sd

2031 2955 2394 3025 magnitudine
2454 2958 2875 3025 promissmum,
2930 2961 3157 3028 inquies,
3220 2977 3621 3030 persuaserunt.

2031 3048 2110 3098 An
2146 3046 2245 3099 hoc
2287 3047 2458 3114 ipsum
2505 3061 2610 3099 non
2663 3047 2894 3110 miraris,
2943 3049 3210 3117 quomodo
3255 3056 3622 3120 persuasv'rint

2031 3139 2156 3203 illis,
2190 3151 2242 3192 ut
2273 3149 2392 3207 post
2423 3151 2649 3193 mortem
2695 3141 2912 3209 pra-mia
2943 3151 2992 3195 et
3029 3142 3304 3198 mercedes
3338 3156 3621 3214 exspecta-

2031 3232 2191 3284 rent?
2224 3231 2332 3298 Ego
2360 3245 2486 3284 vero
2513 3233 2610 3282 hac
2641 3231 2751 3297 ipsa
2793 3232 2858 3285 de
2906 3246 2962 3285 re
3002 3233 3344 3301 OiJSlUpt'SCO.
3393 3236 3462 3288 At
3500 3236 3620 3303 hoc,

2031 3323 2260 3390 inquies,
2300 3337 2364 3375 ex
2406 3322 2671 3376 stultitia?
2702 3321 2965 3388 Quanam,
3007 3338 3191 3391 quaeso
3236 3333 3317 3386 te,
3374 3328 3618 3392 stultitia,

2028 3413 2168 3482 quod
2203 3413 2378 3465 anima
2411 3412 2726 3465 immortalis
2753 3412 2842 3474 sit,
2875 3422 2928 3465 et
2959 3412 3213 3480 judicium
3256 3415 3620 3485 ineorwptunt

2029 3512 2151 3570 post
2186 3502 2323 3555 hanc
2371 3503 2527 3555 vitam
2589 3517 2687 3554 nos
2734 3513 3082 3569 excepturum
3113 3513 3218 3566 est,
3277 3513 3330 3558 et
3383 3509 3620 3562 rationes

2030 3595 2338 3654 verborum,
2378 3609 2558 3648 rerum
2605 3602 2658 3648 et
2695 3594 3076 3658 cogitationum
3105 3594 3352 3651 dabimus
3395 3599 3501 3651 Deo
3532 3602 3618 3669 qui

2031 3684 2176 3737 novit
2200 3698 2418 3747 arcana,
2447 3692 2500 3736 et
2529 3683 2699 3737 malos
2729 3683 2944 3752 quidem
2975 3685 3207 3751 punitos,
3235 3687 3404 3740 bonos
3441 3698 3619 3742 autem

2025 3786 2312 3830 corOuans
2355 3775 2689 3830 videbimus?
2720 3778 2843 3832 Haec
2891 3781 3032 3832 enim
3080 3797 3187 3835 non
3221 3783 3607 3853 stttltitia:,sed

2021 3866 2268 3918 tnoximre
2303 3867 2656 3935 phil050phire
2686 3877 2828 3922 sunt.

2093 3955 2144 4008 9.
2180 3955 2288 4009 lloc
2321 3956 2503 4026 igitur,
2537 3957 2622 4012 die
2669 3957 2824 4027 mihi,
2856 3962 3140 4028 praesentia
3177 3978 3456 4033 spernere,
3499 3979 3614 4018 ma-

2021 4058 2177 4113 gnam
2227 4061 2339 4097 rem
2390 4060 2510 4099 esse
2564 4048 2816 4102 virtutem
2867 4059 3071 4117 putare,
3106 4068 3212 4106 non
3263 4057 3347 4107 hic
3392 4054 3612 4122 przemia

2019 4150 2283 4205 quaerere,
2311 4137 2403 4190 sed
2451 4136 2678 4193 ulterius
2725 4153 2819 4206 spe
2869 4143 3136 4209 progredi,
3166 4144 3506 4212 animamque
3536 4146 3616 4196 sic

2020 4236 2358 4281 constantem
2393 4236 2447 4280 et
2490 4228 2544 4281 in
2575 4228 2679 4284 fide
2724 4230 2936 4284 firmam
2986 4242 3188 4290 tenere.
3221 4232 3290 4286 ita
3323 4239 3379 4285 ut
3407 4247 3435 4284 a
3467 4232 3611 4285 nullo

2022 4321 2284 4374 malorum
2320 4322 2664 4391 praesentium
2692 4323 2755 4377 ad
2781 4323 3011 4378 futuram
3051 4340 3202 4392 spem
3245 4323 3609 4393 impediatur:

2020 4411 2154 4477 haec,
2193 4414 2431 4481 inquam,
2481 4423 2692 4479 quaom
2742 4413 2940 4471 fuerint
2985 4415 3370 4485 pliilosoiihim?
3398 4415 3504 4470 Sed
3534 4416 3614 4476 vis

2019 4503 2257 4573 ipsorum
2284 4509 2674 4575 promissorum
2700 4520 2752 4562 et
2780 4508 3187 4577 pra-dietionum
3217 4508 3322 4561 vim
3347 4509 3614 4574 ediscere,

2019 4609 2071 4651 et
2106 4599 2384 4652 veritatem
2419 4616 2602 4654 armum
2651 4617 2769 4671 qnce
2800 4612 3224 4671 prae-cesserunt,
3259 4615 3313 4658 et
3341 4620 3461 4674 qua:
3497 4615 3620 4671 post

2023 4689 2193 4742 futura
2219 4694 2382 4744 sunt?
2413 4693 2547 4746 Vide
2577 4696 2703 4747 mihi
2727 4706 2970 4750 catenam
2999 4711 3218 4751 auream
3248 4697 3393 4751 varie
3420 4695 3488 4750 ab
3517 4695 3619 4748 ini-

2019 4782 2093 4834 tiu
2126 4797 2445 4836 enimenim.
2470 4785 2611 4837 Dixit
2641 4785 2746 4840 illis
2777 4789 3020 4856 quaedam
3043 4790 3111 4845 de
3130 4791 3310 4857 seipso
3339 4788 3489 4843 etde
3519 4787 3620 4842 Ec.-

2019 4873 2196 4926 clesiis
2221 4873 2396 4954 deque
2423 4876 2614 4931 luturis
2646 4879 2841 4946 rebus;
2875 4889 2928 4935 et
2961 4882 3074 4934 hare
3101 4880 3330 4936 dicendo
3359 4879 3614 4935 miracula

2019 4965 2230 5019 edebat.
2521 4979 2525 4983 ’

2091 5055 2280 5110 Christi
2328 5058 2560 5114 doctrina
2602 5070 2647 5114 et
2701 5063 2961 5116 miraculis
3008 5081 3074 5119 ea:
3116 5082 3178 5120 ea:
3225 5067 3616 5135 prwdictionum

2019 5159 2196 5202 eventu
2228 5153 2492 5204 asseritur.
2514 5181 2581 5191 —
2603 5153 2678 5206 Ex
2709 5165 2903 5209 eventu
2937 5173 3067 5226 ergo
3098 5175 3307 5223 eorum,
3329 5175 3447 5228 qua:
3477 5175 3619 5228 prte-

2020 5243 2160 5297 dicta
2190 5257 2335 5308 sunt,
2371 5245 2653 5312 perspicua
2691 5259 2811 5300 sunt
2843 5260 2895 5303 et
2928 5253 3179 5305 miracula
3211 5263 3263 5305 et
3293 5251 3466 5307 futura
3497 5267 3617 5321 pro-

2022 5337 2204 5389 mis<a.
2237 5336 2301 5391 Ut
2336 5347 2512 5391 autem
2545 5339 2745 5394 clarius
2789 5341 2858 5394 sit
2909 5342 2982 5407 id,
3014 5343 3153 5410 quod
3186 5341 3386 5396 dictum
3418 5353 3521 5407 εει,
3554 5359 3618 5398 ex

2022 5429 2152 5496 ipsis
2197 5427 2355 5482 rebus
2409 5430 2535 5483 illttd
2583 5433 2968 5502 comprobaho.
3019 5434 3308 5488 Suscitavit
3356 5434 3618 5491 Lazarum

2019 5521 2135 5573 solo
2187 5520 2371 5585 verbo,
2406 5531 2457 5574 et
2507 5523 2688 5576 vivum
2731 5522 2963 5577 ostendit
2998 5524 3172 5578 :dixit
3208 5540 3413 5592 rursus,
3445 5525 3619 5580 Porta

2019 5614 2171 5685 inferi
2195 5629 2292 5665 non
2324 5614 2670 5683 prm'olebunt
2697 5616 2938 5669 adversus
2965 5614 3247 5670 Ecclesium
3282 5615 3498 5688 (Matth.
3534 5618 3617 5670 16.

2026 5705 2144 5774 18);
2176 5713 2251 5767 ct,
2281 5705 2379 5770 Qui
2409 5706 2614 5773 reliquit
2658 5717 2852 5774 patrem
2877 5714 2926 5758 et
2951 5718 3184 5772 matrem,
3208 5707 3502 5776 centuplum
3526 5722 3621 5761 ac-

2021 5797 2168 5866 crpiel
2219 5797 2270 5850 in
2321 5795 2414 5850 hoc
2461 5798 2682 5864 sa‘culo,
2732 5804 2779 5850 et
2828 5797 2985 5850 vitam
3031 5807 3278 5852 retentam
3334 5797 3614 5868 postidebit
