4018 6208
374 400 437 456 m
1117 382 1170 438 S.
1211 375 1487 434 JOANNIS
1525 365 2000 427 CIIRYSOSTOMI
2045 365 2362 424 ARClllEP.
2403 364 2934 424 CONSTANTINOP.
3602 369 3669 424 63

375 509 588 573 (Matth.
625 501 850 566 1939).
887 499 1028 566 Ergo
1058 492 1379 549 miraculum
1409 487 1625 558 quidem
1666 494 1747 538 est
1780 497 1966 538 untnn,

375 615 567 667 nempe
586 593 768 648 Lazari
796 609 807 654 ;
834 586 1212 655 ιπιιξιιὶοείοιιες
1232 595 1360 632 vero
1384 577 1526 640 dum,
1552 590 1777 643 quarum
1801 572 1968 624 altera

375 692 460 745 hic
478 699 688 743 ostensa
705 694 804 746 est,
822 682 987 735 altera
1008 678 1058 731 in
1078 676 1256 729 futuro
1274 671 1394 724 erit.
1415 666 1705 722 Considera
1721 673 1774 716 ut
1790 659 1968 714 omnia

375 782 514 834 inter
527 794 582 832 se
597 790 847 844 compara
857 782 905 824 ta
925 760 1297 838 probautur.Si
1314 760 1432 828 quis
1444 758 1585 812 enim
1606 770 1710 808 non
1725 757 1972 805 crederet

373 873 685 926 suscitatum
710 843 872 917 fuisse
890 861 1173 920 Lazarum,
1193 870 1256 908 ex
1280 851 1622 921 praedictione
1641 861 1758 915 qua:
1775 844 1843 898 de
1869 843 1972 896 bc-

370 961 533 1016 clesia
553 959 693 1012 dicta
711 965 811 1017 est,
834 951 1016 1006 credat
1031 947 1290 1002 miraculo
1313 961 1324 994 :
1347 958 1465 996 nam
1486 940 1626 1010 quod
1648 948 1720 991 tot
1734 946 1858 991 ante
1874 949 1970 987 an.

374 1072 470 1106 llos
488 1051 800 1122 pra-dictum
821 1049 1011 1109 fuerat,
1029 1053 1153 1097 tunc
1169 1039 1348 1096 evenit
1362 1046 1415 1091 et
1429 1036 1588 1089 linem
1605 1033 1805 1100 accepit
1821 1070 1832 1081 .
1848 1030 1973 1084 Por-

374 1154 440 1197 ta:
463 1143 604 1198 enim
639 1139 791 1195 inferi
811 1137 1068 1191 adversus
1093 1130 1386 1187 Eeclesiam
1419 1141 1524 1180 non
1550 1122 1969 1194 przevaluerunt.

372 1235 472 1302 Qui
505 1249 634 1302 ergo
662 1233 712 1285 in
746 1226 1095 1300 praedictione
1123 1222 1403 1276 veritatem
1440 1217 1594 1282 dixit,
1629 1213 1969 1285 perSpicuum

373 1338 452 1379 est
481 1324 622 1394 quod
655 1328 816 1377 etiam
848 1315 1162 1372 miraculum
1194 1312 1385 1366 fecerit
1418 1326 1430 1363 :
1466 1307 1556 1377 qui
1587 1320 1713 1358 vero
1745 1303 1972 1356 miracu-

373 1417 480 1469 lum
501 1393 705 1476 iedidit,
740 1421 793 1464 et
832 1409 921 1478 qui
949 1423 1010 1461 ea
1041 1420 1160 1473 qua:
1192 1403 1402 1455 dixerat
1428 1398 1494 1452 ad
1525 1397 1688 1450 finem
1719 1393 1964 1457 deduxit,

374 1507 544 1573 palam
576 1514 658 1557 est
687 1499 827 1570 quod
856 1499 1015 1551 etiam
1044 1495 1093 1547 in
1124 1491 1473 1563 prtedictione
1504 1486 1807 1540 futurorum
1841 1498 1968 1537 vera

370 1594 536 1654 dicit,
571 1607 786 1658 nempe,
833 1586 1140 1651 Centuplum
1171 1582 1399 1650 recipiet,
1445 1588 1490 1631 et
1531 1577 1683 1630 vitam
1729 1585 1971 1626 wtcrnam

375 1685 644 1754 possidebit
678 1684 739 1745 is,
775 1680 865 1748 qui
909 1675 1189 1746 praesentia
1233 1669 1479 1738 despicit.
1519 1666 1648 1733 Qum
1687 1664 1828 1718 enim
1858 1663 1968 1731 jam

376 1775 506 1828 facta
540 1781 594 1828 et
619 1772 756 1826 dicta
785 1777 928 1831 sunt,
963 1767 1013 1819 in
1051 1765 1271 1834 pignora
1317 1758 1546 1813 maxima
1593 1754 1743 1809 dedit
1783 1767 1969 1807 eorutn

371 1884 490 1935 (μω
519 1875 776 1919 eventura
804 1869 947 1914 sunt.
992 1859 1114 1910 lltec
1147 1858 1324 1922 itaque
1355 1850 1535 1904 omnia
1564 1857 1618 1902 et
1660 1846 1745 1899 his
1773 1844 1968 1898 similia

370 1977 434 2014 ex
471 1955 770 2021 Evangeliis
799 1952 1117 2019 colligentes
1149 1946 1280 2014 ipsis
1309 1942 1576 1999 dicamus,
1627 1937 1835 2003 illisque
1877 1947 1970 1986 ora

372 2053 735 2104 obstruamus.
791 2041 849 2096 Si
901 2039 1021 2106 quis
1064 2050 1192 2088 vero
1239 2030 1436 2085 dixerit
1470 2047 1482 2082 :
1513 2024 1794 2094 Quomodo
1844 2038 1972 2091 ergo

373 2139 590 2193 tandem
633 2149 738 2187 non
783 2130 1082 2186 exstinctus
1113 2125 1209 2178 fuit
1249 2122 1438 2176 error?
1483 2118 1586 2172 hoc
1626 2114 1922 2170 dixerimus
1955 2131 1968 2166 :

377 2233 481 2285 Vos
512 2232 562 2283 in
596 2239 754 2281 causa
785 2224 938 2285 estis,
968 2220 1056 2288 qui
1082 2216 1340 2269 adversus
1371 2211 1597 2266 salutem
1629 2217 1860 2261 vestram
1890 2219 1975 2258 se-

369 2326 601 2377 tlitioues
638 2316 848 2386 agitatis
882 2331 894 2366 :
928 2327 1048 2365 nam
1093 2310 1235 2363 Deus
1279 2321 1366 2360 res
1409 2306 1478 2358 ita
1523 2298 1882 2370 dispensavit,
1917 2306 1973 2350 ut

289 2393 300 2408 ’
372 2430 439 2468 ne
465 2410 702 2478 reliquias
751 2405 966 2475 quidem
1024 2397 1312 2467 impietatis
1363 2404 1634 2448 maneant.
1690 2390 1764 2445 Ea
1813 2403 1964 2456 ergo.

372 2518 490 2569 quae
517 2502 656 2553 dicta
700 2505 845 2559 sunt,
880 2493 1058 2562 paucis
1092 2497 1419 2557 repetamus.
1461 2485 1716 2551 Quianam
1749 2491 1832 2535 est
1879 2481 1974 2532 ha-

373 2607 492 2646 rum
537 2603 716 2642 rerum
766 2582 991 2638 natura?
1029 2596 1153 2634 num
1184 2589 1242 2632 ut
1290 2576 1544 2630 imbecilli
1594 2581 1916 2642 superentur
1943 2585 1973 2623 a

374 2679 703 2752 potentibus.
734 2690 802 2728 an
832 2671 1033 2728 secus?
1064 2670 1152 2739 qui
1191 2668 1364 2722 facilia
1401 2666 1609 2726 dicunt,
1642 2678 1710 2716 an
1752 2662 1842 2730 qui
1872 2659 1974 2712 dif-

378 2769 637 2823 ficiliora?
666 2766 754 2834 qui
782 2780 902 2819 cum
933 2760 1184 2830 periculis
1208 2756 1506 2818 attrahunt,
1537 2768 1603 2806 an
1633 2752 1720 2821 qui
1748 2750 1976 2804 secure?

373 2862 460 2932 qui
489 2862 767 2921 innovaut,
797 2869 862 2907 an
894 2853 981 2921 qui
1009 2847 1455 2906 consuetudinem
1501 2845 1708 2897 lirtnaut
1734 2843 1755 2893 ’ἔ
1781 2841 1869 2908 qui
1920 2841 1968 2894 itt

373 2965 619 3021 asperam
643 2948 782 3001 viam
805 2944 1028 3007 ducunt,
1058 2956 1124 2996 an
1157 2940 1247 3009 qui
1272 2939 1321 2992 in
1357 2934 1613 2990 facilem?
1643 2934 1675 2986 ii
1705 2932 1795 3001 qui
1823 2948 1848 2983 a
1884 2947 1975 2998 pa—

374 3045 492 3098 triis
538 3038 796 3094 institutis
843 3034 1141 3094 abducunt,
1174 3045 1240 3083 an
1288 3028 1323 3081 ii
1366 3027 1457 3094 qui
1503 3040 1609 3078 non
1660 3022 1974 3091 peregrinas

371 3135 519 3202 leges
557 3126 830 3182 statuunt?
860 3125 893 3176 ii
927 3122 1016 3190 qui
1067 3129 1347 3188 postquam
1381 3115 1507 3170 hinc
1549 3111 1974 3166 abscesserimus

371 3222 552 3280 omnia
583 3221 723 3274 bona
764 3214 1108 3285 pollicentur,
1155 3225 1220 3262 an
1264 3209 1295 3260 ii
1340 3205 1513 3275 quiin
1562 3203 1816 3273 presenti
1865 3202 1971 3256 vita

372 3311 694 3371 adulantur?
724 3307 875 3364 multi
907 3321 936 3360 a
961 3305 1170 3376 paucis,
1201 3318 1269 3355 an
1294 3299 1447 3368 pauci
1471 3316 1501 3352 a
1530 3296 1751 3351 multis?
1781 3298 1848 3349 At
1878 3309 1973 3349 vos

2076 484 2256 546 etiam,
2289 481 2518 552 inquies,
2549 480 2635 533 hic
2658 478 2995 547 promisistis.
3015 476 3150 544 Quid
3175 475 3261 531 hic
3283 477 3658 545 promisimus!

2076 572 2424 628 Peccatorum
2471 571 2847 624 remissionem
2886 578 2941 622 et
2983 570 3255 624 lavacrum
3299 568 3668 637 regeneratio-

2077 666 2176 718 nis.
2207 664 2342 718 Vere
2370 663 2588 731 quidem
2623 662 2885 730 baptiSma
2914 660 3032 731 plus
3065 661 3225 715 habet
3263 659 3389 714 boni
3427 660 3479 713 in
3521 658 3670 714 futu-

2076 756 2167 809 ris.
2206 755 2270 808 Et
2313 753 2508 808 Paulus
2541 751 2740 807 clamat
2779 751 2964 806 dicens
2997 769 3011 805 :
3045 750 3237 804 Μονιαὶ
3277 751 3411 804 enim
3450 752 3588 817 estis,
3614 764 3666 808 et

2074 845 2172 896 vita
2200 855 2361 898 vestra
2382 842 2679 896 abscondita
2707 850 2780 894 est
2806 857 2922 894 cum
2946 840 3148 895 Christo
3176 842 3228 895 in
3257 841 3385 896 Deo.
3421 842 3547 897 Cum
3573 860 3671 895 au-

2075 946 2170 989 tem
2195 937 2294 989 vita
2317 944 2478 989 vestra
2509 935 2836 1005 manifestata
2862 934 3035 1003 fuerit,
3080 943 3196 986 tunc
3223 944 3268 986 et
3297 950 3381 987 vos
3415 951 3530 988 cum
3557 936 3669 1004 ipso

2072 1028 2383 1098 apparebitis
2409 1028 2459 1080 in
2487 1028 2652 1096 gloria
2685 1024 2821 1097 (Col.
2851 1024 2903 1080 3.
2930 1025 2986 1079 3.
3017 1025 3099 1094 4).
3127 1024 3182 1080 Si
3207 1035 3385 1079 autem
3418 1025 3504 1078 hic
3530 1040 3664 1094 quo-

2072 1135 2175 1190 que
2202 1119 2363 1172 habet
2389 1118 2553 1182 bona,
2584 1126 2640 1171 ut
2676 1124 2825 1172 certe
2860 1114 3042 1184 habet,
3083 1125 3138 1170 et
3183 1115 3284 1170 hoc
3315 1131 3527 1186 quoque
3559 1131 3673 1170 ma-

2072 1226 2234 1279 gmun
2266 1219 2349 1263 est
2377 1207 2719 1270 miraculum,
2752 1206 2894 1277 quod
2924 1205 3197 1277 potuerint
3225 1206 3551 1275 persuadere
3579 1205 3667 1269 iis,

2073 1302 2161 1370 qui
2193 1299 2329 1352 mala
2359 1301 2597 1353 fecerant
2626 1297 2926 1362 innumera,
2961 1306 3017 1350 et
3056 1296 3198 1366 quod
3235 1313 3397 1349 nemo
3427 1295 3564 1348 adius
3595 1295 3669 1350 fe-

2073 1402 2241 1454 cerat,
2271 1390 2388 1446 fore
2417 1399 2474 1444 ut
2499 1389 2679 1443 omnia
2700 1387 3068 1452 abluerentur,
3095 1395 3149 1441 et
3178 1387 3375 1440 nullius
3401 1387 3669 1441 scelerum

2074 1499 2294 1539 suorum
2321 1484 2582 1537 rationem
2613 1490 2795 1536 essent
2821 1481 3102 1535 reddituri.
3134 1481 3315 1550 itaque
3333 1495 3393 1534 ea
3415 1481 3483 1534 de
3511 1495 3671 1534 causa

2075 1579 2306 1632 maxime
2334 1575 2586 1630 admirari
2628 1573 2933 1644 oportebat,
2977 1571 3121 1642 quod
3157 1571 3400 1626 barbaris
3430 1571 3667 1624 homini-

2076 1669 2172 1723 bus
2201 1667 2586 1739 persuaserint,
2619 1675 2676 1720 ut
2710 1665 2870 1718 talem
2908 1662 3068 1718 fidem
3106 1663 3464 1730 susciperent,
3499 1671 3550 1714 et
3577 1661 3674 1714 bo-
3741 1713 3760 1728 ,

2076 1777 2197 1815 nam
2233 1760 2299 1814 de
2333 1759 2523 1813 futuris
2551 1771 2702 1824 spem
2749 1755 3026 1817 haberent,
3068 1768 3130 1806 ac
3159 1752 3399 1821 deposita
3434 1751 3672 1819 priorum

2077 1859 2418 1920 peccatorum
2467 1846 2713 1910 sarcina,
2763 1858 2882 1898 cum
2941 1857 3132 1911 magna
3176 1841 3340 1895 auitni
3395 1841 3672 1895 alacritate

2074 1943 2269 1998 deinde
2297 1956 2391 2008 pro
2419 1939 2614 1993 virtute
2637 1937 2850 1993 labores
2878 1934 3236 2004 susciperent,
3268 1944 3322 1987 et
3359 1933 3425 1987 ad
3453 1933 3672 1987 sensilia

2077 2035 2220 2088 nulla
2257 2033 2545 2093 inltiarcut,
2597 2030 2954 2098 omnibusque
2985 2027 3263 2095 Corporeis
3309 2026 3469 2080 rebus
3507 2040 3671 2094 supe-

2078 2127 2247 2180 riores
2277 2123 2472 2186 effecti,
2502 2121 2796 2191 spiritualia
2825 2120 3132 2189 acciperent
3168 2118 3307 2172 dona
3341 2135 3355 2170 :
3387 2133 3450 2172 ac
3487 2117 3671 2182 Persa,

2075 2220 2342 2280 Sarmata,
2375 2214 2591 2268 Maurus
2632 2220 2689 2267 et
2729 2210 2911 2276 ludus,
2953 2209 3154 2263 scirent
3181 2208 3372 2262 animm
3413 2206 3677 2274 eitpiatio-

2076 2323 2220 2372 nem,
2270 2307 2361 2360 Dei
2414 2304 2743 2376 potentiam,
2790 2311 2843 2354 et
2889 2301 3271 2368 benignitatem
3322 2296 3670 2359 ineffabilem,

2072 2401 2196 2470 litlci
2226 2396 2647 2467 philosophiam,
2677 2392 2911 2461 Spiritus
2937 2390 3107 2444 sancti
3132 2387 3441 2449 adventum,
3477 2401 3674 2454 corpo-

2077 2506 2196 2544 rum
2256 2485 2731 2546 resurrectionem,
2785 2491 2840 2534 et
2878 2481 2998 2533 vita:
3038 2480 3357 2532 itmnortaits
3401 2477 3672 2544 dogmata.

2079 2582 2203 2635 ιιι-ρ
2233 2580 2431 2647 quippe
2466 2573 2645 2628 omnia
2684 2581 2739 2626 et
2779 2571 2860 2624 his
2895 2571 3044 2639 plura
3089 2567 3440 2621 barbarorum
3479 2581 3676 2635 genera

2081 2673 2373 2741 piscatores
2427 2667 2478 2720 in
2527 2663 2795 2735 baptismo
2844 2661 3117 2732 mysteriis
3166 2659 3462 2724 initiantes,
3500 2658 3678 2727 philo-

2077 2760 2294 2830 sopitari
2337 2764 2649 2812 suaserunt.
2681 2752 2807 2807 Haec
2837 2753 3016 2820 itaque
3056 2751 3236 2804 omnia
3272 2758 3522 2803 accurate
3564 2762 3681 2803 ser-

2075 2863 2286 2915 vantes,
2332 2851 2419 2906 illa
2469 2848 2549 2904 eis
2596 2847 2861 2910 dicamus,
2909 2855 2963 2898 et
3008 2858 3039 2897 a
3091 2843 3195 2896 vita
3239 2856 3452 2910 quoque
3497 2848 3681 2894 nostra

2077 2941 2598 3002 demonstrationem
2656 2950 2873 2991 rursum
2939 2933 3071 3003 ipsis
3119 2931 3514 2993 exhibeamus,
3570 2945 3680 3000 quo

2080 3040 2330 3107 utrinque
2378 3043 2433 3088 et
2482 3046 2579 3085 nos
2622 3031 2852 3083 salutem
2891 3040 3290 3094 consequamur
3334 3034 3390 3078 et
3441 3024 3561 3077 illos
3611 3024 3679 3078 ad

2083 3131 2175 3185 Dei
2201 3127 2424 3199 gloriam
2453 3121 2788 3177 attrahamus
2820 3136 2831 3173 :
2863 3119 2987 3188 quia
3025 3116 3125 3187 ipsi
3154 3125 3236 3171 est
3282 3115 3454 3185 gloria
3496 3116 3549 3169 in
3577 3130 3681 3169 Sic-

2079 3222 2220 3277 cula.
2253 3221 2447 3273 Amen.

379 3369 3678 3467 ΝΜ

292 3499 297 3503 ’
1777 3496 2122 3557 HOMlLlA
2173 3491 2339 3551 vm.
3038 3488 3040 3490 ν

389 3661 517 3716 CAP.
551 3659 605 3713 3.
635 3671 689 3710 v.
722 3657 772 3708 1.
803 3651 869 3706 Et
909 3667 1034 3721 ego,
1077 3650 1290 3718 fratres,
1334 3660 1437 3697 non
1479 3641 1620 3711 potui
1662 3640 1800 3693 vobis
1842 3638 1978 3708 loqui

450 3759 504 3802 ut
535 3743 903 3816 spiritualibus,
933 3738 1021 3794 sed
1050 3747 1101 3791 ut
1128 3733 1438 3797 carnalibus,
1469 3743 1726 3801 tamquam
1749 3730 1976 3799 parvulis

453 3841 503 3913 in
533 3837 752 3892 Christo.
784 3835 836 3887 2.
874 3831 977 3884 Lac
1005 3829 1142 3884 vobis
1176 3835 1348 3894 potum
1378 3823 1530 3888 dedi,
1560 3831 1604 3874 et
1637 3837 1739 3874 non
1766 3835 1932 3872 escam
1959 3833 1976 3871 :

456 3911 680 3983 nondum
702 3927 832 3978 enim
853 3922 1113 3992 poteratis.
1137 3917 1244 3972 Sed
1269 3933 1329 3969 ne
1347 3930 1479 3967 nunc
1497 3913 1696 3984 quidem
1725 3911 1928 3980 potestis
1955 3926 1971 3963 :

459 4022 628 4074 adhuc
658 4019 789 4071 enim
822 4013 1054 4067 carnales
1081 4010 1216 4063 estis.

458 4115 512 4165 1.
544 4111 675 4164 Cum
724 4115 1004 4161 externam
1057 4097 1379 4169 sapientiam
1413 4095 1740 4151 confutassel
1766 4135 1782 4160 ,
1814 4103 1868 4148 et
1901 4092 1981 4146 fac

382 4216 524 4261 stum
554 4217 670 4271 eius
697 4212 914 4253 onmem
947 4193 1233 4262 deiecisset
1255 4232 1269 4256 ,
1311 4189 1375 4244 ad
1409 4189 1549 4242 aliud
1597 4193 1980 4256 argumentum

383 4298 547 4350 venit.
597 4293 728 4347 Nam
777 4287 1073 4343 verisimile
1103 4293 1186 4339 est
1231 4285 1351 4336 illos
1391 4283 1630 4335 dicturos
1677 4280 1880 4332 fuisse:
1926 4275 1980 4329 Si

384 4385 647 4448 Platonis,
675 4390 767 4434 aut
792 4379 1134 4447 Pythagorae,
1168 4381 1259 4425 aut
1285 4371 1562 4439 cnjusdam
1595 4369 1814 4422 alterius
1846 4365 1979 4436 phi-

388 4474 597 4543 losophi
656 4473 798 4524 dicta
847 4466 1326 4521 :umuntiaremus,
1377 4462 1498 4529 jure
1548 4461 1618 4513 ita
1671 4460 1884 4528 longam
1932 4459 1982 4509 in

388 4584 486 4622 ltr-S
528 4565 849 4620 instituisses
881 4560 1220 4614 orationem:
1251 4555 1294 4609 si
1345 4562 1522 4608 autem
1571 4567 1635 4607 ea
1692 4569 1810 4621 qum
1862 4562 1986 4604 sunt

387 4663 618 4729 Spiritus
651 4657 1031 4710 annuntiatnus
1052 4693 1066 4717 ,
1094 4666 1190 4704 cur
1237 4657 1514 4702 externam
1554 4645 1868 4714 sapientiam
1898 4658 1987 4696 sus

391 4753 563 4819 deque
608 4748 830 4802 versas?
875 4744 1158 4812 Quomodo
1190 4751 1366 4795 autem
1414 4739 1516 4793 hic
1550 4737 1778 4806 repellat
1820 4735 1984 4788 audi:

394 4841 461 4896 Et
503 4857 590 4910 ego
612 4879 626 4904 ,
654 4842 837 4910 fratres
858 4878 871 4898 ,
896 4851 996 4887 non
1029 4834 1168 4901 potui
1193 4833 1328 4884 vobis
1371 4831 1506 4899 loqui
1534 4840 1585 4882 ut
1613 4826 1984 4896 spiritualibus.

395 4938 536 4991 Sane
560 4931 773 5002 quidem
792 4927 996 4984 etiamsi
1021 4924 1238 4995 perfecti
1263 4924 1474 4987 essetis,
1498 4923 1690 4990 inquit,
1720 4933 1772 4975 ct
1803 4907 1852 4973 in
1882 4922 1988 4988 spi-

398 5029 692 5089 ritualilius,
718 5038 889 5091 neque
911 5020 991 5074 sic
1014 5023 1287 5086 oporteret
1307 5014 1516 5077 ell'erri;
1544 5029 1715 5081 neque
1732 5014 1873 5064 enim
1901 5029 1990 5064 ve-

399 5132 502 5176 stra
529 5115 876 5177 annuntiatis,
899 5126 1070 5178 neque
1089 5124 1148 5163 ea
1167 5121 1285 5176 quze
1304 5105 1402 5172 ipsi
1422 5119 1484 5157 ex
1507 5103 1660 5154 vobis
1681 5105 1985 5155 lll\'(’lll>il5:

401 5229 538 5266 nunc
567 5221 741 5264 autent
769 5221 942 5272 neque
967 5205 1052 5257 illa
1085 5200 1233 5254 scitis
1259 5209 1314 5249 ut
1340 5196 1481 5249 seire
1508 5202 1752 5261 OpOI'lcl,
1783 5199 1877 5246 sed
1901 5194 1988 5246 di-

399 5304 588 5370 scipuli
621 5301 752 5355 estis
778 5308 831 5354 et
859 5296 1098 5352 omnium
1133 5288 1411 5360 postremi.
1440 5286 1619 5354 itaque
1645 5285 1689 5337 si
1716 5284 1782 5336 de
1813 5295 1988 5338 cvter-

405 5413 467 5450 nu
514 5393 726 5461 quidem
776 5388 1036 5457 sapientia
1080 5385 1246 5436 altum
1293 5379 1510 5446 sapitis,
1555 5376 1666 5443 jam
1713 5378 1990 5440 probatum

404 5497 481 5541 est
510 5484 648 5535 illaut
681 5482 808 5531 nihil
838 5494 953 5532 esst:
979 5520 990 5537 ,
1018 5477 1109 5530 sed
1139 5485 1188 5527 et
1216 5474 1266 5523 in
1300 5469 1667 5538 spiritualibus
1693 5465 1845 5519 nobis
1869 5482 1990 5519 esse

402 5575 724 5634 contrariam
758 5588 766 5618 :
800 5570 844 5623 si
875 5579 1052 5622 autem
1075 5567 1142 5620 de
1173 5560 1560 5633 spiritualihus,
1591 5559 1640 5610 in
1667 5557 1748 5609 his
1778 5570 1994 5624 quoqth

403 5666 542 5735 quod
575 5666 750 5717 minus
787 5669 870 5714 est
902 5659 1108 5712 habetis
1129 5699 1145 5722 ,
1178 5665 1232 5711 et
1270 5656 1409 5707 inter
1437 5651 1655 5704 ultimos
1687 5649 1838 5701 estis.
1872 5647 1996 5701 ideo

406 5756 513 5818 ait,
547 5754 662 5806 Non
695 5752 831 5822 potui
860 5749 995 5802 ruitis
1026 5748 1160 5815 loqui
1189 5757 1244 5800 ut
1281 5742 1652 5815 spiritualibus.
1687 5740 1799 5792 Non
1832 5738 1992 5802 dixit,

410 5846 521 5900 Non
555 5849 800 5914 impunius
831 5860 969 5906 smn,
997 5856 1061 5895 ne
1091 5841 1361 5894 viueretur
1381 5851 1445 5892 ex
1483 5833 1678 5890 invidia
1703 5847 1816 5888 rem
1837 5843 1990 5894 esse;

2098 3635 2192 3690 sed
2225 3631 2508 3702 dupliciter
2538 3629 2751 3683 illorum
2795 3639 3014 3680 sensum
3050 3621 3284 3677 evertit:
3321 3635 3427 3675 uno
3471 3617 3687 3689 quidem

2089 3724 2250 3780 modo
2278 3721 2600 3785 ostendens,
2633 3716 2778 3788 quod
2812 3716 3049 3787 perfecta
3089 3714 3332 3775 nesciant
3355 3729 3370 3777 ;
3393 3712 3566 3767 altero
3594 3725 3690 3763 au-

2093 3829 2202 3873 tem
2223 3857 2237 3881 ,
2269 3813 2412 3885 quod
2462 3812 2562 3882 ipsi
2596 3811 2648 3864 in
2699 3823 2862 3864 causa
2892 3808 3002 3862 sint
3030 3805 3173 3876 quod
3219 3804 3498 3869 nesciant;
3531 3801 3698 3856 tcrtio'

2089 3908 2249 3962 etiam
2273 3947 2288 3971 ,
2320 3903 2461 3975 quod
2503 3899 2752 3956 ostendat
2790 3899 2914 3952 illos
2953 3912 3022 3951 ne
3068 3909 3209 3948 nunc
3254 3894 3472 3963 quidem
3503 3905 3682 3962 posse.

2089 3997 2223 4052 Nam
2268 3993 2410 4063 quod
2445 3991 2596 4045 initio
2637 4004 2742 4043 non
2777 3987 3084 4057 potuerint,
3120 3999 3187 4038 ex
3219 3993 3409 4037 natura
3458 3981 3690 4036 fortasse

2092 4088 2169 4141 rei
2215 4094 2369 4139 erat:
2403 4095 2725 4151 quamquam
2773 4093 2841 4133 ne
2887 4076 3026 4131 hanc
3070 4075 3288 4144 quidem
3321 4075 3426 4128 illis
3471 4073 3691 4143 reliquit

2094 4175 2484 4231 defensionem.
2524 4171 2642 4226 Non
2672 4171 2814 4225 cnim
2845 4168 2974 4222 dicit
2999 4167 3122 4220 illos
3154 4165 3276 4220 ideo
3303 4165 3549 4218 sublimia
3581 4178 3688 4217 nru

2099 4268 2439 4338 suscepisse,
2487 4263 2630 4335 quod
2680 4278 2785 4316 non
2833 4268 3050 4330 possent
3087 4256 3393 4325 suscipere,
3441 4255 3534 4310 sed
3565 4255 3690 4323 quia

2094 4359 2338 4414 carnales
2385 4367 2560 4411 erant.
2597 4355 2788 4408 Verum
2821 4353 2870 4404 in
2907 4348 3170 4420 principio
3209 4347 3426 4416 quidem
3459 4347 3536 4400 sic
3578 4362 3686 4398 non

2096 4451 2286 4503 fuisset
2311 4447 2733 4515 reprehensione
2756 4442 3003 4510 dignum;
3036 4438 3132 4494 sed
3160 4453 3281 4491 cum
3311 4445 3515 4491 tantum
3543 4435 3690 4490 cfllu-

2095 4542 2262 4595 xisset
2290 4548 2535 4606 tempus,
2579 4534 2814 4587 nondum
2848 4529 2914 4584 ad
2965 4528 3288 4598 perfectiora
3341 4527 3689 4597 pervenisse,

2099 4633 2148 4687 id
2173 4641 2428 4687 extremae
2455 4639 2571 4684 erat
2601 4623 2847 4696 ignaviae.
2879 4621 2987 4676 liae
3017 4635 3231 4690 quoque
3252 4619 3319 4674 de
3349 4635 3410 4674 re
3439 4618 3692 4672 Hebraeos

2097 4735 2346 4790 accusat,
2380 4724 2472 4777 scd
2515 4739 2620 4775 non
2653 4734 2774 4772 cum
2818 4723 2966 4768 tanta
3007 4712 3370 4766 vehementia.
3410 4709 3540 4764 Nam
3571 4708 3691 4764 illos

2098 4817 2311 4887 quidem
2339 4815 2469 4868 dicit
2492 4814 2561 4865 ob
2604 4805 2978 4864 tribulationes
3011 4805 3142 4857 tales
3174 4817 3294 4856 esse
3317 4843 3331 4866 ,
3382 4801 3479 4856 hos
3510 4809 3691 4854 autem

2099 4911 2168 4964 oh
2201 4909 2451 4978 nequitia:
2481 4903 2811 4959 desiderium
2838 4917 2850 4951 ε
2887 4898 2988 4950 hoc
3018 4906 3196 4949 autem
3231 4905 3282 4948 et
3307 4893 3440 4947 illud
3470 4908 3577 4946 nun
3604 4891 3690 4943 in-

2101 5014 2181 5056 ter
2211 5017 2267 5056 se
2298 5001 2445 5070 paria
2476 5007 2617 5053 sunt.
2654 4996 2720 5050 Et
2749 4991 2979 5045 ostendit
3014 5006 3071 5043 se
3103 4989 3223 5042 illos
3267 4989 3481 5057 quidem
3516 4988 3694 5038 incre-

2100 5108 2245 5164 pare,
2276 5093 2373 5145 hos
2401 5101 2578 5144 autem
2606 5088 2774 5155 magis
2803 5084 3156 5145 excitautem,
3181 5081 3293 5134 inec
3320 5096 3440 5133 cum
3470 5077 3695 5129 veritate

2100 5187 2321 5240 dixisse.
2368 5184 2459 5236 llis
2488 5181 2683 5250 quippe
2728 5176 2886 5242 dicit,
2931 5174 3035 5228 Sed
3076 5188 3234 5239 neque
3266 5187 3400 5223 nunc
3444 5165 3690 5237 potestis:

2101 5280 2207 5333 illis
2260 5286 2478 5329 autem:
2537 5273 2863 5340 Quapropter
2920 5264 3302 5318 intermittentes
3351 5257 3696 5315 inchoationis

2103 5372 2289 5425 Christi
2319 5382 2596 5422 sermonem
2617 5405 2633 5428 ,
2664 5361 2732 5414 ad
2777 5359 3132 5428 perfectionem
3175 5357 3405 5426 feramur
3434 5349 3617 5422 (Hebr.
3639 5349 3696 5403 6.

2105 5465 2156 5516 1.
2187 5471 2231 5514 et
2263 5461 2354 5523 9);
2385 5471 2431 5513 et
2467 5468 2682 5511 rursum
2718 5471 2730 5505 :
2777 5451 3092 5517 Conftdimus
3121 5450 3183 5501 de
3227 5445 3366 5499 vobis
3400 5441 3611 5494 meliora
3652 5449 3699 5491 et

2102 5554 2254 5606 saluti
2297 5550 2578 5610 ha'rentia,
2624 5545 2716 5598 etsi
2757 5549 2827 5596 ita
2869 5543 3142 5610 loquimur.
3179 5538 3242 5590 Et
3281 5531 3551 5602 quomodo
3581 5545 3699 5596 eos,

2103 5645 2190 5712 qui
2226 5652 2429 5696 tantum
2456 5638 2716 5707 Spiritum
2743 5642 3063 5703 acceperant
3084 5671 3097 5693 ,
3128 5626 3378 5680 carnales
3426 5620 3697 5690 appellat,

2105 5750 2240 5803 quos
2271 5734 2422 5786 initio
2454 5731 2616 5785 tantis
2655 5737 2737 5783 est
2759 5727 3003 5781 laudibus
3035 5716 3430 5791 prosequutus?
3461 5715 3592 5780 Quia
3624 5713 3700 5766 illi

2107 5842 2319 5898 quoque
2347 5823 2588 5879 carnales
2621 5829 2806 5885 erant,
2853 5816 3044 5887 quibus
3084 5813 3215 5866 dicit
3246 5807 3542 5864 Dominus:
3573 5803 3697 5858 Dis-
