4018 6208
263 416 330 476 69
1305 402 1370 459 lN
1407 397 1620 458 EPIST.
1653 401 1672 454 ι
1734 395 1827 454 AD

1949 397 2019 454 ill.
2060 396 2288 454 HOMIL.
2332 394 2462 453 Vill.
3456 407 3530 463 70

265 532 466 587 ceditea
495 541 604 595 me,
642 539 744 579 non
772 522 888 578 naui
917 536 1002 575 vos
1023 559 1037 587 ,
1067 518 1156 588 qui
1197 515 1479 586 aperantini
1521 511 1834 583 iniquitatem

262 624 286 694 .(
306 620 492 676 Matth.
525 619 581 673 7.
601 616 712 685 ‘23)
742 632 755 666 :
789 624 1111 683 quamquam
1141 607 1414 662 daunonas
1447 606 1754 673 eiecerunt,
1787 609 1841 653 et

265 725 502 769 mortuos
536 708 880 771 suscitarunt,
917 714 1076 771 alque
1103 698 1413 770 prophetias
1439 695 1760 750 extulerunt.

335 803 435 870 Qui
461 803 608 871 signa
635 803 790 870 facit,
835 801 992 863 potest
1033 807 1139 845 esse
1166 788 1405 842 carnalis.
1430 816 1500 826 —
1525 786 1709 852 Itaque
1736 794 1838 850 po-

267 903 366 948 test
394 893 557 946 etiam
585 891 628 944 is
676 887 764 957 qui
811 887 959 954 signa
992 880 1155 946 facit,
1186 893 1308 934 esse
1338 875 1593 932 carnalis.
1625 872 1756 926 Nam
1785 878 1839 925 et

266 984 319 1037 in
348 983 565 1036 Balaam
613 980 754 1033 Deus
799 984 881 1030 est
923 980 1210 1042 Operatus,
1255 979 1310 1023 et
1357 965 1616 1023 Pharaoni
1663 962 1838 1016 futura

262 1075 534 1138 revelavit,
567 1083 773 1126 necnon
802 1062 1347 1127 Nabuchodonosor};
1379 1071 1433 1115 et
1459 1055 1686 1127 Caiphas
1712 1071 1837 1126 pro-

265 1165 500 1236 phetavit
520 1205 537 1230 ,
582 1161 827 1216 nesciens
855 1157 979 1228 quid
1007 1156 1211 1210 diceret
1237 1172 1249 1207 :
1289 1152 1502 1223 quidam
1530 1150 1692 1203 etiam
1723 1147 1837 1202 da:-

263 1257 441 1312 monia
484 1254 761 1323 eiecerunt
804 1252 918 1319 ejus
966 1248 1213 1310 nomine,
1261 1244 1364 1298 etsi
1409 1256 1528 1295 cum
1575 1239 1692 1308 ipso
1730 1254 1836 1293 non

263 1356 449 1403 erant:
497 1361 618 1400 nam
665 1359 768 1398 non
817 1351 1033 1412 propter
1062 1345 1346 1408 operantes
1379 1334 1494 1388 haec
1523 1332 1690 1397 fiunt,
1736 1330 1832 1385 sed

263 1447 478 1506 propter
534 1436 686 1490 alios.
737 1432 891 1500 Saepe
937 1430 1097 1484 etiam
1144 1441 1237 1495 per
1284 1424 1552 1493 indignos.
1602 1423 1668 1476 Et
1712 1420 1838 1490 quid

263 1531 492 1596 miraris,
526 1530 571 1583 si
617 1529 670 1582 in
706 1527 834 1580 viris
865 1521 1094 1591 indignis
1134 1525 1350 1588 propter
1380 1517 1513 1570 alios
1543 1514 1660 1569 hate
1689 1515 1834 1576 liant,

263 1639 382 1678 cum
423 1623 580 1677 etiam
629 1635 723 1689 per
759 1615 1008 1671 sanctos?
1049 1612 1243 1665 Paulus
1290 1610 1431 1664 enim
1477 1608 1624 1672 dicit,
1654 1607 1840 1659 Omnia

264 1725 424 1768 uestra
477 1720 631 1768 sunt,
682 1711 784 1762 sive
827 1705 1048 1763 Paulus,
1074 1704 1175 1757 sive
1215 1699 1422 1771 Apollo,
1452 1700 1554 1754 sive
1599 1698 1795 1767 Cephas
1820 1739 1834 1763 ,

263 1806 362 1857 sine
399 1803 518 1868 vita,
563 1801 664 1854 sive
706 1814 839 1851 mors
864 1797 942 1867 (1.
967 1794 1083 1849 Cor.
1114 1794 1166 1846 5.
1197 1792 1319 1861 22);
1350 1802 1403 1844 et
1433 1806 1643 1845 rursum
1670 1807 1683 1842 :
1719 1789 1743 1840 Ι
1752 1805 1839 1858 pse

263 1896 398 1949 dedit
435 1896 562 1948 alios
587 1893 789 1964 quidem
830 1891 1120 1958 apostolos,
1162 1886 1290 1938 alios
1322 1893 1488 1936 autent
1527 1883 1796 1953 prapltetas
1820 1924 1834 1948 ,

264 1988 392 2041 alios
419 1995 645 2054 pastores
674 1994 718 2035 et
745 1983 973 2034 doctores
996 1977 1064 2028 ad
1088 1975 1446 2044 perfectionem
1468 1983 1754 2025 sanctorum
1785 1973 1838 2024 in

263 2095 390 2147 opus
427 2075 688 2129 ministerii
737 2071 950 2142 (Ephes.
981 2069 1034 2121 4.
1072 2066 1182 2135 12).
1223 2065 1353 2119 Nam
1398 2064 1497 2116 nisi
1533 2063 1633 2117 hoc
1654 2072 1795 2117 esset
1819 2102 1834 2129 ,

264 2169 394 2224 nihil
420 2166 714 2221 obstitisset
747 2160 1032 2232 quominus
1077 2173 1264 2212 omnes
1306 2157 1568 2226 perirent.
1612 2156 1838 2210 Contin-

263 2261 338 2330 git
379 2260 518 2313 enim
570 2254 836 2326 principes
863 2265 983 2306 esse
1023 2249 1190 2303 nialos
1220 2257 1274 2302 et
1302 2248 1594 2301 sceleratos
1620 2287 1632 2309 ,
1658 2245 1839 2299 subdi-

265 2358 454 2417 tosque
508 2346 676 2399 bonos
713 2340 767 2397 et
792 2341 1128 2402 moderatos;
1158 2347 1211 2391 et
1250 2337 1413 2390 laicos
1453 2336 1728 2403 inpietate
1758 2333 1838 2386 vi-

263 2450 370 2493 tam
419 2451 614 2508 agere,
661 2433 968 2489 sacer-detes
1013 2439 1188 2484 autem
1235 2429 1287 2482 in
1335 2427 1618 2496 nequitia:
1668 2439 1837 2493 neque

262 2532 496 2585 futurum
525 2535 641 2582 erat
667 2537 724 2579 ut
753 2525 1045 2593 baptismus
1075 2529 1236 2584 esset,
1267 2534 1439 2588 neque
1466 2531 1665 2586 corpus
1691 2513 1839 2570 Citri-

262 2622 366 2682 sti,
397 2635 491 2674 nec
517 2618 716 2673 oblatio
741 2631 834 2685 per
865 2615 983 2667 illos
1006 2655 1021 2679 ,
1052 2613 1097 2666 si
1119 2611 1317 2680 ubique
1345 2609 1532 2679 dignos
1555 2609 1723 2678 gratia
1754 2623 1838 2662 re-

261 2710 516 2779 quireret.
545 2707 696 2760 Nunc
737 2715 913 2758 autem
945 2704 1105 2757 etiam
1135 2717 1230 2770 per
1261 2700 1505 2767 indignos
1535 2699 1674 2751 Deus
1702 2697 1838 2750 solet

261 2799 506 2868 operari,
542 2805 595 2850 et
625 2795 754 2847 nihil
803 2793 1012 2847 laeditur
1059 2790 1228 2861 gratia
1259 2788 1507 2857 baptismi
1557 2802 1652 2855 per
1679 2786 1838 2839 vitain

260 2889 588 2946 sacerdotis:
619 2901 740 2940 nam
771 2885 892 2939 hinc
915 2884 958 2938 is
986 2883 1075 2953 qui
1105 2881 1316 2950 accipit,
1353 2880 1533 2934 minus
1559 2879 1839 2934 habiturus

261 2984 420 3038 foret.
455 2982 634 3051 Itaque
671 2979 772 3034 etsi
801 2978 914 3033 hate
958 2992 1078 3031 raro
1109 2975 1270 3039 fiunt,
1316 2974 1448 3028 liunt
1477 2982 1675 3027 tamen.
1711 2973 1839 3028 Hinc

259 3084 439 3127 autem
470 3071 610 3137 dico,
637 3078 692 3124 ut
723 3085 789 3124 ne
814 3070 933 3138 quis
960 3084 1023 3123 ex
1062 3066 1412 3137 przesentibus
1435 3065 1499 3120 de
1526 3065 1632 3118 vita
1663 3079 1840 3120 sacer-

257 3163 406 3216 dotis
430 3163 639 3215 curiose
685 3160 857 3230 inquir
882 3174 964 3212 -ns
983 3197 998 3225 ,
1043 3155 1435 3211 scandalizatur
1461 3154 1601 3207 circa
1631 3169 1694 3209 ea
1723 3170 1840 3223 qua:

260 3256 315 3308 in
345 3254 609 3322 mysteriis
642 3257 981 3320 peraguntur.
1015 3246 1152 3301 Nihil
1180 3247 1323 3301 enim
1354 3246 1514 3299 homo
1545 3247 1595 3298 in
1634 3261 1696 3300 ea
1724 3261 1841 3314 qua:

261 3354 630 3415 proponuntur
651 3341 871 3407 inducit,
896 3339 989 3393 sed
1017 3349 1184 3392 totum
1217 3346 1298 3390 est
1321 3337 1416 3391 Dei
1436 3337 1647 3390 virtutis
1668 3350 1803 3404 Opus
1824 3377 1837 3399 ,

261 3435 427 3490 etille
444 3443 523 3486 est
550 3433 635 3502 qui
662 3447 756 3485 vos
779 3433 830 3484 in
859 3430 1124 3500 mysteriis
1151 3428 1340 3480 initiat.
1374 3427 1437 3478 Et
1462 3443 1554 3496 ego
1577 3467 1591 3491 ,
1619 3431 1804 3493 fratres
1825 3465 1838 3488 ,

262 3545 364 3582 non
384 3528 522 3597 potui
548 3526 682 3598 uobis
703 3526 836 3593 loqui
859 3534 910 3575 ut
937 3521 1312 3590 spiritualibus,
1338 3519 1426 3572 sed
1451 3529 1502 3570 ut
1526 3517 1838 3570 carnalibus.

262 3619 368 3672 Lac
395 3621 528 3672 vobis
558 3628 728 3687 potum
758 3616 908 3678 dedi,
946 3630 1046 3666 non
1087 3628 1288 3666 escam:
1321 3613 1544 3663 nondum
1588 3611 1718 3662 enim
1747 3625 1840 3677 po—

265 3711 457 3762 teratis.
493 3709 565 3760 Ne
596 3707 866 3759 videretur
893 3705 1036 3756 enim
1081 3701 1386 3754 ambitionis
1409 3715 1567 3753 causa
1601 3703 1713 3753 lucc
1756 3700 1839 3752 di-

264 3801 408 3854 xisse
431 3840 446 3865 ,
480 3811 673 3866 nempe
694 3836 709 3860 ,
743 3793 1038 3862 Spititualis
1087 3792 1334 3856 dijudicat
1378 3793 1578 3852 omnia,
1610 3800 1656 3840 et
1680 3789 1713 3841 ὰ
1749 3806 1837 3840 nc—

247 3894 400 3962 _tnine
415 3889 709 3960 judicatur;
739 3893 826 3950 et,
859 3882 1077 3936 Mentem
1115 3879 1304 3933 Christi
1331 3879 1571 3932 habemus
1604 3877 1693 3947 (i.
1721 3877 1837 3930 Cor.

263 3982 301 4035 9.
348 3983 432 4036 15.
459 3980 546 4051 lli)
569 3997 582 4043 ;
609 3977 821 4032 illorum
845 3975 1039 4029 fastum
1061 3970 1505 4041 reprimens,vide
1527 3969 1651 4038 quid
1678 3968 1838 4023 dicat.

262 4072 384 4128 Non
413 4071 532 4125 ideo
555 4113 568 4134 ,
594 4070 784 4137 inquit,
817 4065 990 4129 tacui,
1019 4063 1172 4133 quasi
1203 4062 1332 4116 nihil
1364 4062 1497 4114 ultra
1524 4060 1703 4114 dicere
1727 4075 1844 4127 pos-

269 4179 410 4228 sein,
433 4161 526 4214 sed
558 4160 678 4228 quia
702 4156 944 4209 carnales
972 4155 1120 4207 estis.
1153 4153 1258 4206 Sed
1284 4168 1440 4219 neque
1460 4167 1591 4203 nunc
1619 4151 1840 4219 potestis.

337 4227 402 4305 2.
426 4254 534 4303 Cur
561 4227 664 4301 non
693 4247 826 4300 dixit
847 4285 861 4306 ,
892 4245 1008 4297 Non
1054 4243 1212 4296 vultis
1233 4282 1248 4306 ,
1280 4242 1373 4295 sed
1399 4283 1413 4304 ,
1453 4227 1574 4293 Non
1605 4243 1846 4310 potestis?

264 4342 402 4408 Quia
434 4341 535 4392 hoc
568 4352 661 4406 pro
693 4336 785 4387 illo
832 4333 1026 4401 posuit.
1063 4331 1194 4384 Nam
1245 4331 1385 4399 quod
1434 4347 1538 4382 non
1585 4339 1841 4397 possent,

267 4435 392 4490 inde
420 4439 535 4485 erat
555 4428 695 4498 quod
724 4427 960 4490 nollent;
991 4424 1130 4494 quod
1163 4425 1270 4477 illis
1293 4423 1508 4492 quidem
1552 4424 1846 4492 reprehen-

266 4527 472 4580 sionem
495 4561 509 4584 ,
541 4520 796 4589 magistro
823 4528 998 4572 autem
1034 4517 1242 4571 veniam
1275 4515 1449 4570 aliert.
1476 4515 1686 4568 Etenim
1712 4516 1754 4568 si
1778 4530 1845 4568 ex

268 4628 458 4672 natura
503 4627 610 4666 non
640 4611 935 4682 potuissent
957 4651 970 4674 ,
1003 4609 1227 4662 fortasse
1257 4609 1374 4677 quis
1405 4608 1722 4675 ignovisset;
1755 4606 1845 4660 sed

269 4709 392 4778 quia
448 4721 514 4760 es
569 4694 845 4774 proposito
901 4701 1223 4763 voluntatis,
1286 4697 1596 4752 defensione
1643 4707 1843 4750 carent.

271 4796 475 4852 Deinde
505 4795 720 4847 modum
749 4791 983 4846 ostendit
1003 4831 1017 4855 ,
1050 4805 1155 4858 quo
1181 4789 1426 4843 carnales
1453 4797 1577 4839 sunt
1603 4805 1614 4839 :
1644 4789 1695 4841 5.
1723 4786 1845 4840 Cum

269 4895 404 4948 enim
449 4892 513 4944 sit
542 4891 672 4942 inter
708 4902 792 4940 vos
822 4885 1071 4937 contentio
1094 4923 1108 4946 ,
1142 4883 1279 4934 zelus
1307 4890 1350 4933 et
1379 4879 1620 4932 dissensio
1640 4920 1653 4942 ,
1687 4896 1849 4931 nonne

269 4982 502 5038 carnales
529 4981 675 5040 estis,
703 4986 748 5030 et
775 4973 1048 5030 secundum
1080 4973 1328 5023 hominem
1357 4970 1661 5023 ambulatis?
1690 4969 1848 5040 Atqui

269 5090 394 5128 cum
424 5072 594 5140 possit
611 5069 789 5123 dicere
811 5067 1022 5120 illorum
1047 5062 1452 5116 fornicationem
1474 5071 1527 5114 et
1547 5060 1846 5126 libidinem,

274 5163 405 5219 illud
435 5162 612 5229 potius
640 5169 914 5228 peccatqu
945 5157 1128 5226 ponit,
1160 5153 1302 5222 quod
1335 5153 1546 5207 interim
1578 5153 1849 5220 corrigere

272 5255 498 5310 studuit.
531 5251 684 5318 Quod
725 5250 768 5302 si
796 5250 941 5303 zelus
970 5249 1215 5302 carnales
1247 5245 1434 5310 faciat,
1466 5255 1631 5299 restat
1658 5256 1712 5297 ut
1739 5245 1848 5313 jam

272 5364 463 5405 omnes
489 5343 776 5398 admodum
799 5341 1022 5409 ejulent,
1045 5354 1257 5393 saccum
1296 5337 1516 5389 induant
1545 5347 1596 5390 et
1616 5337 1850 5390 cinerem

275 5442 644 5497 substernunt.
678 5434 806 5500 Quis
853 5433 992 5485 enim
1023 5432 1183 5498 hujus
1226 5429 1337 5484 vitii
1370 5445 1562 5497 expers
1599 5428 1719 5483 est?
1748 5430 1851 5484 nisi

275 5548 342 5587 ex
386 5547 472 5586 me
521 5529 589 5583 de
619 5527 737 5579 aliis
769 5525 906 5578 facio
931 5524 1316 5591 coojecturam.
1348 5521 1402 5573 Si
1435 5522 1580 5574 zelus
1608 5521 1852 5575 carnales

276 5622 408 5679 facit
449 5636 547 5675 nec
590 5619 717 5672 sinit
744 5631 864 5672 esse
908 5615 1244 5685 spirituales,
1278 5613 1487 5667 etiamsi
1532 5611 1853 5683 prophetent

279 5726 338 5770 et
365 5714 468 5770 alia
498 5712 753 5766 miracula
781 5709 975 5773 edant;
1005 5723 1126 5762 cum
1159 5723 1264 5760 non
1294 5713 1438 5759 tanta
1466 5707 1637 5760 aderit
1656 5705 1848 5774 gratia,

281 5808 500 5865 ubinam
512 5816 692 5863 nostra
705 5805 1100 5867 collocabimus,
1115 5801 1327 5871 quando
1345 5815 1448 5857 non
1467 5799 1519 5854 in
1535 5799 1637 5857 hoc
1651 5797 1846 5868 solum,

623 5915 892 5972 Parnm.
939 5914 1054 5972 Gtt.
1108 5909 1263 5972 LXI.

1947 511 2044 563 sed
2068 518 2120 563 et
2147 511 2200 563 in
2227 509 2345 565 aliis
2381 508 2672 579 majoribus
2697 510 2836 579 capti
2877 511 3171 568 fuerimus?
3194 515 3329 571 Hinc
3362 517 3528 574 disci-

1947 612 2066 652 mus
2091 599 2213 666 jure
2239 599 2440 655 dixisse
2470 593 2737 653 Christum
2761 616 2776 653 :
2796 601 2893 667 Qui
2915 601 3042 657 facit
3069 605 3351 672 mala,uon
3385 610 3531 665 venit

1947 691 2013 744 ad
2041 691 2212 746 lucem
2241 692 2421 762 (Joan.
2451 694 2504 748 3.
2527 693 2653 763 20);
2682 701 2737 748 'et
2764 693 2904 763 quod
2935 696 3041 749 vita
3069 699 3277 765 impura
3307 701 3530 770 impedi-

1947 793 2128 839 mento
2152 786 2220 839 sit
2250 785 2563 840 sublimibus
2585 787 2950 856 dogmatibus,
2981 802 3086 841 non
3113 788 3295 844 sitiens
3337 794 3532 847 anima:

1946 879 2402 948 perspicacitatem
2445 894 2723 947 apparere.
2754 879 3212 944 Quemadmodum
3256 882 3372 936 ﬁeri
3419 899 3528 939 non

1948 979 2123 1038 potest
2149 979 2206 1026 ut
2235 971 2278 1023 is
2307 970 2397 1038 qui
2442 971 2494 1023 in
2526 984 2711 1024 errore
2741 981 2823 1024 est
2866 980 2920 1024 et
2946 982 3094 1026 recte
3126 973 3283 1040 vivit,
3314 989 3531 1030 maneat

1947 1061 2001 1115 in
2030 1075 2214 1115 errore
2240 1078 2252 1112 :
2283 1060 2356 1113 ita
2387 1075 2492 1113 non
2524 1058 2680 1114 facile
2723 1071 2898 1130 potest
2930 1061 2974 1114 is
2997 1103 3011 1127 ,
3054 1064 3144 1131 qui
3186 1065 3239 1118 in
3290 1066 3529 1134 nequitia

1946 1151 2103 1218 vivit,
2151 1153 2258 1206 cito
2303 1152 2571 1221 respicere
2602 1152 2670 1206 ad
2720 1152 2970 1206 sublimia
3017 1165 3199 1209 nostra
3243 1156 3528 1226 dogmata,

1946 1242 2040 1298 sed
2070 1241 2138 1297 ab
2163 1243 2416 1298 omnibus
2455 1243 2597 1297 vitiis
2625 1260 2819 1314 purum
2847 1259 2967 1299 esse
3001 1256 3213 1315 oportet
3237 1264 3360 1302 eum
3382 1290 3399 1315 ,
3437 1252 3532 1319 qui

1946 1333 2221 1387 veritatem
2245 1343 2325 1386 est
2347 1342 2654 1388 venaturus.
2685 1333 2926 1406 Numqui
2955 1336 3024 1390 ab
3053 1338 3118 1391 iis
3145 1337 3399 1392 liberatus
3419 1349 3524 1407 est,

1945 1422 2104 1475 etiam
2135 1422 2202 1476 ab
2227 1437 2413 1476 errore
2443 1422 2761 1477 liberabitur
2790 1434 2845 1477 et
2874 1426 3152 1480 veritatem
3184 1440 3523 1497 assequetur.

1945 1514 2022 1570 Ne
2073 1515 2217 1570 enim
2263 1515 2539 1569 existimes
2598 1515 2664 1568 ad
2717 1516 2817 1570 hoc
2870 1518 3000 1571 satis
3045 1534 3165 1572 esse
3209 1519 3254 1572 si
3300 1534 3406 1574 non
3451 1522 3528 1576 sis

1945 1621 2172 1672 avarus,
2206 1605 2289 1659 vel
2330 1606 2373 1658 si
2421 1622 2526 1659 non
2557 1607 2868 1672 forniceris;
2916 1607 3009 1660 sed
3055 1611 3313 1678 oportet‘
3343 1613 3526 1666 omnia

1945 1713 2269 1753 concurrere
2303 1697 2357 1750 in
2387 1713 2452 1751 eo
2482 1699 2572 1766 qui
2603 1701 2796 1767 qua-rit
2837 1701 3138 1754 veritatem.
3172 1701 3297 1756 ideo
3321 1704 3396 1756 ait
3423 1703 3526 1758 Pe-

1945 1799 2055 1843 trus
2081 1807 2094 1840 :
2124 1787 2190 1841 In
2237 1789 2444 1843 veritate
2474 1790 2866 1856 comprehendo,
2909 1794 3045 1861 quod
3069 1811 3166 1848 non
3196 1796 3258 1848 sit
3285 1813 3528 1862 persona-

1944 1898 2057 1933 rum
2087 1890 2317 1950 acceptor
2346 1878 2516 1945 Deus;
2545 1881 2632 1932 sed
2657 1881 2708 1933 in
2737 1882 2876 1934 omni
2902 1893 3048 1953 gente
3087 1887 3172 1954 qui
3195 1887 3333 1938 timet
3359 1888 3526 1955 ipsum

1944 1981 1988 2024 et
2012 1981 2250 2039 operatur
2269 1972 2548 2039 justitiam,
2572 1982 2806 2041 acceptus
2826 1985 2898 2027 est
2920 1975 2997 2026 illi
3020 1976 3154 2042 (Act.
3179 1977 3265 2031 10.
3284 1978 3376 2034 54.
3397 1979 3520 2047 55);

1947 2062 1997 2115 id
2030 2072 2146 2126 est,
2177 2073 2337 2116 vocat
2384 2071 2438 2117 et
2487 2063 2709 2117 attrahit
2757 2064 2927 2132 ipsum
2956 2065 3020 2118 ad
3051 2069 3348 2122 veritatem.
3408 2069 3528 2124 Non

1945 2151 2091 2204 vides
2119 2151 2338 2204 Paulum
2359 2193 2375 2216 ,
2406 2152 2494 2221 qui
2522 2154 3027 2209 vehementissimus
3054 2158 3293 2210 omnium
3323 2168 3438 2212 erat
3470 2160 3526 2214 in

1944 2241 2189 2294 bellando
2231 2251 2286 2296 et
2331 2244 3003 2312 persequendo?attamen
3045 2248 3172 2316 quia
3203 2249 3528 2319 inculpatum

1943 2331 2103 2384 vitam
2132 2331 2378 2397 ducebat,
2409 2343 2459 2386 et
2490 2349 2595 2387 non
2618 2349 2683 2387 ex
2706 2335 2833 2388 vitio
2859 2334 3093 2391 humano
3121 2336 3236 2393 hare
3261 2338 3524 2406 faciebat,

1943 2430 1997 2476 et
2040 2431 2289 2490 acceptus
2336 2424 2433 2477 fuit
2472 2433 2526 2479 et
2554 2439 2743 2479 omnes
2773 2425 2929 2495 longe
2975 2429 3267 2495 superavit.
3313 2430 3369 2484 Si
3408 2432 3528 2499 quis

1944 2527 2072 2565 vero
2097 2511 2239 2565 dicat
2264 2554 2278 2578 ,
2310 2514 2593 2578 Quomodo
2618 2515 2706 2569 ille
2733 2516 2999 2585 quispiam
3026 2516 3246 2572 Graecus
3266 2560 3280 2586 ,
3309 2521 3401 2589 qui
3430 2521 3527 2576 bo-

1945 2617 2046 2656 nus
2091 2611 2206 2668 est,
2257 2602 2517 2672 benignus
2563 2614 2616 2658 et
2664 2604 2966 2669 humanus,
2999 2607 3050 2659 in
3080 2623 3267 2662 errore
3308 2613 3527 2666 manet?

1945 2695 2071 2748 illud
2104 2694 2500 2764 responderim,
2534 2694 2675 2747 aliud
2701 2709 2824 2749 eum
2855 2696 3058 2752 habere
3088 2699 3304 2764 vitium,
3332 2716 3523 2756 vanam

1943 2787 2166 2855 gloriam
2203 2796 2292 2840 aut
2318 2787 2482 2840 animi
2530 2787 2826 2856 ignaviam,
2856 2797 2947 2841 aut
2971 2789 3038 2844 de
3080 2791 3251 2845 salute
3292 2806 3384 2845 sua
3417 2807 3523 2847 non

1943 2889 2165 2941 curare,
2213 2876 2308 2929 sed
2354 2886 2542 2944 putare
2570 2891 2658 2930 res
2706 2892 2832 2932 suas
2877 2892 3004 2932 casu
3045 2889 3100 2934 et
3143 2890 3347 2937 temere
3372 2883 3525 2937 ferri.
3591 2933 3598 2936 .

1944 2968 2142 3024 Paulus
2185 2976 2361 3023 autem
2395 2983 2516 3022 eum
2537 3010 2550 3032 ,
2583 2969 2671 3038 qui
2701 2980 2956 3039 operatur
2979 2972 3243 3039 justitiam
3266 3015 3279 3037 ,
3325 2975 3375 3027 in
3406 2990 3527 3028 om-

1945 3060 2101 3114 nibus
2131 3061 2458 3129 inculpatum
2483 3059 2643 3125 dicit,
2673 3059 2966 3114 Secundum
3003 3064 3259 3132 justitiam
3294 3080 3412 3134 quin
3450 3076 3525 3118 est

1946 3169 2007 3206 ea:
2029 3155 2135 3222 lege
2164 3152 2434 3221 (Philipp.
2470 3153 2522 3206 5.
2554 3152 2649 3221 6);
2683 3163 2774 3217 et,
2805 3153 3008 3206 Gratias
3036 3171 3131 3224 ago
3159 3155 3287 3220 Deo,
3317 3159 3398 3208 cui
3425 3173 3531 3210 scr-

1945 3244 2076 3296 uioa
2108 3242 2383 3312 majoribus
2424 3246 2476 3294 in
2523 3258 2652 3310 pura
2697 3244 3004 3296 conscientia
3055 3245 3143 3314 (3.
3185 3244 3320 3298 Tim.
3355 3247 3406 3300 1.
3434 3248 3526 3315 5).

1945 3333 2228 3399 Quomodo
2275 3334 2436 3402 igitur
2457 3375 2471 3399 ,
2515 3334 2727 3403 inquies
2753 3377 2768 3401 ,
2800 3335 2990 3402 impuri
3022 3337 3398 3405 praedicatione
3441 3338 3526 3391 di-

1946 3427 2090 3492 gnati
2122 3427 2283 3478 sunt?
2304 3425 2438 3494 Quia
2468 3426 2751 3480 voluerunt
2783 3437 2837 3480 et
2858 3427 3252 3498 desiderarunt.
3282 3429 3412 3484 Nam
3440 3447 3529 3484 er-

1947 3517 2313 3569 rantes'etiam
2343 3517 2523 3581 trahit,
2553 3517 2598 3571 si
2629 3517 2812 3570 mundi
2841 3519 2952 3572 sint
2977 3535 3002 3570 εξ
3041 3520 3409 3587 paSsionibus;
3435 3537 3532 3575 eos

1947 3617 2146 3671 autem,
2173 3608 2260 3677 qui
2285 3622 2378 3661 sua
2409 3617 2600 3676 sponte
2629 3609 2925 3673 accedunt,
2957 3625 3064 3663 non
3089 3613 3300 3680 repellit
3330 3630 3342 3664 :
3374 3614 3529 3666 multi

1947 3714 2076 3752 vero
2100 3700 2261 3751 etiam
2290 3714 2320 3750 a
2350 3698 2642 3766 majoribus
2669 3700 2810 3766 piam
2840 3700 3154 3768 religionem
3183 3712 3523 3767 acceperunt.

1948 3787 2073 3839 Cum
2097 3788 2228 3839 enim
2258 3789 2310 3838 in
2333 3788 2468 3839 uobis
2495 3791 2558 3839 sit
2599 3789 2739 3840 zelus
2764 3800 2811 3841 et
2836 3792 3107 3842 contentio.
3141 3791 3365 3844 Demunl
3394 3793 3527 3847 sub-

1947 3878 2088 3932 ditos
2134 3878 2538 3947 impugnaturus
2585 3880 2810 3932 accedit.
2861 3879 2918 3932 In
2973 3881 3339 3948 superioribus
3383 3886 3528 3940 enim

1948 3974 2214 4042 principes
2259 3971 2455 4041 dejecit
2497 3971 2712 4037 dicens,
2759 3982 3037 4028 externam
3067 3973 3282 4029 dicendi
3321 3977 3533 4046 sapien—

1951 4066 2078 4118 tiam
2119 4063 2316 4117 nullius
2357 4078 2478 4117 esse
2505 4063 2700 4133 predi:
2735 4064 2820 4117 hic
2861 4074 3037 4118 autem
3067 4065 3310 4121 subditos
3339 4069 3532 4122 redar-

1949 4157 2060 4223 guit
2080 4156 2261 4208 dicens
2289 4173 2301 4207 :
2330 4157 2382 4207 4.
2408 4153 2535 4206 Cum
2563 4156 2694 4206 enim
2711 4157 2824 4220 quis
2851 4156 3008 4219 dicat,
3048 4155 3160 4224 Ego
3189 4159 3391 4223 quidem
3420 4176 3533 4212 sunt

1951 4245 2126 4308 Pauli,
2154 4261 2242 4314 ego
2272 4253 2439 4296 autem
2480 4243 2686 4312 Apollo,
2720 4260 2887 4300 nonne
2910 4245 3142 4299 carnales
3171 4247 3328 4301 estis?
3357 4257 3410 4302 et
3438 4264 3534 4304 os-

1952 4337 2121 4392 tendit
2147 4337 2247 4389 hoc
2277 4351 2382 4389 non
2413 4334 2571 4389 modo
2601 4334 2734 4388 nihil
2760 4334 2864 4388 illis
2888 4335 3173 4404 profuisse,
3205 4353 3379 4407 neque
3403 4340 3535 4394 cile-

1951 4430 2089 4482 cisse
2117 4437 2173 4481 ut
2199 4427 2396 4495 aliquid
2425 4428 2731 4496 acciperent
2751 4469 2765 4493 ,
2799 4426 2893 4482 sed
2924 4429 3185 4498 majorum
3217 4445 3394 4484 rerum
3424 4433 3532 4484 uti-

1953 4522 2152 4575 litatem
2180 4520 2540 4589 impedivisse.
2573 4520 2685 4573 Hoc
2711 4523 2852 4573 enim
2895 4521 3067 4573 zelum
3102 4522 3345 4591 peperit:
3372 4524 3534 4577 ‘zelus

1952 4623 2128 4666 autem
2174 4611 2417 4665 carnales
2464 4610 2583 4662 illos
2611 4607 2827 4663 effecit:
2876 4608 3018 4677 quod
3067 4619 3246 4663 autem
3292 4614 3536 4666 carnales

1954 4705 2126 4757 effecti
2171 4703 2307 4766 sint,
2342 4699 2394 4752 id
2422 4714 2526 4752 non
2557 4700 2680 4752 sivit
2719 4699 3032 4754 sublimiora
3066 4701 3283 4760 audire.
3320 4705 3371 4758 5.
3408 4704 3536 4766 Quis

1953 4797 2104 4865 igitur
2131 4803 2198 4847 est
2226 4793 2421 4845 Paulus
2442 4833 2457 4858 ,
2501 4793 2611 4862 quis
2640 4793 2866 4863 Apollo?
2890 4794 3024 4848 Nam
3055 4805 3173 4864 post
3199 4813 3376 4850 rerum
3406 4814 3537 4866 pro~

1957 4886 2224 4939 bationem
2251 4891 2306 4937 et
2331 4883 2846 4939 demonstrationem
2873 4886 3111 4951 apertius
3133 4886 3325 4940 deinde
3353 4903 3536 4956 repre-

1956 4977 2213 5031 hensione
2256 4991 2386 5031 usus
2415 4966 2531 5042 est;
2563 4985 2616 5030 et
2660 4991 2815 5029 suum
2840 4975 2994 5030 affert
3037 4992 3268 5040 nomen,
3316 4994 3533 5033 omnem

1957 5069 2150 5123 tollens
2180 5068 2547 5137 asperitatem,
2577 5082 2683 5121 non
2715 5068 3031 5136 permittens
3057 5076 3116 5121 ut
3143 5068 3210 5122 de
3237 5069 3395 5122 dictis
3426 5072 3534 5123 ira-

1957 5172 2258 5216 scerentur.
2294 5160 2348 5215 Si
2379 5161 2519 5214 enim
2550 5159 2745 5213 Paulus
2783 5160 2914 5212 nihil
2941 5169 3020 5213 est
3051 5170 3105 5214 et
3146 5175 3251 5215 non
3283 5161 3533 5232 indigna-

1959 5261 2044 5304 tur
2065 5292 2078 5316 ,
2108 5252 2275 5306 multo
2303 5252 2480 5305 minus
2508 5251 2627 5304 illos
2649 5265 2790 5320 aegre
2818 5251 2960 5306 ferre
2990 5253 3289 5320 oportebat.
3324 5254 3535 5323 Duplici

1959 5358 2086 5412 ergo
2128 5344 2335 5397 ratione
2383 5343 2504 5397 illos
2549 5343 2858 5397 consolatur
2880 5384 2894 5405 ,
2919 5351 2974 5396 et
2998 5344 3138 5412 quod
3171 5345 3410 5414 seipsmn
3439 5363 3536 5415 po.

1959 5435 2146 5497 suerit,
2171 5445 2224 5489 et
2249 5435 2389 5504 quod
2417 5450 2521 5488 non
2547 5434 2690 5487 sinat
2717 5449 2812 5489 eos
2834 5436 3082 5489 omnibus
3111 5438 3326 5504 privari,
3353 5447 3538 5506 utpote

1959 5526 2049 5595 qui
2087 5526 2216 5580 nihil
2255 5527 2609 5591 contulerint;
2653 5525 2747 5580 sed
2789 5526 2990 5594 aliquid
3015 5526 3107 5579 dat
3131 5527 3238 5581 illis
3262 5528 3530 5581 modiCum

2022 5683 2074 5731 lu
2088 5680 2304 5750 unoqod.
2316 5680 2556 5750 legitur...
2570 5681 2856 5750 fornireris
2884 5696 2901 5732 :
2922 5696 3012 5732 non
3033 5678 3170 5733 enim
3193 5695 3224 5731 a
3238 5683 3408 5750 talibus
3427 5685 3544 5734 ubs-

1960 5747 2111 5797 tinerc
2139 5742 2312 5808 sufﬁcit
2352 5742 2417 5795 ad
2464 5744 2825 5809 intelligentiam
2850 5755 3231 5808 consequendam
3254 5759 3270 5799 .'
3293 5746 3377 5797 sed
3403 5759 3546 5809 opor-

1961 5815 2089 5862 tet...
