4018 6208
467 500 527 556 τι

470 626 650 680 certe,
673 612 765 667 dat
791 615 990 662 tamen.
1018 597 1152 656 Cum
1179 593 1402 650 dixisset
1428 588 1569 641 enim
1595 600 1609 638 :
1638 581 1764 650 Quis
1803 586 1876 634 est
1907 575 2053 630 Pau—

475 709 590 770 lus,
633 672 746 774 quis
774 692 996 768 Apollo?
1029 686 1338 757 subjunxit,
1373 677 1493 733 Nisi
1537 672 1759 728 ministri
1805 684 1894 740 per
1933 680 2059 774 quos

474 755 953 852 credidistisr'lioc
980 793 1110 836 vero
1128 755 1237 847 iper
1267 786 1326 827 se
1367 779 1620 839 magnum
1668 769 1751 818 est
1794 768 1851 815 et
1892 755 2061 813 multa

479 848 731 943 mercede
758 878 1012 950 dignum;
1060 870 1108 926 si
1153 862 1444 934 aspiciatur
1493 864 1675 911 autem
1715 850 1782 907 ad
1809 848 2063 917 archety-

479 937 608 1051 pum
643 937 708 1032 et
750 937 1006 1028 radicem
1028 964 1294 1018 bonorum
1319 994 1335 1020 ,
1364 949 1501 1007 nihil
1530 955 1633 1003 est.
1660 944 1777 1000 Non
1803 941 1946 997 enim
1972 937 2063 1010 qui

480 1032 636 1129 bonis
665 1065 932 1125 ministrat
954 1101 969 1125 ,
1001 1054 1096 1113 sed
1118 1051 1210 1122 qui
1238 1063 1304 1105 ea
1334 1042 1537 1116 prmbet
1562 1047 1619 1093 et
1643 1037 1842 1129 donat,
1870 1032 1960 1088 hic
1980 1036 2068 1088 est

483 1122 882 1235 inmensam
928 1122 1112 1205 allicit.
1144 1141 1255 1199 Nec
1292 1136 1467 1200 dixit,
1510 1127 1901 1235 Evangelistte,
1932 1122 2064 1189 sed,

487 1219 731 1316 illinistri,
752 1242 894 1317 quod
919 1239 1088 1309 majus
1106 1241 1210 1290 est.
1242 1228 1429 1298 Neque
1459 1222 1603 1278 enim
1630 1219 1804 1317 solum
1828 1226 2066 1317 evange-

902 1305 1063 1391 etilli“
1092 1324 1247 1403 nobis
1289 1319 1703 1375 ministravere:
1751 1306 1889 1364 illud
1924 1305 2067 1361 enim

488 1440 541 1494 in
564 1394 954 1490 verho'tantum
973 1423 1135 1477 situm
1159 1400 1265 1476 est.
1290 1410 1395 1465 hoc
1422 1409 1475 1461 in
1503 1415 1685 1474 opere.
1710 1394 2068 1468 Quamobrem

486 1529 587 1586 etsi
614 1522 861 1582 Christus
900 1512 1145 1571 minister
1188 1503 1360 1560 solum
1407 1506 1490 1554 est
1533 1497 1834 1553 bonorum,
1865 1495 1923 1543 et
1961 1498 2070 1541 non

626 1578 777 1673 radix
800 1620 855 1667 et
882 1608 1000 1663 fons
1026 1612 1294 1671 tamquam
1316 1592 1489 1649 Filius
1508 1630 1523 1657 ,
1546 1586 1670 1643 vide
1693 1595 1925 1655 quonam
1952 1578 2072 1634 haec

487 1728 576 1770 res
600 1708 915 1766 deducatur.

558 1762 933 1867 Quomodo
962 1789 1123 1859 igitur
1143 1826 1159 1850 ,
1193 1776 1438 1849 inquies,
1463 1770 1593 1827 dicit
1619 1782 1742 1824 eum
1771 1762 2071 1821 ministrum

488 1853 1163 1953 fuisse-.circumcisi‘onis?
1221 1873 1298 1927 De
1338 1861 1736 1937 dispensatione
1779 1853 2072 1953 secundum

490 2000 709 2047 carnem
736 1981 811 2037 ibi
836 1974 1068 2047 loquitur
1086 2013 1104 2036 ,
1133 1975 1187 2024 et
1212 1978 1319 2021 non
1350 1975 1416 2016 eo
1444 1954 1604 2013 modo
1630 1966 1737 2023 quo
1765 1942 2073 2047 nune‘dixi-

828 2035 939 2127 illic
960 2035 1264 2121 ministrum
1295 2052 1426 2109 dicit
1451 2049 1597 2138 illum
1626 2042 1715 2138 qui
1741 2035 2073 2138 adimplevit,

491 2126 611 2228 huc:
624 2126 870 2233 eumqui
897 2173 967 2214 ex
997 2169 1057 2211 se
1084 2152 1225 2206 bona
1252 2140 1501 2217 priebuit.
1527 2136 1638 2193 Nec
1662 2130 1825 2196 dixit,
1854 2126 1955 2196 Qui
1981 2138 2077 2179 vos

490 2222 759 2320 adducunt
780 2222 848 2308 ad
879 2248 1038 2305 ﬁdem
1063 2284 1080 2310 ,
1105 2238 1202 2297 sed
1223 2279 1238 2304 ,
1273 2233 1379 2290 Per
1396 2246 1521 2302 quos
1548 2222 1867 2285 credidistis;
1893 2230 2078 2320 rursus

491 2306 757 2423 illirpl—ds
800 2306 1079 2403 tribuens,
1109 2341 1165 2388 et
1203 2328 1330 2385 hinc
1372 2321 1649 2423 minis-tros
1683 2314 1977 2419 declarans.
2020 2306 2080 2364 Si

491 2406 621 2516 ergo
637 2406 800 2497 ‘alteri
824 2426 1219 2512 ministrabant,
1238 2414 1508 2491 quomodo
1529 2410 1583 2467 hi
1605 2406 1869 2476 arripiunt
1890 2407 2077 2455 aucto-

492 2495 703 2593 rititem
718 2531 743 2583 τ
767 2526 848 2581 Tu
871 2535 996 2578 vero
1020 2515 1151 2573 mihi
1172 2503 1504 2570 consideres,
1526 2495 1797 2571 quomodo
1820 2501 2079 2559 nusquam

875 2610 1030 2685 quasi
1059 2604 1270 2675 rapiant
1291 2640 1307 2666 ,
1338 2595 1435 2653 sed
1464 2600 1523 2649 ut
1545 2588 1636 2661 qui
2004 2579 2082 2685 ta.

496 2672 622 2791 psus
837 2672 1002 2763 ett-usa
1043 2700 1101 2755 in
1123 2672 1291 2767 plebe
1321 2697 1438 2747 erat
1465 2705 1477 2741 :
1510 2699 1634 2741 nam
1662 2681 1709 2737 si
1738 2678 1815 2733 illi
1833 2672 2081 2791 (abstitis—

494 2763 636 2873 ἔριδι,
659 2806 715 2861 bi
740 2798 1086 2859 destitissent.
1116 2763 1230 2846 Duo
1253 2785 1412 2856 igitur
1436 2779 1706 2848 sapienter
1726 2763 2081 2873 conﬁrmavit,

656 2856 937 2966 oportebat
957 2889 1233 2957 peccatum
1258 2874 1447 2931 tollere
1472 2868 1549 2925 ibi
1569 2863 1882 2926 sull‘odiens,
1905 2856 2087 2912 adver-

498 2951 602 3049 sus
617 2951 739 3044 illos
762 2982 887 3039 odio
910 2951 1017 3031 non
1037 2970 1357 3030 concitatus,
1381 2975 1552 3031 neque
1574 2957 1694 3013 illos
1715 2951 1945 3008 reddens
1965 2960 2085 3002 con-

499 3040 860 3138 ietitiosiores.
900 3070 966 3126 Et
994 3062 1263 3132 unicuique
1295 3054 1426 3112 sicut
1453 3044 1864 3138 Christus
1902 3040 2089 3138 Neque

500 3128 975 3235 ipsum
1007 3128 1275 3213 modicum
1310 3163 1341 3202 a
1376 3141 1568 3214 seipsis
1598 3136 1901 3235 habebant,
1932 3128 2027 3186 scd
2056 3139 2087 3235 ἒ

500 3221 1095 3333 ὗέῐ-(ίίιὶιιῖθᾱὶάεηί.
1139 3244 1217 3301 Ne
1254 3240 1397 3298 enim
1435 3236 1680 3293 dicerent
1707 3248 1721 3284 :
1748 3226 1884 3296 Quid
1922 3221 2089 3333 ergo:

500 3360 568 3415 iis
605 3312 699 3427 (ιιῘὶ
736 3312 889 3407 nobis
930 3343 1275 3400 ministrant,
1307 3347 1413 3388 non
1453 3333 1696 3382 amanter
1726 3312 2089 3375 bterebimus?

503 3422 676 3510 Etiam
700 3489 718 3516 ,
748 3442 963 3513 inquit,
999 3435 1092 3493 sed
1136 3432 1275 3488 scire
1316 3428 1531 3495 oportet
1572 3427 1848 3516 quousque
1865 3429 1889 3516 ἐ
1918 3422 2093 3516 neque

826 3500 1019 3605 ipsum
1044 3542 1075 3581 a
1096 3540 1154 3581 se
1179 3521 1399 3585 habent,
1436 3512 1531 3605 sed
1569 3526 1601 3566 a
1642 3509 1755 3564 Deo
1790 3505 1881 3576 qui
1921 3500 2089 3558 dedit.

586 3632 699 3705 Ego
727 3598 948 3699 plantaoi
975 3661 990 3687 ,
1017 3616 1199 3690 Apollo
1218 3609 1434 3683 rigavit;
1463 3604 1601 3659 Deus
1623 3609 1794 3655 autem
1816 3598 2094 3650 incremen-

506 3689 613 3781 tum
637 3689 821 3777 ldedit.
852 3716 912 3772 id
951 3689 1071 3776 est,
1104 3707 1306 3777 primus
1333 3697 1557 3756 verbum
1597 3689 1795 3748 inserui
1827 3706 1839 3741 :
1869 3701 1938 3742 ne
1966 3697 2094 3741 vero

508 3776 712 3873 semina
738 3776 1120 3868 tentationibus
1142 3796 1561 3856 exsiccarentur,
1582 3800 1677 3842 sua
1706 3780 1911 3838 addidit
1934 3776 2097 3848 Apol-

623 3914 791 3959 totum
822 3908 998 3955 autem
1031 3892 1125 3947 Dei
1162 3888 1279 3944 fuit.
1312 3886 1366 3939 ‘7.
1394 3881 1577 3951 Itaque
1604 3892 1760 3948 neque
1787 3874 1871 3945 qui
1901 3871 2099 3943 plantat

513 3968 595 4054 est
624 3992 814 4062 aliquid
834 4032 848 4053 ,
884 4001 1048 4055 neque
1066 3982 1152 4050 qui
1180 3980 1350 4049 rigat,
1379 3973 1465 4027 sed
1492 3970 1578 4041 qui
1615 3968 1702 4022 dat
1739 3968 2099 4020 incrementum

514 4090 676 4145 Dens.
706 4059 893 4136 Viden‘
920 4069 1188 4146 quomodo
1218 4067 1340 4121 illos
1367 4059 1675 4116 consoletur
1696 4096 1712 4122 ,
1750 4063 1809 4108 ut
1835 4066 1902 4106 ne
1942 4064 2100 4116 aspe-

514 4141 693 4241 riores
721 4176 850 4230 liant
875 4141 953 4225 ex.
969 4180 1037 4223 eo
1063 4159 1207 4235 quod
1232 4154 1499 4213 audierint
1516 4193 1533 4219 ,
1564 4149 1697 4216 Quis
1723 4153 1806 4201 est
1832 4144 1955 4206 iste,
1984 4141 2103 4212 quis

516 4286 599 4333 est
622 4270 750 4330 ille?
776 4267 913 4323 Sunt
933 4259 1078 4319 enim
1099 4264 1323 4324 utraque
1347 4260 1597 4309 onerosa,
1620 4252 1675 4299 et
1696 4237 1837 4312 quod
1857 4235 2101 4300 dixisset,

519 4326 655 4435 Quis
674 4326 759 4419 est
795 4361 896 4415 iste
917 4397 934 4423 ,
966 4352 1086 4425 quis
1110 4356 1195 4405 est
1227 4345 1357 4401 ille?
1381 4348 1436 4397 et
1464 4336 1605 4409 quod
1630 4334 1891 4392 dixisset,
1921 4326 2105 4396 Neque

521 4418 890 4528 qui‘plantat,
918 4418 1109 4514 ineque
1144 4440 1236 4509 qui
1274 4437 1410 4506 rigat
1446 4440 1534 4487 est
1569 4425 1787 4498 aliquid.
1826 4418 2106 4489 Quomodo

523 4513 822 4618 ergo'circa
861 4513 977 4591 haec
1004 4513 1429 4588 consolationem
1459 4516 1669 4573 attulit?
1711 4513 1865 4580 Quod
1896 4513 1947 4565 in
1984 4524 2109 4580 pro-

524 4600 693 4712 priam
725 4641 1009 4705 personam
1039 4622 1351 4691 despectum
1380 4610 1609 4708 adducat
1632 4622 1753 4712 cpm
1780 4603 1953 4712 dicit:
1984 4600 2111 4663 Quis

526 4689 771 4787 en‘imeit
800 4717 998 4774 Paulus
1020 4756 1037 4783 ,
1066 4689 1178 4784 quis
1206 4702 1438 4777 Apollo?
1462 4690 1526 4755 et'
1544 4693 1687 4768 quod
1713 4690 1863 4748 danti
1892 4689 2001 4743 Deo

527 4833 639 4877 tum
670 4817 885 4873 referat.
914 4775 1050 4864 Cum
1078 4775 1218 4861 enim
1244 4775 1485 4861 dixisset,
1519 4792 1616 4849 Hic
1643 4784 1918 4861 plantavit,
1941 4789 1996 4835 et
2017 4775 2112 4833 ad-

783 4900 915 4958 nlhil
941 4911 1061 4953 esse
1085 4908 1207 4950 eum
1233 4890 1325 4960 qui
1352 4889 1553 4958 plantat
1574 4926 1589 4950 ,
1617 4879 1841 4945 addidit,
1874 4874 1991 4968 sed,
2019 4869 2119 4968 Qui

532 4963 895 5059 incrementum
932 4990 1021 5043 dat
1060 4985 1219 5040 Deus.
1243 4981 1426 5050 Neque
1468 4978 1557 5032 bie
1581 4973 1818 5031 constitit
1840 5010 1857 5036 ,
1891 4965 1987 5023 sed
2013 4963 2123 5019 alto

536 5104 724 5150 rursus
758 5085 1118 5142 additamento
1142 5075 1193 5131 ei
1222 5070 1467 5127 medetur
1491 5067 1677 5123 dicens
1704 5081 1718 5117 :
1745 5062 1798 5117 8.
1830 5059 1931 5128 Qui
1954 5062 2124 5111 autem

540 5144 739 5257 plantat
776 5186 825 5233 et
862 5175 949 5246 qui
985 5172 1123 5242 rigat
1158 5179 1315 5220 unum
1353 5168 1488 5216 sunt.
1530 5156 1633 5212 Per
1672 5154 1771 5208 hoc
1807 5150 1952 5206 enim
1982 5144 2126 5202 aliud

544 5242 758 5347 quoque
798 5242 1049 5330 molitur,
1100 5279 1160 5315 ﬁ.
1188 5273 1255 5314 ne
1283 5256 1419 5312 alter
1459 5252 1512 5306 in
1553 5249 1779 5303 alterum
1817 5242 2123 5299 ell‘erantur.

546 5331 726 5423 l'Jnuin
767 5368 946 5413 autem
986 5354 1104 5410 illos
1134 5365 1253 5406 esse
1280 5347 1445 5409 dicit,
1474 5356 1539 5397 eo
1576 5336 1718 5409 quod
1754 5332 1886 5388 nihil
1929 5331 2135 5402 possint

549 5457 671 5516 sine
712 5452 823 5506 Deo
850 5448 1239 5502 incrementum
1266 5438 1448 5493 dante.
1477 5433 1590 5489 Hoc
1624 5441 1747 5483 cum
1778 5423 2038 5483 dixisset,
2067 5436 2135 5475 ne

554 5561 652 5603 eos
677 5540 891 5616 quidem
918 5537 1008 5609 qui
1038 5534 1263 5589 multum
1294 5528 1665 5583 laboraverant
1696 5512 1935 5587 permisit
1958 5509 2138 5567 efferri

556 5640 616 5693 in
637 5601 731 5689 eos
749 5631 842 5703 qui
864 5628 1069 5684 minora
1092 5621 1417 5681 intulissent,
1439 5627 1615 5684 neque
1638 5610 1770 5665 alios
1790 5605 1854 5660 iis
1875 5601 2137 5658 invidere.

560 5695 787 5794 Deinde,
818 5724 941 5796 quia
971 5719 1075 5777 hoc
1099 5716 1373 5788 segniores
1402 5710 1523 5765 illos
1552 5703 1837 5765 reddebat,
1865 5695 2005 5769 quod
2029 5708 2145 5750 om-

563 5834 664 5876 nes
688 5794 851 5875 unum
880 5828 999 5870 esse
1027 5814 1357 5881 putarentur,
1391 5813 1497 5858 tam
1522 5799 1556 5854 ii
1582 5798 1671 5868 qui
1702 5794 1957 5859 multum,
1986 5801 2146 5859 quam

568 5912 611 5968 ii
634 5910 724 5985 qui
748 5908 922 5967 minus
953 5903 1362 5965 laboraverant,
1393 5892 1511 5951 vide
1536 5886 1802 5965 quomodo
1832 5884 1933 5940 hoc
1962 5892 2148 5937 eorre-
2259 5882 2357 5926 ese

1195 474 1252 533 8.
1291 464 1566 528 JOANNIS
1601 452 2071 521 CHRYSOSTOMI
2111 446 2426 506 ARCIIIEP.
2464 433 2996 500 CONSTANTINOP.
3679 425 3748 481 ἠ

2164 569 2303 626 xerit
2329 567 2515 625 dicens
2546 586 2559 621 :
2590 560 2945 632 Unusquisque
2984 563 3151 610 autem
3178 551 3439 625 propriam
3470 545 3746 602 mei-cedri»

2162 660 2373 728 accipiet
2418 654 2693 711 secundum
2735 666 2883 707 suum
2924 647 3164 702 laborm.
3206 646 3285 700 Ac
3317 642 3363 698 si
3392 641 3595 696 diceret
3625 654 3639 690 :
3671 634 3749 691 Ne

2166 725 2356 807 timeas
2392 747 2535 821 quod
2572 744 2797 801 dixerim
2835 754 2999 796 unum
3035 750 3193 802 esse;
3233 748 3357 788 nam
3395 732 3440 787 si
3478 731 3570 785 Det
3598 725 3747 798 operi

2166 840 2547 901 conferantur,
2576 850 2741 890 unum
2785 840 2945 897 sunt;
2987 826 3281 885 secundum
3320 824 3531 880 labores
3568 828 3749 876 autem

2166 947 2275 989 non
2298 938 2423 985 sunt
2442 942 2627 993 unum,
2649 924 2744 980 sed
2769 920 3134 993 unusquisque
3156 916 3424 988 propriam
3445 910 3749 969 mercedem

2168 1027 2414 1094 accipiet.
2466 1018 2672 1076 Deinde
2717 1017 2822 1073 hoc
2861 1014 3021 1072 etiam
3065 1010 3235 1084 magis
3274 1007 3511 1079 mitigat,
3543 1020 3668 1060 cum
3698 1002 3752 1058 id

2168 1116 2436 1172 eﬂccisset
2461 1109 2603 1183 quod
2631 1108 2843 1165 volebat
2867 1123 2881 1162 :
2912 1106 2965 1161 in
3003 1103 3196 1174 quibus
3226 1108 3400 1171 potest
3424 1095 3755 1168 gratificatur

2170 1222 2291 1263 cum
2331 1181 2669 1259 liberalitate.
2700 1199 2756 1255 9.
2788 1195 2885 1251 Dei
2922 1195 3059 1250 enim
3098 1193 3357 1257 adiutores
3398 1200 3572 1243 sumus
3608 1198 3627 1237 .-
3658 1181 3754 1236 Dei

2171 1294 2480 1370 agricultura
2504 1292 2622 1348 estis
2646 1332 2662 1359 ,
2694 1289 2787 1344 Dei
2809 1284 3082 1355 ludiﬁcatio
3107 1283 3243 1337 estis.
3271 1277 3459 1336 Viden‘
3485 1272 3756 1348 quomodo

2174 1367 2303 1459 ipsis
2340 1399 2476 1456 opus
2512 1381 2722 1440 dederit
2748 1395 2854 1436 non
2884 1390 3127 1448 parvum,
3155 1388 3275 1428 cum
3302 1373 3449 1442 prius
3477 1367 3758 1439 probasset

2175 1490 2344 1536 totum
2372 1492 2439 1534 ex
2469 1476 2578 1531 Deo
2606 1474 2763 1530 esse?
2789 1472 2920 1540 Quia
2949 1470 3090 1525 enim
3116 1480 3331 1535 semper
3357 1471 3537 1517 monet
3563 1474 3759 1531 paren—

2174 1572 2300 1627 dum
2344 1583 2464 1625 esse
2510 1563 2809 1636 praepositis
2834 1603 2849 1624 ,
2880 1560 3002 1615 ideo
3038 1558 3290 1614 ductores
3328 1569 3433 1608 non
3470 1550 3757 1606 admodum

2175 1661 2444 1735 deprimit.
2473 1659 2563 1713 Dei
2584 1656 2895 1728 agricultura
2915 1654 3055 1707 estis.
3081 1651 3214 1719 Quia
3239 1648 3380 1704 enim
3406 1645 3562 1710 dixit,
3590 1642 3758 1697 Plan-

2177 1754 2298 1822 lavi,
2328 1761 2529 1826 perstat
2557 1751 2612 1805 in
2639 1746 2969 1817 metaphora.
3002 1743 3058 1799 Si
3088 1750 3267 1796 autem
3295 1739 3387 1794 Dei
3414 1736 3758 1807 agricultura,

2179 1862 2284 1903 non
2315 1824 2375 1901 ut
2410 1843 2479 1899 ab
2506 1843 2571 1896 iis
2598 1839 2689 1910 qui
2718 1853 2814 1894 vos
2839 1836 3061 1900 colunt,
3094 1831 3188 1886 sed
3216 1839 3274 1884 ut
3298 1845 3330 1884 a
3361 1830 3470 1884 Deo
3496 1824 3762 1881 voccmini

2178 1951 2387 2009 :equnm
2414 1944 2516 1991 est.
2542 1932 2657 1987 Non
2682 1930 2825 1987 enim
2853 1942 2980 1997 ager
3005 1931 3226 1980 vocatur
3249 1920 3519 1990 agricolas,
3547 1918 3641 1973 sed
3670 1931 3763 1985 pa-

2179 2007 2526 2084 trisfamilias.
2569 2018 2681 2078 ne?
2701 2020 2973 2091 aediﬁcatio
3012 2017 3149 2071 εειεσ.
3198 2014 3399 2068 Rursus
3438 2007 3762 2072 adificatio,

2180 2135 2286 2175 non
2311 2117 2553 2183 artificis,
2572 2114 2665 2170 sed
2681 2112 2883 2169 domini
2905 2119 3007 2165 est.
3030 2107 3085 2164 Si
3107 2114 3285 2162 autem
3306 2102 3588 2159 aediﬁcatio
3609 2099 3762 2166 estis,

2182 2226 2288 2267 non
2330 2216 2545 2280 oportet
2581 2221 2701 2262 esse
2741 2204 2941 2259 divisos
2971 2201 3142 2256 :alias
3186 2199 3290 2252 hoc
3332 2194 3618 2251 tedilicatio
3657 2207 3763 2247 non

2182 2301 2359 2358 fuerit.
2390 2300 2445 2356 Si
2489 2296 2807 2368 agricultura
2836 2294 3005 2358 estis,
3038 2306 3145 2345 non
3182 2295 3395 2359 oportet
3431 2285 3639 2352 dividi,
3670 2281 3765 2337 sed

2184 2408 2289 2449 una
2322 2389 2624 2447 concordia:
2663 2402 2792 2457 sepe
2836 2383 3051 2439 muniri.
3083 2382 3172 2436 10.
3206 2378 3500 2436 Secundum
3548 2376 3767 2443 gratiam

2185 2482 2280 2538 Dei
2304 2525 2321 2552 ,
2352 2496 2465 2553 qua:
2490 2480 2611 2534 data
2639 2487 2709 2532 est
2744 2474 2867 2531 mihi
2891 2513 2907 2540 ,
2937 2482 2993 2527 ut
3020 2473 3221 2541 sapiens
3251 2467 3547 2521 architectus
3574 2462 3767 2535 funda-

2185 2583 2408 2629 mentum
2445 2570 2610 2641 posui.
2640 2568 2739 2622 Hic
2765 2581 2825 2620 se
2863 2564 3156 2633 sapientem
3184 2559 3392 2613 vocavit
3416 2596 3431 2621 ,
3456 2569 3562 2609 non
3590 2568 3651 2607 se
3674 2566 3768 2606 ex-

2186 2665 2403 2730 tollens,
2424 2661 2521 2716 sed
2542 2674 2599 2715 se
2622 2668 2803 2730 typum
2825 2656 2957 2710 dans
2983 2653 3106 2711 illis,
3130 2660 3185 2705 et
3203 2645 3492 2704 ostendens
3511 2641 3769 2714 sapientis

2187 2770 2307 2812 esse
2332 2769 2492 2809 unum
2522 2764 2721 2823 ponere
2746 2746 3166 2804 fundamentum.
3198 2738 3331 2796 Vide
3356 2750 3585 2806 namque
3608 2747 3769 2804 quam

2188 2849 2463 2904 moderate
2490 2859 2549 2901 se
2575 2853 2745 2914 gerat.
2772 2840 2906 2895 Cum
2931 2836 3074 2893 enim
3101 2849 3161 2890 se
3185 2832 3479 2903 sapientem
3499 2828 3729 2883 dixisset
3750 2866 3767 2890 ,

2191 2953 2297 2995 non
2319 2937 2441 2993 sivit
2464 2935 2567 2990 hoc
2588 2947 2707 2989 esse
2731 2944 2907 2991 suum,
2930 2926 3025 2982 sed
3055 2939 3175 2979 cum
3203 2937 3261 2978 se
3288 2923 3437 2991 prius
3464 2928 3629 2972 totum
3658 2916 3771 2970 Deo

2190 3027 2543 3090 attribuisset,
2573 3033 2700 3079 tunc
2726 3037 2787 3077 se
2817 3022 2889 3076 ita
2916 3017 3126 3073 vocavit
3155 3032 3169 3069 :
3198 3027 3321 3069 nam
3349 3010 3641 3065 Secundum
3663 3023 3773 3077 gru-

2193 3123 2317 3177 tiam
2360 3118 2491 3183 Dei,
2534 3130 2646 3187 qua!
2692 3114 2813 3168 data
2854 3119 2925 3165 est
2970 3105 3130 3181 mihi,
3174 3102 3371 3174 inquit.
3414 3100 3582 3157 Simul
3630 3099 3771 3152 enim

2192 3210 2425 3269 ostendit
2454 3218 2619 3264 totum
2656 3219 2778 3262 esse
2820 3202 2911 3258 Dei
2940 3211 2997 3256 et
3034 3196 3177 3270 quod
3214 3195 3319 3252 hoc
3346 3193 3577 3249 maxime
3604 3191 3771 3261 gratia

2194 3304 2292 3369 sit,
2322 3316 2429 3356 non
2454 3297 2647 3361 dividi,
2680 3294 2774 3351 sed
2802 3296 2855 3348 in
2885 3306 2991 3347 uno
3022 3291 3203 3359 jacere
3233 3285 3599 3341 fundamento.
3628 3279 3775 3333 Alius

2195 3392 2567 3466 supercdiﬁcat
2596 3405 2615 3445 :
2638 3387 2808 3456 videat
2844 3396 3010 3438 autent
3048 3380 3385 3448 unusquisque
3408 3374 3660 3446 quomodo
3683 3390 3777 3427 su-

2197 3485 2521 3560 pertediﬁcet.
2552 3481 2649 3538 llic
2674 3480 2801 3535 mihi
2830 3477 3038 3531 videtur
3065 3473 3183 3528 illos
3211 3471 3481 3529 inducere.
3515 3476 3570 3521 ut
3597 3474 3774 3521 certa-

2198 3556 2321 3634 men
2351 3577 2532 3630 ineant
2557 3571 2625 3628 de
2650 3571 2754 3625 vita
2783 3565 3126 3630 instituenda,
3154 3562 3278 3633 quia
3306 3560 3427 3614 illos
3456 3556 3623 3613 semel
3650 3569 3780 3610 eon-

2194 3668 2372 3741 junxit
2412 3675 2467 3723 et
2506 3678 2669 3719 unum
2710 3660 2855 3716 fecit.
2888 3659 2975 3713 ll.
3008 3654 3420 3711 Fundamentum
3462 3649 3594 3703 enim
3636 3644 3781 3699 aliud

2199 3735 2343 3816 nemo
2375 3765 2534 3829 potest
2571 3766 2753 3825 ponere
2790 3756 2973 3821 prater
3000 3746 3055 3799 ii
3083 3743 3216 3813 quod
3245 3742 3459 3813 positum
3498 3747 3571 3791 est
3591 3778 3607 3802 ,
3646 3735 3781 3803 quod

2200 3862 2271 3910 est
2299 3825 2449 3907 Iesus
2477 3844 2729 3903 Christus.
2767 3840 2885 3896 Non
2926 3845 3099 3908 potest
3133 3842 3314 3889 autem
3342 3828 3592 3901 quamdiu
3619 3825 3787 3881 fuerit

2200 3943 2526 4000 architectus
2553 3953 2569 3993 :
2594 3934 2639 3991 si
2682 3940 2857 3988 autem
2895 3928 3128 3998 positum
3171 3921 3329 3976 fuerit
3353 3958 3370 3985 ,
3404 3919 3516 3987 jam
3555 3930 3662 3969 non
3700 3922 3785 3967 est

2204 4032 2544 4088 architectus.

2276 4121 2330 4175 4.
2369 4116 2503 4173 Vide
2524 4107 2789 4184 quomodo
2812 4120 2843 4160 a
2866 4100 3237 4160 communibus
3261 4095 3567 4152 notionibus
3593 4108 3791 4165 propo-

2207 4214 2366 4270 situm
2389 4215 2557 4264 totum
2582 4202 2786 4274 probet.
2808 4196 2960 4267 Quod
2979 4205 3159 4250 autem
3180 4190 3329 4257 dicit,
3349 4186 3654 4259 huiusmodi
3675 4196 3786 4249 est:

2208 4302 2531 4364 Annuntiavi
2568 4295 2838 4354 Christum
2864 4332 2880 4358 ,
2924 4286 3116 4347 tradidi
3152 4283 3305 4341 vobis
3339 4280 3743 4337 fundamentum
3774 4294 3789 4329 :

2209 4400 2385 4458 videte
2421 4390 2690 4468 quomodo
2727 4380 3196 4459 supemdilicetis,
3225 4392 3294 4433 an
3324 4374 3391 4433 ad
3429 4376 3640 4431 inanem
3678 4371 3796 4443 glo-

2210 4495 2343 4551 riam
2363 4533 2379 4560 ,
2407 4462 2476 4545 an
2502 4486 2569 4543 ad
2598 4480 2841 4540 homines
2866 4474 3157 4545 discipulos
3183 4466 3575 4525 abstrahentes.
3606 4462 3685 4520 Ne
3708 4471 3794 4516 at-

2215 4551 2493 4642 tendamus
2520 4591 2650 4649 ergo
2677 4569 2967 4629 haeresibus
2994 4586 3009 4623 :
3036 4563 3438 4620 fundamentum
3468 4557 3611 4613 enim
3650 4551 3798 4608 aliud

2216 4690 2374 4731 nemo
2401 4643 2805 4742 potest'ponere
2835 4666 3027 4731 prmter
3057 4654 3111 4712 id
3136 4652 3277 4725 quod
3306 4646 3535 4722 positum
3565 4653 3669 4702 est.
3699 4643 3801 4700 Su-

2217 4783 2314 4838 per
2336 4738 2507 4836 ipsum
2533 4738 2663 4831 ergo
2689 4754 3034 4815 aedificemus,
3060 4756 3115 4802 et
3138 4754 3198 4801 ut
3221 4742 3568 4799 fundamento
3592 4738 3802 4794 hieran

2221 4830 2380 4923 inus,
2412 4862 2471 4909 ut
2499 4830 2704 4923 palmes
2734 4845 2829 4902 viti
2853 4885 2872 4912 ,
2906 4849 2960 4898 et
2996 4838 3129 4923 nihil
3162 4838 3246 4923 sit.
3260 4832 3633 4923 intermedium
3664 4830 3807 4923 inter

2224 4911 2335 5000 Eo}
2358 4911 2413 4997 et
2454 4911 2726 4991 Christum
2756 4947 2775 4988 ;
2802 4911 2927 4982 nam
2966 4922 3012 4979 si
3050 4916 3249 4989 aliquid
3288 4912 3664 4971 intermedium
3692 4911 3808 4978 sit,

2228 5039 2402 5095 statim
2447 5032 2701 5105 perimus.
2748 5022 2959 5080 Palmcs
2994 5015 3137 5071 enim
3181 5025 3247 5067 ex
3284 5023 3351 5065 eo
3382 5004 3525 5077 quod
3563 5004 3764 5057 ba‘reat
3790 5042 3811 5070 ,

2232 5133 2391 5191 trahit
2420 5101 2670 5188 succum;
2711 5127 2765 5175 et
2792 5111 3073 5171 :ndillcium
3096 5146 3115 5173 ,
3144 5101 3287 5177 quod
3324 5101 3396 5157 sit
3430 5106 3768 5167 compactum
3794 5135 3811 5159 ,

2233 5187 2338 5284 stat
2364 5244 2379 5280 :
2406 5219 2547 5294 quod
2577 5217 2622 5272 si
2650 5214 2972 5283 disiunctum
3004 5201 3111 5267 sit,
3135 5197 3311 5294 perit,
3336 5208 3459 5251 cum
3487 5206 3605 5294 non
3620 5187 3821 5289 habeat

2367 5278 2660 5370 innitatur.
2816 5301 2993 5369 itaque
3030 5290 3202 5349 solum
3238 5286 3539 5342 btereamns
3565 5278 3821 5344 Christo,

2240 5369 2337 5466 sed
2361 5369 2520 5463 etiam
2543 5398 2642 5470 ipsi
2664 5390 3123 5463 conglutinemur;
3148 5392 3268 5437 nam
3290 5377 3337 5433 si
3357 5372 3606 5444 disjuncli
3628 5369 3822 5431 simus,

2532 5457 2734 5547 {Etenim
2756 5457 2842 5554 qui
2868 5480 3102 5548 clangunt
3130 5489 3184 5528 se
3205 5488 3237 5526 a
3262 5481 3339 5535 te,
3372 5465 3601 5539 peribunt
3624 5458 3644 5532 (

2508 5582 2697 5654 inquit.
2726 5548 3164 5642 conglutinemur
3184 5576 3313 5633 ergo
3334 5558 3458 5630 ipsi,
3470 5563 3536 5661 let
3558 5548 3828 5650 congluti-

2251 5639 2564 5748 nemurnper
2583 5639 2749 5744 opera
2775 5682 2792 5721 :
2816 5639 2919 5731 Qui
2947 5659 3091 5716 enim
3116 5660 3301 5711 servat
3329 5646 3575 5705 mandata
3604 5654 3743 5704 mea,
3774 5639 3831 5693 in

2580 5807 2595 5830 ,
2625 5729 2809 5819 inanet
2834 5729 3012 5826 (Joan.
3042 5750 3126 5805 ιι.
3152 5744 3269 5816 21).
3301 5737 3513 5797 Etenim
3544 5748 3637 5837 per
3663 5729 3833 5785 multa

2545 5824 2644 5916 nos
2682 5824 2874 5924 iungit.
2921 5839 3299 5903 Animadverte
3338 5839 3516 5889 autem
3546 5843 3562 5884 :
3594 5824 3705 5902 ipse
3750 5829 3839 5876 est
