4018 6208
268 386 331 441 Ἠ

259 502 374 558 ειν.
402 500 481 554 Ού
503 498 607 573 γὰρ
628 501 657 552 6
676 499 1087 570 διακονούμενος
1116 501 1225 563 τοῖς
1251 499 1497 563 ἀγαθοῖς,
1514 498 1628 553 ἀλλ’
1650 500 1679 552 6
1696 514 1811 568 παρ
1830 526 1841 536 -

259 583 403 654 έχων
433 583 572 635 αὐτὰ
599 584 694 635 καὶ
721 582 917 645 διδοὺς,
953 576 1108 645 οῦτός
1135 583 1286 635 ἐστιν
1316 585 1345 637 6
1383 583 1697 651 εὐεργέτης.
1731 580 1843 634 Καὶ

257 668 362 719 οὐκ
392 661 564 729 εἶπεν,
611 664 1031 734 Εὑαγγελισταὶ,
1062 664 1198 728 ἀλλ’,
1255 667 1323 719 Ἠ
1372 664 1657 719 διάκονοι·
1709 665 1847 734 ὅπερ

256 749 421 802 πλέον
446 749 614 805 ἐστίν.
645 749 719 801 Ού
748 749 855 820 γὰρ
888 748 1074 811 ἁπλῶς
1108 748 1553 819 εὐηγγελίσαντο,
1584 748 1721 801 ἀλλὰ
1752 748 1849 801 καὶ

254 831 584 900 διηκόνηταν
615 832 767 900 ἡμῖν·
798 830 859 883 :6
894 830 1131 901 μὲννγάρ
1169 830 1327 899 λόγου
1358 830 1521 899 μόνον
1540 830 1677 892 ἐστὶ,
1709 831 1768 882 :6
1786 830 1846 883 δὲ

255 914 351 966 καὶ
407 914 568 982 ἐργον
623 913 758 982 ἔχει.
792 913 954 965 Ὥστε
1003 914 1053 964 εί
1111 913 1206 965 καὶ
1260 915 1287 967 6
1325 913 1559 982 Χριστος
1597 912 1845 976 διάκονος

256 995 419 1062 μόνον
443 998 592 1049 ἐστὶν
612 995 853 1064 ἀγαθῶν,
887 996 981 1049 καὶ
1010 996 1108 1066 ούχ
1138 997 1171 1065 ή
1203 995 1329 1065 ῥίζα
1358 996 1521 1060 αὐτὸς
1546 997 1637 1049 καὶ
1664 998 1841 1067 πηγὴ,

251 1076 330 1138 ὼς
392 1077 520 1141 Υἱὸς
569 1078 775 1148 μέντοι,
835 1078 937 1147 ὅρα
982 1077 1085 1131 ποῦ
1134 1076 1293 1131 τοῦτο
1340 1078 1402 1131 τὸ
1436 1081 1669 1149 πρᾶγμα
1709 1096 1844 1133 κατ-

251 1159 473 1227 άγεται.

320 1323 393 1385 γ’.
418 1316 541 1380 Πῶς
565 1312 678 1380 οὖν,
710 1319 864 1388 φησὶ,
893 1319 1039 1390 λέγει
1072 1319 1233 1374 αὐτὸν
1250 1319 1492 1373 διάκονον
1512 1319 1839 1391 γεγενῆσθαι

250 1401 589 1470 περιτομῆςς
619 1403 752 1472 Περὶ
775 1403 872 1472 τῆς
896 1404 1038 1458 κατὰ
1073 1404 1250 1473 σάρκα
1275 1404 1588 1472 οἰκονομίας
1614 1404 1730 1456 ἐκεῖ
1750 1404 1840 1456 λέ-

249 1497 389 1549 γων,
421 1486 515 1537 καὶ
556 1486 676 1538 οὐδὲ
718 1486 893 1557 τούτῳ
925 1487 1003 1557 τῷ
1032 1487 1239 1558 τρόπῳ,
1283 1479 1328 1553 ᾧ
1364 1485 1459 1539 νῦν
1509 1488 1835 1558 εἰρήκαμεν·

250 1567 372 1619 ἐκεῖ
400 1569 499 1633 μὲν
537 1568 646 1638 γὰρ
670 1568 913 1622 διάκονον
938 1568 1030 1623 τὸν
1064 1568 1359 1639 πληρωτὴν
1389 1585 1574 1639 φησιν,
1607 1569 1728 1638 οὐχὶ
1748 1569 1839 1622 τὸν

246 1649 471 1702 οἴκοθεν
497 1652 914 1721 παρασχόμενον
946 1650 1016 1704 τὰ
1055 1651 1258 1719 ἀγαθά.
1297 1652 1407 1705 Καὶ
1434 1653 1537 1709 οὐκ
1567 1647 1742 1718 εἶπεν,
1774 1654 1837 1706 Οί

246 1732 653 1802 προσαγόμενοι
697 1733 865 1802 ’ὑμᾶς
914 1734 994 1796 εἰς
1045 1732 1141 1804 τὴν
1190 1733 1393 1797 πίστιν,
1438 1732 1595 1797 ἀλλὰ,
1639 1734 1718 1787 Δι’
1750 1729 1838 1788 ὧν

244 1813 667 1869 ἐπιστεύσατε·
706 1816 871 1869 πάλιν
917 1816 1145 1878 ἐκείνοις
1192 1815 1253 1867 :6
1300 1814 1461 1869 πλέον
1502 1816 1697 1879 διδοὺς,
1744 1819 1837 1871 καὶ

246 1897 373 1969 τοὺς
400 1897 680 1960 διακόνους
704 1897 998 1951 κάντεῦθεν
1017 1897 1213 1968 δηλῶν.
1250 1899 1311 1949 El
1343 1898 1523 1950 τοίνυν
1550 1898 1724 1969 ἑτέρῳ
1754 1899 1842 1952 διον

246 1968 568 2051 ηκόνοῦντο,
613 1982 731 2043 πῶς
776 1976 920 2034 οῦτοι
966 1982 1061 2051 τὴν
1099 1981 1255 2046 ἀξίαν
1286 1981 1630 2051 ἁρπάζουσις
1664 1968 1737 2036 Σὺ
1780 1982 1835 2036 δέ

248 2081 342 2133 μοι
378 2065 589 2127 σκόπει,
619 2064 736 2128 πῶς
765 2064 1014 2134 οὐδαμῶς
1053 2064 1236 2128 αὐτοῖς
1281 2067 1505 2133 ἐγκαλεῖ
1545 2066 1621 2129 ὡς
1656 2068 1863 2137 ἀρπάον

243 2146 453 2212 ζουσιν,
500 2147 635 2201 ἀλλὰ
663 2150 775 2212 τοῖς
809 2148 1158 2218 παρέχουσιν·
1207 2148 1240 2218 ἡ
1285 2148 1396 2218 γὰρ
1440 2148 1696 2212 ὑπόθεσις
1736 2148 1832 2203 τοῦ

244 2230 565 2300 σφάλματος
594 2234 651 2284 ἐν
683 2230 762 2302 τῷ
783 2230 980 2303 πλήθει
1021 2226 1088 2302 ἧν
1108 2247 1122 2261 ·
1152 2232 1246 2284 καὶ
1285 2234 1396 2303 γὰρ
1426 2234 1621 2286 ἐκεῖνοι
1648 2236 1696 2286 ει
1730 2235 1833 2287 ἀπο

242 2314 502 2383 έστησαν,
528 2310 674 2368 οὗτοι
698 2311 985 2366 διελύοντο.
1014 2311 1118 2365 Δύο
1136 2313 1316 2366 τοίνυν
1337 2314 1710 2367 κατεσκεύασε
1742 2331 1833 2368 σοο

242 2394 363 2463 φῶς
394 2408 444 2458 ι,
488 2395 611 2449 ὅθεν
658 2413 716 2449 τε
748 2395 855 2448 ἔδει
884 2394 1131 2447 καθελεῖν
1171 2394 1233 2446 :6
1260 2395 1586 2466 ἁμάρτημα,
1618 2396 1828 2449 ἐκεῖθεν

242 2476 547 2548 ὑπορύξας,
591 2478 687 2531 καὶ
722 2477 860 2549 πρὸς
887 2476 1129 2539 ἐκείνους
1163 2476 1460 2545 ἀπέχθειαν
1501 2478 1576 2549 μὴ
1620 2480 1852 2539 κτησά‹’

242 2576 426 2629 μενος,
467 2560 602 2630 μηδέ
649 2558 1109 2629 φιλονεικοτέρους
1152 2560 1407 2627 ποιήσας.
1440 2560 1548 2613 Καὶ
1592 2560 1829 2625 ἑκάστῳ

236 2640 323 2707 ὡς
344 2643 378 2695 ὁ
402 2641 620 2710 Κύριος
646 2641 888 2695 ἔδωκεν.
915 2640 1051 2694 υύδέ
1074 2640 1181 2711 γὰρ
1207 2641 1337 2695 αὐτὸ
1360 2641 1517 2694 τοῦτο
1547 2643 1608 2695 :6
1633 2645 1828 2716 μικρὸν

237 2725 373 2795 παρ’
396 2724 628 2789 ἑαυτῶν,
654 2724 790 2777 6116
817 2724 969 2794 παρὰ
996 2723 1091 2776 τοῦ
1116 2724 1251 2777 Θεοῦ
1282 2724 1377 2777 τοῦ
1405 2725 1829 2797 ἐγχειρίζοντος.

240 2808 360 2860 Ἱνα
392 2807 499 2878 γὰρ
537 2807 614 2876 μὴ
646 2806 870 2874 λέγωσι,
902 2805 967 2857 Τί
996 2801 1126 2870 οὖνς
1162 2807 1288 2868 τοὺς
1316 2806 1766 2878 διακονουμένους
1794 2810 1823 2848 1ο

236 2892 372 2961 ἡμῖν
405 2891 465 2943 ού
503 2890 835 2962 στέρξομενς
861 2888 991 2952 Ναὶ,
1016 2888 1203 2959 φησὶν,
1231 2888 1345 2943 ἀλλ’
1369 2890 1567 2945 ειδέναι
1588 2892 1693 2962 χρὴ
1724 2892 1824 2963 μέ-

234 2988 330 3042 χρι
389 2970 557 3035 τίνος·
610 2972 732 3025 οὐδὲ
788 2971 895 3044 γὰρ
942 2972 1098 3025 τοῦτο
1126 2972 1259 3026 αὐτὸ
1302 2974 1430 3044 παρ’
1456 2973 1656 3040 αὐτῶν,
1690 2974 1825 3029 ἀλλὰ

234 3053 392 3125 παρὰ
417 3054 512 3107 τοῦ
544 3055 728 3118 δόντος
770 3055 927 3108 Θεοῦ.
968 3053 1111 3124 Ἐγὼ
1139 3056 1466 3124 ἐφύτευσα,
1519 3056 1825 3125 Ἀπολλὼς

230 3137 539 3202 ἐπότισεν,
582 3137 722 3192 ἀλλ’
752 3141 786 3191 ὁ
820 3138 965 3201 Θεὸς
988 3137 1234 3205 ηὔξανε.
1263 3137 1545 3203 Τουτέστι,
1602 3141 1825 3211 Πρῶτος

232 3218 537 3273 κατέϐαλον
593 3219 685 3272 τὸν
716 3220 892 3287 λόγον·
940 3219 1082 3273 ὥστε
1126 3220 1183 3272 δὲ
1232 3219 1307 3290 μὴ
1348 3219 1677 3291 ξηρανθῆναι
1713 3228 1823 3287 τοῖς

236 3304 567 3373 πειρασμοῖς
591 3302 662 3354 τὰ
711 3302 1023 3372 σπέρματα,
1064 3302 1333 3365 Ἀπολλὼς
1362 3303 1429 3355 τὰ
1465 3306 1591 3374 παρ’
1626 3306 1822 3359 ἐαυτοῦ

232 3385 567 3456 προσέθηκε·
591 3385 653 3438 :6
680 3384 738 3438 δὲ
766 3387 896 3449 πᾶν,
918 3384 1012 3438 τοῦ
1038 3382 1174 3438 Θέοῦ
1205 3386 1446 3453 γέγονεν.
1480 3386 1659 3440 Ὥστε
1684 3389 1823 3443 οὔτε

233 3472 271 3523 ὁ
295 3469 571 3537 φυτεύων
603 3468 737 3521 ἐστι
765 3485 842 3533 τι,
874 3469 1013 3521 οὔτε
1043 3470 1075 3521 ό
1110 3467 1380 3533 ποτίζων,
1403 3469 1539 3522 ἀλλ’
1571 3473 1603 3523 ό
1634 3470 1820 3534 αὐξά-

228 3567 357 3605 νων
403 3550 595 3617 Θεός)
622 3550 739 3622 [69]
780 3551 941 3622 Ὁρᾷς
990 3550 1105 3614 πῶς
1151 3550 1346 3613 αὐτοὺς
1390 3552 1816 3621 παραμυθεῖται,

230 3632 373 3687 ὥστε
401 3634 477 3705 μὴ
508 3635 875 3705 τραχυτέρους
900 3634 1151 3705 γενέσθαι
1178 3632 1255 3702 τῷ
1283 3633 1532 3688 ἀκοῦσαι·
1557 3637 1652 3698 Τίς
1672 3638 1819 3690 ἐστιν

229 3720 261 3771 6
288 3717 460 3778 δεῖνα,
489 3718 583 3768 καὶ
608 3718 688 3780 τίς
723 3719 750 3768 6
782 3718 963 3781 δεῖνα;
999 3718 1282 3788 ἀμφότερα
1305 3720 1413 3788 γὰρ
1442 3721 1694 3789 φορτικὰ,
1724 3723 1819 3775 καὶ

228 3799 295 3851 :6
322 3799 517 3865 εἰπεῖν,
548 3798 644 3862 Τίς
668 3800 813 3851 ἐστιν
854 3801 881 3851 ό
929 3800 1095 3865 δεῖνα,
1133 3801 1227 3852 καὶ
1266 3799 1349 3861 τίς
1383 3803 1530 3855 ἐστιν
1562 3802 1591 3853 6
1630 3804 1815 3869 δεῖνα;

229 3880 328 3935 καὶ
361 3881 423 3933 τὸ
459 3883 656 3945 εἰπεῖν,
695 3879 831 3933 Οῦτε
858 3882 885 3934 6
914 3881 1182 3951 φυτεύων,
1213 3880 1341 3933 οὕτε
1380 3884 1408 3935 6
1437 3883 1669 3945 ποτίζων
1699 3884 1815 3937 ἐστι

228 3981 303 4017 τι.
335 3964 457 4026 Πῶς
480 3960 572 4017 οὖν
604 3965 745 4018 αὐτὰ
773 3965 1238 4035 παρεμυθήσατος
1271 3964 1363 4034 Τῷ
1389 3982 1445 4017 τε
1484 3967 1577 4017 ἐπὶ
1604 3966 1699 4019 τοῦ
1734 3968 1814 4019 0!-

229 4048 381 4100 κείου
404 4046 696 4116 προσώπου
725 4042 1020 4119 προσάγειν
1042 4046 1139 4117 τὴν
1172 4046 1543 4111 ἐξουδένωσιν.
1578 4050 1673 4115 Τίς
1706 4051 1817 4119 γάρ

225 4128 365 4182 ἐστι
406 4128 691 4194 Παῦλος;
722 4130 812 4195 τίς
850 4129 918 4182 δὲ
956 4131 1294 4195 Ἀπο.ῖλώς;
1331 4130 1426 4183 καὶ
1468 4130 1546 4199 τῷ
1592 4132 1651 4183 :6
1708 4134 1815 4185 πᾶν

226 4211 509 4265 ἀναθεῖναι
543 4211 621 4282 τῷ
659 4211 835 4264 πάντα
870 4212 1123 4265 δεδωκότι
1166 4212 1305 4281 Θεῷ.
1338 4211 1527 4267 Εἰπὼν
1563 4214 1693 4284 γὰρ,
1733 4217 1813 4268 ὃτι

229 4289 400 4357 Οὗτος
425 4294 711 4362 ἐφύτευσε,
736 4294 831 4347 καὶ
870 4294 1149 4365 προσθεὶς,
1185 4296 1266 4347 ὅτι
1302 4294 1456 4347 οὐδέν
1484 4297 1633 4348 ἐστιν
1659 4300 1687 4349 6
1714 4316 1813 4366 φυ-

226 4376 422 4442 τεύων,
453 4378 753 4447 ἐπήγαγεν·
792 4378 954 4431 Ἀλλ’
992 4380 1024 4429 ό
1046 4376 1327 4440 αὐξάνων
1353 4377 1517 4443 Θεός.
1553 4379 1661 4432 Καὶ
1690 4382 1812 4434 οὐδὲ

233 4459 397 4529 μέχρι
422 4461 614 4512 τούτου
641 4460 792 4531 ἐστη,
818 4459 932 4512 ἀλλ’
957 4451 1122 4529 ἐτέρᾲ
1163 4461 1424 4530 ἐπαγωγῇ
1471 4460 1633 4513 πάλιν
1680 4464 1812 4517 αὐτὸ

229 4541 522 4611 θεραπεύει
551 4542 744 4611 λέγων·
789 4543 850 4594 '0
872 4543 1148 4611 φυτεύων
1171 4541 1240 4595 δὲ
1267 4544 1363 4595 καὶ
1390 4548 1419 4595 ό
1441 4542 1708 4610 ποτίζων,
1742 4546 1812 4599 ἓν

226 4627 366 4678 εισι.
401 4625 500 4677 Διὰ
537 4626 644 4696 γὰρ
694 4624 883 4678 τούτου
930 4626 1024 4678 καὶ
1056 4624 1241 4694 ἕτερον
1283 4626 1707 4690 κατασκευάζει,
1748 4630 1811 4681 τὸ

229 4709 307 4779 μὴ
328 4709 653 4781 ἐπαίρεσθαι
680 4711 798 4762 κατ’
827 4709 1090 4779 ἀλλήλων.
1127 4709 1223 4759 Ἓν
1249 4707 1305 4760 δὲ
1326 4704 1463 4760 εἶναι
1488 4709 1683 4775 αὐτούς
1715 4728 1809 4781 φη-

228 4809 306 4857 σι,
340 4794 475 4864 πρὸς
516 4793 578 4845 :6
636 4788 811 4864 μηδὲν
855 4792 1114 4846 δύνασθαι
1154 4790 1282 4844 ἄνευ
1329 4791 1423 4844 τοῦ
1484 4790 1807 4857 αύξάνοντος

224 4874 384 4928 Θεοῦ.
413 4875 584 4928 Τοῦτο
630 4876 686 4928 δὲ
737 4872 929 4938 εἰπὼν,
961 4874 1082 4927 οὐδὲ
1132 4875 1259 4932 τοὺς
1299 4873 1469 4925 πολλὰ
1499 4876 1807 4944 κάμνοντας

224 4958 407 5026 ἀφῆκε
432 4956 920 5023 κατεξανίστασθαι
945 4956 1053 5008 τῶν
1079 4956 1336 5009 ἐλάττονα
1356 4958 1807 5024 είσενεγκάντων,

223 5037 349 5090 οὔτε
374 5043 498 5103 τοὺς
527 5042 748 5110 ἐτέρους
770 5040 979 5101 τούτοις
1000 5039 1235 5107 φθονεῖν.
1264 5038 1414 5104 Εἶτα,
1437 5041 1625 5113 ἐπειδὴ
1650 5042 1806 5096 τοῦτο

224 5121 635 5195 ῥᾳθυμοτέρους
662 5114 857 5182 ἐποίει,
892 5125 952 5175 τὸ
982 5122 1185 5185 πάντας
1214 5121 1272 5174 ἓν
1297 5120 1435 5176 εἶναι
1466 5125 1801 5194 νομίζεσθαι,

224 5203 321 5256 καὶ
350 5205 476 5267 τοὺς
504 5206 677 5258 πολλὰ
703 5206 979 5276 καμόντας
1008 5206 1101 5259 καὶ
1125 5205 1253 5266 τοὺς
1281 5206 1506 5271 ἐλάττω,
1548 5209 1648 5278 ὅρα
1687 5211 1805 5274 πῶς

222 5287 358 5341 αὐτὸ
408 5286 775 5356 διωρθώσατο,
818 5290 1005 5343 εἰπών·
1044 5290 1342 5354 Ἕκαστος
1379 5288 1447 5341 66
1492 5290 1600 5343 τὸν
1650 5292 1805 5346 ἴδιον

217 5370 442 5439 μισθὸν
462 5369 722 5438 λήψεται
758 5372 909 5427 κατὰ
944 5372 1052 5426 τὸν
1092 5371 1247 5426 ἴδιον
1274 5374 1486 5427 κόπον.
1526 5373 1615 5437 Ὠς
1650 5375 1715 5429 6v
1754 5379 1803 5429 εί

222 5452 378 5522 ελεγε
403 5468 418 5483 ·
445 5452 537 5523 Μὴ
563 5451 750 5519 φοϐοῦ,
785 5453 866 5505 ὅτι
894 5451 1067 5522 εἷπον,
1091 5458 1170 5509 ὅτι
1203 5455 1260 5508 έν
1287 5456 1411 5509 είσι·
1445 5457 1581 5526 πρὸς
1607 5461 1715 5530 γάρ
1742 5462 1803 5513 τὸ

219 5536 318 5589 τοῦ
348 5534 485 5590 Θεοῦ
524 5535 682 5605 ἔργον
710 5536 1202 5607 παραϐαλλόμενοι,
1232 5539 1290 5591 ἐν
1340 5541 1478 5591 εἰσιν
1499 5556 1511 5567 ·
1547 5542 1669 5594 ἐπεὶ
1706 5544 1803 5595 πό-

222 5637 331 5673 νων
370 5620 555 5673 ἐνεκεν
581 5617 681 5673 οὐκ
719 5620 875 5682 εἰσὶν,
904 5619 1040 5673 ἀλλὰ
1067 5622 1298 5684 ἕκαστος
1329 5622 1418 5675 τὸν
1449 5624 1577 5677 ἴδιον
1612 5626 1802 5694 μισθὸν

221 5701 475 5772 λήψεται.
517 5698 649 5757 Εἶτα
682 5703 775 5757 καὶ
803 5702 1038 5757 λιπαίνει
1071 5707 1231 5761 πλέον
1260 5706 1413 5773 αὐτὸ,
1446 5709 1803 5777 κατορθώσας

230 5892 421 6020 ﬂ:
434 5894 539 5959 Reg
583 5896 714 5949 Ediu
738 5911 872 5962 vero,
895 5902 1071 5963 σαφῶς.
1155 5899 1182 5940 h
1210 5901 1467 5963 Legebalur
1503 5900 1602 5955 τοῖς
1640 5901 1803 5950 διακο-

424 5975 470 6013 ις

424 5975 470 6013 ις

1297 385 1368 441 ΙΝ
1405 384 1621 443 EPIST.
1664 386 1682 441 Ι
1718 383 1808 438 AD
1847 383 2004 440 COR.
2048 384 2283 442 HOMIL.
2322 386 2456 442 VIII.

3468 391 3536 445 ΤΖ

1950 499 2087 569 ὅπερ
2119 498 2392 563 ἐϐούλετο,
2425 500 2519 553 καὶ
2550 500 2833 570 χαρίζεται
2865 501 2923 555 ἐν
2950 496 3032 563 οἷς
3067 500 3243 566 ἔξεστι
3277 502 3416 573 μετὰ
3451 521 3539 573 οι-

1948 579 2213 650 λοτιμίας.
2264 582 2412 636 Θεοῦ
2461 584 2570 650 γάρ
2608 583 2798 651 ἐσμεν
2823 585 3129 653 συνεργοί·
3178 584 3325 639 Θεοῦ
3361 586 3536 655 γεώρ-

1950 665 2083 731 τιόν
2130 664 2291 727 ἐστε,
2334 665 2483 719 Θεοῦ
2531 663 2813 734 οίκοδομή
2857 664 3017 718 ἐστε.
3059 666 3225 737 Ὁρᾷς
3283 667 3401 731 πῶς
3440 669 3535 721 καὶ⁸

1948 745 2132 809 αὐτοῖς
2163 746 2323 817 ἔργον
2357 747 2559 801 ἔδωκεν
2597 748 2658 801 ού
2693 748 2907 820 μικρὸν,
2944 749 3361 813 κατασκευάσας
3392 751 3533 821 πρό-

1945 844 2126 897 τερον,
2155 831 2234 883 ὄτι
2264 832 2324 883 τὸ
2351 832 2458 883 πᾶν
2505 831 2622 883 ἐστι
2671 830 2766 884 τοῦ
2816 829 2984 896 Θεοῦ;
3028 831 3245 903 Ἐπειδὴ
3280 832 3389 903 γὰρ
3443 833 3533 887 ἀεὶ

1947 914 2205 983 παραινεῖ
2260 913 2541 967 πείθεσθαι
2593 916 2704 979 τοῖς
2748 913 3090 985 ἡγουμένοις,
3135 916 3224 969 διὰ
3267 916 3430 971 τοῦτο
3467 919 3529 971 ού
3594 962 3597 967 ,

1948 994 2152 1066 σφόδρα
2181 994 2506 1061 ἐξευτελίζει
2528 998 2653 1059 τοὺς
2679 996 3052 1061 διδασκάλους.
3083 998 3231 1052 Θεοῦ
3248 999 3531 1070 γεώργιον

1943 1076 2103 1130 ἐστε.
2144 1078 2361 1149 Ἐπειδὴ
2389 1078 2498 1149 γὰρ
2525 1076 2699 1144 εἶπεν,
2740 1080 3099 1148 Ἐφὺτευσα,
3134 1084 3199 1152 τῇ
3230 1084 3405 1153 τροπῇ
3433 1083 3533 1135 ἐπ-

1944 1157 2179 1228 έμεινεν.
2230 1162 2292 1213 El
2321 1161 2378 1214 δὲ
2407 1160 2544 1214 Θεοῦ
2580 1161 2867 1231 γεώργιον,
2896 1163 2996 1215 οὐκ
3051 1162 3160 1216 ἀπὸ
3198 1163 3308 1216 τῶν
3356 1180 3531 1234 γεωρ-

1942 1241 2185 1311 γούντων
2214 1244 2381 1313 ὑμᾶς,
2413 1244 2529 1298 611‘
2560 1244 2669 1299 ἀπδ
2696 1245 2790 1297 τοῦ
2816 1245 2951 1297 Θεοῦ
2992 1245 3275 1298 καλεῖσθαι
3296 1245 3526 1300 δίκαιον.

1942 1324 2017 1375 Ού
2058 1325 2168 1396 γάρ
2220 1326 2389 1397 ἀγρὸς
2449 1327 2697 1398 γεωργοῦ
2752 1326 3015 1391 καλεῖται,
3059 1326 3196 1380 ἀλλὰ
3237 1327 3330 1379 τοῦ
3380 1329 3527 1381 οἰκο-

1939 1406 2219 1462 δεσπότου.
2260 1410 2408 1464 Θεοῦ
2438 1410 2721 1479 οίκοδομή
2769 1411 2927 1464 ἐστε-
2972 1410 3139 1463 Πάλιν
3184 1412 3217 1479 ἡ
3266 1410 3525 1481 οξκθδομῆ

1936 1490 2003 1542 ού
2030 1490 2125 1543 τοῦ
2158 1492 2423 1562 τεχνίτου,
2456 1492 2595 1546 ἀλλὰ
2619 1492 2712 1546 τοῦ
2737 1492 3002 1545 δεσπότου
3030 1493 3193 1546 ἐστίν.
3221 1494 3283 1545 ΕΞ
3306 1494 3364 1545 δὲ
3390 1496 3528 1547 οἱκο-

1940 1572 2079 1644 δομή
2112 1574 2255 1640 ἐστε,
2284 1576 2346 1627 οὐ
2373 1576 2479 1645 χρὴ
2504 1575 2849 1628 διεσπάσθαι·
2883 1577 3003 1628 ἐπεὶ
3030 1576 3129 1627 οὐκ
3160 1575 3227 1628 ἂν
3256 1575 3343 1642 εἴη
3364 1576 3525 1629 τοῦτο

1938 1656 2216 1725 οἰκοδομή.
2258 1657 2323 1709 Εἰ
2377 1655 2643 1726 γεώργιόν
2696 1659 2842 1722 ἐστε,
2896 1656 3222 1727 διαιρεῖσθαι
3275 1658 3336 1710 ού
3393 1658 3521 1729 χρὴ,

1937 1736 2052 1788 ἀλλ’
2076 1738 2156 1790 ἐνὶ
2192 1739 2433 1808 φραγμῷ
2460 1738 2539 1807 τῷ
2562 1742 2661 1808 τῆς
2698 1738 2952 1808 ὁμονοίας
2980 1737 3332 1809 τειχίζεσθαι.
3362 1741 3527 1795 Κατὰ

1936 1818 2050 1884 τὴν
2075 1818 2254 1887 χάριν
2276 1820 2380 1874 τοῦ
2412 1820 2563 1873 Θεοῦ
2583 1821 2713 1887 ’τὴν
2749 1820 3034 1874 δοθεῖσάν
3050 1837 3173 1889 μοι,
3214 1821 3295 1886 ὡς
3329 1821 3525 1891 σοφὸς

1934 1901 2318 1969 ἀρχιτέκτων,
2347 1902 2623 1971 θεμέλιον
2644 1902 2877 1955 τέθεικα
2907 1912 2953 1954 ο.
2981 1903 3152 1970 Σοφὸν
3178 1904 3372 1956 ἑαυτὸν
3392 1903 3527 1957 -ἐκά-

1934 1981 2092 2035 λεσεν
2121 1983 2377 2048 ἐνταῦθα,
2408 1985 2510 2038 οὐκ
2538 1984 2782 2053 ἐπαίρων
2816 1982 3029 2048 ἐαυτὸν,
3056 1984 3194 2036 ἀλλὰ
3215 1984 3387 2037 τύπον
3426 1986 3523 2039 αὑ-

1931 2068 2047 2128 τοῖς
2075 2064 2279 2131 διδοὺς,
2298 2066 2393 2120 καὶ
2418 2066 2653 2130 δεικνὺς,
2685 2068 2767 2119 δτι
2795 2065 2950 2119 τοῦτό
2978 2068 3093 2119 ἐστι
3128 2066 3313 2136 σοφοῦ,
3343 2068 3404 2120 :6
3424 2068 3523 2121 ἕνα

1933 2148 2108 2202 θεῖναι
2147 2148 2417 2219 θεμέλιον.
2469 2151 2614 2220 Ὅρα
2640 2149 2771 2219 γοῦν
2821 2148 2938 2212 πῶς
2989 2149 3289 2221 μετριάζει.
3338 2149 3521 2204 Εἰπὼν

1933 2231 2041 2302 γὰρ
2075 2232 2238 2301 σοφὸν
2285 2232 2497 2299 ἐαυτὸν,
2538 2234 2638 2286 οὐκ
2679 2232 2893 2303 ἀφῆκεν
2938 2232 3103 2295 αὐτοῦ
3154 2235 3313 2286 τοῦτο
3355 2229 3518 2300 εἶναι,

1932 2311 2047 2365 ἀλλ’
2080 2312 2203 2366 610v
2252 2315 2446 2369 ἑαυτὸν
2498 2316 2765 2386 πρότερον
2812 2314 3031 2377 ἀναθεὶς
3076 2315 3153 2385 τῷ
3205 2315 3346 2385 Θεῷ,
3397 2317 3520 2369 τότε

1933 2395 2124 2448 ἑαυτὸν
2170 2394 2346 2459 οὕτως
2398 2396 2652 2449 ἐκάλεσε·
2687 2396 2849 2450 Κατὰ
2881 2396 2991 2467 γὰρ
3026 2397 3143 2465 τὴν
3190 2397 3366 2466 χάριν
3412 2399 3519 2452 τοῦ

1933 2477 2081 2531 Θεοῦ
2113 2478 2229 2545 τὴν
2270 2477 2555 2533 δοθεῖσάν
2576 2497 2697 2549 μοι,
2728 2478 2915 2550 φησίν.
2962 2479 3127 2550 Ὁμοῦ
3157 2482 3265 2553 γὰρ
3302 2481 3517 2534 δείκνυο

1932 2576 2036 2621 σιν,
2062 2562 2143 2617 ὃτι
2172 2563 2265 2615 καὶ
2301 2563 2362 2614 :6
2397 2565 2505 2616 πᾶν
2529 2565 2643 2616 ἐστι
2682 2563 2778 2616 τοῦ
2802 2562 2959 2629 Θεοῦ,
2991 2566 3086 2618 καὶ
3117 2566 3199 2617 ὅτι
3228 2564 3386 2618 τοῦτο
3416 2559 3518 2637 μά-

1929 2642 2086 2696 λιστά
2116 2644 2233 2696 ἐστι
2255 2644 2436 2713 χάρις,
2466 2645 2526 2697 :6
2553 2645 2627 2714 μὴ
2654 2645 2969 2716 διῃρῆσθαι,
3003 2646 3119 2699 611’
3151 2647 3238 2716 ἐφ’
3277 2646 3359 2701 ἐνὶ
3402 2650 3516 2700 κεῖ-

1930 2727 2052 2781 σθαι
2077 2726 2331 2797 θεμελίῳ,
2394 2729 2609 2792 Ἄλλος
2654 2728 3065 2798 ἐποικοδομεῖ·
3127 2731 3385 2797 ἕκαστος
3446 2732 3517 2784 66

1920 2808 2218 2876 βλεπέτω,
2241 2807 2367 2876 πῶς
2391 2809 2785 2879 ἐποικοδομεῖ.
2813 2809 2928 2882 [70]
2968 2811 3231 2867 Ἐνταῦθα
3254 2829 3344 2883 μοι
3368 2813 3517 2867 δοκεῖ

1925 2892 2006 2953 είς
2034 2893 2127 2944 τὸν
2158 2893 2285 2961 περὶ
2327 2894 2428 2961 τῆς
2461 2894 2733 2956 πολιτείας
2770 2894 2961 2947 λοιπὸν
2998 2895 3195 2958 αὐτοὺς
3223 2895 3514 2966 ἐμϐάλλειν

1925 2973 2131 3040 ἀγῶνα,
2161 2973 2347 3043 ἐπειδὴ
2380 2973 2615 3041 συνῆψεν
2646 2974 2792 3039 ἅπαξ
2826 2976 2919 3028 καὶ
2960 2976 3018 3030 ἓν
3051 2978 3295 3048 ἐποίησε.
3334 2979 3513 3047 Θεμέ-

1925 3061 2066 3111 λιον
2102 3057 2212 3126 γὰρ
2244 3057 2438 3111 ἄλλον
2464 3057 2665 3122 οὐδεὶς
2707 3056 2956 3113 δύναται
2987 3061 3173 3115 θεῖναι
3216 3064 3376 3128 παρὰ
3408 3063 3515 3115 τὸν

1926 3144 2227 3209 κείμενον,
2266 3140 2334 3205 ὅς
2377 3141 2548 3193 ἐστιν
2593 3140 2835 3206 Ἰησοῦς
2864 3144 3136 3209 Χριστός.
3168 3145 3240 3196 Οὐ
3286 3144 3511 3199 δύναται

1923 3224 2001 3289 δὲ,
2034 3224 2138 3287 ἓως
2170 3223 2236 3277 ἂν
2272 3241 2305 3295 ῃ
2340 3223 2364 3261 ἀ
2408 3222 2768 3295 ἀρχιτέκτων·
2800 3226 2866 3277 ἂν
2886 3226 2944 3277 δὲ
2973 3226 3126 3299 τεθῇ,
3154 3227 3337 3282 οὐκέτι
3362 3229 3511 3283 ἐστὶν

1923 3307 2281 3376 ἁρχιτέκτων.

1993 3467 2165 3521 δ’.Ἴδε
2184 3468 2297 3529 πῶς
2311 3467 2403 3520 καὶ
2418 3466 2525 3519 ἀπὸ
2541 3467 2649 3519 τῶν
2670 3466 2861 3521 κοινῶν
2879 3468 3094 3520 ἐννοιῶν
3112 3469 3509 3534 κατασκευάζει

1921 3548 1983 3603 :6
2014 3550 2369 3621 προκείμενον
2406 3548 2571 3603 ἆπαν.
2614 3551 2679 3602 Ὃ
2703 3550 2760 3603 δὲ
2798 3551 2967 3618 λέγει,
3000 3551 3157 3605 τοῦτό
3199 3556 3330 3606 ἐστι·
3362 3555 3509 3607 Κατ-

1921 3634 2153 3702 ήγγειλα
2180 3634 2273 3687 τὸν
2314 3635 2567 3703 Χριστὸν,
2607 3634 2898 3704 παρέδωκα
2931 3635 3057 3704 ὑμῖν
3097 3636 3187 3688 τὸν
3233 3638 3505 3706 θεμέλιον,

1923 3719 2175 3768 σκοπεῖτε
2235 3716 2352 3778 πῶς
2399 3717 2824 3786 ἐ-ποικοόομεῖτε,
2857 3719 2906 3769 εἰ
2946 3717 3255 3782 κενοδόξως,
3287 3721 3333 3771 εί
3370 3720 3506 3789 πρὸς

1919 3797 2241 3868 ἀνθρώπους
2292 3798 2649 3859 ἀποσπῶντες
2691 3800 2815 3861 τοὺς
2864 3799 3133 3870 μαθητάς.
3184 3801 3275 3870 Μὴ
3324 3802 3504 3855 τοίνυν

1920 3878 2275 3947 προσέχωμεν
2305 3881 2427 3938 ταῖς
2459 3879 2720 3948 αἱρέσεσι·
2746 3881 2993 3948 θεμέλιον
3016 3883 3123 3951 γὰρ
3152 3883 3309 3936 ἄλλον
3330 3884 3505 3947 οὐδεὶς

1918 3960 2140 4013 δύναται
2177 3961 2349 4014 θεῖναι
2391 3962 2541 4032 παρὰ
2582 3964 2672 4013 τὸν
2716 3965 2987 4033 κείμενον.
3030 3964 3150 4016 Ἐπὶ
3182 3965 3368 4017 τοῦτον
3409 3963 3503 4020 οῦν

1916 4043 2310 4113 οἰκοδομῶμεν,
2367 4044 2460 4096 καὶ
2495 4044 2569 4105 ὡς
2596 4035 2856 4114 θεμελίου
2890 4046 3161 4117 ἐχώμεθα,
3193 4048 3267 4109 ὡς
3314 4049 3503 4118 κλῆμα

1916 4125 2183 4193 ἀμπέλου,
2221 4126 2315 4178 καὶ
2358 4127 2521 4195 μηδὲν
2550 4126 2690 4179 ἔστω
2719 4128 2881 4195 μέσον
2917 4129 3073 4198 ἡμῶν
3116 4132 3207 4182 καὶ
3240 4132 3495 4200 Χριστοῦ·

1916 4208 1980 4262 ἂν
2006 4210 2114 4280 γὰρ
2137 4210 2360 4279 γένηταί
2403 4230 2455 4263 τι
2506 4214 2688 4280 μέσον,
2730 4212 2933 4274 εὐθέως
2974 4213 3351 4281 ἀπολλύμεθα.
3392 4200 3500 4267 Καὶ

1917 4293 2023 4362 γάρ
2046 4292 2107 4344 :6
2131 4293 2315 4361 κλῆμα
2346 4292 2488 4345 κατὰ
2511 4292 2572 4345 :6
2595 4294 2815 4360 συνεχὲς
2841 4295 2985 4344 ἕλκει
3009 4296 3107 4361 τὴν
3130 4297 3377 4365 πιότητα,
3405 4299 3500 4351 καὶ

1915 4376 1947 4443 ή
1980 4375 2236 4445 οἰκοδομὴ
2276 4377 2414 4429 κατὰ
2434 4375 2495 4427 τὸ
2521 4376 2876 4443 κεκολλῆσθαι
2906 4376 3157 4445 ἔστηκεν·
3186 4379 3260 4440 ὡς
3286 4379 3352 4431 ἂν
3379 4382 3496 4431 δια-

1915 4460 2035 4527 στῇ,
2066 4458 2387 4522 ἀπόλλυται,
2418 4459 2519 4512 οὐκ
2556 4459 2754 4527 ἔχουσα
2782 4460 2885 4509 ποῦ
2912 4460 3111 4528 ἐρείσει
3154 4462 3370 4531 ἑαυτήν.
3405 4464 3495 4532 Μὴ

1910 4542 2089 4593 τοίνυν
2138 4541 2321 4604 ἁπλῶς
2349 4540 2602 4611 ἐχώμεθα
2631 4542 2725 4594 τοῦ
2760 4542 3015 4610 Χριστοῦ,
3050 4542 3183 4594 ἀλλὰ
3220 4543 3495 4613 κολληθῶ-

1914 4641 2013 4693 μεν
2041 4623 2208 4693 αὐτῷ·
2240 4623 2305 4677 ἂν
2352 4624 2460 4694 γάρ
2490 4624 2816 4694 διαστῶμεν,
2850 4623 3217 4693 ἀπολλύμεθα.
3269 4630 3331 4679 Οἱ
3383 4628 3495 4695 γὰρ

1903 4710 2315 4776 μακρύνοντες
2352 4707 2606 4773 ἑαυτοὺς
2635 4708 2753 4761 ἀπὸ
2799 4709 2934 4768 σοῦ,
2970 4709 3354 4776 ἀπολοῦνται,
3394 4728 3495 4780 φη-

1912 4790 1984 4842 σί.
2013 4789 2346 4858 Κολλὼμεθα
2381 4791 2559 4842 τοίνυν
2593 4791 2761 4859 αὐτῷ,
2793 4793 2886 4843 καὶ
2922 4792 3236 4859 κολλώμεθα
3272 4793 3358 4844 διὰ
3383 4793 3494 4846 τῶν

1907 4873 2104 4943 ἔργων·
2132 4873 2190 4924 Ὁ
2214 4873 2321 4944 γὰρ
2342 4874 2523 4943 τηρῶν
2550 4874 2649 4935 τὰς
2671 4874 2883 4935 ἐντολάς
2918 4893 3039 4943 μου,
3071 4875 3228 4937 αὐτὸς
3260 4877 3317 4927 ἐν
3344 4877 3488 4945 ἐμοὶ,

1908 4957 2062 5025 φησὶ,
2101 4957 2273 5025 μένει.
2329 4957 2439 5009 Καὶ
2472 4957 2578 5026 γὰρ
2618 4956 2706 5008 διὰ
2731 4956 2937 5007 πολλῶν
2978 4960 3120 5025 ἡμᾶς
3158 4957 3490 5026 ὑποδειγμά-

1904 5053 2014 5089 των
2038 5040 2166 5090 ἐνοῖ.
2203 5039 2399 5090 Σκόπει
2422 5037 2497 5089 δέ·
2521 5038 2691 5099 Αὐτὸς
2714 5040 2745 5107 ἡ
2776 5039 3003 5107 κεφαλὴ..
3033 5042 3191 5106 ἡμεῖς
3218 5039 3277 5090 :6
3308 5040 3487 5108 σῶμα·

1907 5118 1984 5189 μὴ
2018 5118 2242 5172 δύναται
2274 5121 2437 5189 μέσον
2464 5138 2513 5172 τι
2547 5117 2684 5172 εἶναι
2714 5122 2956 5189 κεφαλῆς
2989 5122 3078 5197 καὶ
3106 5121 3350 5188 σώματος
3376 5122 3492 5174 διά-

1908 5218 2089 5271 στημα
2126 5202 2318 5269 κενόν;
2344 5204 2513 5265 Αὐτὸς
2539 5202 2808 5272 θεμέλιος,
2831 5206 2989 5273 ἡμεῖς·
3016 5204 3292 5272 οἰκοδομή·
3328 5205 3489 5266 αύτὴς

1904 5285 2167 5352 ἄμπελος,
2197 5288 2361 5356 ἡμεῖς
2398 5286 2668 5355 κλήματα·
2703 5288 2865 5349 αὐτὸς
2898 5290 2924 5337 0'
2960 5287 3211 5355 νυμφίος,
3260 5291 3420 5358 ἡμεῖς
3453 5290 3486 5356 ἡ

1906 5368 2113 5437 νύμφη·
2175 5369 2335 5429 αὐτὸς
2382 5371 2410 5422 ὁ
2464 5369 2686 5440 ποιμὴν,
2730 5372 2891 5440 ἡμεῖς
2946 5371 3011 5421 τὰ
3065 5372 3331 5441 πρόϐατα·
3372 5370 3489 5433 ὁδὸς

1905 5450 2131 5515 ἐκεῖνος,
2164 5452 2321 5521 ἡμεῖς
2348 5454 2397 5505 οἱ
2425 5451 2749 5520 βαδίζοντες·
2779 5453 2901 5510 ναὸς
2938 5454 3096 5505 πάλιν
3119 5458 3298 5521 ἡμεῖς,
3326 5452 3487 5513 αὐτὸς

1903 5531 2126 5595 ἕνοικος·
2161 5534 2321 5597 αὐτὸς
2356 5537 2384 5587 6
2415 5536 2775 5604 πρωτότοκος,
2803 5537 2963 5601 ἡμεῖς
2989 5538 3035 5586 οἱ
3063 5536 3297 5601 ἀδελφοί·
3322 5534 3485 5594 αὐτὸς

1903 5617 1930 5666 ὁ
1953 5615 2307 5687 κληρονόμος,
2338 5619 2497 5687 ἡμεῖς
2524 5621 2570 5669 οί
2606 5618 3055 5687 συγκληρονὰμοι·
3090 5617 3248 5677 αὐτὸς
3282 5617 3315 5684 ἡ
3346 5616 3480 5678 ζωὴ,

1904 5698 2062 5767 ἡμεῖς
2089 5700 2136 5751 οἱ
2162 5699 2380 5762 ζῶντες·
2410 5701 2569 5762 αὐτὸς
2593 5703 2624 5769 ἡ
2650 5702 2963 5765 ἀνάστασις,
2996 5704 3151 5770 ἡμεῖς
3184 5698 3233 5750 οἱ
3264 5696 3486 5749 ἀνιστά-

1964 5900 1987 5928 ε
2017 5894 2271 5971 ῃεῃρραηιι·
2316 5899 2476 5954 ἔθηκα·
2565 5899 2589 5939 ιι
2618 5901 2825 5950 Savilius
2882 5896 3152 5959 Iwgr‘ndum
3206 5896 3481 5958 suspicatur

1905 5962 1993 6015 ἕως
2020 5961 2076 6006 ἀν
2100 5960 2175 6012 θῇ,
