4018 6208
528 311 604 371 ’13
1207 315 1264 370 S.
1303 309 1591 370 JOANNlS
1629 308 2130 369 CHRYSOSTOMI
2170 310 2490 371 ARCHIEP.
2532 314 3084 375 CONSTANTINOP.
3373 374 3380 379 _
3733 321 3799 376 74

529 451 699 504 μενοι·
737 433 899 497 αὐτὸς
931 434 991 488 τὸ
1030 435 1164 503 φῶς,
1202 438 1364 507 ἡμεῖς
1404 441 1451 492 οί
1499 439 1880 510 φωτιζόμενοι.
1925 436 2112 491 Ταῦτα

527 528 706 580 πάντα
739 527 932 581 ἕνωσιν
959 541 982 568 ιι
1019 529 1291 598 ἐμφαίνει,
1329 532 1424 584 καὶ
1445 533 1597 585 οὐδὲν
1628 533 1792 603 μέσον
1833 531 1988 585 κενὸν
2013 530 2110 596 ἀφ·

529 621 671 689 ίησιν
697 616 855 684 εῖναι,
885 621 1004 673 οὐδὲ
1034 622 1093 674 τὸ
1124 623 1470 694 μικρότατον.
1517 623 1574 676 Ὀ
1607 624 1716 695 γὰρ
1749 623 1942 695 μικρὸν
1975 622 2104 675 ἀπο·

525 712 674 777 στὰς,
713 713 804 766 καὶ
835 712 968 766 πολὺ
998 713 1202 784 προῖὼν
1225 715 1614 785 ἀποστήσεται.
1644 717 1754 769 Καὶ
1786 715 1896 784 γάρ
1923 714 1984 768 τὸ
2007 713 2111 767 σῶς-

525 820 622 873 μα,
659 804 724 857 ἂν
765 805 967 876 μικρὰν
1005 805 1114 858 ἀπὸ
1155 806 1343 875 ξίφους
1389 808 1670 861 διάστασιν
1702 806 1943 876 δέξηται,
1993 805 2111 858 δια-

521 895 841 965 φθείρεται·
909 897 1000 949 καὶ
1050 899 1082 967 ἡ
1137 899 1410 970 οἰκοδομὴ,
1468 901 1569 954 κᾶν
1621 900 1813 972 μικρὸν
1857 899 2106 970 διαχάνῃ,

521 987 868 1042 καταλύεται·
894 989 985 1042 καὶ
1007 989 1106 1058 τῆς
1133 989 1287 1060 ῥίζης
1311 991 1371 1044 τὸ
1391 992 1598 1063 κλῆμα,
1626 991 1727 1046 κᾶν
1755 991 1949 1062 μικρὸν
1977 991 2112 1044 ἀπο-

522 1083 686 1151 κοπῇ,
724 1081 947 1148 γέγονεν
982 1083 1274 1152 ἄχρηστον.
1310 1083 1472 1136 Ὥστε
1503 1084 1562 1137 τὸ
1599 1085 1795 1155 μικρὸν
1829 1083 1989 1137 τοῦτο
2010 1083 2109 1135 οὐκ

519 1174 631 1226 ἔστι
665 1173 878 1243 μικρὸν,
925 1174 1059 1226 ἀλλά
1103 1175 1196 1227 καὶ
1241 1175 1429 1245 σχεδὸν
1477 1176 1538 1229 τὸ
1584 1177 1702 1230 ὅλον
1731 1176 1898 1230 ἐστίν.
1940 1177 2108 1229 Ὅταν

518 1263 612 1318 οὖν
655 1265 848 1335 μικρόν
880 1282 931 1318 τι
971 1265 1452 1336 πλημμελήσωμεν
1478 1268 1512 1337 ἢ
1544 1268 1639 1321 καὶ
1670 1266 2107 1338 ῥαθυμήσωμεν,

519 1357 592 1426 μὴ
648 1356 962 1426 παρίδωμεν
1010 1356 1072 1408 τὸ
1131 1358 1344 1427 μικρόν·
1406 1358 1528 1410 ἐπεὶ
1565 1359 1778 1428 ταχέως
1822 1356 2109 1428 παροφθὲν

511 1446 670 1499 τοῦτο
708 1447 850 1516 μέγα
894 1445 1123 1513 γίνεται.
1167 1447 1322 1499 Οὕτω
1355 1447 1446 1500 καὶ
1489 1448 1702 1516 ίμάτιον
1736 1447 1911 1518 ἀρχὴν
1942 1445 2106 1499 λαϐὸν

513 1539 816 1610 ῥήγνυσθαι
845 1539 937 1592 καὶ
962 1538 1256 1608 ἀμεληθὲν,
1283 1539 1457 1592 διόλου
1485 1540 1548 1592 τὸ
1571 1539 1778 1610 σχίσμα
1800 1541 2104 1611 προήγαγε·

509 1632 606 1685 καὶ
664 1631 860 1701 όροφος
923 1629 1120 1697 ὀλίγων
1179 1631 1442 1701 κεράμων
1501 1631 1921 1685 καταπεσόντων
1962 1649 2101 1701 παρ-

509 1721 718 1791 οφθε¹ις,
756 1721 1048 1790 ὀλόκληρον
1100 1721 1189 1773 τὸν
1233 1719 1380 1775 οἷκον
1425 1725 1753 1795 κατήνεγκε.
1815 1724 1983 1779 Ταῦτ’
2013 1722 2104 1779 οῦν

507 1816 668 1883 ἡμεῖς
702 1811 1061 1881 λογιζόμενοι,
1103 1813 1372 1882 μηδέποτε
1420 1814 1528 1868 τῶν
1578 1817 1791 1886 μικρῶν
1821 1834 2103 1887 καταφρο-

508 1907 710 1978 νῶμεν,
752 1906 837 1959 ἵνα
883 1907 957 1976 μὴ
982 1907 1062 1969 είς
1093 1905 1160 1958 τὰ
1194 1906 1407 1974 μεγάλα
1439 1908 1792 1977 ἐμπέσωμεν·
1821 1906 1887 1960 ἂν
1921 1907 1966 1959 δ’
1996 1909 2103 1978 ἀρα

505 1992 1030 2070 καταφρονήσωμεν,
1063 1996 1156 2049 καὶ
1199 1999 1279 2060 είς
1308 1993 1368 2049 τὸ
1402 1997 1564 2066 βάθος
1593 1997 1844 2067 ἔλθωμεν
1869 1998 1975 2054 τῶν
2001 2017 2101 2053 κα-

505 2089 639 2152 κῶν,
680 2089 814 2159 μηδὲ
843 2089 1020 2140 ἐκεῖσε
1055 2087 1338 2157 γενόμενοι
1367 2089 1720 2158 ἀπογνῶμεν,
1765 2091 1853 2143 ἵνα
1898 2092 1973 2161 μὴ
1999 2093 2100 2160 ἐμ-

504 2183 759 2251 πέσωμεν
804 2183 882 2244 είς
925 2179 1295 2250 καρηϐαρίαν.
1329 2179 1445 2252 [71]
1473 2181 1741 2235 Δύσκολον
1773 2183 1880 2254 γὰρ
1915 2183 2100 2237 λοιπὸν

503 2272 750 2327 ἀνελθεῖν
777 2272 984 2325 ἐκεῖθεν
1016 2271 1108 2326 τὸν
1167 2271 1240 2342 μὴ
1277 2271 1481 2343 σφόδρα
1517 2274 1780 2343 νήφοντα,
1816 2275 1876 2327 οὐ
1913 2275 1999 2328 διά
2037 2276 2099 2330 τὸ

505 2364 681 2436 μῆκος
716 2364 901 2434 μόνον,
951 2363 1086 2417 ἀλλά
1121 2363 1214 2416 καὶ
1240 2363 1329 2416 διὰ
1359 2363 1456 2432 τὴν
1496 2364 1643 2417 θέσιν
1695 2366 1886 2438 αὐτήν.
1927 2369 2099 2434 Βάθος

501 2457 612 2527 γάρ
641 2458 756 2508 ἐστι
807 2456 900 2508 καὶ
945 2457 980 2525 ή
1006 2455 1272 2525 ἁμαρτία,
1315 2458 1412 2510 καὶ
1450 2457 1601 2510 κάτω
1634 2457 1876 2528 φέρουσα
1902 2459 2094 2514 θλίϐει.

500 2548 613 2600 Καὶ
636 2547 885 2615 καθάπερ
924 2546 972 2598 οί
1002 2548 1079 2608 είς
1108 2545 1284 2617 φρέαρ
1313 2547 1647 2617 ἐμπεσόντες
1677 2548 1778 2601 οὐκ
1807 2548 1872 2601 ἂν
1901 2550 2100 2618 ῥᾳδίως

499 2637 794 2701 ἀνέλθοιεν,
827 2637 940 2689 ἀλλ’
968 2637 1172 2707 ἐτέρων
1197 2638 1486 2709 δεήσονται
1515 2639 1625 2690 τῶν
1652 2639 1967 2707 ἀναγόντων
2001 2640 2100 2694 αύ-

497 2729 645 2793 τούς·
680 2728 821 2803 οὕτω
848 2731 940 2781 καὶ
961 2730 989 2780 0
1016 2731 1094 2790 είς
1125 2727 1286 2796 βάθος
1313 2727 1481 2780 ἐλθὼν
1518 2728 1626 2781 τῶν
1654 2729 2094 2800 ἁμαρτημάτων.

499 2821 843 2890 Χαλάσωμεν
882 2814 975 2872 οὖν
1030 2819 1238 2887 σχοινία
1291 2820 1429 2891 πρὸς
1480 2822 1609 2884 τοὺς
1660 2823 1954 2888 τοιούτους,
2004 2825 2097 2878 καὶ

497 2911 917 2984 ἀνιμησώμεθα·
961 2911 1160 2981 μᾶλλον
1190 2911 1245 2963 δὲ
1284 2912 1382 2981 οὐχ
1408 2913 1610 2983 ἐτέρων
1641 2913 1721 2967 δεῖ
1748 2914 1928 2984 μόνον,
1959 2917 2097 2972 ἀλλά

498 3008 592 3060 καὶ
639 3005 794 3076 ἡμῶν
833 3003 1033 3068 αὐτῶν,
1084 3004 1170 3057 ἵνα
1218 3005 1312 3057 καὶ
1364 3006 1591 3067 ἑαυτοὺς
1639 3006 1937 3075 ἐπιδῶμεν,
1997 3007 2090 3062 καλ⁵

497 3097 900 3168 ἁναϐησώμεθα
952 3097 1012 3146 ού
1064 3093 1339 3158 τοσοῦτον,
1391 3096 1515 3148 ὅσον
1568 3097 1903 3168 κατέϐημεν,
1956 3100 2096 3154 ἀλλά

497 3177 678 3258 πολλῷ
721 3187 905 3250 πλέον,
948 3186 1041 3237 ἐὰν
1082 3184 1424 3255 βουλώμεθα.
1461 3187 1570 3239 Καὶ
1603 3186 1712 3258 γάρ
1739 3190 1767 3241 0
1797 3189 1932 3252 Θεὸς
1968 3190 2094 3262 βοη-

501 3280 605 3333 θεῖ·
670 3280 750 3332 Οὐ
780 3277 887 3348 γάρ
914 3278 1204 3342 βούλεται
1245 3277 1353 3331 τὸν
1383 3277 1646 3334 θάνατον
1682 3280 1788 3334 τοῦ
1822 3281 2090 3350 ἀμαρτω-

495 3371 631 3433 λοῦ,
663 3371 742 3435 ὠς
780 3369 844 3422 τὸ
871 3368 1228 3437 ἐπιστρέψαι
1259 3369 1463 3422 αὐτόν.
1499 3369 1704 3440 Μηδεὶς
1732 3372 1913 3424 τοίνυν
1951 3375 2089 3426 ἀπο-

495 3460 832 3525 γινωσκέτω,
873 3459 1063 3528 μηδεὶς
1108 3459 1168 3509 τὸ
1197 3459 1304 3510 τῶν
1343 3458 1556 3511 ἀσεϐῶν
1599 3460 1856 3529 πασχέτω
1892 3463 2085 3526 πάθος·

495 3553 722 3607 ἐκείνων
764 3552 873 3621 γάρ
913 3553 1026 3603 ἐστι
1074 3550 1133 3602 τὸ
1172 3551 1411 3604 τοιοῦτον
1454 3553 1779 3623 ἁμάρτημα.
1837 3556 2089 3623 Ἀσεὸὴς

493 3645 603 3714 γὰρ
624 3684 638 3708 ,
674 3644 826 3712 φησὶ,
869 3642 1062 3695 ἐλθὼν
1097 3643 1183 3705 εἰς
1212 3640 1409 3706 ,βάθος
1447 3642 1668 3709 κακῶν,
1705 3647 2082 3713 καταφρονεῖ.

569 3737 731 3786 Ὥστε
767 3735 827 3787 οὐ
863 3734 922 3786 τὸ
965 3733 1166 3803 πλῆθος
1193 3734 1302 3785 τῶν
1345 3734 1763 3804 ἁμαρτημάτων
1813 3739 2085 3809 ποιεῖτὴν

494 3827 822 3894 ἀπόγνωσιν,
855 3825 968 3878 ἀλλ’
1005 3827 1035 3895 ή
1071 3825 1163 3877 τοῦ
1196 3824 1427 3888 ἀσεϐοῦς
1468 3825 1684 3896 γνώμη.
1739 3827 1860 3880 Κᾶν
1899 3831 2084 3885 πᾶσαν

491 3917 670 3969 τοίνυν
699 3914 934 3984 ἐπέλθῃς
967 3914 1182 3974 κακίαν,
1216 3914 1336 3966 εἰπέ
1362 3915 1497 3984 πρὸς
1531 3917 1742 3968 ἑαυτόν·
1777 3917 2084 3988 Φιλάνθρωο

492 4008 592 4070 πός
634 4008 781 4058 ἐστιν
835 4007 862 4058 0
913 4005 1063 4069 Θεὸς,
1107 4006 1200 4059 καὶ
1247 4006 1656 4076 τῆςσωτηρίας
1694 4007 1952 4078 ἐπιθυμεῖ
1983 4011 2081 4081 τῆς

493 4098 791 4168 ἡμετέρας.
837 4096 978 4148 Ἐὰν
1023 4095 1130 4163 γὰρ
1166 4091 1316 4150 ὦσιν
1352 4098 1411 4150 αἱ
1455 4097 1735 4166 ἁμαρτίαι
1784 4097 1951 4168 ὑμῶν
1999 4102 2080 4168 ὠς

493 4185 830 4254 φοινικοῦν,
864 4185 943 4249 ὡς
965 4186 1140 4253 χιόνα
1167 4184 1462 4250 λευκανῶ,
1497 4188 1650 4258 φησὶ,
1684 4189 1778 4242 καὶ
1809 4191 1943 4260 πρὸς
1981 4191 2078 4262 τὴν

494 4277 740 4328 ἐναντίαν
785 4277 898 4340 ’έξιν
948 4278 1414 4347 μεταστήσω.λΜὴ
1458 4279 1638 4332 τοίνυν
1686 4280 2078 4353 ἀπαγορεύσω-

496 4385 613 4434 μεν·
642 4369 701 4419 ού
734 4369 839 4438 γὰρ
869 4368 926 4419 τὸ
963 4371 1147 4418 πεσεῖν
1185 4368 1326 4421 οὕτω
1358 4370 1611 4438 χαλεπὸν,
1640 4373 1715 4434 ώς
1752 4372 1812 4424 τὸ
1843 4375 2077 4430 πεσόντα

493 4459 726 4510 κεῖσθαι·
759 4457 880 4510 οὕτε
920 4458 980 4510 τὸ
1030 4458 1303 4528 τρωθῆναι
1341 4460 1533 4527 δεινὸν,
1570 4464 1645 4525 ὡς
1693 4463 1752 4515 τὸ
1799 4466 2075 4536 τρωθέντα

495 4549 568 4618 μὴ
600 4549 882 4617 βούλεσθαι
913 4548 1334 4620 θεραπεύεσθαι.
1374 4551 1474 4619 Τίς
1533 4553 1645 4624 γὰρ
1698 4556 2075 4625 καυχήσεται

492 4641 686 4710 ἁγνὴν
727 4642 889 4710 ἔχειν
918 4641 1030 4708 τὴν
1069 4643 1356 4710 καρδίαν;
1395 4646 1430 4713 ἢ
1464 4646 1556 4711 τίς
1599 4648 2073 4715 παρῤησιάσεται

490 4735 749 4802 καθαρός
801 4730 951 4786 εἶναι
999 4734 1117 4786 ἀπὸ
1173 4736 1510 4803 ἁμαρτιῶγ;
1551 4739 1736 4792 Ταῦτα
1775 4740 1938 4809 λέγω,
1974 4743 2071 4812 οὑχ

491 4821 577 4874 ἴνα
606 4823 1004 4893 ῥᾳθυμοτέρως
1035 4823 1179 4893 ὑμᾶς
1213 4825 1441 4894 ποιήσω,
1470 4826 1586 4880 ἀλλ’
1620 4830 1704 4882 ἵνα
1733 4830 1961 4884 κωλύσω
1989 4834 2070 4896 είς

489 4914 798 4982 ἀπόγνωσιν
826 4916 1113 4984 ἐμπεσεῖν.

559 5012 620 5057 ε’.
637 5005 818 5058 Βούλει
839 5007 1027 5076 μαθεῖν
1050 5007 1164 5069 πῶς
1182 5008 1327 5060 ἐστιν
1344 5009 1376 5078 ή
1385 5007 1499 5078 μῶν
1515 5009 1716 5078 ἀγαθὸς
1729 5013 1756 5065 0
1769 5014 2064 5083 Δεσπότης

501 5095 754 5162 Ἀνῆλθεν
794 5100 821 5148 0
861 5097 1095 5168 τελώνης
1131 5098 1341 5168 μυρίων
1368 5099 1554 5169 γέμων
1605 5101 1812 5166 κακῶν,
1863 5103 1956 5154 καὶ
1991 5105 2067 5155 εί-

486 5184 624 5246 πὼν,
666 5187 966 5253 Ἰλάσθητί
983 5206 1104 5256 μοι,
1148 5190 1329 5258 μόνον,
1363 5191 1598 5259 κατῆλθε
1622 5191 2062 5261 δεδικαιωμένος.

485 5275 598 5328 Καὶ
626 5274 712 5328 διὰ
740 5277 829 5328 τοῦ
857 5281 1133 5350 προφήτου
1161 5280 1215 5333 δέ
1242 5298 1404 5352 φησιν
1435 5285 1463 5335 ὁ
1491 5282 1640 5343 Θεός·
1675 5284 1751 5334 Δι’
1772 5284 2066 5351 ἁμαρτίαν

479 5369 682 5436 βραχύ
714 5386 764 5420 τι
789 5369 1068 5436 ἐλύπησα
1099 5374 1304 5439 αὐτὸν,
1333 5375 1430 5428 καὶ
1463 5374 1625 5428 εἶδον
1662 5374 1749 5427 ὅτι
1781 5376 2060 5445 ἐλυπήθη

481 5457 580 5510 καὶ
627 5459 916 5526 ἐπορεύθη
962 5462 1245 5529 στυγνὸς,
1291 5463 1387 5516 καὶ
1425 5462 1689 5532 ἰασάμην
1733 5465 1839 5530 τὰς
1885 5464 2064 5530 ὀδοὺς

478 5549 688 5602 αὑτοῦ.
719 5551 781 5601 Τί
806 5550 901 5620 τῆς
935 5549 1337 5622 φιλανθρωπίας
1370 5555 1572 5625 ταύτης
1610 5556 1753 5622 ῖσον;
1788 5557 1906 5610 Ἵνα
1935 5573 2062 5609 στυ-

483 5639 655 5712 γνάσῃ
684 5640 864 5710 μόνον,
906 5643 1089 5711 φησὶν,
1117 5645 1302 5715 ἀφῆκα
1333 5647 1400 5700 τὰ
1434 5647 1831 5720 ἁμαρτήματα.
1870 5649 2061 5720 Ἡμεῖς

544 5896 567 5923 ⁸
599 5893 740 5957 383.,
761 5896 982 5955 κόλλησιν

2220 432 2277 484 δὲ
2306 434 2426 487 οὐδὲ
2459 436 2591 490 αὐτὸ
2630 436 2788 490 τοῦτο
2828 437 3092 508 ποιοῦμεν
3113 455 3126 469 ⁸
3159 437 3242 493 διὸ
3282 439 3519 509 μάλιστα
3555 439 3646 496 τὸν
3674 441 3805 499 Θεὸν

2223 525 2652 598 παροργίζομεν,
2679 529 2751 587 ,Ὀ
2777 528 2886 599 γάρ
2924 531 3017 584 καὶ
3053 529 3142 582 διά
3189 531 3403 603 μικρῶν
3443 531 3604 596 ἵλεως
3648 535 3805 603 γενό-

2223 633 2404 685 μενος,
2430 619 2559 672 ὅταν
2590 620 2665 691 μὴ
2693 621 2899 700 τούτων
2920 622 3080 694 τύχῃ,
3108 625 3333 687 εἰκότως
3361 625 3679 692 ἀγανακτεῖ,
3712 624 3806 679 καὶ

2218 707 2316 778 τὴν
2341 708 2578 779 ἐσχάτην
2609 709 2832 764 ἀπαιτεῖ
2856 712 3127 783 τιμωρίαν
3161 714 3328 783 ἡμᾶς·
3360 711 3804 783 ὑπερϐαλλούσης

2219 798 2328 868 γάρ
2361 799 2475 852 ἐστι
2513 799 2670 854 τοῦτο
2721 804 3202 873 καταφρονήσεως.
3255 804 3351 867 Τίς
3391 801 3523 871 γοῦν
3559 803 3803 876 ἐλυπήθη

2217 889 2350 944 ποτὲ
2407 891 2474 945 δι’
2509 892 2812 964 ἀμαρτίας;
2860 895 2944 959 τίς
2999 895 3288 962 ἐστέναξε;
3349 896 3430 960 τίς
3489 895 3548 948 τὸ
3612 895 3806 966 στῆθος

2218 982 2452 1054 ἐπληξε;
2483 985 2566 1048 τίς
2590 985 2994 1056 ἐμερίμνησενς
3024 986 3230 1040 Οὐδένα
3252 987 3424 1055 ἔγωγε
3455 982 3631 1057 οἶμαι·
3666 985 3804 1039 ἀλλά

2219 1076 2418 1147 μυρίας
2461 1079 2559 1147 μὲν
2588 1079 2801 1148 ἡμέρας
2829 1078 3118 1150 θρηνοῦσιν
3160 1078 3438 1150 ἄνθρωποι
3480 1078 3621 1150 ὑπὲρ
3655 1079 3802 1132 οἰκε-

2215 1167 2322 1220 τῶν
2357 1167 2756 1233 ἀποθανόντων,
2793 1171 2931 1241 ὑπὲρ
2981 1171 3184 1243 ζημίας
3234 1173 3566 1243 χρημάτων·
3601 1169 3703 1240 τὴν
3744 1169 3802 1222 δὲ

2214 1259 2392 1332 ψυχὴν
2443 1260 2774 1325 ἀπολλύντες
2823 1263 2946 1316 καθ’
2987 1265 3224 1335 ἑκάστην
3273 1263 3506 1335 ἡμέραν,
3543 1261 3666 1315 οὐδὲ
3719 1261 3799 1324 είς

2215 1352 2339 1405 νοῦν
2364 1352 2691 1422 βαλλόμεθα.
2727 1355 2851 1418 Πῶς
2880 1351 2974 1408 οῦν
3001 1356 3205 1427 δυνήσῃ
3236 1355 3324 1408 τὸν
3351 1355 3481 1433 Θεὸν
3506 1350 3799 1417 ἐηξιλεώσα-

2217 1443 2361 1511 σθαι,
2403 1445 2532 1498 ὅταν
2568 1446 2701 1517 μηδέ
2741 1448 2823 1499 ὅτι
2874 1448 3144 1517 ἥμαρτες,
3199 1446 3387 1517 εἱδῇς;
3425 1445 3555 1509 Ναὶ,
3609 1443 3794 1513 φησὶν,

2211 1539 2479 1610 ἥμαρτον.
2499 1540 2626 1604 Ναὶ,
2660 1541 2749 1609 μοὶ
2769 1540 2946 1608 λέγεις
2973 1543 3040 1609 τῇ
3065 1538 3300 1612 γλώττῃ,
3332 1539 3452 1592 είπέ
3480 1554 3570 1608 μοι
3594 1538 3661 1607 τῇ
3687 1535 3799 1588 δια-

2213 1630 2352 1702 νοίᾳ,
2384 1632 2477 1685 καὶ
2525 1633 2663 1702 μετά
2706 1633 2800 1686 τοῦ
2837 1634 3078 1703 ῥήματος
3107 1630 3383 1697 στέναξον,
3413 1629 3499 1683 ἵνα
3530 1626 3796 1699 διηνεκῶς

2213 1725 2476 1796 εὐθυμῇς.
2497 1727 2604 1779 Καὶ
2633 1725 2740 1794 γὰρ
2762 1728 2808 1778 εἰ
2833 1726 3107 1796 ήλγοῦμεν
3129 1726 3219 1778 ἐπὶ
3239 1725 3350 1788 τοῖς
3379 1722 3794 1794 ἁμαρτήμασιν,

2211 1818 2260 1868 εί
2306 1814 2667 1883 ἐστενάζομεν
2707 1815 2797 1866 ἐπὶ
2842 1817 2954 1876 τοῖς
3000 1814 3491 1884 πλημμελήμασιν,
3531 1811 3686 1863 οὐδὲν
3727 1809 3796 1864 ἂν

2209 1907 2338 1961 ἀλλο
2367 1907 2513 1977 ἡμᾶς
2540 1905 2798 1976 ἐλύπησε,
2831 1904 2932 1973 τῆς
2964 1904 3155 1974 ὀδύνης
3183 1903 3388 1972 ταύτης
3440 1904 3622 1956 πᾶσαν
3664 1902 3796 1956 ἀθυο

2212 1999 2341 2068 μίαν
2369 1997 2818 2068 παρωθουμένης.
2842 1995 2957 2068 [72]
2995 1996 3156 2048 Ὥστε
3210 1995 3304 2050 καὶ
3333 1996 3520 2066 ἕτερον
3550 1993 3614 2047 ἂν
3637 1995 3796 2065 ἐκερ-

2207 2089 2462 2160 δαίνομεν
2499 2089 2637 2158 μετὰ
2668 2089 2768 2160 τῆς
2803 2086 3260 2159 ἐξομολογήσεως,
3304 2087 3364 2140 τὸ
3418 2085 3494 2157 μὴ
3538 2085 3797 2156 βαπτίζε-

2211 2180 2334 2235 σθαι
2376 2184 2488 2244 τοῖς
2533 2182 2794 2252 λυπηροῖς
2834 2180 2928 2234 τοῦ
2962 2181 3230 2251 παρόντος
3274 2179 3412 2251 βίου,
3453 2179 3588 2250 μηδέ
3616 2179 3797 2248 φυσᾶ-

2208 2274 2332 2328 σθαι
2359 2278 2471 2339 τοῖς
2498 2275 2795 2346 λαμπροῖς·
2819 2275 2914 2329 καὶ
2938 2274 3109 2346 ταύτῃ
3133 2274 3295 2327 πάλιν
3332 2272 3594 2343 μειζόνως
3624 2271 3692 2325 ἂν
3713 2271 3797 2338 ἐξ·

2209 2367 2553 2437 ιλεωσάμεθα
2581 2368 2672 2420 τὸν
2708 2367 2863 2432 Θεὸν,
2899 2367 3089 2437 ὥσπερ
3125 2363 3237 2430 οῦν,
3273 2362 3355 2430 οἷς
3383 2365 3646 2436 ποιοῦμεν
3669 2364 3792 2428 νῦν,

2205 2461 2603 2533 παροξύνομεν.
2657 2460 2792 2513 Είπέ
2836 2459 2944 2530 γάρ
2980 2475 3093 2530 μοι,
3133 2459 3186 2512 ετ
3217 2475 3340 2510 τινα
3373 2457 3518 2527 ἔχεις
3547 2455 3791 2526 οἰκέτην,

2205 2555 2300 2607 καὶ
2328 2551 2499 2606 πολλά
2525 2551 2713 2607 παθὼν
2738 2552 2945 2614 ἐκεῖνος
2975 2550 3120 2604 κακά
3150 2550 3300 2619 παρά
3326 2548 3436 2602 τῶν
3460 2547 3789 2618 ὁμοδούλων,

2202 2645 2313 2698 τῶν
2344 2645 2440 2714 μὲν
2470 2645 2643 2698 ἀλλων
2681 2643 2906 2714 μηδενὸς
2933 2642 3089 2712 λόγον
3137 2644 3360 2706 ποιοῖτο,
3406 2639 3546 2711 ὑπὲρ
3584 2639 3641 2692 δέ
3689 2638 3788 2692 τοῦ

2206 2738 2281 2810 μή
2307 2735 2734 2807 παροργίζεσθαι
2763 2735 2853 2789 τὸν
2872 2735 3139 2806 δεσπότην
3162 2715 3438 2806 φροντίζοι
3468 2732 3651 2803 μόνον,
3678 2726 3792 2802 ἆρα

2201 2833 2298 2902 οὐχ
2343 2831 2525 2894 ίκανὸς
2571 2830 2677 2883 ἀπὸ
2704 2829 2897 2882 τούτου
2928 2829 3090 2898 μόνου
3120 2825 3280 2881 λῦσαί
3329 2843 3422 2879 σου
3452 2825 3551 2896 τὴν
3581 2826 3787 2896 ὀργήν;

2201 2922 2268 2974 Τί
2295 2921 2374 2984 δὲ,
2401 2921 2468 2973 ἂν
2497 2919 2606 2973 τῶν
2643 2920 2742 2989 μὲν
2775 2921 2854 2983 είς
2895 2918 2955 2970 σέ
2986 2917 3478 2988 πλημμελημάτων
3515 2914 3790 2986 μηδεμίαν

2202 3012 2408 3063 ποιοῖτο
2441 3009 2717 3078 φροντίδα,
2748 3009 2889 3078 ὑπὲρ
2921 3007 2978 3061 δέ
3001 3007 3110 3061 τῶν
3142 3007 3278 3078 πρὸς
3303 3007 3431 3069 τοὺς
3461 3005 3788 3076 ὁμοδούλους

2201 3101 2498 3174 φροντίζοι,
2533 3102 2652 3170 οὐχὶ
2677 3100 2900 3170 μείζονα
2923 3098 3144 3164 ἐπάξεις
3165 3099 3265 3170 τὴν
3290 3097 3596 3170 τιμωρίαν;
3626 3095 3789 3152 Οῦτω

2199 3197 2294 3249 καὶ
2318 3197 2346 3248 0
2383 3194 2516 3257 Θεὸς
2542 3195 2704 3247 ποιεῖ·
2743 3193 2872 3246 ὅταν
2903 3191 3002 3263 μέν
3027 3190 3324 3260 ἀμελῶμεν
3356 3189 3522 3244 αὑτοῦ
3560 3189 3660 3260 τῆς
3691 3191 3787 3260 ὀρ-

2197 3287 2320 3358 γῆς,
2359 3287 2721 3358 σφοδροτέραν
2759 3285 2956 3353 ἐπάγει
2986 3285 3177 3355 αὐτήν·
3217 3285 3345 3337 ὅταν
3379 3283 3435 3337 δέ
3481 3282 3785 3354 φροντίζω-

2201 3395 2320 3448 μεν,
2367 3377 2765 3448 ήμερωτέραν·
2823 3373 3022 3446 μᾶλλον
3071 3375 3129 3428 δὲ
3179 3374 3300 3428 οὐδὲ
3331 3374 3527 3442 ἐπάγει
3562 3374 3780 3438 ,λοιπόν-

2198 3467 2447 3537 βούλεται
2495 3467 2604 3537 γάρ
2646 3469 2795 3536 ήμᾶς
2834 3467 3058 3528 ἑαυτοὺς
3086 3467 3338 3518 ἀπαιτεῖν
3383 3465 3483 3535 τὴν
3512 3464 3785 3536 τιμωρίαν

2195 3560 2304 3612 τῶν
2337 3563 2556 3631 ήμαρτη
2568 3559 2765 3629 μένων,
2793 3560 2886 3611 καὶ
2910 3557 3093 3610 οὐκέτι
3119 3556 3304 3610 λοιπὸν
3336 3556 3497 3619 αὐτὸς
3536 3557 3780 3610 ἀπαιτεῖ.

2193 3651 2293 3704 Διά
2314 3651 2474 3704 τοῦτο
2501 3650 2609 3721 γάρ
2639 3651 2732 3703 καὶ
2764 3648 2981 3704 ἀπειλεῖ
2998 3648 3098 3719 τὴν
3124 3648 3416 3718 τιμωρίαν,
3454 3649 3540 3701 ἴνα
3571 3648 3652 3719 τῷ
3683 3649 3784 3716 φό-

2193 3742 2272 3813 ϐῳ
2299 3742 2396 3812 τὴν
2435 3742 2842 3813 καταφρόνησιν
2865 3740 3049 3811 ἀνέλῃ·
3081 3741 3208 3794 ὅταν
3235 3740 3290 3794 δὲ
3329 3739 3388 3805 ἐξ
3422 3739 3654 3812 ἀπειλῆς
3678 3759 3782 3810 φο-

2190 3834 2445 3906 ϐηθῶμεν
2473 3834 2663 3905 μόνης,
2703 3836 2804 3887 οὐκ
2843 3834 3068 3902 ἀφίησιν
3101 3834 3388 3902 ὑπομεῖναι
3417 3832 3518 3901 τὴν
3554 3836 3777 3903 πεῖραν.

2189 3929 2334 3998 Ὅρα
2365 3926 2495 3994 γοῦν
2533 3927 2669 3995 πρὸς
2705 3925 2796 3976 τὸν
2836 3924 3106 3994 Ἱερεμίαν
3153 3923 3204 3974 τί
3243 3938 3429 3991 φησιν·
3467 3924 3590 3991 Οὐχ
3630 3921 3780 3990 ὁρᾷς

2187 4021 2244 4073 τί
2300 4018 2470 4072 αὐτοὶ
2517 4015 2837 4078 ποιοῦσιν;
2879 4017 2942 4068 Ol
2981 4013 3231 4081 πατέρες
3274 4011 3476 4066 αὐτῶν
3530 4014 3778 4066 καίουσι

2186 4112 2326 4180 πῦρ,
2359 4109 2414 4163 οι
2437 4109 2553 4164 υἱοί
2577 4109 2756 4164 αὐτῶν
2813 4106 3154 4176 συνάγουσι
3189 4107 3368 4172 ξύλα,
3393 4111 3452 4161 αἱ
3489 4107 3779 4176 γυναῖκες

2184 4203 2384 4259 αὐτῶν
2406 4203 2679 4271 τρίϐουσι
2699 4200 2872 4268 σταῖς
2900 4201 2949 4256 δ.
2980 4201 3112 4264 Δέος
3145 4201 3218 4272 μὴ
3240 4201 3480 4271 καὶπερὶ
3506 4199 3664 4271 ήμῶν
3690 4199 3773 4254 λεο

2183 4297 2286 4367 χθῇ
2313 4313 2367 4348 τι
2395 4295 2657 4349 τοιοῦτον.
2690 4297 2812 4362 Οὺχ
2845 4292 2987 4361 ὁρᾷς
3014 4293 3073 4345 τί
3111 4292 3278 4346 αὐτοὶ
3308 4289 3597 4345 ποιοῦσιν
3613 4308 3634 4356 ;
3659 4291 3767 4344 Οὑ-

2182 4389 2292 4450 δεὶς
2331 4387 2402 4440 τὰ
2429 4385 2522 4439 τοῦ
2551 4385 2788 4457 Χριστοῦ
2817 4385 2989 4455 ζητεῖ,
3031 4382 3167 4437 ἀλλά
3194 4383 3395 4445 πάντες
3431 4381 3501 4434 τὰ
3533 4382 3766 4437 ἑαυτῶν.

2183 4480 2246 4532 Οἱ
2274 4479 2380 4531 υἱοὶ
2403 4479 2578 4532 αὐτῶν
2603 4480 2682 4542 είς
2706 4476 2990 4546 ἀσελγείας
3013 4478 3313 4547 τρέχουσιν,
3345 4477 3394 4528 οἱ
3416 4476 3652 4547 πατέρες
3677 4475 3769 4530 αὑ-

2179 4570 2288 4623 τῶν
2316 4573 2395 4634 είς
2424 4570 2734 4634 πλεονεξίαν
2763 4570 2857 4623 καὶ
2893 4569 3171 4639 ἁρπαγὴν,
3205 4570 3261 4620 αἱ
3300 4570 3558 4636 γυναῖκες
3581 4565 3770 4620 αὐτῶν

2179 4664 2274 4718 ἐπὶ
2302 4663 2402 4727 τὰς
2434 4665 2731 4732 φαντασίας
2761 4663 2862 4726 τὰς
2902 4662 3182 4732 βιωτικὰς,
3211 4660 3272 4712 ού
3307 4660 3466 4729 μόνον
3489 4662 3590 4714 οὐκ
3612 4657 3774 4728 ἐγκό-

2179 4771 2412 4809 πτουσαι
2445 4756 2571 4818 τοὺς
2601 4755 2820 4824 ἀνδρας,
2857 4753 2991 4807 ἀλλά
3021 4752 3116 4806 καὶ
3143 4750 3566 4823 παροξύνουσαι.
3595 4749 3770 4821 Στῆθι

2176 4847 2310 4917 γοῦν
2351 4848 2444 4901 ἐπὶ
2492 4847 2591 4917 τῆς
2626 4848 2855 4918 ἀγορᾶς·
2890 4844 3167 4917 ἐρώτησον
3201 4845 3330 4908 τοὺς
3362 4844 3622 4907 ἀπιόντας
3667 4845 3772 4898 καὶ

2176 4937 2518 5001 ἐπανιόντας,
2541 4938 2636 4991 καὶ
2669 4937 2860 4991 οὐδένα
2885 4935 3007 5005 δψει
3036 4933 3176 5004 ὑπὲρ
3204 4933 3580 5005 πνευματικοῦ
3613 4935 3768 5006 πρά.-

2173 5046 2383 5101 γματος
2415 5029 2731 5094 σπεύδοντα,
2764 5028 2901 5083 ἀλλά
2931 5025 3137 5089 πάντας
3161 5026 3301 5098 ὑπὲρ
3330 5025 3610 5098 σαρκικῶν
3633 5025 3770 5098 τρέ-

2173 5141 2386 5193 χοντας.
2415 5122 2592 5195 Μέχρι
2619 5123 2763 5185 τίνος
2787 5121 2890 5174 οὐκ
2910 5106 3288 5189 ἀνανήφομεν;
3323 5118 3482 5191 μέχρι
3508 5119 3653 5180 τίνος
3677 5120 3768 5183 είς

2173 5214 2340 5267 ὕπνον
2361 5211 2777 5284 καταφερόμεθα
2806 5210 2971 5282 βαθύν
2993 5227 3007 5277 ;
3041 5211 3142 5263 οὑκ
3171 5210 3435 5282 ἐλάϐομεν
3459 5210 3619 5282 κόρον
3645 5208 3764 5263 τῶν

2169 5305 2394 5371 κακῶν;
2429 5305 2606 5359 καίτοι
2641 5323 2704 5373 γε
2757 5305 2850 5357 καὶ
2907 5302 3078 5373 χωρἰς
3121 5303 3228 5356 τῶν
3281 5304 3540 5374 ῥημάτων
3593 5303 3767 5373 ἀρκεῖ

2169 5395 2263 5448 καὶ
2296 5394 2434 5464 αὐτὴ
2461 5394 2572 5447 τῶν
2597 5391 2941 5464 πραγμάτων
2968 5392 3111 5461 ὑμᾶς
3138 5393 3172 5463 ή
3206 5394 3374 5463 πεῖρα
3402 5389 3610 5454 διδάξαι
3640 5388 3761 5443 τῶν

2170 5486 2451 5554 παρόντων
2478 5485 2578 5556 τὴν
2599 5483 2872 5536 οὐδένειαν
2918 5483 3012 5535 καὶ
3035 5483 3093 5536 τὸ
3121 5482 3395 5554 μοχθηρὸν
3421 5483 3588 5536 ἅπαν.
3621 5479 3761 5533 ’Δν-

2170 5577 2377 5649 θρωποι
2412 5577 2543 5646 γοῦν
2575 5576 2672 5648 τὴν
2714 5574 2912 5639 ἔξωθεν
2949 5576 3138 5648 σοφίαν
3159 5575 3482 5640 ἀσκοῦντες,
3513 5571 3606 5625 καὶ
3640 5589 3760 5643 μη-

2167 5669 2253 5723 δὲν
2282 5668 2390 5723 τῶν
2417 5669 2718 5740 μελλόντων
2747 5685 2770 5720 ε
2787 5668 2973 5734 ίδότες,
2999 5669 3187 5741 ἐπειδὴ
3218 5666 3569 5737 κατέγνωσαν
3611 5664 3756 5719 πολ-

2226 5904 2256 5945 ιν
2283 5904 2484 5966 Regius,
2509 5905 2669 5965 στέαρ.
