4018 6208
199 372 268 428 7'5
1233 369 1299 425 IN
1336 369 1552 427 EPIST.
1592 370 1612 425 Ι
1676 370 1765 426 ΔΙ)
1803 370 1954 427 COR.
1999 372 2224 427 IIOMIL.
2272 371 2401 425 Vill.
3394 380 3462 435 τι

202 499 376 561 caput,
400 505 498 545 nos
521 497 699 544 autem
719 501 950 557 corpus:
974 501 1039 542 an
1067 494 1237 556 potest
1259 487 1632 542 intermedium
1653 501 1773 542 esse

203 584 430 653 spatium
458 583 614 636 inane
640 582 779 636 inter
804 590 961 652 caput
989 589 1045 636 et
1070 564 1298 650 corpus?
1327 579 1444 649 Ipse
1472 579 1783 634 fundamen-

205 685 312 728 tum
337 716 352 740 ,
379 689 479 730 nos
513 675 829 739 aediﬁcium;
859 675 971 743 ipse
999 675 1150 728 vinea
1175 716 1190 739 ,
1219 690 1319 729 nos
1357 674 1639 743 palmites;
1670 673 1784 742 ipse

203 781 449 836 sponsus,
481 781 579 820 nos
604 781 834 836 sponsa;
867 767 980 835 ipse
1009 774 1209 834 pastor,
1241 781 1340 820 nos
1369 780 1530 829 oves;
1560 765 1648 819 ille
1674 766 1780 830 via,

203 872 299 910 nos
327 858 416 926 qui
446 857 742 912 incedimus
769 857 819 909 in
852 871 915 910 ea
945 875 958 910 :
991 858 1088 911 hos
1127 870 1312 911 rursus
1350 855 1599 925 templum
1624 897 1639 920 ,
1670 856 1783 925 ipse

203 945 496 1011 inhabitat;
528 948 640 1016 ipse
666 947 1068 1016 primogenitus,
1095 962 1192 1001 nos
1218 946 1439 1012 fratres;
1470 948 1580 1015 ipse
1601 944 1777 1012 heres,

202 1053 300 1094 nos
327 1038 658 1102 coheredes;
692 1039 806 1106 ipse
835 1039 938 1092 vita
964 1080 979 1105 ,
1012 1053 1110 1092 nos
1136 1039 1414 1102 viventes;
1460 1038 1570 1106 ipse
1602 1050 1781 1091 resur-

202 1133 388 1198 rectio,
425 1146 524 1185 nos
564 1140 940 1202 resurgentes;
974 1132 1086 1201 ipse
1118 1132 1229 1196 lux,
1258 1145 1357 1185 nos
1399 1131 1779 1184 illuminamur.

201 1221 327 1276 Hmc
346 1221 522 1275 omnia
543 1221 973 1290 conjunctionem
997 1221 1247 1288 indicant,
1265 1229 1319 1274 et
1340 1219 1537 1274 nullum
1557 1235 1781 1275 vacuum

203 1312 580 1367 intermedium
611 1326 730 1367 esse
764 1312 944 1367 sinunt
971 1353 986 1379 ,
1018 1329 1083 1367 ne
1111 1313 1193 1365 vel
1238 1311 1514 1366 minimum
1545 1313 1778 1382 quidem.

200 1403 329 1457 Nam
360 1404 451 1473 qui
483 1417 667 1473 parum
694 1403 963 1470 abscedit,
996 1417 1309 1472 progressus
1335 1403 1492 1457 etiam
1515 1445 1528 1468 ,
1558 1404 1779 1457 multum

198 1492 472 1548 abscedet.
517 1493 726 1548 Etenim
754 1508 948 1561 corpus
976 1494 1019 1547 si
1052 1509 1266 1562 parvam
1307 1509 1401 1563 per
1426 1495 1659 1563 gladium
1692 1509 1781 1548 se-

199 1585 530 1653 parationem
560 1585 833 1649 admittat,
869 1587 1037 1653 perit;
1071 1594 1119 1640 et
1152 1585 1430 1640 aediﬁcium
1450 1627 1464 1649 ,
1495 1587 1538 1640 si
1569 1587 1650 1640 vel
1683 1602 1779 1656 pa-

198 1688 314 1726 rum
343 1673 621 1736 dehiscat,
651 1672 996 1737 dissolvitur;
1042 1683 1096 1728 et
1126 1678 1169 1728 si
1200 1675 1401 1744 palmes
1430 1690 1460 1728 a
1489 1674 1668 1729 radice
1696 1675 1779 1729 vel

199 1764 478 1818 minimum
528 1763 912 1831 abscindatur,
966 1767 1022 1820 lit
1063 1767 1283 1821 inutilis.
1333 1767 1515 1837 Itaque
1560 1782 1778 1836 parvum

199 1854 338 1910 istud
366 1870 472 1910 non
499 1864 580 1909 est
605 1870 843 1924 parvum,
876 1856 970 1911 sed
996 1858 1156 1911 etiam
1188 1858 1296 1912 fere
1325 1868 1490 1912 totum
1516 1868 1616 1913 est.
1648 1859 1778 1914 Cum

198 1962 329 2016 ergo
355 1961 574 2016 parvum
603 1946 886 2016 quodpiam
919 1957 1190 2014 peccatum
1230 1947 1558 2003 admittimus
1583 1951 1665 2003 vel
1695 1964 1780 2004 so-

196 2039 388 2094 ριπ-(188
429 2052 611 2092 sumus
636 2063 656 2104 ,-
698 2053 766 2092 ne
813 2037 941 2091 illud
989 2053 1206 2107 parvum
1254 2041 1581 2110 negligamus
1609 2059 1622 2094 :
1655 2056 1778 2096 nam

197 2130 326 2184 illud
367 2129 661 2200 neglectum
693 2129 800 2183 cito
845 2145 1093 2200 magnum
1127 2132 1372 2186 efficitur.
1407 2134 1496 2188 Sic
1530 2142 1582 2187 ct
1609 2134 1778 2188 vcsti-

195 2229 433 2276 mentum
465 2222 510 2276 si
538 2221 768 2290 dirumpi
799 2222 1016 2293 incipiat
1042 2233 1095 2278 et
1122 2225 1448 2294 negligatur,
1491 2241 1584 2293 per
1611 2235 1776 2279 totum

196 2315 482 2368 scissuram
507 2314 739 2368 admittit
762 2333 776 2368 :
803 2324 853 2369 el
883 2325 1100 2381 tectum,
1131 2320 1310 2385 paucis
1334 2316 1563 2384 delapsis
1590 2317 1778 2386 tegulis

197 2404 516 2474 neglectum,
543 2415 705 2459 totam
727 2405 945 2460 domum
972 2405 1172 2475 dejicit.
1205 2407 1327 2460 Haec
1349 2421 1475 2476 ergo
1501 2406 1777 2460 nobiscum

193 2505 528 2565 reputantes,
558 2511 720 2566 parva
752 2513 1037 2568 numquam
1067 2498 1420 2568 despiciamus
1440 2541 1454 2564 ,
1489 2515 1556 2553 ne
1584 2517 1636 2552 ιιι
1666 2514 1779 2552 ma-

191 2600 294 2655 gna
326 2586 619 2642 incidamus
648 2605 662 2641 :
692 2588 773 2641 sin
801 2596 979 2642 autem
1009 2589 1361 2659 negligamus,
1395 2597 1448 2643 et
1477 2589 1529 2642 in
1561 2589 1778 2659 profun-

191 2675 318 2728 dum
360 2677 624 2729 malorum
653 2678 995 2743 venerimus,
1039 2694 1106 2731 ne
1146 2679 1255 2732 illic
1294 2679 1507 2746 quidem
1540 2680 1776 2734 animum

189 2762 618 2833 despondeamus
641 2805 657 2830 ,
688 2775 745 2818 ut
783 2779 849 2820 ne
889 2766 940 2819 in
972 2766 1159 2836 capitis
1197 2766 1538 2835 gravedinem
1579 2768 1778 2821 incida-

193 2866 331 2907 mus.
364 2851 590 2907 Diflicilc
615 2852 756 2907 enim
782 2853 1036 2924 deinceps
1059 2855 1160 2910 erit
1188 2854 1310 2909 inde
1333 2855 1647 2923 ascendere,
1672 2857 1776 2911 nisi

191 2944 313 3013 quis
342 2943 630 2998 admodum
659 2944 873 3014 vigilet;
905 2961 1009 3000 non
1039 2945 1212 3001 solum
1242 2956 1458 3015 propter
1485 2944 1773 3016 longitudi~

192 3050 336 3098 netu,
367 3035 462 3090 sed
489 3033 650 3089 etiam
678 3045 897 3104 propter
921 3036 1093 3104 ipsum
1119 3036 1298 3090 situm.
1334 3036 1600 3091 Profunda
1632 3039 1775 3093 enim

189 3141 279 3181 res
322 3136 408 3181 est
450 3135 766 3195 peccatum,
813 3139 868 3182 et
903 3128 1154 3183 deorsum
1203 3129 1381 3184 ferens
1427 3131 1640 3198 premit.
1699 3134 1776 3186 Ac

189 3217 328 3271 sicut
355 3217 390 3270 ii
416 3217 504 3286 qui
532 3216 586 3270 in
613 3226 831 3287 puteum
859 3216 1178 3284 inciderunt,
1210 3235 1313 3272 non
1343 3219 1496 3274 facile
1521 3222 1775 3277 ascende-

191 3307 299 3386 rjpt
321 3349 336 3373 ,
370 3306 464 3361 sed
507 3307 628 3361 aliis
668 3323 801 3378 Opus
839 3308 1146 3374 habebunt,
1179 3310 1268 3379 qui
1311 3324 1370 3364 se
1398 3310 1625 3365 educant
1655 3331 1668 3366 :
1699 3313 1777 3367 sic

190 3399 354 3454 etiam
384 3400 473 3468 qui
516 3399 570 3454 in
613 3401 930 3470 profundum
957 3402 1164 3456 venerit
1191 3410 1549 3471 peccatorum.
1582 3403 1778 3457 Demit-

193 3501 366 3548 tamus
395 3508 524 3562 ergo
563 3493 717 3548 funes
754 3493 820 3547 ad
851 3493 969 3548 illos
998 3504 1051 3549 et
1081 3510 1292 3549 sursum
1327 3493 1597 3549 trahamus
1625 3513 1638 3548 :
1668 3495 1776 3550 imo

192 3600 321 3640 vero
346 3599 453 3639 non
478 3584 600 3638 aliis
629 3593 833 3638 tantum
859 3600 993 3655 opus
1020 3594 1121 3652 est,
1149 3585 1240 3640 sed
1270 3586 1420 3641 nobis
1452 3587 1609 3656 ipsis:
1645 3596 1699 3641 ut
1723 3595 1778 3641 et

193 3690 292 3730 nos
338 3676 483 3744 ipsos
530 3675 810 3744 alligemus
851 3686 906 3731 et
948 3677 1298 3733 ascendamus
1327 3720 1342 3742 ,
1374 3694 1478 3733 non
1520 3689 1775 3750 quantum

193 3763 591 3831 descendimus,
613 3766 707 3820 sed
734 3767 900 3821 multo
924 3769 1112 3837 magis,
1138 3770 1180 3822 si
1204 3770 1447 3824 velimus.
1476 3772 1614 3826 Deus
1634 3772 1777 3826 enim

193 3854 298 3910 fert
325 3871 482 3926 opem
515 3874 528 3910 :
574 3855 696 3910 Non
736 3857 836 3918 vult
870 3858 1011 3913 enim
1042 3867 1245 3913 mortem
1274 3862 1544 3926 peccatoris
1567 3901 1582 3926 ,
1611 3867 1698 3915 sed
1725 3872 1778 3915 ut

190 3950 549 4020 consertatur(
576 3948 768 4006 Eucti.
795 3950 887 4004 25.
925 3952 958 4006 5
985 3949 1027 4022 ).
1074 3951 1241 4006 Nemo
1291 3953 1450 4022 igitur
1490 3954 1774 4021 desperet,

191 4056 353 4095 nemo
393 4041 675 4109 impiorum
721 4041 909 4096 morbo
949 4042 1196 4096 laboret:
1227 4042 1434 4098 illorum
1475 4045 1669 4112 quippe
1698 4055 1779 4098 est

191 4127 468 4204 peccatum
497 4132 822 4200 hujusmodi.
856 4132 1054 4198 Impius
1083 4135 1223 4187 enim
1250 4151 1365 4186 cum
1388 4135 1438 4186 in
1466 4134 1778 4203 profundum

189 4225 442 4276 malarum
473 4222 681 4286 venerit,
710 4222 981 4273 contemnit
1002 4219 1183 4288 (Prov.
1219 4223 1305 4276 18.
1339 4224 1419 4291 5).

265 4310 561 4378 Numquam
596 4310 660 4362 de
695 4310 857 4362 salute
889 4309 1278 4378 desperandum.
1326 4341 1398 4351 —
1442 4311 1621 4380 Itaque
1666 4326 1772 4365 non

191 4409 531 4472 peccatorum
584 4397 868 4451 multitudo
909 4397 1339 4466 desperationem
1389 4400 1624 4467 inducit,
1678 4400 1772 4455 sed

191 4492 338 4562 impii
371 4503 542 4544 mens.
569 4488 786 4542 Etiamsi
813 4503 940 4558 ergo
965 4490 1254 4560 nequitiam
1281 4506 1495 4546 omnem
1521 4507 1772 4561 pervase-

190 4585 306 4648 ris,
336 4581 420 4635 dic
459 4579 597 4649 apud
648 4586 739 4632 te:
789 4579 1055 4649 Benignus
1092 4589 1177 4635 est
1226 4581 1403 4647 Deus,
1448 4591 1502 4637 et
1547 4583 1771 4638 salutem

187 4671 459 4728 desiderat
487 4678 747 4725 nostram.
777 4669 997 4724 Etiamsi
1017 4670 1160 4725 enim
1175 4671 1365 4741 fuerint
1387 4681 1589 4741 peccata
1611 4682 1773 4728 vestra

185 4765 318 4818 sicut
340 4764 601 4817 coccinum
622 4803 638 4829 ,
665 4771 721 4818 ut
749 4763 916 4818 nivem
940 4805 955 4830 ,
999 4764 1170 4835 inquit
1193 4805 1207 4830 ,
1246 4765 1489 4820 dealbabo
1518 4765 1536 4835 (
1559 4766 1685 4821 lsai.
1717 4769 1769 4822 1.

186 4859 257 4913 18
278 4858 322 4929 );
354 4857 485 4913 etin
515 4858 843 4912 contrarium
872 4856 1111 4913 habitum
1139 4857 1476 4913 transferam.
1524 4857 1603 4913 Ne
1644 4872 1772 4928 ergo

182 4949 423 5003 animum
467 4947 898 5017 despondeamus
944 4964 958 5000 :
1006 4962 1114 5001 non
1155 4949 1298 5002 enim
1352 4949 1424 5003 ita
1469 4963 1634 5018 grave
1688 4958 1771 5003 est

182 5038 446 5094 cecidisse
466 5078 482 5102 ,
514 5046 573 5091 ut
602 5038 810 5108 lapsum
838 5037 1055 5107 jacere;
1094 5036 1172 5090 sic
1201 5051 1375 5105 neque
1405 5039 1472 5090 ita
1500 5052 1659 5107 grave
1688 5045 1772 5090 est

181 5144 306 5184 esse
332 5126 669 5181 vulneratum
693 5169 706 5194 ,
743 5138 801 5181 ut
825 5143 856 5180 a
884 5125 1193 5181 vulneribus
1219 5126 1363 5180 nolle
1400 5125 1595 5180 curari.
1641 5125 1768 5188 Quis

179 5225 326 5280 enim
354 5222 654 5294 gloriabitur
680 5231 874 5276 castum
903 5238 956 5277 sc
978 5222 1160 5275 habere
1183 5220 1307 5273 cor?
1351 5229 1439 5272 aut
1467 5219 1578 5288 quis
1604 5219 1768 5272 dicere

179 5335 339 5373 ausus
362 5315 511 5388 fuerit
535 5329 590 5367 se
618 5313 863 5366 mundum
890 5330 996 5368 esse
1020 5331 1052 5367 a
1080 5313 1297 5384 peccatis
1319 5310 1336 5381 (
1356 5310 1512 5365 Prov.
1537 5311 1625 5366 20.
1659 5311 1694 5366 9
1719 5311 1766 5378 )?

180 5410 312 5466 llznc
335 5408 457 5464 dico
493 5419 603 5460 non
648 5410 709 5458 ut
751 5417 847 5457 vos
882 5405 1220 5460 socordiores
1265 5401 1476 5458 reddam
1510 5440 1525 5465 ,
1574 5401 1668 5456 sed
1709 5410 1767 5455 ut

178 5501 474 5571 impediam
501 5497 788 5570 quominus
812 5495 866 5550 in
896 5496 1323 5564 desperationem
1354 5492 1622 5549 incidatis.

253 5597 309 5650 5.
353 5593 446 5649 Vis
475 5593 683 5648 discere
709 5603 867 5661 quam
907 5587 1081 5642 bonus
1123 5590 1194 5643 sit
1238 5585 1495 5642 Dominus
1538 5585 1762 5638 noster?

179 5685 440 5743 Ascendit
469 5685 814 5756 publicanus,
855 5681 1001 5736 mille
1039 5681 1194 5736 malis
1235 5690 1458 5736 onustus
1483 5719 1498 5744 ,
1539 5687 1593 5732 ct
1638 5693 1761 5732 cum

186 5780 414 5838 dixisset
457 5787 684 5849 tantum,
711 5777 975 5850 Propitius
1015 5782 1120 5832 esto
1152 5775 1274 5829 mihi
1304 5774 1323 5846 (
1347 5773 1473 5830 Luc.
1507 5771 1592 5828 18.
1628 5769 1759 5843 l3),

1889 485 2167 540 descendit
2196 484 2535 552 justiﬁcatus.
2579 483 2677 539 Per
2724 487 3036 555 prephetam
3084 503 3292 559 quoque
3337 491 3474 546 dicit:

1888 576 2070 630 Deus:
2112 573 2331 644 Propter
2362 584 2616 644 peccatum
2656 592 2836 643 parum
2879 578 3024 631 illum
3061 582 3387 646 contristari,
3418 592 3468 636 et

1887 666 1988 718 vidi
2013 667 2148 736 quod
2166 666 2338 718 dolore
2367 676 2493 719 esset
2522 665 2730 732 a/fectus
2773 678 2816 720 et
2852 669 2941 720 iret
2972 670 3131 723 tristis
3149 712 3165 736 ,
3201 681 3262 724 ρι’
3291 677 3467 727 sanavi

1886 757 1992 810 vias
2034 756 2143 822 ejus
2182 755 2355 825 (Isai.
2385 758 2473 810 57.
2507 758 2592 811 17.
2626 758 2753 829 18).
2797 759 2932 824 Quid
2984 759 3104 814 huic
3150 761 3474 818 humanitati

1889 864 1983 917 par
2011 850 2135 903 est?
2160 847 2227 902 Ut
2249 849 2421 902 solum
2466 858 2612 904 esset
2648 850 2816 904 tristis
2838 891 2851 913 ,
2887 851 3095 921 inquit,
3130 855 3311 908 remisi
3340 871 3468 924 pec-

1885 948 2022 994 cata.
2053 938 2161 992 Nos
2191 951 2370 995 autem
2402 955 2469 993 ne
2501 940 2600 995 hoc
2626 942 2837 1009 quidem
2868 942 3090 997 facimus
3124 962 3136 997 :
3182 944 3302 1000 ideo
3351 962 3466 999 ma-

1887 1031 2025 1085 xime
2055 1031 2219 1085 Deum
2245 1031 2310 1084 ad
2341 1030 2474 1084 iram
2510 1047 2880 1100 provocamus.
2901 1032 3000 1100 Qui
3022 1034 3162 1089 enim
3191 1052 3283 1105 per
3307 1053 3465 1107 parva

1885 1132 2029 1192 gesta
2063 1121 2321 1192 propitius
2347 1121 2515 1176 factus
2539 1132 2622 1178 cst
2646 1164 2661 1189 ,
2691 1124 2902 1194 quando
2922 1140 2983 1179 ea
3008 1141 3113 1180 non
3142 1126 3299 1182 fuerit
3325 1145 3475 1182 asse—

1885 1224 2116 1285 quutus,
2169 1216 2287 1286 jure
2342 1216 2677 1286 indignatur,
2729 1227 2783 1273 et
2837 1227 3132 1274 extremum
3188 1223 3254 1276 de
3309 1225 3465 1279 nobis

1885 1307 2046 1360 sumit
2071 1307 2386 1377 supplicium
2416 1324 2428 1359 :
2461 1318 2543 1361 est
2570 1309 2713 1362 enim
2745 1308 2842 1362 hoc
2875 1308 3071 1362 summi
3104 1320 3464 1382 contemptus.

1885 1398 2017 1464 Quis
2064 1398 2204 1452 enim
2256 1414 2503 1468 umquam
2555 1415 2785 1454 interere
2831 1401 3048 1455 affectus
3103 1401 3200 1456 fuit
3253 1414 3468 1472 propter

1886 1491 2214 1558 peccatum?"
2253 1491 2370 1561 quis
2424 1491 2720 1560 ingemuit?
2769 1494 2886 1562 quis
2936 1502 3120 1562 peetus
3171 1495 3476 1561 percossitl

1886 1581 2004 1648 quis
2033 1581 2293 1635 sollicitus
2318 1582 2455 1636 fuit?
2481 1583 2590 1652 Ego
2617 1593 2742 1653 puto
2768 1585 3054 1638 neminem.
3081 1585 3183 1640 Sed
3213 1587 3461 1641 innume-

1887 1672 1959 1725 ris
1988 1671 2174 1726 diebus
2204 1674 2381 1741 lugent
2416 1674 2658 1728 homines
2689 1691 2786 1744 pro
2819 1677 3026 1730 famulis
3057 1679 3280 1733 mortuis
3302 1721 3319 1744 ,
3365 1695 3461 1748 pro

1884 1762 2122 1831 pecunire
2148 1763 2353 1832 jactura
2382 1781 2394 1815 :
2425 1778 2546 1816 cum
2575 1757 2751 1818 autem
2791 1768 3021 1819 animam
3059 1768 3292 1836 quotidie
3334 1784 3458 1838 pcr-

1883 1854 2071 1907 damus
2091 1895 2106 1919 ,
2140 1854 2188 1908 id
2213 1869 2280 1907 ne
2304 1855 2598 1922 cogitamus
2622 1855 2854 1925 quidem.
2902 1845 3177 1922 Quomodo
3204 1874 3332 1929 ergo
3360 1876 3459 1929 po-

1887 1945 2012 1998 teris
2040 1946 2201 1998 Deum
2232 1945 2324 2000 tibi
2353 1947 2638 2016 propitium
2671 1945 2926 2013 reddere,
2972 1963 3089 2001 cum
3135 1965 3200 2003 ne
3244 1950 3455 2018 quidem

1883 2036 2017 2089 scias
2049 2045 2096 2089 te
2120 2037 2468 2105 peccavisse?
2501 2037 2671 2091 Etiam
2698 2079 2714 2103 ,
2745 2038 2953 2107 inquies
2979 2080 2994 2104 ,
3025 2041 3256 2107 peccavi.
3285 2041 3456 2095 Etiam

1884 2126 2059 2196 lingua
2090 2126 2304 2195 quidem
2333 2127 2536 2196 profers
2565 2145 2580 2183 :
2614 2127 2701 2182 die
2730 2129 2857 2182 mihi
2890 2138 2943 2183 et
2988 2139 3163 2184 mente
3186 2171 3201 2197 ,
3244 2140 3298 2186 et
3337 2148 3457 2187 cum

1882 2217 2080 2271 dixeris
2104 2258 2118 2280 ,
2147 2218 2470 2286 ingemisce,
2505 2229 2561 2272 ut
2591 2219 2665 2274 sis
2692 2234 2902 2298 semper
2934 2222 3072 2274 bono
3100 2224 3298 2275 animo.
3334 2225 3458 2276 Ete-

1884 2309 1989 2360 nim
2037 2309 2080 2361 si
2124 2310 2426 2363 doleremus
2472 2320 2688 2379 pr0pler
2727 2293 2943 2380 peccata
2970 2353 2985 2378 ,
3025 2314 3068 2366 si
3122 2329 3215 2383 pro
3258 2315 3467 2371 delictis

1883 2398 2356 2466 ingemisceremus
2383 2439 2397 2464 ,
2453 2400 2588 2454 nihil
2633 2402 2774 2455 aliud
2818 2417 2916 2457 nos
2959 2403 3146 2459 dolore
3193 2405 3464 2472 afficeret,

1884 2491 1984 2545 hoc
2023 2491 2209 2547 dolore
2254 2508 2466 2547 omnem
2520 2495 2683 2548 animi
2735 2495 3101 2564 a‘gritudinem
3142 2499 3467 2566 expellente.

1882 2585 2240 2652 Quamobrem
2282 2585 2426 2662 mind
2471 2600 2684 2654 quoque
2724 2587 3055 2641 lucrarcmur
3105 2603 3226 2642 cum
3254 2590 3468 2644 confes-

1882 2680 2071 2745 sione,
2124 2663 2319 2748 nempe
2361 2677 2502 2747 quod
2544 2692 2648 2730 non
2699 2677 3142 2747 immergeremur
3199 2682 3250 2734 iu
3305 2673 3467 2751 hujus

1882 2770 2001 2821 vita:
2030 2768 2361 2822 calamitates
2385 2807 2400 2833 ,
2434 2782 2607 2837 neque
2639 2767 2690 2820 in
2721 2767 2876 2822 rebus
2907 2767 3180 2837 prosperis
3227 2782 3290 2823 ac
3331 2786 3469 2839 prte-

1881 2859 2041 2913 claris
2089 2858 2398 2912 inﬂaremur
2444 2877 2455 2910 :
2505 2869 2558 2912 et
2617 2860 2716 2913 hac
2773 2860 2982 2914 ratione
3035 2875 3246 2915 rursum
3299 2864 3469 2932 magis

1883 2953 2048 3006 Deum
2076 2952 2442 3022 plaearemus;
2479 2959 2536 3003 ut
2581 2949 2688 3019 jam
2736 2967 2829 3019 per
2855 2962 3003 3020 gesta
3033 2965 3210 3007 nostra
3240 2955 3462 3009 ad-iram

1882 3059 2253 3113 provocamus.
2285 3043 2376 3098 Dic
2402 3044 2541 3098 enim
2574 3043 2704 3096 mihi
2732 3085 2746 3109 ,
2776 3044 2818 3096 si
2851 3059 3008 3112 quem
3056 3045 3254 3100 habeas
3292 3046 3467 3101 famu-

1883 3136 1990 3190 lum
2015 3176 2031 3202 ,
2061 3137 2148 3205 qui
2180 3136 2344 3190 multa
2372 3150 2558 3205 passus
2586 3151 2616 3190 a
2646 3139 2919 3191 conservis
2946 3179 2959 3202 ,
2983 3137 3050 3192 de
3095 3139 3211 3193 aliis
3249 3141 3461 3208 quidem

1881 3229 2081 3281 nullam
2110 3226 2301 3280 habeat
2331 3226 2594 3280 rationem
2623 3266 2636 3288 ,
2673 3227 2766 3280 sed
2800 3243 2956 3280 unam
2995 3243 3106 3281 rem
3137 3241 3285 3283 curet
3312 3242 3365 3284 ut
3396 3249 3462 3285 ne

1881 3317 2068 3373 herum
2098 3333 2249 3372 suum
2278 3316 2342 3370 ad
2369 3317 2498 3372 iram
2523 3319 2752 3373 concitet
2781 3336 2792 3370 :
2817 3333 2995 3372 annon
3025 3319 3338 3375 binc~solum
3368 3340 3464 3392 po-

1883 3413 2005 3464 terit
2035 3412 2168 3463 iram
2201 3418 2340 3464 tuam
2373 3410 2605 3464 sedare?
2636 3409 2771 3477 Quid
2803 3422 2978 3465 autem
3008 3454 3022 3479 ,
3057 3412 3098 3466 si
3132 3427 3316 3467 eorum
3345 3432 3464 3484 qua:

1882 3503 1935 3556 in
1970 3511 2020 3557 te
2049 3502 2274 3571 deliquit
2303 3501 2500 3556 nullam
2527 3517 2708 3556 curam
2742 3502 2932 3556 habeat
2957 3545 2971 3569 ,
3018 3513 3168 3558 curet
3196 3513 3372 3559 autem
3402 3522 3465 3562 ca

1881 3609 2001 3662 quae
2029 3594 2080 3647 in
2111 3607 2403 3648 conservos
2431 3592 2686 3662 deliquit,
2712 3607 2886 3646 nonne
2913 3592 3310 3661 majus-iuferes
3336 3611 3461 3664 sup-

1882 3685 2141 3754 plicium?
2170 3683 2242 3737 Ita
2271 3685 2430 3739 etiam
2461 3684 2586 3738 facit
2618 3684 2753 3738 Deus
2784 3700 2797 3736 :
2841 3698 2960 3737 cum
3013 3684 3126 3753 ejus
3177 3686 3308 3738 iram
3357 3702 3464 3740 non

1881 3790 2128 3829 curamus
2153 3816 2167 3839 ,
2198 3775 2341 3828 illam
2385 3774 2543 3829 infert
2590 3774 3084 3839 vehementiorem;
3127 3791 3245 3828 cum
3286 3785 3462 3830 autem

1880 3879 1998 3919 eam
2027 3879 2307 3930 curamus,
2340 3864 2646 3918 mitiorem:
2692 3864 2798 3917 imo
2841 3877 2908 3916 ne
2949 3863 3200 3933 deinceps
3247 3865 3462 3933 quidem

1883 3949 2025 4007 illam
2053 3953 2213 4008 infert
2243 3971 2256 4008 :
2287 3953 2395 4006 vult
2419 3954 2560 4007 enim
2586 3993 2601 4017 ,
2634 3962 2690 4005 ut
2714 3967 2818 4025 nos
2848 3953 2946 4021 ipsi
2976 3964 3311 4021 peccatorum
3341 3969 3461 4023 poe-

1881 4058 1976 4097 nas
2003 4059 2032 4095 a
2062 4045 2214 4097 nobis
2241 4045 2554 4113 exigamus;
2595 4044 2680 4099 ille
2726 4059 2854 4098 vero
2903 4060 3007 4097 non
3056 4045 3189 4097 ultra
3233 4061 3262 4099 a
3309 4047 3462 4100 nobis

1879 4135 2060 4202 exigit.
2091 4135 2213 4188 Ideo
2243 4123 2469 4203 namque
2494 4136 2848 4188 comminatur
2873 4135 3192 4207 supplicium
3217 4178 3232 4202 ,
3269 4147 3323 4191 ut
3349 4154 3456 4192 me-

1881 4231 1934 4275 tu
1963 4231 2323 4292 contemptum
2352 4224 2576 4278 auferat.
2609 4224 2741 4275 Cum
2768 4232 2943 4276 autem
2971 4239 3036 4277 ex
3075 4225 3186 4278 sola
3232 4228 3459 4280 commi-

1878 4317 2095 4370 natione
2138 4315 2511 4382 detcrremur,
2574 4330 2680 4369 non
2721 4315 2845 4369 sinit
2895 4323 2950 4368 ut
2998 4316 3111 4384 ejus
3159 4317 3454 4386 periculum

1877 4405 2151 4460 faciamus.
2201 4405 2332 4461 Vide
2375 4421 2602 4478 namque
2636 4405 2770 4476 quid
2808 4404 3055 4460 Jercmiue
3100 4405 3289 4461 dicat:
3332 4407 3452 4461 Non

1876 4499 2012 4552 rides
2031 4498 2153 4569 quid
2182 4499 2259 4551 illi
2283 4498 2522 4566 faciunt?
2551 4496 2731 4549 Patres
2757 4512 2930 4550 eorum
2951 4498 3116 4564 ignem
3138 4500 3412 4550 accendunt
3437 4513 3457 4552 :

1877 4591 1973 4659 lilii
2002 4605 2175 4643 eorum
2205 4589 2446 4656 colligunt
2469 4588 2606 4655 ligna
2636 4600 2653 4636 :
2691 4585 2921 4636 mulieres
2948 4599 3120 4636 eorum
3144 4595 3309 4638 terunt
3335 4587 3456 4639 adi-

1879 4701 1989 4753 pem
2020 4683 2038 4751 (
2065 4683 2174 4734 Jer.
2205 4684 2260 4734 7.
2293 4680 2378 4732 17.
2405 4677 2533 4744 18).
2568 4674 2882 4729 Timendum
2923 4685 3006 4730 est
3028 4716 3043 4740 ,
3095 4692 3160 4731 ne
3196 4677 3263 4732 de
3302 4678 3482 4734 nobis.

1876 4771 2143 4842 quidpiam
2175 4767 2346 4822 simile
2373 4765 2616 4820 dicatur:
2648 4765 2761 4819 Non
2788 4765 2935 4820 vides
2966 4766 3088 4836 quid
3113 4767 3187 4820 illi
3217 4766 3457 4824 faciunt?

1874 4862 2041 4916 Nemo
2070 4874 2189 4928 qua:
2215 4856 2410 4911 Christi
2438 4868 2561 4911 sunt
2585 4857 2776 4927 quzerit
2799 4898 2813 4921 ,
2842 4857 2934 4911 sed
2965 4871 3151 4911 omnes
3192 4873 3310 4927 qua:
3354 4875 3451 4914 sua

1873 4959 1996 5005 sunt
2026 4951 2045 5020 (
2075 4949 2306 5020 Philipp.
2333 4949 2388 5002 2.
2415 4949 2479 5003 ‘21
2507 4949 2547 5018 ).
2585 4948 2704 5002 Filii
2729 4961 2913 5001 eorum
2941 4947 3005 5000 ad
3039 4946 3307 5001 libidinem
3331 4962 3456 5002 cub-

1873 5049 1997 5094 runt
2029 5057 2042 5092 :
2077 5048 2256 5110 patres
2281 5055 2465 5094 eorum
2489 5038 2552 5091 ad
2575 5036 2851 5091 avaritiam
2874 5043 2926 5088 et
2947 5035 3186 5102 rapinam
3218 5052 3231 5086 :
3258 5051 3453 5092 uxores

1871 5149 2056 5188 eorum
2084 5134 2150 5189 ad
2182 5134 2492 5188 smcularem
2539 5131 2772 5186 fastum:
2821 5144 2937 5198 qua:
2986 5128 3129 5182 viros
3173 5143 3300 5183 suos
3345 5146 3451 5184 non

1873 5227 2032 5281 modo
2064 5242 2169 5280 non
2201 5225 2426 5289 sedant,
2459 5223 2552 5277 sed
2580 5222 2740 5276 etiam
2789 5228 3101 5288 provocant.
3149 5220 3240 5276 Sta
3292 5222 3454 5291 igitur

1873 5318 1923 5371 in
1952 5319 2066 5372 foro
2090 5359 2104 5383 ,
2137 5317 2400 5385 interroga
2429 5322 2617 5368 euntes
2643 5319 2696 5366 et
2732 5310 3021 5366 redeuntes
3043 5353 3058 5377 ,
3091 5320 3144 5366 et
3176 5312 3446 5366 neminem

1870 5408 2073 5463 videbis
2101 5422 2195 5476 pro
2220 5421 2277 5460 re
2303 5403 2568 5473 spirituali
2601 5402 2936 5456 festinantem
2964 5441 2979 5466 ,
3008 5401 3101 5456 sed
3134 5417 3319 5460 omnes
3349 5418 3454 5472 pro

1869 5497 2169 5553 carnalibus
2210 5503 2505 5550 currentes.
2546 5494 2836 5562 Quousque
2879 5508 2984 5545 nou
3033 5491 3440 5564 resipiscimus?

1867 5602 2143 5658 quousque
2176 5587 2226 5639 in
2268 5583 2588 5655 profundum
2637 5597 2882 5637 somnum
2923 5580 3451 5652 dejieimur‘lannou

1869 5679 2130 5733 malorum
2155 5691 2252 5731 nos
2276 5676 2418 5744 cepit
2442 5673 2697 5730 satietas?
2721 5671 2880 5745 Atqui
2909 5673 3067 5727 etiam
3095 5672 3295 5742 absque
3320 5687 3448 5728 vcr-

1870 5773 1950 5828 bis
1981 5772 2090 5842 ipsa
2118 5784 2297 5826 rerum
2324 5768 2650 5839 experientia
2673 5768 2801 5824 satis
2825 5776 2908 5822 est
2934 5766 3000 5822 ad
3024 5765 3294 5822 docendos
3322 5779 3449 5834 nos,
