4028 6208
517 362 589 417 15
1158 340 1225 396 S.‘
1252 331 1527 393 JOANNIS
1563 320 2040 385 CllRYSOSTOMI
2079 316 2396 374 ARCIIIEP.
2437 311 2971 372 CONSTANTINOP.
3715 303 3785 359 76

521 576 620 617 nes
657 566 806 612 certe
829 552 919 623 qui
946 522 1229 605 externam
1274 522 1591 609 sapientiam
1640 527 2000 590 exercebant,
2050 533 2105 577 et

522 651 657 707 nihil
683 618 977 703 futurorum
1008 641 1308 698 noverant,
1335 643 1460 685 cum
1488 618 1963 694 deprchendissent
1986 627 2103 668 ma-

522 759 681 817 gnam
738 734 1080 810 prmntium
1132 740 1314 783 rerum
1369 720 1660 781 vilitatem,
1729 711 1849 766 ideo
1901 718 2104 813 tantum

525 801 926 892 abscesserunt.
979 824 1151 891 Quam
1195 831 1323 887 ergo
1366 822 1424 869 tu
1468 805 1811 877 consequeris
1852 801 2105 866 veniam,

527 928 615 998 qui
641 923 790 980 humi
818 916 962 987 repis
985 956 1003 982 ,
1033 925 1134 967 nec
1166 904 1399 976 despicis
1428 915 1591 972 parva
1622 899 1737 951 bare
1766 909 1889 965 qua:
1932 902 2107 946 trans-

527 990 658 1075 eunt
683 1056 699 1080 ,
749 1024 850 1067 nec
894 1004 1099 1063 deseris
1142 1014 1240 1071 pro
1286 999 1352 1053 iis
1398 1008 1518 1064 quae
1559 1001 1747 1059 magna
1786 992 1909 1040 sunt
1948 990 2109 1051 atque

527 1077 730 1161 mterna
755 1143 770 1167 ,
797 1099 887 1170 qui
916 1097 1086 1166 ipsum
1117 1093 1280 1147 Deum
1320 1085 1474 1141 audis
1519 1082 1622 1136 hoc
1665 1077 1756 1133 tibi
1802 1080 2118 1170 mopstran-b

531 1210 677 1263 tem,
714 1160 771 1249 et
816 1160 889 1247 ab
932 1160 1046 1259 ipso
1095 1184 1227 1239 tales
1271 1176 1439 1233 habes
1490 1160 2109 1263 promissiones?.Quod

530 1252 677 1343 enini
700 1284 815 1339 haec
846 1252 1109 1337 non—satis
1142 1272 1246 1328 sint
1290 1268 1357 1324 ad
1402 1260 1746 1321 detinendum
1794 1252 2065 1310 hominem
2090 1289 2107 1314 ,

531 1376 881 1432 ostenderunt
910 1370 944 1424 ii
971 1367 1061 1438 qui
1096 1365 1299 1432 absque
1340 1356 1605 1426 majorum
1652 1362 1837 1405 rerum
1883 1340 2110 1414 promis-

531 1472 683 1526 sione
710 1466 778 1522 ab
800 1466 879 1520 eis
908 1459 1300 1515 absunuerunt.
1323 1450 1467 1517 Quas
1493 1444 1634 1500 enim
1655 1438 1867 1495 divitias
1893 1442 2115 1526 exspcc:

784 1518 850 1611 ad
876 1557 1243 1625 paupertatem
1260 1536 1573 1598 tvcrterunt?
1596 1531 1820 1595 Nullas;
1855 1523 1949 1581 sed
1970 1518 2113 1592 quod

2216 428 2352 483 bene
2383 425 2584 481 scirent
2612 424 2769 479 talem
2801 427 3165 492 paupertatem
3194 430 3313 473 esse
3349 416 3552 471 divitiis
3597 414 3785 470 melio-

2211 531 2347 572 rcm.
2376 516 2544 584 Quam
2572 522 2852 583 sperantes
2873 511 3033 564 vitam
3074 507 3293 563 delicias
3335 506 3666 577 reliquerunt
3688 546 3704 572 ,
3734 512 3791 559 et

2214 620 2418 676 aspera:
2437 606 2561 658 vita:
2586 619 2644 659 ss
2668 598 3029 658 dediderunt?
3050 597 3266 662 Nullas;
3296 596 3391 652 sed
3419 598 3585 666 ipsam
3610 609 3792 651 rerum

2216 707 2459 751 naturam
2497 695 2670 750 edocti
2696 735 2712 762 ,
2736 704 2790 750 et
2828 692 3067 750 scientes
3100 688 3208 745 hoc
3251 688 3427 759 aptius
3473 703 3591 744 esse
3635 698 3685 743 et
3726 687 3796 742 ad

2214 789 2406 842 animm
2446 786 2835 858 philosOphiam
2860 828 2877 853 ,
2924 782 3087 868 et.ad
3130 782 3370 853 corporis
3414 781 3794 837 valetudinem.

2216 880 2342 935 Ilaec
2381 881 2540 950 igitur
2586 894 2687 933 nos
2725 879 2906 933 animo
2946 883 3255 946 reputantes
3280 914 3297 941 ,
3342 882 3398 928 et
3436 871 3612 927 futura
3660 873 3797 926 bona

2217 970 2437 1026 assidue
2479 971 2533 1025 in
2578 968 2734 1024 nobis
2785 978 3100 1034 versantes,
3154 984 3185 1021 a
3237 966 3396 1021 rebus
3448 964 3801 1034 praesentibus

2218 1062 2570 1118 abscedamus
2593 1102 2608 1128 ,
2639 1069 2697 1115 ut
2723 1060 2813 1115 illa
2842 1059 3015 1115 futura
3052 1071 3444 1127 consequamur
3469 1096 3484 1123 ,
3536 1056 3705 1126 gratia
3749 1063 3806 1109 et

2220 1154 2548 1226 benignitate
2578 1153 2793 1208 Domini
2824 1152 2992 1207 nostri
3018 1151 3145 1207 lesu
3170 1148 3369 1205 Christi
3394 1188 3409 1213 ,
3452 1148 3666 1218 quicum
3706 1146 3807 1201 Pa-

2223 1247 2289 1301 tri
2320 1261 2528 1316 unaque
2557 1244 2779 1313 Spiritui
2817 1251 3038 1308 sancto,
3083 1240 3251 1311 gloria
3278 1280 3294 1304 ,
3336 1239 3615 1309 imperium
3640 1277 3657 1301 ,
3706 1237 3806 1289 bo-

2222 1350 2363 1400 nor,
2409 1350 2551 1389 nunc
2604 1344 2660 1390 ct
2706 1347 2961 1404 semper,
3013 1340 3067 1387 et
3118 1330 3172 1385 in
3221 1329 3414 1384 stccula
3463 1328 3805 1383 saeculorum.

2226 1427 2419 1481 Amen.

541 1630 3804 1693 __________________._.______———————_—————————-—-

1945 1716 2292 1819 HOMILJA
2333 1716 2451 1778 IX.

541 1886 664 1944 ευ».
695 1888 751 1942 5.
782 1900 835 1935 v.
864 1880 952 1936 12.
989 1877 1047 1934 Si
1074 1875 1188 1945 quis
1224 1864 1594 1939 supercrdiﬁcat
1637 1870 1795 1925 supra
1822 1848 2120 1945 fundamen-

610 1940 718 2032 tnni
771 1976 865 2027 hoc
890 2012 905 2035 ,
961 1940 1181 2025 aurum.
1233 1967 1540 2031 argentum,
1590 1947 1787 2018 lapides
1831 1940 2074 2012 pretiosos
2102 1975 2119 2001 ,

612 2072 751 2140 ligna
776 2108 791 2129 ,
835 2069 1021 2133 {tenam
1049 2100 1064 2125 ,
1102 2054 1344 2125 stipulam
1369 2090 1384 2115 ,
1430 2046 1519 2101 l3.
1564 2037 1957 2140 uniuscujusque
1996 2041 2124 2132 Opus

614 2120 939 2228 ni’anif'esium
966 2120 1077 2204 erit.
1105 2120 1229 2201 Dies
1252 2142 1384 2198 enim
1421 2133 1630 2191 Domini
1666 2125 1938 2185 declarabit
1951 2163 1975 2228 Ι,
2006 2120 2125 2224 quia

612 2254 665 2305 in
690 2212 806 2321 igne
832 2243 1166 2302 revelabitur;
1190 2246 1237 2291 et
1267 2230 1663 2317 uniuscujusque
1688 2236 1815 2293 opus
1841 2213 2005 2321 quale.
2017 2212 2083 2267 sit
2102 2250 2121 2278 ,

614 2307 745 2413 ignis
773 2334 1021 2407 probabit.
1054 2331 1146 2384 Η.
1175 2326 1236 2382 Si
1261 2307 1405 2393 cujus
1431 2335 1558 2391 opus
1593 2314 1833 2413 manserit
1872 2307 2005 2413 quod
2034 2321 2125 2408 su-

618 2396 1033 2502 peradiﬁcaverit
1057 2462 1073 2487 ,
1124 2415 1404 2472 mercedem
1459 2408 1691 2479 accipiet.
1750 2403 1837 2459 l5.
1876 2398 1938 2454 Si
1984 2396 2130 2502 cujus

618 2486 748 2589 δραι
769 2486 950 2572 arserit
975 2554 989 2577 ,
1016 2509 1370 2564 detrimentum
1396 2500 1616 2572 patietur
1639 2512 1658 2550 :
1679 2496 1790 2565 ipse
1823 2499 1991 2545 autent
2028 2486 2132 2541 sal-

619 2628 710 2665 vus
734 2609 826 2663 erit
849 2647 865 2675 ,
895 2605 968 2659 sic
992 2612 1161 2657 tamen
1185 2600 1331 2669 quasi
1344 2608 1445 2667 per
1470 2599 1652 2661 ignem.

621 2766 677 2816 1.
713 2762 830 2815 Non
856 2766 940 2814 est
964 2766 1131 2827 parva
1170 2749 1287 2803 haec
1314 2759 1435 2817 quae
1460 2740 1617 2796 nobis
1642 2734 1962 2808 proponitur
1987 2744 2127 2799 quze'
2198 2748 2201 2749 ν

554 2857 658 2909 stio
680 2895 694 2916 ,
724 2850 820 2906 sed
848 2848 916 2902 de
943 2845 1108 2901 rebus
1137 2838 1368 2894 maxime
1396 2829 1715 2889 necessariis
1739 2869 1754 2893 ,
1783 2834 1839 2881 et
1866 2837 2002 2895 quas
2022 2836 2138 2873 om-

556 2960 651 3001 nes
666 2913 910 3013 quzerunt
931 2935 1173 2991 homines
1188 2972 1205 2999 ,
1222 2945 1290 2984 an
1309 2926 1569 2998 gehennae
1585 2920 1723 2991 ignis
1742 2919 1899 2973 ﬁnem
1919 2913 2134 3013 habeat.

564 3003 699 3090 Nam
725 3029 866 3102 quod
893 3042 997 3082 non
1024 3023 1251 3086 habeat,
1268 3017 1515 3075 Christus
1534 3006 1897 3084 pronuntiavit
1917 3003 2137 3057 dicens:

559 3126 703 3195 Ignis
741 3098 913 3174 eorum
955 3131 1056 3169 non
1098 3113 1441 3181 exstinguetur
1464 3145 1479 3169 ,
1524 3111 1571 3157 et
1613 3098 1793 3154 vermis
1830 3109 2002 3149 eorum
2040 3106 2142 3144 non

561 3183 802 3265 υἷονεειιιτ
839 3204 1048 3280 (Marc.
1094 3203 1146 3259 9.
1181 3201 1250 3256 is
1279 3200 1320 3272 ).
1370 3196 1438 3252 Et
1477 3194 1590 3250 scio
1633 3189 1849 3261 quidem
1893 3198 1991 3240 vos
2026 3183 2143 3280 hinc

561 3274 1166 3374 audientes'tlorpescere
1194 3309 1209 3347 :
1240 3290 1334 3347 sed
1362 3286 1491 3360 quid
1532 3280 1766 3338 faciam?
1812 3280 1951 3333 Deus
1998 3274 2143 3374 enim

559 3394 710 3464 jubet
737 3392 847 3445 hac
874 3362 1179 3458 ireqiienter
1207 3382 1459 3436 insonare
1481 3416 1498 3442 ,
1520 3374 1707 3430 dicens
1730 3410 1745 3434 ,
1775 3367 2010 3435 Pracipe
2030 3362 2146 3416 huic

564 3457 791 3557 populo;
818 3490 872 3535 et
898 3457 995 3535 nos
1036 3474 1103 3531 ad
1148 3470 1503 3529 ministerium
1545 3462 1696 3520 verbi
1732 3457 2010 3515 constituti
2051 3469 2148 3510 su-

565 3546 686 3634 mus
716 3591 729 3628 :
761 3588 823 3627 ac
851 3584 1073 3626 necesse
1107 3576 1190 3623 est
1229 3572 1286 3620 ut
1324 3562 1425 3617 sim
1471 3558 1731 3613 molestus
1767 3546 2101 3605 auditoribus
2128 3586 2144 3611 ,

566 3683 675 3725 non
706 3665 896 3721 lubens
918 3703 933 3727 ,
965 3660 1060 3716 sed
1088 3666 1328 3714 coactus.
1360 3652 1475 3708 lmo
1505 3650 1548 3704 si
1579 3646 1739 3702 vultis
1762 3685 1777 3710 ,
1809 3656 1917 3697 non
1947 3638 2149 3693 erimus

568 3759 781 3817 onerosi
815 3778 829 3813 :
860 3754 994 3811 Nam
1037 3753 1083 3807 si
1120 3751 1317 3805 bonum
1343 3785 1359 3811 ,
1408 3741 1620 3812 inquit,
1662 3736 1827 3792 facias
1850 3775 1864 3799 ,
1912 3745 1983 3786 ne
2024 3730 2151 3784 time

571 3853 591 3921 (
615 3849 763 3905 Rom.
794 3848 881 3903 l5.
921 3845 954 3900 ὅ
979 3842 1020 3915 ).
1071 3842 1257 3911 Itaque
1305 3838 1433 3892 licet
1481 3830 1638 3887 vobis
1680 3842 1787 3882 non
1829 3823 2150 3921 solumhnon

572 3911 753 4011 aegre,
798 3938 891 3994 scd
935 3911 1097 3990 etiam
1143 3944 1267 3986 cum
1309 3927 1585 3995 voluptate
1618 3933 1718 3975 nos
1758 3916 1965 3971 audire.
1998 3911 2152 3979 Quod

574 4002 920 4101 igiturrﬁnem
950 4040 1056 4079 non
1087 4021 1282 4076 habeat
1307 4059 1321 4082 ,
1344 4014 1592 4071 Christus
1616 4010 1732 4079 ipse
1754 4002 2114 4081 pronuntiavit
2138 4020 2152 4056 :

575 4094 773 4178 Daulus
801 4126 976 4171 autem
1006 4114 1172 4175 dicit,
1204 4106 1498 4165 ostendens
1528 4094 1831 4157 immortale
1864 4111 1984 4151 esse
2026 4109 2156 4164 sup-

574 4210 794 4281 plicium
820 4245 836 4271 ,
881 4212 1190 4271 peccatores
1214 4200 1436 4253 daturos
1465 4207 1585 4248 esse
1608 4202 1801 4260 pinnas
1827 4184 2078 4239 exitiosas
2105 4191 2162 4236 et

580 4276 809 4355 internas
840 4295 859 4365 (
885 4293 941 4347 2.
977 4291 1152 4344 Thess.
1187 4290 1240 4342 l.
1270 4288 1303 4344 9
1328 4287 1374 4357 );
1400 4294 1453 4339 ct
1478 4296 1689 4338 rursum
1715 4320 1730 4346 ,
1756 4276 1931 4331 Nolite
1951 4288 2160 4329 errare:

583 4408 740 4455 neque
766 4390 1093 4461 fornicatores
1114 4424 1127 4447 ,
1160 4394 1317 4449 neque
1365 4376 1619 4436 adulteri,
1668 4388 1825 4441 neque
1864 4371 2040 4423 molles
2075 4385 2160 4422 re-

584 4497 739 4552 gnum
766 4457 884 4531 'Dei
930 4472 1251 4548 possidebunt
1295 4465 1315 4537 (
1342 4466 1393 4520 l.
1423 4462 1542 4517 Cor.
1574 4461 1627 4514 6.
1656 4460 1709 4512 9.
1743 4459 1809 4513 10
1835 4461 1875 4526 ).
1928 4457 2165 4511 llebrteis

587 4546 799 4641 quoque
826 4546 1034 4618 dicebat
1062 4582 1076 4617 :
1124 4561 1312 4614 Pacem
1342 4550 1698 4628 persequimini
1727 4564 1840 4601 cum
1869 4546 2098 4599 omnibus
2123 4553 2168 4597 et

586 4635 1077 4726 s-anctiﬁcationem,
1133 4652 1240 4701 sine
1281 4664 1379 4717 qua
1441 4659 1585 4699 nemo
1649 4638 1832 4695 videbit
1896 4635 2169 4690 Dominum

590 4754 608 4824 (
635 4752 796 4805 Hebr.
831 4745 918 4802 l2.
946 4743 1013 4799 M
1038 4746 1079 4812 ).
1112 4740 1179 4793 Et
1203 4738 1447 4791 Christus
1478 4736 1542 4787 iis
1561 4734 1648 4802 qui
1670 4731 1919 4787 dicebant
1942 4770 1957 4796 ,
1992 4727 2059 4780 In
2082 4742 2172 4779 no-

590 4821 726 4899 mine
757 4852 842 4895 tuo
869 4839 1074 4891 virtutes
1095 4830 1279 4883 multas
1302 4825 1509 4895 fecimus
1534 4864 1549 4887 ,
1576 4823 1653 4875 ait
1680 4840 1692 4874 :
1721 4821 1975 4873 Discedite
2000 4837 2030 4872 α
2053 4835 2132 4871 me
2154 4858 2169 4883 ,

590 4939 677 5005 qui
719 4928 1001 5003 operamini
1041 4921 1354 4993 iniquitatem
1377 4931 1396 4980 ;
1434 4930 1535 4967 non
1580 4912 1695 4965 novi
1742 4927 1829 4965 vos
1855 4911 2084 4981 (Matth.
2117 4912 2170 4964 7.

590 5002 681 5079 Ἡ.
707 5002 779 5077 2‘5
803 5022 845 5093 ).
876 5020 944 5074 Et
967 5016 1201 5086 virgines
1242 5008 1473 5066 exclusa:
1512 5011 1675 5066 sunt,
1727 5015 1899 5069 neque
1943 5002 2173 5056 intrave-

595 5121 764 5170 runt:
804 5092 857 5166 et
896 5110 962 5165 de
1006 5108 1112 5170 iis,
1160 5104 1251 5174 qui
1300 5102 1473 5169 ipsum
1515 5110 1621 5150 non
1668 5092 2006 5156 nutrierunt,
2057 5093 2175 5145 ait:

596 5205 753 5261 Ibunt
778 5204 830 5257 in
858 5198 1165 5270 supplicium
1189 5192 1468 5259 wternum(
1496 5188 1682 5243 Matth.
1711 5184 1801 5239 25.
1835 5183 1902 5238 40
1924 5180 1963 5248 ).

674 5318 1007 5374 Peccatarum
1052 5306 1355 5379 supplicium
1402 5303 1553 5371 ﬁnem
1604 5315 1705 5351 non
1745 5296 1916 5348 habet.
1962 5322 2031 5332 —
2073 5291 2183 5346 Nec

602 5410 732 5465 mihi
762 5408 908 5462 dicas
937 5421 951 5457 :
977 5400 1203 5457 Ubinam
1232 5396 1369 5465 aequi
1399 5392 1535 5446 ratio
1562 5398 1805 5445 servatur
1829 5428 1845 5451 ,
1896 5386 1941 5439 si
1979 5385 2182 5453 suppli-

534 5508 541 5513 '
604 5502 745 5554 cium
780 5511 885 5550 n‘on
913 5491 1072 5545 habet
1108 5485 1312 5541 linem?
1350 5481 1573 5551 Quando
1615 5481 1757 5535 enim
1810 5478 1950 5531 Deus
1985 5473 2183 5543 aliquid

608 5590 735 5644 facit
758 5630 773 5654 ,
805 5588 921 5655 ejus
948 5578 1227 5637 sententia:
1256 5575 1555 5643 obsequere
1580 5611 1595 5637 ,
1619 5580 1674 5625 et
1712 5584 1779 5624 ne
1826 5584 1888 5621 ea
1914 5608 1930 5632 ,
1958 5580 2077 5633 quze
2107 5564 2188 5617 di-

609 5692 801 5735 cuntur
824 5718 839 5743 ,
874 5673 1119 5728 humanis
1149 5666 1442 5722 ratiociniis
1471 5664 1697 5730 subjice.
1726 5659 1975 5727 Alioquin
2007 5668 2184 5709 autem

612 5767 881 5841 quomodo
910 5780 1015 5823 non
1036 5764 1238 5834 justtun
1264 5756 1422 5814 luerit
1448 5798 1463 5827 ,
1492 5771 1612 5813 cum
1638 5754 1728 5824 qui
1755 5752 1823 5809 ab
1848 5750 2002 5807 initio
2030 5750 2183 5806 innu-

2236 1857 2388 1896 mera
2430 1842 2638 1912 accepit
2682 1839 2979 1906 beneﬁcia,
3020 1838 3319 1909 deindeque
3350 1838 3612 1908 supplicio
3660 1840 3821 1908 digna

2230 1934 2496 2002 patravit,
2546 1950 2613 1990 ac
2655 1948 2829 2004 neque
2870 1933 3031 1987 minis
3084 1946 3258 2001 neque
3308 1930 3583 1985 beneﬁciis
3631 1930 3823 1985 melior

2229 2021 2450 2078 eﬁ‘ectus
2475 2034 2558 2079 est
2578 2065 2593 2091 ,
2614 2024 2876 2093 supplicio
2901 2021 3096 2090 plecti?
3120 2021 3250 2075 Nam
3272 2021 3316 2074 si
3340 2020 3390 2073 id
3416 2062 3430 2085 ,
3455 2020 3594 2089 quod
3615 2021 3821 2089 justmn

2230 2122 2315 2169 est
2337 2154 2354 2179 ,
2384 2113 2585 2183 qururis
2608 2153 2623 2178 ,
2654 2113 2723 2165 ab
2748 2112 2900 2166 initio
2932 2124 3033 2165 nos
3062 2111 3283 2183 periisse
3312 2111 3589 2179 oportuit,
3618 2125 3825 2164 secun-

2233 2206 2362 2262 dum
2388 2207 2525 2275 inqui
2556 2215 2609 2260 et
2634 2204 2765 2274 justi
2793 2205 3055 2259 rationem
3081 2220 3096 2266 ;
3129 2204 3239 2257 imo
3266 2218 3439 2272 neque
3469 2211 3593 2258 tunc
3622 2220 3821 2258 secun-

2232 2297 2359 2353 dum
2389 2298 2527 2369 atqui
2547 2296 2743 2366 etjusti
2772 2296 3033 2350 rationem
3059 2304 3260 2349 tantum
3294 2312 3307 2349 :
3332 2310 3453 2348 nam
3479 2294 3827 2365 benignitatis

2236 2385 2451 2453 luisset,
2510 2387 2555 2441 si
2598 2386 2701 2441 hoc
2743 2387 2885 2456 passi
2933 2398 3196 2439 essemus.
3247 2384 3472 2449 Quando
3513 2386 3658 2438 enim
3706 2386 3828 2452 quis

2234 2493 2356 2533 eum
2380 2519 2397 2545 ,
2419 2478 2509 2547 qui
2531 2491 2590 2532 se
2608 2476 2743 2531 nihil
2765 2477 2903 2530 laesit
2921 2516 2937 2541 ,
2959 2474 3281 2529 contumelia
3301 2474 3466 2528 allicit
3488 2515 3505 2540 ,
3530 2474 3829 2529 secundum

2235 2568 2363 2637 justi
2391 2568 2654 2621 rationem
2678 2567 2770 2620 dat
2799 2581 2986 2635 pinnas
3010 2581 3025 2630 ;
3049 2564 3262 2634 quando
3280 2574 3459 2620 autem
3480 2566 3784 2619 beneﬁcum
3812 2607 3828 2631 ,

2239 2660 2328 2730 qui
2356 2658 2488 2714 nihil
2517 2668 2674 2713 antea
2704 2658 2915 2727 accepit
2954 2657 3201 2711 beneﬁcii
3226 2697 3240 2720 ,
3282 2657 3375 2712 sed
3413 2658 3527 2726 ipse
3570 2657 3832 2712 beneﬁcia

2242 2752 2389 2807 mille
2412 2750 2592 2805 intulit
2618 2791 2633 2814 ,
2662 2750 2751 2819 qui
2781 2751 2895 2805 sola
2940 2763 3102 2804 causa
3130 2757 3212 2802 est
3248 2747 3392 2817 quod
3440 2747 3527 2803 ille
3565 2748 3789 2802 exsistat
3814 2786 3832 2812 ,

2242 2842 2329 2912 qui
2360 2842 2500 2896 Deus
2524 2850 2609 2896 est
2632 2850 2687 2895 et
2712 2842 2945 2894 animam
2977 2839 3253 2907 inspiravit
3280 2838 3666 2905 innumeraque
3694 2839 3833 2892 bona

2243 2932 2464 2996 intulit,
2510 2942 2674 3002 atque
2716 2932 2766 2985 in
2806 2931 2996 2985 caelum
3040 2928 3293 2983 inducere
3338 2928 3553 2983 voluit:
3599 2927 3646 2983 si
3694 2928 3837 2983 hunc

2246 3033 2369 3095 post
2406 3032 2487 3080 tot
2529 3024 2793 3080 beneficia
2818 3064 2834 3089 ,
2874 3039 2978 3076 non
3029 3021 3189 3076 modo
3237 3021 3560 3076 contumelia
3601 3020 3834 3087 afﬁciat,

2246 3117 2340 3173 scd
2368 3126 2421 3171 et
2450 3115 2804 3171 contumelias
2832 3112 3072 3184 quotidie
3102 3129 3197 3183 per
3222 3128 3385 3183 opera
3415 3123 3663 3181 repetat,
3696 3127 3831 3183 qua-

2248 3223 2372 3265 nam
2402 3207 2595 3277 dignus
2620 3204 2781 3260 fuerit
2808 3205 3006 3259 venia?
3042 3204 3157 3259 Non
3197 3204 3349 3259 vides
3391 3204 3661 3274 quomodo
3701 3202 3839 3256 Ada-

2249 3315 2393 3355 mum
2446 3298 2680 3371 punierit
2730 3306 2949 3366 propter
3001 3312 3164 3350 unum
3237 3297 3565 3367 peccatum?
3617 3295 3838 3361 Etiaay.

2249 3390 2496 3460 inquies,
2535 3388 2838 3460 paradisum
2886 3388 2983 3456 ipsi
3029 3385 3177 3441 dedit
3226 3395 3281 3441 et
3318 3386 3497 3442 cﬁ'ecit
3543 3394 3603 3439 ut
3651 3398 3841 3451 magna

2250 3480 2520 3534 frueretur
2546 3477 2947 3532 benevolentia.
2991 3475 3150 3543 Atqui
3186 3488 3293 3528 non
3326 3489 3423 3543 par
3448 3487 3535 3527 res
3564 3482 3646 3526 est
3671 3513 3686 3537 ,
3716 3487 3841 3526 eum

2253 3571 2343 3641 qui
2373 3571 2427 3624 in
2455 3569 2744 3624 securitate
2766 3566 2897 3620 vivit
2923 3579 3147 3635 peccare
3170 3606 3185 3628 ,
3229 3574 3283 3618 et
3311 3579 3431 3618 eum
3463 3561 3554 3633 qui
3584 3563 3635 3616 in
3663 3562 3847 3616 multis

2253 3662 2509 3719 aerumnis
2535 3661 2708 3727 vivit,
2735 3658 2785 3713 id
2812 3658 3014 3713 facere.
3046 3657 3115 3710 Et
3156 3656 3261 3710 hoc
3304 3656 3479 3724 ipsum
3524 3670 3687 3725 grave
3720 3662 3803 3709 est
3827 3696 3843 3720 ,

2255 3754 2397 3825 quod
2427 3768 2533 3809 non
2580 3753 2631 3806 in
2682 3751 2931 3821 paradiso
2974 3762 3205 3818 pecces,
3251 3746 3345 3802 sed
3391 3748 3444 3801 in
3492 3747 3645 3802 malis
3685 3746 3848 3816 hujus

2257 3847 2381 3901 vita:
2404 3842 2699 3899 innumeris
2722 3884 2737 3908 ,
2772 3855 2946 3910 neque
2983 3854 3050 3894 ex
3094 3838 3308 3891 miseria
3351 3837 3557 3891 cautior
3601 3837 3799 3891 evadas
3829 3853 3844 3890 :

2255 3952 2319 3991 ac
2342 3936 2389 3991 si
2419 3936 2539 4005 quis
2564 3935 2777 3989 vinctus
2805 3931 3042 4002 nequitia
3069 3938 3329 3985 uteretur.
3377 3927 3497 3983 Tibi
3529 3942 3658 3983 vero
3681 3928 3846 3981 etiam

2262 4026 2509 4098 paradiso
2535 4025 2737 4094 majora
2766 4022 3053 4094 promisit,
3101 4036 3273 4090 neque
3302 4019 3396 4074 tibi
3422 4019 3533 4089 jam
3560 4018 3709 4074 dedit
3734 4059 3747 4079 ι
3781 4033 3851 4071 ne

2261 4130 2315 4174 te
2340 4117 2394 4171 in
2422 4125 2661 4185 tempore
2686 4114 3036 4170 certaminum
3071 4112 3372 4167 molliorem
3409 4108 3659 4164 redderet
3691 4125 3705 4160 :
3752 4122 3851 4161 ne-

2263 4223 2369 4279 que
2398 4210 2597 4272 tacuit,
2626 4220 2694 4259 ne
2721 4212 2773 4258 te
2800 4203 2958 4257 nimis
2984 4202 3237 4271 dejiceret
3263 4201 3315 4254 in
3345 4197 3635 4253 laboribus.
3668 4196 3734 4250 Et
3762 4196 3854 4252 illo

2262 4299 2481 4371 quidem
2509 4310 2617 4352 uno
2646 4303 2868 4366 peccato
2896 4302 3058 4347 totam
3104 4292 3171 4345 ad
3221 4305 3280 4344 se
3321 4299 3549 4343 mortem
3594 4287 3853 4351 attraxit;

2267 4406 2367 4447 nos
2395 4399 2572 4446 autem
2597 4386 2834 4459 quotidie
2857 4385 3136 4439 innumera
3166 4390 3385 4450 peccata
3412 4380 3769 4434 admittimus.
3799 4377 3857 4431 Si

2266 4492 2446 4538 autem
2474 4481 2564 4536 ille
2587 4494 2709 4535 eum
2734 4492 2898 4534 unum
2923 4473 3228 4530 admisisset
3255 4512 3271 4537 ,
3298 4480 3501 4526 tantum
3524 4470 3624 4525 sibi
3652 4470 3855 4523 malum

2270 4570 2526 4634 attraxit,
2557 4578 2611 4623 et
2641 4576 2871 4621 mortem
2900 4563 3140 4627 invexit;
3170 4562 3258 4632 qui
3299 4574 3512 4629 semper
3541 4559 3593 4612 in
3621 4556 3859 4627 peccatis

2273 4657 2500 4712 vivimus
2521 4695 2536 4721 ,
2559 4656 2684 4723 quid
2709 4670 2812 4707 non
2839 4654 3099 4722 patiemur
3118 4690 3135 4716 ,
3164 4650 3253 4717 qui
3281 4663 3377 4715 pro
3400 4646 3648 4714 paradiso
3665 4645 3857 4701 cat-lum

2275 4744 2597 4817 speramus?
2625 4743 2845 4796 Molesta
2874 4749 2999 4792 sunt
3023 4738 3140 4790 haec
3166 4775 3181 4799 ,
3231 4744 3286 4788 et
3322 4735 3576 4788 maestitia
3620 4734 3864 4786 afﬁciunt

2276 4838 2575 4892 auditorem
2622 4850 2634 4885 :
2677 4832 2778 4886 hoc
2809 4830 2945 4884 bene
2976 4827 3097 4881 novi
3127 4840 3190 4879 es
3222 4823 3288 4877 iis
3313 4864 3328 4886 ,
3359 4837 3478 4893 quae
3511 4823 3624 4891 ipse
3651 4822 3863 4890 patior;

2278 4944 2372 4985 cor
2398 4926 2542 4982 enim
2571 4938 2747 4977 meum
2782 4920 3025 4975 turbatur
3063 4924 3118 4971 et
3149 4914 3370 4985 palpitat
3398 4929 3412 4968 :
3457 4920 3513 4967 et
3544 4927 3651 4983 quo
3692 4914 3867 4983 magis

2280 5021 2436 5075 video
2464 5014 2675 5087 probari
2701 5012 2751 5066 id
2772 5054 2786 5076 ,
2810 5010 2951 5081 quod
2976 5008 3042 5061 tle
3063 5006 3308 5076 gehenna
3335 5003 3529 5059 dicitur
3553 5046 3569 5072 ,
3601 5019 3664 5059 eo
3699 5006 3868 5075 magis

2284 5123 2453 5167 tremo
2483 5116 2536 5163 et
2565 5122 2630 5161 ex
2658 5114 2804 5159 metu
2842 5099 3072 5167 refugio.
3105 5093 3211 5150 Sed
3241 5109 3462 5150 necesse
3498 5106 3580 5151 cst
3623 5096 3737 5150 hare
3783 5095 3870 5149 di-

2283 5216 2408 5255 cere
2432 5240 2447 5263 ,
2476 5213 2543 5253 ne
2568 5198 2620 5249 in
2648 5194 2949 5263 gehennam
2979 5185 3295 5239 incidamus.
3347 5184 3464 5239 Non
3514 5186 3768 5255 accepisti
3814 5193 3874 5237 tu

2287 5293 2591 5365 paradisum
2620 5299 2796 5355 neque
2825 5284 2962 5350 ligna
2995 5292 3168 5345 neque
3195 5276 3405 5346 plantas
3431 5318 3447 5344 ,
3476 5276 3570 5331 sed
3600 5275 3789 5329 crelum
3820 5284 3876 5327 et

2288 5364 2525 5439 caelestia
2563 5379 2723 5433 bona.
2768 5370 2922 5439 Quod
2965 5370 3011 5422 si
3057 5369 3101 5423 is
3140 5367 3229 5437 qui
3259 5368 3467 5422 minora
3495 5365 3740 5433 accepit,
3784 5364 3878 5417 da-

2293 5486 2504 5530 mnatus
2531 5481 2614 5526 est
2633 5511 2648 5534 ,
2677 5479 2851 5533 neque
2876 5462 2979 5517 ulla
2998 5476 3117 5515 eum
3144 5460 3284 5515 eruit
3306 5459 3440 5514 ratio
3470 5467 3485 5509 ε
3512 5454 3680 5511 multo
3710 5454 3881 5523 magis

2293 5582 2389 5620 nos
2411 5608 2425 5630 ,
2447 5566 2534 5633 qui
2559 5561 2711 5630 plora
2740 5555 3071 5625 peccavimus
3092 5563 3143 5608 et
3166 5552 3231 5606 ad
3255 5550 3456 5618 majora
3478 5545 3652 5599 vocati
3671 5558 3880 5611 sumus,

2292 5652 2647 5711 intolerabilia
2675 5647 2958 5717 patiemur.
2991 5644 3175 5713 Cogita
3216 5653 3345 5707 ergo
3392 5643 3594 5707 quanto
3636 5644 3885 5704 tempore

2296 5749 2348 5803 in
2377 5752 2547 5802 morte
2575 5747 2756 5796 manet
2800 5748 3017 5809 propter
3050 5750 3213 5790 unum
3260 5738 3537 5801 peccatum
3574 5742 3743 5800 genus
3790 5741 3887 5784 no-
