3980 6212
246 242 315 295 75
1382 237 1447 293 1h
1489 234 1709 291 EPIST.
1748 238 1765 290 Ι

1935 235 2094 295 con.
2136 239 2371 291 ιιυιιιι..
2399 237 2494 292 1x.
3439 247 3505 304 τε

241 364 342 435 λὴν
370 364 481 417 τῶν
502 363 783 435 παρόντων
813 361 1151 434 πραγμάτων
1177 372 1205 401 ι
1226 358 1520 423 εὐτέλειαν,
1547 359 1636 411 διὰ
1662 357 1821 412 τοῦτο

240 445 557 515 ἀπέστησαν
576 446 755 516 μόνον.
772 446 937 509 Ποίας
960 439 1053 498 οὖν
1070 444 1134 497 σύ
1152 442 1315 515 τεύξῃ
1343 441 1695 511 συγγνώμης,
1719 457 1819 511 χαο

241 530 343 597 μα).
370 529 691 599 συρόμενος,
717 529 813 582 καὶ
843 528 921 600 μὴ
948 525 1306 597 καταφρονῶν
1333 525 1444 578 τῶν
1478 524 1692 595 μικρῶν
1725 524 1821 577 καὶ

236 610 667 681 παρερχομένων
716 611 858 681 ὑπὲρ
899 610 1006 664 τῶν
1062 609 1315 680 μεγάλων
1356 609 1450 662 καὶ
1483 606 1820 672 διαιωνιζόν-

231 709 361 756 των,
401 696 434 745 6
471 694 564 746 καὶ
603 692 770 746 αὐτοῦ
802 694 897 746 τοῦ
945 692 1081 746 Θεοῦ
1122 692 1360 754 ἀκούων,
1386 689 1561 744 ταῦτά
1588 707 1670 743 σοι
1713 690 1822 743 δει-

230 776 457 840 κνύντος
491 777 587 829 καὶ
616 776 1068 839 ἑκκαλύπτοντος,
1110 775 1207 830 καὶ⁸
1248 773 1580 843 ἐπαγγελίας
1628 773 1813 827 τοιαύ-

226 876 328 922 τας
359 862 496 929 παρ’
525 859 691 913 αὐτοῦ
734 861 903 930 ἔχωνς
955 859 1081 912 Ὅτι
1132 858 1241 931 γάρ
1293 862 1393 929 οὐχ
1444 857 1605 913 um
1640 857 1816 912 ταῦτα

226 945 561 1012 κατασχεῖν,
620 943 827 1008 ἐδειξαν
880 943 930 996 οί
980 942 1072 995 καὶ
1099 942 1268 1014 χωρὶς
1316 941 1648 1011 ἐπαγγελίας
1701 940 1814 995 τῶν

225 1025 497 1093 μειζόνων
546 1027 873 1098 ἀπεχόμενοι
922 1025 1147 1079 τούτων.
1202 1027 1361 1080 Ποῖον
1411 1027 1521 1097 γὰρ
1582 1026 1813 1080 πλοῦτον

222 1109 703 1179 προσδοκήσαντες
728 1110 823 1163 ἐπὶ
852 1109 1046 1164 πενίαν
1070 1105 1266 1182 ἦλθον;
1294 1108 1519 1163 Οὐδένα·
1566 1108 1681 1164 ἀλλ’
1704 1109 1815 1163 ἀπὸ

280 1357 310 1385 ⁸
335 1356 407 1406 In
432 1357 591 1421 8:23.;
610 1359 905 1422 πραγμάτων
926 1359 1101 1407 deerat
1117 1358 1167 1407 tn
1198 1358 1366 1409 editis.

1919 374 2015 410 του
2073 356 2277 427 σφόδρα
2332 356 2551 419 εἰδέναι,
2601 356 2683 409 ὅτι
2733 357 2765 426 ἡ
2804 357 3026 428 τοιαύτη
3063 360 3223 413 πενία
3265 362 3497 419 πλούτου

1922 439 2186 510 κρείττων
2250 440 2385 494 ἐστί.
2451 439 2617 494 Ποίαν
2678 440 2822 511 ζωὴν
2884 442 3201 507 ἐλπίσαντες
3276 447 3498 518 ἀφῆκαν

1918 521 2151 593 τρυφὴν,
2184 522 2278 575 καὶ
2329 521 2722 593 σκληραγωγίᾳ
2763 523 2973 578 ἔδωκαν
3024 525 3289 594 ἐαυτούς;
3332 529 3498 582 Οὐδε-

1924 604 2071 674 μίανσ
2104 603 2220 657 ἀλλ’
2254 605 2427 676 αὐτὴν
2459 605 2568 658 τῶν
2598 606 2938 677 πραγμάτων
2973 607 3074 677 τὴν
3104 607 3270 676 φύσιν
3297 610 3502 681 μαθόνο

1920 704 2037 756 τες,
2064 688 2157 741 καὶ
2188 688 2511 752 συνιδόντες,
2545 690 2627 743 ὅτι
2654 689 2813 743 τοῦτο
2839 689 3037 759 μᾶλλον
3066 691 3501 764 ἐπιτηδειότερον

1920 772 2014 824 καὶ
2052 770 2189 841 πρὸς
2214 771 2393 841 ψυχῆς
2432 772 2774 842 φιλοσοφίαν,
2808 771 2925 845 [73]
2951 773 3044 827 καὶ
3078 774 3214 845 πρὸς
3246 774 3500 847 σώματος

1922 854 2153 922 ὑγίειαν.
2186 854 2352 909 Ταῦτ’
2377 850 2469 908 οῦν
2503 858 2599 910 καὶ
2619 859 2781 927 ἡμεῖς
2805 857 3271 928 ἀναλογιζόμενοι,
3309 861 3404 913 καὶ
3432 862 3501 916 τά

1922 937 2182 1007 μέλλοντα
2240 937 2425 1007 ἀγαθά
2475 940 2716 1011 συνεχῶς
2779 941 2838 994 ἐν
2895 942 3106 1005 ἑαυτοῖς
3153 943 3497 1014 στρέφοντες,

1918 1023 2245 1093 ἀποστῶμεν
2298 1024 2406 1078 τῶν
2466 1026 2773 1098 παρόντων,
2831 1025 2919 1079 ῖνα
2972 1026 3230 1098 τύχωμεν
3276 1030 3502 1085 ἐκείνων

1916 1107 2025 1160 τῶν
2057 1107 2384 1177 μελλόντων,
2414 1108 2598 1181 χάριτι
2626 1110 2721 1163 καὶ
2755 1108 3131 1180 φιλανθρωπίᾳ
3163 1110 3258 1164 τοῦ
3293 1114 3502 1185 Κυρίου

1913 1188 2073 1259 ἡμῶν
2118 1188 2297 1258 Ἰησοῦ
2340 1190 2615 1261 Χριστοῦ,
2664 1192 2783 1261 μεθ’
2828 1186 2891 1245 οὐ
2934 1191 3013 1261 τῷ
3052 1192 3231 1263 Πατρὶ
3272 1192 3392 1264 ἁμα
3424 1196 3517 1266 τῷ-

1912 1270 2055 1342 ἀγίῳ
2080 1270 2382 1340 Πνεύμαιιι,
2408 1272 2556 1336 δόξα.
2584 1274 2806 1343 κράτος,
2834 1273 2991 1344 τιμὴ,
3017 1272 3113 1327 νῦν
3141 1275 3237 1337 καὶ
3261 1275 3372 1342 ἀεὶ,
3403 1278 3501 1332 καὶ

1912 1354 1995 1415 είς
2022 1349 2148 1416 τοὺς
2169 1352 2368 1417 αἰῶνας
2396 1355 2504 1408 τῶν
2530 1355 2763 1410 αἰώνων.
2813 1358 3009 1427 Ἀμήν.

229 1529 1797 1543 .——————_‘——————-——_

1900 1530 3463 1557 .m—

1730 1676 1975 1730 ΟΜΙΛῙΔ
2012 1674 2092 1731 Θ¹.

1222 1815 1360 1865 ,ιιον
1394 1811 1628 1875 τοῦτον,
1656 1827 1804 1879 χρυ-

214 1817 289 1869 ει
306 1832 395 1880 τις
423 1809 809 1881 ἐποικοδομεῖ
824 1810 921 1864 ἐπὶ
945 1811 1055 1865 τὸν
1080 1814 1147 1881 θε

1155 1898 1284 1947 ους.
1338 1880 1518 1943 ξύλα,
1559 1882 1802 1947 χόρτον.

290 1885 435 1947 σὸν,
462 1882 724 1949 ἄργυρον
743 1920 757 1942 ,
790 1882 1002 1946 λίθους
1030 1898 1085 1945 τι

288 1948 904 2020 καὶάμὴνέέκάστου
933 1948 1001 2002 τὸ
1033 1948 1223 2020 ἔργον
1244 1951 1510 2019 φανερὸν
1535 1948 1804 2020 ,γενήσε-

286 2042 403 2077 ται.
444 2017 513 2075 Ἦ
534 2019 643 2089 γὰρ
667 2017 1165 2089 ἠμέραςδηλώσει,
1191 2017 1279 2072 ὅτι
1311 2020 1382 2071 ἐν
1406 2018 1551 2089 πυρὶ
1568 2020 1804 2089 ,ἀποκα-

285 2086 736 2147 ,ιὺπτετάι
773 2086 1041 2143 ἑκάστου
1074 2088 1138 2142 τὸ
1176 2089 1374 2157 ἔργον,
1403 2086 1613 2141 ὁποῖόν
1646 2088 1801 2157 ἐστι,

284 2164 352 2217 τι)
382 2162 506 2228 πῦρ
531 2160 679 2214 αὐτὸ
699 2158 1036 2228 δοκιμάσει.
1057 2159 1130 2209 ει
1159 2156 1322 2228 τινος
1351 2158 1413 2211 τὸ
1438 2158 1618 2225 ἔργον
1632 2156 1803 2228 μένει

284 2235 317 2287 ὃ
347 2226 779 2298 ἐπῴκοδόμησε
797 2266 813 2289 ,
836 2226 843 2227 ί
860 2226 1085 2298 μισθόν
1110 2226 1375 2298 λήψεται
1392 2242 1405 2257 ·
1438 2227 1495 2280 ει
1542 2244 1709 2298 τινος
1735 2227 1805 2298 τό

281 2294 468 2371 ἄρτον
493 2294 961 2371 κατακαήσεται,
981 2366 995 2371 _
1011 2294 1444 2371 ζημιωθήσεται
1466 2312 1479 2326 ο
1521 2294 1707 2361 αὐτὸς
1734 2295 1805 2348 δέ

280 2365 625 2436 σωθήσεται
650 2408 665 2433 ,
687 2367 842 2421 οὕτω
863 2365 933 2420 δέ
962 2366 1045 2433 ὡς
1067 2365 1167 2420 διὰ
1196 2367 1407 2434 πυρός.

284 2502 357 2549 α’.
407 2493 483 2547 Οὐ
520 2491 712 2563 μικρὸν
740 2492 871 2562 ἡμῖν
898 2489 1057 2545 τοῦτο
1082 2490 1144 2545 τὸ
1171 2490 1530 2560 προκείμενον
1556 2489 1799 2561 ζήτημα,

210 2578 350 2630 ἀλλά
381 2578 475 2629 καὶ
497 2576 627 2645 περὶ
644 2580 670 2609 ⁸
688 2575 799 2626 τῶν
827 2574 1032 2644 σφόδρα
1052 2575 1387 2641 ἀναγκαίων,
1415 2576 1510 2628 καὶ
1534 2568 1609 2628 ὧν
1626 2575 1801 2629 ᾶπαν-

204 2675 298 2723 τες
324 2658 586 2729 ζητοῦσιν
606 2656 906 2727 ἀνθρωποι.
930 2657 979 2708 εί
1007 2656 1161 2719 τέλος
1188 2657 1303 2725 ἐχει
1335 2657 1394 2708 τὸ
1432 2658 1530 2726 τῆς
1560 2658 1788 2725 γεέννης

207 2744 342 2813 πῦρ.
394 2742 522 2795 Ὀτι
563 2739 661 2809 μὲν
702 2738 813 2809 γὰρ
858 2737 959 2790 οὐκ
989 2736 1125 2807 ἔχει,
1154 2738 1183 2789 ό
1222 2738 1455 2807 Χριστὸς
1479 2738 1802 2808 ἀπεφήνατο

203 2826 383 2893 λέγων
406 2841 418 2853 ·
452 2824 524 2877 Τὸ
543 2822 662 2889 πῦρ
694 2819 893 2874 αὐτῶν
917 2822 989 2874 οὐ
1010 2820 1441 2889 σϐεσθήσεται,
1472 2821 1570 2874 καί
1595 2824 1627 2875 ό
1647 2822 1802 2875 σκώ-

201 2909 325 2973 ,Ιηξ
354 2904 560 2960 αὐτῶν
588 2906 661 2957 οὐ
689 2902 1063 2972 τελευτήσει.
1092 2901 1202 2955 Kal
1239 2898 1357 2956 οἶδα
1391 2903 1491 2973 μὲν
1510 2944 1526 2967 ,
1561 2902 1644 2957 δτι
1666 2920 1800 2975 ναρ-

203 2993 343 3044 κᾶτε
356 2989 537 3042 ταῦτα
559 2986 850 3056 ἀκούοντες
865 3002 879 3016 ο
910 2985 1048 3040 ἀλλά
1069 2986 1122 3038 τί
1150 2986 1341 3051 πάθω;
1369 2985 1597 3057 καὶγὰρ
1619 2989 1648 3041 ό
1666 2988 1800 3051 Θεὸς

203 3073 424 3125 κελεύει
453 3070 628 3124 ταῦτα
652 3068 894 3139 συνεχῶς
927 3070 1162 3139 ἐνηχεῖν,
1206 3066 1413 3137 λέγων*
1454 3069 1796 3124 Διάστειλαι

201 3154 437 3223 τῷλαῷ
470 3158 685 3217 τούτφ’
721 3154 817 3206 καὶ
835 3154 998 3223 ἡμεῖς
1028 3154 1107 3215 είς
1136 3152 1410 3206 διακονίαν
1447 3151 1608 3221 λόγου
1640 3154 1797 3208 τετά-

201 3239 411 3308 γμεθα,
442 3238 539 3291 καὶ
576 3236 793 3307 ἀνάγκη
842 3234 1099 3306 φορτικὸν
1139 3231 1421 3296 εἶναιτοῖς
1472 3236 1792 3306 ἀκροαταῖς,

200 3324 300 3391 οὐχ
334 3320 555 3381 ἑκόντα,
592 3320 705 3371 ἀλλ’
732 3316 1200 3387 ἀναγκαζόμενον.
1230 3316 1449 3371 Μᾶλλον
1476 3317 1556 3381 δέ,
1590 3321 1639 3371 εί
1670 3318 1795 3389 βού-

202 3404 387 3466 λεσθε,
424 3403 526 3455 οὐκ
555 3401 794 3471 ἐσόμεθα
816 3400 1095 3470 φορτικοί’
1133 3400 1229 3452 “Av
1259 3401 1369 3470 γὰρ
1392 3440 1406 3463 ,
1430 3403 1594 3471 φησι,
1636 3404 1796 3472 ποιῇς

201 3488 263 3539 τὸ
294 3486 528 3553 ἀγαθὸν,
562 3484 636 3555 μὴ
659 3482 850 3553 φοὸοῦ.
896 3483 1061 3535 ’Ὥστε
1108 3482 1319 3548 ἔξεστιν
1372 3483 1500 3551 ὑμῖν
1533 3484 1607 3553 μὴ
1636 3483 1796 3552 μόνον

206 3568 279 3637 μὴ
330 3567 474 3637 μετά
532 3565 852 3634 ἀπεχθείας,
892 3564 1029 3617 ἀλλά
1076 3565 1172 3616 καὶ
1226 3564 1365 3633 μετά
1402 3564 1593 3634 ἡδονῆς
1639 3564 1796 3635 ἡμῶν

202 3650 450 3704 ἀκούειν.
474 3648 599 3700 Ὅτι
632 3647 733 3714 μὲν
759 3644 851 3698 οὖν
883 3646 985 3698 οὐκ
1019 3645 1132 3714 ἔχει
1174 3646 1350 3708 τέλος,
1392 3645 1486 3697 καὶ
1511 3645 1539 3695 ό
1562 3645 1794 3714 Χριστὸς

201 3734 529 3801 ἀπεφήνατο
550 3743 568 3758 ’
603 3730 697 3781 καὶ
730 3730 758 3781 ό
784 3726 992 3789 Παῦλος
1014 3727 1070 3779 δέ
1096 3743 1250 3796 φησι,
1282 3726 1498 3789 δεικνὺς
1528 3726 1794 3780 ἀθάνατον

201 3819 300 3889 τὴν
332 3815 686 3879 κόλασιν,,δτι
714 3814 765 3865 οἱ
793 3810 1205 3882 ἁμαρτάνοντες
1240 3808 1397 3878 δίκην
1424 3808 1635 3861 τίσουσι
1677 3810 1795 3862 όλε-

201 3901 332 3969 θρον
398 3897 620 3952 αἰώνιον
652 3898 677 3935 δ
699 3913 714 3926 ·
759 3895 854 3948 καὶ
892 3892 1074 3957 πάλιν,
1128 3890 1227 3959 Μὴ
1267 3891 1579 3946 πλανᾶσθε
1603 3910 1614 3919 ·
1652 3894 1791 3946 οὔτε

200 3987 436 4053 πὸρνοι,
466 3983 606 4035 οὔτε
618 3997 721 4049 μοι
729 3978 845 4047 χοὶ,
864 3977 1000 4033 οὔτε
1015 3974 1277 4046 μαλακοὶ
1291 3975 1623 4039 βασιλείαν
1644 3976 1792 4030 Θεοῦ

202 4063 742 4133 κληρονομήσουσι
763 4078 777 4088 ·
804 4060 900 4111 καὶ
934 4058 1208 4126 Ἑϐραίοις
1228 4057 1285 4109 δὲ
1306 4057 1511 4126 ἐλεγεν·
1526 4058 1794 4126 Εἰρήνην

200 4149 445 4200 διώκετε
478 4147 629 4215 μετὰ
657 4143 903 4195 πάντων
952 4140 1185 4193 καὶτὸν
1209 4140 1531 4209 ἁγιασμόν,
1573 4136 1645 4195 οὗ
1679 4158 1793 4209 χω-

195 4233 296 4297 [lc
322 4230 529 4294 οὐδεὶς
566 4229 777 4296 ἅψεται
816 4225 925 4277 τὸν
949 4224 1187 4291 Κύριον.
1219 4223 1331 4275 Kal
1379 4226 1408 4275 6
1446 4223 1680 4293 Χριστὸς
1730 4222 1789 4275 δὲ

201 4317 305 4375 τοῖς
327 4310 633 4383 εἰρηκόσιν,
653 4310 746 4362 Ἐν
765 4306 845 4372 τῷ
860 4306 1104 4373 ὀνόματί
1117 4322 1236 4360 σου
1249 4305 1533 4374 δυνάμεις
1550 4307 1784 4371 πολλὰς

198 4395 593 4465 ἐποιήσαμεν,
620 4392 1121 4464 φησί-Πορεύεσθε
1142 4390 1243 4443 ἀπ’
1282 4388 1448 4458 ἐμοῦ,
1486 4386 1785 4457 οιὲργαζό-

195 4499 365 4551 μενοι
390 4480 511 4547 τὴν
536 4478 822 4546 ἀνομίαν·
855 4477 965 4528 οὐκ
989 4468 1121 4526 οῖδα
1150 4471 1324 4540 ὑμᾶς.
1349 4474 1458 4524 Καὶ
1485 4473 1541 4523 at
1576 4472 1781 4541 παρθέ-

200 4582 278 4616 νοι
316 4564 373 4616 δέ
410 4560 881 4622 ἀποκλεισθεῖσαι,
922 4557 1021 4608 οὐκ
1069 4555 1150 4606 ἔτι
1196 4555 1477 4623 είσῆλθον⁸
1515 4556 1607 4606 καὶ
1656 4556 1785 4625 περὶ

200 4645 305 4695 τῶν
330 4646 408 4712 μὴ
431 4642 750 4712 θρεψάντων
771 4639 829 4690 δὲ
853 4638 1015 4690 αὐτὸν
1056 4637 1245 4707 φησὶν,
1267 4636 1348 4689 δτι
1395 4637 1789 4691 Ἀπελεύσον-

202 4744 289 4779 ται
311 4728 401 4790 είς
431 4724 693 4776 κόλασιν
718 4721 978 4773 αἰώνιον.

266 4827 382 4879 Καὶ
414 4827 491 4895 μή
528 4842 619 4893 μοι
648 4823 798 4891 λέγε’
819 4821 929 4875 Ποῦ
959 4822 988 4875 ό
1010 4820 1104 4875 τοῦ
1130 4822 1338 4876 δικαίου
1365 4822 1786 4893 διαφυλάττεται

200 4910 375 4977 λόγος,
405 4910 457 4959 εί
485 4906 563 4978 μὴ
580 4905 691 4976 ἔχει
714 4904 867 4968 τέλος
897 4907 930 4974 ἡ
967 4905 1226 4971 κόλασις;
1260 4907 1432 4961 Ὅταν
1454 4908 1562 4978 γάρ
1590 4910 1618 4959 ό
1654 4908 1787 4969 Θεὸς

202 4990 502 5061 ἐργάζηταί
535 5006 610 5052 τι,
662 4987 852 5041 πείθου
892 4991 1013 5051 ταῖς
1045 4989 1374 5058 ἀποφάσεσι,
1422 4992 1516 5043 καὶ
1544 4990 1619 5059 μὴ
1650 4988 1787 5041 ὑπό-

202 5074 359 5125 δαλλε
383 5072 669 5140 λογισμοῖς
691 5070 1053 5142 ἀνθρωπίνοις
1078 5072 1147 5124 τὰ
1166 5072 1457 5141 λεγόμενα.
1493 5072 1701 5134 Ἀλλως
1726 5070 1785 5123 δὲ

204 5158 317 5219 πῶς
348 5155 454 5207 οὐκ
478 5154 547 5205 ἀν
586 5154 669 5222 εἴη
704 5153 914 5206 δίκαιον
957 5154 1051 5207 τὸν
1095 5154 1262 5223 μυρία
1296 5154 1536 5207 παθόντα
1570 5152 1691 5227 [74]
1725 5153 1785 5217 ἐξ

202 5239 377 5312 ἀρχῆς
416 5234 602 5304 ἀγαθά
624 5274 641 5297 ,
674 5230 795 5288 εἶτα
830 5235 1106 5299 κολάσεως
1145 5235 1272 5301 ἀξια
1315 5235 1598 5305 πράξαντα
1622 5275 1636 5299 ,
1688 5240 1784 5291 καὶ

208 5328 342 5393 μήτε
371 5320 577 5389 ἀπειλῇ
608 5321 743 5387 μήτε
778 5319 1068 5390 εὐεργεσία
1116 5320 1312 5389 βελτίω
1346 5321 1656 5389 γενόμενον,
1692 5340 1785 5375 κο-

202 5406 501 5471 ὶάζεσθαις
544 5402 605 5455 Εἰ
648 5400 756 5471 γάρ
794 5403 856 5453 τὸ
900 5402 1113 5457 δίκαιον
1163 5402 1461 5467 ἐξετάζεις,
1502 5404 1562 5467 ἐξ
1607 5406 1784 5477 ἀρχῆς

202 5492 345 5559 ἡμᾶς
372 5487 580 5550 εὐθέως
606 5486 772 5556 ἐχρῆν
801 5484 1124 5553 ἀπολέσθαι,
1155 5486 1310 5539 κατᾶ
1325 5488 1416 5539 τὸν
1442 5485 1539 5538 τοῦ
1569 5487 1781 5542 δικαίου

259 5654 284 5679 ε
311 5651 436 5710 Reg.
484 5650 559 5697 sic
610 5650 822 5760 incigil:
852 5649 924 5697 Οὐ
983 5648 1148 5758 μικρὸν
1191 5649 1304 5709 ἡμῖν
1348 5650 1402 5698 ἐκ
1457 5654 1543 5717 τῆς
1586 5665 1779 5711 περικο-

259 5717 294 5760 ξς
311 5712 487 5760 ταύτης
509 5710 694 5760 ζήτημα
746 5712 985 5760 νακύπτει.
1011 5712 1069 5758 αλ
1089 5726 1129 5758 ,α
1149 5714 1227 5758 καὶ
1251 5713 1372 5760 περί.
1443 5710 1469 5749 δ
1494 5710 1521 5760 ι
1537 5712 1655 5760 uim.
1679 5714 1779 5760 ὁ.·.ἐ-

208 5715 294 5774 πῆς
311 5710 694 5774 ταύτιιςμζήτημια
714 5710 985 5774 ἆνακύπτει,
1011 5710 1129 5758 ἀλλὰ
1149 5714 1227 5758 καὶ
1251 5713 1372 5773 περί.
1443 5710 1469 5749 ¹³
1494 5710 1660 5773 Vung
1679 5714 1780 5761 ὁ.·.ἐ-

207 5773 328 5832 θριον
350 5773 434 5820 καὶ
458 5771 671 5823 αἰώνιον.

1910 1807 2069 1876 λόγον
2092 1818 2107 1834 ⁸
2140 1807 2339 1878 μᾶλλον
2369 1809 2425 1863 δέ
2445 1808 2567 1862 οὐδὲ
2591 1809 2713 1863 τότε
2744 1811 2884 1863 κατὰ
2907 1810 2998 1862 τὸν
3018 1808 3114 1862 τοῦ
3151 1810 3361 1865 δικαίου
3402 1812 3492 1867 λό-

1906 1907 2005 1959 γον
2036 1889 2219 1961 μόνον.
2255 1891 2365 1947 Καὶ
2389 1891 2500 1963 γάρ
2533 1893 2628 1946 xal
2660 1892 3072 1963 φιλανθρωπίαν
3108 1888 3278 1961 εῖχεν,
3312 1896 3362 1947 εί
3397 1896 3494 1949 καὶ

1906 1972 2064 2025 τοῦτο
2088 1972 2370 2043 ἐπάθομεν
2399 1974 2459 2027 τὸ
2485 1975 2792 2045 γινόμενον.
2820 1976 2988 2029 Ὅταν
3018 1976 3115 2045 μὲν
3143 1976 3253 2047 γάρ
3292 1994 3375 2040 τις
3403 1977 3494 2030 τὸν

1910 2055 2078 2126 μηδὲν
2104 2055 2410 2126 ἠδικηκότα
2439 2056 2656 2129 ὐδρίζῃ,
2691 2058 2831 2112 κατά
2865 2059 2956 2111 τὸν
2982 2058 3079 2112 τοῦ
3104 2059 3311 2113 δικαίου
3337 2060 3494 2129 λόγον

1904 2139 2086 2193 δίδωσι
2111 2139 2302 2210 δίκην·
2350 2141 2480 2193 ὅταν
2520 2140 2577 2193 δέ
2620 2158 2706 2204 τις-
2746 2140 2838 2194 τὸν
2861 2142 3182 2211 εὐεργέτην,
3220 2143 3311 2195 τὸν
3340 2144 3500 2197 οὐδὲν

1907 2222 2261 2293 προπαθόντα
2291 2223 2410 2294 μέν,
2444 2218 2503 2277 εὖ
2532 2223 2837 2294 ποιήσαντα
2869 2223 2928 2277 δέ
2960 2224 3164 2294 μυρία,
3202 2226 3297 2279 καὶ
3332 2226 3494 2296 μόνον

1902 2305 2001 2359 τοῦ
2037 2302 2178 2359 εἶναι
2209 2305 2502 2377 γενόμενον
2530 2305 2725 2369 αἴτιον,
2740 2306 2834 2360 καὶ⁵
2854 2306 2989 2359 Θεὸν
3018 2307 3169 2373 ὄντα,
3198 2309 3294 2362 καὶ
3314 2308 3493 2382 ψυχὴν

1903 2389 2314 2457 ἐμπνεύσαντα,
2350 2389 2446 2442 καὶ
2476 2388 2645 2460 μυρία
2667 2390 3059 2459 χαρισάμενον,
3096 2391 3188 2444 καὶ
3224 2392 3306 2454 είς
3327 2392 3491 2464 οὐρα-

1899 2468 1991 2522 νὸν
2020 2469 2353 2540 βουληθέντα
2382 2472 2705 2538 ἀναγαγεῖν,
2737 2473 2788 2525 εί
2830 2472 3020 2525 τοῦτον
3057 2472 3197 2542 μετὰ
3226 2475 3493 2538 τοσαύτας

1903 2550 2226 2622 εὐεργεσίας
2261 2551 2337 2623 μὴ
2363 2551 2526 2622 μόνον
2560 2552 2797 2621 ὐδρίζει,
2827 2552 2967 2606 ἀλλὰ
2995 2554 3091 2607 xal
3120 2554 3245 2607 καθ’
3278 2556 3494 2627 ἡμέραν

1906 2634 2116 2705 ὑϐρίζει
2137 2636 2209 2689 δι’
2245 2630 2320 2688 ὧν
2351 2636 2516 2700 ποιεῖ,
2542 2634 2713 2717 ποίας
2734 2635 2884 2701 ἄξιος
2923 2635 3076 2688 ἔσται
3122 2636 3489 2709 συγγνώμηςς

1904 2717 2017 2785 Οὐχ
2050 2720 2183 2787 ὁρᾷς
2224 2718 2343 2781 πῶς
2384 2718 2477 2773 τὸν
2523 2718 2695 2789 ’Δδὰμ
2727 2718 2954 2772 ἐκόλασε
2998 2719 3087 2773 διὰ
3127 2719 3256 2789 μίαν
3308 2722 3492 2792 ἀμαρ-

1901 2799 2061 2864 τίανς
2091 2800 2222 2863 Nal,
2258 2801 2414 2870 φησὶ,
2440 2800 2774 2869 παράδεισον
2806 2801 3127 2871 παρέδωκεν
3159 2802 3372 2873 ἐκείνῳ,
3396 2804 3491 2858 καὶ

1904 2881 2110 2951 πολλῆς
2157 2881 2370 2945 εὐνοίας
2419 2880 2731 2935 ἀπολαῦσαι
2764 2883 3011 2952 ἐποίησε.
3054 2884 3245 2937 Καίτοι
3279 2902 3343 2953 γε
3391 2887 3495 2941 οὐκ

1903 2962 2051 3019 ἐστιν
2091 2965 2226 3031 ῖσον,
2269 2964 2454 3028 ἁδείας
2484 2962 2830 3016 ἀπολαύοντα
2881 2964 3219 3033 ἁμαρτάνειν
3242 3005 3258 3031 ,
3290 2967 3384 3019 καὶ
3430 2969 3491 3020 ἐν

1904 3047 2082 3116 θλίψει
2128 3047 2449 3101 καθεστῶτα
2500 3046 2691 3118 πολλῇ.
2720 3048 2832 3101 Kal
2864 3048 2971 3120 γὰρ
3004 3048 3065 3102 τὸ
3108 3048 3281 3103 δεινὸν
3328 3048 3491 3104 τοῦτό

1900 3130 2068 3193 ἐστιν,
2093 3129 2176 3182 ὅτι
2203 3129 2324 3182 οὐδὲ
2348 3130 2407 3180 ἐν
2434 3128 2753 3199 παραδείσῳ
2772 3128 2848 3183 ὢν
2886 3128 3247 3201 ἁμαρτάνεις,
3280 3131 3393 3185 ἀλλ’
3428 3134 3488 3185 ἐν

1895 3214 2011 3273 τοῖς
2038 3210 2253 3282 μυρίοις
2282 3210 2377 3263 τοῦ
2415 3211 2688 3281 παρόντος
2736 3209 2854 3280 βίου
2890 3213 3105 3278 κακοῖς,
3146 3213 3240 3265 καὶ
3265 3214 3385 3267 οὐδὲ
3418 3218 3487 3285 τῇ

1895 3293 2246 3365 ταλαιπωρία
2297 3293 2740 3363 σωφρονέστερος
2776 3293 2902 3363 γίνῃ
2927 3310 2941 3324 ο
2991 3293 3182 3365 ὥσπερ
3208 3295 3275 3348 ἂν
3316 3298 3371 3348 εῖ
3402 3312 3488 3359 τις

1896 3374 2179 3445 δεδεμένος
2210 3376 2390 3444 χρῷτο
2410 3376 2478 3444 τῇ
2506 3375 2764 3445 πονηρίᾳ.
2808 3375 2899 3427 Σοὶ
2933 3374 2992 3428 δέ
3026 3377 3119 3429 καὶ
3155 3377 3485 3441 παραδείσου

1900 3456 2126 3525 μείζονα
2157 3455 2523 3526 ἐπηγγείλατο
2546 3471 2559 3485 ’
2595 3458 2687 3509 καὶ
2718 3454 2843 3509 οὔτε
2876 3456 3075 3511 ἔδωκεν
3109 3459 3212 3529 ἡδη
3236 3501 3249 3523 ,
3289 3461 3374 3514 ἵνα
3406 3462 3482 3532 μή

1905 3554 1965 3589 σε
1995 3539 2187 3608 διαχέῃ
2216 3539 2274 3591 ἐν
2302 3537 2382 3608 τῷ
2409 3537 2587 3609 καιρῷ
2622 3538 2730 3592 τῶν
2755 3538 2981 3607 ἀγώνων
3001 3578 3017 3604 ,
3050 3540 3173 3594 οὐτε
3204 3542 3480 3612 ἐσίγησεν,

1898 3620 1984 3673 ἵνα
2008 3622 2082 3689 μή
2108 3637 2165 3672 σε
2186 3620 2545 3693 καταϐάλ[λ]ῃ
2575 3625 2687 3684 τοῖς
2714 3622 2915 3685 πόνοις.
2930 3624 3198 3687 Κάκεῖνος
3223 3625 3322 3693 μὲν
3353 3625 3483 3694 μίαν

1897 3703 2172 3774 ἁμαρτίαν
2198 3704 2479 3774 ἁμαρτὼν,
2514 3704 2745 3758 θάνατον
2780 3705 3076 3776 ὁλόκληρον
3109 3707 3479 3773 ἐπεσπάσατο,

1818 3798 1830 3812 ·
1895 3788 2055 3854 ἡμεῖς
2082 3785 2137 3837 δέ
2165 3786 2336 3856 μυρία
2360 3786 2483 3839 καθ’
2519 3787 2759 3856 ἐκάστην
2787 3787 3005 3857 ἡμέραν
3027 3786 3480 3860 πλημμελοῦμεν.

1894 3868 1958 3919 Ei
1985 3867 2043 3921 δὲ
2064 3869 2197 3938 μίαν
2217 3870 2595 3939 ἐργασάμενος
2624 3872 2831 3933 ἐκεῖνος
2857 3870 3111 3924 τοσοῦτον
3131 3873 3483 3927 ἐπεσπάσατο

1894 3951 2085 4014 κακὸν,
2108 3953 2201 4003 καὶ
2224 3952 2455 4004 θάνατον
2482 3954 2823 4022 είσήνεγκεν’
2853 3955 2903 4005 οί
2926 3952 3192 4023 διηνεκῶς
3221 3957 3279 4008 ἐν
3302 3956 3476 4025 ἀμαρ-

1892 4032 2099 4101 τήμασι
2132 4032 2355 4097 ζῶντες,
2387 4034 2440 4085 τί
2461 4034 2522 4086 οὐ
2558 4035 2882 4105 πεισόμεθα,
2916 4036 2964 4089 οί
3000 4036 3123 4088 ἀντὶ
3147 4037 3478 4105 παραδείσου

1893 4112 1985 4164 τὸν
2022 4114 2251 4183 οὐρανὸν
2304 4115 2749 4185 προσδοκῶντες;
2791 4118 3052 4186 Φορτικὸς
3095 4119 3123 4170 ό
3171 4118 3347 4184 λόγος,
3382 4119 3477 4170 καὶ

1893 4196 2056 4249 λυπεῖ
2084 4196 2176 4249 τὸν
2210 4198 2520 4268 ἀκροατήν·
2551 4199 2647 4251 καὶ
2672 4199 2730 4264 ἐξ
2757 4193 2832 4252 ὧν
2864 4199 3026 4262 αὐτὸς
3071 4200 3286 4269 πάσχω,
3317 4199 3478 4254 τοῦτο

1893 4275 2011 4331 οἶδα
2031 4294 2044 4307 ⁸
2087 4279 2183 4331 xal
2221 4279 2326 4348 γάρ
2349 4281 2382 4349 ἡ
2413 4281 2612 4350 καρδία
2644 4298 2745 4352 μου
2775 4282 3104 4351 ταράττεται
3131 4284 3223 4334 καὶ
3256 4282 3471 4337 πάλλεν

1892 4363 1986 4413 καὶ
2009 4362 2118 4431 ὅσῳ
2152 4361 2218 4413 ἂν
2258 4360 2352 4413 ῑδω
2392 4362 2933 4433 κατασκευαζόμενον
2978 4362 3072 4414 τὸν
3118 4364 3219 4433 τῆς
3251 4364 3468 4435 γεέννης

1890 4442 2070 4511 λόγον,
2096 4444 2339 4514 τοσούτῳ
2374 4445 2573 4513 μᾶλλον
2594 4446 2784 4515 τρέμω
2812 4444 2904 4497 καὶ
2930 4444 3228 4517 ἀναδύομαι
3247 4447 3323 4516 τῷ
3343 4447 3471 4503 δέει.

1902 4526 2043 4579 Ἀλλ’
2072 4527 2283 4596 ἀνάγκη
2309 4528 2482 4581 ταῦτα
2514 4528 2714 4593 λέγειν,
2755 4527 2841 4579 ἵνα
2870 4526 2944 4598 μὴ
2972 4531 3359 4599 περιπέσωμεν
3406 4534 3473 4601 τῇ

1890 4612 2105 4681 γεέννῃ.
2162 4610 2275 4663 Οὐκ
2307 4610 2499 4672 έλαὸες
2552 4610 2617 4662 σὺ
2679 4611 3007 4679 παράδεισον
3046 4613 3165 4665 οὐδέ
3216 4610 3347 4675 ξύλα
3381 4616 3475 4665 καὶ

1890 4694 2053 4759 φυτὰ,
2090 4691 2205 4744 ἀλλ’
2238 4692 2466 4761 οὐρανὸν
2505 4692 2695 4745 καὶτὰ
2738 4695 2796 4745 ἐν
2836 4696 2948 4755 τοῖς
2986 4695 3233 4761 οὐρανοῖς
3265 4694 3470 4761 ἀγαθά.

1890 4775 1951 4825 Et
1983 4774 2040 4825 δὲ
2062 4775 2089 4824 ό
2112 4772 2323 4826 ἐλάττω
2350 4772 2531 4827 λαϐὼν
2564 4775 2954 4845 κατεδικάσθη,
2989 4776 3081 4827 καὶ
3102 4775 3279 4837 οὐδεὶς
3307 4778 3472 4829 αὐτὸν

1886 4856 2119 4920 ἐξείλετο
2144 4856 2322 4925 λόγος,
2358 4858 2538 4929 πολλῷ
2570 4859 2771 4928 μᾶλλον
2803 4860 2961 4927 ἡμεῖς
2983 4858 3033 4909 οἱ
3055 4858 3273 4910 πλείονα
3291 4861 3472 4931 ἁμαρο

1884 4942 2139 5004 τάνοντες
2167 4944 2262 4995 καὶ
2303 4944 2394 4994 ἐπὶ
2444 4941 2656 5011 μείζοσι
2699 4940 3048 5010 κεκλημένοι,
3091 4942 3159 4994 τὰ
3194 4944 3471 5013 ἀνήκεστα

1887 5024 2288 5094 ὑπομενοῦμεν.
2344 5024 2627 5091 Ἐννόησον
2681 5022 2813 5090 γοῦν
2860 5024 3026 5077 πόσον
3075 5025 3262 5094 χρόνον
3303 5028 3361 5079 ἐν
3391 5026 3471 5095 τῷ

1885 5105 2104 5177 θανάτῳ
2140 5109 2291 5177 μένει
2321 5107 2406 5158 διά
2440 5106 2567 5176 μίαν
2594 5106 2871 5179 ἁμαρτίαν
2900 5108 2961 5160 τὸ
2987 5108 3141 5175 γένος
3174 5110 3234 5162 τὸ
3263 5111 3468 5180 ἡμέτε-

1887 5207 1997 5261 ροι.
2054 5189 2475 5258 Πεντακισχίλια
2509 5190 2602 5261 ἔτη
2644 5193 2736 5245 καὶ
2781 5190 2949 5243 πλείω
2982 5192 3229 5263 παρῆλθε
3260 5235 3273 5258 ,
3313 5193 3409 5247 καὶ
3440 5193 3470 5246 6

1884 5273 2112 5335 θάνατος
2145 5272 2359 5324 οὐδέπω
2384 5271 2605 5328 λέλυται
2628 5274 2714 5327 διὰ
2743 5274 2873 5343 μίαν
2899 5275 3194 5346 ἁμαρτίαν.
3217 5277 3324 5328 Kal
3348 5276 3469 5328 οὐδὲ

1883 5356 2081 5426 ἔχομεν
2110 5356 2304 5417 είπεῖν,
2330 5356 2411 5406 ὅτι
2448 5357 2742 5427 προφητῶν
2773 5357 3005 5425 ἤκουσεν
3037 5361 3064 5411 ό
3108 5359 3276 5425 Ἀδὰμ
3296 5396 3309 5415 .
3345 5358 3468 5409 οὐδέ

1883 5440 1964 5491 ὅτι
1987 5439 2079 5489 ἐπὶ
2120 5438 2513 5507 ἁμαρτήμασιν
2536 5440 2753 5508 ἐτέρους
2788 5439 3186 5509 κολαζομένους
3212 5436 3342 5501 εἶδε,
3374 5442 3471 5493 καὶ

1884 5519 2187 5591 φοϐηθῆναι
2218 5522 2467 5575 ἐντεῦθεν
2497 5524 2657 5574 αὐτὸν
2684 5522 2830 5584 εἰκὸς
2854 5520 2943 5594 ἦν,
2967 5525 3061 5577 καὶ
3089 5524 3239 5592 αὐτῷ
3266 5524 3343 5593 τῷ
3370 5540 3469 5577 πα-

1886 5604 2204 5674 ραδείγματι
2243 5606 2680 5676 σωφρονισθῆναι
2703 5624 2715 5635 ·
2746 5606 2960 5676 πρῶτος
2988 5608 3097 5675 γὰρ
3122 5603 3189 5677 ἦν
3219 5608 3339 5659 τότε
3373 5609 3467 5659 καὶ

1888 5686 2067 5755 μόνος,
2099 5686 2212 5737 ἀλλ’
2254 5688 2402 5757 ὅμως
2448 5690 2789 5758 ἐτιμωρεῖτο.
2827 5690 2897 5741 Σύ
2943 5689 3002 5741 δὲ
3034 5691 3186 5743 οὐδὲν
3217 5690 3282 5743 ἂν
3320 5689 3463 5759 ἒχοις

1882 5769 2083 5823 τούτων
2120 5770 2504 5840 προὸαλέσθαι,
2537 5774 2562 5823 ό
2591 5774 2726 5840 μετὰ
2759 5771 2992 5825 τοσαῦτα
3039 5773 3459 5845 παραδείγματα
