3980 6212
427 351 430 354 ,
472 295 542 352 77
1172 291 1237 347 S.
1275 288 1563 346 JOANNIS
1598 283 2094 343 CIIRYSOSTOMI
2137 284 2433 342 ARCHIEP
2496 285 3040 344 CONSTANTINOP.
3642 286 3708 342 78

471 410 761 481 γενόμενος
807 405 1021 476 χείρων,
1056 405 1083 457 0
1110 405 1361 457 τοσούτου
1408 402 1766 467 καταξιωθεὶς
1797 401 2044 470 Πνεύμα-

469 519 581 564 τος,
607 501 701 552 καὶ
730 497 789 549 00
839 498 966 567 μίαν
994 496 1116 548 ούδέ
1156 496 1250 549 δύο
1304 499 1397 549 καὶ
1445 498 1616 566 τρεῖς,
1653 494 1788 548 ἀλλά
1847 494 2046 564 μυρίας

470 590 829 657 ἐφελκόμενος
855 588 1146 658 ἁμαρτίας.
1175 588 1265 656 Μὴ
1291 587 1421 657 γάρ,
1449 588 1530 640 ὅτι
1567 590 1624 639 ἐν
1653 589 1790 658 ῥοπῇ
1821 585 2052 656 βραχείᾳ

473 677 586 750 [75]
619 679 688 730 τὰ
715 679 1088 748 ἁμαρτήματα
1121 678 1353 746 γίνεται,
1383 677 1539 729 τοῦτο
1571 678 1798 740 σκόπει,
1839 676 1934 728 καὶ
1963 675 2050 726 διά

467 766 627 818 τοῦτο
664 767 758 818 καὶ
801 765 900 836 τὴν
935 765 1156 818 κόλασιν
1189 765 1362 835 ῥοπῆς
1385 762 1521 817 εἶναι
1549 763 1753 834 νόμιζε.
1780 765 1891 831 Οὐχ
1921 762 2051 832 δρᾷς

469 860 594 920 τοὺς
618 856 960 928 ἀνθρώπους,
989 858 1040 909 οἳ
1082 858 1341 920 πολλάκις
1391 858 1529 927 ὑπὲρ
1565 859 1692 925 μιᾶς
1724 856 1930 924 κλοπῆς
1959 853 2051 906 καὶ

474 950 600 1018 μιᾶς
634 948 879 1018 μοιχείας
905 950 963 1000 ἐν
997 952 1166 1019 μικρᾷ
1198 952 1336 1019 ῥοπῇ
1375 962 1398 988 ⁸
1433 948 1724 1017 γινομένης
1759 949 1813 998 ἐν
1836 947 2049 1014 δεσμω-

470 1032 680 1101 τηρίοις
706 1031 801 1083 καὶ
828 1031 1111 1100 μετάλλοις
1139 1031 1434 1101 ὀλόκληρον
1466 1031 1646 1083 αὐτῶν
1669 1030 1761 1082 τὸν
1794 1027 1905 1097 βίον
1959 1029 2052 1079 av-

470 1122 709 1187 ἀλωσαν,
735 1120 877 1192 λιμῷ
913 1122 1149 1192 διηνεκεῖ
1174 1123 1266 1174 καὶ
1292 1123 1506 1192 μυρίοις
1533 1122 1852 1182 παλαίοντες
1885 1118 2047 1171 θανά-

469 1229 619 1276 τοις;
673 1213 764 1264 καὶ
813 1212 986 1275 οὐδεὶς
1031 1213 1230 1274 αὐτοὺς
1269 1212 1504 1275 ἐξείλετο
1559 1210 1679 1263 οὐδὲ
1720 1206 1872 1262 εἶπεν
1899 1251 1912 1272 ,
1966 1209 2048 1261 ὅτι

470 1303 663 1375 ἐπειδὴ
697 1305 725 1343 δ
765 1305 824 1356 ἐν
859 1303 1088 1376 βραχείᾳ
1131 1303 1321 1374 καιροῦ
1358 1306 1497 1373 ῥοπῇ
1536 1304 1595 1356 τὸ
1625 1303 1931 1372 ἁμάρτημα
1961 1301 2052 1368 γέ-

472 1410 618 1462 γονε,
641 1394 722 1446 δεῖ
750 1396 844 1448 καὶ
863 1395 960 1464 τὴν
987 1394 1209 1447 κόλασιν
1241 1393 1569 1465 ἀντίρροπον
1599 1396 1663 1464 τῇ
1687 1393 1932 1463 ἁμαρτίᾳ
1959 1392 2051 1444 καὶ

470 1484 564 1536 τὸν
583 1484 771 1552 χρόνον
804 1481 966 1550 ἔχειν.

547 1576 611 1644 β’.
631 1573 770 1627 Ἀλλ’
789 1573 1086 1644 ἄνθρωποι,
1103 1573 1285 1644 φησὶν,
1302 1573 1520 1638 είσὶν,οί
1553 1575 1727 1628 ταῦτα
1746 1574 2043 1640 ποιοῦντες,

473 1668 502 1718 0
537 1665 597 1718 δὲ
623 1665 754 1727 Θεὸς
789 1664 1169 1735 φιλάνθρωπός
1204 1668 1342 1718 ἐστι.
1390 1667 1613 1735 Πρῶτον
1666 1669 1764 1737 μὲν
1800 1665 1892 1720 οὖν
1929 1667 2049 1720 οὐδὲ

473 1751 750 1822 ἄνθρωποι
785 1751 1030 1822 ὠμότητι
1067 1751 1240 1806 ταῦτα
1278 1755 1634 1824 πράττουσιν,
1681 1757 1814 1810 ἀλλὰ
1864 1758 2057 1825 φιλαν--

475 1843 722 1913 θρωπία·
769 1842 864 1895 καὶ
904 1845 931 1894 0
962 1844 1094 1906 Θεὸς
1130 1844 1206 1910 δὲ,
1237 1841 1426 1914 ὥσπερ
1473 1847 1589 1896 ἐστὶ
1622 1846 2004 1915 φιλάνθρωπος
2032 1885 2047 1909 ,

473 1934 613 1987 οὕτω
647 1935 741 1987 καὶ
773 1933 1126 2003 ἐπεξέρχεται
1148 1950 1161 1964 ⁸
1196 1935 1337 1987 κατὰ
1363 1934 1470 2004 γὰρ
1499 1936 1560 1986 τὸ
1592 1935 1738 1997 ἕλεος
1761 1935 1923 1988 αὐτοῦ
1954 1953 2048 1987 που

472 2026 567 2088 λὺς
591 2028 684 2078 καὶ
715 2028 742 2077 0
769 2025 988 2094 ἐλεγχος
1015 2024 1204 2077 αὐτοῦ.
1243 2026 1412 2078 Ὅταν
1440 2021 1531 2078 οῦν
1561 2027 1720 2096 εἴπῃς
1749 2026 2052 2094 φιλάνθρω-

475 2136 575 2169 πον
595 2118 686 2169 τὸν
721 2116 1011 2180 Θεὸν,τότε
1047 2116 1269 2186 μείζονά
1304 2134 1394 2187 μοι
1428 2118 1602 2185 λέγεις
1644 2121 1743 2188 τῆς
1781 2119 2055 2184 κολάσεως

472 2211 570 2278 τὴν
600 2207 871 2279 ἀφορμὴν,
907 2208 987 2260 ὅτι
1015 2211 1094 2271 είς
1125 2209 1360 2262 τοιοῦτον
1388 2210 1796 2280 ἁμαρτάνομεν.
1837 2211 1926 2263 Διὸ
1961 2213 2052 2264 καὶ

473 2301 501 2350 0
537 2298 745 2361 Παῦλος
780 2299 951 2365 ἔλεγε·
984 2298 1242 2364 Φοΰερὸν
1279 2299 1343 2351 τὸ
1383 2299 1671 2367 ἐμπεσεῖν
1729 2302 1811 2364 είς
1852 2300 2052 2368 χεῖρας

477 2391 624 2443 Θεοῦ
683 2388 916 2453 ζῶντος.
971 2389 1316 2457 ’Λνάσχεσθε,
1370 2391 1699 2458 παρακαλῶ,
1741 2392 1838 2461 τῆς
1873 2392 2053 2460 πυρᾶς

474 2483 583 2534 τῶν
619 2482 909 2550 ῥημάτων
940 2479 1068 2542 ἴσως
1103 2480 1232 2549 γὰρ,
1259 2483 1389 2543 ἴσως
1424 2481 1574 2534 ἔσται
1602 2500 1684 2544 τις
1711 2483 1837 2552 ὑμῖν
1867 2482 2052 2534 ἐντεῦ-

477 2572 569 2624 θεν
604 2570 946 2642 παραμυθία.
981 2571 1075 2633 Τίς
1099 2571 1402 2640 ἀνθρώπων
1441 2573 1666 2626 δύναται
1707 2574 1931 2626 κολάσαι
1959 2573 2053 2623 οῦ-

475 2681 600 2726 τως,
627 2663 701 2725 ὡς
729 2662 984 2715 ἐκόλασεν
1022 2662 1216 2728 ὀΘεὸς,
1249 2664 1643 2732 διατακλυσμδν
1686 2663 1921 2732 ποιήσας
1961 2664 2054 2716 καὶ

477 2754 720 2806 πανωλεθ
731 2753 851 2822 ρίαν
869 2753 1128 2805 τοσούτου
1153 2754 1366 2820 γένους,
1391 2755 1485 2807 καὶ
1517 2753 1652 2822 μετὰ
1678 2754 1871 2824 μικρὸν
1894 2755 2053 2808 πάλιν

478 2843 588 2914 πῦρ
620 2845 825 2896 ἀνωθεν
862 2844 1082 2912 βρέξας,
1123 2844 1218 2896 καλ⁷
1263 2843 1472 2906 πάντας
1526 2845 1694 2914 ἄρδην
1748 2845 2049 2913 άφανίσας;

476 2935 610 2987 ποία
633 2922 935 3003 ἀνθρὺπιῦν
973 2935 1212 3005 τιμωρία
1242 2934 1466 2989 δύναται
1501 2933 1639 2989 εἶναι
1664 2937 1885 3007 τοιαύτη
1907 2956 1920 3002 ;
1943 2940 2055 3007 Οὐχ

475 3028 606 3096 ὁρᾷς
636 3025 904 3078 ἀθάνατον
932 3025 1116 3095 σχεδὸν
1146 3027 1238 3078 καὶ
1279 3028 1376 3096 τὴν
1411 3027 1660 3078 ἐντεῦθεν
1699 3029 1922 3078 κόλασιν
1965 3021 2055 3077 οὗ·

479 3134 610 3181 σαν;
647 3115 1069 3186 Τετρακισχίλια
1100 3115 1194 3182 ἐτη
1220 3117 1490 3185 παρῆλθε,
1517 3117 1611 3167 καὶ
1635 3119 1666 3185 ή
1694 3116 1932 3185 τιμωρία
1963 3116 2055 3184 μέ-

479 3222 559 3256 νει
587 3202 692 3255 τῶν
728 3202 1032 3269 Σοδομιτῶν
1065 3203 1408 3272 ἀκμάζουσα.
1437 3203 1647 3272 ’Ὠσπερ
1671 3205 1779 3272 γὰρ
1808 3206 1838 3272 ἡ
1872 3205 2056 3271 φιλαν-

479 3292 693 3362 θρωπία
719 3291 882 3344 αὐτοῦ
913 3292 1148 3361 μεγάλη,
1174 3291 1316 3345 οὕτω
1348 3293 1443 3345 καὶ
1473 3296 1505 3362 ἡ
1536 3294 1774 3357 κόλασις.
1815 3295 1924 3346 Kal
1947 3295 2053 3363 γὰρ

479 3385 650 3453 εἰμὲν
688 3384 920 3452 φορτικά
953 3401 1073 3436 τινα
1103 3383 1333 3447 ἐπέταξε
1377 3383 1473 3435 καὶ
1517 3384 1776 3449 ἀδύνατα,
1815 3384 1945 3448 ἴσως
1990 3386 2053 3438 ἄν

477 3492 560 3536 τις
593 3471 702 3543 εἶχε
737 3476 836 3544 τὴν
870 3474 1160 3527 δυσκολίαν
1205 3463 1574 3545 προϐαλέσθαι
1613 3476 1720 3529 τῶν
1760 3477 1975 3547 νόμων·
2007 3481 2055 3530 εί

478 3566 534 3617 δὲ
571 3566 773 3636 σφόδρα
818 3568 1010 3635 ῥᾷστα,
1047 3568 1098 3619 τί
1123 3567 1187 3619 ἂν
1221 3567 1441 3637 ἔχοιμεν
1468 3569 1638 3620 εἰπεῖν
1678 3567 1813 3638 μηδὲ
1852 3569 2056 3622 τούτων

375 3720 377 3722 _
480 3655 1003 3725 ποιούμενοιλόγον;
1034 3656 1346 3724 Νηστεῦσαι
1377 3657 1435 3708 00
1468 3656 1716 3719 δύνασαι,
1766 3659 1887 3712 οὐδὲ
1919 3677 2056 3729 παρ-

482 3746 660 3798 θενίαν
684 3745 954 3814 άσκῆσαις
979 3747 1170 3799 Καίτοι
1199 3763 1262 3812 γε
1289 3747 1538 3811 δύνασαι,
1587 3748 1686 3802 ἐὰν
1718 3748 1911 3819 θέλῃς,
1964 3751 2056 3802 καὶ

482 3835 880 3904 κατηγοροῦσιν
926 3835 1084 3905 ήμῶν
1117 3838 1167 3888 οί
1211 3836 1567 3906 δυνηθέντες
1625 3838 1741 3890 ἀλλ’
1768 3839 1916 3907 ὅμως
1959 3840 2058 3891 οὐκ

481 3926 753 3995 ἐχρήσατο
780 3925 951 3995 ταύτῃ
975 3926 1111 3996 πρὸς
1137 3927 1284 3993 ἡμᾶς
1311 3928 1338 3977 0
1369 3926 1501 3987 Θεὸς
1534 3929 1601 3996 τῇ
1639 3929 1919 3998 ἀκριὸείᾳ,
1939 3929 2058 3981 οὐδὲ

482 4017 710 4079 ἐπέταξε
737 4015 907 4067 ταῦτα
940 4017 1058 4067 οὐδὲ
1086 4016 1496 4084 ἐνομοθέτησεν,
1532 4018 1647 4068 ἀλλ’
1677 4019 1889 4087 ἀφῆκεν
1921 4015 2058 4072 εἶναι

480 4110 578 4179 τὴν
608 4109 818 4177 αἵρεσιν
848 4109 905 4159 ἐν
931 4109 996 4176 τῇ
1032 4106 1226 4179 γνώμῃ
1256 4107 1364 4160 τῶν
1396 4108 1730 4162 ἀκουόντων·
1764 4113 2060 4181 σωφρονεῖν

482 4201 538 4252 δέ
571 4202 627 4252 ἐν
656 4201 819 4269 γάμῳ
847 4197 1093 4262 δύνασαι,
1139 4199 1231 4250 καὶ
1272 4197 1346 4267 μὴ
1385 4198 1606 4269 μεθύειν
1630 4199 1877 4252 δύνασαι.
1907 4201 2060 4271 Χρή-

491 4309 636 4362 ματα
663 4293 896 4345 κενῶσαι
925 4291 984 4342 00
1017 4290 1242 4343 δύνασαι
1262 4292 1472 4355 πάντα;
1503 4292 1692 4344 Καίτοι
1717 4309 1780 4360 γε
1812 4291 2058 4355 δύνασαι,

488 4381 582 4433 καὶ
617 4382 865 4451 δηλοῦσιν
898 4383 946 4434 οἱ
980 4382 1381 4452 ἐργασάμενοι·
1411 4382 1523 4433 ἀλλ’
1561 4383 1709 4451 ὅμως
1754 4383 1876 4434 οὐδὲ
1904 4383 2061 4436 τοῦτο

487 4469 766 4534 ἐπέταξεν,
792 4471 925 4521 ἀλλά
958 4472 1031 4540 μὴ
1062 4468 1329 4540 ἁρπάζειν
1355 4469 1627 4534 ἐκέλευσε,
1655 4469 1748 4522 καὶ
1769 4470 1832 4521 ἐκ
1850 4469 1956 4521 τῶν
1985 4470 2062 4523 δν-

487 4581 595 4616 των
615 4563 726 4621 τοῖς
751 4559 1021 4626 δεομένοις
1073 4563 1404 4632 ἐπικουρεῖν.
1441 4561 1503 4613 Εἰ
1539 4559 1597 4612 δὲ
1642 4559 1789 4627 λέγοι
1827 4576 1910 4622 τις
1932 4601 1945 4623 ,
1981 4560 2062 4611 ὅτι

488 4654 622 4707 Ούδέ
647 4654 714 4721 τῇ
744 4650 962 4718 γυναικὶ
991 4650 1146 4715 μόνον
1192 4651 1526 4720 ἀρκεσθῆναι
1561 4649 1796 4719 δύναμαι
1819 4687 1836 4710 ,
1879 4649 2064 4719 ἀπατᾷ

489 4743 679 4797 ἑαυτὸν
704 4740 798 4793 καὶ
833 4735 1285 4807 παραλογίζεταιυ
1324 4739 1417 4791 καὶ
1439 4737 1843 4809 κατηγοροῦσιν
1862 4745 1864 4748 ’
1881 4737 1929 4787 οἱ
1954 4754 2062 4805 χω-

492 4838 574 4904 ρἰς
603 4831 862 4902 γυναικὸς
900 4826 1325 4898 σωφρονοῦντες.
1357 4829 1422 4879 Τί
1451 4829 1528 4895 δὲ,
1557 4830 1678 4882 εἰπέ
1714 4847 1826 4899 μοι,
1856 4828 1931 4900 μὴ
1957 4829 2064 4882 λοι-

489 4923 759 4993 δορεῖσθαι
796 4921 854 4974 οὐ
907 4918 1175 4984 δύνασαι;
1223 4917 1297 4989 μὴ
1329 4919 1672 4988 καταρᾶσθαι
1701 4922 1763 4972 o0
1800 4920 2061 4985 δύνασαι;

492 5015 604 5068 Kal
639 5015 744 5085 μὴν
777 5015 836 5066 τὸ
871 5009 1048 5065 ταῦτα
1077 5013 1250 5064 ποιεῖν
1285 5009 1568 5082 φορτικὸν,
1591 5011 1650 5061 00
1675 5011 1736 5062 τὸ
1765 5010 1841 5080 μὴ
1868 5014 2060 5065 ποιεῖν.

493 5102 661 5156 Ποίαν
684 5098 775 5155 οὖν
797 5102 990 5174 ἔχομεν
1014 5101 1339 5169 ἀπολογίαν,
1371 5099 1441 5152 τά
1468 5099 1609 5152 οὕτω
1639 5099 1817 5167 κοῦφα
1841 5101 1932 5153 καὶ
1974 5102 2032 5154 εὖ
2050 5129 2065 5140 ο

494 5195 626 5246 κολα
675 5191 748 5261 μὴ
793 5193 1191 5259 φυλάττοντες;
1225 5192 1339 5244 Οὐκ
1379 5189 1525 5242 ἔστιν
1572 5190 1744 5242 εἰπεῖν
1794 5189 2064 5260 οὐδεμίαν.

498 5286 619 5339 Ὅτι
658 5285 755 5355 μὲν
776 5277 869 5336 οὖν
892 5283 1214 5356 ἀθάνατοςή
1253 5283 1491 5346 κόλασις,
1520 5283 1584 5334 ἐκ
1621 5281 1729 5334 τῶν
1765 5281 2068 5352 εἰρημένων

497 5378 755 5434 ἁπάντων
780 5375 968 5444 δῆλον·
1006 5376 1192 5448 ἐπειδὴ
1229 5377 1285 5430 δέ
1322 5377 1471 5430 δοκεῖ
1501 5392 1612 5428 τισι
1635 5374 1697 5426 τὸ
1734 5372 1829 5427 τοῦ
1856 5374 2068 5426 Παύλου

501 5470 652 5539 ῥῆμα
684 5465 1049 5530 ἀντιπίπτειν,
1075 5470 1206 5538 φέρε
1235 5468 1330 5524 καὶ
1362 5469 1491 5523 αὐτὸ
1518 5467 1924 5537 καταμάθωμεν
1945 5468 2072 5535 άγα-

2153 401 2210 452 εἷ
2258 418 2418 466 τινος
2463 401 2529 454 τό
2557 401 2734 468 ἔργον
2762 399 3198 468 κατακαήσεται
3221 442 3236 467 ,
3273 399 3714 469 ζημιωθήσεται,

2153 492 2458 561 ἐπήγαγενο
2491 493 2684 558 Αὐτὸς
2722 493 2788 545 δὲ
2814 493 3170 557 σωθήσεται,
3206 492 3356 544 οὕτω
3398 491 3466 543 δὲ
3503 492 3582 556 ὡς
3618 491 3714 545 διὰ

2152 584 2359 650 πυρός.
2383 585 2448 636 Τί
2483 580 2574 637 οῦν
2605 584 2670 637 ἂν
2698 587 2945 654 εἴποιμεν
2972 584 3106 654 πρὸς
3127 583 3317 643 τοῦτος
3351 585 3717 653 Σκοπήσωμεν

2151 674 2413 744 πρότερον
2437 673 2519 736 τίς
2546 676 2692 726 ἐστιν
2717 675 2745 725 0
2778 674 3050 743 θεμέλιος,
3083 673 3176 725 καὶ
3201 672 3280 735 τίς
3306 674 3334 724 0
3364 673 3585 741 χρυσὸς,
3621 673 3715 725 καὶ

2150 765 2293 827 τίνες
2325 767 2373 817 οί
2403 765 2537 818 λίθοι
2581 766 2628 818 οἱ
2657 766 2849 835 τίμιοι,
2877 765 2974 818 καὶ
3002 765 3085 828 τίς
3126 766 3154 816 0
3184 764 3371 834 χόρτος
3391 805 3404 825 ,
3440 766 3531 816 καὶ
3566 765 3647 825 τίς
3673 765 3708 833 ἡ

2152 857 2393 927 καλάμη.
2425 858 2528 910 Τὸν
2563 858 2659 926 μὲν
2684 853 2775 911 οῦν
2811 857 3058 928 θεμέλιον
3096 856 3344 926 φανερῶς
3386 856 3551 917 αὐτὸς
3595 855 3716 924 ἐδή-

2151 949 2321 1001 λωσεν
2341 950 2468 1002 ὄντα
2487 950 2578 1002 τὸν
2597 951 2639 1001 Χ
2652 949 2830 1017 ριστὸν
2858 949 3026 1002 εἰπών
3045 964 3056 976 ⁸
3087 948 3370 1016 Θεμέλιον
3391 948 3498 1015 γὰρ
3523 947 3719 1000 ἄλλον

2151 1040 2346 1106 οὐδεὶς
2375 1040 2625 1093 δύναται
2653 1040 2839 1094 θεῖναι
2874 1041 3031 1108 παρὰ
3052 1040 3158 1093 τὸν
3178 1040 3453 1108 κείμενον
3472 1079 3486 1103 ,
3533 1039 3714 1108 φησὶν,

2154 1129 2221 1196 ὅς
2251 1131 2379 1184 ἐστι
2412 1131 2668 1198 Χριστὸς
2707 1131 2963 1198 Ἰησοῦς.
3007 1132 3067 1184 Ἠ
3104 1130 3161 1183 δὲ
3199 1130 3452 1200 οἰκοδομὴ
3492 1127 3719 1199 πράξεις

2153 1223 2277 1290 ἐμοὶ
2299 1222 2545 1274 δοκοῦσιν
2567 1221 2724 1276 εἶναι.
2759 1225 2948 1275 Καίτοι
2991 1223 3054 1290 γέ
3085 1223 3229 1286 τινές
3275 1239 3456 1291 φασιν,
3495 1223 3574 1275 ὅτι
3625 1221 3718 1274 καὶ⁵

2152 1314 2281 1368 αὐτὸ
2317 1315 2475 1367 τοῦτο
2505 1316 2630 1385 περὶ
2666 1315 3000 1368 διδασκάλων
3047 1316 3257 1384 εἴρηται
3309 1315 3402 1366 καὶ
3438 1313 3714 1382 μαθητῶν,

2155 1409 2246 1460 καὶ⁸
2292 1407 2421 1476 περὶ
2468 1406 2731 1475 αἱρέσεων
2762 1405 3197 1475 διεφθαρμένων·
3251 1403 3366 1456 ἀλλ’
3402 1405 3430 1454 0
3476 1404 3717 1469 λόγοςού

2153 1498 2535 1568 παραδέχεται.
2570 1498 2631 1549 Εί
2671 1497 2779 1568 γάρ
2817 1496 2973 1550 τοῦτό
3009 1498 3150 1560 ἐστι,
3185 1496 3300 1558 πῶς
3327 1495 3387 1549 τὸ
3436 1494 3532 1563 μὲν
3561 1494 3718 1563 ἔργον

2153 1587 2466 1650 ἀπόλλυται,
2484 1589 2511 1639 0
2540 1587 2595 1639 δέ
2625 1586 2918 1655 οἰκοδομῶν
2945 1585 3247 1655 σωθήσεται
3265 1584 3366 1636 κᾶν
3393 1583 3480 1636 διά
3514 1582 3716 1652 πυρόςς

2152 1679 2242 1731 τὸν
2291 1678 2400 1748 γὰρ
2442 1678 2616 1731 αἴτιον
2659 1678 2859 1747 μᾶλλον
2891 1677 3223 1731 ἀπόλλυσθαι
3277 1676 3478 1746 ἐχρῆν·
3515 1676 3632 1727 νυνὶ
3663 1675 3720 1726 δὲ

2155 1771 2509 1840 εὑρεθήσεται
2541 1769 2761 1821 πλείονα
2782 1769 2937 1838 δίκην
2969 1768 3142 1830 διδοὺς
3168 1769 3195 1818 0
3236 1765 3629 1836 olxo60p.r‘isi;.
3658 1765 3720 1816 Εί

2158 1858 2257 1926 μὲν
2307 1857 2415 1927 γὰρ
2470 1862 2498 1910 0
2551 1858 2870 1920 διδάσκαλος
2908 1857 3078 1918 αἴτιος
3128 1855 3318 1922 γέγονε
3359 1855 3457 1923 τῆς
3501 1855 3720 1914 κακίας,

2155 1943 2770 2014 πλείοναάξιοςδοῦναι
2804 1949 2990 2018 δίκην·
3025 1948 3140 2009 πῶς
3176 1942 3268 1999 οὖν
3301 1945 3635 2015 σωθήσεταις
3672 1946 3722 1996 εί

2153 2037 2197 2089 δ’
2223 2038 2321 2088 ούκ
2365 2040 2557 2100 αἴτιος,
2595 2037 2729 2090 ἀλλά
2761 2038 2911 2107 παρά
2941 2037 3039 2107 τὴν
3065 2037 3268 2089 οἰκείαν
3313 2034 3641 2103 δυστροπίαν
3673 2034 3722 2085 οξ

2157 2125 2393 2196 μαθηταὶ
2423 2125 2654 2180 τοιοῦτοι
2692 2127 2976 2192 γεγόνασιν
2999 2163 3013 2186 ,
3052 2125 3159 2177 οὐδ’
3192 2124 3326 2186 ὅλως
3357 2123 3500 2186 ἄξιος
3541 2122 3722 2174 δοῦναι

2152 2216 2327 2287 δίκην,
2365 2216 2478 2269 ἀλλ’
2510 2216 2628 2269 ούδέ
2666 2216 2870 2285 ζημίαν
2905 2216 3203 2285 ὑποστῆναι
3246 2216 3272 2266 0
3303 2213 3482 2276 καλῶς
3521 2213 3721 2265 οἰκοδο-

2157 2309 2352 2378 μήσας.
2386 2309 2508 2369 Πῶς
2529 2303 2622 2360 οὖν
2646 2324 2798 2376 φησι,
2832 2306 3312 2374 Ζημιωθήσεται;
3359 2305 3520 2356 Ὅθεν
3567 2303 3720 2372 δῆλον

2153 2400 2232 2450 ὅτι
2261 2398 2387 2468 περὶ
2415 2399 2710 2468 πράξεωνό
2735 2397 2910 2465 λόγος.
2947 2397 3164 2465 Ἐπειδὴ
3191 2396 3297 2466 γάρ
3327 2395 3506 2465 μέλλει
3540 2393 3723 2445 Ϊ.οιπὸν

2156 2491 2287 2558 πρὸς
2333 2489 2425 2540 τὸν
2476 2474 2884 2556 πεποᾷνευκότα
2931 2485 3334 2548 ἀποτείνεσθαι,
3390 2483 3596 2537 ἀνωθεν
3630 2481 3723 2534 καὶ

2157 2577 2261 2646 πρὸ
2290 2576 2484 2627 πολλοῦ
2508 2577 2902 2630 καταϐάλλεται
2920 2577 2985 2630 τὰ
3008 2577 3286 2645 προοίμια.
3309 2570 3428 2626 Οἵδε
3454 2575 3578 2642 γὰρ,
3597 2573 3724 2643 περὶ

2157 2668 2340 2737 ἐτέρου
2367 2669 2761 2738 διαλεγόμενος,
2796 2671 2854 2721 ἐν
2870 2671 3006 2739 αὐτῇ
3033 2671 3098 2738 τῇ
3122 2667 3249 2738 περὶ
3279 2666 3462 2736 ἐτέρου
3490 2666 3724 2731 διαλέξει

2156 2760 2696 2833 προκατασκευάζειν
2749 2761 2956 2831 ἕτερον,
3013 2760 3097 2827 ἐφ’
3131 2759 3159 2812 ὃ
3193 2757 3374 2830 μέλλει
3408 2759 3562 2811 ίέναι.
3617 2755 3727 2807 Kal

2154 2855 2260 2924 γὰρ
2288 2855 2554 2923 ἐπιτιμῶν
2594 2854 2722 2923 περὶ
2766 2853 2859 2904 τοῦ
2905 2854 2979 2921 μὴ
3026 2851 3313 2920 ἀναμένειν
3355 2850 3577 2910 ἑαυτοὺς
3612 2849 3726 2908 τοῖς

2155 2945 2416 3014 ἀρίστοις,
2453 2944 2540 2995 τὸν
2576 2943 2701 3010 περὶ
2735 2942 2841 2996 τῶν
2880 2940 3195 3012 μυστηρίων
3240 2938 3609 2992 κατεσκεύασε
3638 2938 3727 2990 λό-

2154 3050 2269 3102 γον.
2311 3034 2430 3083 Ὀτι
2458 3032 2513 3084 δέ
2540 3033 2631 3084 καὶ
2665 3030 2758 3084 νῦν
2792 3031 2928 3102 πρὸς
2953 3031 3044 3083 τὸν
3077 3029 3487 3098 πεπορνευκότα
3516 3027 3729 3095 ἐπείγε-

2154 3139 2261 3186 ται,
2283 3123 2412 3192 περὶ
2434 3121 2529 3173 τοῦ
2555 3121 2804 3190 θεμελίου
2832 3119 3022 3183 είπὼν,
3056 3122 3356 3190 ἐπήγαγεν·
3386 3121 3505 3172 Οὐκ
3526 3119 3728 3171 οἴδατε

2155 3211 2241 3264 ὅτι
2263 3211 2408 3276 ναὸς
2434 3211 2579 3264 Θεοῦ
2602 3212 2758 3274 ἐστε,
2793 3210 2890 3262 καὶ
2913 3209 2978 3261 τὸ
3008 3209 3249 3275 Πνεῦμα
3273 3207 3377 3260 τοῦ
3404 3206 3552 3258 Θεοῦ
3582 3203 3732 3258 οἰκεῖ

2153 3304 2222 3356 ἐν
2250 3303 2420 3372 ὐμῖν;
2448 3303 2520 3356 Εἴ
2539 3320 2626 3367 τις
2650 3302 2758 3355 τὸν
2782 3301 2932 3354 ναὸν
2960 3300 3064 3353 τοῦ
3101 3298 3251 3352 Θεοῦ
3297 3297 3544 3365 φθείρει,
3587 3298 3731 3362 φθε-

2146 3394 2247 3462 ρεῖ
2267 3394 2479 3448 τοῦτον
2502 3397 2532 3446 ό
2567 3395 2729 3457 Θεός.
2767 3390 2953 3444 Ταῦτα
2987 3389 3043 3441 δέ
3061 3389 3246 3454 ἔλεγεν
3270 3387 3368 3457 ήδη
3395 3383 3732 3437 διασαλεύων

2154 3483 2232 3551 τῷ
2262 3483 2411 3550 φόϐῳ
2433 3484 2532 3550 τὴν
2557 3481 2732 3550 ψυχὴν
2759 3478 2850 3531 τοῦ
2881 3476 3332 3546 πεπορνευκότος.
3368 3473 3437 3525 Εἴ
3459 3489 3542 3535 τις
3569 3473 3732 3523 ἐποι-

2158 3573 2395 3642 κοδομεῖ
2425 3571 2522 3626 ἐπὶ
2548 3572 2656 3624 τὸν
2694 3569 2971 3637 θεμέλιον
2990 3567 3227 3627 τοῦτον,
3272 3562 3523 3630 χρυσὸν,
3551 3562 3733 3628 ἄργυ-

2151 3683 2284 3733 ρον,
2324 3665 2535 3727 λίθους
2589 3661 2817 3729 τιμίους
2844 3701 2857 3724 ,
2895 3659 3086 3721 ξύλα,
3127 3656 3362 3734 χόρτον,
3426 3653 3732 3722 καλάμην.

2158 3745 2312 3809 Μετὰ
2344 3756 2452 3825 γὰρ
2482 3755 2581 3825 τὴν
2613 3752 2794 3824 πίστιν
2830 3749 3115 3818 οἰκοδομῆς
3147 3746 3305 3817 χρεία
3330 3761 3344 3775 '
3384 3745 3464 3797 διὸ
3507 3746 3603 3797 καὶ
3633 3746 3733 3796 ἀλ-

2158 3846 2321 3916 λαχοῦ
2365 3863 2546 3916 φησιν·
2593 3841 2965 3908 Οἱκοδομεῒτε
2997 3837 3313 3903 ἀλλήλους
3357 3837 3426 3887 ἐν
3463 3834 3588 3899 τοῖς
3629 3838 3734 3888 λό-

2161 3957 2283 4007 Τοις
2308 3939 2554 3998 τούτοις.
2595 3934 2707 3986 Kal
2737 3933 2844 4001 γάρ
2869 3931 2962 3982 καὶ
2991 3931 3017 3981 0
3039 3926 3288 3996 τεχνίτης
3312 3927 3402 3978 καὶ
3425 3928 3451 3978 0
3486 3925 3736 3996 μαθητὴς

2163 4026 2603 4095 συνεισφέρουσιν
2630 4025 2686 4074 ἐν
2707 4024 2770 4091 τῇ
2801 4022 3057 4088 οἰκοδομῇ
3081 4036 3095 4048 ’
3136 4017 3217 4070 διὸ
3238 4017 3416 4085 λέγει·
3441 4017 3738 4082 Ἕκαστος

2160 4116 2228 4169 δὲ
2243 4114 2518 4179 βλεπέτω
2543 4111 2668 4174 πῶς
2689 4106 3088 4175 ἐποικοδομεῖ.

2231 4212 2300 4274 γ’.
2320 4205 2384 4256 Εἰ
2404 4203 2460 4254 δὲ
2484 4202 2612 4271 περὶ
2643 4200 2876 4261 πίστεως
2895 4196 3067 4250 ταῦτα
3093 4195 3299 4266 είρητο,
3323 4195 3478 4262 λόγον
3501 4196 3600 4248 οὐκ
3622 4194 3737 4266 ἔχει

2162 4296 2222 4348 τὸ
2246 4294 2556 4362 λεγόμενον.
2597 4291 2683 4342 Ἐν
2711 4289 2815 4358 γὰρ
2850 4290 2918 4356 τῇ
2960 4287 3138 4338 πίστει
3174 4285 3320 4347 ἴσους
3355 4284 3562 4346 πάντας
3593 4281 3738 4338 εἶναι

2162 4383 2288 4454 χρὴ,
2321 4383 2504 4451 ἐπειδὴ
2540 4380 2637 4450 μία
2687 4379 2903 4437 πίστις’
2945 4379 3002 4428 ἐν
3029 4376 3084 4428 δέ
3137 4376 3308 4444 ἀρετῇ
3350 4375 3466 4444 βίου
3522 4375 3624 4428 οὐκ
3656 4376 3740 4428 ἔνι

2167 4474 2372 4535 πάντας
2406 4471 2544 4523 εἶναι
2571 4471 2697 4531 τοὺς
2727 4466 2943 4527 αύτούς.
2975 4468 3163 4528 Πίστις
3197 4468 3294 4536 μὲν
3326 4466 3434 4535 γάρ
3463 4467 3562 4518 οὐκ
3587 4466 3741 4519 ἔστιν

2166 4569 2199 4635 ὴ
2232 4566 2332 4634 μὲν
2367 4566 2628 4627 ἐλάττων,
2668 4565 2700 4631 ἡ
2727 4563 2782 4613 δὲ
2819 4558 3064 4629 βελτίων,
3095 4560 3210 4611 ἀλλ’
3239 4563 3270 4629 ή
3325 4561 3462 4632 αὑτὴ
3516 4562 3743 4615 πάντων

2166 4656 2273 4708 τῶν
2303 4653 2520 4723 ἀληθῶς
2543 4651 2940 4703 πιστευόντων·
2967 4648 3055 4698 ἐπ’*
3081 4647 3134 4699 δέ
3167 4647 3282 4714 βίου
3325 4649 3438 4701 ἐστι
3468 4651 3596 4711 τοὺς
3641 4651 3743 4720 μὲν

2169 4741 2614 4809 σπουδαιοτέρους
2636 4737 2796 4800 εἶναι,
2815 4739 2940 4798 τοὺς
2955 4737 3007 4788 δέ
3035 4736 3440 4806 ῥᾳθυμοτέρους
3464 4755 3476 4767 ·
3501 4742 3747 4805 καὶτοὺς

2171 4836 2268 4907 μὲν
2291 4829 2731 4902 ἀκριϐεστέρους,
2751 4827 2875 4888 τοὺς
2891 4827 2947 4878 δὲ
2977 4825 3434 4894 καταδεεστέρους
3457 4845 3469 4858 ·
3495 4831 3591 4881 καὶ
3613 4833 3745 4896 τοὺς

2171 4930 2268 5000 μὲν
2296 4927 2364 4981 τά
2405 4922 2594 4995 μείζω,
2623 4921 2746 4982 τοὺς
2770 4919 2824 4971 δέ
2847 4919 2914 4971 τά
2933 4918 3138 4970 ἐλάττω
3165 4918 3621 4988 κατωρθωκέναι·
3648 4925 3749 4976 καὶ

2166 5019 2293 5080 τοὺς
2321 5015 2418 5086 μὲν
2442 5009 2822 5083 χαλεπώτερα,
2847 5009 2972 5069 τοὺς
2991 5006 3046 5058 δὲ
3071 5005 3475 5079 καταδεέστερα
3493 5008 3751 5079 πεπλημ-

2173 5106 2488 5182 μεληκέναι.
2526 5103 2623 5156 Διά
2649 5099 2803 5151 τοῦτο
2829 5093 2949 5149 εἷπε
2980 5095 3200 5167 χρυσὸν,
3232 5096 3510 5168 ἄργυρον,
3559 5099 3748 5164 λίθους

2168 5201 2403 5270 τιμίους,
2436 5194 2548 5268 [77]
2575 5191 2726 5258 ξύλα,
2752 5191 2962 5261 χόρτον,
2995 5188 3269 5260 καλάμην.
3331 5191 3628 5254 Ἑκάστρυ
3678 5194 3747 5248 τὸ

2170 5293 2344 5360 ἔργον
2371 5285 2631 5359 φανερὸν
2649 5281 2984 5354 γενήσεται.
3008 5281 3120 5350 Τὴν
3145 5281 3343 5354 πρᾶξιν
3367 5284 3606 5338 ἐνταῦθά
3637 5303 3750 5357 φη-

2174 5399 2277 5434 σιν.
2313 5383 2386 5435 ΕΖ
2412 5396 2572 5443 τινος
2595 5376 2662 5429 τὸ
2690 5376 2866 5444 ἔργον
2885 5371 3072 5441 μενεῖ,
3106 5373 3138 5426 ὃ
3168 5372 3624 5442 ἐπῳκοδόμησε,
3651 5395 3752 5446 με-

2173 5472 2326 5526 σθὸν
2358 5472 2618 5538 λήψεται
2638 5481 2652 5495 °
2696 5465 2752 5519 εί
2776 5481 2938 5530 τινος
2962 5463 3026 5516 τὸ
3060 5464 3239 5533 ἔργον
3269 5464 3751 5534 κατακαήσεται,

499 5560 683 5627 γόντες
719 5559 798 5620 είς
847 5555 1031 5627 μέσον.
1082 5559 1267 5612 Εἰπὼν
1299 5560 1427 5629 γάρ,
1459 5560 1534 5614 El
1569 5577 1734 5625 τινος
1779 5559 1847 5612 τὸ
1894 5557 2074 5628 ἔργον

498 5649 682 5719 μένειν
715 5644 1213 5716 ὃέπφκρδόμησε,
1253 5648 1368 5722 [76]
1389 5651 1612 5720 μισθὸν
1647 5650 1908 5720 λήψεται
1931 5667 1945 5680 ο
1974 5650 2069 5704 καί

563 5747 578 5769 ³
605 5748 862 5813 Legebalur
901 5752 947 5801 ἐν
971 5756 1054 5816 μιᾷ
1078 5753 1215 5817 ῥοπῇ.
1300 5751 1329 5792 ι)
1355 5754 1527 5805 Deerat
1551 5754 1730 5813 ἐπειδή.

2170 5561 2619 5635 ζημιωθήσεται.
2647 5557 2838 5610 Καίτοι
2868 5573 2929 5624 γε
2962 5557 3010 5607 εί
3043 5557 3170 5625 περὶ
3200 5553 3460 5624 μαθητῶν
3483 5556 3578 5606 καὶ
3605 5555 3754 5610 διδα-

2177 5651 2391 5704 σκάλων
2417 5649 2477 5700 τὸ
2499 5647 2788 5716 λεγόμενον
2820 5642 2908 5716 ἦν,
2941 5645 3062 5698 οὔτε
3093 5642 3431 5714 ζημιοῦσθαι
3469 5645 3662 5714 ἐχρῆν.
3701 5650 3754 5702 ει

2118 5741 2122 5746 ’
2181 5743 2254 5813 μὴ
2283 5730 2519 5811 ἥκουσαν
2541 5739 2589 5791 οἱ
2625 5736 2859 5808 μαθηταί
2904 5737 3001 5792 Διά
3025 5734 3129 5807 γάρ
3153 5733 3316 5788 τοῦτό
3350 5750 3535 5804 φησιν’
3576 5737 3753 5794 Ἕκα-
