4028 6208
234 325 307 382 -ιτ
1337 311 1402 367 ιΝ
1440 309 1705 368 ΕΡΙΒΤ.1
1756 309 1845 365 AD
1881 306 2033 365 con.
2080 314 2305 371 norum
2351 319 2441 374 ix.
3428 331 3498 385 ἰε

236 452 430 498 strum.
452 438 694 510 Quinque
717 436 861 489 mille
883 432 1009 488 anni
1036 440 1090 485 et
1119 429 1297 500 plures
1324 428 1695 498 pmterierunt
1719 468 1735 492 ,
1760 434 1814 480 et

236 550 386 591 mors
414 532 645 587 nondum
676 529 850 583 soluta
893 528 1027 592 luit,
1075 534 1291 593 pr0pter
1332 538 1494 577 unum
1538 530 1816 591 peccatum

238 627 471 682 inducta.
517 622 624 677 Nec
653 634 935 691 possumus
957 618 1135 671 dicere
1171 614 1430 668 Adamum
1462 614 1689 681 aliquem
1719 627 1819 666 au-

237 719 383 772 disse
415 715 727 785 prophetam
752 754 767 779 ,
800 713 884 765 vel
932 710 1102 778 ipsum
1154 707 1290 760 alios
1316 714 1552 785 propter
1601 714 1818 773 peccata

237 784 451 879 punitos
480 807 677 860 vidisse
699 847 715 869 ,
748 812 802 857 et
830 818 924 872 par
951 801 1114 854 fuisse
1142 809 1199 853 ut
1229 784 1350 852 inde
1378 797 1623 859 timeret,
1657 807 1818 865 atque

236 899 481 966 exemplo
507 898 712 952 cautior
741 898 889 947 lieret
919 910 931 945 :
968 892 1169 961 primus
1199 891 1343 945 enim
1372 897 1487 949 erat
1532 897 1585 941 et
1623 888 1769 941 solus
1798 927 1814 953 ,

237 1001 517 1060 tamenque
540 987 882 1059 puniebatur.
902 984 982 1038 Tu
1011 997 1141 1038 vero
1163 982 1294 1035 nihil
1312 982 1501 1035 horum
1524 978 1818 1034 obtendere

234 1094 419 1154 potes.
449 1083 535 1153 qui
564 1090 684 1151 post
716 1088 791 1133 tot
817 1078 1061 1146 exempla
1101 1074 1338 1129 deterior
1377 1070 1548 1126 factus
1591 1086 1653 1125 es
1680 1113 1695 1137 ,
1728 1070 1815 1139 qui

236 1184 384 1229 tanto
411 1173 652 1242 dignatus
680 1185 737 1225 es
766 1168 967 1239 Spiritu
992 1208 1008 1233 ,
1050 1179 1113 1220 ac
1151 1180 1260 1219 non
1288 1178 1450 1217 unum
1478 1163 1559 1216 vel
1591 1161 1700 1215 duo
1731 1160 1816 1215 vel

233 1265 375 1328 tria,
424 1262 517 1317 sed
566 1262 845 1315 innumera
895 1266 1109 1328 peccata
1155 1254 1522 1311 accumulasti.
1561 1252 1639 1307 Ne
1676 1254 1816 1307 enim

232 1352 562 1416 consideres,
594 1350 737 1421 quod
765 1350 911 1404 brevi
940 1348 1195 1416 temporis
1234 1354 1508 1399 momento
1542 1352 1816 1413 peccatum

232 1444 580 1507 admittatur;
629 1457 805 1512 neque
848 1441 968 1495 ideo
996 1448 1147 1508 putes
1170 1438 1489 1507 supplicium
1523 1444 1817 1490 momenta-

234 1550 394 1588 neum
425 1534 654 1587 futurum
682 1546 825 1587 esse.
858 1531 1050 1584 Annon
1078 1528 1227 1583 vides
1255 1528 1498 1582 homines
1537 1529 1624 1597 qui
1673 1542 1816 1595 Smpe

231 1642 332 1696 pro
360 1642 465 1680 uno
495 1626 632 1679 furto
656 1666 671 1688 ,
704 1623 967 1679 adulterio
1009 1636 1117 1677 uno
1142 1663 1157 1688 ,
1189 1622 1241 1675 in
1268 1636 1483 1675 carcere
1504 1630 1558 1675 et
1586 1620 1817 1673 metallis

234 1728 405 1772 totam
429 1719 588 1772 vitam
616 1719 973 1786 insumpsere,
1000 1729 1121 1768 cum
1149 1714 1288 1767 fame
1317 1724 1569 1782 perpetua
1596 1720 1649 1767 et
1673 1711 1816 1765 mille

232 1811 498 1865 mortibus
527 1809 936 1863 concertantes?
968 1822 1030 1862 ac
1072 1822 1232 1861 nemo
1278 1806 1421 1875 ipsos
1460 1806 1693 1874 eripuit,
1726 1821 1817 1859 ne-

235 1917 341 1970 que
382 1900 550 1964 dixit,
597 1900 744 1953 brevi
787 1898 1039 1966 temporis
1082 1908 1356 1950 momento
1388 1906 1664 1965 peccatum
1697 1910 1817 1963 per-

231 2002 410 2055 actum
440 1990 623 2055 fuisse,
657 1998 710 2043 et
740 1998 989 2058 Oportere
1017 1996 1071 2043 et
1097 1997 1374 2057 peccatum
1419 1995 1473 2041 et
1498 1985 1817 2056 supplicium

230 2084 376 2154 paris
403 2098 521 2138 esse
550 2083 827 2152 temporis.

303 2178 355 2231 2.
400 2179 487 2243 At,
518 2177 747 2245 inquies,
774 2175 1020 2229 homines
1047 2181 1190 2235 sunt,
1219 2173 1307 2243 qui
1337 2172 1453 2225 h:cc
1484 2171 1815 2236 admittunt;

230 2270 374 2325 Deus
419 2278 596 2322 autem
646 2267 910 2336 benignus
955 2281 1079 2333 erga
1130 2265 1377 2318 homines
1426 2272 1526 2317 est.
1579 2263 1815 2316 Primum

229 2362 427 2430 quippe
455 2375 521 2414 ne
550 2360 795 2413 homines
823 2358 1035 2426 quidem
1068 2356 1183 2410 hinc
1212 2354 1411 2409 faciunt
1440 2370 1503 2409 ex
1529 2354 1818 2410 crudelita-

231 2463 304 2513 te,
332 2450 422 2504 sed
451 2465 515 2504 ex
549 2449 911 2517 benignitate;
939 2457 992 2501 et
1039 2448 1183 2501 Deus
1228 2445 1412 2510 etiam,
1444 2455 1501 2500 ut
1544 2455 1625 2500 est
1652 2446 1818 2499 homi-

228 2558 359 2596 num
385 2557 589 2609 amans,
615 2542 685 2594 ita
710 2540 870 2595 etiam
899 2548 1118 2610 peccata
1144 2538 1448 2592 ulciscitur:
1480 2553 1601 2591 nam
1627 2552 1819 2591 secun-

228 2635 357 2689 dum
389 2635 815 2690 misericordiam
866 2634 1032 2703 ipsius
1063 2633 1231 2686 multa
1262 2640 1346 2687 est
1372 2632 1489 2701 ejus
1515 2631 1817 2700 redargutio

227 2736 285 2782 et
311 2726 457 2779 ultio.
489 2726 619 2780 Cum
648 2726 779 2779 dicis
810 2740 936 2795 ergo
964 2724 1132 2777 Deum
1175 2738 1295 2777 esse
1326 2723 1600 2776 hominum
1629 2737 1817 2775 amano

229 2830 363 2885 tem,
393 2819 652 2887 majorem
682 2816 811 2871 mihi
844 2816 979 2871 dicis
1002 2815 1249 2885 supplicii
1279 2813 1639 2875 occasionem,
1675 2811 1815 2881 quod

226 2912 283 2967 in
315 2927 437 2967 eum
466 2912 553 2979 qui
580 2912 699 2965 talis
729 2912 800 2965 sit
846 2923 1150 2979 peccemus.
1184 2907 1307 2962 ldeo
1335 2907 1549 2961 dicebat
1576 2905 1771 2960 Paulus
1801 2923 1815 2959 :

229 3001 561 3057 Horrendum
589 3012 662 3057 est
692 3002 914 3055 incidere
940 3002 993 3055 in
1022 3017 1201 3054 manus
1246 3000 1341 3053 Dei
1380 3000 1587 3053 viventis
1628 2997 1815 3071 (llebr.

229 3094 321 3148 10.
345 3093 457 3165 3i).
492 3094 667 3158 Ferte,
719 3108 924 3163 quasso,
957 3092 1168 3162 igneam
1198 3093 1304 3144 vim
1336 3090 1657 3154 verborum;
1693 3090 1816 3144 hinc

224 3186 457 3241 fortasse
484 3187 633 3240 vobis
656 3185 899 3255 quredam
921 3184 1220 3239 consolatio
1246 3184 1467 3238 orietur.
1503 3183 1633 3249 Quis
1658 3182 1815 3235 homo

224 3286 408 3347 potest
439 3279 505 3331 ita
540 3278 754 3346 punire,
788 3286 842 3329 ut
870 3276 1077 3345 punivit
1104 3275 1266 3342 Deus,
1299 3275 1388 3343 qui
1421 3274 1677 3327 diluvium
1712 3272 1813 3324 im-

226 3367 397 3429 misit,
430 3377 485 3421 et
514 3375 661 3421 tanto
690 3368 876 3436 generi
904 3366 1127 3420 exitium
1175 3365 1381 3427 intulit;
1417 3373 1469 3417 et
1501 3363 1661 3432 paulo
1699 3373 1817 3430 post

225 3471 441 3511 rursum
473 3456 609 3526 ignis
632 3456 865 3524 pluviam
896 3455 1135 3520 immisit,
1170 3466 1225 3510 et
1251 3470 1440 3509 omnes
1460 3454 1699 3508 funditus
1716 3454 1813 3509 de-

228 3549 396 3603 levit?
427 3564 543 3618 qum
574 3547 853 3602 hominum
906 3545 1042 3600 ultio
1089 3554 1268 3615 potest
1314 3561 1433 3601 esse
1467 3547 1647 3600 tanta?
1698 3545 1814 3599 Non

228 3641 380 3694 vides
425 3643 527 3692 hoc
571 3639 889 3707 supplicium
934 3638 1238 3694 immortale
1278 3638 1388 3693 fere
1430 3640 1589 3693 esse?
1617 3637 1817 3704 Quater

229 3731 381 3786 mille
424 3730 546 3783 anni
592 3729 869 3795 effluxere,
919 3738 972 3783 et
1018 3728 1418 3783 Sodomitarum
1465 3730 1596 3783 ultio
1642 3729 1817 3785 adhuc

229 3826 374 3892 viget
398 3830 452 3877 et
480 3831 681 3876 manet.
713 3819 1175 3887 Quemadmodum
1200 3822 1342 3874 enim
1371 3820 1671 3891 benignitas
1701 3822 1817 3889 ejus

229 3929 423 3983 magna
451 3924 557 3976 est,
598 3914 666 3967 ita
693 3924 748 3969 et
774 3913 1113 3983 supplicium.
1153 3911 1286 3966 Nam
1313 3912 1357 3965 si
1384 3928 1611 3967 onerosa
1639 3921 1692 3966 et
1718 3912 1817 3965 im-

228 4005 503 4076 possibilia
527 4006 800 4073 jussisset,
831 4011 1012 4073 posset
1039 4003 1267 4058 fortasse
1302 4004 1424 4073 quis
1466 4005 1642 4073 legum
1674 4001 1816 4057 difﬁ-

227 4098 483 4151 cultatem
514 4096 840 4151 obtendere:
869 4095 1011 4164 quod
1054 4096 1098 4151 si
1126 4095 1416 4150 admodum
1462 4096 1655 4160 facilia,
1688 4095 1815 4164 quid

232 4186 502 4257 possimus
526 4185 704 4240 dicere
730 4186 831 4239 etsi
860 4187 1056 4241 nullam
1105 4187 1293 4241 borum
1342 4187 1603 4241 rationem
1653 4186 1819 4241 habe—

228 4278 390 4333 mus?
417 4276 672 4345 Jejunare
700 4294 807 4333 non
836 4279 1011 4348 potes,
1042 4294 1220 4349 neque
1250 4278 1611 4348 virginitatem
1638 4292 1817 4331 scrva-

230 4372 327 4427 re?
356 4371 513 4441 Atqui
546 4380 716 4440 potes,
749 4371 795 4424 si
822 4364 987 4436 velis;
1016 4382 1071 4425 et
1096 4386 1195 4425 nos
1223 4380 1481 4425 accusant
1507 4372 1542 4425 ii
1568 4371 1658 4439 qui
1691 4386 1817 4440 pos-

230 4474 376 4520 ειιῐιι.
425 4467 673 4518 Attamen
704 4463 845 4518 Deus
889 4472 1032 4518 tanta
1078 4480 1217 4536 erga.
1247 4480 1345 4519 nos
1372 4467 1660 4521 severitate
1690 4482 1817 4522 usus

232 4571 341 4611 non
374 4565 474 4619 est,
508 4570 681 4621 neque
709 4555 1018 4624 hiccjussit,
1052 4572 1225 4626 neque
1255 4556 1415 4610 hasce
1433 4557 1579 4626 leges
1613 4558 1815 4625 posuit,

231 4645 326 4702 sed
371 4646 485 4699 haec
529 4644 832 4697 auditorum
883 4645 1143 4698 voluntati
1191 4654 1245 4698 et
1292 4646 1516 4699 arbitrio
1560 4647 1813 4716 reliquit:

230 4746 410 4793 castus
438 4737 491 4789 in
518 4734 784 4789 connubio
806 4750 926 4789 esse
954 4743 1125 4804 potes,
1145 4750 1207 4788 ac
1236 4750 1398 4804 penes
1421 4745 1470 4789 te
1492 4745 1575 4791 est
1604 4752 1709 4792 non
1737 4739 1817 4793 in-

227 4827 445 4886 ebriari.
461 4826 724 4881 Pecunias
743 4840 929 4880 omnes
946 4824 1274 4895 profundere
1292 4841 1395 4881 non
1421 4837 1574 4897 potes
1590 4830 1612 4883 ?
1629 4828 1816 4896 Quam-

228 4934 390 4991 quam
422 4926 593 4989 potes,
630 4927 684 4973 et
709 4917 997 4973 ostendunt
1027 4918 1058 4971 ii
1078 4918 1168 4986 qui
1187 4918 1288 4972 hoc
1315 4918 1537 4975 iaciunt.
1566 4922 1815 4977 Attamen

229 5014 319 5069 ille
350 5029 455 5068 non
486 5013 586 5069 hoc
612 5014 891 5085 praecepit,
938 5012 1035 5069 sed
1069 5012 1231 5082 jussit
1270 5028 1379 5069 nou
1421 5030 1633 5086 rapere,
1668 5024 1722 5072 et
1748 5031 1813 5070 ex

227 5105 573 5161 facultatibus
602 5106 788 5176 egenis
812 5119 1056 5176 erogare.
1086 5103 1145 5160 Si
1164 5105 1296 5182 quis
1325 5114 1503 5160 autem
1532 5107 1725 5161 dixerit
1756 5119 1817 5161 se

229 5213 338 5255 non
361 5213 533 5252 uxore
562 5208 875 5253 contentum
906 5213 1027 5254 esse
1053 5212 1229 5267 posse,
1261 5196 1497 5266 seipsum
1535 5197 1733 5266 decipit
1762 5204 1817 5252 et

228 5291 385 5355 fallit,
419 5298 477 5343 ut
502 5298 734 5358 arguunt
756 5290 791 5343 ii
827 5290 917 5360 qui
942 5291 1060 5345 sine
1090 5304 1257 5344 uxore
1298 5291 1641 5344 continentes
1667 5297 1811 5344 sunt.

231 5382 370 5452 Quid
405 5395 555 5446 vero,
598 5379 686 5434 dic
728 5394 932 5449 quaeso,
966 5397 1070 5437 non
1114 5391 1265 5453 potes
1308 5394 1413 5434 non
1461 5379 1718 5435 conviciis
1764 5390 1819 5436 ct

232 5474 537 5531 maledictis
564 5472 856 5543 impetere?
882 5474 1041 5543 Atqui
1073 5474 1174 5529 hoc
1204 5472 1379 5528 facere
1406 5486 1692 5526 onerosum
1712 5482 1815 5540 est,

233 5585 345 5624 non
373 5578 551 5623 autem
586 5583 693 5622 non
724 5564 919 5620 facere.
951 5565 1121 5630 Quam
1148 5582 1277 5637 ergo
1307 5564 1566 5620 habemus
1592 5580 1817 5619 excusa-

234 5661 464 5726 tionem,
491 5662 582 5732 qui
610 5669 716 5715 tam
750 5658 886 5714 levia
916 5666 971 5714 et
994 5657 1165 5712 facilia
1214 5674 1322 5713 non
1371 5659 1680 5714 servemus?
1707 5658 1817 5714 Nos

231 5750 474 5823 aliquam
518 5751 721 5810 habere
746 5749 850 5809 dici
879 5749 1081 5823 nequit.
1114 5749 1269 5822 Quod
1317 5765 1446 5823 ergo
1496 5751 1817 5810 immortalis

1923 428 1986 480 sit
2024 429 2173 498 ultio,
2203 448 2267 487 ex
2303 434 2459 489 dictis
2481 435 2651 504 palam
2682 446 2798 494 est:
2824 441 2945 510 quia
2974 456 3104 497 vero
3126 442 3271 498 Pauli
3294 445 3493 502 dictum

1920 522 2131 578 videtur
2150 527 2415 581 nonnullis
2440 528 2731 597 adversari,
2755 547 2851 601 age
2874 533 2975 588 hoc
2998 536 3169 603 ipsum
3195 537 3245 591 in
3265 538 3498 593 medium

1921 613 2205 670 adductum
2252 620 2603 675 excutiamus.
2652 622 2784 677 Cum
2832 624 3075 688 dixisset,
3128 626 3188 681 Si
3232 630 3502 699 cujusdam

1921 721 2046 773 Opus
2073 709 2331 771 :vauserit,
2358 711 2493 779 quod
2511 713 3004 781 superadiﬁcaverit.
3044 719 3320 771 mercedem
3358 723 3497 773 actio

1922 796 2021 863 piet
2036 814 2053 860 ;
2077 804 2123 849 et
2143 797 2187 849 si
2211 800 2480 867 cujusdam
2507 817 2633 870 Opus
2652 804 2849 870 arserit,
2878 804 3229 859 detrimentum
3253 811 3498 875 patietur;

1921 886 2195 954 subjunxit
2222 908 2234 943 :
2268 888 2295 941 1
2305 907 2390 957 pse
2418 900 2587 945 autem
2617 892 2787 947 salvus
2813 897 2928 960 erit,
2958 897 3030 949 sic
3049 906 3212 951 tamen
3236 890 3380 965 quasi
3412 917 3501 968 per
3564 920 3569 927 ’

1919 977 2103 1047 ignem.
2157 978 2292 1044 Quid
2336 997 2467 1050 ergo
2509 983 2574 1036 ad
2626 983 2729 1039 hoc
2774 985 3047 1040 dicemus?
3088 990 3498 1046 Consideremns

1920 1068 2093 1138 primo
2114 1071 2241 1139 quid
2275 1072 2343 1125 sit
2371 1073 2794 1141 fundamentum,
2823 1080 2962 1147 quod
2990 1081 3059 1133 sit
3080 1096 3289 1147 aurum,
3331 1092 3385 1137 et
3410 1087 3499 1154 qni

1922 1161 2123 1230 lapides
2156 1166 2395 1233 pretiosi,
2430 1168 2569 1237 quod
2614 1169 2837 1237 faenum,
2870 1188 2989 1241 quae
3037 1176 3256 1241 stipula.
3288 1175 3501 1231 Funda-

1923 1265 2159 1309 mentum
2179 1257 2391 1325 quidem
2414 1259 2528 1328 ipse
2548 1260 2741 1317 Paulus
2760 1262 3048 1319 declaravit
3066 1267 3335 1323 Christum
3355 1286 3497 1337 esse,

1920 1345 2138 1402 dicens:
2169 1347 2580 1405 Fundamentum
2611 1356 2742 1407 enim
2772 1356 2912 1409 aliud
2942 1375 3083 1411 nemo
3106 1376 3289 1429 ponere
3315 1374 3497 1431 potest,

1920 1447 2101 1505 prtcter
2128 1440 2312 1508 ipsum,
2345 1443 2481 1511 quod
2505 1454 2577 1498 est
2603 1448 2839 1514 positum,
2878 1449 3065 1519 inquit,
3098 1454 3233 1521 quod
3260 1465 3331 1507 est
3355 1455 3504 1508 Clui-

1918 1538 2025 1582 stus
2044 1530 2213 1585 Jcsus.
2238 1532 2542 1589 Aidilicium
2564 1548 2740 1593 autem
2772 1541 2899 1594 mihi
2931 1542 3175 1597 videntur
3190 1560 3309 1599 esse
3334 1550 3501 1602 actio-

1919 1634 2034 1671 nes.
2070 1622 2228 1689 Atqui
2275 1624 2461 1679 dicunt
2510 1628 2750 1696 quidam,
2796 1631 2896 1686 hoc
2947 1634 3120 1702 ipsum
3150 1635 3349 1690 dictum
3380 1653 3505 1693 esse

1916 1710 1982 1763 de
2004 1711 2313 1767 doctoribus
2341 1725 2391 1768 et
2419 1717 2485 1771 de
2510 1718 2787 1788 discipulis
2819 1738 2879 1775 ac
2909 1723 2975 1778 de
2996 1730 3261 1795 corruptis
3286 1730 3502 1785 limresi-

1917 1800 2036 1856 bus.
2072 1804 2175 1858 Sed
2208 1805 2307 1860 hoc
2338 1809 2506 1862 series
2544 1826 2654 1889 non
2699 1812 2953 1867 admittit.
2985 1816 3119 1870 Nam
3174 1820 3218 1873 si
3264 1822 3364 1875 hoc
3395 1810 3500 1889 est,

1919 1895 2186 1961 quomodo
2217 1910 2352 1964 opus
2398 1886 2611 1966 quidem
2664 1903 2828 1975 perit;
2873 1904 2962 1973 qui
3011 1914 3187 1961 autem
3237 1886 3498 1979 mdilicat,

1920 1984 2096 2038 salvus
2114 1987 2218 2039 erit
2244 1988 2323 2041 vel
2351 2004 2443 2057 per
2463 1990 2637 2059 ignem
2655 1992 2677 2045 ’ἶ
2701 2002 2976 2048 auctorem
3006 1998 3148 2051 enim
3182 2002 3347 2069 magis
3375 2020 3500 2071 pero

1920 2091 1999 2130 ire
2044 2089 2517 2146 oporteretznunc
2560 2094 2739 2138 autem
2785 2087 3015 2154 majores
3059 2104 3245 2157 ptenas
3287 2093 3503 2150 dedisse

1920 2169 2219 2225 invenietur
2246 2174 2311 2235 is,
2357 2176 2445 2243 qui
2474 2176 2770 2231 mdilicatus
2798 2190 2899 2234 est.
2934 2181 3064 2235 Nam
3110 2185 3152 2236 si
3198 2184 3385 2241 doctor
3412 2205 3502 2242 au-

1918 2270 2034 2315 ctor
2061 2261 2157 2315 fuit
2199 2265 2345 2327 mali,
2378 2267 2572 2335 dignus
2614 2278 2695 2322 est
2726 2271 2814 2338 qui
2848 2272 3079 2340 majores
3122 2275 3231 2330 luat
3279 2294 3500 2347 ptenas:

1919 2354 2190 2422 quomodo
2221 2372 2349 2425 ergo
2377 2359 2557 2412 salvus
2588 2360 2687 2414 erit
2707 2361 2731 2412 ’ἶ
2752 2360 2808 2415 Si
2836 2374 3020 2417 auctor
3046 2381 3150 2419 non
3175 2377 3278 2431 est,
3311 2370 3403 2423 sed
3425 2371 3499 2422 di-

1918 2444 2112 2511 scipuli
2143 2459 2240 2512 per
2269 2462 2417 2501 suam
2467 2452 2873 2517 perversitatem
2905 2454 3037 2507 tales
3067 2454 3187 2509 facti
3217 2467 3362 2521 sunt,
3398 2476 3501 2514 non

1919 2533 2110 2602 dignus
2137 2544 2219 2589 est
2246 2537 2290 2590 is
2316 2538 2403 2605 qui
2429 2548 2573 2593 recte
2604 2541 2907 2606 aedificavit,
2938 2546 3025 2613 qui
3059 2546 3167 2599 luat
3208 2563 3391 2615 paruas
3421 2552 3504 2605 vel

1919 2624 2173 2679 damnum
2204 2628 2411 2682 subeat.
2458 2630 2738 2697 Quomodo
2780 2648 2909 2702 ergo
2949 2633 3098 2697 dicit,
3134 2636 3504 2693 Detrimentum

1921 2720 2177 2788 patietur?
2205 2720 2356 2777 Unde
2386 2724 2559 2791 palam
2586 2734 2688 2787 est,
2740 2724 2826 2778 hic
2868 2726 2933 2781 de
2978 2728 3187 2781 actibus
3218 2732 3322 2799 agi.
3370 2732 3503 2799 Quia

1918 2812 2061 2864 enim
2112 2812 2491 2868 fornicatorem
2526 2814 2780 2884 deinceps
2823 2832 3172 2887 aggressurus
3211 2831 3313 2888 est,
3348 2823 3505 2894 longe

1918 2911 2073 2955 antea
2100 2903 2420 2971 principium
2452 2908 2619 2974 ponit.
2655 2907 2804 2959 Solet
2829 2908 2974 2963 enim
3016 2911 3083 2965 de
3110 2913 3213 2966 alia
3244 2930 3301 2968 re
3325 2914 3503 2970 dictu-

1918 3008 2033 3059 rus,
2064 2994 2115 3047 in
2144 2993 2258 3062 ipsa
2293 2994 2359 3049 de
2389 2995 2495 3049 alio
2524 2995 2883 3065 disputatione
2908 2999 3051 3052 aliud
3094 3004 3423 3069 praemittere
3451 3016 3506 3061 ct

1920 3086 2165 3153 probare,
2186 3102 2292 3155 quo
2315 3098 2498 3155 postea
2524 3096 2776 3141 venturus
2796 3098 2895 3143 est.
2922 3089 3052 3143 Nam
3076 3092 3497 3162 reprehendens,

1916 3176 2059 3244 quod
2089 3177 2140 3229 in
2169 3177 2407 3243 prandiis
2433 3178 2520 3230 alii
2548 3179 2683 3232 alios
2712 3195 2817 3233 non
2858 3192 3255 3250 exspectarent,
3286 3185 3353 3239 de
3384 3203 3502 3257 my-

1917 3266 2095 3320 steriis
2123 3280 2425 3323 sermonem
2453 3268 2748 3335 apparavit.
2775 3269 2905 3335 Quia
2934 3281 3109 3324 autem
3140 3289 3281 3327 nunc
3301 3274 3367 3328 ad
3390 3274 3503 3330 for-

1919 3359 2208 3413 nicatorem
2231 3358 2463 3424 festinat,
2484 3359 2549 3413 de
2569 3360 2909 3415 fundamento
2934 3363 3181 3431 loquutus
3206 3366 3503 3434 subjunxit:

1920 3450 2006 3504 l6.
2034 3450 2252 3504 Nescitis
2277 3452 2412 3519 quod
2436 3452 2680 3521 templum
2704 3452 2797 3505 Dei
2817 3455 2955 3519 estis,
2980 3464 3025 3507 et
3048 3454 3274 3525 Spiritus
3295 3457 3393 3510 Dei
3410 3459 3505 3512 Ita-

1918 3540 2040 3593 bitat
2070 3542 2123 3594 in
2146 3543 2316 3596 vobis?
2343 3542 2402 3597 Si
2430 3543 2541 3612 quis
2568 3544 2809 3612 templum
2826 3543 2916 3598 Dei
2940 3545 3219 3613 violaverit,
3244 3547 3501 3617 disperdet

1918 3634 2063 3686 illum
2094 3632 2248 3686 Deus.
2285 3634 2408 3688 lla‘e
2438 3643 2613 3688 autem
2642 3634 2873 3702 dicebat,
2903 3636 3013 3704 jam
3047 3648 3186 3691 metu
3226 3640 3503 3707 exagitans

1918 3732 2150 3779 mentem
2179 3725 2292 3793 ejus
2316 3724 2405 3793 qui
2435 3725 2725 3779 fornicatus
2779 3725 2973 3780 fuerat.
3005 3727 3066 3779 Si
3087 3730 3196 3796 quis
3224 3730 3505 3799 superadi-

1918 3819 2036 3886 ﬁcat
2051 3833 2203 3885 super
2228 3817 2611 3887 fundamentum
2629 3816 2743 3879 hoc,
2769 3833 2972 3883 aurum,
2992 3829 3279 3888 argentum,
3304 3821 3503 3892 lapides

1918 3912 2182 3981 pretiosos,
2227 3910 2386 3979 ligna,
2436 3908 2647 3977 frenum,
2695 3910 2958 3978 stipulam.
3002 3910 3127 3964 Post
3156 3910 3311 3967 iidem
3357 3915 3502 3970 enim

1920 4003 2269 4058 mdilicatione
2323 4012 2406 4055 est
2454 4016 2636 4071 opus:
2683 4011 2735 4056 et
2788 4002 2909 4057 ideo
2965 4003 3089 4057 alibi
3136 4006 3264 4059 dicit
3300 4024 3311 4059 :
3345 4007 3503 4061 AEdi-

1919 4096 2067 4161 ﬁcate
2092 4109 2177 4147 vos
2206 4094 2418 4145 invicem
2444 4093 2497 4146 in
2525 4093 2602 4145 Itis
2632 4094 2946 4147 sermonibus
2972 4095 3049 4163 (Ι.
3091 4094 3266 4149 Thess.
3297 4098 3349 4149 5.
3384 4096 3497 4167 Η).

1919 4185 2128 4239 Etenim
2159 4182 2372 4251 artifex,
2397 4184 2449 4238 et
2481 4184 2776 4252 discipulus
2798 4185 2958 4238 simul
2985 4186 3264 4239 conferunt
3290 4186 3339 4238 in
3362 4186 3499 4241 tedi-

1919 4277 2250 4332 licationem:
2278 4276 2502 4345 ideoque
2532 4275 2690 4329 dicit:
2724 4273 3078 4346 Unusquisque
3123 4287 3291 4331 autem
3334 4280 3500 4334 videat

1917 4367 2163 4438 quomodo
2184 4367 2573 4439 supercudi/icet.

1988 4463 2041 4517 5.
2083 4461 2137 4516 Si
2166 4461 2279 4516 haec
2307 4474 2482 4516 autem
2510 4461 2650 4516 dicta
2676 4461 2784 4515 sint
2808 4460 2873 4515 de
2906 4460 3031 4529 lide,
3064 4477 3172 4519 non
3205 4474 3287 4519 est
3306 4466 3502 4520 rationi

1918 4561 2335 4607 consentaneum
2363 4551 2504 4622 quod
2524 4551 2737 4605 dicitur.
2770 4551 2829 4605 ln
2870 4550 2975 4607 ﬁde
3020 4569 3253 4623 namque
3290 4568 3500 4624 oportet

1918 4658 2106 4701 omnes
2128 4659 2247 4700 esse
2280 4660 2459 4715 pares,
2500 4643 2753 4711 quoniam
2784 4658 2887 4697 una
2917 4654 3001 4699 est
3026 4645 3272 4706 ﬁdesain
3302 4647 3500 4702 virtute

1919 4748 2097 4815 autem
2143 4737 2266 4791 vitae
2311 4751 2415 4791 nou
2464 4744 2689 4805 possunt
2731 4751 2921 4793 omnes
2963 4752 3082 4791 esse
3124 4737 3303 4793 iidem.
3342 4738 3502 4795 Fides

1919 4830 2059 4885 enim
2084 4844 2189 4883 non
2219 4837 2300 4883 est
2328 4829 2431 4882 alia
2458 4828 2658 4894 minor,
2690 4829 2791 4884 alia
2810 4829 3165 4899 praestantior,
3190 4830 3285 4886 sed
3310 4832 3497 4889 eadem

1918 4931 2001 4976 est
2021 4920 2257 4975 omnium
2303 4936 2431 4977 vere
2460 4921 2812 4976 credentium.
2842 4920 2910 4973 At
2934 4920 2986 4974 in
3019 4921 3125 4975 vita
3160 4934 3382 4992 possunt
3410 4923 3499 4977 alii

1917 5013 2131 5083 quidem
2160 5030 2279 5070 esse
2306 5015 2675 5078 studiosiores,
2701 5013 2788 5066 alii
2820 5012 3192 5081 socordiores;
3220 5016 3309 5070 alii
3334 5030 3499 5071 accu-

1918 5107 2166 5176 ratiores,
2190 5107 2240 5161 al
2266 5108 2278 5160 i
2302 5106 2615 5171 inferiores;
2638 5105 2725 5159 alii
2750 5104 2976 5176 majora,
3008 5106 3096 5160 alii
3123 5107 3328 5161 minora
3353 5118 3501 5164 recte

1919 5214 2111 5271 agere;
2160 5208 2212 5254 et
2249 5199 2337 5252 alii
2384 5197 2616 5266 gravius,
2658 5197 2748 5251 alii
2778 5198 2957 5252 minus
2997 5198 3329 5267 delinquere.
3364 5199 3499 5255 Pro-

1919 5302 2100 5364 pterea
2129 5290 2264 5345 dixit
2284 5276 2499 5351 aurum,
2538 5297 2840 5359 argentum,
2881 5287 3086 5359 lapides
3112 5291 3398 5360 pretiosos,
3431 5291 3498 5345 li-

1919 5400 2040 5454 gna,
2061 5382 2283 5446 faenum,
2306 5379 2579 5450 stipulam.
2604 5379 3014 5450 Uniuscujusque
3028 5395 3157 5451 opus
3175 5383 3502 5451 manifestum

1920 5478 2030 5529 erit.
2056 5473 2154 5528 Hic
2182 5472 2249 5527 de
2275 5472 2486 5526 actione
2528 5472 2782 5541 loquitur.
2826 5471 2888 5526 Si
2911 5473 3057 5543 cujus
3086 5490 3214 5542 opus
3237 5472 3499 5539 manserit,

1919 5566 2052 5636 quod
2071 5562 2567 5635 superadi/icaverit,
2590 5561 2865 5617 mercedem
2884 5564 3127 5632 accipiet;
3146 5563 3190 5616 si
3210 5563 3357 5631 cujus
3372 5577 3501 5631 opus

1920 5660 2120 5722 arserit,
2154 5657 2506 5711 detrimentum
2529 5656 2761 5725 accipiet.
2791 5655 2950 5725 Atqui
2973 5655 3017 5710 si
3046 5654 3113 5709 de
3142 5654 3417 5723 discipulis
3444 5663 3502 5711 et

1920 5749 2229 5809 ductoribus
2255 5748 2306 5809 id
2334 5747 2621 5816 diceretur,
2654 5760 2760 5803 non
2791 5746 3116 5819 oportuisset
3134 5745 3380 5809 doctores
3400 5743 3498 5803 de-
