4028 6208
490 287 562 345 79
1228 268 1287 323 S.
1325 260 1603 350 JOANNIS
1636 249 2110 313 CIIRYSOSTOMI
2132 245 2464 341 'ARCHIEP.
2505 241 3033 301 CONSTANTINOP.
3711 237 3778 294 89

491 405 808 458 trimentum
840 390 1103 459 recipere,
1134 383 1181 438 si
1209 396 1314 437 non
1350 377 1628 432 audissent
1653 368 1925 440 discipuli.
1957 364 2085 421 Ideo

493 456 569 548 ait
589 510 601 544 :
624 456 978 555 Unusquisque
998 477 1257 549 propriam
1278 470 1558 524 mercedem
1575 463 1787 523 accipiet
1810 456 2087 515 secundum

496 551 1062 656 proprium-laborent;
1094 582 1201 622 non
1228 559 1524 620 secundum
1557 558 1742 620 finem,
1769 551 1862 607 sed
1891 564 2087 604 secun-

498 640 628 731 dum
661 671 919 727 laborem.
951 660 1091 731 Quid
1111 659 1278 722 enim,
1309 655 1354 708 si
1386 666 1491 706 non
1522 644 1850 704 attenderint
1874 640 2087 696 audito.

498 766 624 823 res?
665 763 1000 831 Quapropter
1027 753 1153 807 hinc
1200 746 1461 819 liquidum
1500 752 1585 797 est
1626 740 1713 794 hic
1738 738 1807 793 de
1836 734 2090 805 operibus

498 859 603 929 agi.
636 822 899 910 ldwau-tcm'
926 847 1041 900 vult
1068 841 1409 912 signiﬁcare:
1439 836 1485 890 si
1514 835 1633 904 quis
1660 845 1781 885 cum
1815 837 1960 882 recta
1986 822 2091 878 ﬁde

501 922 698 1006 malam
740 946 906 999 vitam
939 948 1081 1009 agat,
1127 934 1252 989 huic
1283 946 1389 985 non
1437 925 1678 999 proderit
1723 922 1856 977 lldes
1886 928 1945 973 ut
1982 932 2089 972 non

500 1038 771 1110 puniatur,
806 1032 1030 1087 ardente
1059 1040 1245 1097 opere.
1271 1020 1404 1077 Illud
1430 1027 1632 1099 autem,
1662 1014 1877 1076 Arserit,
1905 1009 1954 1065 id
1985 1017 2088 1073 est,

505 1096 611 1187 non
637 1096 817 1184 tulerit
841 1126 949 1179 vim
982 1122 1138 1193 ignis.
1170 1116 1277 1174 Sed
1308 1124 1367 1170 ut
1390 1113 1435 1167 si
1465 1096 1585 1183 quis
1610 1123 1759 1163 arma
1800 1117 1965 1159 aurea
1997 1100 2093 1155 ha-

504 1226 639 1279 bens
690 1218 908 1275 ﬂuvium
983 1215 1195 1283 igneum
1261 1206 1526 1277 trajiciat,
1586 1201 1763 1256 alacer
1810 1193 2089 1258 transibit;

504 1315 549 1368 si
577 1322 754 1367 autem
776 1308 975 1363 foenum
997 1303 1204 1358 habens
1232 1304 1489 1361 transeat,
1512 1308 1619 1348 non
1643 1289 1804 1345 modo
1823 1286 1954 1342 nihil
1974 1299 2096 1354 pro-

507 1404 636 1467 licit,
660 1398 752 1456 sed
774 1398 936 1453 etiam
957 1394 1192 1461 scipsum
1220 1387 1428 1459 perdit:
1454 1386 1524 1438 ita
1554 1390 1637 1437 est
1665 1388 1719 1435 et
1743 1378 1795 1432 in
1819 1375 2092 1446 operibus.

506 1465 630 1551 Non
644 1493 785 1548 enim
814 1489 901 1544 hic
925 1485 1159 1555 loquitur
1180 1480 1333 1552 quasi
1356 1478 1424 1532 de
1450 1471 1696 1546 personis
1718 1483 1844 1524 vere
1868 1465 2091 1527 adustis,

506 1587 599 1643 sed
632 1585 805 1655 potius
837 1588 896 1634 ut
942 1553 1143 1632 metum
1178 1569 1424 1631 incutiat,
1457 1562 1812 1629 ostendatque
1851 1571 1972 1612 eum
2005 1553 2095 1624 qui

508 1680 565 1733 in
596 1650 828 1745 nequitia
857 1669 988 1724 vivit
1020 1663 1217 1720 nudum
1249 1657 1500 1730 prarsidio
1539 1662 1595 1709 et
1622 1650 1913 1706 securitate
1939 1659 2097 1701 esse:

507 1773 839 1839 quapropter
858 1760 953 1823 ait,
980 1755 1342 1811 Detrimentum
1366 1748 1604 1818 patietur.
1631 1744 1768 1798 Ecce
1790 1752 1952 1794 unum
1974 1750 2100 1804 sup-

509 1828 747 1933 plicium.
800 1852 921 1925 Ipse
966 1861 1136 1904 autem
1175 1844 1347 1899 salvus
1391 1840 1507 1905 erit,
1540 1838 1613 1890 sic
1651 1844 1816 1906 tamen
1843 1828 1984 1899 quasi
2011 1842 2101 1897 per

508 1917 695 2024 ignem.
738 1917 881 2001 Ecce
911 1937 1233 1997 secundum.
1260 1932 1375 1986 Hoc
1401 1935 1578 1983 autem
1606 1923 1721 1978 vult
1760 1917 2095 1991 significare:

510 2008 617 2098 n'ou
646 2041 725 2095 sic
749 2036 841 2091 ille
871 2030 1069 2103 peribit
1107 2034 1168 2081 ut
1210 2036 1397 2092 opera,
1428 2018 1495 2074 ad
1541 2013 1765 2070 nihilum
1815 2008 2097 2071 redactus;

510 2133 607 2188 sed
636 2125 873 2184 manebit
901 2123 953 2176 in
981 2122 1123 2191 igne.
1166 2114 1405 2171 Salutem
1443 2109 1623 2178 itaque
1668 2104 1805 2157 hanc
1838 2114 1951 2155 rem
2000 2111 2101 2151 vo-,

511 2234 619 2289 cat,
650 2220 747 2279 sed
766 2232 882 2293 non
930 2209 1285 2281 simpliciter;
1339 2201 1537 2273 adjecit
1584 2198 1749 2265 enim,
1800 2193 1959 2262 Quasi
2014 2206 2102 2260 per

511 2318 697 2389 ignem.
726 2289 857 2366 Nam
890 2321 992 2361 nos
1021 2280 1236 2374 quoque
1264 2296 1508 2356 solemus
1534 2291 1737 2355 dicere,
1767 2287 1821 2341 In
1843 2286 1965 2355 igne
1990 2280 2099 2337 sal-

511 2375 610 2461 uus
640 2412 743 2470 est,
775 2402 844 2456 de
884 2399 951 2453 iis
989 2410 1109 2466 qua:
1135 2406 1245 2445 non
1283 2386 1677 2443 comburuntur
1701 2394 1800 2434 nec
1826 2376 2007 2437 statim
2045 2375 2103 2427 in

511 2468 751 2552 cinerem
780 2492 999 2545 abeunt.
1042 2483 1121 2538 Ne
1164 2495 1295 2551 ergo
1325 2478 1447 2549 quia
1487 2476 1664 2545 ignem
1696 2468 1914 2533 audisti,
1950 2473 2104 2537 putes

511 2603 629 2649 eos,
658 2585 746 2654 qui
767 2580 1181 2640 comburuntur,
1210 2572 1263 2626 in
1296 2568 1521 2624 nihilum
1550 2562 1744 2632 redigi.
1766 2560 1827 2615 Si
1849 2571 1977 2612 vero
1998 2554 2105 2609 tale

512 2676 836 2750 supplicium
891 2671 1118 2726 salutem
1168 2673 1346 2727 vocet,
1377 2675 1447 2714 ne
1477 2656 1689 2711 mireris
1724 2672 1738 2707 :
1780 2651 1919 2707 solet
1961 2649 2105 2703 enim

513 2739 674 2827 etiam
707 2768 759 2821 in
791 2766 857 2818 iis
886 2776 1005 2831 qua:
1024 2757 1163 2813 male
1187 2759 1383 2808 sonant
1410 2746 1649 2819 pulchris
1677 2743 1751 2798 uti
1777 2739 2103 2804 nominibus,

512 2872 572 2917 et
601 2862 655 2913 in
687 2854 868 2916 bonis,
889 2847 1201 2906 contrariis.
1227 2841 1392 2899 Verbi
1421 2839 1614 2911 gratia,
1647 2832 1974 2903 captivitatis
2003 2844 2105 2882 no-

516 2971 640 3011 men
683 2948 841 3006 mala:
870 2944 950 3001 rei
992 2955 1189 2997 nomen
1232 2952 1355 2993 esse
1383 2933 1628 2994 videtur;
1658 2928 1755 2983 scd
1782 2929 1833 2982 in
1864 2940 1926 2980 re
1966 2924 2106 2977 bona

516 3054 609 3107 illo
632 3064 758 3105 usus
781 3054 864 3102 est
893 3041 1113 3102 Paulus,
1158 3036 1382 3090 dicens:
1423 3030 1489 3083 In
1529 3025 1867 3095 captivitatem
1907 3028 2109 3089 agentes

516 3156 717 3197 omnem
743 3130 1131 3203 intelligentiam
1159 3124 1228 3179 ad
1257 3119 1590 3176 obedientiam
1632 3114 1816 3169 Christi
1851 3111 1929 3182 (2.
1986 3108 2107 3163 Cor.

521 3232 608 3287 lt).
642 3228 719 3300 5).
750 3226 817 3281 Et
844 3225 898 3279 in
926 3237 985 3278 re
1014 3218 1149 3274 mala
1182 3215 1319 3269 bene
1347 3219 1575 3267 sonante
1610 3205 1828 3262 nomine
1854 3214 1981 3256 usus
2004 3207 2107 3265 est,

520 3296 727 3384 dicens,
761 3314 1005 3388 Regnavit
1030 3318 1294 3383 peccatum
1323 3303 1498 3374 (Rom.
1533 3300 1587 3355 5.
1627 3296 1758 3367 2i):
1790 3305 2112 3365 quamquam

522 3425 722 3466 nomen
755 3387 905 3476 regni
937 3403 1115 3472 potius
1139 3400 1277 3453 bene
1304 3402 1479 3452 sonet.
1509 3391 1601 3447 Sic
1630 3397 1686 3443 et
1716 3388 1819 3441 hoc
1849 3387 1969 3439 loco
1990 3396 2113 3436 cum

525 3502 675 3567 dicit,
705 3498 893 3554 Salvus
923 3494 1037 3557 erit,
1069 3490 1200 3544 nihil
1231 3486 1376 3541 aliud
1406 3498 1565 3553 quam
1593 3486 1937 3548 augmentum
1982 3488 2113 3542 sup-

523 3594 673 3667 plicii
703 3584 1093 3647 subindicavit;
1124 3595 1187 3634 ac
1207 3578 1253 3633 si
1283 3576 1531 3637 dixisset,
1559 3571 1677 3640 Ipse
1717 3577 1895 3621 autem
1928 3578 2115 3619 mane-

522 3658 602 3742 bit
627 3686 678 3739 in
708 3691 968 3738 aeternum
992 3674 1281 3730 cruciatus.
1316 3664 1517 3722 Deinde
1538 3663 1698 3718 etiam
1722 3660 1881 3715 infert
1901 3658 2114 3711 dicens:

528 3775 750 3832 Nescitis
776 3771 911 3842 quod
939 3766 1179 3837 templum
1208 3760 1307 3817 Dei
1332 3758 1486 3813 estis?
1512 3755 1646 3821 Quia
1667 3751 1810 3807 enim
1833 3750 1899 3805 de
1920 3749 2005 3815 iis,
2028 3748 2117 3818 qui

528 3867 781 3924 scindunt
806 3861 1121 3920 Ecelesiam,
1153 3857 1403 3924 superius
1442 3850 1693 3916 loquutus
1720 3852 1825 3907 est,
1869 3842 2121 3907 deinceps

529 3961 679 4017 illum
708 3952 1037 4027 perstringit,
1056 3948 1144 4017 qui
1170 3946 1461 4000 fornicatus
1483 3946 1617 4001 erat,
1647 3934 1883 3989 nondum
1906 3932 2121 4002 quidem

531 4025 741 4121 aperte,
771 4047 869 4101 sed
920 4039 1218 4102 indeﬁnite,
1260 4035 1375 4105 ejus
1404 4039 1715 4099 corruptam
1744 4028 1906 4081 vitam
1939 4025 2124 4079 subin-

533 4116 743 4206 dicaris,
768 4148 821 4193 et
846 4142 1125 4207 peccatum
1153 4124 1490 4197 amplificatis
1515 4136 1545 4175 a
1577 4120 1721 4174 dono
1744 4118 1853 4187 jam
1883 4116 1982 4184 ipsi
2008 4116 2125 4168 col-

534 4236 665 4290 lato.
701 4205 904 4286 Deinde
932 4227 1068 4282 alios
1092 4234 1304 4293 quoque
1333 4212 1647 4286 perstringit
1674 4210 1742 4264 ab
1770 4209 1857 4274 iis,
1884 4205 2125 4276 qurejam

535 4324 639 4391 ipsi
673 4321 993 4373 habuerant.
1039 4314 1166 4368 Sive
1201 4309 1344 4363 enim
1387 4321 1418 4358 a
1446 4303 1657 4368 futuris,
1686 4301 1798 4355 sive
1824 4299 1891 4353 ab
1921 4298 1984 4351 iis
2011 4312 2129 4366 qua:

540 4386 649 4483 jam
674 4412 909 4471 fuerant,
943 4414 997 4458 ct
1024 4399 1264 4455 molestis
1294 4404 1350 4450 et
1375 4392 1554 4457 bonis,
1586 4404 1800 4458 semper
1829 4387 1880 4441 id
1910 4386 2069 4440 facit:
2098 4400 2131 4439 a

540 4476 736 4558 futuris
763 4494 1003 4567 quidem,
1040 4489 1157 4543 Dies
1177 4487 1311 4541 enim
1332 4481 1626 4545 declarabit,
1655 4478 1789 4549 quod
1825 4478 1878 4529 in
1906 4476 2021 4546 igne
2048 4491 2132 4528 re-

543 4566 876 4657 petatur-{ab
899 4586 964 4640 iis
998 4589 1174 4637 autem
1203 4593 1321 4649 quas
1345 4576 1454 4646 jam
1486 4572 1716 4635 fuerant,
1749 4567 1972 4622 Nescitis
2001 4566 2134 4633 quod

546 4685 791 4756 templum
818 4676 917 4733 Dei
944 4674 1081 4735 estis,
1108 4680 1155 4724 et
1178 4667 1404 4738 Spiritus
1430 4665 1523 4718 Dei
1544 4663 1735 4717 habitat
1762 4661 1814 4713 in
1851 4658 2007 4711 vobis.
2043 4656 2131 4709 l7.

546 4778 613 4831 Si
637 4748 748 4845 quis
777 4768 1020 4840 templum
1045 4764 1141 4817 Dei
1209 4757 1489 4820 uiolauerit,
1512 4754 1767 4822 disperdet
1798 4752 1944 4805 illum
1977 4748 2134 4802 Deus.

555 4843 740 4921 Viden’
770 4860 1029 4919 orationis
1051 4847 1478 4912 vehementiam?
1504 4845 1610 4901 Sed
1636 4843 1886 4915 quamdiu
1911 4847 2139 4911 persona

549 4966 637 5013 cst
664 4958 864 5026 ignota,
904 4967 1010 5007 non
1056 4957 1139 5004 est
1177 4946 1314 5001 adeo
1356 4954 1520 5013 grave
1564 4935 1706 5007 quod
1756 4934 1971 4999 dicitur,
2016 4946 2140 4986 cum

554 5062 751 5104 omnes
778 5046 1022 5100 timorem
1045 5037 1403 5111 correptionis
1440 5030 1728 5103 participes
1750 5027 1996 5082 subeant.
2025 5024 2144 5079 Dis-

559 5140 732 5213 perdet
761 5140 909 5191 illum
935 5136 1099 5197 Deus;
1122 5132 1174 5187 id
1210 5140 1293 5187 est
1311 5171 1326 5197 ,
1350 5128 1538 5183 all'eret
1565 5118 1937 5178 exitiumJloc
1963 5128 2143 5171 autem

562 5209 671 5290 non
717 5240 803 5286 est
845 5227 983 5282 male
1012 5225 1258 5290 dicentis,
1306 5221 1401 5278 sed
1450 5212 1843 5289 prophetautis.
1875 5209 2147 5278 Templum

562 5328 692 5381 enim
734 5322 832 5376 Dei
857 5328 1086 5373 sanctum
1115 5327 1208 5371 est.
1251 5315 1569 5371 Fornicator
1593 5323 1723 5378 ergo
1748 5314 1830 5361 est
1868 5303 2147 5373 profanus.

565 5417 770 5472 Deinde
800 5427 867 5469 ne
897 5409 1168 5464 videretur
1187 5408 1251 5461 ad
1275 5408 1421 5461 illum
1452 5403 1724 5472 respicere
1750 5412 1871 5453 cum
1903 5394 2148 5458 dixisset,

564 5509 834 5578 Templum
863 5504 995 5559 enim
1021 5500 1119 5554 Dei
1142 5508 1373 5553 sanctum
1392 5506 1485 5563 est,
1516 5492 1817 5563 subjunxit,
1852 5486 2001 5554 Quod
2036 5484 2153 5539 estis

565 5614 671 5653 vos.
697 5600 781 5654 18.
806 5596 972 5651 Nemo
1001 5593 1223 5661 seipsum
1263 5588 1488 5642 seducet.
1522 5586 1635 5639 lloc
1663 5596 1875 5654 quoque
1901 5578 1967 5634 ad
2001 5578 2152 5632 illum

567 5701 791 5759 spectat,
822 5702 878 5746 ut
903 5688 994 5761 qui
1020 5701 1079 5744 se
1104 5682 1434 5740 existimaret
1463 5676 1660 5748 aliquid
1700 5690 1839 5742 esse,
1871 5681 1923 5729 ct
1960 5671 2027 5727 de
2056 5685 2144 5725 sa-

2198 363 2396 435 pientia
2424 360 2765 432 gloriaretur.
2789 355 2865 412 Ne
2887 355 3161 411 videretur
3181 365 3359 410 autem
3382 354 3646 410 curiosius
3661 354 3777 408 iliu-

2199 457 2408 525 tiusque
2440 454 2593 507 illum
2623 452 2905 520 impetere,
2935 462 3057 503 cum
3090 447 3144 501 in
3186 448 3440 517 angorem
3487 454 3546 501 et
3583 454 3778 499 metum

2199 545 2347 599 illum
2370 542 2709 612 conjecisset,
2735 553 2921 594 rursus
2936 536 3001 593 ad
3023 551 3364 597 communem
3383 535 3778 591 accusationem

2198 635 2497 690 orationem
2547 633 2764 688 deducit
2809 630 3030 685 dicens:
3056 628 3119 685 Si
3145 628 3259 699 quis
3300 628 3497 681 uidetur
3535 628 3668 681 inter
3696 641 3782 680 vos

2197 744 2399 798 sapiens
2428 744 2535 782 esse
2562 728 2615 781 in
2653 726 2749 779 hoc
2774 723 2983 790 siccato,
3012 723 3195 777 stultus
3221 723 3331 792 ﬁat,
3378 730 3435 774 ut
3472 721 3536 774 sit
3560 720 3781 789 sapiens.

2201 821 2314 877 lloc
2358 830 2537 873 autem
2577 816 2770 873 deinde
2802 815 2925 870 facit
2969 829 3088 869 cum
3120 828 3312 881 magna
3342 809 3591 881 loquendi
3625 810 3785 864 liber-

2200 924 2328 980 tate,
2363 921 2546 981 utpote
2573 911 2664 981 qui
2692 911 2811 965 illos
2849 908 2982 963 satis
3017 905 3384 978 expugnarit’.
3414 904 3545 959 Nam
3575 900 3786 959 etiamsi

2198 1007 2318 1076 quis
2339 1006 2410 1060 sit
2435 1005 2606 1069 dives,
2635 1004 2845 1058 etiamsi
2878 1001 3093 1067 nobilis,
3127 999 3313 1054 vilium
3340 998 3578 1053 omnium
3607 1006 3690 1051 est
3710 996 3789 1050 vi-

2199 1097 2454 1163 lissimus,
2478 1096 2692 1167 quando
2712 1106 2900 1171 captus
2924 1093 3083 1150 fuerit
3107 1108 3136 1147 a
3159 1104 3397 1164 peccato.
3423 1090 3784 1159 Quemadmo-

2200 1190 2327 1243 dum
2356 1190 2498 1244 enim
2524 1188 2569 1243 si
2593 1188 2713 1258 quis
2739 1202 2832 1242 rex
2859 1186 2948 1250 sit,
2973 1196 3027 1240 ct
3051 1185 3398 1259 barbarorum
3422 1193 3605 1253 postea
3626 1180 3790 1251 capti-

2204 1299 2301 1337 vus
2328 1282 2439 1350 fiat,
2466 1281 2705 1335 omnium
2730 1288 2813 1335 est
2842 1278 3207 1341 miserrimus;
3240 1278 3309 1331 ita
3330 1277 3491 1332 etiam
3518 1277 3574 1331 in
3602 1290 3790 1345 pecca-

2204 1384 2279 1434 to.
2302 1375 2569 1430 Barbarus
2590 1374 2733 1429 enim
2762 1372 2981 1444 quidam
3004 1382 3085 1428 est
3107 1378 3406 1442 peccatum,
3434 1367 3574 1439 quod
3596 1368 3791 1422 anima:

2201 1469 2370 1523 semel
2400 1476 2570 1536 captae
2599 1479 2822 1536 parcere
2847 1464 3072 1529 nesciat,
3101 1461 3199 1517 sed
3222 1462 3275 1516 in
3294 1461 3585 1532 perniciem
3602 1471 3793 1515 eorum

2202 1561 2291 1630 qui
2320 1559 2459 1629 capti
2484 1568 2612 1612 sunt
2641 1554 2980 1626 tyrannidem
3015 1570 3167 1609 suam
3197 1560 3469 1610 exerceat.

2277 1657 2328 1709 ι.
2349 1654 2553 1709 Peccati
2568 1652 2860 1719 descriptio.
2880 1650 3033 1703 Avari
3050 1646 3457 1718 imago.—Nihil
3474 1645 3616 1701 enim
3631 1645 3793 1699 itain—

2204 1744 2604 1799 consideratam
2618 1749 2701 1796 est
2721 1750 2776 1794 ut
2796 1750 3095 1810 peccatum,
3114 1737 3245 1791 nihil
3265 1738 3334 1790 ita
3359 1735 3638 1805 insipiens,
3654 1731 3793 1789 stul-

2208 1848 2318 1893 tum
2340 1852 2404 1891 ac
2420 1836 2745 1892 violentum:
2764 1833 2945 1888 omnia
2964 1834 3157 1888 evertit
3183 1840 3238 1886 et
3258 1829 3555 1894 confundit,
3580 1838 3635 1884 et
3666 1844 3788 1899 per-

2206 1930 2305 1996 dit,
2329 1942 2667 1999 quocumque
2696 1926 2835 1981 insili
2856 1925 2959 1980 erit
2979 1927 3117 1978 :visu
3140 1921 3403 1987 deforme,
3423 1937 3584 1993 grave
3603 1930 3658 1976 et
3674 1935 3794 1976 rno-

2206 2023 2420 2077 lestum.
2453 2020 2518 2073 Et
2544 2021 2589 2074 si
2615 2019 2735 2087 quis
2759 2018 2935 2085 ipsum
2965 2015 3139 2084 pictor
3160 2012 3465 2083 effingeret,
3496 2027 3602 2067 non
3635 2011 3793 2067 aber-

2208 2122 2445 2167 raturum
2471 2109 2634 2164 fuisse
2655 2107 2786 2162 mihi
2815 2107 3049 2173 videtur,
3077 2106 3121 2160 si
3147 2106 3227 2160 sic
3249 2106 3423 2173 ipsum
3446 2104 3791 2160 ell‘ormaret:

2207 2203 2488 2259 mulierem
2534 2214 2729 2269 nempe
2754 2198 3038 2269 quamdam
3083 2195 3256 2251 forma
3302 2195 3573 2261 belluina,
3606 2194 3798 2250 barba-

2210 2313 2346 2364 ram,
2376 2296 2555 2366 ignem
2588 2293 2884 2363 spirantem
2907 2331 2923 2357 ,
2956 2290 3325 2360 injucundam,
3355 2289 3585 2359 nigram,
3613 2287 3799 2358 quales

2208 2390 2415 2446 externi
2462 2395 2635 2458 poeta:
2681 2384 2891 2455 Scyllas
2934 2382 3251 2451 depingunt.
3300 2379 3605 2435 lnnumeris
3654 2377 3801 2434 enim

2209 2480 2459 2536 manibus
2488 2476 2839 2546 cogitationes
2868 2483 3080 2529 nostras
3122 2471 3479 2542 apprehendit
3501 2511 3517 2535 ,
3542 2479 3705 2541 atque
3730 2484 3797 2525 ex

2212 2570 2506 2642 improviso
2537 2567 2838 2639 ingreditur
2861 2608 2877 2633 ,
2909 2566 3200 2635 omniaque
3225 2563 3486 2634 discerpit
3512 2570 3568 2618 et
3593 2562 3797 2618 dilace-

2212 2672 2318 2729 rat,
2343 2663 2483 2718 sicut
2502 2675 2667 2716 canes
2688 2658 2991 2715 clanculum
3019 2655 3349 2712 mordentes.
3374 2656 3488 2711 lmo
3512 2654 3639 2724 quid
3665 2669 3798 2724 opus

2211 2756 2367 2811 nobis
2386 2764 2470 2809 est
2492 2753 2720 2824 pictura,
2744 2765 2867 2805 cum
2884 2749 3044 2805 liceat
3065 2761 3182 2813 eos,
3201 2748 3289 2817 qui
3313 2746 3443 2801 illud
3466 2754 3802 2815 perpetrant,

2212 2847 2267 2901 in
2294 2844 2526 2899 medium
2550 2840 2851 2895 adducere?
2868 2839 3039 2906 Quem
3063 2837 3245 2905 itaque
3268 2835 3431 2891 vultis
3449 2836 3679 2905 primum
3705 2835 3808 2891 de-

2214 2936 2545 2994 scribamus?
2566 2946 2785 2988 avarum
2797 2941 2858 2986 'et
2872 2927 3179 2999 raptorem?
3199 2926 3402 2997 Ecquid
3416 2936 3499 2982 est
3512 2926 3684 2982 oculis
3697 2924 3803 2981 illis

2217 3025 2629 3098 impudentius?
2654 3022 2781 3094 quid
2806 3020 2973 3091 magis
2994 3017 3415 3075 inverecundum
3436 3061 3450 3084 ,
3480 3016 3607 3088 quid
3634 3016 3807 3087 magis

2216 3119 2515 3177 caninum?
2542 3131 2647 3172 non
2676 3116 2817 3169 enim
2839 3112 2990 3168 canis
3029 3112 3100 3165 ita
3142 3109 3428 3179 impudens
3452 3117 3561 3163 stat
3596 3118 3657 3163 ut
3682 3107 3803 3173 hic,

2217 3211 2433 3284 quando
2457 3208 2698 3264 omnium
2727 3206 2866 3259 bona
2896 3203 3057 3273 rapit.
3091 3200 3233 3268 Quid
3259 3200 3510 3255 manibus
3536 3199 3685 3253 illius
3707 3197 3807 3252 de-

2221 3300 2560 3359 testabilius?
2605 3297 2733 3368 quid
2764 3312 2864 3352 ore
2911 3292 3242 3365 petulantius
3286 3290 3440 3361 ejus,
3490 3290 3583 3359 qui
3628 3287 3810 3344 omnia

2220 3397 2473 3457 devorat,
2506 3402 2562 3447 et
2608 3403 2900 3459 numquam
2944 3386 3213 3441 satiatur?
3258 3382 3337 3439 Ne
3379 3383 3496 3452 ejus
3524 3383 3730 3437 vultum
3756 3390 3813 3436 et

2223 3490 2412 3545 oculos
2442 3485 2736 3549 intuearis,
2768 3480 2913 3551 quod
2959 3480 3069 3534 sint
3098 3477 3332 3533 hominis
3363 3492 3375 3528 :
3403 3491 3510 3530 non
3542 3474 3685 3528 enim
3734 3474 3816 3528 sic

2225 3580 2491 3651 aspiciunt
2534 3574 2753 3630 humani
2798 3572 2960 3627 oculi.
3013 3568 3130 3624 Non
3177 3568 3369 3639 aspicit
3422 3568 3517 3622 ille
3566 3566 3815 3622 homines

2228 3683 2499 3743 tamquam
2530 3668 2779 3724 homines
2804 3686 2817 3719 :
2848 3680 2955 3719 non
2978 3662 3169 3733 aspicit
3192 3661 3383 3717 ca‘lum
3410 3668 3678 3729 tamquam
3700 3673 3813 3713 ca:-

2228 3766 2336 3819 lum
2362 3781 2376 3817 :
2403 3762 2471 3817 ad
2518 3761 2804 3815 Dominum
2846 3770 2952 3811 non
2982 3766 3113 3808 nutu
3142 3768 3241 3807 suo
3271 3751 3460 3817 tendit,
3507 3749 3601 3804 sed
3631 3749 3818 3803 omnia

2228 3855 2484 3927 pecunias
2508 3867 2630 3908 esse
2655 3850 2944 3903 existimat.
2973 3844 3203 3899 Humani
3227 3842 3369 3896 oculi
3395 3842 3571 3896 solent
3590 3839 3819 3893 afﬂictos

2233 3949 2479 4003 homines
2506 3941 2705 4000 intueri
2735 3949 2790 3995 et
2825 3938 3030 4009 frangi;
3055 3935 3328 4006 rapacium
3375 3933 3520 3988 oculi
3550 3946 3820 4003 pauperes

2234 4042 2449 4105 vident,
2482 4046 2536 4091 et
2560 4035 2854 4090 eﬂerantur
2881 4049 2894 4084 :
2926 4029 3144 4083 humani
3187 4027 3329 4082 oculi
3378 4041 3483 4079 non
3513 4033 3572 4078 ut
3614 4038 3709 4078 sua
3738 4022 3822 4077 in-

2235 4144 2451 4190 tuentur
2478 4129 2651 4184 aliena
2676 4168 2692 4192 ,
2722 4124 2815 4180 sed
2844 4122 3060 4193 propria
3097 4120 3198 4174 sibi
3231 4126 3291 4173 ut
3318 4112 3492 4172 aliena
3515 4116 3698 4171 vident
3724 4133 3738 4169 :
3766 4124 3823 4169 et

2236 4242 2297 4281 ea
2325 4238 2446 4295 quae
2470 4220 2590 4273 aliis
2618 4218 2740 4269 data
2770 4224 2898 4269 sunt
2948 4229 3054 4267 non
3085 4211 3506 4280 concupiscunt,
3534 4206 3631 4260 sed
3658 4207 3821 4260 etiam

2239 4320 2289 4371 in
2320 4315 2464 4369 alios’
2481 4324 2697 4381 quoque
2722 4321 2816 4360 sua
2842 4303 3143 4359 effundunt.
3196 4301 3257 4355 lli
3286 4314 3414 4353 vero
3444 4311 3551 4351 non
3585 4295 3824 4349 contenti

2239 4414 2383 4469 sunt,
2411 4403 2514 4457 nisi
2540 4397 2781 4453 omnium
2811 4394 2949 4447 bona
2980 4392 3250 4459 abripiant
3283 4408 3295 4443 :
3322 4405 3432 4443 non
3464 4388 3607 4443 enim
3636 4385 3828 4438 Imma-

2242 4512 2366 4552 num
2392 4537 2406 4563 ,
2438 4492 2532 4548 sed
2577 4490 2807 4545 ferinum
2841 4484 3040 4538 habent
3065 4483 3261 4536 visum.
3294 4479 3523 4534 Humani
3555 4475 3696 4531 oculi
3725 4490 3827 4527 nu-

2242 4589 2367 4642 dum
2397 4583 2577 4639 videre
2602 4593 2802 4649 corpus
2827 4588 2982 4630 suum
3010 4587 3116 4625 non
3142 4569 3351 4635 ferunt;
3381 4585 3534 4625 suum
3558 4567 3701 4623 enim
3723 4574 3828 4631 est,

2244 4677 2453 4736 etiamsi
2475 4675 2702 4729 aliorum
2726 4677 2981 4741 quantum
3013 4664 3081 4717 ad
3112 4676 3395 4732 personam
3429 4679 3443 4717 :
3475 4661 3529 4715 hi
3556 4674 3709 4725 vero,
3727 4658 3832 4713 nisi

2246 4770 2425 4825 omnia
2442 4764 2761 4822 denudarint
2777 4770 2833 4815 et
2859 4755 3035 4813 omnia
3052 4755 3196 4809 domi
3215 4752 3527 4815 recondant,
3542 4764 3832 4821 numquam

2248 4866 2528 4926 satiantur,
2550 4860 2656 4913 imo
2686 4870 2816 4911 vero
2842 4863 3131 4919 numquam
3166 4845 3467 4914 implentur.
3492 4844 3617 4899 Ideo
3644 4858 3834 4899 eorum

2251 4971 2439 5012 manus
2469 4966 2573 5006 non
2607 4950 2837 5002 ferarum
2861 4955 3051 4997 manus
3076 4946 3278 4993 tantum
3309 4934 3529 5001 dixeris,
3553 4934 3647 4989 sed
3679 4935 3839 5003 longe

2253 5047 2541 5103 ferociores
2571 5049 2625 5095 et
2655 5034 3022 5093 immaniores.
3067 5029 3186 5085 Ursi
3239 5041 3468 5096 namque
3493 5018 3684 5095 etlupi
3714 5038 3837 5079 cum

2252 5134 2429 5191 satiati
2457 5131 2675 5194 fuerint,
2696 5143 2726 5182 a
2745 5126 2835 5181 tali
2857 5122 3112 5178 alimento
3135 5104 3427 5174 recedunti
3446 5115 3499 5170 hi
3525 5130 3654 5171 vero
3681 5130 3841 5168 num-

2254 5242 2413 5298 quam
2446 5224 2727 5279 satiantur.
2772 5216 2931 5287 Atqui
2979 5222 3260 5284 pr0pterea
3295 5210 3437 5264 Deus
3467 5221 3657 5283 manus
3685 5203 3843 5259 nobis

2257 5319 2404 5374 dedit
2430 5326 2489 5372 ut
2513 5315 2633 5371 aliis
2676 5327 2837 5383 Opem
2868 5280 3103 5363 feramus
3127 5347 3143 5371 ,
3171 5320 3279 5359 non
3320 5313 3377 5358 ut
3406 5302 3471 5356 iis
3499 5280 3838 5355 insidientur.

2260 5411 2391 5465 Nam
2416 5412 2459 5466 si
2488 5410 2620 5480 ipsis
2646 5407 2713 5463 ad
2745 5406 2849 5479 hoc
2872 5402 3017 5457 usuri
3042 5414 3306 5464 essemus,
3336 5395 3527 5451 melius
3554 5399 3698 5447 esset
3724 5388 3845 5442 illas

2327 5548 2343 5578 ι
2369 5547 2567 5594 savitius
2588 5550 2699 5605 post
2720 5532 3189 5605 expugnat-inponit
3220 5532 3287 5605 in
3313 5526 3551 5605 margine,
3585 5528 3631 5572 et
3650 5528 3849 5605 tergore

2588 5583 3332 5660 non-modoiiuﬁts'[ornicatorts
3353 5583 3576 5647 mentem,
3592 5584 3676 5635 sed
3700 5583 3850 5634 etiam

2268 5667 2580 5730 audientium,
2608 5665 2925 5716 dicendorum
2948 5660 3044 5713 vim
3066 5663 3381 5721 pra'mensns.
