4028 6208
302 262 372 321 79
1429 269 1499 324 1N
1537 267 1752 323 EPIST.
1797 266 1816 320 l
1850 262 1941 317 AD
1971 264 2129 323 (ζοιι.
2168 265 2396 321 ΙΙΟΜίΙ..
2434 268 2526 321 IX.
3486 262 3556 317 80

298 393 450 443 στος
487 378 594 432 τὸν
631 380 790 434 ἴδιον
820 381 1046 450 μισθὸν
1080 382 1341 451 λήψεται
1369 386 1522 439 κατά
1560 384 1669 438 τὸν
1717 383 1873 437 ίδιον

300 461 526 515 κόπον·
566 463 626 515 οὐ
653 464 795 516 κατά
832 465 894 516 τὸ
928 465 1102 527 τέλος,
1131 466 1265 519 ἀλλά
1298 468 1439 520 κατά
1469 468 1561 520 τὸν
1592 467 1777 521 κόπον.
1806 466 1873 519 Τί

300 544 430 615 γάρ,
462 547 510 597 εί
538 546 612 616 μὴ
646 550 934 617 προσεῖχον
966 549 1027 599 οί’
1047 549 1365 615 ἀκούοντες;
1399 552 1561 605 Ὅθεν
1592 552 1752 620 δῆλον
1777 550 1873 603 καὶ

302 626 571 693 ἐντεῦθεν,
598 629 681 681 ὅτι
718 629 1050 701 περιέργων
1082 631 1144 683 τὸ
1166 631 1481 702 λεγόμενον.
1524 636 1588 687 Ὃ
1621 633 1677 685 δὲ
1701 632 1871 699 λέγει,

299 708 457 763 τοῦτό
494 711 677 763 ἐστιν·
712 713 779 766 Et
808 729 892 774 τις
936 713 1107 765 κακὸν
1139 713 1254 782 βίον
1304 714 1416 785 ἔχει
1454 715 1591 785 μετὰ
1639 715 1877 777 πίστεως

298 792 488 861 ὀρθῆς,
521 793 584 846 οὔ
619 795 988 865 προστήσεται
1025 796 1192 849 αὐτοῦ
1214 800 1247 867 ἡ
1278 799 1463 861 πίστις
1493 801 1574 861 είς
1596 798 1660 851 τὸ
1683 799 1758 867 μὴ
1776 815 1874 851 κο·

298 874 576 938 λάξεσθαι,
594 876 689 930 τοῦ
718 877 881 948 ἔργου
902 880 1357 950 κατακαιομένου.
1378 882 1451 934 Τὸ
1469 882 1546 944 δὲ,
1566 881 1877 947 Κατακαή-

296 972 487 1015 σεται.
522 957 669 1009 τοῦτ’
691 958 862 1023 ἐστιν,
902 960 1003 1012 οὐκ
1029 961 1167 1014 οίσει
1207 962 1303 1015 τοῦ
1330 963 1503 1033 πυρὸς
1530 963 1628 1034 τὴν
1668 962 1871 1033 ῥύμην.

310 1035 454 1091 Ἀλλ’
481 1037 673 1106 ὥσπερ
692 1039 746 1091 εί
769 1056 852 1104 τις
878 1044 1057 1111 χρυσᾶ
1080 1044 1221 1098 ὅπλα
1242 1043 1380 1114 ἔχων
1404 1043 1602 1097 διέλθοι
1632 1045 1875 1114 ποταμὸν

298 1119 495 1190 πυρὸς,
535 1121 893 1193 φαιδρότερος
949 1124 1250 1180 διαϐαίνει·
1302 1127 1351 1179 εί
1393 1127 1450 1179 δὲ
1501 1127 1694 1198 χόρτον
1738 1127 1877 1197 ἔχων

297 1201 517 1268 διέλθοι,
558 1205 619 1256 οὐ
674 1205 847 1274 μόνον⁷
872 1206 1027 1259 οὐδὲν
1074 1207 1332 1276 ὀνίνησιν,
1382 1207 1517 1260 ἀλλά
1562 1210 1656 1262 καὶ
1685 1210 1876 1262 ἑαυτὸν

297 1283 627 1340 ἀπόλλυσιν·
673 1287 817 1340 οὕτω
845 1294 941 1343 καὶ
975 1290 1069 1342 ἐπὶ
1096 1290 1205 1342 τῶν
1248 1290 1425 1360 ἔργων
1458 1292 1624 1345 ἐστίν.
1660 1294 1735 1345 Οὐ
1768 1293 1876 1364 γάρ

296 1367 373 1427 ὡς
389 1368 517 1436 περὶ
537 1369 1320 1441 ένυποστάτωνδιαλεγόμενος
1338 1374 1430 1426 καὶ
1450 1373 1872 1444 διακαιομένων,

296 1446 454 1500 τοῦτο
475 1448 644 1516 λέγει,
676 1450 814 1503 ἀλλά
842 1452 936 1503 τὸν
962 1452 1129 1519 φόὸον
1160 1452 1361 1522 μᾶλλον
1389 1457 1655 1508 ἐπιτεῖναι
1682 1456 1873 1520 θέλων,

298 1528 392 1581 καὶ
411 1528 579 1591 δεῖξαι
603 1531 815 1599 γυμνὸν
851 1533 1155 1599 ἀσφαλείας
1181 1534 1274 1587 τὸν
1308 1536 1367 1588 έν
1399 1537 1569 1607 κακίᾳ
1606 1538 1755 1591 ὄντα.
1783 1538 1876 1591 Διὸ

299 1609 393 1661 καὶ
415 1608 590 1677 ἔλεγε·
619 1612 1086 1680 Ζημιωθήσεται.
1131 1614 1261 1669 Ἰδοὺ
1288 1616 1385 1687 μία
1410 1617 1653 1681 κόλασις.
1682 1619 1876 1684 Αὐτὸς

297 1690 368 1743 δὲ
402 1690 761 1759 σωθήσεται,
792 1695 947 1749 οὕτω
988 1696 1058 1750 δὲ
1096 1699 1179 1765 ὡς
1210 1699 1309 1755 6ιά
1343 1701 1553 1767 πιφός.
1606 1702 1739 1755 Ἰδοὺ
1780 1702 1875 1756 καὶ

296 1772 542 1844 δευτέρα.
584 1777 649 1828 ’0
678 1776 736 1829 δὲ
765 1776 949 1846 λέγει,
983 1779 1142 1833 τοῦτό
1186 1782 1334 1835 ἐστιν
1359 1800 1374 1815 ·
1408 1784 1544 1853 Οὐχὶ
1578 1785 1671 1837 καὶ
1710 1784 1894 1847 αὐτὸς·

297 1853 470 1919 οὕτως
504 1857 809 1923 ἀπολεῖται,
840 1860 918 1923 ὡς
947 1860 1016 1912 τά
1042 1860 1201 1930 ἔργα,
1233 1863 1316 1923 είς
1345 1864 1407 1915 τὸ
1448 1866 1612 1933 μηδὲν
1646 1866 1871 1935 χωρῶν·

297 1937 432 1992 ἀλλά
458 1942 612 2009 μενεῖ
650 1942 708 1992 έν
736 1939 816 2009 τῷ
848 1940 1000 2010 πυρί.
1034 1941 1318 2013 Σωτηρίαν
1360 1944 1491 2011 γοῦν
1530 1946 1593 1999 τὸ
1638 1949 1874 2018 πρᾶγμα

298 2020 473 2080 καλεῖ,
512 2020 667 2095 φησί.
709 2022 820 2091 Ούχ
863 2021 1085 2085 ἀπλῶς·
1116 2022 1206 2077 διά
1238 2025 1397 2079 τοῦτο
1441 2038 1467 2067 ι
1509 2030 1871 2099 προσέθηκεν·

308 2102 407 2169 Ὠς
429 2101 526 2155 διὰ
553 2104 760 2171 πυρός.
788 2104 901 2157 Kal
921 2105 1030 2175 γὰρ
1052 2107 1146 2159 καὶ
1173 2109 1308 2177 ἡμῖν
1333 2107 1453 2172 ἔθος
1475 2108 1674 2177 λέγειν,
1694 2110 1873 2180 Ἑντῷ

295 2185 431 2255 πυρὶ
460 2183 716 2248 σώζεται,
752 2187 880 2253 περὶ
911 2187 1022 2240 τῶν
1055 2189 1129 2258 μὴ
1159 2191 1611 2260 κατακαιομένων
1651 2193 1745 2244 καὶ
1786 2208 1875 2243 τε-

297 2266 619 2338 φρουμένων
646 2267 850 2333 εὐθέως
876 2269 1036 2324 ὑλῶν.
1069 2271 1161 2342 Μὴ
1190 2268 1304 2337 οὖν,
1338 2273 1527 2343 ἐπειδὴ
1565 2273 1675 2344 πῦρ
1703 2275 1873 2343 ἡκου-

296 2367 419 2413 σας,
440 2351 670 2424 νομίσῃς
687 2355 768 2415 είς
788 2353 1131 2425 ἀνυπαρξίαν
1158 2359 1359 2427 χωρεῖν
1374 2358 1498 2419 τοὺς
1526 2359 1870 2427 καιομένους.

296 2432 361 2485 El
385 2434 441 2486 δὲ
467 2435 740 2506 σωτηρίαν
760 2437 856 2488 καὶ
884 2438 983 2507 τὴν
1001 2439 1258 2508 τοιαύτην
1287 2440 1557 2511 τιμωρίαν
1586 2440 1763 2501 καλεῖ,
1798 2439 1876 2511 μὴ

294 2514 583 2588 θαυμάσῃς
606 2533 620 2548 ·
655 2517 777 2582 ἔθος
809 2519 916 2588 γὰρ
940 2519 1090 2591 αὐτῷ
1120 2523 1215 2575 καὶ
1240 2523 1334 2575 ἐπὶ
1367 2523 1478 2576 τῶν
1508 2523 1875 2592 κακεμφάτων

297 2599 481 2659 καλοῖς
502 2600 729 2669 ὀνόμασι
752 2602 1076 2671 κεχρῆσθαι,
1099 2606 1195 2657 καὶ
1232 2606 1325 2658 ἐπὶ
1357 2606 1465 2659 τῶν
1491 2608 1743 2676 χρηστῶν
1763 2611 1877 2670 τοῖς

295 2678 580 2742 ἐναντίοις.
606 2676 751 2744 Οἷον,
781 2680 841 2733 τδ
873 2683 972 2751 τῆς
998 2684 1373 2753 αἰχμαλωσίας
1411 2687 1602 2755 δνομα,
1635 2686 1883 2756 πονηροῦ

297 2759 624 2829 πράγματος
652 2760 802 2815 δοκεῖ
828 2759 969 2817 εἶναι
1000 2764 1172 2834 ὄνομα
1194 2782 1206 2793 ·
1235 2765 1351 2818 ἀλλ’
1370 2766 1462 2818 ἐπὶ
1489 2766 1639 2836 καλῷ
1665 2766 1879 2829 Παῦλος

294 2844 446 2913 αὐτῷ
470 2843 732 2916 κέχρηται
758 2845 955 2915 λέγων·
979 2847 1521 2917 Αίχμαιιωτίζοντες
1539 2850 1663 2904 πᾶν
1684 2853 1879 2920 νόημα

298 2929 387 2991 είς
428 2927 545 2993 τὴν
565 2927 847 2996 ὑπακοὴν
887 2929 993 2983 τοῦ
1018 2931 1296 2998 Χριστοῦ.
1328 2932 1438 2985 Kal
1464 2933 1556 2986 ἐπὶ
1593 2933 1746 3002 κακῷ
1776 2933 1880 2987 πά-

294 3008 382 3060 λιν
416 3010 648 3080 εὐφήμῳ
699 3011 964 3082 κέχρηται
1002 3012 1248 3082 ὀνόματι,
1284 3014 1480 3081 λέγων·
1530 3017 1880 3070 Ἐϐασίλευσ-

293 3106 410 3147 σεγ
438 3093 478 3159 ή
507 3093 760 3161 ἁμαρτία
781 3110 797 3125 ·
844 3095 1021 3148 καίτοι
1054 3112 1117 3163 γε
1155 3097 1217 3149 τὸ
1244 3098 1345 3166 τῆς
1393 3098 1670 3163 βασιλείας
1709 3101 1883 3170 ὄνομα

295 3172 543 3243 εὖφημόν
565 3178 683 3228 ἐστι
717 3175 933 3245 μᾶλλον.
962 3176 1123 3230 Οὕτω
1153 3178 1247 3230 καὶ
1275 3180 1510 3233 ἐνταῦθα
1530 3180 1722 3243 είπὼν,
1759 3185 1881 3235 Σω-

296 3255 569 3323 ὑήσεται,
609 3258 762 3310 οὐδὲν
787 3257 974 3327 ἕτερον
1004 3257 1038 3327 ἢ
1062 3258 1162 3328 τὴν
1202 3260 1452 3314 ἐπίτασιν
1483 3263 1581 3331 τῆς
1607 3263 1880 3334 τιμωρίας

292 3338 555 3409 ᾐνίξατο,
593 3336 793 3391 ὡσανεὶ
835 3338 1022 3406 ἔλεγεν
1048 3355 1064 3370 ·
1108 3341 1282 3404 Δύτὺς
1325 3343 1381 3395 δὲ
1425 3347 1579 3412 μενεῖ
1616 3344 1882 3414 διηνεκῶς

296 3418 678 3489 κολαζόμενος.
717 3416 850 3474 Εἶτα
876 3423 973 3475 καὶ
995 3422 1249 3492 ἐπιφέρει
1283 3424 1455 3492 λέγων
1478 3442 1490 3454 ·
1523 3428 1644 3480 Οὐκ
1678 3427 1880 3481 οῖδατε

298 3502 387 3555 ὅτι
412 3502 557 3567 ναὸς
591 3502 740 3556 Θεοῦ
772 3504 949 3567 ἐστε;
993 3503 1211 3574 Ἐπειδὴ
1253 3507 1359 3575 γὰρ
1399 3508 1526 3578 περὶ
1555 3508 1665 3561 τῶν
1706 3510 1881 3568 διατετ

299 3586 541 3655 μνόντων
565 3586 666 3656 τὴν
708 3587 1036 3658 Ἐκκλησίαν
1062 3594 1119 3643 ὲν
1140 3593 1252 3654 τοῖς
1278 3592 1586 3663 ἔμπροσθεν
1610 3594 1876 3664 διελέχθη,

296 3668 639 3721 καθάπτεται
680 3667 865 3722 λοιπὸν
911 3671 1131 3724 καὶτοῦ
1176 3676 1647 3743 πεπορνευκότος,
1696 3676 1880 3745 σαφῶς

300 3751 399 3821 μὶν
422 3751 655 3812 οὐδέπω,
696 3751 963 3822 ἀορίστως
1003 3754 1079 3816 δὲ,
1109 3756 1479 3825 αἰνιττόμενος
1513 3758 1604 3809 τὸν
1628 3758 1881 3826 διεφθαρ-

301 3835 461 3905 μένον
502 3833 669 3886 αὐτοῦ
729 3834 877 3904 βίον,
917 3837 1013 3888 καὶ
1046 3839 1289 3909 ἐπαίρων
1322 3839 1383 3890 τὸ
1418 3841 1721 3911 ἁμάρτημα
1770 3841 1879 3893 ἀπὸ

293 3918 397 3988 τῆς
422 3918 522 3988 ήδη
550 3918 797 3988 δοθείσης
818 3918 966 3987 αύτῷ
991 3921 1217 3990 δωρεᾶς.
1251 3918 1383 3975 Εἶτα
1420 3924 1511 3976 καὶ
1540 3925 1665 3986 τοὺς
1685 3925 1876 3990 ἀλλους

297 3999 549 4070 ἐντρέπει
567 4000 677 4052 ἀπὸ
691 4001 799 4053 τῶν
816 4002 993 4053 αὐτῶν
1013 4003 1219 4056 τούτων
1240 4004 1349 4056 τῶν
1371 4006 1469 4075 ἤδη
1494 4006 1873 4076 ὑπαρξάντων.

298 4081 370 4133 Ἦ
397 4080 504 4149 γάρ
530 4080 639 4132 ἀπὸ
669 4081 778 4133 τῶν
808 4082 1130 4149 μελλόντων,
1166 4085 1198 4154 ἢ
1240 4087 1349 4137 ἀπὸ
1379 4089 1487 4141 τῶν
1517 4089 1617 4159 ήδη
1648 4107 1877 4158 γεγενη-

300 4163 499 4231 μένων,
529 4162 563 4229 ἢ
586 4162 866 4230 λυπηρῶν,
901 4163 935 4231 ἢ
968 4166 1242 4234 χρηστῶν,
1270 4168 1357 4219 ἀεὶ
1386 4169 1544 4222 τοῦτο
1571 4175 1741 4223 ποιεῖ·
1770 4172 1878 4223 ἀπὸ

297 4247 399 4316 μὲν
424 4244 531 4296 τῶν
555 4242 875 4311 μελλόντων·
912 4246 972 4299 Ἠ
990 4246 1101 4319 γὰρ
1136 4247 1327 4315 ἡμέρα
1374 4249 1655 4317 δηλώσει,
1679 4253 1770 4306 ὅτι
1807 4255 1879 4308 ἐν

294 4327 439 4396 πυρί
481 4326 1003 4382 ἀποκαλύπτεται·
1049 4328 1159 4381 ἀπὸ
1195 4330 1251 4382 δὲ
1282 4330 1390 4383 τῶν
1434 4332 1530 4403 ἤδη
1576 4335 1879 4405 γεγενημέ-

295 4426 425 4464 νων·
452 4414 573 4464 Οὐκ
604 4410 804 4465 οἴδατε
835 4413 924 4465 ὅτι
948 4415 1095 4478 ναὸς
1119 4412 1267 4467 Θεοῦ
1288 4415 1449 4479 ἐστε,
1475 4416 1571 4469 καί
1600 4418 1665 4470 τὸ
1690 4419 1878 4473 Πνεῦ-

290 4510 376 4562 μα
407 4494 513 4547 τοῦ
544 4495 690 4547 Θεοῦ
718 4495 874 4548 οίκεῖ
893 4496 965 4548 ἐν
1012 4497 1189 4564 ὐμῖν;
1224 4498 1295 4549 El
1319 4513 1409 4562 τις
1458 4498 1566 4551 τὸν
1590 4500 1742 4553 ναὸν
1768 4502 1877 4556 τοῦ

298 4574 448 4628 Θεοῦ
488 4579 710 4644 φθείρει
734 4621 748 4641 ,
793 4579 1002 4648 φθερεῖ
1028 4580 1245 4632 τοῦτον
1278 4584 1310 4633 d
1357 4582 1519 4647 Θεός.
1583 4582 1746 4654 Ὁρᾷς
1777 4583 1875 4654 τὴν

296 4659 614 4726 καταφορὲν
641 4658 736 4710 τοῦ
765 4660 922 4728 λόγου
948 4677 962 4724 ;
988 4661 1129 4713 Ἀλλ’
1154 4661 1257 4724 ἕως
1286 4662 1347 4714 τὸ
1372 4664 1661 4733 πρόσωπον
1681 4666 1873 4736 ἄδηλόν

294 4741 464 4799 ἐστιν,
493 4740 593 4807 οὐχ
620 4740 793 4803 οὕτως
825 4745 1062 4811 ἐπαχθὲς
1084 4744 1145 4795 τὸ
1175 4744 1485 4813 λεγόμενον,
1514 4747 1629 4819 [78]
1656 4749 1871 4801 πάντων

295 4822 701 4891 διανεμομένων
746 4826 835 4877 τὸν
872 4827 973 4892 τῆς
1021 4827 1395 4895 ἐπιτιμήσεως
1441 4830 1624 4895 φόϐον.
1667 4831 1879 4897 Φθερεῐ

293 4902 510 4956 τοῦτον
548 4908 580 4957 d
635 4908 818 4971 Θεός·
853 4906 1154 4970 τουτέστιν,
1206 4910 1417 4961 ἀπολεῖ.
1452 4911 1623 4964 Τοῦτο
1666 4913 1722 4963 δὲ
1751 4912 1872 4981 ούχὶ

294 4987 688 5053 καταρωμένου
744 4990 912 5051 ἐστὶν,
965 4987 1103 5041 ἀλλά
1145 4989 1598 5057 προφητεύοντος.
1666 4993 1717 5043 '0
1761 4995 1871 5061 γὰρ

292 5068 442 5132 ναὸς
471 5069 577 5122 τοῦ
610 5073 756 5125 Θεοῦ
791 5072 958 5143 ἅγιός
995 5074 1185 5128 ἐστιν.
1234 5073 1292 5124 '0
1330 5072 1387 5123 δὲ
1428 5078 1871 5143 πεπορνευμένος

295 5150 543 5221 βέϐηλος.
568 5147 721 5214 Εἶτα,
736 5155 823 5206 ἵνα
849 5159 924 5227 μὴ
942 5156 1068 5226 δόξῃ
1089 5155 1223 5225 πρὸς
1241 5157 1447 5208 ἐκεῖνον
1468 5158 1865 5224 ἀποτείνεσθαι,

292 5231 485 5296 εἰπὼν,
533 5232 596 5283 '0
622 5234 729 5301 γὰρ
756 5237 901 5301 ναὸς
927 5240 1035 5292 τοῦ
1065 5238 1211 5292 Θεοῦ
1236 5238 1403 5307 ἅγιός
1426 5238 1614 5303 ἐστιν,
1652 5242 1866 5309 ἐπάγει·

286 5317 517 5380 Οττινές
566 5316 713 5368 ἐστε
746 5318 934 5383 ὑμεῖς.
970 5320 1193 5387 Μηδεὶς
1230 5320 1453 5373 ἑαυτὸν
1495 5322 1865 5385 ἐξαπατάτω.

291 5400 406 5451 Καὶ
435 5398 592 5451 τοῦτο
619 5397 751 5467 πρὸς
784 5400 1007 5464 ἐκεῖνον,
1041 5406 1115 5463 ὼς
1157 5404 1447 5474 νομίζοντά
1487 5423 1537 5456 τι
1572 5401 1731 5467 εἶναι,
1774 5407 1868 5457 καί

292 5484 404 5535 ἀπὸ
441 5484 538 5553 τῆς
565 5482 754 5550 σοφίας
780 5482 1067 5551 αὐχοῦντα.
1094 5488 1204 5539 Kal
1220 5490 1308 5540 ἵνα
1329 5488 1403 5557 μὴ
1425 5487 1548 5557 δόξῃ
1576 5488 1869 5556 παρέργως

298 5565 463 5634 μέχρι
487 5565 681 5618 πολλοῦ
710 5564 844 5634 πρὸς
868 5564 1028 5617 αὑτὸν
1061 5568 1463 5636 ἀποτείνεσθαι,
1494 5569 1746 5639 ἐμϐαλὼν
1769 5573 1866 5623 αύ-

360 5749 375 5772 ⁸
401 5750 684 5812 Legebalur
706 5756 836 5816 φησί.
857 5758 945 5805 Διά
968 5758 1055 5819 γὰρ
1092 5757 1250 5809 τοῦτο.

1979 383 2071 435 τὸν
2097 385 2175 446 είς
2203 382 2441 450 ἀγωνίαν
2462 381 2555 433 καὶ
2584 380 2668 448 τῷ
2702 379 2852 450 φόϐῳ
2886 379 3159 451 παραδοὺς
3178 376 3362 441 αύτδν,
3394 378 3558 431 πάλιν

1979 465 2072 518 επὶ
2098 468 2160 517 τὸ
2184 465 2361 517 κοινὸν
2388 463 2639 533 ἔγκλημα
2664 461 2760 513 τὸν
2792 462 2948 529 λόγον
2972 464 3115 529 ἄγει,
3141 462 3345 527 λέγων·
3373 462 3443 514 ΕΙ
3470 479 3560 528 τις

1980 545 2148 599 δοκεῖ
2178 546 2463 614 φρόνιμος
2488 542 2638 598 εἶναι
2677 543 2753 596 ἐν
2786 543 2925 611 ὑμῖν
2951 545 3023 597 ἐν
3050 541 3130 607 τῷ
3150 541 3315 595 alim
3350 544 3557 610 τούτῳ.

1974 629 2168 695 μωρὸς
2199 626 2479 695 γενέσθω,
2507 629 2607 681 ινα
2636 626 2885 696 γένηται
2913 624 3124 693 σορός.
3161 625 3313 676 Ποιεῖ
3342 625 3398 676 δὲ
3429 624 3560 677 αὐτὸ

1977 708 2160 762 λοιπὸν
2182 708 2319 778 μετά
2344 709 2546 779 πολλῆς
2575 711 2675 780 τῆς
2707 707 3041 779 παρρησίας,
3064 707 3158 761 ἆτε
3176 709 3558 772 καταγωνισά-

1982 808 2140 861 μενος
2165 791 2361 854 αύτοὺς
2387 792 2588 855 ίκανῶς
2615 794 2665 847 δ.
2696 792 2821 847 Κᾶν
2852 790 2959 863 γάρ
2980 789 3231 852 πλούσιος
3322 806 3427 852 τις,
3454 789 3559 843 κάν

1978 873 2224 944 εὐγενὴς,
2236 874 2343 927 τῶν
2359 874 2589 927 εὐτελῶν
2605 877 2752 928 ἐστιν
2769 872 3171 943 εὐτελέστερος,
3189 874 3315 925 ὅταν
3336 872 3439 924 ὑπὸ
3457 871 3557 940 τῆς

1980 956 2255 1027 ἁμαρτίας
2274 955 2407 1010 ἀλῶ.
2443 957 2656 1027 Ὥσπερ
2690 956 2803 1026 γὰρ
2831 955 2935 1007 κάν
2976 951 3284 1029 βασιλεὺςῇ
3313 972 3417 1016 τις,
3440 953 3558 1005 δοῦ-

1977 1038 2068 1102 λος
2098 1039 2155 1092 δὲ
2182 1038 2407 1107 γένηται
2431 1040 2743 1111 βαρόάρων,
2777 1038 2999 1092 πάντων
3020 1039 3168 1093 ἐστὶν
3199 1037 3521 1106 ἀθλιώτερος
3539 1049 3555 1067 '

1977 1119 2120 1174 οὕτω
2152 1121 2247 1173 καὶ
2275 1122 2369 1173 ἐπὶ
2397 1122 2499 1191 τῆς
2532 1121 2828 1193 ἁμαρτίας.
2872 1119 3157 1190 Βάρόαρος
3194 1121 3302 1190 γάρ
3339 1122 3486 1172 ἐστιν
3524 1120 3557 1189 ἡ

1977 1204 2243 1273 ἀμαρτία,
2286 1205 2379 1257 καὶ
2420 1204 2597 1274 ψυχῆς
2633 1206 2735 1257 οὐκ
2761 1205 2936 1258 είδυῑα
2958 1203 3233 1269 φείδεσθαι
3274 1204 3371 1271 τῆς
3414 1200 3561 1266 ἅπαξ

1981 1287 2237 1357 ἀλούσης,
2267 1288 2381 1340 ἀλλ’
2409 1288 2503 1341 ἐπὶ
2528 1287 2674 1359 λύμῃ
2697 1288 2806 1341 τῶν
2836 1285 3235 1356 ὲπιδεχομένων
3275 1284 3443 1355 αὐτὴν
3471 1302 3559 1336 τυ-

1983 1368 2176 1439 ραννοῦ
2184 1387 2273 1421 σα.

2046 1459 2110 1511 δ’.
2132 1458 2297 1511 Οὐδὲν
2322 1458 2431 1530 γὰρ
2461 1459 2635 1525 οὕτως
2671 1461 2973 1529 ἀλόγιστον,
3007 1459 3083 1519 ὡς
3116 1456 3379 1527 ἁμαρτία,
3406 1455 3560 1511 οὐδὲν

1977 1532 2148 1598 οὕτως
2170 1537 2397 1607 ἀνόητον
2431 1539 2522 1591 καὶ
2550 1539 2732 1609 μωρὸν
2774 1539 2866 1592 καὶ
2887 1537 3179 1609 ῥαγδαῖον·
3210 1536 3384 1588 πάντα
3423 1535 3560 1587 ἀνα-

1976 1617 2170 1689 τρέπει
2191 1619 2289 1670 καὶ
2318 1622 2511 1688 συγχεῖ
2537 1622 2631 1673 καὶ
2661 1620 2927 1673 ἀπόλλυσι
2966 1618 3095 1673 ἔνθα
3136 1617 3203 1671 ἂν
3230 1616 3557 1686 είσπηδήσῃ·

1975 1697 2146 1769 ἀηδὴς
2175 1700 2325 1762 ἰδεῖν,
2356 1702 2589 1771 φορτικὴ
2626 1703 2719 1754 καὶ
2749 1704 3011 1772 ἐπαχθής.
3047 1702 3159 1755 Kal
3187 1702 3239 1753 εῑ
3281 1718 3365 1762 τις
3390 1701 3561 1768 αὐτὴν

1974 1777 2281 1830 ἀνέπλαττε
2306 1776 2618 1849 ζωγράφος,
2651 1781 2750 1833 οὐκ
2791 1780 2857 1831 ἄν
2886 1798 2975 1848 μοι
3006 1779 3153 1831 δοκεῖ
3178 1779 3445 1847 ἁμαρτεῖν
3468 1777 3561 1829 οὖ-

1974 1877 2083 1924 τως
2114 1860 2284 1931 αὐτὴν
2310 1861 2689 1927 ἀναπλάττων,
2724 1862 2963 1931 γυναῖκά
2990 1877 3111 1914 τινα
3166 1858 3554 1931 θηριόμορφον,

1979 1939 2279 2010 βάρϐαρον,
2315 1938 2426 2011 πῦρ
2456 1940 2748 2005 πνέουσαν,
2780 1940 3017 2010 ἀτερπῆ,
3054 1938 3330 2008 μέλαιναν,
3361 1939 3477 1999 οἵας
3509 1937 3559 1988 οί

1975 2022 2087 2075 τῶν
2117 2022 2315 2088 ἔξωθεν
2339 2023 2564 2092 ποιηταὶ
2587 2024 2687 2087 τὰς
2716 2023 2961 2085 Σκύλλας
3007 2022 3405 2092 ὑπογράφουσι.
3436 2020 3559 2071 Μυε-

1978 2098 2122 2166 ρίαις
2145 2099 2251 2167 γάρ
2284 2101 2470 2167 χερσὶν
2509 2099 2944 2168 ἐπιλαμϐάνεται
2967 2099 3077 2151 τῶν
3108 2098 3394 2168 ἡμετέρων
3410 2098 3559 2164 λογι-

1976 2179 2153 2247 σμῶν,
2208 2181 2303 2233 καὶ
2326 2180 2606 2249 ἀδοκήτως
2654 2180 3055 2250 ἐπεισέρχεται.
3092 2181 3181 2231 καὶ
3214 2179 3391 2231 πάντα
3440 2178 3558 2231 δια-

1976 2257 2298 2325 σπαράττει,
2316 2257 2569 2328 καθάπερ
2588 2258 2637 2310 οἱ
2654 2256 2812 2319 κύνες
2838 2261 2885 2309 οἱ
2903 2256 3079 2327 λάθρα
3091 2257 3391 2318 δάκνοντες.
3415 2256 3563 2309 Μᾶλ-

1973 2334 2064 2389 λον
2092 2337 2148 2389 δὲ
2172 2337 2224 2389 τί
2247 2338 2329 2391 δεῖ
2356 2339 2680 2410 ζωγραφίας
2730 2342 2884 2409 ἡμῖν,
2916 2340 3034 2393 δέον
3065 2340 3191 2402 τοὺς
3227 2339 3347 2393 κατ’
3389 2339 3560 2405 αὐτὴν

1974 2417 2377 2487 πεποιημένους
2400 2422 2483 2482 είς
2509 2420 2673 2489 μέσον
2700 2421 2929 2490 ἀγαγεῖν
2953 2438 2969 2487 ;
3009 2421 3143 2473 Τίνα
3168 2417 3260 2473 οὖν
3308 2419 3561 2488 βούλεσθε

1976 2496 2241 2566 πρότερον
2270 2498 2411 2563 ὖπογ
2420 2498 2677 2567 ράψωμεν
2697 2516 2712 2562 ;
2735 2500 2824 2551 τὸν
2845 2500 3172 2568 πλεονέκτην
3188 2500 3281 2552 καλ⁵
3294 2498 3519 2570 ἆρπαγα
3541 2516 3559 2563 ;

1972 2580 2087 2633 Kal
2110 2582 2163 2631 τί
2206 2578 2314 2631 τ’ῶν
2339 2580 2632 2648 ὀφθαλμῶν
2681 2581 2910 2634 ἐκείνων
2936 2581 3457 2651 ἀναισχυντότερον;
3506 2580 3561 2633 τί

1974 2655 2359 2726 ἀναιδέστερον
2393 2658 2488 2710 καὶ
2525 2657 2892 2725 κυνικώτερον
2919 2675 2933 2721 ;
2957 2657 3019 2709 ού
3066 2658 3175 2726 γάρ
3217 2656 3358 2709 οὕτω
3413 2656 3561 2710 κύων

1976 2736 2211 2804 ἕστηκεν
2259 2740 2701 2810 ἀναιδευόμενος,
2737 2741 2813 2803 ὡς
2840 2734 3017 2803 οὗτος,
3067 2740 3197 2792 ὅταν
3228 2738 3298 2791 τά
3342 2741 3562 2792 πάντων

1974 2820 2222 2888 ἁρπάζῃ.
2255 2821 2320 2871 Τί
2348 2821 2457 2871 τῶν
2494 2822 2693 2889 χειρῶν
2726 2821 3071 2890 μιαρώτερον
3096 2823 3362 2886 ὲκείνων;
3395 2823 3448 2873 τί
3468 2820 3561 2874 τοῦ

1979 2896 2248 2965 στόματος
2278 2895 2614 2964 ἰταμώτερον
2636 2895 2732 2947 τοῦ
2770 2896 2953 2949 πάντα
2992 2900 3402 2961 καταπίνοντος,
3466 2898 3562 2950 καὶ

1976 2973 2038 3024 ού
2062 2973 2494 3042 κορεννυμένου;
2535 2973 2625 3042 Μὴ
2652 2972 2762 3043 γάρ
2791 2974 2871 3035 είς
2899 2973 2961 3026 τδ
2993 2974 3284 3045 πρόσωπον
3329 2976 3561 3038 καὶτοὺς

1979 3054 2297 3124 ὀφθαλμοὺς
2340 3054 2475 3126 ἴδῃς,
2519 3057 2603 3108 ὅτι
2645 3054 2971 3126 ἀνθρώπου·
3020 3057 3082 3109 οὐ
3106 3056 3215 3128 γάρ
3239 3055 3306 3109 τά
3335 3056 3561 3109 τοιαῦτα

1980 3136 2268 3206 βλέπουσιν
2308 3138 2356 3188 οί
2386 3136 2731 3206 ’ἀνθρώπινοι
2776 3138 3055 3207 ὀφθαλμοί.
3099 3139 3172 3193 Οὐ
3211 3139 3395 3207 βλέπει
3434 3140 3561 3200 τοὺς

1976 3219 2297 3289 ἀνθρώπους
2328 3218 2670 3288 ἀνθρώπους.
2696 3220 2756 3272 ού
2808 3220 2994 3289 βλέπει
3020 3220 3110 3272 τὸν
3139 3222 3368 3289 οὐρανὸν
3396 3221 3561 3291 οὐρα-

1979 3301 2091 3361 νὸν,
2119 3301 2239 3352 οὐδὲ
2256 3300 2507 3353 ἀνανεύει
2561 3301 2699 3371 πρὸς
2720 3302 2814 3356 τὸν
2847 3302 3142 3371 Δεστώτην,
3190 3302 3326 3355 ἀλλά
3382 3303 3563 3365 πάντα

1979 3384 2240 3453 χρήματα
2275 3378 2416 3435 εἶναι
2446 3384 2683 3454 νομίζει;
2713 3386 2778 3438 Ol
2830 3386 3135 3456 ἀνθρώπων
3162 3386 3428 3456 ὀφθαλμοὶ
3460 3386 3560 3436 πέ-

1978 3482 2146 3533 νητας
2166 3464 2423 3519 εἰώθασιν
2441 3470 2573 3538 ὁρᾷν
2603 3469 3180 3537 καταπεπονημένους,
3213 3470 3307 3521 καὶ
3332 3468 3562 3521 ἐπικλᾶ-

1981 3547 2126 3600 σθαι·
2153 3540 2298 3601 οὖτοι
2338 3548 2393 3601 δὲ
2427 3548 2522 3601 τοῦ
2579 3552 2826 3618 ἅρπαγος
2854 3551 3021 3619 ὁρῶσι
3046 3551 3302 3618 πένητας,
3347 3551 3439 3602 καὶ
3467 3552 3561 3603 ὲκ-

1980 3630 2314 3700 θηριοῦνται·
2369 3632 2419 3684 οί
2460 3631 2766 3701 ἀνθρώπων
2808 3633 3075 3702 ὀφθαλμοὶ
3105 3634 3200 3701 οὐχ
3242 3632 3317 3695 ὼς
3350 3634 3455 3686 ἴδια
3484 3632 3561 3689 .τά

1982 3712 2099 3786 [79]
2121 3714 2377 3784 ἀλλότρια
2419 3714 2727 3783 βλέπουσιν,
2759 3716 2894 3769 ἀλλά
2919 3718 3010 3769 καὶ
3062 3717 3129 3769 τά
3182 3715 3285 3768 ἴδια
3310 3717 3383 3779 ὡς
3408 3714 3561 3768 ἀλλό-

1979 3813 2125 3865 τρια,
2159 3795 2254 3847 καὶ
2288 3796 2387 3847 ούκ
2420 3796 2661 3863 ἐφίενται
2687 3796 2796 3849 τῶν
2836 3797 3044 3866 ἑτέροις
3074 3796 3390 3865 δεδομένων,
3427 3796 3560 3849 ἀλλά

1979 3878 2074 3931 καὶ
2109 3879 2184 3939 εἰ,
2215 3878 2436 3946 ἐτέρους
2456 3876 2675 3931 κενούσι
2709 3878 2776 3930 τὰ
2806 3879 3033 3931 ἑαυτῶν·
3065 3874 3207 3931 οὗτοι
3237 3878 3292 3929 δὲ
3322 3879 3421 3929 οὐκ
3468 3879 3560 3931 ἀν-

1980 3960 2271 4028 έχονται,εί
2304 3962 2377 4027 μὴ
2401 3960 2469 4012 τά
2489 3960 2706 4013 πάντων
2726 3960 2959 4014 λάόοιεν·
2989 3960 3049 4012 οὐ
3072 3963 3178 4029 γὰρ
3199 3959 3555 4030 ἀνθρώπινον,

1980 4041 2117 4094 ἀλλά
2144 4042 2408 4111 θηριῶδες
2438 4042 2652 4111 ἔχουσιν
2679 4043 2852 4112 ὄμμα.
2879 4043 2941 4094 Οί
2964 4042 3264 4112 ἀνθρώπων
3291 4041 3559 4111 ὀφθαλμοὶ

1977 4124 2185 4194 γυμνὸν
2214 4123 2340 4176 ίδεῖν
2358 4124 2418 4176 τὸ
2436 4125 2597 4193 σῶμα
2613 4124 2674 4177 τὸ
2702 4125 2913 4178 ἑαυτῶν
2944 4126 3043 4178 οὐκ
3059 4126 3357 4189 ἀνέχονται·
3380 4124 3558 4178 αὐτῶν

1978 4208 2086 4276 γάρ
2118 4208 2254 4270 ἐστι,
2292 4205 2396 4259 κᾶν
2420 4207 2623 4276 ἐτέρων
2742 4206 2884 4259 κατὰ
2916 4207 3226 4276 πρόσωπον·
3250 4199 3393 4259 οὗτοι
3416 4207 3473 4258 δὲ
3508 4208 3558 4259 εί

1980 4289 2057 4359 μὴ
2080 4290 2259 4343 πάντα
2275 4305 2340 4356 γυ
2350 4288 2641 4358 μνώσαιεν,
2667 4289 2760 4341 καὶ
2784 4286 2852 4340 τὰ
2874 4289 3093 4341 πάντων
3114 4290 3251 4341 οἴκοι
3274 4288 3558 4341 κατάθων-

1977 4387 2089 4437 ται,
2120 4372 2376 4424 οὐδέποτε
2412 4371 2571 4441 κόρον
2600 4370 2953 4441 λαμϐάνουσι,
2994 4370 3192 4439 μᾶλλον
3217 4370 3273 4422 δὲ
3304 4370 3556 4423 οὐδέποτε

1977 4453 2379 4521 ὲμπιπλῶνται.
2414 4455 2614 4521 Διόπερ
2635 4452 2753 4505 οὐδὲ
2776 4452 2977 4519 θηρίων
2996 4453 3090 4510 τάς
3112 4453 3299 4520 χεῖρας
3318 4452 3413 4511 τάς
3434 4449 3557 4501 τού-

1976 4552 2083 4587 των
2119 4536 2183 4588 άν
2215 4552 2299 4597 τις
2321 4532 2461 4587 εἶναι
2480 4535 2612 4600 φαίη
2646 4534 2824 4601 μόνον,
2852 4531 2984 4581 ἀλλά
3008 4532 3098 4581 καὶ
3121 4532 3323 4599 τούτων
3351 4531 3556 4600 ἀγριωο

1976 4621 2140 4688 τέρας
2171 4618 2350 4685 πολλῷ
2374 4618 2467 4668 καὶ
2497 4616 2905 4686 χαλεπωτέρας.
2940 4617 3167 4687 Ἀρκτοι
3203 4615 3301 4685 μὲν
3328 4618 3436 4684 γὰρ
3460 4618 3555 4670 καὶ

1974 4703 2147 4765 λύκοι,
2176 4702 2392 4755 ἐπειδὰν
2421 4701 2627 4755 λάϐωσι
2676 4702 2855 4773 κόρον,
2897 4706 2994 4773 τῆς
3040 4702 3291 4772 τοιαύτης
3347 4703 3556 4771 τροφῆς

1974 4782 2322 4849 ἀφίστανται·
2377 4776 2522 4833 οὗτοι
2541 4780 2597 4832 δὲ
2632 4782 2795 4852 κόρον
2830 4780 2930 4833 οὐκ
2985 4780 3187 4850 ἔχουσι.
3240 4780 3431 4834 Καίτοι
3463 4780 3555 4833 διὰ

1972 4862 2131 4916 τοῦτο
2150 4866 2334 4933 χεῖρας
2368 4865 2499 4934 ἡμῖν
2525 4863 2778 4933 ἐποίησεν
2811 4866 2839 4915 ό
2891 4862 3043 4924 Θεὸς,
3072 4864 3157 4914 ἴνα
3183 4863 3389 4931 ἑτέροις
3422 4860 3551 4929 βοη-

1972 4948 2173 5016 θῶμεν.
2206 4950 2302 5017 οὐχ
2334 4948 2420 5001 ἵνα
2453 4948 2909 5016 ἐπιόουλεύωμεν.
2942 4947 3003 4998 El
3033 4946 3089 4997 δὲ
3130 4944 3419 5013 μέλλοιμεν
3453 4942 3551 4993 αὑ·-

1971 5034 2092 5094 ταῖς
2128 5033 2207 5094 εὶς
2238 5032 2396 5084 τοῦτο
2432 5030 2751 5099 κεχρῆσθαι,
2790 5030 2994 5097 βέλτιον
3050 5026 3220 5088 αύτάς
3264 5024 3551 5093 ἀποκοπῆο

1972 5131 2080 5177 ναι,
2142 5114 2237 5167 καὶ
2268 5113 2435 5183 χωρὶς
2460 5112 2662 5163 τούτων
2690 5107 2847 5162 εἶναι.
2887 5110 2958 5162 Σὺ
3008 5108 3065 5160 δὲ
3098 5108 3165 5160 ἂν
3218 5107 3316 5177 μὲν
3341 5105 3552 5176 πρόὸα-

1971 5214 2061 5249 τον
2092 5198 2379 5267 σπαράττῃ
2413 5195 2621 5263 θηρίον,
2670 5193 2877 5259 ἀλγεῖς·
2908 5194 2992 5267 είς
3019 5191 3181 5243 αὑτὸν
3209 5191 3265 5244 δὲ
3298 5191 3389 5244 τὸν
3421 5189 3553 5260 ὁμό-

1973 5281 2138 5348 φυλον
2158 5280 2313 5332 τοῦτο
2328 5276 2711 5347 ἐργαζόμενος,
2732 5276 2791 5327 ού
2814 5275 3053 5343 νομίζεις
3077 5293 3128 5327 τι
3158 5279 3330 5328 ποιεῖν
3348 5273 3553 5338 δεινόν;

1974 5365 2067 5416 καὶ
2094 5362 2211 5424 πῶς
2242 5362 2307 5413 ἂν
2346 5363 2461 5430 εἴης
2486 5359 2765 5429 ἄνθρωπος
2791 5374 2805 5422 ;
2858 5360 2969 5427 Οὐχ
2995 5361 3126 5429 ὁρᾷς
3156 5360 3236 5411 ὃτι
3265 5356 3548 5423 ἀνθρώπι-

2033 5513 2062 5551 ὶ)
2088 5513 2203 5560 Post
2241 5511 2411 5565 ίκανῶς
2442 5511 2547 5558 ιιαιε
2574 5512 2622 5556 in
2656 5509 2873 5569 margine
2911 5514 3051 5571 ponit
3094 5507 3550 5571 Savlliuqexquof

1971 5576 2099 5628 dum,
2125 5581 2177 5621 ul
2200 5572 2409 5628 videtur,
2433 5568 2778 5629 manuscriplo;
2820 5568 2926 5617 καῖ’
2945 5571 3232 5624 κατασείσας
3259 5569 3328 5629 τῷ
3354 5568 3465 5623 δέει,
3491 5568 3551 5614 οὐ

1973 5636 2113 5693 μόνον
2147 5636 2230 5689 τήν
2274 5634 2453 5680 ἐκείνου
2498 5632 2582 5677 τοῦ
2626 5632 2997 5690 πεπορνευκότος
3042 5632 3277 5693 διάνοιαν.
3305 5630 3425 5676 ἀλλὰ
3460 5629 3550 5693 ’καὶ

1971 5688 2055 5749 την
2077 5696 2172 5740 τῶν
2191 5688 2476 5755 ἀκουόντων,
2502 5694 2585 5747 τὴν
2608 5696 2700 5738 τῶν
2725 5688 3056 5755 ῥηθησομένων
3080 5692 3421 5753 στοχαζόμενος
3453 5688 3550 5736 ἐπι·

1975 5756 2137 5817 φοράν.
