4028 6208
476 347 537 401 3|
1158 337 1212 389 S.
1254 334 1537 391 JOANNIS
1573 331 2066 391 CIIRYSOSTOMI
2104 316 2423 392 ARCIIIEP.
2466 336 3006 393 CONSTANTINOP.

474 467 566 505 νον
590 448 820 518 πρᾶγμα
844 443 1133 515 καλοῦμεν,
1162 446 1224 499 τὸ
1257 446 1407 499 ἐλέου
1434 448 1603 517 γέμον
1634 448 1730 500 καὶ
1753 442 2049 514 φιλανθρω-

479 535 611 593 πίας
636 547 651 594 ;
681 532 808 583 ὅταν
838 530 893 581 δὲ
922 529 1070 598 ὠμόν
1100 546 1151 581 τι
1176 528 1268 582 καὶ
1293 530 1500 598 ἀπηνὲς
1528 530 1846 597 ἐργάσηται,
1884 524 2049 579 ἀπάν-

480 615 697 685 θρωπον
720 613 809 664 τὸν
830 612 1065 664 τοιοῦτον
1112 612 1472 681 ὀνομάζομεν.
1519 611 1728 663 Οὐκοῦν
1770 610 1860 663 τὸν
1881 626 2049 685 χαρα-

481 677 659 767 κτῆρα
678 695 770 747 τοῦ
799 693 1087 765 ἀνθρώπου
1142 677 1251 747 ἀπὸ
1295 677 1387 746 τοῦ
1412 694 1602 758 ἐλεεῖν,
1631 693 1724 746 τοῦ
1776 693 1832 746 δὲ
1858 677 2049 760 θηρίου

479 779 588 833 ἀπὸ
623 778 716 830 τοῦ
763 778 1003 830 ἐναντίου
1048 777 1462 846 ὑπογράφομεν,
1517 777 1763 843 λέγοντες
1801 776 1906 828 ἀεί·
1959 775 2050 841 Μὴ

479 862 587 930 γάρ
615 860 933 929 ἀνθρωπος;
958 858 1193 929 θηρίονῆ
1224 859 1388 911 κύων.
1432 859 1493 912 Ol
1523 859 1631 928 γάρ
1660 858 1933 925 ἄνθρωποι
1953 873 2051 909 πε-

479 945 598 995 νίαν
623 941 947 1011 διορθοῦσιν,
978 942 1077 994 οὑκ
1107 940 1345 1006 αὔξουσι.
1376 940 1592 993 Τούτων
1612 940 1706 993 καὶ
1722 939 1791 992 τὰ
1812 940 2052 1008 στόματα

478 1025 682 1095 θηρίων
709 1024 824 1075 ἐστί
864 1023 1124 1092 στόματα,
1177 1023 1376 1093 μᾶλλον
1413 1022 1469 1075 δὲ
1500 1021 1593 1074 καί
1622 1020 1793 1075 ταῦτα
1828 1020 2052 1073 ἐκείνων

479 1106 813 1175 ἀγριώτερα·
868 1105 963 1157 καί¹
1021 1104 1130 1174 γάρ
1194 1107 1415 1174 ῥήματα
1469 1104 1796 1172 φθέγγονται
1853 1102 2053 1173 μᾶλλον

480 1189 704 1247 ἐκείνων
733 1188 840 1239 τῶν
869 1188 1092 1239 ὀδόντων
1126 1186 1202 1239 ἰὸν
1234 1186 1483 1254 ἀφιέντα.
1508 1186 1663 1253 φόνον
1689 1185 2050 1257 ἐργαζόμενα.

482 1272 592 1323 Καὶ
620 1272 667 1321 εἰ
714 1271 889 1322 πάντα
921 1287 1005 1331 τις
1035 1269 1273 1332 ἐπέλθοι,
1300 1270 1421 1321 τότε
1473 1268 1663 1337 ὄψεται
1707 1268 1908 1331 καλῶς,
1937 1267 2054 1331 πῶς

482 1352 643 1422 θηρία
670 1353 777 1404 ἀπὸ
809 1352 1112 1421 ἀνθρώπων
1139 1352 1266 1413 τοὺς
1287 1352 1603 1421 χρωμένους
1632 1352 1663 1420 ἡ
1688 1351 2053 1421 ἀπανθρωπία

482 1438 644 1489 ποιεῖ.
668 1437 729 1487 Εἰ
756 1436 811 1487 δέ
844 1435 935 1487 καὶ
963 1434 1062 1503 τὴν
1082 1434 1322 1487 διάνοιάν
1341 1451 1424 1497 τις
1457 1436 1729 1499 ἐξετάσειε
1746 1434 1856 1486 τῶν
1876 1432 2053 1485 τοιού-

480 1536 606 1583 των,
638 1518 820 1570 οὑκέτι
855 1516 1016 1587 θηρία
1051 1518 1229 1586 μόνον,
1267 1517 1401 1571 ἀλλά
1428 1518 1521 1570 καὶ
1560 1518 1821 1586 δαίμονας
1861 1518 2055 1581 αὑτοὺς

482 1605 756 1672 προσερεῖ.
780 1603 889 1653 Καὶ
912 1603 1020 1669 γὰρ
1046 1600 1248 1669 πολλῆς
1275 1602 1503 1670 γέμουσι
1528 1600 1627 1668 τῆς
1670 1600 1936 1669 ἀπηνείας
1961 1602 2055 1653 καὶ

481 1686 578 1754 τῆς
608 1685 741 1752 πρὸς
772 1686 862 1735 τὸν
903 1685 1190 1753 ὁμόδουλον
1236 1684 1454 1753 ἔχθρας·
1489 1684 1583 1736 καί
1622 1682 1745 1735 οὔτε
1777 1682 2054 1752 βασιλείας

482 1767 622 1835 ἔρως
650 1768 781 1829 ἐκεῖ,
807 1767 928 1819 οὔτε
959 1768 1179 1837 γεέννης
1202 1767 1385 1836 φόϐος,
1416 1767 1516 1819 οὑκ
1540 1766 1702 1829 αἰδὼς
1730 1766 2053 1837 ἀνθρώπων,

481 1849 581 1900 οὑκ
621 1849 789 1912 ἔλεος,
854 1850 913 1901 οὐ
956 1850 1307 1919 συμπάθεια,
1381 1849 1495 1901 ἀλλ’
1561 1849 1912 1918 ἀναισχυντία
1963 1851 2057 1901 καὶ

484 1932 765 2001 ἰταμότης,
792 1933 886 1985 καὶ
912 1932 1181 2003 ὑπεροψία
1196 1931 1303 1984 τῶν
1335 1931 1636 1999 μελλόντων
1665 1932 1938 1983 ἀπάντων·
1965 1933 2059 1984 καί⁸

485 2012 651 2079 μῦθος
686 2016 869 2075 αὐτοῖς
902 2008 1041 2067 εἶναι
1065 2014 1212 2066 δοκεῖ
1237 2012 1305 2064 τά
1326 2012 1419 2065 τοῦ
1436 2012 1571 2064 Θεοῦ
1602 2014 1823 2083 ῥήματα
1840 2014 1909 2063 τά
1932 2013 2058 2081 περὶ

482 2096 777 2156 κολάσεως,
813 2096 906 2148 καὶ
950 2096 1122 2163 γέλως
1151 2099 1183 2164 ἡ
1215 2096 1431 2161 ἀπειλή.
1470 2096 1704 2166 Τοιαύτη
1740 2096 1845 2164 γὰρ
1882 2099 1914 2165 ἡ
1962 2095 2055 2147 τοῦ

484 2179 803 2229 πλεονέκτου
834 2179 1057 2231 διάνοια.
1092 2179 1260 2231 Ὅταν
1294 2174 1389 2231 οὖν
1442 2177 1649 2230 ἔνδοθεν
1684 2177 1782 2247 μὲν
1807 2178 2059 2246 δαίμονες

482 2254 633 2324 ὦσιν,
666 2261 863 2326 ἔξωθεν
892 2262 947 2314 δὲ
983 2260 1165 2332 θηρία,
1199 2263 1292 2313 καὶ
1322 2260 1525 2331 θηρίων
1556 2261 1789 2330 χείρους,
1829 2262 1931 2313 ποῦ
1964 2262 2058 2331 θή-

482 2361 647 2413 σομεν
675 2347 797 2406 τοὺς
824 2346 1115 2407 τοιούτους,
1148 2344 1268 2397 εἰπέ
1303 2361 1427 2413 μοι;
1460 2346 1584 2395 Ὅτι
1606 2346 1714 2413 γὰρ
1733 2346 1825 2396 καὶ
1856 2345 2059 2413 θηρίων

482 2426 720 2495 χείρους,
753 2427 910 2495 δῆλον
960 2426 1194 2478 ἐκεῖθεν·
1228 2427 1307 2477 Τὰ
1337 2426 1500 2494 θηρία
1548 2429 1615 2495 τῇ
1648 2425 1802 2492 φύσει
1833 2426 2060 2479 τοιαῦτά

482 2504 649 2559 ἐστιν·
680 2502 825 2560 οὗτοι
852 2508 907 2559 δὲ
938 2508 1080 2560 κατά
1115 2509 1276 2576 φύσιν
1305 2507 1364 2558 τὸ
1392 2508 1597 2577 ἥμερον
1618 2508 1851 2576 ἔχοντες,
1905 2511 2059 2580 παρά

484 2588 644 2655 φύσιν
684 2591 763 2652 εἰς
810 2590 870 2641 τὸ
907 2590 1170 2661 θηριῶδες
1205 2589 1431 2652 ἑαυτοὺς
1488 2588 1703 2657 ἐξάγειν
1760 2590 2055 2659 βιάζονται.

3648 341 3719 399 89.

2150 443 2260 498 Καὶ
2289 446 2337 498 οἰ
2368 446 2619 515 δαίμονες
2646 449 2702 501 δέ
2731 448 2858 512 τοὺς
2904 449 3352 516 ἐπιϐουλεύοντας
3372 476 3375 479 λ
3395 450 3720 520 ἀνθρωπους

2151 528 2602 597 συμπράττοντας
2641 531 2854 594 ἑαυτοῖς
2891 532 3120 600 ἔχουσιν·
3146 533 3221 594 ὡς
3243 536 3289 586 εἰ
3318 533 3392 604 μὴ
3416 533 3721 601 συνέπρατ-

2147 626 2262 669 τον,
2281 610 2341 661 τὸ
2371 610 2529 663 πλέον
2552 611 2661 664 τῶν
2678 613 2980 666 ἐπιϐουλῶν
2998 627 3022 654 ι
3042 614 3150 666 τῶν
3176 615 3294 666 καθ’
3310 615 3469 685 ἡμῶν
3494 616 3723 677 ἐκείνοις

2129 689 2406 770 ¹ἀνῄρητο·
2446 688 2589 746 οὑτοι
2638 693 2694 745 δέ
2744 695 2837 747 καὶ
2885 695 3332 764 φιλονεικούντων
3386 698 3570 760 αὑτοῖς
3615 697 3726 750 τῶν

2150 772 2605 843 ἐπηρεαζομένων
2632 779 2849 846 κρατεῖν
2880 778 3234 849 ἐπιχειροῦσι.
3265 779 3431 831 Πάλιν
3456 781 3485 832 6
3517 780 3726 850 δαίμων

2151 854 2424 925 ἀνθρώπῳ
2465 856 2710 927 πολεμεῖ,
2759 859 2817 910 οὑ
2852 859 3069 930 δαίμοσι
3105 859 3222 931 [80]
3252 862 3363 923 τοῖς
3405 862 3721 930 ὁμοφύλοις·

2150 933 2302 1001 οὗτος
2330 939 2386 991 δὲ
2420 940 2479 991 τὸ
2507 942 2871 1008 συγγενὲςκαί
2890 944 3088 995 οἰκεῖον
3114 945 3277 995 παντὶ
3306 944 3491 1014 τρόπῳ
3520 942 3725 996 κακοῦν

2152 1021 2450 1089 ἐπείγεται,
2481 1022 2575 1074 καὶ
2617 1024 2737 1075 οὑδὲ
2758 1024 2857 1094 τὴν
2878 1024 3038 1091 φύσιν
3057 1025 3309 1079 αἰδεῖται.
3338 1024 3468 1078 Οἶδα
3485 1026 3565 1078 ὅτι
3596 1024 3724 1077 πολ-

2152 1102 2233 1154 λοὶ
2255 1104 2387 1173 πρὸς
2416 1105 2561 1173 ἡμᾶς
2586 1103 2726 1173 ὑπὲρ
2752 1106 2955 1157 τούτων
2986 1107 3378 1177 ἀπεχθάνονται
3403 1108 3509 1160 τῶν
3543 1105 3724 1177 ῥημά-

2150 1201 2281 1238 των·
2341 1187 2451 1253 ἐγὼ
2488 1186 2547 1239 δέ
2578 1187 2679 1240 οὑκ
2718 1188 3093 1258 ἀπεχθάνομαι
3149 1190 3285 1261 πρὸς
3340 1191 3556 1252 αὑτοὺς,
3606 1187 3721 1241 ἀλλ’

2153 1266 2287 1319 ἐλεῶ
2326 1269 2417 1321 καί
2451 1269 2673 1340 δακρύω
2710 1272 2834 1333 τοὺς
2870 1270 3012 1323 οὕτω
3038 1272 3432 1342 διακειμένους·
3465 1271 3566 1325 κᾶν
3590 1271 3725 1340 πλῆ-

2156 1349 2241 1413 ξαι
2266 1349 2511 1411 θέλωσιν,
2541 1352 2710 1422 ἡδέως
2729 1351 2794 1407 ἂν
2824 1354 3183 1425 ἀνασχοίμην,
3220 1356 3267 1406 εἰ
3302 1354 3588 1422 ἀπέχοιντο
3624 1352 3728 1422 τῆς

2155 1430 2447 1503 θηριωδίας
2484 1434 2707 1504 ταύτης.
2745 1436 2878 1489 Ούδέ
2906 1439 3013 1507 γάρ
3051 1435 3161 1504 ἐγὼ
3206 1437 3387 1506 μόνος,
3427 1436 3563 1488 ἀλλά
3590 1436 3731 1489 καὶὸ

2158 1518 2447 1585 προφήτης
2484 1517 2601 1585 μεθ’
2637 1518 2797 1587 ἡμῶν
2853 1521 2976 1581 τοὺς
3028 1517 3302 1581 τοιούτους
3339 1517 3589 1569 ἐκϐάλλει
3631 1519 3733 1586 τῆς

2152 1599 2261 1651 τῶν
2290 1598 2590 1669 ἀνθρώπων
2626 1601 2967 1667 συγγενείας,
3019 1601 3213 1667 λέγων,
3274 1602 3356 1653 ὄτι
3390 1601 3733 1667 Ἀνθρωπος

2153 1682 2221 1733 ἐν
2251 1680 2390 1749 τιμῇ
2428 1678 2513 1734 ὢν
2552 1684 2623 1735 οὐ
2669 1681 2963 1750 συνῆκεν,
3015 1684 3175 1738 ἀλλὰ
3224 1681 3730 1751 παρασυνεόλήθη

2154 1764 2277 1829 τοῖς
2311 1764 2561 1830 κτήνεσι
2596 1766 2721 1831 τοῖς
2770 1767 3071 1832 ἀνοήτοις.
3106 1767 3400 1835 Γενώμεθα
3430 1766 3610 1819 τοίνυν
3638 1765 3733 1818 άν-

2155 1844 2362 1915 θρωποί
2387 1863 2538 1907 ποτε,
2570 1847 2664 1898 καὶ
2703 1848 2782 1908 είς
2817 1847 2907 1900 τὸν
2941 1848 3168 1918 οὐρανὸν
3188 1848 3599 1915 ἀναϐλέψωμεν,
3638 1848 3734 1899 καὶ

2154 1929 2213 1981 τὸ
2244 1929 2364 1979 κατ’
2398 1930 2582 1981 εἰκόνα
2634 1930 3019 2000 ἀπολάϐωμεν,
3052 1933 3145 1983 καὶ
3185 1930 3406 1991 ἑαυτοὺς
3432 1930 3459 1967 δ
3493 1929 3735 1997 ἀνακτη-

2158 2009 2400 2076 σώμεθα,
2426 2011 2513 2063 ἵνα
2536 2011 2629 2062 καί
2658 2012 2766 2062 τῶν
2792 2013 3093 2081 μελλόντων
3124 2013 3344 2079 ἀγαθῶν
3367 2011 3733 2080 ἐπιτύχωμεν,

2158 2090 2338 2158 χάριτι
2386 2093 2478 2143 καί
2518 2092 2900 2164 φιλανθρωπίᾳ
2949 2094 3043 2146 τοῦ
3096 2097 3309 2165 Κυρίου
3364 2094 3519 2163 ήμῶν
3561 2092 3735 2162 Ἰησοῦ

2156 2173 2417 2243 Χριστοῦ,
2452 2175 2571 2243 μεθ’
2599 2171 2661 2229 οῦ
2693 2176 2770 2246 τῷ
2802 2178 2977 2246 Πατρί
3010 2178 3124 2248 ἅμα
3153 2178 3229 2247 τῷ
3263 2179 3402 2247 ἀγίῳ
3433 2179 3733 2245 Πνεύματι.

2155 2256 2303 2321 δόξα,
2335 2258 2557 2327 κράτος,
2599 2260 2753 2330 τιμὴ,
2786 2260 2879 2314 νῦν
2906 2262 3001 2314 καὶ
3022 2262 3129 2327 ἀεὶ,
3151 2262 3242 2314 καὶ
3277 2263 3357 2324 εἰς
3378 2261 3503 2323 τοὺς
3532 2259 3740 2321 αἰῶνας

2156 2339 2263 2390 τῶν
2296 2340 2527 2394 αἰώνων.
2579 2342 2773 2414 Ἀμήν.

2165 2546 2371 2661 τοςςδίε
2394 2548 2579 2609 Regius
2616 2552 2817 2610 opume.
2868 2550 3001 2600 Edm
3035 2551 3318 2604 ἐπιϐούλων,
3382 2550 3407 2586 b
3436 2549 3609 2600 Dem:
3633 2549 3741 2597 ιιυ.

2014 2862 2254 2915 OMIAIA
2296 2859 2352 2917 I'.

488 2977 713 3044 Μηδεὶς
743 2977 959 3029 ὲαυτὸν
1014 2976 1382 3041 ἐξαπατάτω.
1440 2977 1515 3031 El
1548 2993 1639 3042 τις
1682 2976 1852 3030 δοκεῖ
1871 2976 2063 3044 σοφὸς

556 3046 707 3125 εἶναι
733 3048 801 3099 ἐν
825 3047 903 3112 τῷ
931 3048 1339 3125 αἰῶνι-τούτῳ,
1394 3047 1592 3125 μωρὸς
1618 3048 1909 3125 γενέσθω,
1965 3047 2065 3125 ἵνα

558 3118 799 3188 γένηται
834 3120 1050 3188 σοφός.
1088 3118 1160 3188 ἰζ
1190 3116 1308 3188 γὰρ
1336 3117 1524 3188 σοφία
1540 3116 1645 3168 τοῦ
1674 3116 1904 3185 κόσμου
1933 3116 2066 3168 τού-

560 3184 664 3242 του
683 3184 877 3255 μῶρ”α
907 3184 1067 3252 παρὰ
1091 3184 1169 3249 τῷ
1194 3185 1317 3249 Θεῷ
1340 3185 1533 3237 ἐστιν.

561 3318 632 3364 α’.
670 3311 849 3380 Ὅπερ
881 3310 1052 3381 ἔφθην
1082 3308 1272 3376 εἰπὼν,
1304 3310 1398 3365 καὶ
1430 3309 1536 3377 πρὸ
1568 3308 1662 3361 τοῦ
1703 3309 2070 3379 προσήκοντος

491 3402 687 3472 καιροῦ
728 3405 805 3464 εἰς
837 3401 934 3473 τὴν
965 3402 1105 3454 κατὰ
1142 3400 1236 3453 τοῦ
1270 3402 1696 3471 πεπορνευκότος
1738 3399 2070 3470 κατηγορίαν

493 3495 814 3565 ἐξενεχθεὶς,
857 3496 948 3549 καὶ
983 3491 1393 3564 αἰνιγματωδῶς
1424 3491 1592 3561 αὑτὴν
1632 3490 1959 3559 παρανοίξας
1985 3488 2071 3542 διὰ

496 3589 761 3660 βραχέων,
806 3588 897 3639 καὶ
932 3586 1261 3647 κατασείσας
1299 3582 1465 3636 αὑτοῦ
1490 3582 1549 3635 τὸ
1574 3580 1830 3642 συνειδὸς,
1860 3580 2071 3647 ἐπείγε-

493 3702 583 3737 ται
608 3681 769 3734 πάλιν
793 3679 885 3730 ἐπὶ
909 3678 1006 3749 τὴν
1037 3677 1215 3747 μάχην
1248 3674 1346 3743 τῆς
1374 3673 1566 3741 σοφίας
1605 3674 1702 3742 τῆς
1734 3670 1954 3733 ἔξωθεν,
1978 3670 2073 3723 καὶ

494 3772 561 3823 τὰ
592 3770 913 3840 ἐγκλήματα
935 3765 1041 3818 τῶν
1069 3764 1316 3818 ἐντεῦθεν
1369 3762 1799 3831 πεφυσιωμένων
1826 3761 1918 3812 καὶ
1956 3759 2072 3811 δια-

496 3861 801 3930 τεμνόντων
839 3858 937 3929 τὴν
978 3855 1328 3927 Ἐκκλησίαν·
1368 3856 1453 3907 ἵνα
1490 3854 1551 3906 τὸ
1575 3854 1761 3905 λεῖπον
1793 3851 2072 3921 προσθεὶς,

497 3952 591 4005 καὶ
619 3952 679 4003 τὸ
741 3948 1036 4019 κεφάλαιον
1070 3947 1215 4002 ἀπαν
1246 3948 1557 4016 ἀπαρτίσας
1598 3944 1736 4014 μετὰ
1763 3942 2074 4014 ἀκριϐείας,

497 4036 639 4090 οὕτω
662 4036 849 4087 λοιπὸν
890 4036 1095 4105 σφοδρᾷ
1125 4037 1189 4103 τῇ
1225 4033 1371 4103 ῥύμῃ
1405 4032 1544 4086 κατὰ
1592 4032 1687 4084 τοῦ
1710 4030 2077 4098 πεπορνευκό-

496 4143 589 4189 τος
618 4123 881 4195 φέρεσθαι
906 4124 1005 4193 τὴν
1036 4123 1282 4189 γλῶτταν
1314 4124 1448 4191 ἀφῇ,
1486 4122 1747 4191 πρότερον
1794 4119 2048 4189 ἀκροϐολι

500 4220 733 4287 σάμενος
751 4214 886 4287 πρὸς
907 4214 1069 4268 αὑτὸν
1089 4213 1155 4265 δι’
1172 4205 1246 4265 ὧν
1265 4211 1571 4283 ἔμπροσθεν
1601 4212 1810 4281 εἴρηκε.
1840 4211 1949 4264 Καὶ
1972 4210 2078 4279 γὰρ

500 4311 579 4371 τὸ,
603 4308 1053 4376 Μηδείςὲαυτὸν
1073 4302 1443 4369 ἐξαπατάτω,
1459 4303 1592 4373 πρὸς
1611 4304 1815 4354 ἐκεῖνον
1845 4299 2081 4370 μάλιστά

502 4400 651 4450 ἐστιν
690 4395 1136 4463 ἀποτεινομένου,
1183 4394 1279 4444 καὶ
1328 4392 1879 4460 προκαταλεαίνοντος
1916 4391 2081 4443 αὑτὸν

502 4487 581 4557 τῷ
621 4485 791 4555 φόϐῳ·
823 4485 916 4536 καὶ
949 4485 976 4535 6
1006 4483 1133 4551 περί
1160 4480 1257 4547 τῆς
1283 4477 1534 4545 καλάμης
1565 4476 1718 4542 λόγος
1748 4476 1908 4527 αὑτὸν
1934 4476 2084 4542 μάλι-

506 4579 609 4631 στά
639 4579 786 4629 ἐστιν
826 4570 1219 4642 αἰνιττομένου,
1274 4568 1369 4622 καὶ
1406 4567 1466 4620 τὸ
1490 4565 1690 4633 λέγειν,
1734 4565 1814 4617 ὅτι
1841 4565 1963 4617 Οὐκ
1999 4564 2085 4615 ol-

506 4670 666 4731 δατε,
734 4666 824 4718 ὅτι
855 4664 1002 4729 ναὸς
1037 4661 1185 4715 Θεοῦ
1229 4660 1392 4721 ἐστε,
1430 4656 1529 4711 καὶ
1586 4654 1652 4709 τὸ
1688 4652 1928 4723 Πνεῦμα
1978 4653 2083 4706 τοῦ

511 4757 658 4811 Θεοῦ
687 4754 953 4808 κατοικεῖ
990 4753 1060 4804 ἐν
1086 4750 1229 4820 ὑμῖν
1245 4768 1263 4815 ;
1322 4750 1424 4803 Δύο
1472 4750 1578 4819 γὰρ
1633 4746 1805 4801 ταῦτα
1851 4746 2085 4818 μάλιστα

510 4845 747 4913 ἀπάγειν
772 4838 919 4913 ἡμᾶς
960 4840 1235 4910 ἁμαρτίας
1267 4837 1477 4903 εἴωθεν,
1497 4840 1622 4891 ὅταν
1648 4837 1748 4907 τὴν
1775 4838 2032 4907 κειμένην
2057 4836 2082 4877 ι

510 4940 577 5007 τῇ
614 4934 859 5006 ἁμαρτία
890 4932 1111 4986 κόλασιν
1141 4930 1507 4998 ἐννοήσωμεν,
1543 4928 1636 4979 καὶ
1671 4928 1799 4980 ὅταν
1826 4928 1923 4997 τὴν
1950 4930 2085 4999 ἡμε-

512 5028 675 5097 τέραν
713 5026 870 5091 ἀξίαν
890 5019 1363 5090 ἀναλογισώμεθα.
1405 5016 1497 5087 Τῷ
1533 5018 1629 5086 μὲν
1655 5012 1747 5069 οῦν
1775 5017 1865 5069 τὸν
1897 5019 2087 5087 χόρτον

513 5121 594 5180 εἰς
620 5118 782 5188 μέσον
821 5116 1095 5187 παράγειν
1143 5113 1238 5165 καὶ
1263 5110 1362 5180 τὴν
1392 5108 1669 5178 καλάμην,
1725 5105 1981 5176 ἐφόϐησε·
2010 5106 2089 5175 τῷ

513 5208 570 5260 δέ
592 5208 653 5259 τὸ
680 5207 895 5276 ἀξίωμα
914 5207 1009 5275 τῆς
1030 5204 1236 5267 οἰκείας
1261 5199 1538 5269 εὐγενείας
1562 5201 1753 5262 εἰπεῖν,
1784 5195 2088 5266 ἐνέτρεψεν,

518 5296 711 5366 ἐκείνῳ
748 5297 845 5365 μὲν
877 5296 1003 5359 τοὺς
1030 5290 1543 5365 ἀναισθητοτέρους,
1574 5290 1747 5360 τούτῳ
1766 5288 1823 5342 δὲ
1846 5287 1941 5339 καὶ
1964 5288 2086 5351 τοὺς

517 5387 954 5457 ἐπιεικεστέρους
998 5386 1235 5456 βελτίους
1256 5383 1446 5437 ποιῶν·
1474 5381 1697 5449 Μηδεὶς
1725 5378 1941 5435 ἑαυτὸν
1994 5378 2092 5443 ἐξ·

519 5477 897 5532 απατάτωἙι
921 5494 1008 5543 τις
1034 5476 1201 5530 δοκεῖ
1214 5475 1406 5545 σοφὸς
1429 5468 1579 5526 εἶναι
1595 5473 1664 5525 ἐν
1684 5471 1763 5537 τῷ
1776 5470 1942 5524 αἰῶνι
1961 5469 2094 5523 τού-

520 5587 623 5635 τῳ,
642 5571 837 5639 μωρὸς
860 5566 1138 5637 γενέσθω.
1175 5568 1383 5637 Ὠσπερ
1431 5562 1623 5631 νεκρὸν
1658 5560 1736 5631 τῷ
1770 5560 1959 5629 κόσμῳ
1998 5576 2092 5612 κε-

521 5662 667 5715 λεύει
700 5661 974 5729 γενέσθαι,
1009 5658 1104 5713 καὶ
1123 5658 1158 5727 ἡ
1178 5657 1440 5728 νεκρότης
1461 5651 1597 5722 αῦτη
1629 5651 1780 5704 οὐδὲν
1810 5649 2095 5721 παραϐλά-

586 5773 886 5847 ἐίσκεις.
932 5779 985 5825 ει
1032 5770 1182 5823 Savil.
1228 5769 1281 5820 In
1325 5767 1496 5821 Ilorel.
1537 5772 1703 5818 autem
1742 5765 1927 5830 legitur
1988 5762 2101 5813 ὅταν

524 5850 849 5899 προκειμένην.

2168 2995 2311 3041 πτει,
2344 2978 2477 3032 ἀλλά
2499 2979 2592 3031 καὶ
2607 2979 2823 3048 ὠφελεῖ,
2852 2979 2997 3049 ζωῆς
3016 2977 3161 3031 αἰτία
3184 2976 3469 3047 γενομένη·
3497 2980 3635 3029 οὓτω
3653 2988 3750 3029 και

2169 3068 2353 3139 μωρὸν
2398 3069 2611 3122 κελεύει
2645 3069 2723 3141 τῷ
2782 3071 2974 3140 κόσμῳ
3019 3069 3195 3139 τούτῳ
3234 3067 3507 3136 γενέσθαι,
3553 3068 3747 3135 σοφίαν

2166 3158 2415 3212 ἐντεῦθεν
2469 3162 2600 3231 ἡμῖν
2651 3161 2750 3231 τὴν
2793 3160 2964 3231 ἀληθῆ
3022 3158 3317 3229 προξενῶν.
3358 3159 3555 3230 Μωρὺς
3586 3159 3642 3211 δὲ
3669 3158 3749 3229 τῷ

2167 3250 2360 3320 κόσμῳ
2383 3248 2592 3318 γίνεται
2629 3252 2657 3302 6
2694 3251 2791 3321 τὴν
2814 3250 3014 3315 ἔξωθεν
3056 3249 3340 3319 ἀτιμάζων
3388 3250 3603 3318 σοφίαν,
3656 3250 3752 3302 καὶ

2169 3340 2534 3409 πεπεισμένος
2588 3340 2755 3410 μηδὲν
2809 3340 2959 3409 αὑτῷ
3003 3340 3277 3393 συντελεῖν
3334 3342 3471 3411 πρὸς
3514 3339 3611 3409 τὴν
3649 3343 3753 3411 τῆς

2171 3431 2403 3492 πίστεως
2436 3429 2755 3500 κατάληψιν.
2793 3430 3005 3501 Ὠσπερ
3034 3426 3125 3483 οὖν
3153 3436 3185 3501 ἠ
3214 3432 3373 3483 πενία
3404 3434 3436 3501 ἠ
3466 3430 3580 3503 [81]
3612 3431 3754 3485 κατά

2171 3523 2302 3575 Θεὸν
2328 3522 2559 3575 πλούτου
2581 3523 2748 3583 αἰτία.
2784 3525 2878 3577 καὶ
2899 3526 2940 3593 ὴ,
2959 3524 3307 3585 ταπείνωσις,
3348 3522 3538 3591 ὕψους,
3570 3523 3664 3575 καὶ
3691 3520 3755 3573 τὸ

2170 3612 2330 3682 δόξης
2368 3614 2644 3685 ὑπερορᾷν
2667 3614 2825 3683 δόξης
2860 3613 3034 3666 αἴτιον
3081 3613 3311 3681 γίνεται·
3354 3612 3518 3678 οὕτω,
3570 3612 3662 3665 καὶ
3692 3612 3756 3665 τὸ

2177 3708 2357 3778 μωρὸν
2390 3707 2646 3774 γενέσθαι
2697 3706 3005 3776 σοφώτερον
3032 3706 3247 3759 πάντων
3279 3706 3445 3758 ποιεῖ.
3488 3703 3620 3757 Ἀπὸ
3645 3703 3755 3774 γάρ

2173 3800 2285 3875 τῶν
2314 3801 2573 3853 ἐναντίων
2598 3800 2666 3853 τά
2693 3802 2823 3871 παρ’
2858 3801 2991 3869 ἡμῖν
3020 3798 3071 3851 ὶ).
3098 3798 3206 3853 Καὶ
3258 3797 3347 3849 διὰ
3381 3797 3435 3848 τί
3462 3796 3536 3866 μὴ
3574 3792 3752 3857 εἶπεν,

2188 3890 2500 3944 Ἀποθέσθω
2518 3890 2615 3961 τὴν
2641 3890 2850 3959 σοφίαν,
2892 3890 3049 3953 ἀλλὰ,
3076 3888 3354 3941 Γενέσθω
3374 3887 3569 3955 μωρός
3588 3903 3607 3951 ;
3638 3887 3756 3939 Ἵνα

2180 3982 2297 4052 μεθ’
2326 3981 2635 4052 ὑπερϐολῆς
2664 3981 2909 4052 ἀτιμάσῃ
2938 3981 3038 4050 τὴν
3060 3978 3258 4043 ἔξωθεν
3296 3977 3600 4033 παίδευσιν.
3623 3975 3757 4028 Οὑδέ

2179 4071 2287 4142 γὰρ
2324 4067 2392 4141 ἦν
2416 4070 2527 4123 ἴσον
2564 4072 2758 4134 εἰπεῖν,
2794 4069 3021 4123 Ἀπόθου
3052 4086 3146 4121 σου
3168 4066 3268 4137 τὴν
3288 4066 3498 4135 σοφίαν,
3512 4067 3629 4128 καὶ,
3661 4064 3761 4116 Γε-

2180 4162 2271 4215 νοῦ
2314 4162 2517 4233 μωρός·
2556 4160 2730 4223 άλλως
2754 4160 2921 4212 δὲκαὶ
2945 4158 3187 4213 παιδεύει
3217 4158 3293 4229 μὴ
3331 4154 3757 4227 ἐπαισχύνεσθαι

2181 4256 2245 4325 τῇ
2287 4253 2416 4322 παρ⁹
2440 4253 2569 4322 ἡμῖν
2597 4252 2853 4321 ἰδιωτείᾳ·
2892 4250 3031 4303 πάνυ
3050 4248 3156 4321 γάρ
3186 4247 3460 4318 καταγελᾷ
3497 4245 3605 4298 τῶν
3626 4244 3760 4309 ἐξω-

2182 4346 2293 4401 θεν.
2323 4345 2523 4415 Διόπερ
2560 4344 2683 4397 οὑδέ
2721 4344 2787 4395 τὰ
2811 4343 3051 4411 ὀνόματα
3071 4342 3327 4402 δέδοικεν,
3352 4339 3538 4407 ἐπειδὴ
3566 4336 3763 4407 θαρρεῖ

2180 4438 2247 4503 τῇ
2278 4434 2385 4486 τῶν
2416 4434 2759 4503 πραγμάτων
2782 4434 3033 4500 δυνάμει.
3066 4432 3280 4498 Ὠσπερ
3317 4423 3410 4479 οὖν
3435 4429 3463 4477 6
3499 4425 3759 4494 σταυρὸς,

2182 4524 2354 4578 δοκῶν
2387 4524 2747 4584 ἐπονείδιστος
2768 4518 2929 4582 εἰναι,
2957 4520 3167 4589 μυρίων
3197 4519 3418 4587 γέγονεν
3439 4516 3612 4578 αἴτιος
3631 4517 3765 4583 ἀγα-

2187 4617 2317 4680 θῶν,
2337 4617 2431 4669 καὶ
2448 4615 2606 4685 δόξης
2630 4614 2887 4675 ὑπόθεσις
2915 4612 3123 4680 ἀφάτου
3145 4610 3240 4664 καὶ
3270 4610 3414 4681 ῥίζα·
3438 4608 3581 4661 οὑτω
3611 4608 3705 4660 καὶ
3727 4607 3764 4677 ιιι

2184 4709 2418 4763 δοκοῦσα
2452 4708 2633 4778 μωρία
2662 4702 2831 4772 εἰναι,
2864 4704 3056 4772 σοφίας
3115 4704 3249 4773 ἡμῖν
3309 4702 3457 4754 αἰτία
3495 4700 3761 4769 κατέστη.

2188 4800 2455 4871 Καθάπερ
2482 4799 2590 4869 γὰρ
2628 4800 2656 4851 6
2681 4796 2867 4860 κακῶς
2902 4814 2956 4848 τι
2988 4792 3345 4866 μεμαθηκὼς,
3380 4791 3447 4846 ἂν
3470 4792 3545 4864 μὴ
3570 4792 3633 4845 τὸ
3654 4793 3767 4846 πᾶν

2186 4894 2458 4966 ἀπόθηται
2476 4893 2569 4945 καὶ
2590 4891 2756 4961 λεάνῃ
2786 4890 2885 4961 τὴν
2907 4889 3083 4960 ψυχὴν
3101 4888 3195 4942 καὶ
3227 4888 3469 4960 καθαράν
3502 4885 3771 4957 παράσχῃ

2186 4986 2264 5057 τῷ
2288 4984 2533 5057 μέλλοντι
2557 4983 2810 5054 γράφειν,
2834 4981 2987 5035 οὐδὲν
3012 4981 3219 5034 είσεται
3250 4981 3419 5047 σαφὲς
3447 4978 3552 5032 τῶν
3570 4975 3762 5046 ὑγιῶν·

2188 5079 2331 5132 οὕτω
2360 5078 2454 5131 καὶ
2481 5076 2573 5128 ἐπὶ
2599 5076 2698 5145 τῆς
2725 5074 2922 5140 ἔξωθεν
2954 5072 3166 5140 σοφίας,
3194 5070 3260 5123 ἂν
3298 5070 3373 5139 μὴ
3409 5068 3470 5121 τὺ
3517 5070 3627 5122 πᾶν
3680 5066 3770 5133 ἐξ·

2191 5169 2338 5237 έλῃς,
2372 5168 2466 5220 καὶ
2493 5166 2746 5238 σαρώσῃς
2778 5181 2871 5216 σου
2903 5162 3003 5230 τὴν
3052 5160 3307 5223 διάνοιαν,
3329 5159 3423 5210 καὶ
3461 5159 3642 5229 ἐξίσης
3686 5155 3768 5226 τῷ

2196 5258 2377 5327 ἰδιώτῃ
2418 5257 2706 5327 παράσχῃς
2736 5254 2930 5306 σαυτὸν
2967 5253 3033 5320 τῇ
3074 5250 3276 5313 πίστει,
3314 5250 3465 5303 οὑδέν
3503 5252 3623 5321 είσῃ
3650 5264 3771 5317 γεν-

2194 5350 2342 5401 ναῖον
2374 5344 2635 5416 ἀκριϐῶς.
2668 5345 2780 5397 Καὶ
2825 5344 2931 5411 γὰρ
2985 5341 3034 5393 οἰ
3076 5340 3538 5413 παραϐλέποντες,
3588 5338 3654 5390 ἀν
3692 5335 3772 5407 μὴ

2202 5440 2471 5509 μύσαντες
2539 5436 2765 5495 ἐαυτοὺς
2822 5432 3029 5503 ἐτέροις
3088 5432 3442 5503 παραδῶσιν,
3506 5426 3642 5481 ἀλλά
3699 5427 3769 5496 τῇ

2194 5530 2567 5601 διεφθαρμένῃ
2617 5526 2727 5580 τῶν
2772 5524 3066 5597 ὀφθαλμῶν
3104 5527 3225 5597 ὄψει
3257 5526 3327 5579 τὰ
3382 5520 3506 5577 καθ’
3542 5519 3772 5580 ἑαυτοὺς

2198 5622 2552 5693 ἐπιτρέψωσι,
2579 5618 2689 5672 τῶν
2720 5617 2817 5688 οὑχ
2836 5616 3085 5688 ὁρώντων
3115 5616 3294 5687 πολλῷ
3331 5611 3551 5667 πλείονα
3590 5609 3772 5680 ἀμαρ-

2198 5709 2479 5780 τήσονται.

2268 5820 2296 5864 h
2320 5818 2393 5869 Ita
2420 5817 2543 5879 Reg.
2571 5814 2687 5869 Haec
2709 5814 2919 5866 deerant
2944 5815 2993 5866 in
3018 5806 3189 5864 ﬂofel.
