4028 6208
290 353 344 410 31
1405 351 1471 408 IN
1510 351 1726 411 EPIST.
1778 352 1800 409 Ι
1861 354 1953 411 AD
1988 356 2145 414 COR.
2185 359 2419 419 HOMIL.
2461 361 2531 420 Χ.
3482 380 3551 434 89

281 464 559 534 exscindi,
588 476 643 520 et
690 479 790 520 nos
819 463 925 520 illis
952 462 1168 534 privari.
1203 462 1283 519 Tu
1312 477 1443 518 vero
1479 465 1524 519 si
1550 479 1705 520 ovem
1735 465 1849 521 fera

280 557 562 625 discerpat,
582 556 769 621 doles;
799 572 922 611 eum
949 565 1128 611 autem
1152 554 1206 610 id
1234 556 1286 610 in
1312 570 1673 626 congenerem
1701 556 1854 624 facis,

281 662 381 701 non
413 658 568 716 putas
608 656 660 702 te
698 645 899 716 aliquid
946 645 1186 701 immane
1230 644 1450 702 facere?
1489 656 1545 702 et
1590 647 1860 717 quomodo

280 738 437 794 fueris
462 739 659 794 homo?
688 738 805 794 Non
836 737 986 793 vides
1030 752 1129 793 nos
1156 736 1444 793 humanam
1472 753 1591 794 eam
1634 754 1747 793 rem
1776 739 1859 793 di-

278 846 435 895 cere.
481 846 601 899 qua:
648 829 1015 886 misericordia
1060 829 1221 899 plena
1269 829 1339 884 sit
1382 837 1439 885 et
1487 828 1857 900 benignitate?

279 922 487 993 quando
517 929 697 976 autem
724 920 921 991 aliquid
948 935 1149 976 saevum
1181 931 1237 976 et
1271 921 1490 976 crudele
1515 922 1723 991 perﬁcit
1758 921 1857 975 ho-

276 1026 379 1077 mo,
411 1012 759 1066 inhumanum
792 1011 937 1066 illum
959 1026 1231 1069 vocamus.
1264 1010 1449 1082 Itaque
1482 1011 1853 1067 characterem

276 1102 500 1157 hominis
524 1103 863 1173 depingimus
887 1116 917 1156 a
945 1102 1417 1157 commiseratione
1435 1144 1451 1169 ,
1499 1102 1628 1157 fera:
1673 1112 1851 1157 autem

272 1210 301 1251 a
330 1197 630 1262 contrario,
657 1210 869 1265 semper
892 1194 1134 1249 dicentes
1153 1234 1167 1259 ,
1193 1193 1328 1249 Num
1364 1192 1527 1248 homo
1557 1204 1638 1249 est
1664 1235 1679 1260 ,
1714 1193 1850 1262 fera,

271 1296 360 1341 aut
380 1286 563 1342 canis?
584 1286 839 1340 Homines
858 1286 1000 1339 enim
1025 1292 1389 1354 paupertatem
1413 1283 1715 1350 sublevant,
1743 1300 1851 1339 non

270 1388 481 1448 augent.
507 1377 710 1433 Horum
732 1384 912 1431 autem
933 1382 1026 1429 ora
1052 1376 1285 1429 ferarum
1311 1383 1435 1429 sunt
1455 1389 1573 1441 ora;
1604 1376 1711 1431 imo
1736 1375 1853 1431 haec

273 1480 394 1525 sunt
424 1470 533 1524 illis
559 1468 823 1525 ferociora
852 1484 866 1521 :
891 1466 1052 1522 verba
1083 1467 1225 1521 enim
1256 1460 1553 1537 proferunt,
1589 1482 1710 1538 quae
1734 1482 1848 1521 ma-

270 1564 346 1634 gis
375 1577 533 1633 quam
579 1561 811 1616 ferarum
855 1558 1046 1614 dentes
1076 1559 1225 1613 virus
1254 1558 1564 1613 emittentes
1586 1599 1603 1624 ,
1648 1558 1850 1613 ezedem

270 1662 494 1723 patrant.
521 1652 587 1706 Et
634 1652 679 1705 si
728 1651 844 1720 quis
870 1650 1049 1704 omnia
1081 1658 1435 1719 persequatur
1463 1689 1479 1714 ,
1531 1658 1658 1703 tunc
1703 1658 1849 1703 recte

270 1741 499 1807 videbit,
542 1739 812 1811 quomodo
843 1740 1205 1793 inhumanitas
1234 1753 1369 1804 eos,
1412 1739 1503 1809 qui
1547 1740 1627 1795 sic
1670 1737 1847 1793 aﬂ‘eeti

267 1843 421 1901 sunt,
446 1834 585 1889 feras
610 1849 675 1889 ex
716 1831 1022 1888 hominibus
1061 1832 1271 1887 reddat.
1317 1831 1471 1897 Quod
1499 1832 1544 1887 si
1573 1832 1692 1902 quis
1722 1831 1846 1887 illo-

267 1942 381 1981 rum
413 1934 645 1980 mentem
671 1923 1057 1980 examinaverit
1076 1963 1091 1988 ,
1120 1937 1226 1977 non
1253 1922 1397 1976 ultra
1422 1922 1563 1977 feras
1588 1932 1792 1977 tantum
1814 1962 1831 1989 ,

265 2017 357 2074 sed
383 2018 546 2072 etiam
587 2015 861 2070 daemonas
908 2014 1025 2068 illos
1052 2011 1283 2067 vocabit.
1342 2012 1482 2066 Sunt
1508 2014 1651 2066 enim
1682 2012 1847 2066 multa

262 2104 594 2163 immanitate
618 2105 795 2175 pleni,
818 2113 873 2159 et
896 2102 1020 2159 odio
1042 2104 1093 2157 in
1115 2117 1406 2158 conservos
1431 2117 1447 2157 :
1472 2102 1544 2157 ibi
1568 2117 1672 2156 non
1696 2116 1847 2157 amor

264 2200 408 2269 regni
434 2207 519 2253 est
564 2212 736 2268 neque
766 2206 936 2254 metus
965 2196 1227 2268 gehennae
1246 2238 1261 2262 ,
1315 2212 1421 2251 non
1451 2195 1727 2250 hominum
1756 2211 1846 2251 re-

262 2290 499 2347 verentia
520 2332 534 2351 ,
564 2305 671 2345 non
712 2289 1081 2344 misericordia
1106 2329 1121 2353 ,
1148 2298 1254 2343 non
1282 2289 1679 2343 commiseratio
1700 2329 1715 2353 ,
1751 2289 1846 2343 sed

263 2380 591 2450 impudentia
618 2422 633 2443 ,
662 2380 949 2451 petulantia
970 2420 985 2445 ,
1013 2389 1067 2434 et
1115 2378 1416 2435 futurorum
1444 2381 1681 2435 omnium
1712 2396 1845 2435 con-

263 2480 497 2543 temptus
528 2490 541 2527 :
570 2482 621 2528 et
651 2471 841 2527 fabula:
867 2472 995 2543 ipsis
1022 2472 1271 2528 videntur
1300 2487 1421 2528 esse
1461 2473 1552 2526 Dei
1582 2473 1745 2527 verba
1777 2473 1845 2529 de

262 2562 525 2633 supplicio
557 2562 735 2616 futuro
757 2601 773 2626 ,
802 2571 857 2616 et
881 2562 996 2631 ejus
1039 2563 1197 2616 mina:
1226 2562 1386 2617 risus.
1417 2560 1565 2618 Talis
1593 2562 1735 2617 enim
1764 2572 1847 2618 est

260 2658 405 2712 avari
436 2671 612 2710 mens.
640 2655 771 2711 Cum
798 2670 925 2725 ergo
952 2656 1271 2711 intrinsecus
1294 2656 1570 2710 daemones
1598 2658 1725 2722 sint,
1753 2672 1847 2711 ex-

261 2748 526 2802 trinsecus
559 2760 690 2801 vero
738 2746 904 2811 ferae,
955 2755 1011 2801 et
1060 2746 1185 2799 feris
1213 2746 1545 2802 deteriores:
1587 2748 1841 2813 ubinam,

258 2850 441 2903 quaeso
465 2877 481 2901 ,
511 2835 631 2891 illos
656 2834 1075 2891 collocabimus?
1100 2835 1250 2903 Quod
1278 2837 1419 2892 enim
1463 2836 1592 2893 feris
1616 2838 1722 2893 sint
1750 2837 1844 2893 de-

1960 470 2206 538 teriores,
2232 471 2357 528 hinc
2385 474 2557 544 palam
2585 484 2689 545 est,
2718 480 2861 549 quod
2882 481 3009 538 fera:
3031 494 3219 541 natura
3248 487 3355 544 sint
3382 490 3547 558 tales;

1970 560 2021 614 hi
2052 577 2182 617 vero
2207 566 2293 633 qui
2338 567 2628 623 secundum
2666 582 2908 629 naturam
2949 579 3415 637 mansuetudinem
3444 582 3544 637 ha-

1964 651 2112 719 bent,
2146 665 2341 725 prseter
2385 667 2629 716 naturam
2670 662 2721 717 in
2755 662 2953 721 ferinos
2992 683 3172 724 mores
3205 674 3433 729 transire
3462 676 3547 729 ni-

1966 752 2172 798 tuntur.
2222 746 2301 801 Ac
2346 747 2618 806 daemones
2667 754 2882 823 quidem
2940 757 3183 814 homines
3231 762 3548 820 insidiantes

1963 833 2067 888 sibi
2095 848 2251 905 opem
2282 837 2514 895 ferentes
2556 840 2788 910 habent;
2820 847 3015 919 quippe
3046 849 3089 903 si
3116 866 3270 920 opem
3299 868 3403 907 non
3434 854 3547 909 fer-

1964 935 2114 991 rent,
2144 945 2337 1000 magna
2369 946 2493 1002 pars
2520 934 2649 1003 ipsis
2680 936 2995 995 insidiarum
3040 954 3227 997 contra
3275 960 3373 1001 nos
3403 957 3549 1001 stru~

1962 1026 2168 1071 ctarum
2191 1020 2398 1075 sublata
2424 1034 2569 1079 esset
2600 1042 2613 1076 ε
2644 1025 2697 1080 hi
2729 1044 2858 1084 vero
2901 1045 3016 1096 eos,
3045 1034 3135 1101 qui
3166 1033 3235 1088 ab
3264 1050 3323 1090 se
3350 1052 3551 1091 vexan-

1962 1114 2079 1173 tur,
2109 1112 2269 1164 etiam
2296 1114 2686 1172 contendentes
2712 1131 2893 1172 secum
2918 1161 2933 1184 ,
2977 1136 3235 1191 superare
3279 1126 3544 1182 nituntur.

1960 1197 2166 1254 Rursus
2195 1200 2405 1256 dzemon
2453 1203 2727 1262 hominem
2774 1209 2911 1264 bello
2947 1209 3180 1280 impetit,
3213 1230 3320 1269 non
3362 1228 3544 1273 autent

1958 1288 2231 1346 daemonas
2258 1295 2339 1349 sui
2360 1299 2609 1365 generis:
2638 1298 2725 1354 hic
2754 1315 2883 1355 vero
2912 1316 3239 1373 congeneres
3267 1316 3321 1362 et
3350 1323 3541 1363 neces-

1959 1382 2133 1437 sarios
2160 1384 2469 1440 omnimoda
2498 1390 2782 1445 vexatione
2822 1391 3029 1462 afﬂigit,
3060 1409 3239 1464 neque
3265 1407 3547 1453 reveretur

1961 1479 2227 1526 naturam.
2262 1475 2387 1529 Scio
2424 1478 2621 1533 multos
2662 1489 2813 1546 esse,
2844 1485 2931 1552 qui
2979 1486 3048 1540 ob
3093 1485 3207 1542 hmo
3236 1488 3398 1543 verba
3445 1506 3544 1545 nos

1958 1562 2081 1616 odio
2108 1562 2349 1629 habent:
2380 1582 2479 1636 ego
2509 1583 2639 1623 vero
2664 1571 2783 1625 illos
2826 1588 2931 1627 non
2962 1576 3072 1640 odi,
3101 1577 3195 1631 sed
3224 1593 3411 1633 eorum
3443 1581 3543 1633 mi-

1956 1668 2165 1722 sereor,
2188 1665 2242 1710 et
2262 1672 2355 1711 eos
2378 1660 2466 1727 qui
2490 1661 2567 1714 sic
2586 1661 2762 1717 aﬂ'ecti
2790 1674 2913 1719 sunt
2934 1667 3187 1739 laerytnis
3210 1685 3539 1740 prosequor:

1956 1743 2165 1798 etiamsi
2202 1758 2487 1815 percutere
2517 1750 2715 1816 velint,
2750 1753 2979 1809 libenter
3025 1758 3075 1811 id
3112 1759 3322 1812 tulerim
3349 1802 3364 1824 ,
3397 1762 3443 1816 si
3472 1763 3543 1817 ab

1957 1833 2057 1889 hac
2088 1836 2298 1892 feritate
2326 1838 2597 1895 abstinere
2631 1843 2817 1897 velint.
2858 1843 3042 1915 Neque
3068 1847 3210 1902 enim
3235 1864 3335 1918 ego
3358 1851 3540 1918 solus,

1955 1924 2051 1980 sed
2077 1928 2238 1981 etiam
2267 1932 2524 1998 prapheta
2555 1933 2830 1987 nobiseum
2860 1934 3167 2004 hujusmodi
3198 1936 3443 1994 homines
3468 1942 3538 1996 ab

1955 2016 2183 2070 humana
2210 2024 2531 2089 cognatione
2568 2022 2828 2091 expellit,
2862 2024 3086 2080 dicens:
3119 2027 3290 2082 Homo
3330 2045 3446 2082 cum
3486 2032 3541 2085 in

1953 2110 2143 2163 honore
2171 2119 2316 2175 esset,
2347 2128 2445 2165 non
2472 2113 2745 2181 intellexit,
2774 2117 2865 2169 sed
2893 2129 3218 2187 comparatus
3246 2131 3317 2175 est
3336 2122 3544 2191 jumen-

1955 2202 2018 2255 tis
2045 2201 2393 2272 insipientibus
2422 2204 2442 2274 (
2467 2202 2613 2258 Psat.
2641 2205 2730 2260 38.
2758 2205 2819 2260 21
2850 2204 2892 2275 ).
2921 2207 3101 2262 Simus
3138 2224 3267 2279 ergo
3298 2210 3541 2267 homines

1954 2294 2166 2348 tandem
2195 2294 2513 2364 aliquando,
2558 2306 2613 2350 et
2660 2297 2712 2350 in
2740 2298 2931 2351 cmlum
2963 2300 3347 2368 respiciamus:
3378 2312 3541 2370 atque

1953 2385 2079 2439 illud
2108 2387 2404 2442 secundum
2436 2387 2721 2459 imaginem
2764 2392 3095 2461 accipiamus
3123 2392 3271 2460 (Col.
3305 2395 3357 2448 ὅ.
3399 2394 3537 2465 l0),

1950 2483 2004 2529 et
2032 2489 2130 2529 nos
2159 2476 2304 2545 ipsos
2350 2492 2735 2545 recuperemus
2759 2521 2772 2543 ,
2802 2489 2861 2533 nt
2888 2489 2941 2535 et
2982 2480 3155 2536 futura
3185 2483 3326 2537 bona
3349 2498 3539 2539 conscc

1951 2582 2213 2636 quamur,
2246 2568 2414 2637 gratia
2463 2577 2515 2623 et
2560 2570 2889 2641 benignitate
2942 2574 3151 2627 Domini
3195 2576 3366 2629 nostri
3413 2576 3539 2631 Jcsu

1950 2657 2180 2725 Christi,
2209 2660 2423 2729 quicum
2454 2660 2597 2715 Patri
2624 2677 2834 2732 unaque
2860 2662 3081 2731 Spiritui
3108 2678 3316 2731 saneto,
3341 2666 3533 2735 gloria,

1954 2750 2262 2818 imperium,
2294 2752 2487 2817 honor,
2520 2768 2661 2807 nunc
2688 2760 2741 2808 et
2767 2769 2983 2824 semper
3005 2795 3021 2821 ,
3052 2764 3104 2811 et
3132 2755 3183 2810 in
3214 2758 3409 2811 saecula
3439 2772 3540 2812 sa:-

1950 2840 2213 2896 culorum.
2243 2840 2438 2897 Amen.

1670 3133 2015 3194 HOMILIA
2060 3132 2143 3194 Χ.

257 3285 391 3340 Cn.
421 3286 479 3341 3.
503 3299 556 3337 ν.
585 3283 675 3338 18.
707 3282 872 3337 Nemo
898 3282 1119 3353 seipsum
1145 3280 1373 3334 seducet.
1416 3280 1478 3335 Si
1510 3280 1622 3350 quis
1650 3281 1849 3333 videtur

332 3376 537 3444 sapiens
561 3390 666 3428 esse
682 3374 734 3427 in
761 3373 855 3427 hoc
872 3372 1081 3437 sarculo,
1107 3371 1293 3425 stultus
1314 3371 1425 3439 ﬁat,
1447 3379 1502 3422 ut
1530 3370 1593 3422 sit
1618 3371 1841 3440 sapiens.

333 3469 420 3524 i9.
453 3467 724 3538 Sapientia
766 3468 899 3522 enim
944 3466 1097 3537 hujus
1144 3464 1319 3518 mundi
1363 3463 1577 3517 stultitia
1617 3472 1688 3517 est
1710 3462 1849 3533 apud

334 3560 517 3615 Deum.

334 3654 388 3706 1.
434 3651 700 3716 Quomodo
730 3649 929 3703 Paulus
976 3648 1031 3701 in
1071 3647 1332 3717 arguendo
1361 3645 1638 3717 fornicario
1669 3661 1847 3713 proce-

261 3744 371 3796 dat.
399 3742 536 3795 Mori
564 3741 680 3794 huic
710 3740 898 3793 mundo
925 3738 1048 3808 quid
1073 3739 1158 3790 sit.
1184 3764 1258 3776 —
1277 3736 1348 3790 Ut
1367 3750 1525 3803 supra
1553 3735 1694 3800 dixi,
1728 3751 1847 3788 cum

261 3845 391 3890 ante
420 3843 783 3905 opportunum
814 3840 1025 3901 tempus
1046 3828 1112 3883 ad
1154 3826 1507 3883 ineusandum
1550 3827 1699 3880 illum
1718 3866 1732 3890 ,
1758 3829 1847 3895 qui

263 3926 557 3980 fornicatus
601 3924 805 3989 fuerat,
848 3921 1110 3977 deductus
1180 3928 1356 3982 esset,
1405 3926 1460 3973 et
1514 3918 1847 3987 aznigmatice

263 4016 413 4069 illum
466 4016 650 4081 paucis
700 4011 1149 4082 perstrinxisset,
1179 4010 1402 4078 ejusque
1462 4008 1848 4063 conscientiam

262 4107 635 4175 exagitasset;
682 4108 853 4175 pergit
898 4119 1085 4159 rursus
1142 4102 1206 4158 ad
1256 4117 1486 4172 pugnam
1529 4111 1713 4156 eontra
1766 4116 1854 4155 sa-

261 4180 521 4265 pientiam
550 4204 832 4251 externam
860 4236 875 4259 ,
908 4204 963 4249 et
993 4195 1114 4249 illos
1156 4192 1426 4256 adoritur,
1472 4194 1560 4261 qui
1588 4192 1715 4247 inde
1769 4195 1851 4251 in-

262 4286 379 4340 nati
412 4285 728 4342 scindebant
758 4285 1057 4340 Eeclesiam
1083 4300 1101 4348 ;
1126 4292 1179 4337 ut
1210 4284 1273 4338 iis
1296 4299 1416 4353 qua:
1460 4283 1670 4338 residua
1699 4293 1851 4338 erant

260 4377 485 4443 additis,
514 4388 792 4448 postquam
820 4376 923 4431 hoc
948 4384 1107 4446 caput
1133 4384 1384 4430 accurate
1422 4376 1746 4445 perfecerit,
1771 4376 1849 4431 sic

262 4485 455 4525 rursus
483 4478 670 4524 contra
697 4467 1039 4522 fornicarium
1064 4482 1183 4521 cum
1212 4467 1413 4537 impetu
1438 4468 1656 4533 feratur,
1688 4482 1847 4537 quem

257 4560 373 4629 jam
400 4575 562 4630 supra
593 4560 715 4613 telis
763 4558 977 4613 emissis
1024 4556 1309 4627 aggressus
1353 4567 1457 4611 est.
1506 4557 1637 4612 Nam
1684 4557 1845 4624 illud,

263 4652 435 4707 Nemo
457 4654 680 4722 seipsum
717 4651 959 4717 seducat,
993 4651 1057 4705 ad
1095 4651 1244 4705 illum
1270 4652 1503 4707 maxime
1526 4652 1763 4721 respicit,
1793 4660 1847 4707 et

258 4746 412 4800 illum
441 4756 587 4801 metu
632 4745 800 4800 afﬁcit
842 4745 1157 4815 mitigatque
1185 4761 1200 4810 ;
1231 4744 1481 4814 quodque
1533 4744 1602 4800 de
1649 4745 1846 4814 stipula

258 4836 498 4903 dicitur,
545 4836 691 4892 illum
735 4837 1003 4906 przeeipue
1048 4834 1387 4900 subindicat;
1432 4844 1638 4891 etcum
1683 4836 1843 4904 dicit,

259 4926 493 4982 Nescitis
516 4929 633 4996 quia
661 4928 904 4999 tentplum
932 4927 1030 4981 Dei
1049 4928 1186 4991 estis,
1211 4937 1255 4980 et
1284 4926 1512 4995 Spiritus
1537 4926 1630 4982 Dei
1656 4929 1846 4982 habitat

254 5018 314 5072 in
343 5018 493 5071 vobis
512 5019 537 5070 7
563 5018 688 5073 Haec
718 5020 915 5090 quippe
939 5019 1046 5074 duo
1074 5017 1306 5073 maxime
1332 5018 1508 5072 solent
1537 5034 1633 5073 nos
1661 5034 1689 5073 a
1723 5034 1846 5088 pec-

253 5116 384 5163 cato
424 5106 694 5164 abducere
726 5127 739 5161 :
768 5109 981 5180 quando
1022 5109 1310 5179 repositam
1360 5116 1576 5176 peccato
1623 5123 1841 5179 pinnam

253 5198 595 5270 cogitamus,
625 5208 680 5253 et
708 5200 921 5269 quando
943 5200 1261 5270 dignitatem
1292 5207 1531 5254 nostram
1558 5198 1841 5253 nobiscum

254 5301 597 5362 reputemus.
627 5290 759 5346 Cum
788 5306 916 5362 ergo
948 5293 1145 5349 Renum
1174 5308 1235 5347 ac
1263 5292 1508 5363 stipulam
1533 5295 1584 5346 in
1609 5292 1841 5347 medium

252 5382 520 5447 adduxit,
572 5380 863 5447 exterruit;
896 5397 1017 5437 cum
1049 5393 1229 5439 autem
1273 5383 1501 5454 propria
1545 5383 1841 5439 nobilitatis

249 5470 575 5545 dignitatem
602 5472 807 5537 intulit,
838 5471 1039 5540 pudore
1066 5474 1273 5541 affecit;
1305 5474 1398 5530 illo
1426 5474 1644 5546 quidem
1677 5474 1839 5530 modo

245 5564 585 5635 stupidiores
607 5604 624 5630 ,
655 5565 754 5619 hoc
777 5570 954 5618 autem
980 5565 1367 5623 moderatiores
1392 5566 1622 5623 reddens
1646 5566 1840 5621 melio-

248 5670 366 5710 res.
401 5651 569 5709 Nemo
608 5654 829 5721 seipsum
875 5654 1100 5710 seducet.
1144 5657 1207 5711 Si
1245 5660 1354 5728 quis
1393 5658 1589 5713 videtur
1635 5658 1838 5727 sapiens

251 5759 366 5802 esse
406 5747 459 5803 in
502 5748 598 5804 hoc
626 5750 811 5805 scruta
831 5792 844 5817 ,
875 5750 1055 5807 stultus
1081 5749 1190 5819 ﬁat.
1226 5751 1385 5818 Quasi
1414 5759 1682 5807 mortuum
1708 5749 1832 5806 huic

1954 3278 2156 3334 mundo
2186 3277 2299 3333 fieri
2325 3277 2480 3347 jubet
2509 3294 2523 3329 :
2549 3292 2695 3333 mors
2745 3288 2923 3334 autem
2950 3274 3253 3348 hujusmodi
3284 3280 3413 3334 nihil
3443 3280 3539 3335 lte-

1953 3372 2051 3435 dit,
2079 3374 2185 3425 imo
2209 3373 2378 3439 juvat,
2409 3385 2529 3425 cum
2558 3371 2628 3425 sit
2654 3371 2776 3424 vitae
2803 3386 2988 3426 causa.
3017 3371 3105 3427 Sic
3131 3372 3290 3426 etiam
3319 3372 3539 3425 stultum

1954 3466 2075 3519 huic
2106 3464 2303 3518 mundo
2332 3463 2446 3519 fieri
2470 3464 2655 3533 jubet,
2686 3462 2810 3518 hinc
2838 3465 2991 3519 nobis
3020 3479 3202 3519 veram
3226 3464 3542 3538 sapientiam

1952 3556 2262 3611 eonciliaus.
2307 3554 2516 3610 Stultus
2557 3563 2735 3611 autem
2778 3554 2979 3610 mundo
3025 3554 3294 3621 efficitur,
3324 3555 3413 3625 qui
3443 3570 3542 3610 ex-

1956 3658 2160 3703 ternam
2183 3648 2503 3717 sapientiam
2526 3646 2773 3715 despicit,
2799 3662 3113 3716 persuasum
3141 3646 3364 3707 habens,
3395 3646 3542 3700 illam

1952 3740 2050 3792 sibi
2082 3738 2209 3791 nihil
2240 3737 2306 3790 ad
2336 3736 2496 3790 fidem
2523 3735 2922 3805 adipiscendam
2946 3736 3239 3805 adjumenti
3268 3734 3537 3791 conferre.

1952 3827 2412 3895 Quemadmodum
2459 3842 2589 3897 ergo
2620 3840 2906 3897 paupertas
2932 3826 3227 3881 secundum
3262 3828 3429 3881 Deum
3455 3826 3540 3881 di-

1953 3920 2205 3973 vitiarum
2244 3933 2402 3973 causa
2431 3928 2551 3983 est,
2583 3928 2637 3972 et
2679 3918 2951 3973 humilitas
2979 3918 3301 3982 altitudinis,
3348 3928 3399 3972 et
3426 3919 3541 3987 glo-

1954 4014 2046 4067 riae
2074 4013 2356 4082 despectus
2381 4020 2463 4066 est
2504 4011 2688 4081 gloria:
2718 4026 2878 4065 causa
2904 4027 2918 4075 ;
2946 4011 3016 4064 ita
3043 4020 3094 4065 et
3126 4011 3345 4064 stultum
3378 4009 3491 4064 fieri
3518 4051 3533 4072 .

1954 4103 2203 4158 omnibus
2233 4102 2617 4173 sapientiorem
2643 4101 2827 4157 efllcit.
2862 4102 2943 4155 Ex
2972 4102 3257 4156 contrariis
3284 4101 3425 4155 enim
3456 4114 3543 4154 res

1956 4205 2154 4250 nostra:
2180 4200 2448 4250 constant.
2485 4193 2552 4247 Et
2580 4209 2676 4248 cur
2705 4193 3012 4260 nonrdixit,
3048 4193 3289 4262 Deponat
3320 4191 3537 4261 sapien-

1954 4286 2103 4350 tiam,
2133 4284 2251 4350 sed,
2285 4283 2486 4338 Stultus
2514 4284 2644 4352 ﬁat?
2676 4280 2744 4339 Ut
2785 4292 3060 4338 externam
3090 4282 3425 4351 disciplinam
3452 4296 3541 4333 su-

1954 4390 2047 4444 pra
2070 4375 2286 4429 modum
2316 4374 2631 4429 dedecoret.
2672 4373 2857 4444 Neque
2883 4374 3027 4428 enim
3075 4373 3303 4443 idipsum
3354 4371 3542 4427 fuisset

1952 4468 2159 4532 dicere,
2192 4468 2406 4536 Depone
2432 4466 2797 4536 sapientiam,
2823 4474 2877 4520 et
2901 4464 3110 4519 Stultus
3139 4462 3254 4517 ﬁas.
3286 4461 3538 4532 Alioquin

1953 4573 2081 4613 vero
2110 4558 2269 4613 docet
2300 4559 2462 4613 etiam
2490 4574 2596 4613 non
2625 4557 3050 4612 erubescendum
3078 4571 3199 4611 esse
3229 4555 3298 4611 de
3323 4572 3383 4609 ea
3422 4570 3540 4624 quae

1953 4650 2092 4718 apud
2143 4665 2240 4705 nos
2272 4659 2355 4704 est
2398 4649 3025 4720 simplicitatezexterna
3075 4649 3221 4702 enim
3252 4645 3538 4702 admodum

1952 4740 2159 4795 irridet.
2207 4740 2545 4811 Quapropter
2576 4741 2789 4796 nomina
2837 4756 2942 4794 non
2987 4741 3171 4806 timet,
3202 4738 3454 4811 quoniam
3482 4740 3538 4793 in

1951 4849 2131 4887 rerum
2161 4832 2358 4888 virtute
2393 4833 2633 4888 confidit.
2662 4832 2731 4889 Ut
2762 4834 2921 4901 igitur
2947 4846 3097 4897 crux,
3126 4848 3245 4902 qut:
3276 4830 3535 4902 probrosa

1949 4940 2037 4981 res
2063 4926 2273 4981 videtur
2300 4942 2443 4993 esse,
2478 4927 2742 4981 bonorum
2770 4926 3234 4981 innumerabilium
3260 4937 3416 4979 causa
3438 4962 3455 4989 ,
3484 4932 3543 4979 et

1949 5019 2130 5087 gloriae
2156 5019 2440 5074 inen‘abilis
2472 5020 2689 5074 occasio
2716 5028 2769 5073 et
2796 5017 2948 5072 radix
2993 5018 3146 5073 nobis
3192 5015 3288 5070 fuit
3317 5032 3330 5069 :
3364 5014 3442 5070 sic
3468 5030 3535 5070 ea

1948 5125 2067 5180 qua:
2092 5111 2300 5165 videtur
2322 5125 2443 5165 esse
2470 5109 2717 5175 stultitia,
2740 5110 3019 5178 sapientia:
3047 5109 3201 5163 nobis
3229 5122 3390 5162 causa
3414 5106 3536 5161 fuit.

1948 5194 2096 5257 Sicut
2124 5204 2268 5257 enim
2294 5202 2339 5257 is
2367 5202 2454 5271 qui
2486 5201 2625 5257 male
2650 5200 2922 5271 quidpiam
2971 5200 3179 5264 didicit,
3216 5198 3316 5252 nisi
3363 5209 3533 5253 totum

1948 5292 2205 5365 deponat,
2234 5295 2576 5365 animamque
2602 5294 2651 5348 ei
2682 5293 2771 5364 qui
2800 5294 3093 5363 scripturus
3128 5301 3211 5345 est
3243 5291 3450 5360 planam
3480 5302 3534 5343 et

1949 5403 2133 5456 puram
2162 5388 2386 5451 reddat,
2418 5403 2483 5443 ex
2511 5387 2657 5441 sanis
2703 5387 2864 5442 rebus
2905 5384 3038 5439 nihil
3076 5383 3221 5440 clare
3263 5385 3429 5438 sciet:
3456 5382 3527 5435 ita

1946 5478 2105 5532 etiam
2153 5479 2205 5533 in
2255 5488 2475 5533 externa
2527 5478 2821 5549 sapientia.
2870 5476 2971 5530 nisi
3022 5485 3191 5530 totum
3241 5473 3429 5529 eradas
3472 5481 3529 5527 ct

1944 5579 2179 5626 mentem
2205 5585 2420 5626 everras
2440 5612 2456 5639 ,
2485 5577 2541 5627 et
2568 5571 2720 5642 quasi
2766 5569 2929 5624 idiota
2962 5568 3084 5624 iidei
3127 5578 3180 5623 te
3219 5566 3481 5621 obtuleris
3506 5608 3524 5631 ,

1946 5662 2075 5717 nihil
2108 5662 2419 5731 praeclarum
2458 5664 2544 5720 vel
2589 5664 2861 5719 sincerum
2908 5672 3155 5718 accurate
3198 5659 3357 5715 scies.
3390 5658 3523 5714 Nam

1943 5753 2033 5825 qui
2062 5752 2275 5826 oblique
2301 5754 2516 5828 vident,
2545 5753 2648 5812 nisi
2677 5754 2873 5813 clausis
2899 5752 3069 5812 oculis
3109 5766 3169 5808 se
3204 5751 3322 5807 aliis
3354 5750 3520 5805 tradi-
