4028 6208
498 403 569 458 83
1242 392 1301 449 S.
1341 390 1617 448 JOANNIS
1643 387 2116 448 CIIRYSOSTOMI
2168 388 2484 447 ABCIIIEP.
2517 388 3051 449 CONSTANTINOP.
3712 390 3779 450 Si

499 514 700 574 sierint,
725 510 821 567 sed
842 510 983 564 male
1008 507 1199 563 allecto
1228 508 1359 562 visui
1389 524 1483 563 sua
1524 508 1885 577 permiserint,
1914 509 2085 569 magis

504 606 783 666 nrrabunt,
811 617 969 672 quam
999 602 1089 671 qui
1120 616 1227 654 non
1257 599 1457 653 vident.

601 695 825 750 Externa
882 692 1135 763 sapientia
1198 692 1517 761 reprobatur.
1548 720 1618 731 -—
1647 689 1715 744 Et
1778 687 2087 759 quomodo,

504 790 748 860 inquies,
790 787 964 858 possit
1010 785 1129 839 haec
1172 795 1395 839 externa
1446 784 1704 851 sapientia
1759 781 1993 853 deponi?
2033 780 2089 836 Si

506 896 689 936 eorum
734 878 1013 946 disciplina
1062 891 1171 930 non
1226 875 1405 929 utaris
1455 874 1657 928 Deinde
1700 882 1979 944 postquam
2024 870 2093 927 ab

507 971 595 1025 illa
625 969 890 1024 desistere
935 975 1043 1021 tam
1071 980 1261 1035 aspere
1286 965 1480 1034 jussit,
1510 978 1724 1018 causam
1752 964 1911 1019 etiam
1940 960 2095 1016 aﬁ‘ert

504 1061 588 1115 bis
628 1060 804 1116 verbis
838 1077 850 1112 :
885 1058 971 1114 19.
1015 1056 1285 1127 Sapientia
1313 1058 1445 1110 enim
1489 1056 1644 1123 hujus
1672 1054 1851 1107 mundi
1875 1052 2093 1107 stultitia

502 1162 580 1206 est
622 1151 761 1221 apud
806 1149 989 1203 Deum.
1017 1148 1134 1202 Non
1169 1147 1329 1201 modo
1360 1146 1500 1201 enim
1532 1145 1665 1200 nihil
1709 1144 1951 1209 confert,
1995 1142 2090 1198 sed

503 1242 664 1297 etiam
694 1240 937 1310 impedit.
969 1239 1193 1311 Oportet
1224 1240 1385 1309 igitur
1425 1238 1492 1293 ab
1532 1238 1621 1291 illa
1666 1238 1959 1301 absistere,
2005 1244 2093 1289 ut-

507 1342 632 1402 pote
657 1348 775 1403 qua:
803 1340 1017 1387 noceat.
1047 1330 1236 1385 Viden’
1261 1329 1529 1400 quomodo
1556 1329 1782 1384 ubertim
1819 1329 2093 1383 victoriam

507 1424 722 1488 tulerit,
754 1423 1045 1478 ostendens
1070 1422 1216 1478 illam
1248 1437 1353 1476 non
1387 1420 1546 1475 modo
1573 1420 1705 1475 nihil
1744 1435 1842 1475 nos
1866 1419 2053 1489 iuvare
2075 1459 2091 1483 ,

503 1515 600 1569 sed
645 1515 807 1569 etiam
854 1514 1008 1568 nobis
1034 1512 1363 1581 contrariam
1394 1511 1560 1567 esse?
1607 1510 1790 1581 Neque
1827 1510 1940 1565 suis
1965 1523 2095 1564 eon-

505 1613 687 1659 tentns
712 1604 1065 1674 argumentis,
1096 1604 1458 1658 testimonium
1487 1616 1673 1659 rursus
1698 1602 1848 1657 aﬁ‘ert
1868 1602 2092 1657 dicens:

504 1694 772 1762 Scriptum
814 1702 892 1747 est
940 1695 1075 1747 enim
1122 1709 1136 1745 :
1174 1693 1274 1759 Qui
1311 1693 1690 1763 comprehendit
1737 1694 1989 1764 sapientes
2039 1692 2095 1746 in

504 1787 691 1840 astutia
714 1802 913 1839 eorum.
945 1785 1175 1851 Astutia,
1216 1784 1266 1840 id
1293 1793 1375 1840 est
1395 1826 1411 1851 ,
1453 1785 1565 1841 suis
1592 1785 1711 1839 illos
1739 1784 1902 1840 armis
1929 1784 2090 1854 capit.

504 1876 637 1944 Quia
677 1876 821 1931 enim
876 1877 1071 1930 astutia
1117 1876 1201 1931 usi
1250 1884 1405 1940 sunt,
1459 1884 1517 1930 ut
1568 1890 1636 1931 ne
1688 1876 1798 1930 Deo
1836 1875 2096 1931 baberent

504 1983 675 2037 opus,
714 1982 809 2036 per
836 1966 979 2021 hanc
1028 1967 1197 2035 ipsam
1229 1967 1478 2019 astutiam
1509 1965 1615 2019 illis
1662 1965 1909 2035 probavit
1951 1964 2093 2036 quod

506 2058 739 2112 maxime
793 2057 904 2111 Deo
961 2064 1174 2125 egeant.
1225 2057 1341 2122 Quo
1388 2053 1586 2110 modo?
1636 2055 1789 2124 Quod
1834 2071 1930 2126 per
1973 2070 2092 2111 eam

506 2148 653 2201 stulti
687 2146 897 2213 eﬂeeti,
949 2149 1144 2202 merito
1181 2162 1278 2216 per
1319 2146 1565 2202 eamdem
1616 2148 1758 2217 capti
1803 2149 1929 2203 sint.
1960 2147 2095 2203 Nam

507 2238 596 2308 qui
644 2240 898 2307 putabant
935 2253 995 2294 se
1035 2239 1145 2293 Deo
1185 2254 1291 2293 non
1328 2253 1463 2309 opus
1499 2238 1735 2306 habere,
1780 2239 1847 2293 ad
1896 2248 2094 2295 tantam

506 2327 713 2383 redacti
751 2339 879 2384 sunt
915 2330 1242 2403 egestatem,
1283 2337 1341 2382 ut
1367 2329 1721 2399 piscatoribus
1749 2338 1803 2385 et
1834 2329 2096 2385 illiteratis

506 2422 743 2476 minores
768 2430 1084 2490 apparerent
1110 2461 1125 2485 ,
1154 2420 1392 2490 ipsisque
1411 2420 1627 2475 demum
1649 2436 1785 2490 opus
1810 2420 2091 2487 haberent.

508 2509 635 2566 Ideo
678 2512 785 2577 ait,
820 2511 877 2565 In
922 2512 1117 2567 astutia
1149 2510 1387 2581 ipsorum
1419 2514 1563 2583 cepit
1605 2512 1747 2568 illos.
1792 2512 1926 2568 Nam
1972 2528 2093 2569 eum

506 2602 672 2667 dicit,
720 2603 941 2657 Perdam
979 2604 1281 2675 sapientiam
1331 2604 1427 2675 (1.
1471 2601 1592 2659 Cor.
1634 2606 1686 2659 1.
1731 2606 1878 2675 19),
1926 2606 2095 2674 ipsam

507 2694 575 2748 ad
606 2695 740 2749 nihil
799 2695 929 2751 utile
961 2696 1213 2751 inducere
1252 2695 1520 2765 signiﬁcat
1549 2712 1563 2748 :
1596 2695 1723 2749 illud
1754 2705 1962 2759 autem,
1997 2694 2097 2761 Qui

506 2787 881 2855 comprehendit
902 2789 1155 2857 sapientes
1177 2788 1228 2841 in
1249 2788 1436 2841 astutia
1458 2802 1629 2841 eorum
1653 2828 1669 2856 ,
1710 2786 1775 2842 ad
1799 2788 2095 2843 ostenden-

508 2878 631 2932 dam
664 2879 759 2933 Dei
787 2881 1075 2948 potentiam
1103 2879 1317 2935 dicitur.

578 2971 633 3024 2.
677 2970 878 3026 Deinde
907 2971 1125 3026 modum
1153 2971 1285 3027 dicit
1320 2986 1429 3042 quo
1472 2971 1915 3041 comprehendit,
1948 2973 2095 3028 aliud

508 3060 767 3129 adjiciens
793 3061 1155 3115 testimonium
1182 3076 1197 3125 ;
1230 3060 1305 3114 ait
1331 3061 1473 3113 enim
1503 3078 1517 3111 :
1547 3060 1639 3114 20.
1682 3059 1933 3115 Dominus
1963 3063 2097 3115 novit

505 3154 832 3222 cogitationes
883 3152 1185 3223 sapientium
1241 3154 1481 3221 quoniam
1551 3168 1693 3207 vante
1760 3164 1896 3208 sunt.
1960 3153 2095 3210 Cum

509 3253 688 3297 autem
732 3226 991 3311 sapientia
1025 3241 1114 3295 illa
1153 3258 1271 3312 quae
1298 3250 1381 3296 est
1408 3243 1667 3298 immensa
1690 3283 1706 3308 ,
1740 3245 1857 3313 lia-c
1882 3244 1950 3300 de
1992 3247 2096 3301 illis

514 3332 972 3403 pronuntiaverit,
1002 3343 1056 3387 et
1085 3333 1218 3387 tales
1244 3332 1393 3403 ipsos
1420 3349 1539 3389 esse
1567 3334 1907 3404 probaverit,
1938 3352 2094 3406 quam

506 3423 665 3476 aliam
708 3432 963 3478 extremm
990 3422 1208 3477 illorum
1237 3423 1484 3478 amentia:
1515 3440 1722 3494 quaeres
1757 3426 2094 3481 demonstra-

509 3515 753 3569 tionem?
780 3513 913 3568 Nam
955 3512 1233 3567 hominum
1263 3515 1478 3582 quidem
1501 3515 1698 3583 judicia
1731 3531 1873 3585 smpe
1905 3518 2094 3571 labun-

508 3615 632 3671 tur;
663 3606 754 3660 Dei
788 3620 916 3661 vero
943 3607 1205 3660 sententia
1239 3621 1337 3660 nec
1367 3606 1690 3675 reprehendi
1721 3623 1819 3663 nec
1847 3622 2096 3663 corrum-

506 3698 561 3766 pi
605 3712 853 3766 umquam
887 3706 1082 3767 potest.
1118 3696 1407 3768 Postquam
1450 3698 1608 3769 igitur
1651 3699 1870 3770 superni
1909 3700 2095 3768 judicii

510 3796 768 3857 tropteum
818 3788 887 3841 ita
928 3787 1269 3857 Splendidum
1320 3799 1601 3855 erexerat,
1650 3791 1995 3845 vehementer
2040 3791 2093 3845 in

508 3879 749 3934 subditos
768 3894 1073 3933 sermonem
1096 3881 1393 3946 convertit,
1418 3881 1531 3935 hmo
1558 3880 1741 3935 dicens
1774 3899 1786 3934 :
1816 3880 1905 3935 2!.
1932 3880 2096 3935 Nemo

506 3974 677 4043 itaque
715 3972 957 4040 glorietur
986 3972 1037 4024 in
1065 3972 1349 4024 hominibus
1378 3987 1397 4023 :
1424 3970 1515 4023 2‘2.
1545 3972 1716 4024 omnia
1757 3973 1891 4025 enim
1932 3982 2096 4026 vestra

511 4072 649 4117 sunt.
701 4062 907 4116 Rursus
955 4062 1135 4131 priora
1181 4061 1410 4131 repetit,
1440 4061 1730 4117 ostendens
1774 4062 1891 4116 illos
1923 4079 2096 4133 neque

511 4155 567 4209 in
592 4154 956 4223 spiritualibus
982 4155 1148 4208 altum
1180 4168 1367 4223 sapere
1393 4154 1590 4210 debere
1610 4196 1625 4220 ,
1662 4165 1716 4209 ut
1744 4158 1832 4227 qui
1864 4156 1994 4210 nihil
2026 4171 2095 4210 ex

510 4261 571 4302 se
614 4246 863 4301 habeant.
893 4246 1026 4300 Cum
1057 4260 1187 4315 ergo
1226 4255 1451 4300 externa
1500 4247 1758 4317 sapientia
1800 4247 1957 4300 noxia
1988 4249 2054 4303 sit
2079 4290 2095 4313 ,

510 4348 565 4392 et
607 4338 901 4407 spiritualia
946 4353 975 4391 a
1008 4337 1162 4391 vobis
1212 4352 1317 4389 non
1366 4336 1473 4390 sint
1520 4336 1682 4402 data,
1740 4336 1878 4393 unde
1932 4337 2099 4394 habes

511 4428 651 4497 quod
675 4426 959 4497 glorieris?
988 4427 1053 4479 Et
1081 4425 1133 4479 in
1165 4435 1387 4480 externa
1413 4424 1628 4494 quidem
1656 4425 1913 4494 sapientia
1940 4442 2097 4480 nemo

514 4520 747 4590 seipsum
784 4518 1051 4586 decipiat,
1080 4517 1287 4587 inquit,
1319 4517 1441 4586 quia
1482 4515 1585 4585 ipsi
1624 4516 1676 4572 in
1721 4533 1778 4570 re
1808 4518 1962 4572 noxia
1995 4518 2096 4572 sibi

513 4610 851 4683 placebant:
895 4608 980 4662 hic
1032 4623 1194 4671 vero,
1250 4608 1371 4676 quia
1424 4620 1512 4660 res
1566 4606 1727 4661 habet
1776 4607 2095 4674 utilitatem,

515 4716 676 4755 nemo
730 4701 1008 4770 glorietur.
1074 4699 1141 4752 Et
1186 4699 1546 4753 mansuetiore
1594 4700 1758 4753 utitur
1811 4702 2093 4755 oratione:

518 4793 704 4845 Omnia
737 4794 869 4847 enim
914 4799 1077 4843 vestra
1102 4800 1251 4855 sunt,
1297 4792 1396 4843 sive
1442 4790 1638 4844 Paulus
1665 4794 1765 4845 sive
1795 4793 1977 4862 Apollo
1998 4793 2100 4844 sive

516 4884 715 4954 Cephas
742 4886 846 4937 sive
873 4882 1092 4935 mundus
1110 4922 1125 4947 ,
1156 4881 1259 4933 sive
1283 4882 1383 4933 vita
1410 4884 1509 4935 sive
1547 4900 1680 4937 mors
1701 4926 1715 4949 ,
1746 4886 1847 4938 sive
1872 4900 2099 4953 prtesen-

516 4979 587 5026 tia
614 4976 714 5027 sive
738 4978 909 5046 futura
940 4989 957 5025 :
986 4972 1155 5024 omnia
1192 4980 1355 5023 vestra
1394 4981 1543 5036 sunt,
1572 4987 1655 5025 vos
1682 4984 1849 5026 autem
1876 4973 2096 5038 Christi,

517 5062 744 5119 Christus
769 5077 937 5118 autem
968 5063 1079 5117 Dei.
1112 5063 1248 5127 Quia
1274 5063 1417 5116 enim
1447 5064 1565 5117 illos
1592 5066 1943 5119 vehementer
1974 5082 2095 5133 per—

518 5155 838 5221 strinxerat,
863 5171 1049 5210 rursus
1079 5154 1224 5224 ipsos
1254 5164 1481 5209 recreat.
1518 5154 1581 5208 Et
1613 5154 1856 5224 superius
1885 5155 2099 5224 quidem

519 5247 767 5314 dicebat,
828 5251 1099 5318 Adjutores
1155 5264 1327 5301 sumus
1390 5247 1519 5312 Dei,
1578 5258 1632 5302 et
1684 5249 1803 5302 aliis
1862 5249 2101 5318 pluribus

514 5339 699 5394 verbis
736 5338 880 5407 ipsos
920 5337 1295 5394 consolabatur
1328 5358 1341 5391 :
1373 5340 1461 5393 hic
1499 5349 1675 5394 autem
1705 5340 1870 5406 dicit,
1915 5339 2101 5394 Omnia

517 5441 683 5486 vestra
712 5441 862 5496 sunt,
895 5432 1173 5491 doctorum
1206 5436 1397 5489 fastum
1429 5448 1688 5486 amovens
1713 5473 1727 5498 ,
1770 5433 2096 5486 ostendens-

518 5538 623 5591 que
652 5524 794 5593 ipsos
826 5538 929 5577 non
955 5526 1113 5579 modo
1148 5526 1278 5580 nihil
1306 5524 1411 5578 illis
1438 5524 1618 5593 largiri
1637 5565 1650 5584 ,
1694 5522 1787 5578 sed
1817 5523 1945 5591 ipsis
1964 5538 2099 5591 gra-

516 5616 620 5667 tias
647 5614 851 5670 referre
894 5613 1090 5670 debere
1124 5633 1136 5669 :
1168 5627 1385 5688 propter
1412 5616 1532 5670 illos
1574 5617 1714 5670 enim
1762 5615 1895 5669 tales
1924 5614 2098 5669 cﬂecti

519 5713 677 5770 sunt,
724 5706 991 5777 etiamque
1035 5707 1257 5777 gratiam
1306 5715 1649 5777 acceperunt.
1700 5704 1803 5761 Sed
1848 5706 2097 5776 quoniam

520 5794 753 5851 futurum
777 5809 912 5867 erat,
951 5809 1008 5855 ut
1051 5797 1127 5855 illi
1170 5798 1328 5855 etiam
1361 5801 1747 5872 gloriarentur,
1797 5798 1917 5854 ideo
1958 5797 2097 5853 hunc

2196 522 2409 578 quoque
2461 508 2704 562 morbum
2762 506 3003 578 prmdicit
3039 506 3224 561 dicens
3260 525 3273 561 :
3332 504 3617 576 Unicuique
3652 517 3783 561 sicut

2198 596 2333 653 Deus
2362 599 2539 665 dedit;
2585 608 2674 665 et,
2707 598 2845 653 Deus
2891 600 3253 652 incrementum
3281 599 3466 663 dedit;
3512 608 3570 652 ut
3608 614 3783 667 neque

2197 687 2270 742 illi
2301 730 2316 755 ,
2357 691 2478 759 quia
2534 690 2913 759 praebuerunt,
2964 688 3130 743 altum
3183 689 3437 758 sapiant;
3491 704 3667 759 neque
3722 688 3777 743 hi

2196 779 2385 848 etiam,
2437 781 2563 851 quia
2608 781 2911 845 audierunt,
2943 779 3130 835 Omnia
3157 792 3321 835 vestra
3366 792 3515 846 sunt,
3545 797 3667 837 sese
3694 798 3785 836 ex-

2197 871 2404 925 tollant.
2434 870 2644 926 Etenim
2672 872 2886 926 etiamsi
2921 881 3139 941 propter
3166 887 3289 938 vos,
3317 882 3373 928 at
3415 882 3582 928 totum
3609 890 3641 929 a
3670 874 3785 930 Deo

2196 961 2392 1016 factum
2420 972 2522 1018 est.
2581 963 2664 1019 Τιι
2716 980 2845 1019 vero
2884 965 3011 1018 mihi
3069 966 3370 1036 perpendas
3408 967 3605 1033 velim,
3645 983 3782 1038 quo.

2196 1054 2355 1108 modo
2396 1071 2562 1124 usque
2603 1056 2669 1109 ad
2714 1056 2876 1111 ﬁnem
2930 1071 3237 1126 perseveret
3288 1075 3483 1114 nomen
3523 1076 3678 1116 suum
3717 1071 3771 1116 et

2197 1161 2390 1199 nomen
2439 1146 2581 1201 Petri
2609 1163 2828 1225 ponere.
2859 1148 2997 1217 Quid
3025 1166 3152 1206 vero
3177 1151 3439 1221 signiﬁcat
3468 1153 3595 1207 illud
3618 1196 3633 1217 ,
3665 1152 3788 1209 Sive

2197 1237 2379 1290 mars.’
2430 1237 2647 1295 Etiamsi
2705 1240 3042 1306 moriantur,
3095 1258 3192 1310 pro
3243 1242 3395 1297 vobis
3446 1244 3780 1311 moriuntur,

2198 1326 2563 1395 periclitantes
2589 1343 2686 1398 pro
2712 1336 2890 1384 vestra
2917 1331 3106 1386 salute.
3151 1330 3337 1387 Viden’
3365 1334 3633 1403 quomodo
3660 1351 3782 1390 rur-

2197 1432 2315 1471 sum
2343 1417 2723 1488 diseipulorum
2760 1419 2955 1476 fastum
2995 1421 3297 1491 deprimat,
3328 1422 3576 1479 doctores
3603 1435 3782 1480 autem

2197 1508 2456 1562 extollat?
2491 1508 2622 1563 Nam
2651 1510 2729 1564 sic
2756 1510 2878 1565 illos
2904 1512 3192 1583 alloquitur
3218 1521 3276 1567 ut
3304 1529 3496 1583 pueros
3537 1516 3779 1581 nobiles,

2200 1596 2515 1668 paedagogos
2538 1598 2816 1665 habentes,
2839 1602 2929 1670 qui
2954 1602 3319 1657 hzereditatem
3342 1605 3613 1673 accepturi
3635 1615 3779 1660 sunt.

2198 1689 2342 1744 Licet
2386 1690 2545 1745 etiam
2591 1691 2699 1747 alio
2740 1692 2903 1747 modo
2929 1692 3134 1761 dicere,
3166 1703 3394 1750 mortem
3437 1694 3627 1750 Adami
3659 1711 3784 1765 pro-

2200 1789 2307 1849 ptet
2352 1796 2451 1836 nos
2488 1781 2689 1848 fuisse,
2746 1791 2803 1836 ut
2852 1785 3334 1853 resipisceremus;
3390 1798 3616 1842 mortem
3657 1803 3786 1843 vero

2198 1869 2430 1935 Christi,
2462 1883 2521 1927 ut
2547 1887 2910 1929 servaremur.
2962 1874 3063 1930 Vos
3088 1887 3257 1930 autem
3291 1878 3507 1945 Christi,
3557 1880 3785 1935 Christus

2199 1977 2313 2015 vero
2363 1961 2474 2017 Dei.
2518 1964 2687 2019 Aliter
2734 1964 2934 2020 Christi
2973 1980 3194 2032 sumus,
3242 1977 3297 2023 et
3332 1968 3490 2024 aliter
3545 1970 3786 2026 Christus

2200 2051 2295 2106 Dei
2334 2063 2446 2121 est,
2486 2064 2542 2110 et
2587 2056 2742 2113 aliter
2792 2058 3022 2113 mundus
3060 2069 3141 2115 est
3180 2070 3383 2116 noster.
3442 2060 3551 2115 Nos
3587 2062 3785 2132 quippe

2197 2141 2398 2196 Christi
2424 2160 2639 2209 sumus,
2691 2156 2748 2201 ut
2788 2162 2925 2216 Opus
2970 2148 3149 2214 illius;
3198 2149 3444 2205 Christus
3482 2166 3610 2205 vero
3655 2152 3783 2218 Dei,

2202 2240 2256 2287 ut
2289 2247 2540 2303 germana
2591 2235 2770 2305 proles
2789 2277 2804 2301 ,
2836 2253 2940 2291 non
2968 2248 3027 2313 ut
3054 2252 3188 2308 opus
3218 2256 3231 2292 :
3260 2255 3363 2309 qua
3391 2240 3597 2295 ratione
3623 2241 3783 2295 etiam

2200 2339 2298 2378 nec
2324 2325 2552 2380 mundus
2578 2336 2661 2382 est
2688 2338 2872 2384 noster
2897 2331 2936 2381 ι.
2968 2330 3150 2401 Itaque
3176 2332 3276 2386 etsi
3306 2346 3406 2386 una
3435 2334 3503 2388 sit
3529 2333 3713 2399 dictio,
3734 2344 3787 2389 at

2198 2415 2415 2472 diversa
2461 2420 2745 2474 sententia.
2788 2420 3018 2477 Mundus
3063 2422 3205 2477 enim
3235 2434 3420 2478 noster
3445 2432 3561 2493 est,
3603 2434 3787 2493 utpote

2201 2522 2298 2575 pro
2346 2508 2502 2563 nobis
2554 2509 2767 2576 factus;
2822 2510 3070 2568 Christus
3127 2528 3256 2569 vero
3298 2515 3393 2570 Dei
3428 2526 3549 2582 est,
3601 2526 3658 2571 ut
3693 2517 3785 2587 qui

2202 2599 2372 2667 ipsum
2419 2610 2694 2657 auctorem
2724 2602 2956 2671 habeat,
3007 2616 3268 2676 quatenus
3312 2608 3470 2663 Pater
3494 2610 3612 2678 ejus
3656 2622 3783 2667 est:

2201 2704 2299 2744 nos
2326 2699 2502 2746 autem
2524 2708 2707 2747 sumus
2729 2694 2948 2761 Christi,
2977 2697 3100 2767 quia
3127 2698 3193 2753 ab
3213 2698 3331 2768 ipso
3357 2700 3558 2755 conditi
3577 2716 3782 2757 sumus.

2200 2780 2257 2837 Si
2304 2782 2378 2837 illi
2426 2794 2550 2840 sunt
2594 2788 2793 2851 vestri,
2838 2789 3043 2858 inquit,
3073 2805 3170 2845 cur
3214 2790 3388 2847 facitis
3414 2797 3782 2862 contrarium,

2199 2872 2325 2927 dum
2352 2874 2420 2929 ab
2446 2874 2575 2944 ipsis
2601 2878 3053 2947 cognominamini
3081 2921 3093 2942 ,
3126 2894 3231 2935 non
3258 2896 3286 2935 a
3314 2880 3530 2938 Christo
3556 2894 3608 2939 et
3635 2886 3787 2941 Deo?

2205 2962 2377 3033 (Cap.
2429 2965 2507 3034 4.)
2555 2967 2606 3019 1.
2655 2966 2744 3021 Sic
2794 2985 2887 3023 nos
2926 2971 3175 3024 existimet
3224 2974 3372 3025 homo
3422 2982 3478 3027 ut
3529 2977 3785 3033 ministros

2201 3053 2419 3121 Christi,
2460 3065 2508 3109 et
2545 3057 2915 3126 dispensatores
2953 3063 3303 3130 mysteriorum
3340 3061 3456 3118 Dei.
3498 3064 3785 3136 Postquam

2202 3146 2411 3201 illorum
2463 3149 2821 3217 arrogantiam
2867 3150 3163 3220 depressit,
3206 3154 3327 3208 vide
3366 3155 3477 3223 jam
3516 3158 3787 3226 quomodo

2199 3236 2319 3290 illos
2346 3247 2555 3292 recreet
2591 3238 2775 3294 dicens
2806 3259 2819 3295 :
2855 3240 2923 3295 Ut
2950 3243 3203 3296 ministros
3232 3245 3437 3300 Christi.
3479 3247 3555 3302 Nc
3584 3248 3783 3319 itaque,

2201 3327 2365 3382 misso
2389 3328 2611 3382 Domino
2633 3371 2647 3394 ,
2672 3343 2701 3383 a
2726 3330 2985 3385 ministris
3005 3341 3059 3386 et
3080 3332 3291 3387 famulis
3313 3350 3507 3391 nomen
3529 3341 3781 3408 accipias.

2202 3418 2610 3488 Dispensatores
2646 3429 2826 3475 autem
2872 3421 3043 3489 dixit,
3073 3425 3363 3481 ostendens
3404 3443 3509 3482 non
3538 3433 3787 3486 onmibus

2201 3508 2317 3564 haec
2347 3510 2521 3565 danda
2568 3526 2689 3567 esse
2710 3554 2725 3578 ,
2770 3513 2861 3566 sed
2893 3514 3087 3582 quibus
3133 3526 3377 3584 Oportet,
3406 3529 3461 3572 et
3502 3522 3697 3590 quibus
3722 3538 3788 3578 ea

2201 3610 2325 3656 Sunt
2348 3602 2725 3671 dispensanda.
2754 3603 2809 3657 2.
2847 3602 2945 3656 Hic
2962 3605 3075 3673 jam
3099 3608 3342 3673 queritur
3366 3609 3495 3662 inter
3518 3610 3789 3679 dispensa-

2202 3703 2331 3746 tores
2371 3702 2423 3746 nt
2469 3693 2634 3761 ﬁdelis
2677 3694 2789 3764 quis
2838 3695 3140 3749 inveniatur.
3174 3696 3227 3751 Id
3251 3708 3367 3762 est,
3417 3715 3484 3755 ne
3510 3718 3629 3769 qum
3663 3713 3789 3759 sunt

2204 3784 2413 3839 Domini
2456 3785 2557 3839 sibi
2598 3796 2857 3855 usurpet,
2892 3803 2989 3841 nec
3038 3789 3138 3842 sibi
3182 3799 3450 3860 tamquam
3478 3793 3698 3849 d0n.ino
3724 3811 3786 3851 ea

2201 3875 2471 3940 vindicet,
2500 3875 2593 3930 sed
2622 3886 2678 3929 ut
2704 3876 3045 3945 dispensator
3076 3879 3162 3930 illa
3194 3892 3363 3934 curet.
3399 3883 3789 3950 Dispensatoris

2200 3968 2341 4021 enim
2389 3977 2506 4029 est,
2555 3980 2615 4018 ca
2668 3981 2786 4034 qure
2832 3966 2935 4019 sibi
2962 3968 3163 4020 credita
3208 3978 3333 4023 sunt
3361 3972 3527 4039 probe
3552 3973 3784 4029 admini-

2202 4068 2373 4112 strare
2393 4096 2408 4119 ,
2452 4070 2551 4109 nec
2578 4070 2697 4124 quae
2724 4056 2924 4109 domini
2951 4066 3075 4111 sunt
3110 4072 3205 4112 sua
3233 4060 3409 4115 dicere
3434 4079 3448 4127 ;
3481 4064 3571 4118 sed
3602 4077 3787 4121 contra

2201 4164 2321 4219 qua:
2375 4156 2500 4202 sunt
2537 4161 2665 4213 sua,
2722 4146 2926 4201 domini
2979 4148 3181 4205 dicere.
3239 4151 3629 4223 Unusquisque
3674 4156 3789 4212 hmo

2202 4238 2441 4308 cogitans
2460 4280 2475 4304 ,
2506 4239 2619 4292 sive
2646 4238 2855 4292 dicendi
2887 4238 3192 4295 facultatem
3222 4243 3414 4297 habeat
3436 4286 3449 4309 ,
3490 4247 3603 4300 sive
3631 4261 3789 4315 pecu-

2205 4332 2319 4385 nias
2339 4372 2353 4395 ,
2382 4331 2525 4401 quod
2554 4346 2747 4399 nempe
2778 4347 2867 4387 res
2891 4333 3101 4387 Domini
3128 4336 3230 4389 sibi
3260 4337 3476 4391 creditm
3507 4340 3645 4406 sint,
3679 4357 3785 4395 non

2203 4432 2382 4476 autem
2433 4436 2579 4488 suae,
2628 4437 2695 4475 ne
2742 4422 2860 4477 illas
2902 4439 3069 4492 penes
3113 4440 3172 4478 se
3210 4427 3435 4481 retineat
3472 4445 3645 4499 neque
3683 4432 3785 4486 sibi

2204 4512 2505 4576 atlscribat,
2554 4512 2646 4567 sed
2698 4512 2807 4566 Deo
2853 4515 3031 4568 omnia
3072 4514 3317 4585 largienti
3369 4519 3488 4573 illas
3538 4533 3788 4591 acceptas

2204 4602 2421 4658 referat.
2454 4602 2546 4657 Vis
2576 4603 2757 4658 videre
2802 4603 2989 4658 ﬁdeles
3030 4604 3471 4683 dispensatores?
3495 4611 3630 4665 Audi
3658 4613 3786 4683 quid

2205 4694 2347 4748 dicat
2374 4695 2561 4749 Petrus
2594 4713 2605 4747 :
2642 4694 2780 4759 Quid
2806 4711 2896 4748 nos
2925 4696 3174 4763 respicitis
3199 4675 3345 4766 quasi
3374 4702 3582 4770 propria
3608 4675 3789 4756 virtute

2206 4794 2295 4837 aut
2334 4786 2529 4852 pietate
2580 4786 2841 4855 fecerimus
2880 4786 3014 4837 hunc
3064 4785 3326 4841 ambulare
3363 4789 3514 4858 (Act.
3543 4792 3597 4845 3.
3632 4793 3697 4846 12
3722 4793 3788 4855 )?

2208 4886 2262 4930 et
2289 4877 2535 4931 Cornelio
2560 4877 2773 4931 dicebat
2815 4877 2916 4947 (a)
2950 4895 2960 4924 ε
2993 4875 3060 4928 Et
3108 4893 3199 4931 nos
3244 4879 3421 4933 iisdem
3470 4884 3789 4950 passionibus

2206 4969 2411 5021 obnoxii
2453 4969 2676 5021 homines
2713 4984 2885 5021 sumus
2927 4966 3074 5036 (Act.
3111 4968 3196 5021 H.
3227 4969 3293 5023 15
3318 4969 3376 5039 );
3413 4979 3466 5025 et
3509 4970 3574 5027 ad
3624 4973 3788 5027 Chri-

2208 5069 2348 5113 stum
2382 5078 2393 5113 :
2425 5057 2557 5113 Ecce
2610 5060 2905 5127 reliquimus
2961 5060 3133 5111 omnia
3184 5069 3230 5113 et
3284 5063 3477 5132 sequuti
3528 5081 3705 5119 sumus
3742 5073 3790 5117 te

2208 5152 2436 5224 (Matth.
2482 5152 2565 5207 19.
2606 5153 2739 5222 27).
2800 5152 2864 5204 Et
2919 5149 3113 5203 Paulus
3168 5167 3287 5206 cum
3344 5154 3607 5222 dixisset,
3658 5154 3788 5209 Plus

2206 5261 2358 5314 quam
2405 5261 2574 5300 omnes
2621 5243 2877 5308 laboravi,
2931 5241 3205 5312 subjunxit
3235 5261 3249 5299 :
3278 5244 3399 5301 Non
3439 5265 3529 5318 ego
3579 5259 3782 5314 autem,

2271 5441 2287 5472 ί
2316 5447 2432 5502 neg.
2457 5442 2527 5490 sic
2548 5439 2692 5491 ell‘ert
2713 5440 2839 5489 hunc
2861 5440 3322 5506 locum...germana
3344 5446 3502 5508 proles
3518 5459 3534 5500 .'
3550 5448 3787 5498 minutus-

2207 5514 2298 5563 que
2321 5515 2415 5570 non
2436 5509 2506 5551 est
2528 5510 2707 5561 noster,
2732 5510 2781 5551 ut
2800 5508 3012 5553 nostrum
3043 5517 3181 5570 opus,
3201 5508 3287 5558 sed
3310 5510 3361 5557 in
3388 5512 3615 5568 quantum
3636 5510 3788 5560 nostri

2207 5577 2355 5613 causa
2378 5570 2532 5613 factus
2554 5570 2641 5613 εει.

2270 5624 2345 5688 (a)
2362 5624 2469 5688 ⁵Ηίε
2480 5626 2625 5673 citata
2640 5624 2789 5688 verba
2806 5640 2901 5675 non
2914 5626 3139 5678 Cornelio
3154 5629 3279 5678 dicta
3293 5627 3434 5677 ﬁtere
3447 5640 3473 5675 a
3488 5626 3641 5678 Petro
3657 5645 3672 5688 ;
3698 5632 3788 5680 sed

2208 5698 2233 5731 a
2258 5685 2409 5750 Paulo
2432 5688 2624 5748 Lystris,
2650 5687 2714 5734 iis
2732 5690 2814 5750 qui
2841 5690 3067 5739 Barnabas
3092 5696 3145 5740 et
3166 5690 3262 5739 sibi
3286 5698 3341 5739 ut
3361 5688 3456 5737 dits
3492 5685 3676 5739 hostias
3699 5705 3787 5739 tm-

2208 5746 2409 5857 mllatu;
2419 5762 2433 5795 ι
2456 5746 2611 5818 erant.
2638 5750 2722 5797 uie
2743 5746 2973 5802 inemoria
2996 5751 3175 5801 labitur
3191 5750 3577 5815 Chrysostomus.
3604 5753 3699 5802 nisi
3721 5754 3786 5805 sit

2312 5821 2370 5856 us
2412 5821 2444 5857 n
2464 5821 2616 5857 sene.
3622 5840 3623 5847 ι

2312 5821 2370 5856 118
2391 5821 2444 5857 ιη
2464 5821 2616 5859 sene.
3622 5840 3623 5847 η
