4028 6208
551 353 623 410 85

639 468 708 537 γ’.
725 468 888 522 Ὅταν
909 466 1001 523 οῦν
1025 471 1180 541 χρεία
1209 473 1475 544 καλῇ,καὶ
1503 474 1707 543 ταύτην
1725 476 2053 530 κατάθου.Εἰ
2081 475 2137 529 δὲ

566 550 868 620 φιλοζωεῖς,
891 552 986 606 καὶ
1035 553 1390 623 κελευόμενος
1442 555 1761 609 καταθεῖναι
1811 558 2132 626 ἀντιλέγεις,

563 633 743 686 οὐκέτι
791 636 983 699 πιστὸς
1033 637 1316 707 οἰκονόμος
1339 633 1415 690 λεῐ.
1453 637 1563 690 Καὶ
1600 639 1716 701 πῶς
1759 639 1836 692 ἔνι
1865 639 2001 692 Θεοῦ
2036 657 2137 694 κα-

561 712 778 780 λοῦντος
812 720 1160 791 ἀντιστῆναι;
1197 721 1369 774 Τοῦτο
1398 719 1512 792 γὰρ
1545 720 1702 789 κάγώ
1733 739 1896 793 φημι,
1924 723 2018 776 καὶ
2049 722 2135 776 διά

560 797 717 851 τοῦτο
746 799 877 853 αὐτὸ
912 802 1146 871 μάλιστα
1181 802 1444 873 θαυμάζω
1488 802 1583 856 τοῦ
1627 802 1763 857 Θεοῦ
1812 805 1913 874 τὴν
1943 803 2134 873 φιλαν-

558 878 826 948 θρωπίαν,
858 883 938 934 ὅτι
986 883 1022 937 ἀ
1063 884 1297 940 ,δύναται
1327 888 1421 938 xal
1459 887 1682 950 ἀκοντός
1718 903 1812 939 σου
1851 887 2003 958 παρά
2036 887 2130 940 σοῦ

555 962 762 1026 λαϐεῖν,
795 964 965 1019 ταῦτα
1000 967 1060 1020 οὐ
1091 968 1336 1038 βούλεται
1367 971 1594 1034 ἄκοντος
1625 970 2015 1041 εἰσενεχθῆναι,
2045 972 2131 1032 ἵνα

558 1044 653 1098 καὶ
712 1048 900 1115 μισθὸν
947 1048 1097 1122 ἔχῃς.
1145 1045 1270 1104 Οίον
1321 1051 1545 1105 δύναται
1591 1052 1690 1121 τὴν
1735 1051 1912 1122 ψυχὴν
1947 1052 2128 1104 λαϐεῖν

550 1126 798 1191 ἄκοντος,
852 1130 989 1184 ἀλλά
1030 1133 1160 1201 παρ’
1201 1145 1227 1173 ι
1257 1133 1473 1196 ἑκόντος
1523 1132 1788 1202 βούλεται,
1826 1135 1915 1187 ἳνα
1961 1134 2127 1205 λέγῃς

554 1209 693 1262 κατά
736 1211 977 1266 Παῦλον·
1009 1215 1151 1267 Καθ’
1181 1214 1410 1282 ἡμέραν
1456 1215 1840 1284 ἀποθνήσκω.
1892 1216 2126 1270 Δύναταί

553 1307 645 1343 σου
676 1292 774 1362 τὴν
815 1295 972 1357 δόξαν
1001 1295 1186 1349 λαϐεῖν
1215 1297 1452 1359 ἄκοντος
1471 1299 1562 1350 καὶ
1594 1299 1817 1368 ποιῆσαι
1847 1299 2121 1364 ταπεινὸν,

550 1373 684 1426 ἀλλά
722 1378 850 1445 παρ’
881 1377 1097 1440 ἑκόντος
1126 1377 1287 1440 θέλει,
1324 1380 1409 1432 ἵνα
1439 1380 1672 1453 ἀμοιϐὴν
1703 1383 1852 1452 ἔχῃς.
1890 1384 2124 1436 Δύναταί

550 1471 609 1506 σε
635 1456 854 1526 ποιῆσαι
885 1459 1113 1529 πένητα,
1152 1463 1246 1514 καὶ
1283 1461 1356 1531 μὴ
1402 1460 1745 1530 βουλόμενον,
1787 1464 1901 1517 ἀλλ’
1931 1465 2123 1519 ἑκόντα

547 1553 606 1588 σε
641 1537 889 1607 βούλεται
918 1541 1170 1607 γενέσθαι
1197 1542 1460 1605 τοιοῦτον,
1490 1542 1579 1596 ἴνα
1607 1561 1689 1597 σοι
1713 1546 1882 1617 πλέξῃ
1919 1547 2121 1614 στεφά-

544 1635 688 1682 νους.
747 1617 900 1683 Εἶδες
959 1622 1094 1675 Θεοῦ
1172 1623 1610 1694 φιλανθρωπίαν;
1681 1623 1821 1692 εἶδες
1897 1629 2119 1682 νωθείαν

542 1702 815 1773 ἡμετέραν
839 1719 852 1768 ;

623 1784 741 1838 Ἐπ’
778 1784 1090 1857 ἀξιώματος
1119 1789 1308 1858 ἐγένου
1342 1793 1603 1862 μεγάλου,
1655 1794 1746 1846 καί
1792 1794 1968 1865 ἀρχῆς
2019 1795 2116 1848 ἐπ-

538 1865 734 1920 ελάϐου
784 1869 913 1922 ποτέ
960 1871 1456 1943 ἐκκλησιαστικῆςς
1486 1876 1586 1945 Μὴ
1636 1877 1779 1944 μέγα
1808 1879 2023 1946 φρόνει·
2055 1879 2115 1930 οὖ

539 1949 604 2006 σὺ
628 1951 726 2020 τὴν
765 1949 922 2016 δόξαν
969 1953 1206 2022 ἐκτήσω,
1252 1954 1366 2007 ἀλλ’
1397 1957 1426 2008 6
1458 1958 1589 2020 Θεός
1622 1973 1680 2009 σε
1715 1958 1985 2012 ἐνέδυσεν.
2029 1960 2116 2023 Ὠς

535 2033 824 2104 ἀλλοτρίας
870 2036 1050 2089 τοίνυν
1103 2037 1308 2105 φείδου,
1361 2039 1435 2109 μὴ
1479 2039 1902 2112 καταχρώμενος
1953 2043 2112 2112 αὐτῇ,

539 2116 674 2187 μηδέ
711 2118 1104 2189 ἀποχρώμενος
1136 2119 1248 2192 [Si]
1275 2123 1354 2185 εἰς
1374 2123 1442 2175 τά
1473 2124 1546 2194 μὴ
1575 2126 1943 2194 προσήκοντα,
1979 2127 2113 2197 μηδέ

531 2197 878 2269 φυσώμενος,
910 2201 1043 2270 μηδὲ
1075 2203 1548 2274 σφετεριζόμενος,
1584 2205 1720 2268 ἀλλά
1751 2207 1956 2277 πένητα
1986 2225 2112 2261 σαυ-

530 2282 625 2334 τὸν
669 2278 808 2336 εἶναι
846 2284 1033 2355 νόμιζε
1075 2288 1167 2338 καί
1205 2287 1413 2352 ἄδοξον.
1459 2291 1532 2342 Ού
1578 2290 1707 2360 γάρ,
1740 2292 1788 2343 εί
1823 2291 2111 2362 πορφύραν

528 2363 818 2433 βασιλικὴν
851 2366 1224 2436 ἐνεχειρίσθης
1263 2369 1576 2436 φυλάττειν,
1621 2373 1725 2424 ἔδει
1759 2375 2110 2443 καταχρήσα-

527 2446 745 2516 σθαιτῇ
779 2445 938 2516 στολῇ
970 2449 1064 2500 καί
1107 2448 1474 2520 λυμήνασθαι,
1524 2453 1658 2507 ἀλλά
1700 2455 1837 2525 μετὰ
1865 2456 2108 2520 πλείονος

529 2527 700 2597 αὐτὴν
745 2528 846 2597 τῆς
891 2529 1175 2599 ἀκριϐείας
1220 2537 1406 2604 τηρεῖν
1468 2537 1546 2606 τῷ
1598 2537 1873 2592 δεδωκότι.
1934 2539 2106 2605 Λόγον

525 2610 747 2692 ἔλαϐες
798 2613 889 2682 Μὴ
944 2612 1120 2681 φυσῶ,
1156 2615 1287 2686 μηδέ
1340 2617 1700 2681 ἀλαζονεύου·
1729 2623 1790 2673 οὐ
1837 2622 1946 2692 γάρ
1990 2623 2106 2676 ἐστι

529 2691 619 2744 σὺν
645 2692 704 2744 τὸ
734 2693 997 2764 χάρισμα.
1024 2697 1115 2764 Μὴ
1136 2697 1408 2767 ἀγνώμων
1431 2702 1522 2753 ἔσο
1543 2702 1669 2772 περὶ
1695 2703 1762 2755 τά
1787 2691 2101 2771 δεσποτικὰ,

521 2773 662 2826 ἀλλά
690 2775 913 2845 διάνεμε
940 2782 1053 2840 τοῖς
1078 2779 1402 2844 συνδούλοις,
1431 2785 1526 2836 καὶ
1563 2786 1699 2855 μήτε
1723 2785 1796 2848 ώς
1827 2788 1916 2839 ἐπὶ
1953 2788 2102 2852 ἰδίοις

521 2856 752 2928 ἐπαίρου
798 2859 1027 2924 τούτοις,
1081 2865 1219 2932 μήτε
1261 2865 1443 2932 φείδου
1480 2866 1617 2920 ὥστε
1647 2868 1942 2937 διανέμειν.
1983 2871 2100 2923 Κᾶν

523 2939 719 3021 παῖδας
749 2941 900 3012 ἔχῃς,
939 2943 1034 2996 τοῦ
1066 2945 1198 2998 Θεοῦ
1231 2947 1410 3016 ἔχεις·
1450 2947 1515 3002 ἂν
1549 2949 1689 3002 οὕτω
1724 2950 1970 3021 νομίζῃς,
2008 2953 2101 3004 καὶ

521 3020 1125 3101 ἔχωνγεὺχαριστήσεις,
1163 3029 1256 3081 καὶ
1304 3029 1622 3100 ἀφαιρεθεὶς
1673 3031 1772 3082 ούκ
1809 3020 2096 3101 ἀλγήσεις·

519 3098 633 3166 οἷος
658 3100 725 3174 ἦν
761 3107 788 3158 6
829 3106 950 3158 Ἰὼϐ
981 3109 1174 3176 λέγων·
1215 3112 1278 3163 Ὃ
1308 3098 1518 3178 Κύριος
1546 3112 1786 3179 ἔδωκεν,
1825 3117 1855 3168 ό
1889 3098 2099 3183 Κῦριος

521 3187 823 3254 ἀφείλετο.
856 3191 1040 3245 Πάντα
1073 3192 1181 3262 γὰρ
1217 3195 1368 3264 παρά
1409 3195 1501 3247 τοῦ
1536 3197 1771 3266 Χριστοῦ
1816 3197 2010 3267 ἔχομεν
2038 3198 2092 3238 δ·

518 3270 614 3350 καὶ
661 3271 793 3323 αὐτὸ
825 3272 885 3324 τὸ
932 3269 1072 3327 εἷναι
1099 3275 1166 3327 δι’
1196 3277 1359 3329 αὑτοῦ
1392 3277 1610 3347 ἔχομεν,
1651 3279 1746 3332 καὶ
1774 3280 1833 3332 τὸ
1862 3281 1959 3350 ζῇν
2003 3283 2095 3335 καὶ

516 3349 578 3434 16
609 3351 887 3419 ἀναπνεῖν,
921 3356 1014 3410 καὶ
1044 3356 1103 3408 τὸ
1139 3358 1254 3425 φῶς
1285 3361 1378 3411 καὶ
1414 3361 1504 3412 τὸν
1532 3361 1667 3430 ἀέρα
1704 3365 1797 3414 καὶ
1826 3349 1922 3432 τὴν
1956 3367 2058 3434 γῆν
2078 3379 2091 3392 °

517 3432 620 3484 κᾶν
643 3435 944 3507 ἀποκλείσῃ
979 3455 1029 3490 τι
1061 3440 1289 3504 τούτων,
1320 3441 1648 3511 ἀπωλόμεθα
1678 3445 1770 3495 καί
1799 3432 2093 3516 διεφθάρη-

519 3532 649 3584 μεν·
701 3518 955 3587 πάροικοι
999 3521 1107 3590 γάρ
1160 3525 1325 3591 ἐσμεν
1357 3526 1451 3576 καὶ
1497 3526 1886 3596 παρεπίδημοι.
1936 3529 2008 3580 Τὸ
2037 3530 2092 3582 δὲ

515 3597 662 3678 ἐμὸν
694 3602 787 3651 καὶ
813 3601 873 3653 τὸ
904 3603 1020 3655 σὸν
1036 3603 1196 3655 τοῦτο
1225 3599 1447 3674 ῥήματά
1478 3610 1591 3660 ἐστι
1621 3608 1751 3677 ψιλά
1787 3612 1972 3678 μόνον·
2000 3614 2091 3664 ἐπὶ

514 3677 570 3763 δέ
595 3682 935 3750 πραγμάτων
961 3685 1056 3755 ούχ
1086 3685 1303 3757 ἕστηκε.
1331 3689 1439 3740 Kal
1462 3690 1569 3760 γὰρ
1593 3693 1638 3742 εἰ
1674 3691 1773 3762 τὴν
1790 3677 1970 3745 οἰκίαν
1994 3694 2090 3763 σὴν

515 3759 824 3850 εἷναι-φης,
861 3769 1013 3836 ῥῆμά
1052 3773 1168 3824 ἐστι
1197 3759 1783 3846 πράγματοςίέρημον.
1832 3779 1938 3830 Kal
1983 3759 2089 3850 γὰρ

515 3843 610 3895 καὶ
656 3845 683 3895 6
725 3845 829 3914 ἀὴρ
855 3851 953 3900 xal
996 3852 1068 3918 γῆ
1101 3854 1196 3903 καὶ
1231 3854 1329 3922 ῦλη
1358 3843 1463 3905 τοῦ
1501 3843 1866 3925 Δημιουργοῦ,
1896 3843 2002 3910 και
2024 3843 2086 3911 σῦ

510 3926 571 3979 δὲ
623 3925 783 3988 αὐτὸς
825 3929 860 3979 6
899 3933 1312 4003 κατασκευάσας
1361 3935 1551 4003 αὐτὴν,
1609 3938 1704 3988 καὶ
1750 3939 1816 3988 τὰ
1852 3939 1983 3990 ἄλλα
2030 3941 2086 3990 δὲ

512 4010 711 4063 πάντα.
767 4011 829 4063 Εἰ
860 4010 983 4081 δὲῆ
1016 4013 1211 4083 χρῆσις
1248 4015 1334 4086 σὴ,
1376 4015 1509 4069 ἀλλά
1557 4019 1648 4070 καὶ
1700 4020 1834 4089 αὐτὴ
1873 4019 2083 4090 ἄδηλος,

508 4095 573 4148 οὐ
599 4094 685 4147 διά
713 4095 805 4151 ⁴τὸν
829 4093 1054 4149 θάνατον
1087 4098 1266 4167 μόνον,
1296 4100 1430 4153 ἀλλά
1466 4104 1556 4154 καὶ
1587 4104 1693 4174 πρὸ
1727 4104 1820 4157 τοῦ
1855 4105 2084 4160 θανάτου

506 4176 600 4230 διὰ
632 4177 692 4231 τὸ
723 4177 830 4231 τῶν
883 4182 1226 4250 πραγμάτων
1264 4183 1599 4254 εύρίπιστον.
1637 4187 1802 4239 Ταῦτ’
1831 4184 1922 4241 οὖν
1957 4207 2083 4241 συν-

509 4259 651 4326 εχῶς
681 4263 809 4329 παρ’
847 4263 1058 4326 ἑαυτοῖς
1094 4266 1418 4333 γράφοντες,
1466 4269 1935 4339 φιλοσοφήσωμεν,
1991 4274 2084 4326 καὶ

505 4340 602 4424 δύο
651 4341 719 4424 τά
781 4345 1015 4411 μέγιστα
1061 4347 1463 4416 κερδανοῦμεν·
1522 4351 1832 4419 εύχάριστοί
1880 4372 1936 4406 τε
1973 4356 2082 4424 γάρ

509 4423 748 4491 ἐσόμεθα
799 4425 892 4476 καὶ
936 4425 1151 4494 ἔχοντες
1181 4429 1273 4479 καί
1321 4429 1738 4500 ἀφαιρούμενοι,
1773 4431 1865 4486 κάι
1910 4438 1969 4488 οὺ
2005 4423 2080 4506 μὴ

505 4506 882 4578 δουλεύσωμεν
919 4512 1032 4573 τοῖς
1067 4511 1472 4583 παρατρέχουσι
1499 4514 1594 4566 καὶ
1627 4519 1739 4578 τοῖς
1775 4518 1869 4586 οὐχ
1903 4520 2076 4587 ἡμῶν.

506 4591 625 4645 Κᾶν
649 4593 756 4661 γὰρ
783 4595 1040 4663 χρήματα
1065 4595 1226 4668 λάϐῃ,
1254 4598 1323 4650 τά
1350 4597 1515 4651 αὑτοῦ
1540 4598 1699 4653 ἔλαϐε
1720 4641 1733 4666 ,
1769 4600 1868 4654 κᾶν
1894 4604 2077 4673 τιμὴν,

505 4673 611 4725 κᾶν
641 4673 818 4737 δόξαν,
849 4675 953 4725 κάν
984 4675 1044 4727 τὸ
1072 4677 1250 4745 σῶμα,
1283 4679 1387 4732 κᾶν
1418 4681 1586 4752 αὐτὴν
1615 4683 1712 4754 τὴν
1741 4684 1916 4755 ψυχήν
1936 4702 1947 4714 ·
1980 4687 2080 4738 κᾶν
2113 4721 2117 4725 -

505 4755 594 4806 τὸν
627 4756 739 4807 υἰὸν
768 4757 860 4808 τὸν
883 4757 972 4808 σὸν
1010 4757 1170 4829 λάϐῃ,
1216 4761 1276 4812 ού
1307 4764 1398 4816 τὸν
1434 4766 1523 4819 σὺν
1553 4768 1743 4821 ἔλαϐεν
1775 4769 1906 4834 υἱὸν,
1944 4770 2080 4824 ἀλλά

504 4839 594 4889 τὸν
641 4837 825 4890 δοῦλον
860 4839 951 4892 τὸν
982 4841 1198 4895 ἑαυτοῦ.
1255 4845 1329 4896 Ού
1374 4848 1481 4919 γὰρ
1518 4852 1580 4903 σὺ
1617 4852 1775 4905 αὑτὸν
1813 4854 2075 4918 ἔπλασας,

501 4920 616 4973 ἀλλ’
657 4923 864 4986 ἐκεῖνος
898 4924 1154 4994 ἐποίησε·
1192 4927 1255 4979 σὺ
1301 4928 1355 4981 δέ
1411 4930 1766 5004 ὑπηρέτησας
1805 4939 1962 5006 μόνον
2008 4941 2073 5008 τῇ

501 5005 740 5092 παρόδω,
766 5007 826 5058 τὸ
845 5007 900 5059 δέ
922 5009 1027 5092 πάν
1052 5009 1214 5092 αύτὸς
1238 5012 1553 5082 εἰργάσατο.
1582 5005 2074 5092 Εὑχαριστήσωμεν

497 5086 678 5139 τοίνυν
712 5090 792 5140 ὅτι
832 5091 1250 5163 κατηξιώθημεν
1287 5095 1629 5166 ὑπηρετῆσαι
1659 5086 2069 5172 τῷνπράγματι.

511 5167 786 5256 ’Δλλάμτίς
827 5171 1050 5226 ἐϐούλου
1080 5176 1373 5240 διαπαντὸς
1405 5179 1586 5247 ἔχειν;
1622 5167 1791 5234 Τοῦτο
1813 5167 2074 5256 ἀγνώμο-

497 5264 586 5336 νος
626 5251 808 5336 πάλιν,
845 5256 936 5306 καὶ
969 5257 1068 5309 ούκ
1104 5258 1325 5323 εἰδότος,
1354 5261 1435 5313 ὅτι
1468 5261 1750 5332 ἀλλότριον
1776 5251 1940 5336 εἶχες,
1978 5251 2072 5323 καὶ

498 5333 597 5384 ούκ
627 5332 774 5386 ἴδιον.
803 5336 1014 5410 Ὥσπερ
1036 5336 1128 5392 οὖν
1151 5343 1197 5395 οἰ
1230 5344 1459 5412 ἑτοίμως
1479 5346 1839 5416 ἀφιστάμενοι
1866 5353 2068 5417 ἴσασιν,

495 5417 582 5467 ὅτι
613 5416 673 5469 οὐ
700 5418 766 5470 τὰ
797 5420 972 5472 αὐτῶν
1005 5423 1235 5493 ἔχουσιν,
1273 5425 1447 5490 οὕτως
1484 5430 1533 5480 οί
1563 5429 1852 5496 ἀλγοῦντες
1880 5436 1947 5488 τά
1974 5435 2070 5506 βα-

501 5499 684 5553 σιλικά
719 5503 1146 5570 σφετερίζονται.
1180 5509 1242 5561 Εἰ
1277 5510 1384 5579 γὰρ
1412 5513 1573 5582 ἡμεῖς
1612 5515 1711 5566 οὐκ
1741 5517 1905 5586 έσμέν
1937 5499 2069 5572 ἑαυ-

496 5591 624 5657 τῶν,
677 5593 793 5656 πῶς
842 5596 1039 5649 ἐκεῖνοι
1086 5599 1275 5669 ήμῶν;
1326 5604 1497 5674 Διπλῇ
1531 5606 1638 5678 γάρ
1666 5608 1833 5678 ἐσμεν
1875 5611 2064 5682 αὑτοῦ,

539 5837 585 5909 ’⁸
613 5821 1126 5918 lber-(11";rwpoﬁgio:
1182 5843 1209 5883 ι)
1255 5842 1325 5892 Ila
1361 5845 1506 5907 Reg,
1533 5849 1703 5912 probe.
1741 5852 1890 5918 Edili,
1915 5855 2065 5908 πά·.τα

499 5903 589 5959 γὰρ
614 5914 668 5945 τα
691 5903 771 5946 τοῦ
799 5903 1002 5963 Χριστοῦ
1030 5903 1215 5965 ἔχομεν,
1257 5903 1532 5967 perperam.

1251 355 1307 414 S.
1349 353 1638 437 JUANMS
1674 349 2176 412 CHRYSOSTOMI
2210 351 2542 410 ARCHEEP.
2582 353 3138 412 CONSTAINTINOP.

3745 367 3809 424 86

2243 473 2338 525 καὶ
2368 472 2445 542 τῷ
2483 473 2583 544 τῆς
2609 473 2840 537 κτίσεως
2870 475 2962 528 καὶ
3002 474 3081 542 τῷ
3111 474 3210 544 τῆς
3255 474 3492 536 πίστεως
3520 471 3684 542 λόγῳ.
3718 471 3811 526 Διά

2241 553 2400 608 τοῦτό
2429 572 2592 624 φησιν
2622 558 2650 608 6
2671 557 2853 608 Δαυΐδ·
2894 557 2956 609 Ἠ
2982 556 3321 622 ὑπόστασις
3341 574 3458 624 μου
3484 554 3642 623 παρὰ
3667 553 3766 607 σοί
3786 563 3807 591 ε

2242 636 2407 690 ἐστι·
2463 638 2558 691 καὶ
2603 640 2633 690 6
2670 638 2883 701 Παῦλος
2931 639 3008 704 δὲ,
3045 639 3126 691 ὅτι
3171 639 3273 691 Ἐν
3308 638 3468 703 αὐτῷ
3504 636 3690 706 ζῶμεν
3716 635 3809 690 καὶ

2241 722 2561 790 κινούμεθα
2609 721 2708 774 καί
2739 721 2948 789 ἐσμέν.
2997 722 3109 775 Kal
3137 721 3226 774 τὸν
3259 721 3390 791 περὶ
3432 722 3532 788 τῆς
3580 721 3811 783 πίστεως

2235 802 2527 871 γυμνάζων
2552 802 2711 870 λόγον
2739 803 2922 872 φησίν·
2962 806 3085 858 Οὐκ
3121 802 3262 858 ἐστὲ
3293 801 3548 867 ἑαυτῶν,
3590 803 3690 867 καὶ
3731 819 3810 856 τι-

2227 883 2350 953 μῆς
2377 885 2773 954 ἠγοράσθητε.
2816 886 2898 938 Τά
2942 888 3118 940 πάντα
3168 887 3276 956 γάρ
3308 886 3401 939 τοῦ
3449 885 3605 938 Θεοῦ.
3641 886 3809 938 Ὅταν

2227 962 2325 1019 οὖν
2352 969 2491 1039 καλῇ
2530 969 2624 1022 καὶ
2655 967 2915 1038 βούληται
2943 969 3148 1033 λαϐεῖν,
3189 972 3263 1039 μὴ
3293 968 3432 1022 κατὰ
3469 968 3594 1030 τοὺς
3631 966 3805 1036 ἀγνώ-

2234 1064 2399 1116 μονας
2428 1049 2536 1102 τῶν
2567 1049 2794 1103 οἰκετῶν
2837 1050 3150 1120 φύρωμενά
3185 1050 3276 1104 τὸν
3322 1051 3504 1119 λόγον,
3540 1049 3676 1118 μηδέ
3718 1065 3806 1100 νο-

2231 1129 2553 1199 σφιζώμεθα
2585 1131 2652 1185 τά
2701 1131 3018 1186 δεσποτικά.
3057 1133 3122 1185 Ἦ
3144 1131 3288 1202 ψυχή
3319 1150 3411 1185 σου
3439 1133 3538 1185 οὐκ
3575 1131 3690 1183 ἐστι
3716 1131 3804 1198 σὴ,

2229 1211 2324 1264 καὶ
2368 1213 2484 1274 πῶς
2524 1213 2594 1265 τά
2623 1214 2883 1283 χρήματά
2914 1217 3029 1267 ἐστι
3063 1214 3165 1278 σάς
3197 1213 3320 1276 Πῶς
3368 1208 3460 1267 οὖν
3494 1212 3804 1275 ἀναλίσκεις

2227 1293 2309 1355 εἰς
2356 1293 2506 1346 οὐδὲν
2547 1295 2664 1347 δέον
2711 1296 2778 1348 τά
2814 1296 2888 1367 μὴ
2931 1296 3037 1362 σά;
3072 1298 3170 1349 οὐκ
3208 1292 3355 1358 οἶδας
3407 1297 3489 1349 ὅτι
3524 1296 3613 1348 διά
3645 1295 3805 1348 τοῦτο

2229 1374 2496 1445 μέλλομεν
2554 1377 2927 1444 ἐγκαλεῖσθαι,
2977 1378 3161 1441 κακῶς
3212 1380 3397 1441 αὐτοῖς
3430 1377 3545 1449 [85]
3599 1378 3804 1449 χρησά-

2229 1473 2414 1526 μενοι;
2481 1458 2698 1529 Ἐπειδὴ
2761 1460 2818 1513 δέ
2874 1461 2974 1512 οὐκ
3015 1460 3162 1514 ἐστιν
3210 1461 3474 1530 ἡμέτερα,
3523 1459 3656 1512 ἀλλά
3703 1459 3799 1513 τοῦ

2223 1540 2515 1602 Δεσπότου,
2547 1542 2623 1605 εἰς
2659 1541 2784 1604 τοὺς
2804 1543 3125 1611 ὁμοδούλους
3152 1544 3314 1613 ἐχρῆν
3342 1543 3602 1613 δαπανᾷν.
3632 1543 3797 1596 Τοῦτο

2218 1621 2353 1688 ’γοῦν
2408 1622 2503 1675 καὶ
2545 1624 2573 1675 6
2629 1623 2881 1684 πλούσιος
2938 1625 3143 1687 ἐκεῖνος
3199 1625 3530 1688 ἐνεκαλεῖτο,
3582 1625 3664 1677 ὅτι
3720 1625 3795 1694 μὴ

2223 1704 2466 1772 ἐποίησε,
2509 1706 2604 1757 καί⁸
2626 1706 2674 1758 οἱ
2705 1706 2778 1776 μὴ
2811 1705 3108 1775 θρέψαντες
3130 1709 3220 1761 τὸν
3248 1709 3474 1778 Κύριον.
3503 1709 3593 1779 Μὴ
3617 1709 3796 1762 τοίνυν

2221 1785 2367 1854 λέγε,
2395 1789 2475 1840 ὅτι
2512 1789 2594 1840 Τά
2636 1788 2876 1857 ἐμαυτοῦ
2922 1789 3217 1853 ἀναλίσκω,
3249 1793 3345 1843 καὶ
3388 1793 3453 1844 ἐκ
3481 1792 3590 1844 τῶν
3624 1795 3795 1860 ἐμαυο

2219 1869 2311 1920 τοῦ
2342 1868 2552 1937 τρυφῶ.
2589 1870 2702 1922 Ούκ
2735 1870 2844 1922 ἀπὺ
2873 1870 2982 1922 τῶν
3005 1872 3259 1936 σεαυτοῦ,
3287 1871 3403 1925 ἀλλ’
3429 1875 3534 1926 ἀπὸ
3557 1874 3667 1927 τῶν
3699 1875 3794 1927 άλ-

2219 1949 2444 2017 λοτρίων
2469 1968 2480 1980 ’
2511 1952 2804 2022 ἀλλοτρίων
2829 1953 2884 2006 δὲ
2913 1954 3073 2022 λέγω,
3105 1955 3293 2025 ἐπειδὴ
3331 1956 3395 2008 σὺ
3430 1955 3606 2024 βούλει
3631 1974 3645 1987 ·
3669 1958 3792 2011 ἐπεὶ

2219 2025 2287 2084 ea
2312 2032 2561 2100 βούλεται
2585 2031 2720 2086 εἰναι
2749 2037 2778 2087 6
2807 2034 2936 2098 Θεὸς
2959 2037 3029 2090 τὰ
3050 2037 3190 2108 ὑπὲρ
3209 2037 3316 2093 τῶν
3351 2037 3592 2107 ἀδελφῶν
3613 2040 3791 2107 ἐγχει-

2217 2113 2470 2182 ρισθέντα
2527 2131 2630 2167 σοι.
2688 2114 2902 2169 Γίνεται
2945 2117 3000 2169 δὲ
3059 2118 3128 2171 σά
3179 2120 3247 2173 τὰ
3291 2120 3569 2190 ἀλλότρια,
3610 2120 3673 2173 ἂν
3710 2121 3790 2186 εἰς

2217 2196 2432 2265 ἐτέρους
2467 2195 2750 2268 άναλώσῃς
2776 2216 2789 2229 ·
2822 2199 2886 2252 ἂν
2913 2199 2970 2251 δέ
2999 2201 3078 2263 εἰς
3101 2201 3298 2254 σαυτὸν
3323 2203 3604 2273 ἀναλώσῃς
3633 2204 3788 2271 ἀφειο

2215 2278 2341 2342 δῶς,
2397 2279 2652 2350 ἀλλότρια
2697 2281 2890 2349 γέγονε
2939 2283 3006 2336 τά
3049 2284 3138 2337 σά.
3203 2285 3422 2355 Ἐπειδὴ
3461 2286 3570 2355 γάρ
3622 2286 3788 2355 ώμῶς

2216 2360 2402 2422 αὐτοῖς
2439 2361 2726 2432 κέχρησαι,
2776 2365 2869 2416 καὶ
2901 2364 3099 2432 λέγεις,
3153 2365 3235 2417 ὃτι
3267 2365 3348 2418 Τά
3392 2367 3499 2436 ἐμὰ
3528 2369 3607 2428 εἰς
3651 2370 3787 2436 ἐμὴν

2213 2443 2513 2497 ἀπόλαυσιν
2574 2445 2733 2512 μόνον
2795 2447 3137 2516 ἀναλωθῆναι
3191 2448 3420 2512 δίκαιον,
3479 2450 3566 2500 διὰ
3632 2451 3787 2501 τοῦτο

2210 2526 2466 2595 ἀλλότρια
2519 2527 2661 2578 αύτά
2712 2527 2879 2594 λέγω.
2937 2529 3104 2581 Κοινά
3160 2529 3269 2600 γάρ
3310 2532 3424 2583 ἐστι
3457 2535 3523 2584 σά
3561 2533 3655 2583 καί
3691 2533 3785 2584 τοῦ

2211 2607 2518 2671 συνδούλου,
2578 2607 2766 2679 ὥσπερ
2793 2610 2942 2678 ἥλιος
2990 2610 3168 2672 κοινὸς
3196 2613 3286 2664 καὶ
3317 2614 3422 2684 ἀὴρ
3453 2613 3544 2665 καὶ
3584 2613 3654 2680 γῆ
3693 2616 3786 2667 καὶ

2206 2689 2274 2742 τά
2304 2689 2440 2743 ἀλλα
2471 2690 2668 2744 πάντα.
2707 2692 2816 2745 Kal
2854 2692 3106 2762 καθάπερ
3141 2695 3232 2746 ἐπὶ
3265 2695 3359 2747 τοῦ
3391 2695 3661 2764 σώματος,
3692 2698 3786 2751 καί

2205 2772 2406 2834 παντός
2439 2773 2555 2824 ἐστι
2599 2772 2693 2825 τοῦ
2740 2773 2989 2842 σώματος
3033 2777 3128 2828 καὶ
3151 2776 3266 2839 ἑνὸς
3317 2779 3544 2830 ἑκάστου
3590 2779 3783 2848 μέλους

2206 2854 2543 2924 ήδιακονία·
2597 2855 2722 2907 ὃταν
2752 2855 2807 2907 δὲ
2845 2856 2964 2918 ἐνὸς
3005 2858 3164 2926 μόνου
3202 2858 3408 2924 γίνεται
3440 2860 3653 2928 μέλους,
3691 2862 3784 2913 καὶ

2203 2937 2300 3005 τὴν
2348 2936 2484 2988 ἰδίαν
2523 2937 2818 2990 ἀπόλλυσιν
2863 2940 3181 3010 ἐνέργειαν·
3210 2939 3352 2993 οῦτω
3401 2942 3493 2992 καί
3532 2942 3625 2992 ἐπὶ
3673 2942 3781 2996 τῶν

2203 3019 2501 3088 χρημάτων
2535 3020 2840 3090 συμϐαίνει.

2230 3105 2237 3117 ·’
2271 3100 2333 3152 δ’.
2355 3102 2464 3153 Kal
2488 3102 2577 3156 ἵνα
2598 3104 2928 3173 σαφέστερον
2957 3105 2983 3156 ὃ
3013 3105 3152 3173 λέγω
3171 3105 3412 3176 γένηται,
3431 3105 3463 3177 ἡ
3481 3107 3656 3178 τροφὴ
3681 3108 3776 3162 τοῦ

2203 3181 2453 3252 σώματος
2498 3186 2530 3254 ἡ
2573 3186 2726 3256 κοινὴ
2755 3187 3010 3258 δεδομένη
3045 3191 3158 3253 τοῖς
3202 3190 3439 3259 μέλεσιν,
3475 3190 3569 3243 ἐὰν
3607 3193 3689 3254 είς
3718 3191 3777 3244 ἓν

2199 3263 2327 3334 ἔλθῃ
2361 3265 2544 3334 μέλος,
2578 3268 2831 3321 κάκείνου
2855 3268 3039 3322 λοιπὸν
3068 3270 3322 3341 ἀλλοτρία
3345 3273 3572 3340 γίνεται.
3603 3275 3771 3327 Ὅταν

2197 3348 2304 3418 γάρ
2339 3349 2412 3419 μὴ
2440 3348 2650 3421 δυνηθῇ,
2674 3351 2942 3421 πεφθῆναι
2971 3354 3104 3424 μηδέ
3135 3353 3356 3425 θρέψαι,
3381 3355 3634 3426 ἀλλοτρία
3664 3359 3766 3409 κά·

2199 3432 2376 3483 κείνου
2405 3433 2646 3500 γέγονεν.
2690 3435 2786 3488 Ἂν
2817 3434 2873 3486 δέ
2916 3436 3068 3506 κοινὴ
3105 3437 3349 3506 γένηται,
3387 3441 3651 3492 κάκείνου
3682 3441 3776 3494 καὶ

2199 3515 2420 3569 πάντων
2451 3516 2598 3567 ἐστὶν
2634 3515 2758 3568 ἰδία.
2793 3516 2949 3570 Οὕτω
2978 3519 3070 3570 καὶ
3098 3520 3190 3571 ἐπὶ
3216 3519 3325 3572 τῶν
3355 3522 3677 3592 χρημάτων,
3709 3521 3776 3574 ἀν

2197 3597 2262 3648 σὺ
2304 3597 2463 3666 μόνος
2492 3598 2828 3668 ἀπολαύσῃς,
2867 3600 2962 3652 καὶ
2996 3601 3059 3653 σὺ
3106 3600 3412 3666 ἀπώλεσας.
3440 3604 3514 3656 Οὑ
3537 3603 3647 3673 γὰρ
3683 3605 3796 3665 αύε

2194 3678 2302 3730 τῶν
2353 3678 2624 3752 καρπώσῃ
2669 3679 2761 3732 τὸν
2812 3681 3024 3750 μισθὸν,
3065 3683 3131 3736 ἂν
3177 3683 3235 3737 δὲ
3285 3685 3422 3756 μετά
3463 3685 3570 3738 τῶν
3597 3686 3774 3739 ἀλλων

2195 3761 2392 3832 κτήσῃ,
2442 3762 2566 3814 τότε
2622 3762 2822 3828 μᾶλλον
2872 3764 3024 3818 ἔσται
3077 3767 3165 3830 σά,
3209 3768 3300 3820 καὶ
3339 3768 3462 3820 τότε
3506 3768 3771 3837 καρπώσῃ

2194 3845 2290 3911 τὴν
2314 3844 2602 3912 ώφέλειαν.
2637 3848 2748 3915 Οὐχ
2777 3849 2908 3916 ὁρᾷς
2929 3850 3009 3900 ὅτι
3037 3851 3217 3916 χεῖρες
3244 3849 3636 3910 διακονοῦνται,
3677 3852 3772 3902 καὶ

2196 3925 2367 3992 στόμα
2403 3926 2631 3988 λεαίνει,
2680 3928 2775 3983 καὶ
2813 3929 3028 3997 γαστὴρ
3066 3929 3313 3996 δέχεται;
3345 3931 3417 4000 μὴ
3444 3931 3591 3997 λέγει
3613 3933 3644 3999 ή
3669 3948 3765 3997 γα-

2195 4004 2348 4072 στὴρ,
2396 4003 2612 4074 Ἐπειδὴ
2657 4004 2947 4076 ἐδεξάμην,
2998 4009 3198 4077 ὀφείλω
3240 4011 3299 4062 τὸ
3330 4013 3437 4063 πᾶν
3482 4012 3762 4082 κατέχειν;

2191 4085 2282 4153 Μὴ
2325 4086 2534 4164 τοίνυν,
2559 4088 2695 4157 μηδέ
2733 4088 2827 4141 ἐπὶ
2857 4091 2964 4143 τῶν
2998 4092 3297 4163 χρημάτων
3326 4094 3483 4148 τοῦτο
3507 4097 3571 4148 σὺ
3597 4097 3722 4164 λέγε
3746 4112 3760 4126 ·

2189 4168 2282 4222 τοῦ
2307 4168 2414 4240 γάρ
2435 4170 2746 4241 δεχομένου,
2770 4171 2831 4225 τὸ
2861 4176 3223 4243 μεταδιδόναι.
3249 4177 3458 4249 Ὥσπερ
3487 4173 3579 4232 οῦν
3598 4179 3764 4233 κακία

2188 4252 2519 4324 γαστρὸς,τὸ
2542 4255 2792 4326 κατέχειν
2825 4256 2890 4310 τά
2925 4257 3208 4330 βρώματα,
3227 4262 3321 4314 καὶ
3356 4263 3430 4334 μὴ
3462 4262 3763 4333 διανέμειν·

2191 4336 2352 4388 παντὶ
2383 4337 2491 4406 γάρ
2517 4336 2594 4408 τῷ
2644 4338 2857 4409 σώματι
2884 4341 3241 4412 λυμαίνεται·
3279 4343 3422 4397 οῦτω
3460 4345 3627 4398 κακία
3655 4346 3764 4398 τῶν

2190 4417 2595 4480 πλουτούντων,
2625 4421 2685 4472 16
2717 4423 2968 4491 κατέχειν
3003 4426 3141 4498 ὅπερ
3168 4426 3353 4495 ἔχουσι
3377 4429 3506 4498 παρ’
3528 4429 3759 4490 ἑαυτοῖς·

2187 4497 2343 4549 τοῦτο
2368 4499 2477 4567 γὰρ
2504 4502 2595 4551 καὶ
2617 4502 2840 4564 ἑαυτοὺς
2864 4506 2955 4556 καὶ
2981 4509 3106 4567 τοὺς
3127 4495 3326 4571 ’ἀλλους
3353 4495 3667 4562 ἀπόλλυσιν.
3705 4511 3760 4562 ’0

2185 4579 2462 4649 ὀφθαλμός
2491 4581 2653 4634 πάλιν
2683 4582 2744 4634 16
2774 4585 2880 4635 πᾶν
2907 4585 3120 4655 δέχεται
3148 4588 3290 4656 φῶς·
3325 4590 3437 4642 ἀλλ’
3461 4593 3524 4644 οὺ
3549 4593 3708 4646 τοῦτο
3735 4603 3760 4633 ⁸

2185 4663 2347 4746 αὐτὸς
2364 4664 2582 4746 κατέχει
2608 4665 2788 4733 μόνος,
2809 4665 2922 4718 ἀλλ’
2942 4667 3137 4739 ὁλόκλη
3146 4687 3240 4739 ρον
3257 4673 3478 4738 φωτίζει
3498 4675 3560 4728 τὸ
3577 4676 3756 4746 σῶμα.

2185 4745 2316 4797 Οὐδὲ
2351 4745 2458 4816 γάρ
2509 4747 2620 4816 ἔχει
2668 4746 2826 4815 φύσιν
2870 4751 2998 4821 παρ’
3032 4752 3209 4821 ἐαυτῷ
3245 4753 3514 4822 κατέχειν,
3555 4745 3758 4819 ἓωςνᾶν

2181 4827 2458 4900 οφθαλμὸς
2601 4833 2665 4883 Αἱ
2699 4835 2844 4903 ρῖνες
2887 4835 3049 4888 πάλιν
3091 4834 3436 4889 αἰσθάνονται
3493 4837 3754 4901 εὐωδίας·

2181 4912 2296 4966 ἀλλ’
2316 4914 2374 4966 οὐ
2395 4915 2713 4984 κατέχουσιν
2740 4917 2907 4988 αὐτὴν
2931 4919 3109 4989 μόναι,
3132 4918 3246 4970 ἀλλ’
3271 4918 3557 4988 ἐγκεφάλῳ
3582 4938 3754 4991 παρα-

2181 4995 2480 5065 πέμπουσι,
2529 4999 2621 5051 κα¹ι
2663 4999 2936 5069 στόμαχον
2988 5003 3045 5052 ἐν
3099 5000 3298 5071 εὐωδία
3352 5001 3586 5067 τιθέασι,
3664 5005 3757 5058 καὶ

2185 5078 2479 5150 ὀλόκληρον
2519 5081 2584 5134 δι’
2624 5081 2801 5134 αὐτῶν
2836 5083 3180 5136 ἀνακτῶνται
3214 5083 3304 5136 τὸν
3338 5085 3641 5157 ἄνθρωπον.
3689 5087 3755 5142 Οἰ

2179 5163 2337 5224 πόδες
2381 5163 2532 5232 μόνοι
2568 5165 2875 5234 βαδίζουσιν
2897 5181 2909 5193 ’
2951 5164 3069 5216 ἀλλ’
3120 5166 3218 5235 οὐχ
3250 5167 3477 5231 ἑαυτοὺς
3511 5170 3751 5240 μεταφέ-

2181 5263 2330 5315 ρουσι
2363 5247 2545 5316 μόνον,
2597 5248 2733 5301 ἀλλά
2770 5248 2861 5300 καὶ
2895 5247 3014 5300 ὅλον
3062 5252 3413 5317 μετατιθέασι
3466 5253 3527 5306 τὸ
3566 5253 3746 5323 σῶμα.

2175 5336 2330 5391 Οὕτω
2367 5339 2458 5391 καὶ
2506 5340 2592 5404 σὺ,
2625 5341 2763 5409 ὅπερ
2795 5338 2860 5391 ἂν
2900 5341 3268 5414 ὲγχειρισθῇς,
3319 5345 3393 5415 μὴ
3427 5345 3622 5414 κάτεχε
3657 5344 3751 5414 μό-

2173 5437 2283 5487 νος,
2315 5421 2435 5474 ἐπεὶ
2489 5422 2565 5492 τῷ
2620 5423 2782 5474 παντί
2839 5421 3095 5494 λυμαίνῃ,
3141 5427 3236 5478 καὶ
3280 5425 3462 5495 σαυτῷ
3496 5428 3601 5497 πρὸ
3639 5428 3748 5481 τῶν

2172 5503 2369 5560 ἀλλων.
2409 5505 2523 5557 Οὐκ
2564 5507 2657 5557 ἐπὶ
2709 5504 2816 5557 τῶν
2875 5506 3050 5576 μελῶν
3103 5509 3159 5562 δέ
3201 5509 3364 5578 μόνον
3415 5509 3513 5563 ίδοι
3559 5527 3644 5574 τις
3679 5511 3748 5564 ἂν

2171 5585 2330 5640 τοῦτο
2351 5587 2653 5656 γινόμενον.
2696 5589 2808 5641 Kal
2840 5589 2948 5660 γάρ
2976 5593 3004 5643 ό
3045 5593 3425 5665 σιδηροκόπος,
3465 5595 3513 5647 εἰ
3549 5593 3747 5664 βουλη-

2238 5802 2436 5868 Ῡῐῖσεη
2480 5803 2607 5868 παρ-ἀ
2648 5803 2770 5865 σοῦ,
2810 5821 2921 5868 qum
2971 5809 3120 5858 lectio
3162 5810 3460 5861 sementium
3504 5819 3736 5866 mutaret.

2166 5859 2479 5971 :oﬁogebhmr
2524 5859 2767 5929 φύγωμενξ
2827 5859 2841 5868 ’
2867 5872 2890 5900 θ
2919 5870 2990 5920 lta
3050 5871 3173 5937 Reg.
3217 5859 3741 5937 Εόνὶιὶνινετοξήούνδιά
