3986 6206
209 342 275 394 85
1277 341 1343 398 IN
1381 340 1646 398 EPISTJ
1707 339 1800 395 AD
1842 339 1994 398 COB.
2040 344 2270 401 HOMIL.
2314 347 2378 400 Χ.
3406 360 3472 412 36

201 458 285 505 sed
339 455 506 522 gratia
563 452 657 508 Dei
706 471 896 508 mecum
950 457 1046 526 (1.
1087 456 1204 510 Cor.
1249 458 1337 512 15.
1385 458 1511 526 10).
1555 455 1622 510 Ει
1659 454 1785 508 alibi

200 547 422 599 eosdem
481 547 761 616 alloquens
816 548 1025 602 dicebat
1056 566 1069 602 :
1103 550 1240 614 Quid
1297 551 1429 602 enim
1467 550 1615 602 hebes
1654 547 1788 617 quod

202 656 298 691 non
327 640 568 708 accepisti
594 642 683 710 (1.
715 641 833 694 Cor.
862 642 917 698 4.
951 641 1058 710 7)?
1086 641 1226 696 Nihil
1254 643 1395 694 enim
1429 641 1591 694 babes
1619 649 1788 707 tuum,

203 747 308 786 non
364 733 656 800 pecunias,
705 748 812 786 non
859 734 1120 798 verbum,
1170 749 1274 787 non
1305 734 1471 802 ipsam
1514 733 1786 786 animam:

203 839 322 877 nam
350 833 408 878 et
436 825 551 893 ipsa
583 824 790 878 Domini
817 835 917 878 est.

275 915 332 969 5.
377 913 514 968 Cum
558 915 715 984 igitur
745 930 879 983 opus
924 915 1103 979 fuerit,
1147 915 1283 969 hanc
1322 931 1532 984 quoque
1560 916 1790 983 depone.

206 1005 362 1072 Quod
395 1008 438 1060 si
475 1008 638 1060 vitam
683 1022 854 1067 amas.
880 1017 932 1062 et
957 1007 1005 1061 si
1049 1007 1318 1076 deponere
1353 1009 1555 1075 jussus,
1583 1016 1793 1061 contra-

208 1101 360 1163 dicis,
391 1102 506 1169 jam
547 1115 654 1156 non
707 1100 881 1155 fidelis
927 1101 1268 1170 dispensator
1311 1115 1388 1154 es.
1421 1101 1482 1153 Et
1526 1099 1795 1168 quomodo

208 1192 332 1247 licet
385 1193 498 1246 Deo
539 1203 767 1247 vocante
814 1192 1101 1247 resistere?
1130 1191 1260 1246 Nam
1289 1207 1388 1260 ego
1431 1206 1642 1260 quoque
1694 1190 1795 1244 hoc

208 1285 354 1349 dico,
389 1294 441 1339 et
494 1294 713 1354 propter
739 1285 842 1339 hoc
886 1286 1058 1353 ipsum
1087 1283 1324 1337 admiror
1365 1281 1454 1336 Dei
1503 1281 1798 1350 benignita-

212 1385 318 1430 tem
343 1394 356 1428 :
394 1391 515 1444 qum
543 1378 683 1431 enim
713 1383 888 1445 potest
916 1375 1021 1438 ille,
1050 1374 1206 1428 etiam
1241 1383 1290 1426 te
1321 1373 1488 1426 invito
1516 1388 1546 1426 a
1578 1383 1627 1426 te
1659 1373 1796 1427 acci-

211 1483 360 1536 pere,
389 1483 452 1522 ea
484 1482 590 1521 non
612 1467 722 1520 vult
761 1477 814 1520 te
839 1466 1004 1519 invito
1048 1463 1252 1525 inferri,
1282 1472 1338 1517 ut
1364 1463 1667 1517 mercedem
1697 1463 1794 1515 ha-

214 1559 365 1612 beas.
418 1558 663 1625 Exempli
692 1571 870 1621 causa,
901 1563 1076 1624 potest
1106 1555 1338 1608 animam
1392 1562 1441 1607 te
1466 1554 1632 1607 invito
1658 1554 1798 1607 acci-

213 1665 360 1719 pere,
377 1650 470 1702 sed
496 1649 611 1702 vult
632 1657 686 1703 te
710 1649 941 1707 volente.
963 1657 1016 1702 ut
1040 1663 1160 1702 eum
1181 1647 1346 1701 Paulo
1364 1647 1538 1700 dicas:
1562 1647 1799 1713 Quotidie

213 1743 402 1793 morior
434 1741 512 1808 (1.
557 1740 678 1793 Cor.
714 1739 801 1793 15.
844 1739 957 1807 51).
1002 1738 1184 1792 Potest
1213 1737 1439 1806 gloriam
1490 1748 1629 1790 tuam
1662 1737 1800 1790 acci-

213 1847 337 1900 pere
367 1841 418 1885 te
451 1830 639 1896 invito,
673 1839 832 1899 teque
867 1829 1123 1883 humilem
1166 1827 1428 1892 reddere;
1471 1828 1565 1888 sed
1611 1828 1720 1881 vult
1748 1838 1799 1881 te

214 1937 426 1992 quoque
460 1923 696 1987 volente,
728 1930 786 1974 ut
834 1920 1319 1977 remunerationem
1369 1918 1584 1973 habeas.
1620 1919 1803 1972 Potest

217 2024 264 2066 te
312 2016 478 2067 etiam
533 2014 759 2066 invitum
811 2025 1097 2080 pauperem
1150 2010 1411 2074 reddere,
1453 2009 1547 2063 sed
1596 2019 1646 2063 te
1694 2025 1803 2063 vo-

219 2107 416 2159 lentem
464 2104 613 2172 cupit
666 2102 823 2156 talem
881 2101 1032 2165 fieri,
1083 2111 1143 2154 ut
1191 2101 1282 2152 tibi
1324 2114 1552 2153 coronas
1606 2109 1799 2153 nectat.

219 2197 476 2250 \‘idistin'
538 2195 633 2250 Dei
705 2193 1146 2264 benignitatem?
1207 2191 1452 2247 vidistin‘
1503 2192 1803 2247 socordiam

221 2297 458 2341 nostram
482 2287 506 2338 ?

288 2380 484 2433 Festus
511 2379 829 2432 sacerdotum
871 2378 1182 2447 reprimitur.
1208 2405 1278 2419 -——
1301 2377 1380 2431 Ad
1408 2391 1652 2447 magnam
1687 2390 1804 2445 per-

221 2473 413 2526 venisti
467 2471 817 2539 dignitatem,
866 2480 920 2524 et
973 2469 1326 2538 principatum
1377 2481 1696 2537 assequutus
1747 2480 1805 2520 es

219 2563 692 2618 ecclesiasticum?
743 2559 820 2614 Ne
866 2562 1031 2613 altum
1074 2561 1292 2629 sapias:
1326 2574 1432 2613 non
1482 2569 1536 2613 tu
1582 2559 1806 2628 gloriam

221 2656 522 2719 obtinuisti,
550 2653 644 2706 sed
678 2653 765 2704 illa
801 2661 850 2705 te
874 2651 1013 2705 Deus
1035 2653 1225 2705 induit.
1261 2651 1352 2705 Illa
1376 2652 1535 2720 igitur
1563 2661 1614 2704 ut
1636 2651 1807 2705 aliena

223 2755 374 2799 utere
401 2760 416 2798 :
452 2757 522 2796 ne
553 2742 698 2795 illam
739 2742 806 2795 ad
828 2756 911 2807 ea,
936 2757 1055 2810 quae
1085 2756 1190 2796 non
1221 2741 1400 2808 decet,
1432 2741 1707 2806 adhibeas,
1741 2756 1810 2795 ne

225 2838 450 2902 infleris,
482 2853 549 2891 ne
577 2837 670 2890 tibi
702 2835 960 2902 vindices,
992 2836 1085 2890 sed
1113 2850 1403 2905 pauperem
1429 2843 1483 2889 et
1525 2833 1807 2904 inglorium

227 2941 278 2985 te
299 2947 423 2986 esse
447 2940 653 3000 putato.
675 2929 860 2998 Neque
885 2928 1050 2994 enim,
1083 2929 1125 2982 si
1151 2943 1384 2998 purpura
1409 2928 1551 2997 regia
1576 2927 1670 2980 tibi
1697 2940 1812 2980 ser-

226 3024 399 3076 vanda
441 3024 636 3076 tradita
681 3030 845 3086 esset,
877 3029 1152 3092 oporteret
1188 3021 1334 3075 abuti
1367 3030 1512 3077 veste
1560 3021 1812 3089 illamque

225 3115 570 3175 labefactare,
601 3113 695 3167 sed
722 3129 843 3168 cum
876 3114 1064 3182 majori
1093 3115 1434 3167 accuratione
1464 3113 1634 3181 ipsam
1664 3110 1812 3166 danti

225 3220 464 3260 servare.
501 3204 657 3258 Verbi
688 3203 996 3258 facultatem
1028 3204 1327 3273 accepisti?
1359 3203 1433 3258 Ne
1461 3204 1684 3268 inﬂeris,
1716 3217 1813 3256 nc-

227 3313 328 3366 que
359 3307 678 3365 arroganter
722 3311 887 3365 agas:
928 3311 1103 3364 neque
1133 3297 1276 3350 enim
1308 3304 1454 3349 tuum
1496 3305 1577 3348 est
1617 3309 1813 3346 munus

226 3398 277 3441 et
308 3390 534 3442 donum.
587 3386 664 3441 Ne
707 3389 945 3456 ingratus
973 3397 1088 3440 esto
1116 3387 1255 3440 circa
1298 3400 1360 3439 ea
1391 3400 1510 3454 qua:
1553 3393 1679 3437 sunt
1711 3385 1814 3437 Do-

227 3481 379 3542 mini,
409 3478 504 3532 sed
537 3492 601 3532 ea
626 3477 903 3532 conservis
943 3476 1240 3540 distribue;
1288 3489 1461 3544 neque
1506 3474 1646 3538 ideo,
1678 3488 1739 3527 ac
1768 3474 1814 3528 si

227 3583 313 3625 tua
343 3580 556 3636 essent,
584 3569 878 3632 extollaris,
911 3582 1085 3636 neque
1130 3581 1322 3637 parcus
1363 3567 1437 3620 sis
1468 3567 1518 3619 in
1571 3565 1674 3618 illis
1706 3565 1814 3620 dis-

226 3659 552 3714 tribuendis.
606 3659 672 3712 Et
717 3659 762 3712 si
808 3660 947 3712 filios
999 3658 1184 3718 habes.
1221 3657 1311 3710 Dei
1348 3657 1485 3710 ﬁlios
1535 3656 1735 3710 habes:
1771 3656 1814 3709 si

231 3749 302 3803 ita
330 3749 633 3812 existimes,
661 3747 860 3817 gratias
889 3762 1014 3817 ages
1062 3747 1106 3800 si
1137 3747 1352 3812 habeas,
1383 3749 1552 3816 iisque
1595 3746 1816 3800 sublatis

231 3855 336 3894 non
380 3839 613 3892 dolebis.
643 3838 790 3893 Talis
818 3847 934 3892 erat
961 3837 1061 3893 Job
1088 3838 1272 3892 dicens
1317 3855 1329 3889 :
1380 3836 1630 3891 Dominus
1655 3839 1812 3903 dedit,

233 3931 488 3985 Dominus
519 3931 726 3984 abstulit
748 3930 890 4002 (Job.
927 3931 977 3983 l.
1006 3928 1123 3998 21).
1154 3927 1343 3983 Omnia
1371 3929 1513 3983 enim
1539 3944 1567 3981 a
1601 3928 1816 3983 Christo

231 4022 526 4086 habemus;
561 4023 829 4089 etiamque
855 4021 997 4090 quod
1024 4020 1192 4075 simus
1219 4020 1286 4074 ab
1326 4021 1419 4074 illo
1459 4020 1734 4087 habemus,
1763 4029 1818 4074 et

231 4115 390 4166 vitam
422 4122 478 4166 et
505 4112 917 4180 respirationem
944 4120 1000 4165 et
1021 4111 1191 4166 lucem
1214 4119 1268 4165 et
1297 4125 1476 4165 aerem
1505 4121 1558 4165 et
1585 4122 1814 4176 terram;

233 4215 284 4259 et
308 4206 351 4258 si
379 4203 509 4273 quid
554 4217 620 4257 ex
655 4203 759 4256 illis
787 4202 1091 4266 abstulerit,
1121 4201 1378 4269 periimus
1401 4211 1453 4254 et
1483 4202 1810 4256 interiimus:

233 4296 455 4350 advena:
481 4295 624 4347 enim
655 4309 842 4348 sumus
869 4301 924 4348 et
962 4293 1263 4362 peregrini.
1295 4292 1426 4346 illud
1461 4295 1621 4357 enim,
1653 4309 1816 4345 meum

234 4397 284 4441 et
326 4396 492 4447 tuum,
525 4385 686 4438 verba
722 4394 924 4439 tantum
958 4393 1079 4439 sunt
1107 4385 1224 4438 sine
1251 4399 1329 4438 re.
1362 4384 1492 4436 Nam
1524 4385 1564 4436 si
1598 4384 1817 4438 domum

235 4492 348 4531 esse
378 4487 526 4530 tuam
572 4475 738 4541 dicas,
775 4476 1001 4555 verbum
1032 4484 1114 4531 est
1141 4491 1200 4530 re
1239 4490 1483 4531 vacuum.
1517 4476 1725 4529 Etenim
1766 4485 1819 4529 et

236 4586 320 4625 aer
344 4579 398 4624 et
425 4579 570 4623 terra
601 4579 654 4624 et
684 4569 908 4624 materia
925 4568 1230 4622 Conditoris
1261 4580 1402 4633 sunt,
1431 4579 1488 4622 ut
1514 4578 1566 4622 et
1593 4577 1645 4621 tu
1678 4569 1812 4636 ipse,

235 4663 317 4728 qui
347 4662 496 4714 illam
528 4661 794 4724 struxisti,
819 4661 1027 4729 aliaque
1056 4661 1256 4714 omnia.
1291 4662 1346 4714 Si
1374 4672 1550 4714 autem
1587 4678 1711 4716 usus
1737 4672 1818 4716 est

236 4761 370 4814 tuus,
403 4753 494 4806 ille
521 4767 736 4822 quoque
769 4753 1001 4806 incertus
1027 4761 1130 4815 est,
1156 4768 1260 4806 non
1306 4754 1375 4806 ob
1424 4767 1646 4806 mortem
1694 4763 1814 4806 tan-

241 4851 375 4907 tum,
406 4843 502 4896 sed
537 4845 698 4896 etiam
747 4854 870 4895 ante
920 4853 1145 4895 mortem
1176 4844 1246 4895 ob
1277 4859 1452 4896 rerum
1497 4843 1815 4897 instabilita-

238 4942 358 4985 tem.
394 4932 524 4987 llaac
553 4950 682 5003 ergo
723 4934 863 5002 apud
897 4949 993 4988 nos
1034 4934 1246 4988 assidue
1276 4936 1657 5001 dt‘SCl‘leltlcs,
1692 4937 1812 5005 phi-

239 5023 582 5090 losOpltemur
624 5034 680 5078 et
723 5025 832 5078 duo
858 5042 974 5095 quae
1015 5034 1138 5078 sunt
1188 5027 1415 5079 maxima
1470 5027 1811 5081 lucrabimur.

235 5115 355 5169 Nam
385 5122 442 5169 et
470 5116 611 5182 grati
637 5118 838 5171 erimus
864 5128 919 5171 et
947 5119 1072 5171 dum
1101 5127 1340 5170 tenemus
1369 5127 1422 5170 et
1448 5119 1575 5172 dum
1602 5137 1628 5172 a
1663 5121 1815 5174 nobis

235 5207 565 5272 auferuntur,
615 5223 790 5276 neque
837 5213 1132 5264 serviemus
1184 5211 1246 5264 iis
1287 5226 1405 5279 qua:
1449 5213 1814 5279 praeterﬂuunt

237 5315 328 5354 nec
349 5306 537 5352 nostra
569 5308 714 5350 sunt.
751 5298 882 5353 Nam
925 5303 966 5354 si
997 5303 1249 5372 pecunias
1277 5304 1564 5372 acceperit,
1599 5320 1692 5358 sua
1723 5322 1814 5359 ac-

237 5391 404 5459 cepit;
466 5389 512 5443 si
563 5385 846 5451 honorem,
891 5391 934 5443 si
986 5393 1234 5459 gloriam,
1267 5393 1309 5446 si
1333 5408 1545 5463 corpus,
1571 5397 1614 5448 si
1648 5397 1812 5466 ipsum

238 5483 501 5546 animam;
551 5481 595 5534 si
620 5478 787 5533 tilium
822 5489 967 5534 tuum
997 5485 1283 5553 acceperit,
1313 5501 1414 5540 non
1446 5487 1608 5540 lilium
1643 5498 1810 5556 tuum,

243 5573 327 5626 sed
359 5589 578 5627 servum
609 5587 763 5626 suum
805 5573 1032 5640 accepit.
1060 5574 1175 5628 Non
1205 5579 1345 5631 enim
1389 5589 1440 5632 tu
1492 5579 1660 5647 ipsum
1703 5580 1809 5633 for-

234 5665 404 5730 masti,
431 5665 525 5720 sed
559 5665 648 5718 ille
679 5663 801 5718 fecit
827 5681 840 5716 :
881 5671 932 5715 tu
958 5674 1135 5718 autem
1159 5667 1272 5735 ejus
1304 5671 1547 5724 adventui
1580 5670 1810 5724 admini-

232 5767 338 5812 ater
363 5766 570 5814 tantum
619 5755 785 5819 fuisti,
818 5766 982 5809 totum
1031 5765 1208 5811 autem
1263 5762 1350 5819 ille
1399 5762 1542 5821 fecit.
1593 5762 1803 5820 Gratias

566 5864 828 5923 l‘aruoc.
871 5862 986 5922 Gn.
1039 5861 1193 5925 LXI.

1903 457 2060 525 igitur
2106 465 2513 532 agamus,un
2543 466 2720 534 operis
2766 465 3067 522 administri
3119 469 3231 525 fieri
3279 469 3474 542 dignati

1896 552 2081 604 simus.
2113 553 2215 607 Sed
2245 554 2415 622 quid?
2465 570 2661 610 eumne
2687 567 2945 626 perpetuo
2982 558 3182 618 habere
3221 562 3479 617 Voluisti?

1899 643 2010 697 Hoc
2059 645 2248 714 ingrati
2279 657 2361 700 est
2389 656 2446 700 et
2477 647 2774 716 ignorantis
2829 658 2880 702 te
2927 650 3159 705 alienum
3203 651 3477 718 habuisse,

1897 751 1999 787 non
2033 736 2122 788 tibi
2155 738 2448 806 proprium.
2479 739 2939 804 Quemadmodum
2972 741 3030 806 ii,
3067 743 3156 810 qui
3198 745 3368 810 parati
3394 760 3481 799 se-

1896 826 2111 891 cedunt,
2145 828 2322 882 sciunt
2372 843 2430 882 se
2477 833 2584 883 non
2633 846 2729 884 sua
2777 832 2974 886 habere
3005 849 3018 886 :
3052 834 3128 887 sic
3157 834 3246 903 qui
3276 834 3481 901 dolent,

1896 918 2040 988 regia
2087 919 2186 972 sibi
2235 931 2511 988 usurpant.
2561 921 2694 976 Nam
2725 923 2770 976 si
2801 938 2897 976 nos
2925 939 3030 977 non
3073 941 3257 980 sumus
3286 929 3477 988 nostri,

1896 1008 2166 1077 quomodo
2191 1010 2263 1062 illi
2295 1013 2463 1064 nostri
2491 1013 2656 1066 sunt?
2694 1013 2904 1082 Duplici
2932 1017 3074 1068 enim
3107 1017 3314 1071 ratione
3343 1017 3486 1072 illius

1898 1114 2102 1164 sumus,
2135 1109 2187 1155 et
2217 1102 2508 1157 secundum
2539 1105 2866 1160 creationem
2892 1116 2948 1160 et
2975 1108 3270 1162 secundum
3300 1109 3482 1163 ﬁdem.

1901 1190 2129 1259 Ideoque
2188 1193 2350 1246 David
2398 1194 2527 1248 dicit
2579 1213 2592 1248 :
2649 1195 2948 1250 Substanlia
2993 1215 3102 1251 mea
3151 1202 3290 1269 apud
3338 1211 3384 1255 te
3413 1213 3488 1255 est

1905 1282 2072 1348 (Psat.
2101 1283 2191 1336 58.
2217 1281 2304 1354 8);
2355 1293 2408 1337 et
2441 1284 2672 1339 Paulus:
2708 1286 2774 1340 In
2812 1289 2922 1357 ipso
2956 1289 3184 1353 vivimus,
3209 1307 3484 1358 movemur,

1902 1384 1946 1425 et
1976 1391 2150 1428 sumus
2194 1377 2330 1442 (Act.
2371 1378 2608 1452 17.28).
2663 1379 2729 1432 Et
2767 1379 2833 1434 de
2874 1381 3009 1436 Fide
3061 1392 3294 1438 tractans
3321 1385 3486 1440 dicit:

1905 1465 2024 1520 Non
2064 1470 2180 1522 estis
2210 1471 2381 1536 vestri,
2433 1459 2479 1524 et
2511 1473 2669 1540 pretio
2713 1475 2867 1542 empti
2897 1475 3013 1527 estis
3060 1475 3078 1541 (
3091 1477 3136 1529 1.
3167 1477 3281 1529 Cor.
3314 1477 3366 1531 6.
3396 1480 3487 1532 19.

1900 1555 2014 1626 20).
2042 1557 2226 1611 Omnia
2254 1560 2455 1628 quippe
2498 1560 2591 1615 Dei
2638 1572 2783 1616 sunt.
2813 1562 2946 1616 Cum
2979 1579 3106 1633 ergo
3138 1568 3405 1620 vocaverit
3435 1579 3490 1620 et

1911 1650 2158 1716 accipere
2187 1648 2444 1711 voluerit,
2489 1663 2556 1701 ne
2591 1657 2864 1715 tamquam
2904 1647 3102 1716 ingrati
3144 1650 3283 1703 servi
3321 1651 3486 1704 ratio-

1911 1755 2007 1793 nes
2037 1736 2444 1798 conturbemus,
2477 1750 2651 1802 neque
2678 1749 2739 1788 ea
2770 1751 2891 1803 qua:
2920 1735 3129 1789 Domini
3157 1747 3288 1794 sunt
3315 1757 3480 1796 usur-

1902 1846 2110 1900 petnus.
2143 1832 2331 1884 Anima
2363 1841 2451 1885 tua
2481 1847 2587 1886 non
2618 1842 2701 1886 est
2732 1841 2841 1898 tua,
2865 1842 2919 1888 et
2942 1836 3214 1903 quomodo
3245 1837 3487 1904 pecunia:

1907 1935 2010 1978 tunc
2042 1925 2242 1977 erunt?
2273 1925 2382 1978 Cur
2403 1940 2533 1994 ergo
2552 1939 2762 1994 ea,quaa
2784 1935 2872 1978 tua
2906 1941 3010 1980 non
3035 1937 3180 1993 sunt,
3208 1928 3260 1979 in
3285 1929 3350 1981 iis
3370 1944 3492 1996 quae

1907 2033 2013 2071 non
2042 2025 2318 2085 oporteret
2347 2015 2654 2085 impendis?
2687 2017 2861 2071 nescis
2891 2031 2986 2069 nos
3019 2018 3137 2071 ideo
3162 2021 3493 2072 accusandus

1907 2107 2040 2170 fore,
2066 2108 2207 2177 quod
2239 2107 2345 2160 illis
2385 2108 2526 2160 male
2553 2108 2632 2160 usi
2664 2108 2873 2162 simus?
2919 2108 3052 2175 Quia
3082 2125 3210 2179 ergo
3237 2124 3342 2163 n0u
3371 2120 3498 2164 sunt

1909 2208 2127 2262 nostrae,
2160 2197 2253 2252 sed
2281 2198 2513 2263 Domini,
2535 2199 2779 2266 oportuit
2808 2199 2927 2252 illas
2959 2201 3233 2252 conservis
3258 2181 3494 2269 elargiri.

1906 2290 2030 2344 ideo
2051 2299 2198 2346 certe
2227 2292 2378 2346 dives
2427 2292 2520 2345 ille
2551 2292 2922 2356 accusabatur,
2952 2291 3095 2360 quod
3138 2290 3241 2346 hoc
3281 2308 3385 2346 non
3419 2293 3496 2347 fe-

1905 2383 2102 2446 cisset;
2133 2382 2211 2435 sic
2249 2390 2306 2436 ct
2333 2382 2424 2452 qui
2454 2382 2738 2436 Dominum
2770 2397 2875 2435 non
2909 2381 3176 2435 aluerunt.
3215 2382 3291 2435 Ne
3317 2384 3495 2452 itaque

1907 2473 2073 2538 dicas,
2102 2473 2212 2527 Mea
2242 2472 2512 2541 impendo,
2540 2475 2674 2527 meis
2719 2472 2886 2526 fruor.
2935 2472 3049 2526 Non
3071 2472 3174 2526 tuis
3210 2483 3373 2536 certe,
3399 2475 3495 2527 scd

1909 2565 2132 2620 alienis:
2159 2564 2350 2618 alienis
2375 2574 2556 2618 autem
2583 2563 2724 2628 dico,
2753 2567 2875 2632 quia
2907 2573 2961 2618 tu
2994 2566 3094 2626 vis,
3116 2566 3239 2635 quia
3270 2576 3356 2619 tua
3385 2566 3497 2620 vult

1911 2671 2029 2711 esse
2059 2656 2217 2722 Deus,
2242 2671 2361 2726 quas
2392 2655 2485 2710 tibi
2518 2670 2614 2723 pro
2642 2654 2896 2709 fratribus
2919 2655 3111 2708 tradita
3141 2666 3285 2709 sunt.
3309 2656 3495 2710 Aliena

1909 2757 2088 2802 autem
2129 2748 2218 2802 illa
2263 2757 2389 2802 tunc
2434 2756 2522 2801 tua
2552 2746 2707 2823 ﬁunt,
2739 2761 2862 2799 cum
2902 2745 3020 2800 aliis
3049 2745 3362 2811 distribuis;
3413 2749 3494 2800 sin

1910 2847 2090 2892 autem
2115 2839 2165 2891 in
2206 2847 2259 2892 te
2290 2839 2462 2908 ipsum
2495 2839 2714 2907 largiter
2743 2837 3117 2906 iusumpseris,
3145 2847 3270 2892 tunc
3296 2846 3381 2892 tua
3408 2839 3495 2892 illa

1911 2930 2084 2982 aliena
2131 2929 2282 2982 tiunt.
2322 2928 2454 2994 Quia
2500 2928 2643 2983 enim
2691 2928 3054 2981 inhumaniter
3096 2928 3202 2982 illis
3247 2943 3374 2982 usus
3414 2945 3495 2994 es,

1913 3020 2177 3090 dicisque,
2209 3020 2444 3088 Aiquum
2470 3029 2556 3074 est
2581 3029 2639 3074 ut
2668 3033 2784 3072 mea
2812 3009 2874 3072 in
2916 3033 3091 3072 meum
3126 3035 3276 3072 usum
3309 3029 3361 3072 et
3389 3020 3500 3073 fru-

1915 3123 2057 3168 ctum
2103 3113 2515 3182 impen‘dantur;
2547 3112 2669 3166 ideo
2699 3112 2874 3166 aliena
2907 3112 2994 3165 illa
3017 3112 3157 3165 dico.
3183 3112 3496 3164 Communia

1916 3206 2056 3260 enim
2089 3215 2232 3266 sunt,
2265 3215 2316 3258 et
2346 3203 2412 3257 ad
2456 3216 2773 3258 conservum
2803 3204 2964 3257 etiam
3012 3211 3160 3254 tuum
3207 3203 3496 3270 pertinent,

1914 3293 2360 3364 quemadmodum
2386 3303 2439 3348 et
2469 3294 2548 3347 sol
2578 3294 2877 3346 communis
2926 3304 3030 3356 est,
3056 3303 3110 3344 et
3155 3307 3246 3344 aer
3275 3300 3328 3344 et
3361 3302 3498 3344 terra

1915 3385 2124 3452 aliaque
2148 3384 2346 3436 omnia.
2372 3383 2436 3435 Et
2457 3381 2597 3437 sicut
2623 3382 2673 3434 in
2699 3395 2923 3449 corpore
2954 3380 3307 3433 ministerium
3338 3389 3419 3432 est
3448 3392 3502 3433 et

1918 3474 2078 3529 totius
2107 3474 2351 3543 corporis
2381 3481 2434 3527 et
2481 3473 2901 3542 uniuscujusque
2943 3472 3204 3534 membri;
3249 3487 3369 3524 cum
3402 3489 3497 3524 au-

1914 3578 2026 3633 tem
2063 3566 2219 3620 unius
2248 3576 2450 3621 tantum
2477 3565 2834 3630 membri-est,
2869 3565 3135 3632 propriam
3163 3565 3341 3635 perdit
3367 3579 3496 3633 09c-

1918 3667 2182 3720 rationem
2217 3679 2230 3714 :
2261 3664 2334 3716 ita
2365 3668 2417 3714 et
2448 3660 2502 3712 in
2535 3655 2779 3726 pecuniis
2811 3652 3033 3706 accidit.

1988 3760 2040 3811 ι.
2091 3753 2444 3808 Pecuniarum
2493 3765 2619 3800 usus
2659 3747 2774 3815 quis
2816 3760 2928 3798 esse
2972 3743 3174 3795 debeat.
3206 3769 3274 3780 —
3315 3738 3380 3791 Et
3432 3748 3491 3791 ut

1919 3851 1972 3906 id
2033 3847 2178 3918 quod
2237 3846 2360 3898 dico
2419 3840 2623 3895 clarius
2678 3837 2919 3901 evadat,
2978 3835 3133 3889 cibus
3189 3847 3493 3902 corporeus

1920 3941 2014 4011 qui
2041 3938 2297 3993 membris
2327 3933 2632 3987 communis
2670 3930 2848 3994 datur,
2887 3931 2932 3982 si
2973 3929 3040 3981 ad
3082 3941 3247 3980 unum
3289 3926 3497 3977 venerit

1921 4029 2253 4091 membrum,
2308 4025 2518 4078 alienus
2566 4021 2641 4074 illi
2692 4021 2924 4075 el'ticitur
2964 4034 2977 4069 :
3025 4034 3146 4072 cum
3200 4018 3342 4072 enim
3392 4033 3495 4071 non

1918 4113 2088 4181 possit
2112 4110 2368 4177 concoqui
2400 4120 2454 4164 et
2480 4110 2700 4173 nutrire,
2742 4109 2949 4162 alienus
2991 4109 3206 4162 evadit:
3239 4113 3281 4161 si
3325 4121 3500 4161 autem

1919 4204 2220 4257 communis
2251 4202 2351 4265 sit,
2383 4210 2436 4254 et
2465 4201 2603 4254 illius
2631 4212 2685 4253 et
2711 4201 2939 4254 aliarum
2983 4201 3342 4254 membrorum
3378 4215 3503 4268 pro-

1919 4297 2068 4363 prius
2084 4303 2184 4349 est.
2207 4294 2280 4348 ita
2303 4293 2534 4348 etiamin
2556 4286 2797 4363 pecuniis
2817 4309 2829 4343 ε
2852 4295 2895 4345 si
2917 4303 2967 4346 tu
2987 4300 3132 4346 solus
3151 4293 3256 4346 illis
3283 4295 3498 4357 fruaris,

1920 4395 1973 4439 tu
1993 4400 2201 4455 quoque
2224 4386 2338 4438 illas
2358 4384 2666 4453 perdidisti;
2690 4400 2863 4453 neque
2882 4386 3022 4437 enim
3044 4383 3344 4439 mercedem
3366 4386 3475 4438 acci
3489 4415 3504 4423 -

1920 4478 2060 4546 pies:
2081 4476 2126 4530 si
2143 4491 2271 4530 vero
2284 4491 2406 4529 cum
2422 4476 2540 4528 aliis
2561 4476 2858 4543 possideas,
2877 4484 3002 4528 tunc
3023 4477 3188 4545 magis
3206 4485 3307 4528 tunc
3324 4487 3502 4538 erunt,

1919 4579 1972 4626 et
1991 4579 2114 4623 tunc
2133 4570 2413 4623 utilitatem
2441 4568 2692 4633 accipies.
2725 4569 2915 4621 Annon
2945 4567 3116 4630 vides,
3148 4567 3287 4635 quod
3313 4582 3504 4619 manus
3540 4549 3545 4553 ’

1920 4662 2245 4724 ministrent,
2281 4674 2341 4713 os
2366 4661 2629 4722 emolliat,
2655 4669 2708 4713 et
2730 4668 2917 4712 ve-iter
2942 4658 3200 4725 recipiat?
3226 4673 3349 4710 num
3375 4658 3506 4710 die?!

1920 4760 2109 4806 venter
2137 4771 2148 4804 :
2178 4751 2309 4817 Quia
2340 4752 2539 4818 recepi,
2577 4761 2740 4804 totum
2773 4769 2806 4803 r-
2836 4753 3003 4805 tinere
3030 4752 3237 4805 debeo?
3267 4750 3344 4804 Ne
3376 4767 3504 4804 eran-

1920 4851 1974 4894 tu
2003 4856 2214 4909 quoque
2241 4840 2307 4894 de
2333 4843 2574 4908 pecuniis
2611 4843 2680 4895 ita
2723 4841 2958 4909 loquaris
2987 4860 2996 4891 :
3030 4842 3332 4910 recipientis
3362 4847 3498 4896 enin,

1919 4945 2001 4988 est
2032 4934 2264 5003 elargiri.
2299 4935 2759 4998 Quemadmodum
2799 4949 2925 5001 ergo
2955 4936 3153 4988 ventris
3187 4937 3368 4988 vitium
3398 4946 3498 5000 est,

1920 5045 2041 5083 cum
2070 5028 2219 5082 cibos
2258 5029 2454 5081 retinet
2499 5041 2599 5081 nec
2627 5027 2932 5089 distribuit;
2969 5029 3062 5080 toti
3104 5029 3243 5080 enim
3291 5024 3503 5093 corpori

1922 5121 2212 5188 perniciem
2256 5118 2416 5172 infert
2444 5137 2456 5172 :
2489 5119 2559 5170 ita
2589 5119 2751 5171 etiam
2786 5119 3008 5172 divitum
3037 5119 3222 5170 vitium
3255 5128 3355 5182 est,
3381 5133 3502 5170 cum

1921 5225 1980 5264 ea
2011 5226 2129 5279 quae
2154 5209 2353 5262 habent
2383 5209 2521 5278 apud
2551 5224 2609 5263 se
2639 5210 2874 5263 retinent
2903 5227 2914 5260 :
2963 5209 3063 5260 hoc
3095 5209 3236 5259 enim
3278 5217 3330 5260 ct
3358 5210 3501 5274 ipsos

1921 5313 1973 5354 et
2008 5302 2143 5354 alios
2191 5301 2384 5368 perdit.
2423 5299 2620 5354 Oculus
2666 5301 2792 5354 item
2835 5309 2998 5352 totam
3047 5299 3222 5352 lucem
3279 5300 3497 5367 recipit;

1921 5394 2013 5448 sed
2038 5409 2142 5448 non
2168 5402 2331 5447 totam
2363 5394 2462 5447 sibi
2492 5394 2719 5457 retinet;
2751 5406 2869 5444 nam
2894 5407 3088 5460 corpus
3118 5402 3282 5445 totum
3310 5393 3501 5444 illumi-

1921 5495 2028 5540 nat.
2055 5485 2235 5554 Neque
2261 5486 2401 5538 enim
2428 5484 2477 5537 id
2509 5499 2572 5537 ex
2599 5492 2785 5536 natura
2809 5499 2903 5536 sua
2937 5484 3097 5537 habet
3125 5494 3181 5537 ut
3209 5492 3373 5535 totum
3418 5499 3502 5534 re-

1923 5579 2106 5639 tineat,
2136 5577 2308 5630 donec
2339 5576 2525 5630 oculus
2553 5583 2658 5629 est.
2685 5573 2853 5629 Nares
2881 5579 3042 5630 etiam
3078 5577 3244 5628 bonos
3266 5585 3504 5627 sentiunt

1921 5668 2154 5732 odores;
2210 5671 2304 5722 sed
2357 5685 2458 5722 non
2510 5678 2650 5723 totos
2696 5670 2950 5733 retinent,
2983 5667 3075 5722 sed
3124 5668 3176 5719 in
3221 5669 3502 5722 cerebrum

1924 5763 2158 5832 mittunt,
2183 5771 2236 5817 et
2261 5759 2593 5818 stomachum
2618 5761 2671 5817 in
2696 5761 2839 5818 bono
2860 5761 3024 5817 odore
3050 5769 3285 5830 servant,
3309 5769 3497 5814 totum-

3086 5862 3126 5922 6
