  <div class='ocr_page' id='page_1' title='image "/cluster/home/n/w/nwhite01/storage/ocr_20150623/61/nnc1.0022379681/095.png"; bbox 0 0 4028 6208; ppageno 0'>
   <div class='ocr_carea' id='block_1_1' title="bbox 496 344 3765 404">
    <p class='ocr_par' dir='ltr' id='par_1_1' title="bbox 496 344 3765 404">
     <span class='ocr_line' id='line_1_1' title="bbox 496 344 3765 404; baseline 0 -1"><span class='ocrx_word' id='word_1_1' title='bbox 496 350 559 403; x_wconf 79' lang='lat'><strong>87</strong></span> <span class='ocrx_word' id='word_1_2' title='bbox 1188 347 1231 401; x_wconf 82' lang='lat' dir='ltr'>S</span> <span class='ocrx_word' id='word_1_3' title='bbox 1286 344 1563 402; x_wconf 76' lang='lat' dir='ltr'><strong>JOANNIS</strong></span> <span class='ocrx_word' id='word_1_4' title='bbox 1598 344 2071 403; x_wconf 72' lang='lat' dir='ltr'><strong>ClileSOSTOMi</strong></span> <span class='ocrx_word' id='word_1_5' title='bbox 2110 347 2423 403; x_wconf 76' lang='lat' dir='ltr'><strong>ARCHIEP.</strong></span> <span class='ocrx_word' id='word_1_6' title='bbox 2464 346 2996 404; x_wconf 80' lang='lat' dir='ltr'><strong>CONSTANTINOP.</strong></span> <span class='ocrx_word' id='word_1_7' title='bbox 3699 348 3765 404; x_wconf 77' lang='lat'><strong>88</strong></span> 
     </span>
    </p>
   </div>
   <div class='ocr_carea' id='block_1_2' title="bbox 486 458 2072 530">
    <p class='ocr_par' dir='ltr' id='par_1_2' title="bbox 486 458 2072 530">
     <span class='ocr_line' id='line_1_2' title="bbox 486 458 2072 530; baseline -0.001 -13"><span class='ocrx_word' id='word_1_8' title='bbox 486 476 592 530; x_wconf 86' lang='lat' dir='ltr'><strong>que</strong></span> <span class='ocrx_word' id='word_1_9' title='bbox 612 458 885 515; x_wconf 88' lang='lat' dir='ltr'><strong>hominem</strong></span> <span class='ocrx_word' id='word_1_10' title='bbox 907 468 1171 514; x_wconf 72' lang='lat' dir='ltr'><strong>recreant.</strong></span> <span class='ocrx_word' id='word_1_11' title='bbox 1191 459 1363 515; x_wconf 88' lang='lat' dir='ltr'><strong>Pedes</strong></span> <span class='ocrx_word' id='word_1_12' title='bbox 1383 461 1511 515; x_wconf 89' lang='lat' dir='ltr'><strong>item</strong></span> <span class='ocrx_word' id='word_1_13' title='bbox 1531 462 1633 515; x_wconf 87' lang='lat' dir='ltr'><strong>soli</strong></span> <span class='ocrx_word' id='word_1_14' title='bbox 1656 459 1941 523; x_wconf 85' lang='lat' dir='ltr'><strong>incedunt;</strong></span> <span class='ocrx_word' id='word_1_15' title='bbox 1972 460 2072 515; x_wconf 86' lang='lat' dir='ltr'><strong>sed</strong></span> 
     </span>
    </p>
   </div>
   <div class='ocr_carea' id='block_1_3' title="bbox 496 550 2075 622">
    <p class='ocr_par' dir='ltr' id='par_1_3' title="bbox 496 550 2075 622">
     <span class='ocr_line' id='line_1_3' title="bbox 496 550 2075 622; baseline -0.001 -16"><span class='ocrx_word' id='word_1_16' title='bbox 496 567 602 606; x_wconf 90' lang='lat' dir='ltr'><strong>non</strong></span> <span class='ocrx_word' id='word_1_17' title='bbox 637 565 698 607; x_wconf 86' lang='lat' dir='ltr'><strong>se</strong></span> <span class='ocrx_word' id='word_1_18' title='bbox 719 550 864 606; x_wconf 83' lang='lat' dir='ltr'><strong>solos</strong></span> <span class='ocrx_word' id='word_1_19' title='bbox 889 551 1241 618; x_wconf 84' lang='lat' dir='ltr'><strong>transferunt,</strong></span> <span class='ocrx_word' id='word_1_20' title='bbox 1264 552 1359 606; x_wconf 82' lang='lat' dir='ltr'><strong>sed</strong></span> <span class='ocrx_word' id='word_1_21' title='bbox 1388 562 1445 607; x_wconf 90' lang='lat' dir='ltr'><strong>et</strong></span> <span class='ocrx_word' id='word_1_22' title='bbox 1471 562 1644 607; x_wconf 86' lang='lat' dir='ltr'><strong>totum</strong></span> <span class='ocrx_word' id='word_1_23' title='bbox 1664 565 1862 622; x_wconf 89' lang='lat' dir='ltr'><strong>corpus</strong></span> <span class='ocrx_word' id='word_1_24' title='bbox 1898 568 2075 607; x_wconf 65' lang='lat' dir='ltr'><strong>trans-</strong></span> 
     </span>
    </p>
   </div>
   <div class='ocr_carea' id='block_1_4' title="bbox 492 643 2080 715">
    <p class='ocr_par' dir='ltr' id='par_1_4' title="bbox 492 643 2080 715">
     <span class='ocr_line' id='line_1_4' title="bbox 492 643 2080 715; baseline 0.003 -18"><span class='ocrx_word' id='word_1_25' title='bbox 492 654 732 699; x_wconf 82' lang='lat' dir='ltr'><strong>movent.</strong></span> <span class='ocrx_word' id='word_1_26' title='bbox 758 643 835 698; x_wconf 78' lang='lat' dir='ltr'><strong>ita</strong></span> <span class='ocrx_word' id='word_1_27' title='bbox 864 653 919 699; x_wconf 87' lang='lat' dir='ltr'><strong>et</strong></span> <span class='ocrx_word' id='word_1_28' title='bbox 942 654 1002 698; x_wconf 84' lang='lat' dir='ltr'><strong>tu</strong></span> <span class='ocrx_word' id='word_1_29' title='bbox 1025 644 1169 715; x_wconf 83' lang='lat' dir='ltr'><strong>quod</strong></span> <span class='ocrx_word' id='word_1_30' title='bbox 1196 644 1290 700; x_wconf 89' lang='lat' dir='ltr'><strong>tibi</strong></span> <span class='ocrx_word' id='word_1_31' title='bbox 1316 644 1690 700; x_wconf 87' lang='lat' dir='ltr'><strong>concreditum</strong></span> <span class='ocrx_word' id='word_1_32' title='bbox 1718 644 1821 699; x_wconf 90' lang='lat' dir='ltr'><strong>fuit</strong></span> <span class='ocrx_word' id='word_1_33' title='bbox 1842 660 1909 700; x_wconf 90' lang='lat' dir='ltr'><strong>ne</strong></span> <span class='ocrx_word' id='word_1_34' title='bbox 1931 645 2080 702; x_wconf 87' lang='lat' dir='ltr'><strong>solus</strong></span> 
     </span>
    </p>
   </div>
   <div class='ocr_carea' id='block_1_5' title="bbox 487 736 2079 806">
    <p class='ocr_par' dir='ltr' id='par_1_5' title="bbox 487 736 2079 806">
     <span class='ocr_line' id='line_1_5' title="bbox 487 736 2079 806; baseline 0.001 -17"><span class='ocrx_word' id='word_1_35' title='bbox 487 737 747 798; x_wconf 84' lang='lat' dir='ltr'><strong>retineas,</strong></span> <span class='ocrx_word' id='word_1_36' title='bbox 765 736 891 806; x_wconf 92' lang='lat' dir='ltr'><strong>quia</strong></span> <span class='ocrx_word' id='word_1_37' title='bbox 910 737 1167 792; x_wconf 82' lang='lat' dir='ltr'><strong>omnibus</strong></span> <span class='ocrx_word' id='word_1_38' title='bbox 1189 736 1397 806; x_wconf 87' lang='lat' dir='ltr'><strong>tibique</strong></span> <span class='ocrx_word' id='word_1_39' title='bbox 1420 737 1649 806; x_wconf 91' lang='lat' dir='ltr'><strong>primum</strong></span> <span class='ocrx_word' id='word_1_40' title='bbox 1676 738 1968 806; x_wconf 81' lang='lat' dir='ltr'><strong>perniciem</strong></span> <span class='ocrx_word' id='word_1_41' title='bbox 1998 736 2079 790; x_wconf 84' lang='lat' dir='ltr'><strong>in-</strong></span> 
     </span>
    </p>
   </div>
   <div class='ocr_carea' id='block_1_6' title="bbox 489 828 2077 899">
    <p class='ocr_par' dir='ltr' id='par_1_6' title="bbox 489 828 2077 899">
     <span class='ocr_line' id='line_1_6' title="bbox 489 828 2077 899; baseline 0.002 -18"><span class='ocrx_word' id='word_1_42' title='bbox 489 828 650 884; x_wconf 88' lang='lat' dir='ltr'><strong>feres.</strong></span> <span class='ocrx_word' id='word_1_43' title='bbox 691 828 809 883; x_wconf 77' lang='lat' dir='ltr'><strong>Non</strong></span> <span class='ocrx_word' id='word_1_44' title='bbox 859 829 912 882; x_wconf 92' lang='lat' dir='ltr'><strong>in</strong></span> <span class='ocrx_word' id='word_1_45' title='bbox 941 829 1200 883; x_wconf 86' lang='lat' dir='ltr'><strong>membris</strong></span> <span class='ocrx_word' id='word_1_46' title='bbox 1241 838 1447 884; x_wconf 84' lang='lat' dir='ltr'><strong>tantum</strong></span> <span class='ocrx_word' id='word_1_47' title='bbox 1490 829 1543 899; x_wconf 97' lang='lat' dir='ltr'><strong>id</strong></span> <span class='ocrx_word' id='word_1_48' title='bbox 1582 830 1861 886; x_wconf 88' lang='lat' dir='ltr'><strong>observes.</strong></span> <span class='ocrx_word' id='word_1_49' title='bbox 1905 828 2077 885; x_wconf 83' lang='lat' dir='ltr'><strong>Faber</strong></span> 
     </span>
    </p>
   </div>
   <div class='ocr_carea' id='block_1_7' title="bbox 487 919 2077 989">
    <p class='ocr_par' dir='ltr' id='par_1_7' title="bbox 487 919 2077 989">
     <span class='ocr_line' id='line_1_7' title="bbox 487 919 2077 989; baseline 0.005 -17"><span class='ocrx_word' id='word_1_50' title='bbox 487 920 633 974; x_wconf 90' lang='lat' dir='ltr'><strong>enim</strong></span> <span class='ocrx_word' id='word_1_51' title='bbox 661 919 940 985; x_wconf 77' lang='lat' dir='ltr'><strong>ferrarius,</strong></span> <span class='ocrx_word' id='word_1_52' title='bbox 968 923 1015 976; x_wconf 90' lang='lat' dir='ltr'><strong>si</strong></span> <span class='ocrx_word' id='word_1_53' title='bbox 1043 922 1314 977; x_wconf 81' lang='lat' dir='ltr'><strong>neminem</strong></span> <span class='ocrx_word' id='word_1_54' title='bbox 1342 922 1472 977; x_wconf 83' lang='lat' dir='ltr'><strong>velit</strong></span> <span class='ocrx_word' id='word_1_55' title='bbox 1496 932 1612 978; x_wconf 90' lang='lat' dir='ltr'><strong>arte</strong></span> <span class='ocrx_word' id='word_1_56' title='bbox 1631 937 1729 978; x_wconf 86' lang='lat' dir='ltr'><strong>sua</strong></span> <span class='ocrx_word' id='word_1_57' title='bbox 1758 922 1884 989; x_wconf 90' lang='lat' dir='ltr'><strong>frui,</strong></span> <span class='ocrx_word' id='word_1_58' title='bbox 1910 932 1966 979; x_wconf 91' lang='lat' dir='ltr'><strong>et</strong></span> <span class='ocrx_word' id='word_1_59' title='bbox 1986 939 2077 980; x_wconf 88' lang='lat' dir='ltr'><strong>se-</strong></span> 
     </span>
    </p>
   </div>
   <div class='ocr_carea' id='block_1_8' title="bbox 492 1012 2077 1086">
    <p class='ocr_par' dir='ltr' id='par_1_8' title="bbox 492 1012 2077 1086">
     <span class='ocr_line' id='line_1_8' title="bbox 492 1012 2077 1086; baseline 0.005 -21"><span class='ocrx_word' id='word_1_60' title='bbox 492 1014 671 1082; x_wconf 86' lang='lat' dir='ltr'><strong>ipsum</strong></span> <span class='ocrx_word' id='word_1_61' title='bbox 689 1020 746 1068; x_wconf 89' lang='lat' dir='ltr'><strong>et</strong></span> <span class='ocrx_word' id='word_1_62' title='bbox 764 1012 902 1067; x_wconf 85' lang='lat' dir='ltr'><strong>alias</strong></span> <span class='ocrx_word' id='word_1_63' title='bbox 928 1021 1077 1068; x_wconf 86' lang='lat' dir='ltr'><strong>artes</strong></span> <span class='ocrx_word' id='word_1_64' title='bbox 1101 1013 1427 1083; x_wconf 86' lang='lat' dir='ltr'><strong>pessumdat.</strong></span> <span class='ocrx_word' id='word_1_65' title='bbox 1458 1014 1622 1071; x_wconf 90' lang='lat' dir='ltr'><strong>Sutor</strong></span> <span class='ocrx_word' id='word_1_66' title='bbox 1643 1016 1913 1081; x_wconf 85' lang='lat' dir='ltr'><strong>similiter,</strong></span> <span class='ocrx_word' id='word_1_67' title='bbox 1938 1016 2077 1086; x_wconf 82' lang='lat' dir='ltr'><strong>agri-</strong></span> 
     </span>
    </p>
   </div>
   <div class='ocr_carea' id='block_1_9' title="bbox 489 1105 2076 1178">
    <p class='ocr_par' dir='ltr' id='par_1_9' title="bbox 489 1105 2076 1178">
     <span class='ocr_line' id='line_1_9' title="bbox 489 1105 2076 1178; baseline 0.003 -19"><span class='ocrx_word' id='word_1_68' title='bbox 489 1106 630 1172; x_wconf 91' lang='lat' dir='ltr'><strong>cola,</strong></span> <span class='ocrx_word' id='word_1_69' title='bbox 652 1105 840 1175; x_wconf 89' lang='lat' dir='ltr'><strong>pistor,</strong></span> <span class='ocrx_word' id='word_1_70' title='bbox 861 1116 917 1161; x_wconf 89' lang='lat' dir='ltr'><strong>et</strong></span> <span class='ocrx_word' id='word_1_71' title='bbox 941 1107 1139 1178; x_wconf 89' lang='lat' dir='ltr'><strong>singuli</strong></span> <span class='ocrx_word' id='word_1_72' title='bbox 1158 1106 1253 1178; x_wconf 88' lang='lat' dir='ltr'><strong>qui</strong></span> <span class='ocrx_word' id='word_1_73' title='bbox 1278 1109 1611 1163; x_wconf 89' lang='lat' dir='ltr'><strong>necessarias</strong></span> <span class='ocrx_word' id='word_1_74' title='bbox 1637 1117 1781 1164; x_wconf 85' lang='lat' dir='ltr'><strong>artes</strong></span> <span class='ocrx_word' id='word_1_75' title='bbox 1798 1119 2076 1176; x_wconf 74' lang='lat' dir='ltr'><strong>exercent,</strong></span> 
     </span>
    </p>
   </div>
   <div class='ocr_carea' id='block_1_10' title="bbox 490 1196 2079 1268">
    <p class='ocr_par' dir='ltr' id='par_1_10' title="bbox 490 1196 2079 1268">
     <span class='ocr_line' id='line_1_10' title="bbox 490 1196 2079 1268; baseline 0.003 -17"><span class='ocrx_word' id='word_1_76' title='bbox 490 1196 538 1253; x_wconf 79' lang='lat' dir='ltr'><strong>si</strong></span> <span class='ocrx_word' id='word_1_77' title='bbox 570 1199 841 1255; x_wconf 80' lang='lat' dir='ltr'><strong>neminem</strong></span> <span class='ocrx_word' id='word_1_78' title='bbox 870 1199 1031 1255; x_wconf 87' lang='lat' dir='ltr'><strong>alium</strong></span> <span class='ocrx_word' id='word_1_79' title='bbox 1060 1215 1177 1257; x_wconf 85' lang='lat' dir='ltr'><strong>arte</strong></span> <span class='ocrx_word' id='word_1_80' title='bbox 1199 1216 1293 1257; x_wconf 87' lang='lat' dir='ltr'><strong>sua</strong></span> <span class='ocrx_word' id='word_1_81' title='bbox 1320 1200 1428 1256; x_wconf 90' lang='lat' dir='ltr'><strong>frui</strong></span> <span class='ocrx_word' id='word_1_82' title='bbox 1457 1202 1643 1268; x_wconf 88' lang='lat' dir='ltr'><strong>velint,</strong></span> <span class='ocrx_word' id='word_1_83' title='bbox 1674 1218 1778 1259; x_wconf 90' lang='lat' dir='ltr'><strong>non</strong></span> <span class='ocrx_word' id='word_1_84' title='bbox 1805 1202 1940 1257; x_wconf 89' lang='lat' dir='ltr'><strong>alios</strong></span> <span class='ocrx_word' id='word_1_85' title='bbox 1962 1210 2079 1257; x_wconf 80' lang='lat' dir='ltr'><strong>tan-</strong></span> 
     </span>
    </p>
   </div>
   <div class='ocr_carea' id='block_1_11' title="bbox 495 1291 2079 1364">
    <p class='ocr_par' dir='ltr' id='par_1_11' title="bbox 495 1291 2079 1364">
     <span class='ocr_line' id='line_1_11' title="bbox 495 1291 2079 1364; baseline 0.004 -21"><span class='ocrx_word' id='word_1_86' title='bbox 495 1301 630 1355; x_wconf 81' lang='lat' dir='ltr'><strong>tum,</strong></span> <span class='ocrx_word' id='word_1_87' title='bbox 658 1291 753 1347; x_wconf 89' lang='lat' dir='ltr'><strong>sed</strong></span> <span class='ocrx_word' id='word_1_88' title='bbox 794 1305 853 1346; x_wconf 83' lang='lat' dir='ltr'><strong>se</strong></span> <span class='ocrx_word' id='word_1_89' title='bbox 878 1306 1000 1347; x_wconf 90' lang='lat' dir='ltr'><strong>cum</strong></span> <span class='ocrx_word' id='word_1_90' title='bbox 1027 1292 1149 1351; x_wconf 84' lang='lat' dir='ltr'><strong>aliis</strong></span> <span class='ocrx_word' id='word_1_91' title='bbox 1192 1292 1445 1364; x_wconf 88' lang='lat' dir='ltr'><strong>perdunt.</strong></span> <span class='ocrx_word' id='word_1_92' title='bbox 1477 1294 1677 1363; x_wconf 85' lang='lat' dir='ltr'><strong>Ecquid</strong></span> <span class='ocrx_word' id='word_1_93' title='bbox 1717 1293 1786 1348; x_wconf 92' lang='lat' dir='ltr'><strong>de</strong></span> <span class='ocrx_word' id='word_1_94' title='bbox 1824 1292 2079 1349; x_wconf 82' lang='lat' dir='ltr'><strong>divitibus</strong></span> 
     </span>
    </p>
   </div>
   <div class='ocr_carea' id='block_1_12' title="bbox 492 1381 2076 1454">
    <p class='ocr_par' dir='ltr' id='par_1_12' title="bbox 492 1381 2076 1454">
     <span class='ocr_line' id='line_1_12' title="bbox 492 1381 2076 1454; baseline 0.002 -18"><span class='ocrx_word' id='word_1_95' title='bbox 492 1381 725 1454; x_wconf 73' lang='lat' dir='ltr'><strong>loquor?</strong></span> <span class='ocrx_word' id='word_1_96' title='bbox 763 1382 897 1437; x_wconf 79' lang='lat' dir='ltr'><strong>Nam</strong></span> <span class='ocrx_word' id='word_1_97' title='bbox 929 1398 1196 1452; x_wconf 74' lang='lat' dir='ltr'><strong>pauperes</strong></span> <span class='ocrx_word' id='word_1_98' title='bbox 1223 1399 1439 1454; x_wconf 88' lang='lat' dir='ltr'><strong>quoque</strong></span> <span class='ocrx_word' id='word_1_99' title='bbox 1464 1386 1511 1441; x_wconf 87' lang='lat' dir='ltr'><strong>si</strong></span> <span class='ocrx_word' id='word_1_100' title='bbox 1536 1392 1770 1440; x_wconf 79' lang='lat' dir='ltr'><strong>vestram</strong></span> <span class='ocrx_word' id='word_1_101' title='bbox 1795 1398 2076 1439; x_wconf 82' lang='lat' dir='ltr'><strong>avarorum</strong></span> 
     </span>
    </p>
   </div>
   <div class='ocr_carea' id='block_1_13' title="bbox 488 1473 2077 1549">
    <p class='ocr_par' dir='ltr' id='par_1_13' title="bbox 488 1473 2077 1549">
     <span class='ocr_line' id='line_1_13' title="bbox 488 1473 2077 1549; baseline 0.004 -22"><span class='ocrx_word' id='word_1_102' title='bbox 488 1484 545 1527; x_wconf 89' lang='lat' dir='ltr'><strong>et</strong></span> <span class='ocrx_word' id='word_1_103' title='bbox 585 1473 812 1529; x_wconf 81' lang='lat' dir='ltr'><strong>divitum</strong></span> <span class='ocrx_word' id='word_1_104' title='bbox 867 1476 1161 1544; x_wconf 88' lang='lat' dir='ltr'><strong>nequitiam</strong></span> <span class='ocrx_word' id='word_1_105' title='bbox 1213 1486 1575 1541; x_wconf 75' lang='lat' dir='ltr'><strong>sectarentur,</strong></span> <span class='ocrx_word' id='word_1_106' title='bbox 1620 1491 1716 1532; x_wconf 86' lang='lat' dir='ltr'><strong>vos</strong></span> <span class='ocrx_word' id='word_1_107' title='bbox 1755 1492 2077 1549; x_wconf 85' lang='lat' dir='ltr'><strong>magnopere</strong></span> 
     </span>
    </p>
   </div>
   <div class='ocr_carea' id='block_1_14' title="bbox 488 1563 2077 1636">
    <p class='ocr_par' dir='ltr' id='par_1_14' title="bbox 488 1563 2077 1636">
     <span class='ocr_line' id='line_1_14' title="bbox 488 1563 2077 1636; baseline 0.004 -18"><span class='ocrx_word' id='word_1_108' title='bbox 488 1563 751 1619; x_wconf 76' lang='lat' dir='ltr'><strong>lzederent</strong></span> <span class='ocrx_word' id='word_1_109' title='bbox 774 1578 840 1619; x_wconf 91' lang='lat' dir='ltr'><strong>ac</strong></span> <span class='ocrx_word' id='word_1_110' title='bbox 861 1566 973 1619; x_wconf 91' lang='lat' dir='ltr'><strong>cito</strong></span> <span class='ocrx_word' id='word_1_111' title='bbox 1014 1580 1110 1620; x_wconf 85' lang='lat' dir='ltr'><strong>vos</strong></span> <span class='ocrx_word' id='word_1_112' title='bbox 1139 1581 1406 1636; x_wconf 75' lang='lat' dir='ltr'><strong>pauperes</strong></span> <span class='ocrx_word' id='word_1_113' title='bbox 1431 1568 1740 1634; x_wconf 83' lang='lat' dir='ltr'><strong>redderent,</strong></span> <span class='ocrx_word' id='word_1_114' title='bbox 1771 1569 1880 1623; x_wconf 92' lang='lat' dir='ltr'><strong>imo</strong></span> <span class='ocrx_word' id='word_1_115' title='bbox 1911 1570 2077 1624; x_wconf 82' lang='lat' dir='ltr'><strong>etiam</strong></span> 
     </span>
    </p>
   </div>
   <div class='ocr_carea' id='block_1_15' title="bbox 487 1655 2075 1729">
    <p class='ocr_par' dir='ltr' id='par_1_15' title="bbox 487 1655 2075 1729">
     <span class='ocr_line' id='line_1_15' title="bbox 487 1655 2075 1729; baseline 0.004 -20"><span class='ocrx_word' id='word_1_116' title='bbox 487 1655 799 1725; x_wconf 81' lang='lat' dir='ltr'><strong>perderent,</strong></span> <span class='ocrx_word' id='word_1_117' title='bbox 830 1656 875 1710; x_wconf 88' lang='lat' dir='ltr'><strong>si</strong></span> <span class='ocrx_word' id='word_1_118' title='bbox 907 1657 971 1709; x_wconf 88' lang='lat' dir='ltr'><strong>iis</strong></span> <span class='ocrx_word' id='word_1_119' title='bbox 997 1657 1089 1726; x_wconf 85' lang='lat' dir='ltr'><strong>qui</strong></span> <span class='ocrx_word' id='word_1_120' title='bbox 1125 1670 1267 1726; x_wconf 84' lang='lat' dir='ltr'><strong>opus</strong></span> <span class='ocrx_word' id='word_1_121' title='bbox 1295 1658 1497 1713; x_wconf 88' lang='lat' dir='ltr'><strong>habent</strong></span> <span class='ocrx_word' id='word_1_122' title='bbox 1535 1673 1631 1713; x_wconf 87' lang='lat' dir='ltr'><strong>sua</strong></span> <span class='ocrx_word' id='word_1_123' title='bbox 1674 1662 1913 1729; x_wconf 66' lang='lat' dir='ltr'><strong>prtebere</strong></span> <span class='ocrx_word' id='word_1_124' title='bbox 1953 1661 2075 1715; x_wconf 86' lang='lat' dir='ltr'><strong>nol-</strong></span> 
     </span>
    </p>
   </div>
   <div class='ocr_carea' id='block_1_16' title="bbox 489 1746 2076 1818">
    <p class='ocr_par' dir='ltr' id='par_1_16' title="bbox 489 1746 2076 1818">
     <span class='ocr_line' id='line_1_16' title="bbox 489 1746 2076 1818; baseline 0.004 -17"><span class='ocrx_word' id='word_1_125' title='bbox 489 1747 599 1801; x_wconf 89' lang='lat' dir='ltr'><strong>lent</strong></span> <span class='ocrx_word' id='word_1_126' title='bbox 626 1764 638 1799; x_wconf 89' lang='lat'>:</span> <span class='ocrx_word' id='word_1_127' title='bbox 668 1746 903 1817; x_wconf 69' lang='lat' dir='ltr'><strong>exempli</strong></span> <span class='ocrx_word' id='word_1_128' title='bbox 929 1763 1109 1811; x_wconf 84' lang='lat' dir='ltr'><strong>causa,</strong></span> <span class='ocrx_word' id='word_1_129' title='bbox 1138 1750 1369 1818; x_wconf 73' lang='lat' dir='ltr'><strong>agricola</strong></span> <span class='ocrx_word' id='word_1_130' title='bbox 1400 1765 1656 1805; x_wconf 83' lang='lat' dir='ltr'><strong>manuum</strong></span> <span class='ocrx_word' id='word_1_131' title='bbox 1682 1765 1901 1807; x_wconf 86' lang='lat' dir='ltr'><strong>suarum</strong></span> <span class='ocrx_word' id='word_1_132' title='bbox 1930 1753 2076 1807; x_wconf 85' lang='lat' dir='ltr'><strong>labo-</strong></span> 
     </span>
    </p>
   </div>
   <div class='ocr_carea' id='block_1_17' title="bbox 487 1841 2068 1913">
    <p class='ocr_par' dir='ltr' id='par_1_17' title="bbox 487 1841 2068 1913">
     <span class='ocr_line' id='line_1_17' title="bbox 487 1841 2068 1913; baseline 0.005 -22"><span class='ocrx_word' id='word_1_133' title='bbox 487 1853 621 1902; x_wconf 88' lang='lat' dir='ltr'><strong>rem,</strong></span> <span class='ocrx_word' id='word_1_134' title='bbox 652 1850 813 1893; x_wconf 83' lang='lat' dir='ltr'><strong>nauta</strong></span> <span class='ocrx_word' id='word_1_135' title='bbox 840 1841 1227 1894; x_wconf 84' lang='lat' dir='ltr'><strong>commercium</strong></span> <span class='ocrx_word' id='word_1_136' title='bbox 1268 1856 1366 1910; x_wconf 89' lang='lat' dir='ltr'><strong>per</strong></span> <span class='ocrx_word' id='word_1_137' title='bbox 1398 1843 1801 1913; x_wconf 85' lang='lat' dir='ltr'><strong>navigationem</strong></span> <span class='ocrx_word' id='word_1_138' title='bbox 1839 1854 2068 1913; x_wconf 88' lang='lat' dir='ltr'><strong>partum,</strong></span> 
     </span>
    </p>
   </div>
   <div class='ocr_carea' id='block_1_18' title="bbox 486 1930 2073 2002">
    <p class='ocr_par' dir='ltr' id='par_1_18' title="bbox 486 1930 2073 2002">
     <span class='ocr_line' id='line_1_18' title="bbox 486 1930 2073 2002; baseline 0.004 -19"><span class='ocrx_word' id='word_1_139' title='bbox 486 1931 643 1985; x_wconf 91' lang='lat' dir='ltr'><strong>miles</strong></span> <span class='ocrx_word' id='word_1_140' title='bbox 667 1946 821 1985; x_wconf 83' lang='lat' dir='ltr'><strong>suam</strong></span> <span class='ocrx_word' id='word_1_141' title='bbox 849 1932 902 1984; x_wconf 90' lang='lat' dir='ltr'><strong>in</strong></span> <span class='ocrx_word' id='word_1_142' title='bbox 933 1931 1077 1985; x_wconf 91' lang='lat' dir='ltr'><strong>bello</strong></span> <span class='ocrx_word' id='word_1_143' title='bbox 1099 1930 1491 1987; x_wconf 81' lang='lat' dir='ltr'><strong>fortitudinem.</strong></span> <span class='ocrx_word' id='word_1_144' title='bbox 1525 1933 1674 2002; x_wconf 88' lang='lat' dir='ltr'><strong>ideo,</strong></span> <span class='ocrx_word' id='word_1_145' title='bbox 1701 1936 1747 1990; x_wconf 88' lang='lat' dir='ltr'><strong>si</strong></span> <span class='ocrx_word' id='word_1_146' title='bbox 1775 1948 1883 1989; x_wconf 84' lang='lat' dir='ltr'><strong>non</strong></span> <span class='ocrx_word' id='word_1_147' title='bbox 1904 1936 2073 1999; x_wconf 85' lang='lat' dir='ltr'><strong>aliud,</strong></span> 
     </span>
    </p>
   </div>
   <div class='ocr_carea' id='block_1_19' title="bbox 489 2021 2072 2091">
    <p class='ocr_par' dir='ltr' id='par_1_19' title="bbox 489 2021 2072 2091">
     <span class='ocr_line' id='line_1_19' title="bbox 489 2021 2072 2091; baseline 0.004 -16"><span class='ocrx_word' id='word_1_148' title='bbox 489 2021 696 2091; x_wconf 89' lang='lat' dir='ltr'><strong>pudore</strong></span> <span class='ocrx_word' id='word_1_149' title='bbox 713 2022 893 2077; x_wconf 71' lang='lat' dir='ltr'><strong>allecti</strong></span> <span class='ocrx_word' id='word_1_150' title='bbox 914 2022 1242 2077; x_wconf 86' lang='lat' dir='ltr'><strong>benevolum</strong></span> <span class='ocrx_word' id='word_1_151' title='bbox 1265 2022 1479 2078; x_wconf 82' lang='lat' dir='ltr'><strong>illorum</strong></span> <span class='ocrx_word' id='word_1_152' title='bbox 1506 2024 1746 2080; x_wconf 86' lang='lat' dir='ltr'><strong>animum</strong></span> <span class='ocrx_word' id='word_1_153' title='bbox 1771 2025 2072 2081; x_wconf 85' lang='lat' dir='ltr'><strong>imitemini.</strong></span> 
     </span>
    </p>
   </div>
   <div class='ocr_carea' id='block_1_20' title="bbox 484 2111 2075 2187">
    <p class='ocr_par' dir='ltr' id='par_1_20' title="bbox 484 2111 2075 2187">
     <span class='ocr_line' id='line_1_20' title="bbox 484 2111 2075 2187; baseline 0.007 -22"><span class='ocrx_word' id='word_1_154' title='bbox 484 2111 697 2166; x_wconf 84' lang='lat' dir='ltr'><strong>Nemini</strong></span> <span class='ocrx_word' id='word_1_155' title='bbox 726 2113 942 2167; x_wconf 85' lang='lat' dir='ltr'><strong>divitias</strong></span> <span class='ocrx_word' id='word_1_156' title='bbox 971 2113 1254 2182; x_wconf 80' lang='lat' dir='ltr'><strong>impertis?</strong></span> <span class='ocrx_word' id='word_1_157' title='bbox 1301 2113 1443 2186; x_wconf 85' lang='lat' dir='ltr'><strong>Ergo</strong></span> <span class='ocrx_word' id='word_1_158' title='bbox 1469 2130 1538 2170; x_wconf 92' lang='lat' dir='ltr'><strong>ne</strong></span> <span class='ocrx_word' id='word_1_159' title='bbox 1563 2116 1852 2187; x_wconf 86' lang='lat' dir='ltr'><strong>quidquam</strong></span> <span class='ocrx_word' id='word_1_160' title='bbox 1879 2118 1947 2172; x_wconf 93' lang='lat' dir='ltr'><strong>ab</strong></span> <span class='ocrx_word' id='word_1_161' title='bbox 1968 2119 2075 2176; x_wconf 88' lang='lat' dir='ltr'><strong>alio</strong></span> 
     </span>
    </p>
   </div>
   <div class='ocr_carea' id='block_1_21' title="bbox 483 2206 2073 2283">
    <p class='ocr_par' dir='ltr' id='par_1_21' title="bbox 483 2206 2073 2283">
     <span class='ocr_line' id='line_1_21' title="bbox 483 2206 2073 2283; baseline 0.007 -24"><span class='ocrx_word' id='word_1_162' title='bbox 483 2206 716 2275; x_wconf 83' lang='lat' dir='ltr'><strong>accipias</strong></span> <span class='ocrx_word' id='word_1_163' title='bbox 743 2224 757 2259; x_wconf 92' lang='lat'><strong>:</strong></span> <span class='ocrx_word' id='word_1_164' title='bbox 786 2208 830 2260; x_wconf 88' lang='lat' dir='ltr'><strong>si</strong></span> <span class='ocrx_word' id='word_1_165' title='bbox 858 2218 1039 2262; x_wconf 83' lang='lat' dir='ltr'><strong>autem</strong></span> <span class='ocrx_word' id='word_1_166' title='bbox 1068 2209 1141 2262; x_wconf 89' lang='lat' dir='ltr'><strong>ita</strong></span> <span class='ocrx_word' id='word_1_167' title='bbox 1172 2208 1284 2275; x_wconf 85' lang='lat' dir='ltr'><strong>ﬁat,</strong></span> <span class='ocrx_word' id='word_1_168' title='bbox 1306 2220 1622 2265; x_wconf 81' lang='lat' dir='ltr'><strong>evertentur</strong></span> <span class='ocrx_word' id='word_1_169' title='bbox 1639 2213 1842 2267; x_wconf 85' lang='lat' dir='ltr'><strong>omnia.</strong></span> <span class='ocrx_word' id='word_1_170' title='bbox 1864 2212 2073 2283; x_wconf 86' lang='lat' dir='ltr'><strong>Ubique</strong></span> 
     </span>
    </p>
   </div>
   <div class='ocr_carea' id='block_1_22' title="bbox 480 2297 2069 2374">
    <p class='ocr_par' dir='ltr' id='par_1_22' title="bbox 480 2297 2069 2374">
     <span class='ocr_line' id='line_1_22' title="bbox 480 2297 2069 2374; baseline 0.006 -23"><span class='ocrx_word' id='word_1_171' title='bbox 480 2297 625 2352; x_wconf 89' lang='lat' dir='ltr'><strong>enim</strong></span> <span class='ocrx_word' id='word_1_172' title='bbox 647 2297 777 2354; x_wconf 89' lang='lat' dir='ltr'><strong>dare</strong></span> <span class='ocrx_word' id='word_1_173' title='bbox 796 2309 851 2352; x_wconf 87' lang='lat' dir='ltr'><strong>et</strong></span> <span class='ocrx_word' id='word_1_174' title='bbox 879 2300 1123 2369; x_wconf 81' lang='lat' dir='ltr'><strong>accipere</strong></span> <span class='ocrx_word' id='word_1_175' title='bbox 1145 2301 1405 2356; x_wconf 90' lang='lat' dir='ltr'><strong>bonorum</strong></span> <span class='ocrx_word' id='word_1_176' title='bbox 1430 2302 1719 2358; x_wconf 84' lang='lat' dir='ltr'><strong>multorum</strong></span> <span class='ocrx_word' id='word_1_177' title='bbox 1736 2304 1941 2359; x_wconf 83' lang='lat' dir='ltr'><strong>initium</strong></span> <span class='ocrx_word' id='word_1_178' title='bbox 1962 2314 2069 2374; x_wconf 86' lang='lat' dir='ltr'><strong>est,</strong></span> 
     </span>
    </p>
   </div>
   <div class='ocr_carea' id='block_1_23' title="bbox 483 2389 2073 2466">
    <p class='ocr_par' dir='ltr' id='par_1_23' title="bbox 483 2389 2073 2466">
     <span class='ocr_line' id='line_1_23' title="bbox 483 2389 2073 2466; baseline 0.006 -24"><span class='ocrx_word' id='word_1_179' title='bbox 483 2389 535 2442; x_wconf 91' lang='lat' dir='ltr'><strong>in</strong></span> <span class='ocrx_word' id='word_1_180' title='bbox 579 2390 901 2456; x_wconf 81' lang='lat' dir='ltr'><strong>seminibus,</strong></span> <span class='ocrx_word' id='word_1_181' title='bbox 933 2391 988 2444; x_wconf 86' lang='lat' dir='ltr'><strong>in</strong></span> <span class='ocrx_word' id='word_1_182' title='bbox 1017 2391 1318 2461; x_wconf 76' lang='lat' dir='ltr'><strong>discipulis,</strong></span> <span class='ocrx_word' id='word_1_183' title='bbox 1352 2393 1407 2447; x_wconf 92' lang='lat' dir='ltr'><strong>in</strong></span> <span class='ocrx_word' id='word_1_184' title='bbox 1446 2394 1676 2449; x_wconf 89' lang='lat' dir='ltr'><strong>artibus.</strong></span> <span class='ocrx_word' id='word_1_185' title='bbox 1721 2394 1852 2450; x_wconf 84' lang='lat' dir='ltr'><strong>Nam</strong></span> <span class='ocrx_word' id='word_1_186' title='bbox 1878 2396 1923 2449; x_wconf 84' lang='lat' dir='ltr'><strong>si</strong></span> <span class='ocrx_word' id='word_1_187' title='bbox 1952 2397 2073 2466; x_wconf 85' lang='lat' dir='ltr'><strong>quis</strong></span> 
     </span>
    </p>
   </div>
   <div class='ocr_carea' id='block_1_24' title="bbox 482 2480 2071 2551">
    <p class='ocr_par' dir='ltr' id='par_1_24' title="bbox 482 2480 2071 2551">
     <span class='ocr_line' id='line_1_24' title="bbox 482 2480 2071 2551; baseline 0.008 -21"><span class='ocrx_word' id='word_1_188' title='bbox 482 2480 715 2534; x_wconf 77' lang='lat' dir='ltr'><strong>voluerit</strong></span> <span class='ocrx_word' id='word_1_189' title='bbox 754 2490 925 2534; x_wconf 81' lang='lat' dir='ltr'><strong>artem</strong></span> <span class='ocrx_word' id='word_1_190' title='bbox 966 2497 1136 2551; x_wconf 84' lang='lat' dir='ltr'><strong>penes</strong></span> <span class='ocrx_word' id='word_1_191' title='bbox 1177 2498 1237 2537; x_wconf 87' lang='lat' dir='ltr'><strong>se</strong></span> <span class='ocrx_word' id='word_1_192' title='bbox 1283 2483 1537 2548; x_wconf 81' lang='lat' dir='ltr'><strong>retinere,</strong></span> <span class='ocrx_word' id='word_1_193' title='bbox 1565 2494 1619 2540; x_wconf 89' lang='lat' dir='ltr'><strong>et</strong></span> <span class='ocrx_word' id='word_1_194' title='bbox 1645 2500 1767 2541; x_wconf 87' lang='lat' dir='ltr'><strong>sese</strong></span> <span class='ocrx_word' id='word_1_195' title='bbox 1808 2495 1864 2541; x_wconf 90' lang='lat' dir='ltr'><strong>et</strong></span> <span class='ocrx_word' id='word_1_196' title='bbox 1904 2496 2071 2543; x_wconf 87' lang='lat' dir='ltr'><strong>totum</strong></span> 
     </span>
    </p>
   </div>
   <div class='ocr_carea' id='block_1_25' title="bbox 480 2572 2071 2644">
    <p class='ocr_par' dir='ltr' id='par_1_25' title="bbox 480 2572 2071 2644">
     <span class='ocr_line' id='line_1_25' title="bbox 480 2572 2071 2644; baseline 0.008 -20"><span class='ocrx_word' id='word_1_197' title='bbox 480 2572 740 2626; x_wconf 88' lang='lat' dir='ltr'><strong>mundum</strong></span> <span class='ocrx_word' id='word_1_198' title='bbox 784 2575 1002 2628; x_wconf 65' lang='lat' dir='ltr'><strong>etet-tit.</strong></span> <span class='ocrx_word' id='word_1_199' title='bbox 1034 2575 1282 2644; x_wconf 79' lang='lat' dir='ltr'><strong>Agricola</strong></span> <span class='ocrx_word' id='word_1_200' title='bbox 1326 2577 1371 2631; x_wconf 91' lang='lat' dir='ltr'><strong>si</strong></span> <span class='ocrx_word' id='word_1_201' title='bbox 1402 2579 1610 2633; x_wconf 88' lang='lat' dir='ltr'><strong>semina</strong></span> <span class='ocrx_word' id='word_1_202' title='bbox 1653 2578 1798 2633; x_wconf 86' lang='lat' dir='ltr'><strong>domi</strong></span> <span class='ocrx_word' id='word_1_203' title='bbox 1838 2581 2071 2636; x_wconf 77' lang='lat' dir='ltr'><strong>suffossa</strong></span> 
     </span>
    </p>
   </div>
   <div class='ocr_carea' id='block_1_26' title="bbox 481 2665 2071 2735">
    <p class='ocr_par' dir='ltr' id='par_1_26' title="bbox 481 2665 2071 2735">
     <span class='ocr_line' id='line_1_26' title="bbox 481 2665 2071 2735; baseline 0.006 -18"><span class='ocrx_word' id='word_1_204' title='bbox 481 2665 731 2731; x_wconf 87' lang='lat' dir='ltr'><strong>retineat,</strong></span> <span class='ocrx_word' id='word_1_205' title='bbox 757 2680 975 2735; x_wconf 82' lang='lat' dir='ltr'><strong>gravem</strong></span> <span class='ocrx_word' id='word_1_206' title='bbox 1020 2666 1240 2724; x_wconf 84' lang='lat' dir='ltr'><strong>inducet</strong></span> <span class='ocrx_word' id='word_1_207' title='bbox 1284 2668 1503 2724; x_wconf 87' lang='lat' dir='ltr'><strong>famem.</strong></span> <span class='ocrx_word' id='word_1_208' title='bbox 1546 2671 1638 2725; x_wconf 90' lang='lat' dir='ltr'><strong>Sic</strong></span> <span class='ocrx_word' id='word_1_209' title='bbox 1665 2680 1722 2725; x_wconf 90' lang='lat' dir='ltr'><strong>et</strong></span> <span class='ocrx_word' id='word_1_210' title='bbox 1758 2672 1910 2726; x_wconf 85' lang='lat' dir='ltr'><strong>dives</strong></span> <span class='ocrx_word' id='word_1_211' title='bbox 1945 2672 1989 2725; x_wconf 91' lang='lat' dir='ltr'><strong>si</strong></span> <span class='ocrx_word' id='word_1_212' title='bbox 2018 2674 2071 2727; x_wconf 92' lang='lat' dir='ltr'><strong>in</strong></span> 
     </span>
    </p>
   </div>
   <div class='ocr_carea' id='block_1_27' title="bbox 478 2757 2069 2833">
    <p class='ocr_par' dir='ltr' id='par_1_27' title="bbox 478 2757 2069 2833">
     <span class='ocr_line' id='line_1_27' title="bbox 478 2757 2069 2833; baseline 0.003 -22"><span class='ocrx_word' id='word_1_213' title='bbox 478 2759 722 2825; x_wconf 89' lang='lat' dir='ltr'><strong>pecuniis</strong></span> <span class='ocrx_word' id='word_1_214' title='bbox 769 2758 873 2814; x_wconf 88' lang='lat' dir='ltr'><strong>hoc</strong></span> <span class='ocrx_word' id='word_1_215' title='bbox 916 2757 1099 2823; x_wconf 77' lang='lat' dir='ltr'><strong>faciat,</strong></span> <span class='ocrx_word' id='word_1_216' title='bbox 1129 2762 1371 2829; x_wconf 83' lang='lat' dir='ltr'><strong>seipsum</strong></span> <span class='ocrx_word' id='word_1_217' title='bbox 1414 2762 1564 2832; x_wconf 87' lang='lat' dir='ltr'><strong>prius</strong></span> <span class='ocrx_word' id='word_1_218' title='bbox 1609 2778 1767 2832; x_wconf 81' lang='lat' dir='ltr'><strong>quam</strong></span> <span class='ocrx_word' id='word_1_219' title='bbox 1809 2778 2069 2833; x_wconf 68' lang='lat' dir='ltr'><strong>pauperes</strong></span> 
     </span>
    </p>
   </div>
   <div class='ocr_carea' id='block_1_28' title="bbox 476 2849 1814 2923">
    <p class='ocr_par' dir='ltr' id='par_1_28' title="bbox 476 2849 1814 2923">
     <span class='ocr_line' id='line_1_28' title="bbox 476 2849 1814 2923; baseline 0.004 -22"><span class='ocrx_word' id='word_1_220' title='bbox 476 2850 689 2918; x_wconf 87' lang='lat' dir='ltr'><strong>perdet,</strong></span> <span class='ocrx_word' id='word_1_221' title='bbox 717 2849 981 2917; x_wconf 65' lang='lat' dir='ltr'><strong>gehennae</strong></span> <span class='ocrx_word' id='word_1_222' title='bbox 1025 2850 1298 2904; x_wconf 77' lang='lat' dir='ltr'><strong>flammam</strong></span> <span class='ocrx_word' id='word_1_223' title='bbox 1323 2854 1626 2922; x_wconf 82' lang='lat' dir='ltr'><strong>graviorem</strong></span> <span class='ocrx_word' id='word_1_224' title='bbox 1656 2855 1814 2923; x_wconf 79' lang='lat' dir='ltr'><strong>capiti</strong></span> 
     </span>
    </p>
   </div>
   <div class='ocr_carea' id='block_1_29' title="bbox 477 2939 1751 3011">
    <p class='ocr_par' dir='ltr' id='par_1_29' title="bbox 477 2939 1751 3011">
     <span class='ocr_line' id='line_1_29' title="bbox 477 2939 1751 3011; baseline 0.004 -19"><span class='ocrx_word' id='word_1_225' title='bbox 477 2956 694 3008; x_wconf 81' lang='lat' dir='ltr'><strong>parans.</strong></span> <span class='ocrx_word' id='word_1_226' title='bbox 731 2939 801 2995; x_wconf 87' lang='lat' dir='ltr'><strong>Ut</strong></span> <span class='ocrx_word' id='word_1_227' title='bbox 843 2956 974 3011; x_wconf 85' lang='lat' dir='ltr'><strong>ergo</strong></span> <span class='ocrx_word' id='word_1_228' title='bbox 1014 2941 1284 3006; x_wconf 85' lang='lat' dir='ltr'><strong>doctores,</strong></span> <span class='ocrx_word' id='word_1_229' title='bbox 1327 2943 1541 2999; x_wconf 88' lang='lat' dir='ltr'><strong>etiamsi</strong></span> <span class='ocrx_word' id='word_1_230' title='bbox 1592 2946 1751 2998; x_wconf 55' lang='lat' dir='ltr'><strong>multu</strong></span> 
     </span>
    </p>
   </div>
   <div class='ocr_carea' id='block_1_30' title="bbox 474 3030 1803 3103">
    <p class='ocr_par' dir='ltr' id='par_1_30' title="bbox 474 3030 1803 3103">
     <span class='ocr_line' id='line_1_30' title="bbox 474 3030 1803 3103; baseline 0.001 -21"><span class='ocrx_word' id='word_1_231' title='bbox 474 3030 791 3099; x_wconf 85' lang='lat' dir='ltr'><strong>discipulos,</strong></span> <span class='ocrx_word' id='word_1_232' title='bbox 819 3032 1046 3101; x_wconf 80' lang='lat' dir='ltr'><strong>singulis</strong></span> <span class='ocrx_word' id='word_1_233' title='bbox 1068 3044 1239 3086; x_wconf 85' lang='lat' dir='ltr'><strong>artem</strong></span> <span class='ocrx_word' id='word_1_234' title='bbox 1267 3048 1420 3088; x_wconf 80' lang='lat' dir='ltr'><strong>suam</strong></span> <span class='ocrx_word' id='word_1_235' title='bbox 1450 3034 1761 3103; x_wconf 76' lang='lat' dir='ltr'><strong>impertiant</strong></span> <span class='ocrx_word' id='word_1_236' title='bbox 1796 3055 1803 3083; x_wconf 84' lang='lat'>:</span> 
     </span>
    </p>
   </div>
   <div class='ocr_carea' id='block_1_31' title="bbox 472 3122 1901 3187">
    <p class='ocr_par' dir='ltr' id='par_1_31' title="bbox 472 3122 1901 3187">
     <span class='ocr_line' id='line_1_31' title="bbox 472 3122 1901 3187; baseline 0.002 -13"><span class='ocrx_word' id='word_1_237' title='bbox 472 3122 674 3174; x_wconf 76' lang='lat' dir='ltr'><strong>multos</strong></span> <span class='ocrx_word' id='word_1_238' title='bbox 701 3122 952 3187; x_wconf 85' lang='lat' dir='ltr'><strong>acquiras</strong></span> <span class='ocrx_word' id='word_1_239' title='bbox 981 3122 1245 3176; x_wconf 76' lang='lat' dir='ltr'><strong>beneficio</strong></span> <span class='ocrx_word' id='word_1_240' title='bbox 1266 3122 1493 3179; x_wconf 74' lang='lat' dir='ltr'><strong>affectos</strong></span> <span class='ocrx_word' id='word_1_241' title='bbox 1524 3143 1537 3179; x_wconf 90' lang='lat'><strong>:</strong></span> <span class='ocrx_word' id='word_1_242' title='bbox 1567 3135 1623 3179; x_wconf 87' lang='lat' dir='ltr'><strong>et</strong></span> <span class='ocrx_word' id='word_1_243' title='bbox 1650 3126 1829 3179; x_wconf 85' lang='lat' dir='ltr'><strong>dicant</strong></span> <span class='ocrx_word' id='word_1_244' title='bbox 1898 3170 1901 3177; x_wconf 88' lang='lat'><strong>.</strong></span> 
     </span>
    </p>
   </div>
   <div class='ocr_carea' id='block_1_32' title="bbox 1940 3249 2061 3257">
    <p class='ocr_par' dir='ltr' id='par_1_32' title="bbox 1940 3249 2061 3257">
     <span class='ocr_line' id='line_1_32' title="bbox 1940 3249 2061 3257; baseline 0.017 -2"><span class='ocrx_word' id='word_1_245' title='bbox 1940 3249 2061 3257; x_wconf 48' lang='lat' dir='ltr'><strong>M—</strong></span> 
     </span>
    </p>
   </div>
   <div class='ocr_carea' id='block_1_33' title="bbox 2188 460 3765 533">
    <p class='ocr_par' dir='ltr' id='par_1_33' title="bbox 2188 460 3765 533">
     <span class='ocr_line' id='line_1_33' title="bbox 2188 460 3765 533; baseline 0 -18"><span class='ocrx_word' id='word_1_246' title='bbox 2188 460 2338 515; x_wconf 85' lang='lat' dir='ltr'><strong>linnc</strong></span> <span class='ocrx_word' id='word_1_247' title='bbox 2384 461 2628 516; x_wconf 77' lang='lat' dir='ltr'><strong>liberavit</strong></span> <span class='ocrx_word' id='word_1_248' title='bbox 2669 476 2697 513; x_wconf 89' lang='lat' dir='ltr'><strong>a</strong></span> <span class='ocrx_word' id='word_1_249' title='bbox 2742 472 3079 533; x_wconf 85' lang='lat' dir='ltr'><strong>paupertate,</strong></span> <span class='ocrx_word' id='word_1_250' title='bbox 3110 463 3257 517; x_wconf 91' lang='lat' dir='ltr'><strong>illum</strong></span> <span class='ocrx_word' id='word_1_251' title='bbox 3289 478 3317 516; x_wconf 92' lang='lat' dir='ltr'><strong>a</strong></span> <span class='ocrx_word' id='word_1_252' title='bbox 3344 463 3642 533; x_wconf 83' lang='lat' dir='ltr'><strong>periculis;</strong></span> <span class='ocrx_word' id='word_1_253' title='bbox 3689 473 3765 529; x_wconf 89' lang='lat' dir='ltr'><strong>et,</strong></span> 
     </span>
    </p>
   </div>
   <div class='ocr_carea' id='block_1_34' title="bbox 2184 551 3763 624">
    <p class='ocr_par' dir='ltr' id='par_1_34' title="bbox 2184 551 3763 624">
     <span class='ocr_line' id='line_1_34' title="bbox 2184 551 3763 624; baseline 0.003 -19"><span class='ocrx_word' id='word_1_254' title='bbox 2184 551 2276 606; x_wconf 91' lang='lat' dir='ltr'><strong>Ille</strong></span> <span class='ocrx_word' id='word_1_255' title='bbox 2304 553 2577 621; x_wconf 82' lang='lat' dir='ltr'><strong>periisset,</strong></span> <span class='ocrx_word' id='word_1_256' title='bbox 2606 554 2708 607; x_wconf 88' lang='lat' dir='ltr'><strong>nisi</strong></span> <span class='ocrx_word' id='word_1_257' title='bbox 2736 568 2856 607; x_wconf 91' lang='lat' dir='ltr'><strong>cum</strong></span> <span class='ocrx_word' id='word_1_258' title='bbox 2878 552 3050 623; x_wconf 87' lang='lat' dir='ltr'><strong>gratia</strong></span> <span class='ocrx_word' id='word_1_259' title='bbox 3078 553 3171 609; x_wconf 87' lang='lat' dir='ltr'><strong>Dei</strong></span> <span class='ocrx_word' id='word_1_260' title='bbox 3200 554 3497 624; x_wconf 81' lang='lat' dir='ltr'><strong>patrocinio</strong></span> <span class='ocrx_word' id='word_1_261' title='bbox 3525 565 3617 609; x_wconf 90' lang='lat' dir='ltr'><strong>tuo</strong></span> <span class='ocrx_word' id='word_1_262' title='bbox 3640 569 3763 610; x_wconf 86' lang='lat' dir='ltr'><strong>ere-</strong></span> 
     </span>
    </p>
   </div>
   <div class='ocr_carea' id='block_1_35' title="bbox 2183 645 3762 717">
    <p class='ocr_par' dir='ltr' id='par_1_35' title="bbox 2183 645 3762 717">
     <span class='ocr_line' id='line_1_35' title="bbox 2183 645 3762 717; baseline 0.003 -21"><span class='ocrx_word' id='word_1_263' title='bbox 2183 652 2304 711; x_wconf 91' lang='lat' dir='ltr'><strong>ptus</strong></span> <span class='ocrx_word' id='word_1_264' title='bbox 2330 645 2514 703; x_wconf 81' lang='lat' dir='ltr'><strong>fuisset</strong></span> <span class='ocrx_word' id='word_1_265' title='bbox 2543 664 2556 699; x_wconf 89' lang='lat'><strong>:</strong></span> <span class='ocrx_word' id='word_1_266' title='bbox 2584 654 2640 700; x_wconf 89' lang='lat' dir='ltr'><strong>et</strong></span> <span class='ocrx_word' id='word_1_267' title='bbox 2680 646 2826 716; x_wconf 92' lang='lat' dir='ltr'><strong>quod</strong></span> <span class='ocrx_word' id='word_1_268' title='bbox 2855 648 2996 700; x_wconf 89' lang='lat' dir='ltr'><strong>hunc</strong></span> <span class='ocrx_word' id='word_1_269' title='bbox 3022 661 3055 701; x_wconf 90' lang='lat' dir='ltr'><strong>a</strong></span> <span class='ocrx_word' id='word_1_270' title='bbox 3084 646 3294 713; x_wconf 89' lang='lat' dir='ltr'><strong>morbo,</strong></span> <span class='ocrx_word' id='word_1_271' title='bbox 3323 646 3485 700; x_wconf 89' lang='lat' dir='ltr'><strong>alium</strong></span> <span class='ocrx_word' id='word_1_272' title='bbox 3529 662 3561 701; x_wconf 84' lang='lat' dir='ltr'><strong>a</strong></span> <span class='ocrx_word' id='word_1_273' title='bbox 3606 661 3762 717; x_wconf 68' lang='lat' dir='ltr'><strong>syro-</strong></span> 
     </span>
    </p>
   </div>
   <div class='ocr_carea' id='block_1_36' title="bbox 2182 737 3763 808">
    <p class='ocr_par' dir='ltr' id='par_1_36' title="bbox 2182 737 3763 808">
     <span class='ocr_line' id='line_1_36' title="bbox 2182 737 3763 808; baseline 0.001 -18"><span class='ocrx_word' id='word_1_274' title='bbox 2182 737 2397 806; x_wconf 86' lang='lat' dir='ltr'><strong>phantia</strong></span> <span class='ocrx_word' id='word_1_275' title='bbox 2423 738 2710 805; x_wconf 74' lang='lat' dir='ltr'><strong>exemeris,</strong></span> <span class='ocrx_word' id='word_1_276' title='bbox 2748 739 2913 793; x_wconf 91' lang='lat' dir='ltr'><strong>alium</strong></span> <span class='ocrx_word' id='word_1_277' title='bbox 2962 738 3227 808; x_wconf 89' lang='lat' dir='ltr'><strong>hospitem</strong></span> <span class='ocrx_word' id='word_1_278' title='bbox 3273 740 3574 808; x_wconf 79' lang='lat' dir='ltr'><strong>exceperis,</strong></span> <span class='ocrx_word' id='word_1_279' title='bbox 3599 739 3763 793; x_wconf 87' lang='lat' dir='ltr'><strong>alium</strong></span> 
     </span>
    </p>
   </div>
   <div class='ocr_carea' id='block_1_37' title="bbox 2184 827 3765 886">
    <p class='ocr_par' dir='ltr' id='par_1_37' title="bbox 2184 827 3765 886">
     <span class='ocr_line' id='line_1_37' title="bbox 2184 827 3765 886; baseline 0.001 -3"><span class='ocrx_word' id='word_1_280' title='bbox 2184 827 2383 883; x_wconf 91' lang='lat' dir='ltr'><strong>nudum</strong></span> <span class='ocrx_word' id='word_1_281' title='bbox 2411 829 2677 885; x_wconf 88' lang='lat' dir='ltr'><strong>vestieris.</strong></span> <span class='ocrx_word' id='word_1_282' title='bbox 2710 829 3011 884; x_wconf 86' lang='lat' dir='ltr'><strong>innumeris</strong></span> <span class='ocrx_word' id='word_1_283' title='bbox 3051 830 3251 885; x_wconf 83' lang='lat' dir='ltr'><strong>divitiis</strong></span> <span class='ocrx_word' id='word_1_284' title='bbox 3276 840 3330 884; x_wconf 83' lang='lat' dir='ltr'><strong>et</strong></span> <span class='ocrx_word' id='word_1_285' title='bbox 3353 830 3622 886; x_wconf 82' lang='lat' dir='ltr'><strong>thesauris</strong></span> <span class='ocrx_word' id='word_1_286' title='bbox 3647 846 3765 884; x_wconf 75' lang='lat' dir='ltr'><strong>uie-</strong></span> 
     </span>
    </p>
   </div>
   <div class='ocr_carea' id='block_1_38' title="bbox 2182 919 3765 991">
    <p class='ocr_par' dir='ltr' id='par_1_38' title="bbox 2182 919 3765 991">
     <span class='ocr_line' id='line_1_38' title="bbox 2182 919 3765 991; baseline 0 -16"><span class='ocrx_word' id='word_1_287' title='bbox 2182 919 2315 975; x_wconf 89' lang='lat' dir='ltr'><strong>liora</strong></span> <span class='ocrx_word' id='word_1_288' title='bbox 2359 931 2485 976; x_wconf 89' lang='lat' dir='ltr'><strong>sunt</strong></span> <span class='ocrx_word' id='word_1_289' title='bbox 2526 920 2643 977; x_wconf 77' lang='lat' dir='ltr'><strong>inec</strong></span> <span class='ocrx_word' id='word_1_290' title='bbox 2668 921 2871 985; x_wconf 84' lang='lat' dir='ltr'><strong>verba;</strong></span> <span class='ocrx_word' id='word_1_291' title='bbox 2914 935 3212 991; x_wconf 86' lang='lat' dir='ltr'><strong>omnesque</strong></span> <span class='ocrx_word' id='word_1_292' title='bbox 3249 920 3319 976; x_wconf 86' lang='lat' dir='ltr'><strong>ad</strong></span> <span class='ocrx_word' id='word_1_293' title='bbox 3361 936 3422 977; x_wconf 87' lang='lat' dir='ltr'><strong>se</strong></span> <span class='ocrx_word' id='word_1_294' title='bbox 3447 930 3765 976; x_wconf 80' lang='lat' dir='ltr'><strong>convertunt</strong></span> 
     </span>
    </p>
   </div>
   <div class='ocr_carea' id='block_1_39' title="bbox 2182 1008 3761 1085">
    <p class='ocr_par' dir='ltr' id='par_1_39' title="bbox 2182 1008 3761 1085">
     <span class='ocr_line' id='line_1_39' title="bbox 2182 1008 3761 1085; baseline 0 -16"><span class='ocrx_word' id='word_1_295' title='bbox 2182 1014 2352 1085; x_wconf 85' lang='lat' dir='ltr'><strong>magis</strong></span> <span class='ocrx_word' id='word_1_296' title='bbox 2386 1008 2555 1083; x_wconf 89' lang='lat' dir='ltr'><strong>quam</strong></span> <span class='ocrx_word' id='word_1_297' title='bbox 2602 1014 2924 1068; x_wconf 86' lang='lat' dir='ltr'><strong>vestimenta</strong></span> <span class='ocrx_word' id='word_1_298' title='bbox 2979 1028 3174 1079; x_wconf 89' lang='lat' dir='ltr'><strong>aurea,</strong></span> <span class='ocrx_word' id='word_1_299' title='bbox 3203 1013 3327 1083; x_wconf 89' lang='lat' dir='ltr'><strong>equi</strong></span> <span class='ocrx_word' id='word_1_300' title='bbox 3377 1023 3433 1067; x_wconf 90' lang='lat' dir='ltr'><strong>et</strong></span> <span class='ocrx_word' id='word_1_301' title='bbox 3477 1013 3761 1081; x_wconf 87' lang='lat' dir='ltr'><strong>mancipia.</strong></span> 
     </span>
    </p>
   </div>
   <div class='ocr_carea' id='block_1_40' title="bbox 2183 1104 3762 1175">
    <p class='ocr_par' dir='ltr' id='par_1_40' title="bbox 2183 1104 3762 1175">
     <span class='ocr_line' id='line_1_40' title="bbox 2183 1104 3762 1175; baseline -0.003 -13"><span class='ocrx_word' id='word_1_302' title='bbox 2183 1106 2309 1162; x_wconf 70' lang='lat' dir='ltr'><strong>Htec</strong></span> <span class='ocrx_word' id='word_1_303' title='bbox 2335 1107 2479 1162; x_wconf 91' lang='lat' dir='ltr'><strong>enim</strong></span> <span class='ocrx_word' id='word_1_304' title='bbox 2521 1105 2574 1159; x_wconf 91' lang='lat' dir='ltr'><strong>id</strong></span> <span class='ocrx_word' id='word_1_305' title='bbox 2601 1104 2861 1171; x_wconf 81' lang='lat' dir='ltr'><strong>eliiciunt,</strong></span> <span class='ocrx_word' id='word_1_306' title='bbox 2891 1113 2951 1159; x_wconf 88' lang='lat' dir='ltr'><strong>ut</strong></span> <span class='ocrx_word' id='word_1_307' title='bbox 2983 1105 3162 1175; x_wconf 86' lang='lat' dir='ltr'><strong>gravis</strong></span> <span class='ocrx_word' id='word_1_308' title='bbox 3187 1114 3243 1161; x_wconf 89' lang='lat' dir='ltr'><strong>et</strong></span> <span class='ocrx_word' id='word_1_309' title='bbox 3280 1104 3538 1159; x_wconf 85' lang='lat' dir='ltr'><strong>molestus</strong></span> <span class='ocrx_word' id='word_1_310' title='bbox 3577 1104 3762 1158; x_wconf 83' lang='lat' dir='ltr'><strong>videa-</strong></span> 
     </span>
    </p>
   </div>
   <div class='ocr_carea' id='block_1_41' title="bbox 2184 1196 3764 1270">
    <p class='ocr_par' dir='ltr' id='par_1_41' title="bbox 2184 1196 3764 1270">
     <span class='ocr_line' id='line_1_41' title="bbox 2184 1196 3764 1270; baseline -0.001 -15"><span class='ocrx_word' id='word_1_311' title='bbox 2184 1209 2302 1265; x_wconf 88' lang='lat' dir='ltr'><strong>tur;</strong></span> <span class='ocrx_word' id='word_1_312' title='bbox 2346 1208 2510 1270; x_wconf 88' lang='lat' dir='ltr'><strong>atque</strong></span> <span class='ocrx_word' id='word_1_313' title='bbox 2552 1207 2610 1253; x_wconf 89' lang='lat' dir='ltr'><strong>ut</strong></span> <span class='ocrx_word' id='word_1_314' title='bbox 2636 1198 2942 1253; x_wconf 88' lang='lat' dir='ltr'><strong>communis</strong></span> <span class='ocrx_word' id='word_1_315' title='bbox 2992 1196 3166 1253; x_wconf 79' lang='lat' dir='ltr'><strong>hostis</strong></span> <span class='ocrx_word' id='word_1_316' title='bbox 3189 1199 3314 1252; x_wconf 90' lang='lat' dir='ltr'><strong>odio</strong></span> <span class='ocrx_word' id='word_1_317' title='bbox 3341 1196 3601 1253; x_wconf 84' lang='lat' dir='ltr'><strong>habeatur</strong></span> <span class='ocrx_word' id='word_1_318' title='bbox 3630 1216 3643 1251; x_wconf 77' lang='grc' dir='ltr'>ε</span> <span class='ocrx_word' id='word_1_319' title='bbox 3675 1199 3764 1253; x_wconf 87' lang='lat' dir='ltr'><strong>illa</strong></span> 
     </span>
    </p>
   </div>
   <div class='ocr_carea' id='block_1_42' title="bbox 2181 1286 3763 1363">
    <p class='ocr_par' dir='ltr' id='par_1_42' title="bbox 2181 1286 3763 1363">
     <span class='ocr_line' id='line_1_42' title="bbox 2181 1286 3763 1363; baseline -0.001 -19"><span class='ocrx_word' id='word_1_320' title='bbox 2181 1304 2312 1347; x_wconf 82' lang='lat' dir='ltr'><strong>vero</strong></span> <span class='ocrx_word' id='word_1_321' title='bbox 2361 1299 2421 1344; x_wconf 91' lang='lat' dir='ltr'><strong>ut</strong></span> <span class='ocrx_word' id='word_1_322' title='bbox 2465 1298 2671 1360; x_wconf 82' lang='lat' dir='ltr'><strong>patrem</strong></span> <span class='ocrx_word' id='word_1_323' title='bbox 2697 1303 3043 1363; x_wconf 74' lang='lat' dir='ltr'><strong>communem</strong></span> <span class='ocrx_word' id='word_1_324' title='bbox 3068 1303 3132 1343; x_wconf 85' lang='lat' dir='ltr'><strong>ac</strong></span> <span class='ocrx_word' id='word_1_325' title='bbox 3160 1287 3459 1343; x_wconf 88' lang='lat' dir='ltr'><strong>beneficum</strong></span> <span class='ocrx_word' id='word_1_326' title='bbox 3496 1286 3763 1359; x_wconf 81' lang='lat' dir='ltr'><strong>depra-di-</strong></span> 
     </span>
    </p>
   </div>
   <div class='ocr_carea' id='block_1_43' title="bbox 2179 1380 3765 1454">
    <p class='ocr_par' dir='ltr' id='par_1_43' title="bbox 2179 1380 3765 1454">
     <span class='ocr_line' id='line_1_43' title="bbox 2179 1380 3765 1454; baseline -0.004 -14"><span class='ocrx_word' id='word_1_327' title='bbox 2179 1394 2336 1450; x_wconf 89' lang='lat' dir='ltr'><strong>cant;</strong></span> <span class='ocrx_word' id='word_1_328' title='bbox 2358 1392 2414 1439; x_wconf 89' lang='lat' dir='ltr'><strong>et</strong></span> <span class='ocrx_word' id='word_1_329' title='bbox 2442 1382 2585 1454; x_wconf 88' lang='lat' dir='ltr'><strong>quod</strong></span> <span class='ocrx_word' id='word_1_330' title='bbox 2611 1382 2851 1439; x_wconf 88' lang='lat' dir='ltr'><strong>omnium</strong></span> <span class='ocrx_word' id='word_1_331' title='bbox 2884 1383 3175 1436; x_wconf 78' lang='lat' dir='ltr'><strong>maximum</strong></span> <span class='ocrx_word' id='word_1_332' title='bbox 3192 1389 3301 1449; x_wconf 88' lang='lat' dir='ltr'><strong>est,</strong></span> <span class='ocrx_word' id='word_1_333' title='bbox 3321 1380 3412 1436; x_wconf 89' lang='lat' dir='ltr'><strong>Dei</strong></span> <span class='ocrx_word' id='word_1_334' title='bbox 3438 1380 3765 1435; x_wconf 88' lang='lat' dir='ltr'><strong>benevolen-</strong></span> 
     </span>
    </p>
   </div>
   <div class='ocr_carea' id='block_1_44' title="bbox 2182 1469 3764 1545">
    <p class='ocr_par' dir='ltr' id='par_1_44' title="bbox 2182 1469 3764 1545">
     <span class='ocr_line' id='line_1_44' title="bbox 2182 1469 3764 1545; baseline -0.004 -14"><span class='ocrx_word' id='word_1_335' title='bbox 2182 1475 2251 1531; x_wconf 83' lang='lat' dir='ltr'><strong>tia</strong></span> <span class='ocrx_word' id='word_1_336' title='bbox 2276 1485 2363 1529; x_wconf 89' lang='lat' dir='ltr'><strong>tua</strong></span> <span class='ocrx_word' id='word_1_337' title='bbox 2385 1489 2599 1544; x_wconf 89' lang='lat' dir='ltr'><strong>semper</strong></span> <span class='ocrx_word' id='word_1_338' title='bbox 2634 1482 2785 1545; x_wconf 84' lang='lat' dir='ltr'><strong>gesta</strong></span> <span class='ocrx_word' id='word_1_339' title='bbox 2802 1482 3080 1543; x_wconf 88' lang='lat' dir='ltr'><strong>sequetur.</strong></span> <span class='ocrx_word' id='word_1_340' title='bbox 3115 1472 3265 1526; x_wconf 82' lang='lat' dir='ltr'><strong>Dicat</strong></span> <span class='ocrx_word' id='word_1_341' title='bbox 3286 1485 3413 1541; x_wconf 88' lang='lat' dir='ltr'><strong>ergo</strong></span> <span class='ocrx_word' id='word_1_342' title='bbox 3436 1470 3543 1531; x_wconf 86' lang='lat' dir='ltr'><strong>hic.</strong></span> <span class='ocrx_word' id='word_1_343' title='bbox 3576 1469 3764 1525; x_wconf 75' lang='lat' dir='ltr'><strong>Filiam</strong></span> 
     </span>
    </p>
   </div>
   <div class='ocr_carea' id='block_1_45' title="bbox 2181 1561 3763 1629">
    <p class='ocr_par' dir='ltr' id='par_1_45' title="bbox 2181 1561 3763 1629">
     <span class='ocr_line' id='line_1_45' title="bbox 2181 1561 3763 1629; baseline -0.004 -9"><span class='ocrx_word' id='word_1_344' title='bbox 2181 1580 2353 1620; x_wconf 81' lang='lat' dir='ltr'><strong>meam</strong></span> <span class='ocrx_word' id='word_1_345' title='bbox 2365 1580 2486 1620; x_wconf 87' lang='lat' dir='ltr'><strong>cum</strong></span> <span class='ocrx_word' id='word_1_346' title='bbox 2503 1564 2629 1619; x_wconf 91' lang='lat' dir='ltr'><strong>dote</strong></span> <span class='ocrx_word' id='word_1_347' title='bbox 2647 1563 2872 1629; x_wconf 87' lang='lat' dir='ltr'><strong>locavit;</strong></span> <span class='ocrx_word' id='word_1_348' title='bbox 2890 1562 3045 1625; x_wconf 88' lang='lat' dir='ltr'><strong>alius,</strong></span> <span class='ocrx_word' id='word_1_349' title='bbox 3063 1561 3256 1617; x_wconf 79' lang='lat' dir='ltr'><strong>Filium</strong></span> <span class='ocrx_word' id='word_1_350' title='bbox 3269 1577 3446 1615; x_wconf 84' lang='lat' dir='ltr'><strong>meum</strong></span> <span class='ocrx_word' id='word_1_351' title='bbox 3465 1562 3516 1615; x_wconf 90' lang='lat' dir='ltr'><strong>in</strong></span> <span class='ocrx_word' id='word_1_352' title='bbox 3529 1561 3763 1614; x_wconf 82' lang='lat' dir='ltr'><strong>virorum</strong></span> 
     </span>
    </p>
   </div>
   <div class='ocr_carea' id='block_1_46' title="bbox 2178 1650 3763 1717">
    <p class='ocr_par' dir='ltr' id='par_1_46' title="bbox 2178 1650 3763 1717">
     <span class='ocr_line' id='line_1_46' title="bbox 2178 1650 3763 1717; baseline -0.004 -6"><span class='ocrx_word' id='word_1_353' title='bbox 2178 1671 2461 1711; x_wconf 88' lang='lat' dir='ltr'><strong>numerum</strong></span> <span class='ocrx_word' id='word_1_354' title='bbox 2496 1654 2681 1711; x_wconf 78' lang='lat' dir='ltr'><strong>efferri</strong></span> <span class='ocrx_word' id='word_1_355' title='bbox 2713 1654 2953 1717; x_wconf 87' lang='lat' dir='ltr'><strong>curavit;</strong></span> <span class='ocrx_word' id='word_1_356' title='bbox 2983 1653 3144 1716; x_wconf 88' lang='lat' dir='ltr'><strong>alius,</strong></span> <span class='ocrx_word' id='word_1_357' title='bbox 3182 1650 3548 1707; x_wconf 64' lang='lat' dir='ltr'><strong>(hismitatem</strong></span> <span class='ocrx_word' id='word_1_358' title='bbox 3589 1667 3763 1704; x_wconf 86' lang='lat' dir='ltr'><strong>meam</strong></span> 
     </span>
    </p>
   </div>
   <div class='ocr_carea' id='block_1_47' title="bbox 2178 1743 3764 1815">
    <p class='ocr_par' dir='ltr' id='par_1_47' title="bbox 2178 1743 3764 1815">
     <span class='ocr_line' id='line_1_47' title="bbox 2178 1743 3764 1815; baseline -0.008 -8"><span class='ocrx_word' id='word_1_359' title='bbox 2178 1750 2369 1814; x_wconf 74' lang='lat' dir='ltr'><strong>Solvit;</strong></span> <span class='ocrx_word' id='word_1_360' title='bbox 2390 1748 2551 1813; x_wconf 80' lang='lat' dir='ltr'><strong>alius,</strong></span> <span class='ocrx_word' id='word_1_361' title='bbox 2564 1745 2648 1801; x_wconf 71' lang='lat' dir='ltr'><strong>Ile</strong></span> <span class='ocrx_word' id='word_1_362' title='bbox 2664 1760 2693 1798; x_wconf 71' lang='grc' dir='ltr'>α</span> <span class='ocrx_word' id='word_1_363' title='bbox 2716 1745 2967 1815; x_wconf 87' lang='lat' dir='ltr'><strong>periculis</strong></span> <span class='ocrx_word' id='word_1_364' title='bbox 2986 1744 3198 1813; x_wconf 86' lang='lat' dir='ltr'><strong>eripuit.</strong></span> <span class='ocrx_word' id='word_1_365' title='bbox 3218 1744 3342 1798; x_wconf 71' lang='lat' dir='ltr'><strong>llaec</strong></span> <span class='ocrx_word' id='word_1_366' title='bbox 3357 1743 3573 1798; x_wconf 69' lang='lat' dir='ltr'><strong>coronis</strong></span> <span class='ocrx_word' id='word_1_367' title='bbox 3589 1743 3764 1795; x_wconf 76' lang='lat' dir='ltr'><strong>aureis</strong></span> 
     </span>
    </p>
   </div>
   <div class='ocr_carea' id='block_1_48' title="bbox 2178 1834 3761 1904">
    <p class='ocr_par' dir='ltr' id='par_1_48' title="bbox 2178 1834 3761 1904">
     <span class='ocr_line' id='line_1_48' title="bbox 2178 1834 3761 1904; baseline -0.006 -8"><span class='ocrx_word' id='word_1_368' title='bbox 2178 1842 2403 1896; x_wconf 82' lang='lat' dir='ltr'><strong>meliora</strong></span> <span class='ocrx_word' id='word_1_369' title='bbox 2418 1838 2580 1893; x_wconf 87' lang='lat' dir='ltr'><strong>verba</strong></span> <span class='ocrx_word' id='word_1_370' title='bbox 2596 1846 2742 1902; x_wconf 81' lang='lat' dir='ltr'><strong>sunt,</strong></span> <span class='ocrx_word' id='word_1_371' title='bbox 2766 1837 2913 1891; x_wconf 83' lang='lat' dir='ltr'><strong>mille.</strong></span> <span class='ocrx_word' id='word_1_372' title='bbox 2940 1835 3195 1890; x_wconf 79' lang='lat' dir='ltr'><strong>nimirum</strong></span> <span class='ocrx_word' id='word_1_373' title='bbox 3218 1849 3491 1904; x_wconf 54' lang='lat' dir='ltr'><strong>perennes</strong></span> <span class='ocrx_word' id='word_1_374' title='bbox 3518 1834 3761 1903; x_wconf 81' lang='lat' dir='ltr'><strong>benigni-</strong></span> 
     </span>
    </p>
   </div>
   <div class='ocr_carea' id='block_1_49' title="bbox 2179 1924 3764 2001">
    <p class='ocr_par' dir='ltr' id='par_1_49' title="bbox 2179 1924 3764 2001">
     <span class='ocr_line' id='line_1_49' title="bbox 2179 1924 3764 2001; baseline -0.006 -16"><span class='ocrx_word' id='word_1_375' title='bbox 2179 1932 2305 1985; x_wconf 85' lang='lat' dir='ltr'><strong>tatis</strong></span> <span class='ocrx_word' id='word_1_376' title='bbox 2328 1929 2559 2001; x_wconf 66' lang='lat' dir='ltr'><strong>propriaa</strong></span> <span class='ocrx_word' id='word_1_377' title='bbox 2595 1928 2647 1983; x_wconf 90' lang='lat' dir='ltr'><strong>in</strong></span> <span class='ocrx_word' id='word_1_378' title='bbox 2688 1926 2906 1982; x_wconf 81' lang='lat' dir='ltr'><strong>civitate</strong></span> <span class='ocrx_word' id='word_1_379' title='bbox 2934 1924 3136 1980; x_wconf 84' lang='lat' dir='ltr'><strong>habere</strong></span> <span class='ocrx_word' id='word_1_380' title='bbox 3165 1942 3180 1978; x_wconf 89' lang='lat'><strong>:</strong></span> <span class='ocrx_word' id='word_1_381' title='bbox 3213 1925 3295 1978; x_wconf 78' lang='lat' dir='ltr'><strong>hze</strong></span> <span class='ocrx_word' id='word_1_382' title='bbox 3335 1938 3528 1989; x_wconf 75' lang='lat' dir='ltr'><strong>voces,</strong></span> <span class='ocrx_word' id='word_1_383' title='bbox 3572 1938 3764 1991; x_wconf 77' lang='lat' dir='ltr'><strong>pra-co-</strong></span> 
     </span>
    </p>
   </div>
   <div class='ocr_carea' id='block_1_50' title="bbox 2179 2015 3764 2094">
    <p class='ocr_par' dir='ltr' id='par_1_50' title="bbox 2179 2015 3764 2094">
     <span class='ocr_line' id='line_1_50' title="bbox 2179 2015 3764 2094; baseline -0.007 -15"><span class='ocrx_word' id='word_1_384' title='bbox 2179 2041 2306 2079; x_wconf 86' lang='lat' dir='ltr'><strong>num</strong></span> <span class='ocrx_word' id='word_1_385' title='bbox 2322 2024 2553 2094; x_wconf 85' lang='lat' dir='ltr'><strong>quiante</strong></span> <span class='ocrx_word' id='word_1_386' title='bbox 2569 2022 2935 2092; x_wconf 85' lang='lat' dir='ltr'><strong>magistratum</strong></span> <span class='ocrx_word' id='word_1_387' title='bbox 2956 2019 3213 2074; x_wconf 88' lang='lat' dir='ltr'><strong>incedunt</strong></span> <span class='ocrx_word' id='word_1_388' title='bbox 3232 2032 3363 2073; x_wconf 86' lang='lat' dir='ltr'><strong>voce</strong></span> <span class='ocrx_word' id='word_1_389' title='bbox 3384 2018 3543 2087; x_wconf 86' lang='lat' dir='ltr'><strong>longe</strong></span> <span class='ocrx_word' id='word_1_390' title='bbox 3559 2015 3764 2071; x_wconf 86' lang='lat' dir='ltr'><strong>dulcio-</strong></span> 
     </span>
    </p>
   </div>
   <div class='ocr_carea' id='block_1_51' title="bbox 2176 2106 3763 2185">
    <p class='ocr_par' dir='ltr' id='par_1_51' title="bbox 2176 2106 3763 2185">
     <span class='ocr_line' id='line_1_51' title="bbox 2176 2106 3763 2185; baseline -0.006 -14"><span class='ocrx_word' id='word_1_391' title='bbox 2176 2130 2265 2171; x_wconf 87' lang='lat' dir='ltr'><strong>res</strong></span> <span class='ocrx_word' id='word_1_392' title='bbox 2292 2114 2673 2185; x_wconf 85' lang='lat' dir='ltr'><strong>suavioresque</strong></span> <span class='ocrx_word' id='word_1_393' title='bbox 2686 2121 2833 2177; x_wconf 87' lang='lat' dir='ltr'><strong>sunt,</strong></span> <span class='ocrx_word' id='word_1_394' title='bbox 2848 2112 3029 2166; x_wconf 89' lang='lat' dir='ltr'><strong>vocari</strong></span> <span class='ocrx_word' id='word_1_395' title='bbox 3051 2125 3246 2179; x_wconf 88' lang='lat' dir='ltr'><strong>nempe</strong></span> <span class='ocrx_word' id='word_1_396' title='bbox 3278 2118 3635 2175; x_wconf 82' lang='lat' dir='ltr'><strong>servatorem,</strong></span> <span class='ocrx_word' id='word_1_397' title='bbox 3671 2106 3763 2161; x_wconf 87' lang='lat' dir='ltr'><strong>be-</strong></span> 
     </span>
    </p>
   </div>
   <div class='ocr_carea' id='block_1_52' title="bbox 2176 2205 3761 2279">
    <p class='ocr_par' dir='ltr' id='par_1_52' title="bbox 2176 2205 3761 2279">
     <span class='ocr_line' id='line_1_52' title="bbox 2176 2205 3761 2279; baseline -0.006 -14"><span class='ocrx_word' id='word_1_398' title='bbox 2176 2209 2429 2275; x_wconf 65' lang='lat' dir='ltr'><strong>neﬁcam,</strong></span> <span class='ocrx_word' id='word_1_399' title='bbox 2447 2217 2882 2279; x_wconf 58' lang='lat' dir='ltr'><strong>pati-anumque</strong></span> <span class='ocrx_word' id='word_1_400' title='bbox 2906 2213 3033 2261; x_wconf 84' lang='lat' dir='ltr'><strong>sunt</strong></span> <span class='ocrx_word' id='word_1_401' title='bbox 3061 2205 3156 2259; x_wconf 86' lang='lat' dir='ltr'><strong>Dei</strong></span> <span class='ocrx_word' id='word_1_402' title='bbox 3188 2205 3404 2259; x_wconf 86' lang='lat' dir='ltr'><strong>nomina</strong></span> <span class='ocrx_word' id='word_1_403' title='bbox 3422 2220 3436 2258; x_wconf 89' lang='lat'><strong>:</strong></span> <span class='ocrx_word' id='word_1_404' title='bbox 3455 2217 3561 2257; x_wconf 87' lang='lat' dir='ltr'><strong>non</strong></span> <span class='ocrx_word' id='word_1_405' title='bbox 3579 2211 3761 2257; x_wconf 66' lang='lat' dir='ltr'><strong>autem</strong></span> 
     </span>
    </p>
   </div>
   <div class='ocr_carea' id='block_1_53' title="bbox 2175 2292 3760 2367">
    <p class='ocr_par' dir='ltr' id='par_1_53' title="bbox 2175 2292 3760 2367">
     <span class='ocr_line' id='line_1_53' title="bbox 2175 2292 3760 2367; baseline -0.006 -11"><span class='ocrx_word' id='word_1_406' title='bbox 2175 2306 2785 2367; x_wconf 82' lang='lat' dir='ltr'><strong>avarum,arrogantem,</strong></span> <span class='ocrx_word' id='word_1_407' title='bbox 2805 2295 3177 2361; x_wconf 85' lang='lat' dir='ltr'><strong>insatiabilem,</strong></span> <span class='ocrx_word' id='word_1_408' title='bbox 3198 2309 3438 2366; x_wconf 91' lang='lat' dir='ltr'><strong>parcum.</strong></span> <span class='ocrx_word' id='word_1_409' title='bbox 3454 2292 3760 2363; x_wconf 50' lang='lat' dir='ltr'><strong>quucso,</strong></span> 
     </span>
    </p>
   </div>
   <div class='ocr_carea' id='block_1_54' title="bbox 2176 2386 3761 2456">
    <p class='ocr_par' dir='ltr' id='par_1_54' title="bbox 2176 2386 3761 2456">
     <span class='ocr_line' id='line_1_54' title="bbox 2176 2386 3761 2456; baseline -0.006 -9"><span class='ocrx_word' id='word_1_410' title='bbox 2176 2408 2244 2447; x_wconf 89' lang='lat' dir='ltr'><strong>ne</strong></span> <span class='ocrx_word' id='word_1_411' title='bbox 2275 2392 2440 2447; x_wconf 86' lang='lat' dir='ltr'><strong>ullam</strong></span> <span class='ocrx_word' id='word_1_412' title='bbox 2472 2390 2635 2444; x_wconf 87' lang='lat' dir='ltr'><strong>talem</strong></span> <span class='ocrx_word' id='word_1_413' title='bbox 2662 2401 2850 2442; x_wconf 86' lang='lat' dir='ltr'><strong>vocem</strong></span> <span class='ocrx_word' id='word_1_414' title='bbox 2880 2395 3216 2456; x_wconf 86' lang='lat' dir='ltr'><strong>appetamus,</strong></span> <span class='ocrx_word' id='word_1_415' title='bbox 3244 2386 3340 2441; x_wconf 85' lang='lat' dir='ltr'><strong>sed</strong></span> <span class='ocrx_word' id='word_1_416' title='bbox 3380 2386 3601 2439; x_wconf 88' lang='lat' dir='ltr'><strong>omnino</strong></span> <span class='ocrx_word' id='word_1_417' title='bbox 3628 2398 3761 2438; x_wconf 86' lang='lat' dir='ltr'><strong>con-</strong></span> 
     </span>
    </p>
   </div>
   <div class='ocr_carea' id='block_1_55' title="bbox 2178 2473 3760 2543">
    <p class='ocr_par' dir='ltr' id='par_1_55' title="bbox 2178 2473 3760 2543">
     <span class='ocr_line' id='line_1_55' title="bbox 2178 2473 3760 2543; baseline -0.006 -6"><span class='ocrx_word' id='word_1_418' title='bbox 2178 2483 2391 2537; x_wconf 87' lang='lat' dir='ltr'><strong>trarias.</strong></span> <span class='ocrx_word' id='word_1_419' title='bbox 2420 2479 2552 2535; x_wconf 81' lang='lat' dir='ltr'><strong>Nam</strong></span> <span class='ocrx_word' id='word_1_420' title='bbox 2582 2478 2626 2533; x_wconf 88' lang='lat' dir='ltr'><strong>si</strong></span> <span class='ocrx_word' id='word_1_421' title='bbox 2655 2477 2773 2531; x_wconf 64' lang='lat' dir='ltr'><strong>haec</strong></span> <span class='ocrx_word' id='word_1_422' title='bbox 2804 2478 2855 2530; x_wconf 92' lang='lat' dir='ltr'><strong>in</strong></span> <span class='ocrx_word' id='word_1_423' title='bbox 2887 2478 3045 2530; x_wconf 86' lang='lat' dir='ltr'><strong>terris</strong></span> <span class='ocrx_word' id='word_1_424' title='bbox 3068 2476 3296 2543; x_wconf 85' lang='lat' dir='ltr'><strong>prolata,</strong></span> <span class='ocrx_word' id='word_1_425' title='bbox 3328 2475 3399 2529; x_wconf 87' lang='lat' dir='ltr'><strong>ita</strong></span> <span class='ocrx_word' id='word_1_426' title='bbox 3423 2473 3760 2543; x_wconf 82' lang='lat' dir='ltr'><strong>splendidum</strong></span> 
     </span>
    </p>
   </div>
   <div class='ocr_carea' id='block_1_56' title="bbox 2174 2565 3757 2636">
    <p class='ocr_par' dir='ltr' id='par_1_56' title="bbox 2174 2565 3757 2636">
     <span class='ocr_line' id='line_1_56' title="bbox 2174 2565 3757 2636; baseline -0.006 -7"><span class='ocrx_word' id='word_1_427' title='bbox 2174 2582 2233 2629; x_wconf 86' lang='lat' dir='ltr'><strong>et</strong></span> <span class='ocrx_word' id='word_1_428' title='bbox 2252 2573 2518 2628; x_wconf 82' lang='lat' dir='ltr'><strong>illustrem</strong></span> <span class='ocrx_word' id='word_1_429' title='bbox 2540 2570 2811 2632; x_wconf 85' lang='lat' dir='ltr'><strong>reddunt;</strong></span> <span class='ocrx_word' id='word_1_430' title='bbox 2840 2583 2962 2623; x_wconf 86' lang='lat' dir='ltr'><strong>cum</strong></span> <span class='ocrx_word' id='word_1_431' title='bbox 2983 2583 3043 2621; x_wconf 91' lang='lat' dir='ltr'><strong>ca</strong></span> <span class='ocrx_word' id='word_1_432' title='bbox 3067 2568 3265 2636; x_wconf 86' lang='lat' dir='ltr'><strong>scripta</strong></span> <span class='ocrx_word' id='word_1_433' title='bbox 3290 2565 3486 2621; x_wconf 86' lang='lat' dir='ltr'><strong>fuerint</strong></span> <span class='ocrx_word' id='word_1_434' title='bbox 3516 2568 3565 2620; x_wconf 84' lang='lat' dir='ltr'><strong>in</strong></span> <span class='ocrx_word' id='word_1_435' title='bbox 3590 2565 3757 2630; x_wconf 64' lang='lat' dir='ltr'><strong>caelis,</strong></span> 
     </span>
    </p>
   </div>
   <div class='ocr_carea' id='block_1_57' title="bbox 2174 2660 3763 2729">
    <p class='ocr_par' dir='ltr' id='par_1_57' title="bbox 2174 2660 3763 2729">
     <span class='ocr_line' id='line_1_57' title="bbox 2174 2660 3763 2729; baseline -0.004 -8"><span class='ocrx_word' id='word_1_436' title='bbox 2174 2675 2233 2721; x_wconf 72' lang='lat' dir='ltr'><strong>et</strong></span> <span class='ocrx_word' id='word_1_437' title='bbox 2277 2666 2331 2720; x_wconf 88' lang='lat' dir='ltr'><strong>in</strong></span> <span class='ocrx_word' id='word_1_438' title='bbox 2373 2665 2463 2719; x_wconf 81' lang='lat' dir='ltr'><strong>die</strong></span> <span class='ocrx_word' id='word_1_439' title='bbox 2506 2663 2687 2718; x_wconf 80' lang='lat' dir='ltr'><strong>futuro</strong></span> <span class='ocrx_word' id='word_1_440' title='bbox 2730 2662 2868 2715; x_wconf 84' lang='lat' dir='ltr'><strong>Deus</strong></span> <span class='ocrx_word' id='word_1_441' title='bbox 2914 2661 3000 2714; x_wconf 89' lang='lat' dir='ltr'><strong>illa</strong></span> <span class='ocrx_word' id='word_1_442' title='bbox 3031 2660 3334 2729; x_wconf 79' lang='lat' dir='ltr'><strong>protulerit,</strong></span> <span class='ocrx_word' id='word_1_443' title='bbox 3358 2660 3533 2728; x_wconf 83' lang='lat' dir='ltr'><strong>cogita</strong></span> <span class='ocrx_word' id='word_1_444' title='bbox 3562 2670 3763 2727; x_wconf 83' lang='lat' dir='ltr'><strong>quanta</strong></span> 
     </span>
    </p>
   </div>
   <div class='ocr_carea' id='block_1_58' title="bbox 2174 2752 3762 2824">
    <p class='ocr_par' dir='ltr' id='par_1_58' title="bbox 2174 2752 3762 2824">
     <span class='ocr_line' id='line_1_58' title="bbox 2174 2752 3762 2824; baseline -0.003 -13"><span class='ocrx_word' id='word_1_445' title='bbox 2174 2758 2373 2812; x_wconf 82' lang='lat' dir='ltr'><strong>frueris</strong></span> <span class='ocrx_word' id='word_1_446' title='bbox 2393 2756 2657 2819; x_wconf 76' lang='lat' dir='ltr'><strong>claritate,</strong></span> <span class='ocrx_word' id='word_1_447' title='bbox 2689 2762 2889 2824; x_wconf 88' lang='lat' dir='ltr'><strong>quanto</strong></span> <span class='ocrx_word' id='word_1_448' title='bbox 2911 2752 3196 2819; x_wconf 83' lang='lat' dir='ltr'><strong>splendore</strong></span> <span class='ocrx_word' id='word_1_449' title='bbox 3217 2770 3231 2801; x_wconf 88' lang='lat'><strong>:</strong></span> <span class='ocrx_word' id='word_1_450' title='bbox 3256 2767 3415 2821; x_wconf 89' lang='lat' dir='ltr'><strong>quem</strong></span> <span class='ocrx_word' id='word_1_451' title='bbox 3447 2766 3545 2805; x_wconf 88' lang='lat' dir='ltr'><strong>nos</strong></span> <span class='ocrx_word' id='word_1_452' title='bbox 3571 2766 3762 2807; x_wconf 87' lang='lat' dir='ltr'><strong>omnes</strong></span> 
     </span>
    </p>
   </div>
   <div class='ocr_carea' id='block_1_59' title="bbox 2190 2843 3762 2918">
    <p class='ocr_par' dir='ltr' id='par_1_59' title="bbox 2190 2843 3762 2918">
     <span class='ocr_line' id='line_1_59' title="bbox 2190 2843 3762 2918; baseline -0.003 -17"><span class='ocrx_word' id='word_1_453' title='bbox 2190 2850 2383 2918; x_wconf 56' lang='lat' dir='ltr'><strong>uscqui</strong></span> <span class='ocrx_word' id='word_1_454' title='bbox 2406 2844 2701 2916; x_wconf 89' lang='lat' dir='ltr'><strong>contingat,</strong></span> <span class='ocrx_word' id='word_1_455' title='bbox 2728 2845 2897 2914; x_wconf 84' lang='lat' dir='ltr'><strong>gratia</strong></span> <span class='ocrx_word' id='word_1_456' title='bbox 2921 2854 2974 2897; x_wconf 87' lang='lat' dir='ltr'><strong>et</strong></span> <span class='ocrx_word' id='word_1_457' title='bbox 3000 2843 3327 2912; x_wconf 86' lang='lat' dir='ltr'><strong>benignitate</strong></span> <span class='ocrx_word' id='word_1_458' title='bbox 3356 2843 3566 2896; x_wconf 88' lang='lat' dir='ltr'><strong>Domini</strong></span> <span class='ocrx_word' id='word_1_459' title='bbox 3590 2844 3762 2897; x_wconf 87' lang='lat' dir='ltr'><strong>nostri</strong></span> 
     </span>
    </p>
   </div>
   <div class='ocr_carea' id='block_1_60' title="bbox 2208 2935 3763 3009">
    <p class='ocr_par' dir='ltr' id='par_1_60' title="bbox 2208 2935 3763 3009">
     <span class='ocr_line' id='line_1_60' title="bbox 2208 2935 3763 3009; baseline -0.004 -14"><span class='ocrx_word' id='word_1_460' title='bbox 2208 2958 2304 2996; x_wconf 69' lang='lat' dir='ltr'><strong>esu</strong></span> <span class='ocrx_word' id='word_1_461' title='bbox 2333 2940 2552 3002; x_wconf 84' lang='lat' dir='ltr'><strong>Christi,</strong></span> <span class='ocrx_word' id='word_1_462' title='bbox 2600 2939 2817 3009; x_wconf 80' lang='lat' dir='ltr'><strong>quicum</strong></span> <span class='ocrx_word' id='word_1_463' title='bbox 2872 2937 3016 2989; x_wconf 81' lang='lat' dir='ltr'><strong>Patri</strong></span> <span class='ocrx_word' id='word_1_464' title='bbox 3056 2950 3267 3001; x_wconf 91' lang='lat' dir='ltr'><strong>unaque</strong></span> <span class='ocrx_word' id='word_1_465' title='bbox 3311 2935 3531 3003; x_wconf 82' lang='lat' dir='ltr'><strong>Spiritui</strong></span> <span class='ocrx_word' id='word_1_466' title='bbox 3573 2946 3763 2990; x_wconf 86' lang='lat' dir='ltr'><strong>sancto</strong></span> 
     </span>
    </p>
   </div>
   <div class='ocr_carea' id='block_1_61' title="bbox 2177 3027 3759 3099">
    <p class='ocr_par' dir='ltr' id='par_1_61' title="bbox 2177 3027 3759 3099">
     <span class='ocr_line' id='line_1_61' title="bbox 2177 3027 3759 3099; baseline -0.002 -16"><span class='ocrx_word' id='word_1_467' title='bbox 2177 3032 2367 3099; x_wconf 67' lang='lat' dir='ltr'><strong>gloria,</strong></span> <span class='ocrx_word' id='word_1_468' title='bbox 2394 3030 2701 3097; x_wconf 85' lang='lat' dir='ltr'><strong>imperium,</strong></span> <span class='ocrx_word' id='word_1_469' title='bbox 2732 3027 2925 3090; x_wconf 84' lang='lat' dir='ltr'><strong>honor,</strong></span> <span class='ocrx_word' id='word_1_470' title='bbox 2958 3040 3101 3080; x_wconf 85' lang='lat' dir='ltr'><strong>nunc</strong></span> <span class='ocrx_word' id='word_1_471' title='bbox 3132 3034 3188 3079; x_wconf 90' lang='lat' dir='ltr'><strong>et</strong></span> <span class='ocrx_word' id='word_1_472' title='bbox 3212 3040 3442 3095; x_wconf 77' lang='lat' dir='ltr'><strong>sctnpcr,</strong></span> <span class='ocrx_word' id='word_1_473' title='bbox 3473 3036 3525 3080; x_wconf 86' lang='lat' dir='ltr'><strong>et</strong></span> <span class='ocrx_word' id='word_1_474' title='bbox 3566 3028 3617 3079; x_wconf 91' lang='lat' dir='ltr'><strong>in</strong></span> <span class='ocrx_word' id='word_1_475' title='bbox 3658 3042 3759 3081; x_wconf 71' lang='lat' dir='ltr'><strong>sae-</strong></span> 
     </span>
    </p>
   </div>
   <div class='ocr_carea' id='block_1_62' title="bbox 2178 3121 2890 3182">
    <p class='ocr_par' dir='ltr' id='par_1_62' title="bbox 2178 3121 2890 3182">
     <span class='ocr_line' id='line_1_62' title="bbox 2178 3121 2890 3182; baseline -0.011 -2"><span class='ocrx_word' id='word_1_476' title='bbox 2178 3127 2295 3182; x_wconf 68' lang='lat' dir='ltr'><strong>tula</strong></span> <span class='ocrx_word' id='word_1_477' title='bbox 2326 3123 2672 3178; x_wconf 65' lang='lat' dir='ltr'><strong>surculorum.</strong></span> <span class='ocrx_word' id='word_1_478' title='bbox 2693 3121 2890 3174; x_wconf 80' lang='lat' dir='ltr'><strong>Amen.</strong></span> 
     </span>
    </p>
   </div>
   <div class='ocr_carea' id='block_1_63' title="bbox 2068 3245 2483 3261">
    <p class='ocr_par' dir='ltr' id='par_1_63' title="bbox 2068 3245 2483 3261">
     <span class='ocr_line' id='line_1_63' title="bbox 2068 3245 2483 3261; baseline -0.002 -2"><span class='ocrx_word' id='word_1_479' title='bbox 2068 3245 2483 3261; x_wconf 51' lang='grc' dir='ltr'><strong>Μ</strong></span> 
     </span>
    </p>
   </div>
   <div class='ocr_carea' id='block_1_64' title="bbox 1893 3330 2403 3393">
    <p class='ocr_par' dir='ltr' id='par_1_64' title="bbox 1893 3330 2403 3393">
     <span class='ocr_line' id='line_1_64' title="bbox 1893 3330 2403 3393; baseline -0.002 -3"><span class='ocrx_word' id='word_1_480' title='bbox 1893 3330 2243 3393; x_wconf 70' lang='grc' dir='ltr'><strong>ΗΟΜΙΙΛΛ</strong></span> <span class='ocrx_word' id='word_1_481' title='bbox 2289 3330 2403 3392; x_wconf 76' lang='grc' dir='ltr'><strong>Χι.</strong></span> 
     </span>
    </p>
   </div>
   <div class='ocr_carea' id='block_1_65' title="bbox 476 3458 2068 3533">
    <p class='ocr_par' dir='ltr' id='par_1_65' title="bbox 476 3458 2068 3533">
     <span class='ocr_line' id='line_1_65' title="bbox 476 3458 2068 3533; baseline 0.006 -21"><span class='ocrx_word' id='word_1_482' title='bbox 476 3458 605 3513; x_wconf 64' lang='lat' dir='ltr'><strong>Car.</strong></span> <span class='ocrx_word' id='word_1_483' title='bbox 634 3460 688 3515; x_wconf 72' lang='grc'><strong>4.</strong></span> <span class='ocrx_word' id='word_1_484' title='bbox 719 3476 769 3513; x_wconf 86' lang='lat' dir='ltr'><strong>v.</strong></span> <span class='ocrx_word' id='word_1_485' title='bbox 803 3460 856 3515; x_wconf 73' lang='grc' dir='ltr'><strong>ὅ.</strong></span> <span class='ocrx_word' id='word_1_486' title='bbox 888 3460 1022 3515; x_wconf 68' lang='lat' dir='ltr'><strong>Mihi</strong></span> <span class='ocrx_word' id='word_1_487' title='bbox 1060 3474 1233 3517; x_wconf 74' lang='lat' dir='ltr'><strong>autem</strong></span> <span class='ocrx_word' id='word_1_488' title='bbox 1278 3481 1373 3533; x_wconf 82' lang='lat' dir='ltr'><strong>pro</strong></span> <span class='ocrx_word' id='word_1_489' title='bbox 1406 3464 1618 3519; x_wconf 85' lang='lat' dir='ltr'><strong>minimo</strong></span> <span class='ocrx_word' id='word_1_490' title='bbox 1658 3476 1734 3519; x_wconf 78' lang='lat' dir='ltr'><strong>est</strong></span> <span class='ocrx_word' id='word_1_491' title='bbox 1780 3477 1837 3521; x_wconf 79' lang='lat' dir='ltr'><strong>ut</strong></span> <span class='ocrx_word' id='word_1_492' title='bbox 1867 3485 1898 3520; x_wconf 93' lang='lat' dir='ltr'><strong>a</strong></span> <span class='ocrx_word' id='word_1_493' title='bbox 1927 3469 2068 3521; x_wconf 78' lang='lat' dir='ltr'><strong>vobis</strong></span> 
     </span>
    </p>
   </div>
   <div class='ocr_carea' id='block_1_66' title="bbox 554 3551 2068 3628">
    <p class='ocr_par' dir='ltr' id='par_1_66' title="bbox 554 3551 2068 3628">
     <span class='ocr_line' id='line_1_66' title="bbox 554 3551 2068 3628; baseline 0.002 -21"><span class='ocrx_word' id='word_1_494' title='bbox 554 3551 767 3615; x_wconf 77' lang='lat' dir='ltr'><strong>indirer,</strong></span> <span class='ocrx_word' id='word_1_495' title='bbox 794 3561 887 3605; x_wconf 70' lang='lat' dir='ltr'><strong>aut</strong></span> <span class='ocrx_word' id='word_1_496' title='bbox 910 3553 974 3605; x_wconf 80' lang='lat' dir='ltr'><strong>ub</strong></span> <span class='ocrx_word' id='word_1_497' title='bbox 998 3552 1222 3607; x_wconf 70' lang='lat' dir='ltr'><strong>humano</strong></span> <span class='ocrx_word' id='word_1_498' title='bbox 1246 3555 1370 3618; x_wconf 81' lang='lat' dir='ltr'><strong>die;</strong></span> <span class='ocrx_word' id='word_1_499' title='bbox 1397 3556 1486 3608; x_wconf 84' lang='lat' dir='ltr'><strong>sed</strong></span> <span class='ocrx_word' id='word_1_500' title='bbox 1523 3572 1683 3625; x_wconf 84' lang='lat' dir='ltr'><strong>neque</strong></span> <span class='ocrx_word' id='word_1_501' title='bbox 1712 3557 1955 3627; x_wconf 75' lang='lat' dir='ltr'><strong>meipsnm</strong></span> <span class='ocrx_word' id='word_1_502' title='bbox 1970 3559 2068 3628; x_wconf 86' lang='lat' dir='ltr'><strong>jn-</strong></span> 
     </span>
    </p>
   </div>
   <div class='ocr_carea' id='block_1_67' title="bbox 544 3641 2071 3715">
    <p class='ocr_par' dir='ltr' id='par_1_67' title="bbox 544 3641 2071 3715">
     <span class='ocr_line' id='line_1_67' title="bbox 544 3641 2071 3715; baseline 0.007 -22"><span class='ocrx_word' id='word_1_503' title='bbox 544 3642 742 3708; x_wconf 50' lang='lat' dir='ltr'><strong>dicoﬁ.</strong></span> <span class='ocrx_word' id='word_1_504' title='bbox 773 3641 929 3715; x_wconf 82' lang='lat' dir='ltr'><strong>(nihil</strong></span> <span class='ocrx_word' id='word_1_505' title='bbox 965 3645 1105 3698; x_wconf 70' lang='lat' dir='ltr'><strong>enim</strong></span> <span class='ocrx_word' id='word_1_506' title='bbox 1150 3646 1273 3698; x_wconf 80' lang='lat' dir='ltr'><strong>mihi</strong></span> <span class='ocrx_word' id='word_1_507' title='bbox 1311 3647 1545 3700; x_wconf 77' lang='lat' dir='ltr'><strong>conscius</strong></span> <span class='ocrx_word' id='word_1_508' title='bbox 1589 3661 1735 3711; x_wconf 76' lang='lat' dir='ltr'><strong>sunt;</strong></span> <span class='ocrx_word' id='word_1_509' title='bbox 1772 3648 1865 3701; x_wconf 82' lang='lat' dir='ltr'><strong>sed</strong></span> <span class='ocrx_word' id='word_1_510' title='bbox 1889 3650 2071 3703; x_wconf 82' lang='lat' dir='ltr'><strong>nonin</strong></span> 
     </span>
    </p>
   </div>
   <div class='ocr_carea' id='block_1_68' title="bbox 540 3733 2070 3807">
    <p class='ocr_par' dir='ltr' id='par_1_68' title="bbox 540 3733 2070 3807">
     <span class='ocr_line' id='line_1_68' title="bbox 540 3733 2070 3807; baseline 0.004 -22"><span class='ocrx_word' id='word_1_511' title='bbox 540 3734 635 3786; x_wconf 81' lang='lat' dir='ltr'><strong>hoc</strong></span> <span class='ocrx_word' id='word_1_512' title='bbox 662 3733 977 3803; x_wconf 72' lang='lat' dir='ltr'><strong>jastiﬁcat‘tts</strong></span> <span class='ocrx_word' id='word_1_513' title='bbox 1000 3736 1163 3806; x_wconf 71' lang='lat' dir='ltr'><strong>sunt);</strong></span> <span class='ocrx_word' id='word_1_514' title='bbox 1201 3737 1284 3805; x_wconf 82' lang='lat' dir='ltr'><strong>qui</strong></span> <span class='ocrx_word' id='word_1_515' title='bbox 1308 3747 1475 3790; x_wconf 79' lang='lat' dir='ltr'><strong>autem</strong></span> <span class='ocrx_word' id='word_1_516' title='bbox 1505 3737 1712 3807; x_wconf 70' lang='lat' dir='ltr'><strong>judico!</strong></span> <span class='ocrx_word' id='word_1_517' title='bbox 1737 3754 1837 3804; x_wconf 70' lang='lat' dir='ltr'><strong>me,</strong></span> <span class='ocrx_word' id='word_1_518' title='bbox 1891 3737 2070 3793; x_wconf 55' lang='lat' dir='ltr'><strong>Domi.</strong></span> 
     </span>
    </p>
   </div>
   <div class='ocr_carea' id='block_1_69' title="bbox 547 3831 1534 3881">
    <p class='ocr_par' dir='ltr' id='par_1_69' title="bbox 547 3831 1534 3881">
     <span class='ocr_line' id='line_1_69' title="bbox 547 3831 1534 3881; baseline 0.01 -2"><span class='ocrx_word' id='word_1_519' title='bbox 547 3843 645 3881; x_wconf 76' lang='lat' dir='ltr'><strong>mis</strong></span> <span class='ocrx_word' id='word_1_520' title='bbox 670 3836 766 3881; x_wconf 81' lang='lat' dir='ltr'><strong>est.</strong></span> <span class='ocrx_word' id='word_1_521' title='bbox 1532 3831 1534 3834; x_wconf 61' lang='grc'><em>’</em></span> 
     </span>
    </p>
   </div>
   <div class='ocr_carea' id='block_1_70' title="bbox 541 3914 2070 3989">
    <p class='ocr_par' dir='ltr' id='par_1_70' title="bbox 541 3914 2070 3989">
     <span class='ocr_line' id='line_1_70' title="bbox 541 3914 2070 3989; baseline 0.003 -16"><span class='ocrx_word' id='word_1_522' title='bbox 541 3921 594 3973; x_wconf 81' lang='lat' dir='ltr'><strong>i.</strong></span> <span class='ocrx_word' id='word_1_523' title='bbox 626 3919 761 3973; x_wconf 82' lang='lat' dir='ltr'><strong>Cum</strong></span> <span class='ocrx_word' id='word_1_524' title='bbox 794 3914 917 3973; x_wconf 88' lang='lat' dir='ltr'><strong>aliis</strong></span> <span class='ocrx_word' id='word_1_525' title='bbox 961 3918 1118 3972; x_wconf 87' lang='lat' dir='ltr'><strong>malis</strong></span> <span class='ocrx_word' id='word_1_526' title='bbox 1165 3920 1350 3974; x_wconf 86' lang='lat' dir='ltr'><strong>nescio</strong></span> <span class='ocrx_word' id='word_1_527' title='bbox 1395 3919 1668 3989; x_wconf 90' lang='lat' dir='ltr'><strong>quomodo</strong></span> <span class='ocrx_word' id='word_1_528' title='bbox 1696 3920 1946 3976; x_wconf 82' lang='lat' dir='ltr'><strong>inductus</strong></span> <span class='ocrx_word' id='word_1_529' title='bbox 1985 3930 2070 3977; x_wconf 89' lang='lat' dir='ltr'><strong>est</strong></span> 
     </span>
    </p>
   </div>
   <div class='ocr_carea' id='block_1_71' title="bbox 470 4012 2069 4086">
    <p class='ocr_par' dir='ltr' id='par_1_71' title="bbox 470 4012 2069 4086">
     <span class='ocr_line' id='line_1_71' title="bbox 470 4012 2069 4086; baseline 0.003 -20"><span class='ocrx_word' id='word_1_530' title='bbox 470 4014 523 4067; x_wconf 89' lang='lat' dir='ltr'><strong>in</strong></span> <span class='ocrx_word' id='word_1_531' title='bbox 544 4012 818 4065; x_wconf 86' lang='lat' dir='ltr'><strong>hominum</strong></span> <span class='ocrx_word' id='word_1_532' title='bbox 840 4023 1085 4066; x_wconf 86' lang='lat' dir='ltr'><strong>naturam</strong></span> <span class='ocrx_word' id='word_1_533' title='bbox 1103 4012 1433 4067; x_wconf 86' lang='lat' dir='ltr'><strong>curiositatis</strong></span> <span class='ocrx_word' id='word_1_534' title='bbox 1447 4023 1502 4067; x_wconf 91' lang='lat' dir='ltr'><strong>et</strong></span> <span class='ocrx_word' id='word_1_535' title='bbox 1520 4014 1838 4083; x_wconf 66' lang='lat' dir='ltr'><strong>importuna</strong></span> <span class='ocrx_word' id='word_1_536' title='bbox 1851 4015 2069 4086; x_wconf 82' lang='lat' dir='ltr'><strong>perqui-</strong></span> 
     </span>
    </p>
   </div>
   <div class='ocr_carea' id='block_1_72' title="bbox 470 4100 2065 4176">
    <p class='ocr_par' dir='ltr' id='par_1_72' title="bbox 470 4100 2065 4176">
     <span class='ocr_line' id='line_1_72' title="bbox 470 4100 2065 4176; baseline 0.001 -19"><span class='ocrx_word' id='word_1_537' title='bbox 470 4106 533 4157; x_wconf 88' lang='lat' dir='ltr'><strong>sit</strong></span> <span class='ocrx_word' id='word_1_538' title='bbox 544 4104 680 4156; x_wconf 82' lang='lat' dir='ltr'><strong>iouis</strong></span> <span class='ocrx_word' id='word_1_539' title='bbox 695 4102 915 4156; x_wconf 89' lang='lat' dir='ltr'><strong>morbus</strong></span> <span class='ocrx_word' id='word_1_540' title='bbox 931 4119 942 4154; x_wconf 91' lang='lat'>:</span> <span class='ocrx_word' id='word_1_541' title='bbox 957 4117 1117 4171; x_wconf 89' lang='lat' dir='ltr'><strong>quem</strong></span> <span class='ocrx_word' id='word_1_542' title='bbox 1126 4102 1293 4156; x_wconf 85' lang='lat' dir='ltr'><strong>etiam</strong></span> <span class='ocrx_word' id='word_1_543' title='bbox 1311 4100 1554 4159; x_wconf 88' lang='lat' dir='ltr'><strong>Christus</strong></span> <span class='ocrx_word' id='word_1_544' title='bbox 1570 4105 1848 4176; x_wconf 86' lang='lat' dir='ltr'><strong>castigavit</strong></span> <span class='ocrx_word' id='word_1_545' title='bbox 1859 4104 2065 4160; x_wconf 85' lang='lat' dir='ltr'><strong>dicens:</strong></span> 
     </span>
    </p>
   </div>
   <div class='ocr_carea' id='block_1_73' title="bbox 479 4190 2065 4267">
    <p class='ocr_par' dir='ltr' id='par_1_73' title="bbox 479 4190 2065 4267">
     <span class='ocr_line' id='line_1_73' title="bbox 479 4190 2065 4267; baseline 0 -18"><span class='ocrx_word' id='word_1_546' title='bbox 479 4194 657 4249; x_wconf 81' lang='lat' dir='ltr'><strong>Nolite</strong></span> <span class='ocrx_word' id='word_1_547' title='bbox 664 4197 903 4265; x_wconf 77' lang='lat' dir='ltr'><strong>judicare</strong></span> <span class='ocrx_word' id='word_1_548' title='bbox 921 4235 936 4259; x_wconf 93' lang='lat'><strong>,</strong></span> <span class='ocrx_word' id='word_1_549' title='bbox 972 4205 1027 4247; x_wconf 85' lang='lat' dir='ltr'><strong>tu</strong></span> <span class='ocrx_word' id='word_1_550' title='bbox 1052 4211 1154 4249; x_wconf 85' lang='lat' dir='ltr'><strong>non</strong></span> <span class='ocrx_word' id='word_1_551' title='bbox 1162 4190 1468 4265; x_wconf 79' lang='lat' dir='ltr'><strong>judicemim&#39;</strong></span> <span class='ocrx_word' id='word_1_552' title='bbox 1491 4193 1708 4267; x_wconf 73' lang='lat' dir='ltr'><strong>(Matth.</strong></span> <span class='ocrx_word' id='word_1_553' title='bbox 1733 4198 1786 4251; x_wconf 85' lang='lat'><strong>7.</strong></span> <span class='ocrx_word' id='word_1_554' title='bbox 1816 4197 1893 4267; x_wconf 79' lang='lat' dir='ltr'><strong>l).</strong></span> <span class='ocrx_word' id='word_1_555' title='bbox 1912 4196 2065 4264; x_wconf 84' lang='lat' dir='ltr'><strong>Quod</strong></span> 
     </span>
    </p>
   </div>
   <div class='ocr_carea' id='block_1_74' title="bbox 475 4281 2068 4358">
    <p class='ocr_par' dir='ltr' id='par_1_74' title="bbox 475 4281 2068 4358">
     <span class='ocr_line' id='line_1_74' title="bbox 475 4281 2068 4358; baseline 0 -15"><span class='ocrx_word' id='word_1_556' title='bbox 475 4299 623 4345; x_wconf 86' lang='lat' dir='ltr'><strong>certe</strong></span> <span class='ocrx_word' id='word_1_557' title='bbox 645 4290 842 4343; x_wconf 85' lang='lat' dir='ltr'><strong>nullam</strong></span> <span class='ocrx_word' id='word_1_558' title='bbox 870 4289 1199 4355; x_wconf 82' lang='lat' dir='ltr'><strong>voluptatem</strong></span> <span class='ocrx_word' id='word_1_559' title='bbox 1222 4287 1406 4353; x_wconf 81' lang='lat' dir='ltr'><strong>habet,</strong></span> <span class='ocrx_word' id='word_1_560' title='bbox 1432 4281 1701 4343; x_wconf 48' lang='lat' dir='ltr'><strong>nt&#39;habenl</strong></span> <span class='ocrx_word' id='word_1_561' title='bbox 1722 4298 1913 4343; x_wconf 68' lang='lat' dir='ltr'><strong>caetera</strong></span> <span class='ocrx_word' id='word_1_562' title='bbox 1942 4303 2068 4358; x_wconf 86' lang='lat' dir='ltr'><strong>pec-</strong></span> 
     </span>
    </p>
   </div>
   <div class='ocr_carea' id='block_1_75' title="bbox 472 4379 2069 4447">
    <p class='ocr_par' dir='ltr' id='par_1_75' title="bbox 472 4379 2069 4447">
     <span class='ocr_line' id='line_1_75' title="bbox 472 4379 2069 4447; baseline -0.001 -13"><span class='ocrx_word' id='word_1_563' title='bbox 472 4390 612 4445; x_wconf 86' lang='lat' dir='ltr'><strong>cata,</strong></span> <span class='ocrx_word' id='word_1_564' title='bbox 636 4380 729 4433; x_wconf 77' lang='lat' dir='ltr'><strong>sed</strong></span> <span class='ocrx_word' id='word_1_565' title='bbox 747 4380 919 4434; x_wconf 87' lang='lat' dir='ltr'><strong>solum</strong></span> <span class='ocrx_word' id='word_1_566' title='bbox 944 4394 1157 4447; x_wconf 75' lang='lat' dir='ltr'><strong>ptenatn</strong></span> <span class='ocrx_word' id='word_1_567' title='bbox 1178 4394 1242 4433; x_wconf 87' lang='lat' dir='ltr'><strong>ac</strong></span> <span class='ocrx_word' id='word_1_568' title='bbox 1264 4379 1603 4447; x_wconf 83' lang='lat' dir='ltr'><strong>supplicium.</strong></span> <span class='ocrx_word' id='word_1_569' title='bbox 1624 4379 1887 4433; x_wconf 80' lang='lat' dir='ltr'><strong>Nnmcum</strong></span> <span class='ocrx_word' id='word_1_570' title='bbox 1914 4380 2069 4433; x_wconf 87' lang='lat' dir='ltr'><strong>innu-</strong></span> 
     </span>
    </p>
   </div>
   <div class='ocr_carea' id='block_1_76' title="bbox 476 4468 2066 4536">
    <p class='ocr_par' dir='ltr' id='par_1_76' title="bbox 476 4468 2066 4536">
     <span class='ocr_line' id='line_1_76' title="bbox 476 4468 2066 4536; baseline -0.003 -11"><span class='ocrx_word' id='word_1_571' title='bbox 476 4470 643 4526; x_wconf 74' lang='lat' dir='ltr'><strong>meris</strong></span> <span class='ocrx_word' id='word_1_572' title='bbox 662 4470 850 4536; x_wconf 72' lang='lat' dir='ltr'><strong>repleti</strong></span> <span class='ocrx_word' id='word_1_573' title='bbox 881 4470 1049 4523; x_wconf 82' lang='lat' dir='ltr'><strong>simus</strong></span> <span class='ocrx_word' id='word_1_574' title='bbox 1071 4469 1248 4533; x_wconf 90' lang='lat' dir='ltr'><strong>malis,</strong></span> <span class='ocrx_word' id='word_1_575' title='bbox 1269 4478 1324 4522; x_wconf 93' lang='lat' dir='ltr'><strong>et</strong></span> <span class='ocrx_word' id='word_1_576' title='bbox 1343 4468 1522 4524; x_wconf 86' lang='lat' dir='ltr'><strong>trabes</strong></span> <span class='ocrx_word' id='word_1_577' title='bbox 1544 4469 1777 4523; x_wconf 85' lang='lat' dir='ltr'><strong>feramus</strong></span> <span class='ocrx_word' id='word_1_578' title='bbox 1800 4470 1850 4523; x_wconf 91' lang='lat' dir='ltr'><strong>in</strong></span> <span class='ocrx_word' id='word_1_579' title='bbox 1874 4470 2066 4535; x_wconf 88' lang='lat' dir='ltr'><strong>oculis,</strong></span> 
     </span>
    </p>
   </div>
   <div class='ocr_carea' id='block_1_77' title="bbox 469 4559 2066 4631">
    <p class='ocr_par' dir='ltr' id='par_1_77' title="bbox 469 4559 2066 4631">
     <span class='ocr_line' id='line_1_77' title="bbox 469 4559 2066 4631; baseline -0.003 -13"><span class='ocrx_word' id='word_1_580' title='bbox 469 4562 699 4631; x_wconf 67' lang='lat' dir='ltr'><strong>proximi</strong></span> <span class='ocrx_word' id='word_1_581' title='bbox 740 4570 978 4631; x_wconf 87' lang='lat' dir='ltr'><strong>peccata,</strong></span> <span class='ocrx_word' id='word_1_582' title='bbox 1004 4562 1170 4616; x_wconf 91' lang='lat' dir='ltr'><strong>etiam</strong></span> <span class='ocrx_word' id='word_1_583' title='bbox 1195 4576 1257 4615; x_wconf 89' lang='lat' dir='ltr'><strong>ea</strong></span> <span class='ocrx_word' id='word_1_584' title='bbox 1285 4576 1407 4631; x_wconf 78' lang='lat' dir='ltr'><strong>qua:</strong></span> <span class='ocrx_word' id='word_1_585' title='bbox 1434 4576 1465 4615; x_wconf 88' lang='lat' dir='ltr'><strong>a</strong></span> <span class='ocrx_word' id='word_1_586' title='bbox 1508 4559 1732 4616; x_wconf 86' lang='lat' dir='ltr'><strong>festucis</strong></span> <span class='ocrx_word' id='word_1_587' title='bbox 1781 4560 1914 4615; x_wconf 86' lang='lat' dir='ltr'><strong>nihil</strong></span> <span class='ocrx_word' id='word_1_588' title='bbox 1956 4559 2066 4616; x_wconf 80' lang='lat' dir='ltr'><strong>dif-</strong></span> 
     </span>
    </p>
   </div>
   <div class='ocr_carea' id='block_1_78' title="bbox 470 4650 2068 4717">
    <p class='ocr_par' dir='ltr' id='par_1_78' title="bbox 470 4650 2068 4717">
     <span class='ocr_line' id='line_1_78' title="bbox 470 4650 2068 4717; baseline 0 -12"><span class='ocrx_word' id='word_1_589' title='bbox 470 4654 670 4717; x_wconf 76' lang='lat' dir='ltr'><strong>ierunt,</strong></span> <span class='ocrx_word' id='word_1_590' title='bbox 699 4660 949 4707; x_wconf 83' lang='lat' dir='ltr'><strong>accurate</strong></span> <span class='ocrx_word' id='word_1_591' title='bbox 975 4652 1350 4707; x_wconf 71' lang='lat' dir='ltr'><strong>eaamiuamus</strong></span> <span class='ocrx_word' id='word_1_592' title='bbox 1386 4669 1399 4705; x_wconf 90' lang='lat'><strong>:</strong></span> <span class='ocrx_word' id='word_1_593' title='bbox 1435 4653 1577 4707; x_wconf 87' lang='lat' dir='ltr'><strong>sicut</strong></span> <span class='ocrx_word' id='word_1_594' title='bbox 1613 4653 1775 4707; x_wconf 90' lang='lat' dir='ltr'><strong>etiam</strong></span> <span class='ocrx_word' id='word_1_595' title='bbox 1822 4650 2068 4705; x_wconf 81' lang='lat' dir='ltr'><strong>Corinthi</strong></span> 
     </span>
    </p>
   </div>
   <div class='ocr_carea' id='block_1_79' title="bbox 477 4745 2065 4816">
    <p class='ocr_par' dir='ltr' id='par_1_79' title="bbox 477 4745 2065 4816">
     <span class='ocr_line' id='line_1_79' title="bbox 477 4745 2065 4816; baseline -0.001 -17"><span class='ocrx_word' id='word_1_596' title='bbox 477 4746 694 4800; x_wconf 90' lang='lat' dir='ltr'><strong>accidit.</strong></span> <span class='ocrx_word' id='word_1_597' title='bbox 748 4745 903 4798; x_wconf 72' lang='lat' dir='ltr'><strong>Viros</strong></span> <span class='ocrx_word' id='word_1_598' title='bbox 948 4759 1181 4813; x_wconf 89' lang='lat' dir='ltr'><strong>namque</strong></span> <span class='ocrx_word' id='word_1_599' title='bbox 1235 4750 1352 4813; x_wconf 85' lang='lat' dir='ltr'><strong>pios</strong></span> <span class='ocrx_word' id='word_1_600' title='bbox 1376 4756 1431 4799; x_wconf 89' lang='lat' dir='ltr'><strong>et</strong></span> <span class='ocrx_word' id='word_1_601' title='bbox 1485 4747 1594 4801; x_wconf 91' lang='lat' dir='ltr'><strong>Deo</strong></span> <span class='ocrx_word' id='word_1_602' title='bbox 1640 4761 1796 4802; x_wconf 88' lang='lat' dir='ltr'><strong>caros</strong></span> <span class='ocrx_word' id='word_1_603' title='bbox 1842 4753 2065 4816; x_wconf 77' lang='lat' dir='ltr'><strong>propter</strong></span> 
     </span>
    </p>
   </div>
   <div class='ocr_carea' id='block_1_80' title="bbox 483 4836 2067 4906">
    <p class='ocr_par' dir='ltr' id='par_1_80' title="bbox 483 4836 2067 4906">
     <span class='ocr_line' id='line_1_80' title="bbox 483 4836 2067 4906; baseline 0 -16"><span class='ocrx_word' id='word_1_604' title='bbox 483 4838 751 4891; x_wconf 89' lang='lat' dir='ltr'><strong>inscitiam</strong></span> <span class='ocrx_word' id='word_1_605' title='bbox 791 4836 1144 4889; x_wconf 86' lang='lat' dir='ltr'><strong>traducebant</strong></span> <span class='ocrx_word' id='word_1_606' title='bbox 1171 4844 1227 4889; x_wconf 89' lang='lat' dir='ltr'><strong>et</strong></span> <span class='ocrx_word' id='word_1_607' title='bbox 1267 4836 1577 4901; x_wconf 80' lang='lat' dir='ltr'><strong>ejiciebant,</strong></span> <span class='ocrx_word' id='word_1_608' title='bbox 1622 4840 1759 4892; x_wconf 80' lang='lat' dir='ltr'><strong>alios</strong></span> <span class='ocrx_word' id='word_1_609' title='bbox 1798 4854 1946 4903; x_wconf 86' lang='lat' dir='ltr'><strong>vero,</strong></span> <span class='ocrx_word' id='word_1_610' title='bbox 1977 4836 2067 4906; x_wconf 82' lang='lat' dir='ltr'><strong>qui</strong></span> 
     </span>
    </p>
   </div>
   <div class='ocr_carea' id='block_1_81' title="bbox 482 4927 2067 4997">
    <p class='ocr_par' dir='ltr' id='par_1_81' title="bbox 482 4927 2067 4997">
     <span class='ocr_line' id='line_1_81' title="bbox 482 4927 2067 4997; baseline -0.001 -13"><span class='ocrx_word' id='word_1_611' title='bbox 482 4930 781 4985; x_wconf 87' lang='lat' dir='ltr'><strong>innumeris</strong></span> <span class='ocrx_word' id='word_1_612' title='bbox 824 4936 982 4983; x_wconf 86' lang='lat' dir='ltr'><strong>erant</strong></span> <span class='ocrx_word' id='word_1_613' title='bbox 1014 4927 1158 4981; x_wconf 78' lang='lat' dir='ltr'><strong>vitiis</strong></span> <span class='ocrx_word' id='word_1_614' title='bbox 1189 4928 1388 4991; x_wconf 79' lang='lat' dir='ltr'><strong>OllUSli,</strong></span> <span class='ocrx_word' id='word_1_615' title='bbox 1420 4932 1595 4997; x_wconf 89' lang='lat' dir='ltr'><strong>magni</strong></span> <span class='ocrx_word' id='word_1_616' title='bbox 1627 4928 1895 4983; x_wconf 82' lang='lat' dir='ltr'><strong>faciebant</strong></span> <span class='ocrx_word' id='word_1_617' title='bbox 1940 4943 2067 4997; x_wconf 87' lang='lat' dir='ltr'><strong>pro-</strong></span> 
     </span>
    </p>
   </div>
   <div class='ocr_carea' id='block_1_82' title="bbox 477 5018 2067 5091">
    <p class='ocr_par' dir='ltr' id='par_1_82' title="bbox 477 5018 2067 5091">
     <span class='ocr_line' id='line_1_82' title="bbox 477 5018 2067 5091; baseline -0.001 -16"><span class='ocrx_word' id='word_1_618' title='bbox 477 5034 595 5091; x_wconf 86' lang='lat' dir='ltr'><strong>pter</strong></span> <span class='ocrx_word' id='word_1_619' title='bbox 621 5020 1008 5091; x_wconf 88' lang='lat' dir='ltr'><strong>eloquentiam.</strong></span> <span class='ocrx_word' id='word_1_620' title='bbox 1027 5018 1257 5083; x_wconf 88' lang='lat' dir='ltr'><strong>Deinde,</strong></span> <span class='ocrx_word' id='word_1_621' title='bbox 1278 5028 1543 5087; x_wconf 86' lang='lat' dir='ltr'><strong>tamquam</strong></span> <span class='ocrx_word' id='word_1_622' title='bbox 1559 5018 1764 5088; x_wconf 89' lang='lat' dir='ltr'><strong>judices</strong></span> <span class='ocrx_word' id='word_1_623' title='bbox 1796 5020 2067 5085; x_wconf 83' lang='lat' dir='ltr'><strong>sedentes,</strong></span> 
     </span>
    </p>
   </div>
   <div class='ocr_carea' id='block_1_83' title="bbox 476 5110 2069 5184">
    <p class='ocr_par' dir='ltr' id='par_1_83' title="bbox 476 5110 2069 5184">
     <span class='ocr_line' id='line_1_83' title="bbox 476 5110 2069 5184; baseline -0.001 -17"><span class='ocrx_word' id='word_1_624' title='bbox 476 5114 591 5167; x_wconf 69' lang='lat' dir='ltr'><strong>btec</strong></span> <span class='ocrx_word' id='word_1_625' title='bbox 617 5115 925 5181; x_wconf 86' lang='lat' dir='ltr'><strong>petulanter</strong></span> <span class='ocrx_word' id='word_1_626' title='bbox 971 5113 1420 5184; x_wconf 83' lang='lat' dir='ltr'><strong>pronuntiabant:</strong></span> <span class='ocrx_word' id='word_1_627' title='bbox 1471 5110 1565 5166; x_wconf 84' lang='lat' dir='ltr'><strong>ilic</strong></span> <span class='ocrx_word' id='word_1_628' title='bbox 1593 5112 1785 5181; x_wconf 81' lang='lat' dir='ltr'><strong>dignus</strong></span> <span class='ocrx_word' id='word_1_629' title='bbox 1823 5121 1925 5178; x_wconf 89' lang='lat' dir='ltr'><strong>est,</strong></span> <span class='ocrx_word' id='word_1_630' title='bbox 1968 5114 2069 5167; x_wconf 88' lang='lat' dir='ltr'><strong>iste</strong></span> 
     </span>
    </p>
   </div>
   <div class='ocr_carea' id='block_1_84' title="bbox 478 5203 2069 5271">
    <p class='ocr_par' dir='ltr' id='par_1_84' title="bbox 478 5203 2069 5271">
     <span class='ocr_line' id='line_1_84' title="bbox 478 5203 2069 5271; baseline -0.002 -11"><span class='ocrx_word' id='word_1_631' title='bbox 478 5206 671 5260; x_wconf 85' lang='lat' dir='ltr'><strong>melior</strong></span> <span class='ocrx_word' id='word_1_632' title='bbox 698 5204 788 5259; x_wconf 92' lang='lat' dir='ltr'><strong>illo</strong></span> <span class='ocrx_word' id='word_1_633' title='bbox 828 5215 944 5271; x_wconf 82' lang='lat' dir='ltr'><strong>est;</strong></span> <span class='ocrx_word' id='word_1_634' title='bbox 971 5215 1028 5261; x_wconf 91' lang='lat' dir='ltr'><strong>et</strong></span> <span class='ocrx_word' id='word_1_635' title='bbox 1070 5204 1156 5259; x_wconf 90' lang='lat' dir='ltr'><strong>hic</strong></span> <span class='ocrx_word' id='word_1_636' title='bbox 1186 5204 1259 5259; x_wconf 79' lang='lat' dir='ltr'><strong>illi</strong></span> <span class='ocrx_word' id='word_1_637' title='bbox 1315 5203 1556 5269; x_wconf 88' lang='lat' dir='ltr'><strong>inferior,</strong></span> <span class='ocrx_word' id='word_1_638' title='bbox 1605 5213 1661 5258; x_wconf 91' lang='lat' dir='ltr'><strong>et</strong></span> <span class='ocrx_word' id='word_1_639' title='bbox 1688 5204 1775 5257; x_wconf 88' lang='lat' dir='ltr'><strong>ille</strong></span> <span class='ocrx_word' id='word_1_640' title='bbox 1818 5204 1920 5257; x_wconf 92' lang='lat' dir='ltr'><strong>isto</strong></span> <span class='ocrx_word' id='word_1_641' title='bbox 1957 5219 2069 5257; x_wconf 83' lang='lat' dir='ltr'><strong>me-</strong></span> 
     </span>
    </p>
   </div>
   <div class='ocr_carea' id='block_1_85' title="bbox 479 5295 2060 5367">
    <p class='ocr_par' dir='ltr' id='par_1_85' title="bbox 479 5295 2060 5367">
     <span class='ocr_line' id='line_1_85' title="bbox 479 5295 2060 5367; baseline -0.004 -12"><span class='ocrx_word' id='word_1_642' title='bbox 479 5301 603 5362; x_wconf 88' lang='lat' dir='ltr'><strong>lior;</strong></span> <span class='ocrx_word' id='word_1_643' title='bbox 636 5308 687 5351; x_wconf 87' lang='lat' dir='ltr'><strong>et</strong></span> <span class='ocrx_word' id='word_1_644' title='bbox 713 5313 806 5350; x_wconf 88' lang='lat' dir='ltr'><strong>sua</strong></span> <span class='ocrx_word' id='word_1_645' title='bbox 837 5299 1021 5367; x_wconf 83' lang='lat' dir='ltr'><strong>lugere</strong></span> <span class='ocrx_word' id='word_1_646' title='bbox 1056 5298 1197 5352; x_wconf 86' lang='lat' dir='ltr'><strong>mala</strong></span> <span class='ocrx_word' id='word_1_647' title='bbox 1226 5312 1331 5352; x_wconf 90' lang='lat' dir='ltr'><strong>non</strong></span> <span class='ocrx_word' id='word_1_648' title='bbox 1356 5306 1628 5359; x_wconf 85' lang='lat' dir='ltr'><strong>curantes,</strong></span> <span class='ocrx_word' id='word_1_649' title='bbox 1660 5295 1889 5349; x_wconf 89' lang='lat' dir='ltr'><strong>aliorum</strong></span> <span class='ocrx_word' id='word_1_650' title='bbox 1916 5296 2060 5365; x_wconf 59' lang='lat' dir='ltr'><strong>iudi-</strong></span> 
     </span>
    </p>
   </div>
   <div class='ocr_carea' id='block_1_86' title="bbox 478 5388 2067 5461">
    <p class='ocr_par' dir='ltr' id='par_1_86' title="bbox 478 5388 2067 5461">
     <span class='ocr_line' id='line_1_86' title="bbox 478 5388 2067 5461; baseline -0.003 -13"><span class='ocrx_word' id='word_1_651' title='bbox 478 5410 570 5448; x_wconf 82' lang='lat' dir='ltr'><strong>ces</strong></span> <span class='ocrx_word' id='word_1_652' title='bbox 594 5401 777 5455; x_wconf 87' lang='lat' dir='ltr'><strong>erant;</strong></span> <span class='ocrx_word' id='word_1_653' title='bbox 808 5390 1037 5461; x_wconf 87' lang='lat' dir='ltr'><strong>hincque</strong></span> <span class='ocrx_word' id='word_1_654' title='bbox 1080 5392 1258 5461; x_wconf 76' lang='lat' dir='ltr'><strong>gravia</strong></span> <span class='ocrx_word' id='word_1_655' title='bbox 1288 5390 1426 5445; x_wconf 82' lang='lat' dir='ltr'><strong>bella</strong></span> <span class='ocrx_word' id='word_1_656' title='bbox 1454 5389 1819 5442; x_wconf 87' lang='lat' dir='ltr'><strong>concitabant.</strong></span> <span class='ocrx_word' id='word_1_657' title='bbox 1872 5388 2067 5443; x_wconf 87' lang='lat' dir='ltr'><strong>Paulus</strong></span> 
     </span>
    </p>
   </div>
   <div class='ocr_carea' id='block_1_87' title="bbox 480 5480 2067 5555">
    <p class='ocr_par' dir='ltr' id='par_1_87' title="bbox 480 5480 2067 5555">
     <span class='ocr_line' id='line_1_87' title="bbox 480 5480 2067 5555; baseline -0.003 -17"><span class='ocrx_word' id='word_1_658' title='bbox 480 5501 610 5555; x_wconf 81' lang='lat' dir='ltr'><strong>ergo</strong></span> <span class='ocrx_word' id='word_1_659' title='bbox 662 5484 803 5537; x_wconf 88' lang='lat' dir='ltr'><strong>hunc</strong></span> <span class='ocrx_word' id='word_1_660' title='bbox 852 5484 1097 5537; x_wconf 88' lang='lat' dir='ltr'><strong>morbum</strong></span> <span class='ocrx_word' id='word_1_661' title='bbox 1149 5484 1363 5545; x_wconf 81' lang='lat' dir='ltr'><strong>tollens,</strong></span> <span class='ocrx_word' id='word_1_662' title='bbox 1416 5482 1535 5536; x_wconf 90' lang='lat' dir='ltr'><strong>vide</strong></span> <span class='ocrx_word' id='word_1_663' title='bbox 1574 5496 1730 5550; x_wconf 87' lang='lat' dir='ltr'><strong>quam</strong></span> <span class='ocrx_word' id='word_1_664' title='bbox 1776 5480 2067 5548; x_wconf 85' lang='lat' dir='ltr'><strong>prudenter</strong></span> 
     </span>
    </p>
   </div>
   <div class='ocr_carea' id='block_1_88' title="bbox 484 5572 2070 5645">
    <p class='ocr_par' dir='ltr' id='par_1_88' title="bbox 484 5572 2070 5645">
     <span class='ocr_line' id='line_1_88' title="bbox 484 5572 2070 5645; baseline -0.003 -16"><span class='ocrx_word' id='word_1_665' title='bbox 484 5577 604 5629; x_wconf 83' lang='lat' dir='ltr'><strong>illos</strong></span> <span class='ocrx_word' id='word_1_666' title='bbox 643 5576 897 5645; x_wconf 84' lang='lat' dir='ltr'><strong>corrigat.</strong></span> <span class='ocrx_word' id='word_1_667' title='bbox 944 5574 1228 5643; x_wconf 86' lang='lat' dir='ltr'><strong>Postquam</strong></span> <span class='ocrx_word' id='word_1_668' title='bbox 1271 5576 1415 5631; x_wconf 81' lang='lat' dir='ltr'><strong>enim</strong></span> <span class='ocrx_word' id='word_1_669' title='bbox 1444 5574 1603 5636; x_wconf 79' lang='lat' dir='ltr'><strong>dixit,</strong></span> <span class='ocrx_word' id='word_1_670' title='bbox 1647 5572 1749 5624; x_wconf 80' lang='lat' dir='ltr'><strong>llic</strong></span> <span class='ocrx_word' id='word_1_671' title='bbox 1782 5574 1892 5641; x_wconf 85' lang='lat' dir='ltr'><strong>jam</strong></span> <span class='ocrx_word' id='word_1_672' title='bbox 1928 5588 2070 5640; x_wconf 75' lang='lat' dir='ltr'><strong>qun:-</strong></span> 
     </span>
    </p>
   </div>
   <div class='ocr_carea' id='block_1_89' title="bbox 484 5664 2067 5735">
    <p class='ocr_par' dir='ltr' id='par_1_89' title="bbox 484 5664 2067 5735">
     <span class='ocr_line' id='line_1_89' title="bbox 484 5664 2067 5735; baseline -0.001 -18"><span class='ocrx_word' id='word_1_673' title='bbox 484 5677 610 5719; x_wconf 79' lang='lat' dir='ltr'><strong>ntur</strong></span> <span class='ocrx_word' id='word_1_674' title='bbox 648 5667 782 5720; x_wconf 76' lang='lat' dir='ltr'><strong>inter</strong></span> <span class='ocrx_word' id='word_1_675' title='bbox 811 5666 1185 5735; x_wconf 81' lang='lat' dir='ltr'><strong>dispensatores</strong></span> <span class='ocrx_word' id='word_1_676' title='bbox 1225 5675 1277 5718; x_wconf 86' lang='lat' dir='ltr'><strong>ut</strong></span> <span class='ocrx_word' id='word_1_677' title='bbox 1322 5665 1487 5733; x_wconf 78' lang='lat' dir='ltr'><strong>ﬁdelis</strong></span> <span class='ocrx_word' id='word_1_678' title='bbox 1524 5665 1635 5735; x_wconf 84' lang='lat' dir='ltr'><strong>quis</strong></span> <span class='ocrx_word' id='word_1_679' title='bbox 1679 5664 1984 5727; x_wconf 82' lang='lat' dir='ltr'><strong>inveniatur,</strong></span> <span class='ocrx_word' id='word_1_680' title='bbox 2014 5671 2067 5715; x_wconf 86' lang='lat' dir='ltr'><strong>et</strong></span> 
     </span>
    </p>
   </div>
   <div class='ocr_carea' id='block_1_90' title="bbox 486 5755 2063 5827">
    <p class='ocr_par' dir='ltr' id='par_1_90' title="bbox 486 5755 2063 5827">
     <span class='ocr_line' id='line_1_90' title="bbox 486 5755 2063 5827; baseline 0 -19"><span class='ocrx_word' id='word_1_681' title='bbox 486 5758 759 5813; x_wconf 54' lang='lat' dir='ltr'><strong>Videbatur</strong></span> <span class='ocrx_word' id='word_1_682' title='bbox 800 5758 907 5815; x_wconf 89' lang='lat' dir='ltr'><strong>illis</strong></span> <span class='ocrx_word' id='word_1_683' title='bbox 947 5756 1151 5813; x_wconf 85' lang='lat' dir='ltr'><strong>aditum</strong></span> <span class='ocrx_word' id='word_1_684' title='bbox 1189 5756 1319 5813; x_wconf 83' lang='lat' dir='ltr'><strong>dare</strong></span> <span class='ocrx_word' id='word_1_685' title='bbox 1348 5759 1413 5811; x_wconf 87' lang='lat' dir='ltr'><strong>ad</strong></span> <span class='ocrx_word' id='word_1_686' title='bbox 1459 5755 1805 5827; x_wconf 80' lang='lat' dir='ltr'><strong>judicandam</strong></span> <span class='ocrx_word' id='word_1_687' title='bbox 1848 5766 1900 5808; x_wconf 89' lang='lat' dir='ltr'><strong>ct</strong></span> <span class='ocrx_word' id='word_1_688' title='bbox 1928 5769 2063 5808; x_wconf 77' lang='lat' dir='ltr'><strong>exa-</strong></span> 
     </span>
    </p>
   </div>
   <div class='ocr_carea' id='block_1_91' title="bbox 2178 3468 3756 3538">
    <p class='ocr_par' dir='ltr' id='par_1_91' title="bbox 2178 3468 3756 3538">
     <span class='ocr_line' id='line_1_91' title="bbox 2178 3468 3756 3538; baseline -0.001 -13"><span class='ocrx_word' id='word_1_689' title='bbox 2178 3469 2484 3525; x_wconf 86' lang='lat' dir='ltr'><strong>minandam</strong></span> <span class='ocrx_word' id='word_1_690' title='bbox 2526 3470 2793 3538; x_wconf 82' lang='lat' dir='ltr'><strong>cujusque</strong></span> <span class='ocrx_word' id='word_1_691' title='bbox 2840 3468 3043 3534; x_wconf 82' lang='lat' dir='ltr'><strong>vitam;</strong></span> <span class='ocrx_word' id='word_1_692' title='bbox 3098 3468 3202 3523; x_wconf 84' lang='lat' dir='ltr'><strong>huc</strong></span> <span class='ocrx_word' id='word_1_693' title='bbox 3256 3484 3386 3525; x_wconf 84' lang='lat' dir='ltr'><strong>vero</strong></span> <span class='ocrx_word' id='word_1_694' title='bbox 3440 3470 3756 3525; x_wconf 85' lang='lat' dir='ltr'><strong>seditionem</strong></span> 
     </span>
    </p>
   </div>
   <div class='ocr_carea' id='block_1_92' title="bbox 2173 3556 3759 3623">
    <p class='ocr_par' dir='ltr' id='par_1_92' title="bbox 2173 3556 3759 3623">
     <span class='ocr_line' id='line_1_92' title="bbox 2173 3556 3759 3623; baseline 0.002 -10"><span class='ocrx_word' id='word_1_695' title='bbox 2173 3558 2506 3613; x_wconf 87' lang='lat' dir='ltr'><strong>concitabat:</strong></span> <span class='ocrx_word' id='word_1_696' title='bbox 2533 3573 2599 3612; x_wconf 88' lang='lat' dir='ltr'><strong>ne</strong></span> <span class='ocrx_word' id='word_1_697' title='bbox 2620 3556 2721 3611; x_wconf 81' lang='lat' dir='ltr'><strong>hoc</strong></span> <span class='ocrx_word' id='word_1_698' title='bbox 2747 3557 2851 3611; x_wconf 90' lang='lat' dir='ltr'><strong>illis</strong></span> <span class='ocrx_word' id='word_1_699' title='bbox 2878 3558 3168 3623; x_wconf 86' lang='lat' dir='ltr'><strong>accideret,</strong></span> <span class='ocrx_word' id='word_1_700' title='bbox 3196 3558 3264 3613; x_wconf 79' lang='lat' dir='ltr'><strong>ab</strong></span> <span class='ocrx_word' id='word_1_701' title='bbox 3288 3559 3388 3615; x_wconf 87' lang='lat' dir='ltr'><strong>hac</strong></span> <span class='ocrx_word' id='word_1_702' title='bbox 3412 3560 3759 3617; x_wconf 67' lang='lat' dir='ltr'><strong>altercatione</strong></span> 
     </span>
    </p>
   </div>
   <div class='ocr_carea' id='block_1_93' title="bbox 2175 3647 3761 3720">
    <p class='ocr_par' dir='ltr' id='par_1_93' title="bbox 2175 3647 3761 3720">
     <span class='ocr_line' id='line_1_93' title="bbox 2175 3647 3761 3720; baseline 0.003 -16"><span class='ocrx_word' id='word_1_703' title='bbox 2175 3649 2298 3704; x_wconf 89' lang='lat' dir='ltr'><strong>illos</strong></span> <span class='ocrx_word' id='word_1_704' title='bbox 2324 3648 2566 3712; x_wconf 77' lang='lat' dir='ltr'><strong>abduxit,</strong></span> <span class='ocrx_word' id='word_1_705' title='bbox 2604 3647 2823 3704; x_wconf 84' lang='lat' dir='ltr'><strong>dicens:</strong></span> <span class='ocrx_word' id='word_1_706' title='bbox 2862 3648 2996 3703; x_wconf 70' lang='lat' dir='ltr'><strong>Mihi</strong></span> <span class='ocrx_word' id='word_1_707' title='bbox 3022 3660 3193 3703; x_wconf 72' lang='lat' dir='ltr'><strong>autem</strong></span> <span class='ocrx_word' id='word_1_708' title='bbox 3235 3668 3329 3720; x_wconf 78' lang='lat' dir='ltr'><strong>pro</strong></span> <span class='ocrx_word' id='word_1_709' title='bbox 3367 3652 3575 3707; x_wconf 74' lang='lat' dir='ltr'><strong>ministro</strong></span> <span class='ocrx_word' id='word_1_710' title='bbox 3602 3664 3675 3707; x_wconf 85' lang='lat' dir='ltr'><strong>eat</strong></span> <span class='ocrx_word' id='word_1_711' title='bbox 3704 3664 3761 3707; x_wconf 77' lang='lat' dir='ltr'><strong>st</strong></span> 
     </span>
    </p>
   </div>
   <div class='ocr_carea' id='block_1_94' title="bbox 2171 3740 3759 3815">
    <p class='ocr_par' dir='ltr' id='par_1_94' title="bbox 2171 3740 3759 3815">
     <span class='ocr_line' id='line_1_94' title="bbox 2171 3740 3759 3815; baseline 0.003 -22"><span class='ocrx_word' id='word_1_712' title='bbox 2171 3756 2205 3793; x_wconf 73' lang='grc' dir='ltr'><strong><em>ε</em></strong></span> <span class='ocrx_word' id='word_1_713' title='bbox 2224 3740 2359 3795; x_wconf 80' lang='lat' dir='ltr'><strong>vobis</strong></span> <span class='ocrx_word' id='word_1_714' title='bbox 2369 3740 2606 3811; x_wconf 66' lang='lat' dir='ltr'><strong>judica;</strong></span> <span class='ocrx_word' id='word_1_715' title='bbox 2625 3753 2808 3795; x_wconf 81' lang='lat' dir='ltr'><strong>rursus</strong></span> <span class='ocrx_word' id='word_1_716' title='bbox 2828 3754 3130 3796; x_wconf 67' lang='lat' dir='ltr'><strong>sermonem</strong></span> <span class='ocrx_word' id='word_1_717' title='bbox 3154 3755 3436 3813; x_wconf 79' lang='lat' dir='ltr'><strong>personam</strong></span> <span class='ocrx_word' id='word_1_718' title='bbox 3457 3758 3611 3800; x_wconf 86' lang='lat' dir='ltr'><strong>suam</strong></span> <span class='ocrx_word' id='word_1_719' title='bbox 3631 3759 3759 3815; x_wconf 84' lang='lat' dir='ltr'><strong>spe-</strong></span> 
     </span>
    </p>
   </div>
   <div class='ocr_carea' id='block_1_95' title="bbox 2171 3831 3761 3904">
    <p class='ocr_par' dir='ltr' id='par_1_95' title="bbox 2171 3831 3761 3904">
     <span class='ocr_line' id='line_1_95' title="bbox 2171 3831 3761 3904; baseline 0.001 -16"><span class='ocrx_word' id='word_1_720' title='bbox 2171 3842 2403 3889; x_wconf 87' lang='lat' dir='ltr'><strong>ctantem</strong></span> <span class='ocrx_word' id='word_1_721' title='bbox 2435 3832 2730 3904; x_wconf 85' lang='lat' dir='ltr'><strong>proferens.</strong></span> <span class='ocrx_word' id='word_1_722' title='bbox 2773 3831 2913 3899; x_wconf 84' lang='lat' dir='ltr'><strong>Quid</strong></span> <span class='ocrx_word' id='word_1_723' title='bbox 2951 3833 3051 3887; x_wconf 89' lang='lat' dir='ltr'><strong>sibi</strong></span> <span class='ocrx_word' id='word_1_724' title='bbox 3078 3835 3392 3889; x_wconf 86' lang='lat' dir='ltr'><strong>vultantem</strong></span> <span class='ocrx_word' id='word_1_725' title='bbox 3420 3835 3576 3902; x_wconf 87' lang='lat' dir='ltr'><strong>illud,</strong></span> <span class='ocrx_word' id='word_1_726' title='bbox 3627 3836 3761 3891; x_wconf 72' lang='lat' dir='ltr'><strong>lilii</strong></span> 
     </span>
    </p>
   </div>
   <div class='ocr_carea' id='block_1_96' title="bbox 2171 3923 3757 3993">
    <p class='ocr_par' dir='ltr' id='par_1_96' title="bbox 2171 3923 3757 3993">
     <span class='ocr_line' id='line_1_96' title="bbox 2171 3923 3757 3993; baseline 0.001 -15"><span class='ocrx_word' id='word_1_727' title='bbox 2171 3935 2341 3978; x_wconf 76' lang='lat' dir='ltr'><strong>autem</strong></span> <span class='ocrx_word' id='word_1_728' title='bbox 2366 3940 2459 3993; x_wconf 81' lang='lat' dir='ltr'><strong>pro</strong></span> <span class='ocrx_word' id='word_1_729' title='bbox 2488 3924 2697 3976; x_wconf 77' lang='lat' dir='ltr'><strong>minimo</strong></span> <span class='ocrx_word' id='word_1_730' title='bbox 2720 3933 2791 3976; x_wconf 78' lang='lat' dir='ltr'><strong>est</strong></span> <span class='ocrx_word' id='word_1_731' title='bbox 2821 3932 2878 3975; x_wconf 74' lang='lat' dir='ltr'><strong>ut</strong></span> <span class='ocrx_word' id='word_1_732' title='bbox 2904 3938 2937 3975; x_wconf 88' lang='lat' dir='ltr'><strong>a</strong></span> <span class='ocrx_word' id='word_1_733' title='bbox 2963 3923 3101 3978; x_wconf 79' lang='lat' dir='ltr'><strong>vobis</strong></span> <span class='ocrx_word' id='word_1_734' title='bbox 3118 3924 3343 3992; x_wconf 73' lang='lat' dir='ltr'><strong>jndicer,</strong></span> <span class='ocrx_word' id='word_1_735' title='bbox 3373 3935 3462 3978; x_wconf 71' lang='lat' dir='ltr'><strong>aut</strong></span> <span class='ocrx_word' id='word_1_736' title='bbox 3490 3926 3555 3979; x_wconf 80' lang='lat' dir='ltr'><strong>ab</strong></span> <span class='ocrx_word' id='word_1_737' title='bbox 3576 3926 3757 3979; x_wconf 75' lang='lat' dir='ltr'><strong>humu-</strong></span> 
     </span>
    </p>
   </div>
   <div class='ocr_carea' id='block_1_97' title="bbox 2172 4011 3753 4087">
    <p class='ocr_par' dir='ltr' id='par_1_97' title="bbox 2172 4011 3753 4087">
     <span class='ocr_line' id='line_1_97' title="bbox 2172 4011 3753 4087; baseline 0.003 -20"><span class='ocrx_word' id='word_1_738' title='bbox 2172 4031 2239 4067; x_wconf 88' lang='lat' dir='ltr'><strong>no</strong></span> <span class='ocrx_word' id='word_1_739' title='bbox 2267 4014 2389 4067; x_wconf 73' lang='lat' dir='ltr'><strong>die!</strong></span> <span class='ocrx_word' id='word_1_740' title='bbox 2435 4012 2713 4081; x_wconf 90' lang='lat' dir='ltr'><strong>indignum</strong></span> <span class='ocrx_word' id='word_1_741' title='bbox 2744 4026 2829 4065; x_wconf 88' lang='lat' dir='ltr'><strong>me</strong></span> <span class='ocrx_word' id='word_1_742' title='bbox 2850 4011 3057 4081; x_wconf 84' lang='lat' dir='ltr'><strong>judico,</strong></span> <span class='ocrx_word' id='word_1_743' title='bbox 3088 4013 3281 4083; x_wconf 88' lang='lat' dir='ltr'><strong>inquit,</strong></span> <span class='ocrx_word' id='word_1_744' title='bbox 3308 4016 3398 4085; x_wconf 82' lang='lat' dir='ltr'><strong>qui</strong></span> <span class='ocrx_word' id='word_1_745' title='bbox 3426 4030 3456 4069; x_wconf 91' lang='lat' dir='ltr'><strong>a</strong></span> <span class='ocrx_word' id='word_1_746' title='bbox 3483 4016 3641 4071; x_wconf 87' lang='lat' dir='ltr'><strong>vobis</strong></span> <span class='ocrx_word' id='word_1_747' title='bbox 3660 4017 3753 4087; x_wconf 74' lang='lat' dir='ltr'><strong>ju-</strong></span> 
     </span>
    </p>
   </div>
   <div class='ocr_carea' id='block_1_98' title="bbox 2170 4101 3756 4178">
    <p class='ocr_par' dir='ltr' id='par_1_98' title="bbox 2170 4101 3756 4178">
     <span class='ocr_line' id='line_1_98' title="bbox 2170 4101 3756 4178; baseline 0.004 -20"><span class='ocrx_word' id='word_1_748' title='bbox 2170 4104 2320 4158; x_wconf 85' lang='lat' dir='ltr'><strong>dicer</strong></span> <span class='ocrx_word' id='word_1_749' title='bbox 2338 4118 2359 4167; x_wconf 12' lang='lat'><strong>7;</strong></span> <span class='ocrx_word' id='word_1_750' title='bbox 2384 4112 2440 4158; x_wconf 85' lang='lat' dir='ltr'><strong>et</strong></span> <span class='ocrx_word' id='word_1_751' title='bbox 2464 4104 2592 4172; x_wconf 89' lang='lat' dir='ltr'><strong>quid</strong></span> <span class='ocrx_word' id='word_1_752' title='bbox 2619 4102 2742 4157; x_wconf 89' lang='lat' dir='ltr'><strong>dico</strong></span> <span class='ocrx_word' id='word_1_753' title='bbox 2767 4118 2797 4157; x_wconf 91' lang='lat' dir='ltr'><strong>a</strong></span> <span class='ocrx_word' id='word_1_754' title='bbox 2822 4101 3013 4157; x_wconf 75' lang='lat' dir='ltr'><strong>vobis?</strong></span> <span class='ocrx_word' id='word_1_755' title='bbox 3039 4102 3134 4158; x_wconf 88' lang='lat' dir='ltr'><strong>sed</strong></span> <span class='ocrx_word' id='word_1_756' title='bbox 3161 4106 3323 4159; x_wconf 87' lang='lat' dir='ltr'><strong>etiam</strong></span> <span class='ocrx_word' id='word_1_757' title='bbox 3347 4122 3376 4159; x_wconf 91' lang='lat' dir='ltr'><strong>a</strong></span> <span class='ocrx_word' id='word_1_758' title='bbox 3414 4122 3756 4178; x_wconf 87' lang='lat' dir='ltr'><strong>quocumque</strong></span> 
     </span>
    </p>
   </div>
   <div class='ocr_carea' id='block_1_99' title="bbox 2170 4193 3754 4265">
    <p class='ocr_par' dir='ltr' id='par_1_99' title="bbox 2170 4193 3754 4265">
     <span class='ocr_line' id='line_1_99' title="bbox 2170 4193 3754 4265; baseline 0.004 -17"><span class='ocrx_word' id='word_1_759' title='bbox 2170 4196 2369 4262; x_wconf 81' lang='lat' dir='ltr'><strong>aliquo.</strong></span> <span class='ocrx_word' id='word_1_760' title='bbox 2422 4193 2526 4247; x_wconf 86' lang='lat' dir='ltr'><strong>Sed</strong></span> <span class='ocrx_word' id='word_1_761' title='bbox 2581 4208 2741 4249; x_wconf 90' lang='lat' dir='ltr'><strong>nemo</strong></span> <span class='ocrx_word' id='word_1_762' title='bbox 2778 4193 3001 4249; x_wconf 85' lang='lat' dir='ltr'><strong>Paulum</strong></span> <span class='ocrx_word' id='word_1_763' title='bbox 3054 4197 3383 4265; x_wconf 76' lang='lat' dir='ltr'><strong>arrogantia:</strong></span> <span class='ocrx_word' id='word_1_764' title='bbox 3430 4208 3663 4265; x_wconf 51' lang='lat' dir='ltr'><strong>accuset</strong></span> <span class='ocrx_word' id='word_1_765' title='bbox 3708 4201 3754 4255; x_wconf 88' lang='lat' dir='ltr'><strong>si</strong></span> 
     </span>
    </p>
   </div>
   <div class='ocr_carea' id='block_1_100' title="bbox 2168 4287 3757 4360">
    <p class='ocr_par' dir='ltr' id='par_1_100' title="bbox 2168 4287 3757 4360">
     <span class='ocr_line' id='line_1_100' title="bbox 2168 4287 3757 4360; baseline 0.003 -17"><span class='ocrx_word' id='word_1_766' title='bbox 2168 4290 2374 4344; x_wconf 87' lang='lat' dir='ltr'><strong>nullum</strong></span> <span class='ocrx_word' id='word_1_767' title='bbox 2420 4287 2693 4341; x_wconf 83' lang='lat' dir='ltr'><strong>hominem</strong></span> <span class='ocrx_word' id='word_1_768' title='bbox 2734 4288 2955 4360; x_wconf 81' lang='lat' dir='ltr'><strong>dignum</strong></span> <span class='ocrx_word' id='word_1_769' title='bbox 2996 4304 3120 4345; x_wconf 83' lang='lat' dir='ltr'><strong>esse</strong></span> <span class='ocrx_word' id='word_1_770' title='bbox 3157 4289 3324 4356; x_wconf 78' lang='lat' dir='ltr'><strong>dicat,</strong></span> <span class='ocrx_word' id='word_1_771' title='bbox 3352 4292 3443 4359; x_wconf 91' lang='lat' dir='ltr'><strong>qui</strong></span> <span class='ocrx_word' id='word_1_772' title='bbox 3482 4302 3668 4346; x_wconf 89' lang='lat' dir='ltr'><strong>contra</strong></span> <span class='ocrx_word' id='word_1_773' title='bbox 3695 4308 3757 4349; x_wconf 87' lang='lat' dir='ltr'><strong>se</strong></span> 
     </span>
    </p>
   </div>
   <div class='ocr_carea' id='block_1_101' title="bbox 2170 4378 3753 4451">
    <p class='ocr_par' dir='ltr' id='par_1_101' title="bbox 2170 4378 3753 4451">
     <span class='ocr_line' id='line_1_101' title="bbox 2170 4378 3753 4451; baseline 0.004 -17"><span class='ocrx_word' id='word_1_774' title='bbox 2170 4380 2432 4434; x_wconf 81' lang='lat' dir='ltr'><strong>calculum</strong></span> <span class='ocrx_word' id='word_1_775' title='bbox 2456 4378 2609 4432; x_wconf 84' lang='lat' dir='ltr'><strong>ferat.</strong></span> <span class='ocrx_word' id='word_1_776' title='bbox 2637 4379 2818 4434; x_wconf 84' lang='lat' dir='ltr'><strong>Primo</strong></span> <span class='ocrx_word' id='word_1_777' title='bbox 2839 4382 2981 4434; x_wconf 87' lang='lat' dir='ltr'><strong>enim</strong></span> <span class='ocrx_word' id='word_1_778' title='bbox 3012 4396 3116 4435; x_wconf 89' lang='lat' dir='ltr'><strong>non</strong></span> <span class='ocrx_word' id='word_1_779' title='bbox 3147 4388 3367 4451; x_wconf 89' lang='lat' dir='ltr'><strong>propter</strong></span> <span class='ocrx_word' id='word_1_780' title='bbox 3386 4396 3446 4436; x_wconf 88' lang='lat' dir='ltr'><strong>se</strong></span> <span class='ocrx_word' id='word_1_781' title='bbox 3475 4382 3577 4438; x_wconf 89' lang='lat' dir='ltr'><strong>hoc</strong></span> <span class='ocrx_word' id='word_1_782' title='bbox 3601 4384 3753 4447; x_wconf 84' lang='lat' dir='ltr'><strong>dicit.</strong></span> 
     </span>
    </p>
   </div>
   <div class='ocr_carea' id='block_1_102' title="bbox 2171 4468 3752 4538">
    <p class='ocr_par' dir='ltr' id='par_1_102' title="bbox 2171 4468 3752 4538">
     <span class='ocr_line' id='line_1_102' title="bbox 2171 4468 3752 4538; baseline 0.003 -13"><span class='ocrx_word' id='word_1_783' title='bbox 2171 4469 2265 4525; x_wconf 87' lang='lat' dir='ltr'><strong>scd</strong></span> <span class='ocrx_word' id='word_1_784' title='bbox 2295 4478 2350 4523; x_wconf 92' lang='lat' dir='ltr'><strong>ut</strong></span> <span class='ocrx_word' id='word_1_785' title='bbox 2375 4468 2507 4523; x_wconf 88' lang='lat' dir='ltr'><strong>alios</strong></span> <span class='ocrx_word' id='word_1_786' title='bbox 2534 4470 2599 4523; x_wconf 86' lang='lat' dir='ltr'><strong>ab</strong></span> <span class='ocrx_word' id='word_1_787' title='bbox 2628 4469 2837 4525; x_wconf 84' lang='lat' dir='ltr'><strong>illorum</strong></span> <span class='ocrx_word' id='word_1_788' title='bbox 2867 4470 3110 4525; x_wconf 83' lang='lat' dir='ltr'><strong>molestia</strong></span> <span class='ocrx_word' id='word_1_789' title='bbox 3147 4470 3370 4538; x_wconf 86' lang='lat' dir='ltr'><strong>eripiat:</strong></span> <span class='ocrx_word' id='word_1_790' title='bbox 3408 4471 3604 4528; x_wconf 84' lang='lat' dir='ltr'><strong>deinde</strong></span> <span class='ocrx_word' id='word_1_791' title='bbox 3647 4488 3752 4529; x_wconf 91' lang='lat' dir='ltr'><strong>non</strong></span> 
     </span>
    </p>
   </div>
   <div class='ocr_carea' id='block_1_103' title="bbox 2171 4560 3753 4634">
    <p class='ocr_par' dir='ltr' id='par_1_103' title="bbox 2171 4560 3753 4634">
     <span class='ocr_line' id='line_1_103' title="bbox 2171 4560 3753 4634; baseline 0.003 -17"><span class='ocrx_word' id='word_1_792' title='bbox 2171 4562 2237 4617; x_wconf 89' lang='lat' dir='ltr'><strong>ad</strong></span> <span class='ocrx_word' id='word_1_793' title='bbox 2265 4560 2568 4617; x_wconf 89' lang='lat' dir='ltr'><strong>Corinthios</strong></span> <span class='ocrx_word' id='word_1_794' title='bbox 2591 4573 2795 4619; x_wconf 86' lang='lat' dir='ltr'><strong>tantum</strong></span> <span class='ocrx_word' id='word_1_795' title='bbox 2824 4578 2913 4619; x_wconf 88' lang='lat' dir='ltr'><strong>res</strong></span> <span class='ocrx_word' id='word_1_796' title='bbox 2938 4571 3178 4633; x_wconf 84' lang='lat' dir='ltr'><strong>spectat;</strong></span> <span class='ocrx_word' id='word_1_797' title='bbox 3206 4562 3299 4617; x_wconf 87' lang='lat' dir='ltr'><strong>sed</strong></span> <span class='ocrx_word' id='word_1_798' title='bbox 3324 4564 3487 4618; x_wconf 89' lang='lat' dir='ltr'><strong>etiam</strong></span> <span class='ocrx_word' id='word_1_799' title='bbox 3514 4566 3753 4634; x_wconf 85' lang='lat' dir='ltr'><strong>seipsum</strong></span> 
     </span>
    </p>
   </div>
   <div class='ocr_carea' id='block_1_104' title="bbox 2170 4652 3757 4722">
    <p class='ocr_par' dir='ltr' id='par_1_104' title="bbox 2170 4652 3757 4722">
     <span class='ocr_line' id='line_1_104' title="bbox 2170 4652 3757 4722; baseline 0.001 -15"><span class='ocrx_word' id='word_1_800' title='bbox 2170 4668 2201 4707; x_wconf 89' lang='lat' dir='ltr'><strong>a</strong></span> <span class='ocrx_word' id='word_1_801' title='bbox 2229 4652 2321 4707; x_wconf 89' lang='lat' dir='ltr'><strong>tali</strong></span> <span class='ocrx_word' id='word_1_802' title='bbox 2345 4652 2547 4721; x_wconf 85' lang='lat' dir='ltr'><strong>judicio</strong></span> <span class='ocrx_word' id='word_1_803' title='bbox 2574 4654 2824 4720; x_wconf 88' lang='lat' dir='ltr'><strong>removit,</strong></span> <span class='ocrx_word' id='word_1_804' title='bbox 2852 4653 3027 4722; x_wconf 87' lang='lat' dir='ltr'><strong>majus</strong></span> <span class='ocrx_word' id='word_1_805' title='bbox 3053 4666 3148 4705; x_wconf 85' lang='lat' dir='ltr'><strong>sua</strong></span> <span class='ocrx_word' id='word_1_806' title='bbox 3177 4662 3355 4706; x_wconf 88' lang='lat' dir='ltr'><strong>mente</strong></span> <span class='ocrx_word' id='word_1_807' title='bbox 3378 4653 3563 4708; x_wconf 90' lang='lat' dir='ltr'><strong>dicens</strong></span> <span class='ocrx_word' id='word_1_808' title='bbox 3588 4655 3656 4709; x_wconf 89' lang='lat' dir='ltr'><strong>de</strong></span> <span class='ocrx_word' id='word_1_809' title='bbox 3678 4664 3757 4709; x_wconf 83' lang='lat' dir='ltr'><strong>ta-</strong></span> 
     </span>
    </p>
   </div>
   <div class='ocr_carea' id='block_1_105' title="bbox 2174 4741 3755 4813">
    <p class='ocr_par' dir='ltr' id='par_1_105' title="bbox 2174 4741 3755 4813">
     <span class='ocr_line' id='line_1_105' title="bbox 2174 4741 3755 4813; baseline 0.002 -16"><span class='ocrx_word' id='word_1_810' title='bbox 2174 4744 2310 4797; x_wconf 88' lang='lat' dir='ltr'><strong>libus</strong></span> <span class='ocrx_word' id='word_1_811' title='bbox 2335 4742 2597 4799; x_wconf 86' lang='lat' dir='ltr'><strong>calculum</strong></span> <span class='ocrx_word' id='word_1_812' title='bbox 2628 4744 2795 4799; x_wconf 89' lang='lat' dir='ltr'><strong>fcrre:</strong></span> <span class='ocrx_word' id='word_1_813' title='bbox 2823 4744 3097 4811; x_wconf 64' lang='lat' dir='ltr'><strong>subiunxit</strong></span> <span class='ocrx_word' id='word_1_814' title='bbox 3113 4756 3264 4812; x_wconf 84' lang='lat' dir='ltr'><strong>ergo,</strong></span> <span class='ocrx_word' id='word_1_815' title='bbox 3298 4741 3478 4813; x_wconf 78' lang='lat' dir='ltr'><strong>Neque</strong></span> <span class='ocrx_word' id='word_1_816' title='bbox 3507 4746 3755 4813; x_wconf 78' lang='lat' dir='ltr'><strong>meipstmt</strong></span> 
     </span>
    </p>
   </div>
   <div class='ocr_carea' id='block_1_106' title="bbox 2163 4834 3753 4906">
    <p class='ocr_par' dir='ltr' id='par_1_106' title="bbox 2163 4834 3753 4906">
     <span class='ocr_line' id='line_1_106' title="bbox 2163 4834 3753 4906; baseline 0.001 -19"><span class='ocrx_word' id='word_1_817' title='bbox 2163 4835 2363 4906; x_wconf 79' lang='lat' dir='ltr'><strong>judico.</strong></span> <span class='ocrx_word' id='word_1_818' title='bbox 2414 4834 2491 4888; x_wconf 79' lang='lat' dir='ltr'><strong>Ad</strong></span> <span class='ocrx_word' id='word_1_819' title='bbox 2521 4836 2635 4890; x_wconf 66' lang='lat' dir='ltr'><strong>ha‘c</strong></span> <span class='ocrx_word' id='word_1_820' title='bbox 2662 4852 2789 4889; x_wconf 88' lang='lat' dir='ltr'><strong>vero</strong></span> <span class='ocrx_word' id='word_1_821' title='bbox 2829 4847 2989 4889; x_wconf 80' lang='lat' dir='ltr'><strong>causa</strong></span> <span class='ocrx_word' id='word_1_822' title='bbox 3017 4848 3230 4902; x_wconf 86' lang='lat' dir='ltr'><strong>quoque</strong></span> <span class='ocrx_word' id='word_1_823' title='bbox 3257 4834 3620 4889; x_wconf 79' lang='lat' dir='ltr'><strong>exatninanda</strong></span> <span class='ocrx_word' id='word_1_824' title='bbox 3648 4847 3753 4901; x_wconf 80' lang='lat' dir='ltr'><strong>est,</strong></span> 
     </span>
    </p>
   </div>
   <div class='ocr_carea' id='block_1_107' title="bbox 2172 4926 3755 4996">
    <p class='ocr_par' dir='ltr' id='par_1_107' title="bbox 2172 4926 3755 4996">
     <span class='ocr_line' id='line_1_107' title="bbox 2172 4926 3755 4996; baseline 0.003 -19"><span class='ocrx_word' id='word_1_825' title='bbox 2172 4942 2274 4996; x_wconf 88' lang='lat' dir='ltr'><strong>qua</strong></span> <span class='ocrx_word' id='word_1_826' title='bbox 2303 4937 2476 4981; x_wconf 87' lang='lat' dir='ltr'><strong>motus</strong></span> <span class='ocrx_word' id='word_1_827' title='bbox 2500 4927 2612 4983; x_wconf 66' lang='lat' dir='ltr'><strong>haec</strong></span> <span class='ocrx_word' id='word_1_828' title='bbox 2656 4928 2899 4981; x_wconf 88' lang='lat' dir='ltr'><strong>dicebat:</strong></span> <span class='ocrx_word' id='word_1_829' title='bbox 2944 4926 3080 4980; x_wconf 90' lang='lat' dir='ltr'><strong>solet</strong></span> <span class='ocrx_word' id='word_1_830' title='bbox 3102 4926 3257 4981; x_wconf 83' lang='lat' dir='ltr'><strong>.enim</strong></span> <span class='ocrx_word' id='word_1_831' title='bbox 3302 4939 3445 4995; x_wconf 67' lang='lat' dir='ltr'><strong>Saepe</strong></span> <span class='ocrx_word' id='word_1_832' title='bbox 3474 4929 3755 4995; x_wconf 80' lang='lat' dir='ltr'><strong>magniﬁce</strong></span> 
     </span>
    </p>
   </div>
   <div class='ocr_carea' id='block_1_108' title="bbox 2173 5015 3754 5087">
    <p class='ocr_par' dir='ltr' id='par_1_108' title="bbox 2173 5015 3754 5087">
     <span class='ocr_line' id='line_1_108' title="bbox 2173 5015 3754 5087; baseline 0.001 -17"><span class='ocrx_word' id='word_1_833' title='bbox 2173 5019 2336 5086; x_wconf 85' lang='lat' dir='ltr'><strong>loqui,</strong></span> <span class='ocrx_word' id='word_1_834' title='bbox 2386 5033 2489 5073; x_wconf 92' lang='lat' dir='ltr'><strong>non</strong></span> <span class='ocrx_word' id='word_1_835' title='bbox 2537 5036 2601 5074; x_wconf 80' lang='lat' dir='ltr'><strong>ex</strong></span> <span class='ocrx_word' id='word_1_836' title='bbox 2640 5019 2777 5073; x_wconf 86' lang='lat' dir='ltr'><strong>fastu</strong></span> <span class='ocrx_word' id='word_1_837' title='bbox 2823 5019 2904 5072; x_wconf 76' lang='lat' dir='ltr'><strong>vel</strong></span> <span class='ocrx_word' id='word_1_838' title='bbox 2948 5015 3275 5084; x_wconf 85' lang='lat' dir='ltr'><strong>arrogantia,</strong></span> <span class='ocrx_word' id='word_1_839' title='bbox 3324 5016 3416 5071; x_wconf 90' lang='lat' dir='ltr'><strong>sed</strong></span> <span class='ocrx_word' id='word_1_840' title='bbox 3462 5034 3524 5070; x_wconf 72' lang='lat' dir='ltr'><strong>ex</strong></span> <span class='ocrx_word' id='word_1_841' title='bbox 3554 5020 3754 5087; x_wconf 80' lang='lat' dir='ltr'><strong>optima</strong></span> 
     </span>
    </p>
   </div>
   <div class='ocr_carea' id='block_1_109' title="bbox 2172 5106 3756 5180">
    <p class='ocr_par' dir='ltr' id='par_1_109' title="bbox 2172 5106 3756 5180">
     <span class='ocr_line' id='line_1_109' title="bbox 2172 5106 3756 5180; baseline 0.001 -17"><span class='ocrx_word' id='word_1_842' title='bbox 2172 5108 2601 5178; x_wconf 88' lang='lat' dir='ltr'><strong>dispensatione:</strong></span> <span class='ocrx_word' id='word_1_843' title='bbox 2646 5106 3077 5180; x_wconf 86' lang='lat' dir='ltr'><strong>quandoquidem</strong></span> <span class='ocrx_word' id='word_1_844' title='bbox 3130 5122 3270 5160; x_wconf 90' lang='lat' dir='ltr'><strong>nunc</strong></span> <span class='ocrx_word' id='word_1_845' title='bbox 3324 5124 3430 5163; x_wconf 91' lang='lat' dir='ltr'><strong>non</strong></span> <span class='ocrx_word' id='word_1_846' title='bbox 3476 5110 3591 5179; x_wconf 91' lang='lat' dir='ltr'><strong>ipse</strong></span> <span class='ocrx_word' id='word_1_847' title='bbox 3632 5126 3756 5165; x_wconf 83' lang='lat' dir='ltr'><strong>sese</strong></span> 
     </span>
    </p>
   </div>
   <div class='ocr_carea' id='block_1_110' title="bbox 2172 5198 3756 5271">
    <p class='ocr_par' dir='ltr' id='par_1_110' title="bbox 2172 5198 3756 5271">
     <span class='ocr_line' id='line_1_110' title="bbox 2172 5198 3756 5271; baseline 0 -16"><span class='ocrx_word' id='word_1_848' title='bbox 2172 5202 2473 5268; x_wconf 81' lang='lat' dir='ltr'><strong>extollens,</strong></span> <span class='ocrx_word' id='word_1_849' title='bbox 2515 5202 2609 5257; x_wconf 90' lang='lat' dir='ltr'><strong>sed</strong></span> <span class='ocrx_word' id='word_1_850' title='bbox 2652 5202 2788 5255; x_wconf 89' lang='lat' dir='ltr'><strong>alios</strong></span> <span class='ocrx_word' id='word_1_851' title='bbox 2834 5198 3175 5267; x_wconf 90' lang='lat' dir='ltr'><strong>deprimens,</strong></span> <span class='ocrx_word' id='word_1_852' title='bbox 3226 5198 3338 5253; x_wconf 69' lang='lat' dir='ltr'><strong>haec</strong></span> <span class='ocrx_word' id='word_1_853' title='bbox 3384 5202 3651 5271; x_wconf 90' lang='lat' dir='ltr'><strong>loquitur,</strong></span> <span class='ocrx_word' id='word_1_854' title='bbox 3696 5211 3756 5255; x_wconf 90' lang='lat' dir='ltr'><strong>ut</strong></span> 
     </span>
    </p>
   </div>
   <div class='ocr_carea' id='block_1_111' title="bbox 2170 5288 3753 5362">
    <p class='ocr_par' dir='ltr' id='par_1_111' title="bbox 2170 5288 3753 5362">
     <span class='ocr_line' id='line_1_111' title="bbox 2170 5288 3753 5362; baseline -0.003 -15"><span class='ocrx_word' id='word_1_855' title='bbox 2170 5294 2478 5362; x_wconf 82' lang='lat' dir='ltr'><strong>dignitatem</strong></span> <span class='ocrx_word' id='word_1_856' title='bbox 2525 5294 2724 5348; x_wconf 89' lang='lat' dir='ltr'><strong>sanctis</strong></span> <span class='ocrx_word' id='word_1_857' title='bbox 2750 5290 2929 5346; x_wconf 82' lang='lat' dir='ltr'><strong>addat.</strong></span> <span class='ocrx_word' id='word_1_858' title='bbox 2979 5288 3130 5355; x_wconf 88' lang='lat' dir='ltr'><strong>Quod</strong></span> <span class='ocrx_word' id='word_1_859' title='bbox 3159 5292 3299 5344; x_wconf 89' lang='lat' dir='ltr'><strong>enim</strong></span> <span class='ocrx_word' id='word_1_860' title='bbox 3330 5291 3615 5345; x_wconf 85' lang='lat' dir='ltr'><strong>admodum</strong></span> <span class='ocrx_word' id='word_1_861' title='bbox 3650 5292 3753 5344; x_wconf 88' lang='lat' dir='ltr'><strong>hu-</strong></span> 
     </span>
    </p>
   </div>
   <div class='ocr_carea' id='block_1_112' title="bbox 2170 5380 3757 5451">
    <p class='ocr_par' dir='ltr' id='par_1_112' title="bbox 2170 5380 3757 5451">
     <span class='ocr_line' id='line_1_112' title="bbox 2170 5380 3757 5451; baseline -0.003 -12"><span class='ocrx_word' id='word_1_862' title='bbox 2170 5386 2310 5440; x_wconf 88' lang='lat' dir='ltr'><strong>milis</strong></span> <span class='ocrx_word' id='word_1_863' title='bbox 2350 5394 2513 5448; x_wconf 88' lang='lat' dir='ltr'><strong>esset,</strong></span> <span class='ocrx_word' id='word_1_864' title='bbox 2553 5383 2677 5438; x_wconf 90' lang='lat' dir='ltr'><strong>audi</strong></span> <span class='ocrx_word' id='word_1_865' title='bbox 2722 5380 2849 5451; x_wconf 90' lang='lat' dir='ltr'><strong>quid</strong></span> <span class='ocrx_word' id='word_1_866' title='bbox 2890 5380 3050 5445; x_wconf 84' lang='lat' dir='ltr'><strong>dicat,</strong></span> <span class='ocrx_word' id='word_1_867' title='bbox 3096 5382 3431 5437; x_wconf 87' lang='lat' dir='ltr'><strong>inimicorum</strong></span> <span class='ocrx_word' id='word_1_868' title='bbox 3479 5381 3577 5434; x_wconf 87' lang='lat' dir='ltr'><strong>hac</strong></span> <span class='ocrx_word' id='word_1_869' title='bbox 3603 5380 3671 5433; x_wconf 91' lang='lat' dir='ltr'><strong>de</strong></span> <span class='ocrx_word' id='word_1_870' title='bbox 3696 5394 3757 5435; x_wconf 86' lang='lat' dir='ltr'><strong>re</strong></span> 
     </span>
    </p>
   </div>
   <div class='ocr_carea' id='block_1_113' title="bbox 2171 5471 3756 5536">
    <p class='ocr_par' dir='ltr' id='par_1_113' title="bbox 2171 5471 3756 5536">
     <span class='ocr_line' id='line_1_113' title="bbox 2171 5471 3756 5536; baseline -0.007 -6"><span class='ocrx_word' id='word_1_871' title='bbox 2171 5477 2532 5530; x_wconf 81' lang='lat' dir='ltr'><strong>testimonium</strong></span> <span class='ocrx_word' id='word_1_872' title='bbox 2558 5473 2860 5529; x_wconf 76' lang='lat' dir='ltr'><strong>inmedium</strong></span> <span class='ocrx_word' id='word_1_873' title='bbox 2887 5471 3193 5528; x_wconf 84' lang='lat' dir='ltr'><strong>adducens:</strong></span> <span class='ocrx_word' id='word_1_874' title='bbox 3223 5472 3503 5531; x_wconf 71' lang='lat' dir='ltr'><strong>Prarsentia</strong></span> <span class='ocrx_word' id='word_1_875' title='bbox 3526 5473 3756 5536; x_wconf 78' lang='lat' dir='ltr'><strong>corporis</strong></span> 
     </span>
    </p>
   </div>
   <div class='ocr_carea' id='block_1_114' title="bbox 2169 5564 3758 5639">
    <p class='ocr_par' dir='ltr' id='par_1_114' title="bbox 2169 5564 3758 5639">
     <span class='ocr_line' id='line_1_114' title="bbox 2169 5564 3758 5639; baseline -0.002 -19"><span class='ocrx_word' id='word_1_876' title='bbox 2169 5570 2372 5636; x_wconf 74' lang='lat' dir='ltr'><strong>inﬁrma</strong></span> <span class='ocrx_word' id='word_1_877' title='bbox 2393 5579 2483 5639; x_wconf 83' lang='lat' dir='ltr'><strong>est,</strong></span> <span class='ocrx_word' id='word_1_878' title='bbox 2516 5578 2561 5620; x_wconf 79' lang='lat' dir='ltr'><strong>et</strong></span> <span class='ocrx_word' id='word_1_879' title='bbox 2600 5583 2763 5619; x_wconf 78' lang='lat' dir='ltr'><strong>sermo</strong></span> <span class='ocrx_word' id='word_1_880' title='bbox 2805 5578 3117 5637; x_wconf 81' lang='lat' dir='ltr'><strong>contemptus</strong></span> <span class='ocrx_word' id='word_1_881' title='bbox 3152 5567 3226 5638; x_wconf 64' lang='lat'><strong>(9..</strong></span> <span class='ocrx_word' id='word_1_882' title='bbox 3260 5566 3374 5619; x_wconf 84' lang='lat' dir='ltr'><strong>Cor.</strong></span> <span class='ocrx_word' id='word_1_883' title='bbox 3406 5567 3491 5617; x_wconf 75' lang='grc'><strong>10.</strong></span> <span class='ocrx_word' id='word_1_884' title='bbox 3528 5564 3651 5630; x_wconf 79' lang='lat' dir='ltr'><strong>i0):</strong></span> <span class='ocrx_word' id='word_1_885' title='bbox 3702 5576 3758 5617; x_wconf 61' lang='lat' dir='ltr'><strong>et</strong></span> 
     </span>
    </p>
   </div>
   <div class='ocr_carea' id='block_1_115' title="bbox 2170 5656 3752 5728">
    <p class='ocr_par' dir='ltr' id='par_1_115' title="bbox 2170 5656 3752 5728">
     <span class='ocr_line' id='line_1_115' title="bbox 2170 5656 3752 5728; baseline -0.003 -14"><span class='ocrx_word' id='word_1_886' title='bbox 2170 5677 2405 5727; x_wconf 78' lang='lat' dir='ltr'><strong>rursum,</strong></span> <span class='ocrx_word' id='word_1_887' title='bbox 2463 5660 2750 5714; x_wconf 80' lang='lat' dir='ltr'><strong>Novissime</strong></span> <span class='ocrx_word' id='word_1_888' title='bbox 2777 5670 2943 5712; x_wconf 87' lang='lat' dir='ltr'><strong>autem</strong></span> <span class='ocrx_word' id='word_1_889' title='bbox 2975 5670 3214 5728; x_wconf 82' lang='lat' dir='ltr'><strong>tanquam</strong></span> <span class='ocrx_word' id='word_1_890' title='bbox 3252 5656 3478 5710; x_wconf 83' lang='lat' dir='ltr'><strong>abortivo</strong></span> <span class='ocrx_word' id='word_1_891' title='bbox 3512 5658 3647 5708; x_wconf 73' lang='lat' dir='ltr'><strong>risu:</strong></span> <span class='ocrx_word' id='word_1_892' title='bbox 3676 5666 3752 5709; x_wconf 70' lang='grc' dir='ltr'><strong>ρει</strong></span> 
     </span>
    </p>
   </div>
   <div class='ocr_carea' id='block_1_116' title="bbox 2170 5746 3753 5821">
    <p class='ocr_par' dir='ltr' id='par_1_116' title="bbox 2170 5746 3753 5821">
     <span class='ocr_line' id='line_1_116' title="bbox 2170 5746 3753 5821; baseline -0.004 -15"><span class='ocrx_word' id='word_1_893' title='bbox 2170 5766 2214 5807; x_wconf 78' lang='lat' dir='ltr'><strong>et</strong></span> <span class='ocrx_word' id='word_1_894' title='bbox 2246 5753 2363 5806; x_wconf 76' lang='lat' dir='ltr'><strong>mihi</strong></span> <span class='ocrx_word' id='word_1_895' title='bbox 2398 5751 2474 5821; x_wconf 87' lang='lat' dir='ltr'><strong>(l.</strong></span> <span class='ocrx_word' id='word_1_896' title='bbox 2507 5749 2624 5804; x_wconf 68' lang='lat' dir='ltr'><strong>Cor.</strong></span> <span class='ocrx_word' id='word_1_897' title='bbox 2657 5750 2741 5805; x_wconf 78' lang='grc'><strong>15.</strong></span> <span class='ocrx_word' id='word_1_898' title='bbox 2774 5750 2849 5821; x_wconf 86' lang='grc'><strong>8).</strong></span> <span class='ocrx_word' id='word_1_899' title='bbox 2884 5754 3133 5805; x_wconf 85' lang='lat' dir='ltr'><strong>Attamen</strong></span> <span class='ocrx_word' id='word_1_900' title='bbox 3164 5746 3379 5801; x_wconf 85' lang='lat' dir='ltr'><strong>humilis</strong></span> <span class='ocrx_word' id='word_1_901' title='bbox 3403 5746 3519 5816; x_wconf 83' lang='lat' dir='ltr'><strong>ille,</strong></span> <span class='ocrx_word' id='word_1_902' title='bbox 3544 5756 3753 5815; x_wconf 73' lang='lat' dir='ltr'><strong>tetnp0~</strong></span> 
     </span>
    </p>
   </div>
  </div>
