4028 6208
225 374 295 430 89
1323 361 1388 418 IN
1428 360 1640 416 EPIST.
1680 359 1696 412 1
1762 360 1804 412 Α

1911 357 2048 415 3011.
2091 357 2322 414 ιιοωι.
2367 358 2458 414 XI.
3426 359 3498 416 90

227 509 286 548 rc
310 499 549 554 vocante,
578 487 699 542 vide
725 500 831 556 quo
869 483 1253 554 discipulorum
1300 478 1618 535 sententiam
1647 486 1800 530 extu-

229 586 368 645 lcrit,
399 598 501 636 non
531 579 722 634 fastum
764 578 989 641 docens,
1032 575 1126 630 sed
1153 588 1315 627 sanos
1345 571 1532 626 iudens
1559 567 1802 638 spiritus.

229 676 372 743 Ipsos
398 671 538 726 enim
565 669 841 738 alloquens
868 666 1107 722 dicebat:
1140 664 1205 718 Et
1232 668 1276 719 si
1300 665 1351 715 in
1379 663 1516 717 vobis
1536 660 1804 729 judicatur

226 763 463 826 mundus,
510 761 708 832 indigni
749 761 869 815 estis
899 759 1118 812 minimis
1147 757 1350 822 iudiciis
1384 756 1460 821 (1.
1494 753 1612 806 Cor.
1639 751 1692 805 6.
1722 749 1799 819 2).

227 856 296 913 Ut
333 857 474 912 enim
522 855 880 908 Christianum
929 860 1142 920 oportet
1189 850 1344 918 longe
1396 847 1462 900 ab
1501 844 1803 913 arrogantia

225 962 361 1010 esse,
395 947 462 999 ita
489 945 632 999 etab
657 944 961 998 adulatione
988 951 1042 996 et
1086 941 1152 994 ab
1184 937 1430 993 illiberali
1463 950 1641 990 sensu.
1695 933 1802 987 Ne-

223 1053 327 1103 que
372 1037 511 1091 enim
558 1038 600 1089 si
651 1035 913 1104 quispiam
958 1032 1173 1096 dixerit,
1229 1030 1486 1085 Pecunias
1530 1026 1656 1079 nihil
1685 1040 1805 1080 esse

219 1139 372 1198 puto,
400 1126 493 1182 sed
520 1126 801 1195 praesentia
829 1124 1006 1177 omnia
1053 1122 1181 1176 mihi
1212 1121 1400 1175 umbra
1431 1128 1484 1172 et
1531 1119 1802 1171 somnium

222 1229 349 1274 sunt
373 1235 436 1274 ac
478 1234 762 1289 puerorum
790 1217 1050 1282 ludibria;
1098 1213 1417 1282 arrogantia:
1446 1211 1618 1280 ipsum
1646 1225 1804 1264 aecu-

222 1316 459 1370 sabimus
490 1312 656 1366 :Nam
683 1312 762 1366 sic
802 1310 1144 1366 Salomonem
1173 1306 1332 1359 etiam
1361 1304 1684 1374 arrogantiae
1711 1317 1810 1357 aco

223 1405 529 1461 cus-ibimus
566 1417 688 1457 cum
716 1401 787 1457 de
810 1402 891 1454 his
919 1399 1080 1454 rebbs
1112 1395 1519 1466 philosophatur
1542 1404 1596 1449 et
1639 1394 1801 1448 dicit:

235 1497 442 1550 Venite:
488 1495 787 1559 sanitatum,
834 1500 882 1544 et
925 1490 1095 1544 omnia
1122 1489 1320 1542 vanitas
1368 1488 1592 1559 (Ecclus.
1623 1488 1674 1542 1.
1713 1487 1795 1555 2).

221 1589 327 1645 Sed
353 1588 485 1642 absit
513 1595 572 1640 ut
595 1582 913 1654 arrogantiae
937 1579 1156 1636 nomine
1187 1579 1584 1649 philosomiiam
1616 1577 1805 1646 appel-

222 1679 415 1735 lemus.
465 1675 579 1731 Non
607 1683 689 1730 est
717 1688 848 1744 ergo
882 1673 1188 1744 arrogantia
1235 1671 1353 1725 haec
1376 1670 1676 1740 deSpicere,
1709 1667 1804 1724 sed

221 1770 384 1825 animi
414 1766 746 1838 magnitudo,
796 1767 919 1821 licet
950 1764 1228 1818 videamus
1258 1778 1411 1833 reges
1443 1773 1497 1817 et
1536 1762 1806 1832 principes

222 1863 313 1918 illa
341 1861 441 1916 sibi
472 1860 765 1915 vindicare.
791 1857 984 1913 Verum
1009 1871 1210 1925 pauper
1247 1857 1338 1925 qui
1376 1856 1804 1925 philosophatur,

222 1955 314 2010 ille
339 1968 484 2023 saepe
520 1951 781 2021 despicit:
839 1963 1014 2017 neque
1063 1947 1185 2001 ideo
1239 1947 1390 2000 illum
1441 1959 1804 2016 arrogantem,

220 2049 314 2103 sed
344 2046 734 2115 magnanimum
763 2042 1004 2096 dicemus
1047 2056 1061 2095 :
1113 2039 1251 2094 sicut
1283 2053 1381 2093 nec
1402 2054 1548 2102 eum,
1571 2041 1660 2108 qui
1692 2038 1806 2092 hmc

219 2150 544 2204 magnopere
579 2133 678 2188 sibi
707 2132 957 2196 vindicat,
994 2129 1247 2184 humilem
1277 2140 1330 2182 et
1358 2129 1679 2196 modestum,
1710 2131 1803 2184 sed

221 2225 512 2290 infirmum,
542 2223 717 2295 pusilli
747 2222 913 2277 animi
963 2232 1016 2277 et
1058 2219 1375 2276 illiberalem
1415 2221 1677 2275 dicemus.
1713 2220 1807 2274 Et-

218 2317 365 2374 enim
395 2317 440 2370 si
471 2317 590 2386 quis
621 2316 759 2370 ﬁlius
801 2330 864 2371 ea
891 2329 1010 2385 quae
1057 2311 1123 2368 ad
1155 2321 1362 2382 patrem
1409 2313 1676 2380 pertinent
1712 2313 1805 2366 de-

216 2411 469 2481 spiceret,
486 2409 696 2465 servilia
729 2418 906 2463 autem
955 2407 1328 2469 admiraretur,
1381 2418 1485 2458 non
1514 2405 1663 2473 quasi
1703 2403 1802 2458 bu.

217 2504 400 2558 milem
467 2503 616 2557 illum
680 2499 1044 2564 laudaremus,
1105 2497 1200 2552 sed
1254 2507 1314 2551 ut
1380 2496 1692 2551 illiberalem
1750 2504 1803 2549 et

217 2597 475 2652 servilem
518 2597 979 2664 vituperaremus;
1021 2593 1300 2662 ipsumque
1325 2606 1452 2646 vero
1491 2592 1805 2646 miraremur

215 2689 260 2741 si
309 2687 395 2740 illa
435 2684 756 2753 despiceret,
799 2693 853 2737 et
893 2691 1116 2752 paterna
1145 2684 1334 2753 magni
1380 2683 1600 2737 faceret.
1640 2684 1804 2736 Arro-

213 2779 410 2849 gantize
437 2779 580 2831 enim
612 2785 714 2839 est,
747 2791 806 2830 se
833 2776 1113 2834 conservis
1160 2775 1437 2829 meliorem
1464 2789 1586 2829 esse
1616 2773 1802 2828 existi-

214 2886 402 2934 mare;
435 2868 526 2923 sed
552 2883 670 2923 eam
703 2884 821 2938 quze
850 2882 975 2922 vere
1005 2876 1085 2922 est
1126 2866 1194 2921 de
1225 2866 1383 2920 rebus
1415 2867 1554 2920 ferre
1583 2874 1801 2920 senten-

215 2966 366 3028 tiam,
406 2978 512 3017 non
551 2963 872 3032 arrogantia:
921 2971 1023 3027 est,
1058 2962 1152 3016 sed
1193 2961 1564 3030 philosOphiae.

285 3057 341 3110 2.
376 3055 500 3110 Ideo
531 3055 730 3109 Paulus
776 3070 882 3110 non
938 3069 996 3109 se
1025 3054 1308 3119 extollens,
1328 3053 1421 3108 sed
1463 3053 1598 3106 alios
1629 3053 1804 3106 humi-

214 3147 372 3211 Iians,
402 3154 458 3201 et
480 3160 604 3201 sese
628 3145 912 3201 eliercntes
952 3145 1260 3214 deprimens
1290 3154 1343 3199 et
1385 3143 1656 3198 modestos
1682 3157 1802 3197 esse

215 3235 469 3298 suadens,
500 3235 742 3290 dicebat:
798 3235 929 3288 Mihi
981 3245 1148 3288 autent
1201 3251 1294 3302 pro
1339 3234 1546 3286 minimo
1585 3245 1656 3287 est
1697 3243 1803 3286 uta

215 3326 594 3392 mbisjudicer,
642 3337 728 3379 aut
762 3327 822 3380 ab
864 3326 1090 3379 humano
1139 3325 1240 3378 die.
1300 3324 1487 3379 Viden‘
1535 3323 1804 3396 quomodo

217 3421 342 3474 illos
379 3420 687 3475 curaverit?
727 3419 857 3474 Nam
890 3422 978 3490 qui
1014 3419 1241 3474 audierit
1269 3418 1411 3487 quod
1440 3435 1627 3474 omnes
1656 3419 1800 3474 simi-

215 3501 341 3566 liter
369 3511 654 3579 deSpiciat,
686 3518 739 3566 et
765 3526 796 3566 a
827 3512 974 3565 nullo
996 3511 1224 3581 judicari
1253 3510 1519 3579 dignetur,
1563 3527 1667 3564 non
1696 3510 1796 3565 uti-

215 3618 322 3671 que
351 3603 549 3657 dolebit
577 3606 726 3672 quasi
756 3607 869 3672 ipse
892 3603 1039 3658 solus
1069 3603 1291 3672 ejectus.
1324 3602 1454 3656 Nam
1484 3605 1526 3656 si
1556 3603 1799 3667 dixisset,

215 3693 259 3747 A
282 3693 674 3755 vobistantum,
695 3704 749 3746 et
773 3694 1029 3757 siluisset,
1045 3693 1145 3747 hoc
1164 3693 1284 3747 illos
1301 3693 1550 3747 mordere
1567 3704 1800 3762 poterat,

214 3784 370 3853 quasi
399 3783 634 3854 despecti
666 3783 889 3839 fuissent
915 3803 927 3837 :
959 3799 1099 3840 nunc
1125 3794 1301 3839 autem
1333 3799 1453 3837 cum
1481 3784 1660 3852 addit,
1695 3784 1804 3838 Nec

214 3877 280 3929 ab
311 3879 530 3930 humano
561 3877 661 3944 die,
712 3878 880 3948 plagae
909 3877 1356 3933 medicamentum
1399 3876 1659 3943 adhibuit,
1681 3891 1803 3932 cum

214 3968 350 4037 ipsis
382 3969 501 4022 talis
536 3977 874 4037 contemptus
913 3971 1090 4025 socios
1123 3969 1436 4040 assignavit.
1469 3969 1573 4025 Sed
1602 3977 1656 4025 et
1692 3969 1806 4039 ipse

213 4076 432 4130 quoque
455 4061 580 4113 huic
599 4061 676 4114 rei
694 4075 881 4113 rursus
907 4061 1170 4126 medetur,
1198 4063 1455 4130 adjiciens
1477 4081 1491 4114 :
1516 4063 1621 4116 Sed
1650 4077 1806 4131 neque

213 4152 469 4217 meipsum
485 4149 688 4219 judico.
714 4148 847 4202 Vide
867 4150 1135 4217 quomodo
1156 4149 1354 4203 dictum
1379 4150 1504 4203 illud
1537 4166 1640 4202 non
1663 4165 1805 4204 arro-

214 4240 453 4310 gantiam
476 4239 678 4307 sapiat:
702 4253 876 4308 neque
892 4240 1032 4293 enim
1060 4254 1118 4293 se
1155 4240 1285 4294 satis
1301 4253 1420 4293 esse
1449 4239 1577 4293 dicit
1608 4240 1671 4293 ad
1703 4238 1807 4294 hoc

215 4321 469 4388 accurate
502 4333 885 4401 prmstandum.
920 4333 1120 4389 Deinde
1150 4335 1272 4404 quia
1319 4334 1418 4387 hoc
1460 4335 1657 4387 dictum
1687 4347 1808 4389 sese

216 4425 510 4480 admodum
522 4426 830 4481 cxtollentis
842 4427 1274 4493 videbaturesse,
1290 4426 1340 4483 id
1355 4427 1583 4482 correxit
1600 4427 1804 4483 dicens:

218 4519 328 4571 Sed
369 4533 469 4570 non
500 4518 552 4570 in
581 4519 676 4571 hoc
695 4519 1012 4587 justi/Scuta:
1055 4535 1188 4574 sum.
1220 4519 1357 4585 Quid
1400 4520 1598 4589 igitur?
1627 4535 1804 4574 annon

217 4615 496 4676 oportetet
511 4621 570 4662 se
585 4616 638 4662 et
652 4618 865 4677 peccata
880 4609 1123 4676 judicare
1139 4610 1162 4661 ?
1176 4610 1406 4666 Maxime
1419 4611 1631 4681 quidem
1650 4626 1810 4680 opor-

220 4710 294 4754 tet
313 4700 414 4753 hoc
432 4699 604 4753 facere
624 4715 743 4754 cum
759 4715 1062 4770 peccamus;
1083 4700 1177 4755 sed
1189 4701 1384 4757 Paulus
1403 4703 1503 4757 hoc
1519 4720 1623 4758 non
1641 4703 1805 4758 dixit:

221 4792 374 4845 Nilei!
390 4792 522 4846 enim
543 4791 666 4845 mihi
685 4792 916 4845 conscius
958 4809 1091 4856 cum,
1138 4792 1328 4863 inquit.
1360 4794 1637 4862 Quodnam
1679 4810 1810 4865 ergo

218 4895 500 4957 peccatum
531 4885 866 4955 judicaturus
894 4894 1028 4954 erat,
1061 4900 1179 4941 cum
1233 4886 1366 4940 nihil
1417 4889 1515 4942 sihi
1565 4890 1808 4945 conscius

217 4977 402 5036 esset?
425 4979 518 5033 me
540 4993 667 5034 vero
685 4993 792 5034 non
811 4978 941 5034 dicit
959 4993 1016 5033 se
1038 4990 1159 5033 esse
1173 4976 1540 5047 justiﬁealum.
1561 4980 1658 5047 Qui
1682 4996 1809 5050 ergo

215 5069 606 5124 conscientiam
631 5068 894 5142 habemus
918 5069 1063 5124 mille
1106 5068 1416 5123 vulneribus
1454 5071 1686 5123 sauciam
1708 5113 1724 5137 ,
1754 5079 1810 5126 et

217 5158 421 5214 nullius
438 5156 565 5211 boni
596 5158 751 5212 nobis
781 5159 982 5214 conscii
1005 5175 1227 5225 sumus,
1259 5159 1352 5213 sed
1390 5167 1557 5213 totum
1589 5170 1808 5214 contra-

222 5252 365 5308 rium
393 5290 411 5316 ,
440 5248 565 5318 quid
591 5246 921 5304 dixerimus?
962 5260 1018 5306 et
1047 5249 1314 5322 quomodo
1358 5250 1450 5304 ille
1475 5251 1671 5305 nullius
1704 5252 1805 5307 sibi

213 5341 472 5398 conscius
496 5339 642 5404 mali,
664 5355 772 5401 non
787 5339 1112 5409 justificatus
1135 5342 1285 5397 erat?
1311 5341 1441 5409 Quia
1467 5342 1808 5412 contingebat

215 5433 373 5488 iilum
387 5433 566 5502 aliqua
581 5430 863 5493 admittere
887 5442 1127 5501 peccata,
1154 5449 1273 5503 qua:
1294 5435 1406 5503 ipse
1426 5434 1657 5489 nesciret
1685 5450 1807 5492 esse

215 5533 462 5592 peccata.
489 5521 626 5576 Hinc
663 5521 837 5591 cogita
863 5535 1026 5590 quam
1071 5522 1175 5578 erit
1215 5530 1523 5577 accuratum
1571 5522 1804 5580 futurum

208 5614 498 5685 judicium.
521 5613 644 5669 Non
655 5629 804 5685 ergo,
823 5613 962 5685 quod
985 5613 1560 5685 omnireprehensione
1583 5630 1804 5672 vacuum

217 5723 281 5764 se
297 5714 530 5776 putaret,
548 5719 608 5761 se
622 5706 893 5777 indignum
910 5721 1031 5762 esse
1047 5706 1195 5773 dicit,
1209 5707 1298 5778 qui
1313 5709 1378 5762 ab
1401 5708 1503 5761 illis
1514 5706 1802 5776 judicctnr,

219 5800 318 5856 sed
349 5795 590 5870 reprimit
615 5811 710 5856 eoa
735 5800 826 5870 qui
853 5797 1246 5857 inconsiderate
1271 5798 1372 5856 hoc
1401 5798 1656 5856 facerent.
1688 5801 1800 5856 Ali-

1920 476 1969 529 bi
1989 475 2152 538 enim,
2168 475 2375 530 etiamsi
2397 484 2608 544 peccata
2629 489 2734 529 non
2754 478 3031 529 manifesta
3054 483 3254 540 essent.
3277 475 3392 533 aliis
3413 476 3497 544 ju-

1911 568 2106 623 dicium
2121 568 2265 623 ferre
2281 569 2543 637 permisit,
2563 571 2810 639 quoniam
2825 569 2925 624 hoc
2944 568 3245 639 postulabat
3264 579 3495 638 tempus.

1984 661 2062 716 De
2089 664 2206 716 aliis
2237 679 2336 716 non
2371 663 2713 732 judicandum
2742 672 2834 716 est.
2869 691 2940 703 —
2987 662 3122 727 Quid
3165 663 3307 715 enim
3333 701 3348 727 ,
3381 663 3451 715 ait
3477 702 3491 725 ,

1904 754 2111 824 judico:
2141 754 2350 819 fratrem
2387 756 2577 808 tuum?
2621 765 2667 808 et
2705 765 2758 806 tu
2804 770 2896 808 cur
2925 755 3135 822 fratrem
3179 763 3317 806 tuum
3349 754 3500 807 nihili

1914 845 2040 912 facis
2070 843 2243 914 (Rom.
2270 847 2358 899 14.
2404 846 2536 913 10)?
2585 845 2700 900 Non
2747 846 2888 901 enim
2921 845 3024 900 hoc
3063 845 3155 900 tibi
3186 843 3494 898 mandatum

1913 947 2027 1002 est,
2054 952 2087 990 o
2114 936 2274 990 homo
2295 978 2310 1002 ,
2340 947 2394 991 ut
2437 939 2570 992 alios
2591 937 2801 1007 judices
2827 981 2841 1003 ,
2872 939 2964 993 sed
2993 946 3050 992 ut
3079 948 3164 992 tua
3197 941 3492 992 examines.

1912 1028 2018 1082 Cur
2045 1044 2143 1098 ego
2172 1030 2380 1084 Domini
2421 1040 2600 1100 partes
2629 1032 2861 1100 arripis?
2906 1032 3048 1086 illius
3094 1041 3175 1086 est
3209 1031 3451 1100 judicare
3477 1072 3492 1091 ,

1913 1136 2018 1173 non
2064 1130 2233 1174 tuum.
2278 1122 2452 1188 Quare
2501 1122 2774 1191 subjungit
2818 1141 2829 1176 :
2873 1123 2925 1176 5.
2965 1122 3146 1192 Itaque
3182 1125 3336 1176 nolite
3378 1135 3495 1176 ante

1913 1222 2114 1282 tempus
2151 1214 2393 1283 judicare
2421 1255 2436 1281 ,
2469 1216 2798 1285 quoadusque
2827 1218 2990 1268 veniat
3022 1215 3269 1268 Dominus
3291 1257 3304 1278 ,
3336 1216 3422 1283 qui
3449 1226 3494 1268 et

1911 1305 2220 1360 illuminabit
2240 1305 2537 1360 abscondita
2564 1307 2915 1370 tenebrarum,
2945 1316 2990 1359 et
3019 1305 3358 1375 manifestabit
3382 1321 3495 1357 con-

1912 1398 2031 1451 silia
2058 1399 2284 1452 cordiunt
2309 1415 2328 1452 :
2359 1409 2405 1452 et
2435 1409 2553 1454 tunc
2585 1399 2697 1453 laus
2724 1401 2816 1453 erit
2845 1401 3113 1469 unicuique
3141 1418 3172 1451 a
3200 1399 3325 1452 Deo.
3357 1398 3494 1466 Quid

1912 1504 2060 1558 ergo,
2094 1505 2199 1544 non
2231 1500 2443 1559 Oportet
2472 1491 2721 1546 doctores
2748 1491 2851 1547 hoc
2882 1493 3097 1546 facere?
3127 1492 3347 1560 Oportet
3373 1493 3492 1561 qui-

1911 1579 2032 1635 dem
2071 1581 2123 1634 in
2155 1584 2390 1651 peccatis
2420 1583 2720 1638 manifestis
2741 1626 2755 1650 ,
2788 1598 2912 1654 quae
2955 1584 3008 1638 in
3038 1582 3288 1638 confesso
3327 1596 3450 1637 sunt
3479 1625 3493 1647 ,

1913 1674 2071 1742 idque
2122 1676 2437 1743 congruenti
2497 1685 2770 1744 tempore;
2823 1693 2944 1731 cum
2998 1687 3124 1731 tunc
3178 1677 3391 1732 doleant
3443 1686 3496 1731 et

1912 1765 2279 1822 mordeantur.
2329 1766 2448 1821 Non
2493 1776 2550 1820 ut
2590 1777 2715 1822 tunc
2762 1768 2836 1822 illi
2892 1769 3187 1836 faciebant,
3233 1787 3298 1824 cx
3352 1773 3498 1826 inani

1911 1857 2077 1929 gloria
2105 1867 2161 1914 et
2201 1859 2525 1930 arrogantia.
2560 1858 2656 1914 llic
2684 1860 2828 1914 enim
2868 1877 2974 1914 non
3020 1862 3086 1915 de
3117 1863 3349 1930 peccatis
3392 1864 3495 1918 illis

1913 1950 2148 2020 loquitur
2172 1992 2186 2015 ,
2218 1966 2334 2020 qua:
2363 1950 2415 2004 in
2442 1951 2694 2005 confesso
2722 1962 2907 2018 erant,
2941 1951 3033 2007 sed
3077 1953 3222 2021 quod
3237 1953 3394 2007 illum
3421 1955 3496 2007 al-

1914 2042 2011 2095 teri
2056 2041 2403 2110 praeferrent,
2422 2051 2476 2096 et
2521 2042 2694 2096 vitam.
2718 2041 2928 2095 illorum
2980 2054 3371 2110 compararent.
3424 2046 3497 2098 De

1912 2134 1994 2187 his
2025 2137 2167 2188 enim
2199 2134 2287 2188 ille
2316 2135 2474 2188 solus.
2513 2144 2762 2188 accurate
2806 2135 3048 2203 judicare
3077 2137 3217 2188 norit
3239 2177 3252 2200 ,
3286 2137 3371 2206 qui
3402 2153 3496 2191 oc-

1909 2226 2050 2280 culta
2079 2233 2265 2280 nosu'a
2282 2225 2616 2294 iudicaturus
2639 2233 2756 2289 est;
2780 2240 3021 2294 qumnam
3053 2227 3254 2280 scilicet
3283 2230 3492 2296 majori,

1910 2334 2156 2389 quaenam
2185 2318 2379 2373 minori
2408 2318 2491 2374 vel
2523 2319 2787 2387 supplicio
2816 2319 2899 2373 vel
2929 2319 3131 2374 honore
3161 2319 3315 2389 digna
3346 2323 3491 2374 sint:

1888 2418 2007 2465 'uos
2031 2429 2161 2468 vero
2183 2412 2478 2468 secundum
2506 2413 2556 2468 id
2593 2412 2732 2481 quod
2766 2422 2985 2482 apparet
3017 2413 3132 2466 huic
3165 2414 3404 2466 facimus.
3439 2414 3493 2469 Si

1908 2506 2048 2558 enim
2074 2547 2088 2570 ,
2121 2506 2324 2574 inquit,
2351 2507 2402 2558 in
2426 2506 2620 2574 quibus
2646 2507 2764 2574 ipse
2794 2507 3040 2575 peccavi,
3070 2505 3197 2558 nihil
3230 2507 3372 2558 clare
3402 2523 3498 2558 uo-

1910 2599 1981 2666 vi,
2007 2598 2277 2668 quomodo
2300 2597 2493 2667 dignus
2522 2597 2718 2651 iuerint
2737 2599 2824 2668 qui
2847 2598 2914 2651 de
2935 2599 3053 2652 aliis
3083 2597 3247 2652 feram
3277 2609 3494 2652 senten-

1911 2691 2085 2745 tiam?
2128 2689 2396 2760 quomodo
2423 2690 2510 2759 qui
2552 2704 2667 2743 mea
2701 2704 2802 2742 non
2844 2698 3091 2742 accurate
3137 2691 3288 2753 novi,
3323 2690 3493 2741 aliena

1909 2781 2394 2852 poterojudicare?
2419 2783 2474 2836 Si
2497 2796 2626 2835 vero
2653 2780 2848 2834 Paulus
2881 2779 2981 2834 hoc
3008 2779 3151 2844 fecit,
3186 2780 3349 2832 multo
3380 2798 3494 2832 nia-

1907 2873 1987 2943 gis
2020 2888 2136 2926 nos.
2174 2872 2300 2925 Haec
2339 2873 2482 2927 enim
2524 2871 2728 2924 dicebat
2753 2911 2768 2935 ,
2801 2886 2906 2922 non
2940 2880 2995 2923 ut
3043 2887 3100 2925 se
3132 2871 3261 2923 nulli
3309 2886 3491 2938 reprc-

1909 2965 2155 3020 hcnsioni
2199 2965 2486 3020 obnoxium
2530 2962 2878 3027 ostenderet,
2927 2962 3019 3016 sed
3054 2972 3109 3015 tit
3149 2962 3492 3025 declararet,

1908 3058 2117 3112 etiamsi
2142 3058 2262 3126 quis
2283 3056 2422 3126 apud
2451 3057 2571 3110 illos
2597 3062 2740 3110 esset
2771 3053 2859 3123 qui
2889 3070 2991 3109 non
3016 3055 3362 3123 peccavisset,
3388 3071 3493 3106 non

1906 3152 2127 3221 dignum
2176 3160 2352 3204 tamen
2399 3163 2518 3222 esse
2563 3149 2652 3217 qui
2715 3147 2783 3201 de
2829 3148 3055 3201 aliorum
3103 3147 3205 3199 vita
3244 3147 3492 3215 judicct;

1908 3254 1961 3298 ct
1989 3242 2132 3313 quod
2173 3242 2219 3296 si
2261 3243 2304 3296 is
2326 3284 2339 3307 ,
2371 3241 2463 3310 qui
2496 3240 2692 3293 nullius
2719 3238 2839 3290 mali
2873 3240 2972 3292 sibi
3015 3240 3260 3291 conscius
3290 3249 3403 3300 est,
3438 3256 3496 3291 se

1908 3335 2204 3388 obnoxium
2233 3347 2353 3386 esse
2382 3331 2532 3394 dicit,
2564 3331 2733 3383 multo
2755 3330 2923 3398 magis
2947 3330 3018 3382 illi
3047 3339 3239 3393 erunt,
3273 3329 3359 3397 qui
3386 3329 3496 3381 miiv

1908 3426 1956 3480 le
2005 3434 2351 3496 peccatorum
2398 3423 2498 3476 sibi
2544 3423 2744 3476 conscii
2788 3431 2932 3474 sunt.
2979 3419 3108 3473 Cum
3141 3421 3221 3475 sic
3260 3436 3387 3489 ergo
3434 3435 3496 3475 os

1907 3517 2496 3572 obstruxisset-eorum
2525 3555 2539 3578 ,
2585 3514 2675 3582 qui
2721 3512 2844 3565 talia
2886 3511 3082 3580 judicia
3130 3512 3359 3577 ferrent,
3403 3511 3496 3566 de-

1908 3622 2054 3661 mum
2093 3608 2450 3677 parturientis
2478 3621 2633 3660 more
2651 3605 2808 3674 gestit
2848 3605 3149 3672 irrumpere
3180 3606 3230 3658 in
3262 3603 3495 3658 fornica-

1912 3709 2083 3752 torcm
2117 3718 2128 3752 :
2164 3707 2227 3752 et
2266 3698 2404 3751 sicut
2448 3698 2726 3766 ingruente
2773 3705 3124 3766 tempestate,
3155 3705 3498 3765 prmcurrunt

1911 3790 2081 3842 nubes
2101 3789 2341 3858 quaedam
2363 3797 2528 3852 atra};
2558 3786 2751 3841 deinde
2780 3796 2899 3856 post
2920 3787 3208 3841 tonitruum
3233 3778 3495 3856 fragorem

1910 3892 1964 3937 et
1998 3891 2280 3952 postquam
2317 3881 2504 3935 cailum
2534 3894 2638 3933 una
2672 3881 2841 3933 nubes
2870 3878 3065 3933 factum
3108 3888 3190 3932 est
3214 3921 3227 3942 ,
3280 3890 3403 3932 tunc
3444 3880 3497 3932 in

1912 3984 2113 4027 terram
2162 3971 2441 4026 confertim
2488 3971 2721 4040 erumpit
2771 3969 2983 4039 pluvia;
3016 3968 3204 4024 eodem
3247 3969 3405 4022 modo
3443 3977 3499 4023 et

1912 4075 2038 4118 tunc
2065 4064 2276 4117 accidit.
2311 4063 2444 4116 Nam
2472 4079 2592 4117 cum
2617 4071 2802 4130 posset
2826 4077 2953 4116 cum
2978 4061 3339 4129 indignatione
3363 4059 3497 4110 mul-

1914 4165 1963 4209 ta
1994 4169 2154 4224 agere
2181 4154 2231 4206 in
2267 4153 2641 4206 fornicatorem
2666 4193 2679 4217 ,
2709 4168 2814 4204 non
2845 4153 2913 4204 ita
2945 4155 3090 4220 agit;
3126 4152 3217 4203 sed
3251 4151 3494 4214 prmtnis-

1913 4247 1986 4300 sis
2015 4245 2341 4300 terribilibus
2363 4242 2539 4297 verbis
2556 4242 2672 4310 ejus
2691 4249 2952 4294 tumorem
2972 4241 3228 4308 reprimit.
3249 4239 3499 4305 Quando-

1913 4336 2129 4406 quidem
2160 4335 2356 4405 duplex
2398 4333 2583 4389 aderat
2615 4343 2888 4402 peccatum
2909 4373 2924 4396 ,
2956 4331 3236 4385 fornicatio
3267 4350 3494 4401 nemng

1913 4443 1965 4486 et
1991 4431 2344 4486 fornicatione
2374 4429 2526 4499 pejus
2555 4427 2720 4493 aliud,
2745 4427 2886 4496 quod
2908 4425 3110 4477 scilicet
3141 4424 3271 4477 tanti
3297 4428 3497 4493 peccati

1916 4525 2340 4594 rion-paeniteret
2381 4523 2574 4589 ipsum.
2621 4518 2735 4572 Non
2764 4518 2905 4570 enim
2953 4516 3022 4568 ita
3055 4515 3499 4581 peccatorem'lu-

1912 4627 2039 4686 get,
2074 4626 2129 4668 ut
2157 4621 2490 4682 peccatorem
2521 4624 2627 4662 non
2673 4608 3018 4677 pmnitentem
3053 4624 3064 4658 :
3097 4605 3310 4676 Lugebo
3355 4606 3499 4660 enim

1917 4707 2114 4759 multos
2139 4744 2152 4768 ,
2187 4703 2393 4770 inquit,
2424 4716 2529 4754 non
2561 4715 2750 4755 eorum
2779 4709 2981 4753 tantum
3010 4699 3099 4768 qui
3132 4700 3277 4768 prius
3306 4713 3500 4766 pecca-

1913 4806 2041 4850 runt
2066 4835 2082 4861 ,
2115 4793 2207 4848 sed
2240 4808 2425 4848 eorum
2462 4793 2551 4864 qui
2579 4791 2944 4861 pcenitentiam
2989 4805 3095 4843 non
3141 4798 3366 4859 egerunt
3387 4829 3401 4853 ,
3433 4789 3501 4843 de

1914 4885 2243 4955 impudicitia
2272 4895 2325 4940 et
2367 4885 2434 4940 de
2476 4883 2809 4939 immunditia
2849 4896 3005 4949 quam
3037 4880 3365 4934 admiserunt
3394 4882 3412 4949 (
3441 4879 3495 4932 Ξ.

1913 4978 2032 5033 Cor.
2068 4980 2155 5035 12.
2189 4978 2323 5048 21).
2373 4977 2508 5031 Nam
2555 4975 2644 5044 qui
2691 4982 2813 5042 post
2861 4980 3136 5042 peccatum
3185 4971 3500 5040 paenitentia

1917 5071 2083 5124 utitur
2105 5111 2119 5135 ,
2141 5086 2260 5124 .nou
2303 5068 2493 5136 dignus
2520 5075 2601 5120 est
2644 5065 2734 5133 qui
2767 5064 3008 5133 lugeatur
3028 5103 3043 5128 ,
3072 5063 3164 5116 sed
3194 5065 3280 5131 qui
3314 5065 3501 5118 beatus

1913 5161 2272 5232 praedicetur,
2309 5167 2491 5226 utpote
2521 5157 2608 5224 qui
2637 5157 2687 5208 in
2713 5156 2980 5224 justorum
3004 5155 3225 5209 chorum
3269 5156 3500 5209 transla-

1913 5262 2000 5306 tus
2025 5253 2114 5306 sit.
2149 5251 2245 5305 Dic
2276 5251 2409 5303 enim
2439 5259 2490 5300 tu
2520 5249 2689 5316 prius,
2725 5249 2894 5317 inquit
2921 5291 2934 5311 ,
2965 5248 3253 5316 iniquitates
3287 5257 3417 5310 tuas,
3449 5254 3501 5298 ut

1907 5345 2208 5416 justiﬁccris
2239 5341 2392 5411 (lsai.
2425 5343 2513 5395 45.
2548 5339 2663 5411 26).
2695 5337 2750 5394 Si
2791 5349 2968 5394 autem
3000 5349 3278 5407 postquam
3314 5353 3502 5406 pecca-

1917 5437 2027 5502 vit,
2061 5435 2400 5505 impudenter
2425 5441 2583 5501 agat,
2636 5447 2742 5486 non
2790 5433 2858 5485 ita
2900 5433 3368 5488 commiseratione
3411 5429 3498 5486 dir-

1914 5541 2052 5596 gnus
2079 5535 2163 5580 est
2192 5523 2330 5594 quod
2358 5523 2613 5577 ceciderit
2632 5563 2648 5588 ,
2675 5539 2834 5592 quam
2861 5524 3001 5592 quod
3031 5525 3208 5591 lapsus
3228 5524 3427 5591 jaceat.

1991 5619 2044 5672 ὅ.
2077 5617 2232 5684 Quod
2262 5617 2308 5670 si
2340 5627 2458 5685 post
2482 5625 2756 5685 peccatum
2786 5632 2892 5668 non
2924 5616 3189 5683 poenitere
3213 5633 3372 5685 grave
3394 5627 3500 5678 est.

1920 5709 1987 5764 de
2031 5710 2279 5762 admissis
2310 5707 2542 5775 peccatis
2586 5707 2942 5762 intumescere
2986 5716 3236 5777 quantum
3267 5720 3504 5761 meretur

1922 5799 2288 5872 supplicium?
2310 5798 2442 5855 Nam
2477 5799 2520 5854 si
2548 5799 2592 5856 is
2614 5841 2628 5868 ,
2659 5800 2747 5870 qui
2773 5799 2839 5855 de
2861 5808 3007 5856 recte
3034 5799 3184 5855 factis
3210 5801 3495 5865 extollitur,
