4028 6208
3500 42 3505 51 r

3510 80 3515 87 c

3600 156 3603 159 -
3642 166 3649 169 ν
3902 154 3909 163 r

3620 170 3633 173 η·
3652 170 3659 179 ι

3848 198 3855 207 s

532 338 590 394 9i
1247 337 1304 394 S.
1341 334 1618 393 JOANNiS
1663 325 2141 389 CHRYSOBTOI!
2188 324 2507 383 ARCHIEP.
2542 324 3076 384 CONSTANTINOP.
3729 338 3797 392 θῇ

533 452 841 507 immundus
865 460 983 518 est;
1025 452 1117 523 qui
1144 451 1214 508 de
1251 448 1485 522 peccatis
1512 448 1727 505 inihtur
1746 489 1761 513 ,
1791 458 1949 518 quam
1972 451 2109 500 con-

532 553 790 613 sequetur
812 542 1069 601 veniam?
1095 542 1228 613 Quia
1249 557 1379 613 ergo
1415 540 1536 596 talis
1563 550 1679 595 erat
1704 539 1995 593 fomieator
2013 577 2029 599 ,
2059 541 2118 591 et

532 636 765 690 animam
794 650 891 706 per
930 646 1207 705 peccatum
1241 636 1311 689 ita
1351 632 1679 703 petulantem
1700 640 1756 687 et
1780 633 2115 703 pervicacem

536 725 870 795 reddiderat,
891 727 1197 781 necessario
1221 725 1338 795 ejus
1362 723 1555 779 fastum
1582 724 1755 793 primo
1778 723 1982 793 dejicit.
2010 718 2116 777 Ne-

533 834 639 888 que
676 818 779 873 hoc
804 819 1012 873 crimen
1043 819 1218 887 primo
1242 818 1425 887 ponit,
1452 825 1511 870 ut
1536 830 1602 870 ne
1638 816 1727 871 ille
1750 824 1911 872 exuat
1938 812 2113 886 pudo-

534 924 672 973 rern,
691 924 758 964 eo
777 907 921 979 quod
943 918 1068 963 ante
1088 905 1224 963 alios
1247 918 1527 963 accusetur
1548 922 1564 972 ;
1588 921 1762 976 neque
1782 915 2112 977 postremum

536 1000 692 1054 illum
739 1000 888 1069 ponit
911 1040 927 1065 ,
956 1004 1012 1054 ut
1042 1013 1113 1054 ne
1143 1006 1294 1070 putet
1336 998 1425 1053 ille
1463 1008 1578 1052 rem
1620 1012 1771 1053 suam
1796 1005 1857 1051 ut
1896 996 2114 1051 levioris

532 1090 792 1145 momenti
820 1090 974 1161 quasi
1002 1090 1146 1145 aliud
1176 1089 1389 1159 agendo
1416 1088 1630 1143 tractari
1657 1106 1670 1142 :
1699 1087 1795 1142 sed
1819 1100 1943 1142 curn
1966 1086 2114 1153 prius

532 1179 631 1244 ipsi
660 1181 887 1234 multum
910 1179 1222 1234 incussisset
1246 1179 1491 1233 timorem
1517 1190 1584 1232 ex
1602 1172 1815 1231 dicendi
1842 1175 2111 1239 libertate,

529 1286 633 1341 qua
660 1278 850 1325 contra
887 1270 1022 1325 alios
1065 1282 1193 1324 usus
1229 1277 1351 1333 est,
1398 1277 1526 1323 tunc
1570 1268 1720 1323 illum
1766 1264 2109 1335 aggreditur,

533 1370 815 1431 postquam
836 1360 959 1431 ejus
979 1361 1336 1431 arrogantiam
1359 1374 1456 1429 per
1474 1359 1700 1413 aliorum
1716 1356 2111 1413 correctionem

532 1454 681 1523 prius
705 1453 1095 1525 exagitaverat.
1124 1453 1249 1507 Haec
1274 1452 1421 1508 enim
1447 1451 1560 1520 ipsa
1594 1448 1758 1503 verba
1782 1489 1799 1512 .
1832 1446 1981 1503 Nihil
2009 1447 2111 1501 mi-

530 1545 586 1598 lii
612 1546 843 1599 conscius
867 1559 1015 1608 sum;
1050 1542 1143 1597 sed
1167 1554 1269 1596 non
1296 1542 1346 1595 in
1378 1542 1471 1594 hoc
1497 1540 1815 1612 jush‘ﬁeuttts
1837 1554 1952 1595 sunt
1974 1556 1994 1604 ;
2017 1546 2073 1594 et
2092 1578 2109 1603 ,

532 1635 633 1701 Qui
650 1635 855 1707 judice:
894 1649 1008 1703 me,
1040 1633 1289 1687 Dominus
1310 1640 1384 1686 est
1406 1672 1421 1696 ,
1448 1633 1536 1701 qui
1571 1641 1620 1686 et
1669 1629 1975 1686 illuminobit
2016 1630 2111 1684 ab-

528 1727 759 1781 scondita
786 1725 1100 1780 tenebrarum
1121 1766 1136 1789 ,
1168 1734 1215 1780 et
1240 1723 1580 1795 manifestam
1599 1723 1816 1779 oonsilio
1834 1721 2066 1777 sordium
2091 1763 2110 1790 ,

533 1832 639 1870 non
666 1817 856 1871 ieviter
880 1825 935 1870 et
954 1827 1076 1870 eum
1098 1822 1156 1871 et
1176 1829 1299 1879 eos,
1329 1816 1421 1884 qui
1443 1814 1547 1883 ipsi
1573 1813 1968 1883 appiandebant
1985 1825 2113 1867 san-

532 1915 759 1976 ctosque
782 1904 1172 1975 despiciebant,
1196 1902 1529 1973 perstringit.
1554 1902 1691 1970 Quid
1717 1902 1887 1967 enim,
1914 1902 2107 1972 inquit,

531 1996 579 2049 si
606 1995 823 2065 quidam
864 1994 1201 2049 extrinsecus
1246 1993 1441 2047 virtute
1472 1993 1677 2063 przrditi
1712 2001 1773 2048 et
1808 1991 2111 2049 aduiirmdi

530 2086 839 2157 apparent!
864 2085 983 2142 Non
1009 2085 1077 2141 de
1104 2085 1462 2142 exterioribus
1490 2097 1697 2141 tantum
1726 2085 1826 2142 brt
1850 2086 2111 2157 judicium

529 2179 622 2233 ille
640 2177 827 2247 judex,
848 2178 943 2233 sed
964 2177 1125 2232 etiam
1144 2185 1339 2232 arcana
1369 2176 1420 2231 in
1444 2176 1681 2232 medium
1707 2176 1943 2234 adducit.
1972 2176 2113 2233 Dua-

531 2269 633 2323 bus
659 2282 791 2340 ergo
808 2308 825 2334 ,
854 2268 939 2323 vel
971 2268 1149 2338 potius
1177 2268 1347 2323 tribus
1404 2267 1476 2324 de
1515 2266 1698 2324 causis
1721 2266 1980 2337 judicium
2009 2276 2111 2321 no-

530 2368 699 2414 strum
718 2367 1024 2415 accuratum
1048 2368 1158 2413 non
1176 2365 1293 2423 est;
1314 2358 1490 2428 primo
1516 2357 1660 2428 quia,
1682 2356 1893 2413 etiamsi
1914 2356 2114 2413 nullius

532 2449 737 2518 peccati
778 2448 936 2503 nobis
975 2447 1177 2503 conscii
1208 2447 1414 2512 simus,
1454 2462 1590 2518 opus
1636 2456 1813 2503 tamen
1854 2447 2114 2504 habemus

528 2539 749 2609 eo,qui
790 2547 1004 2609 peccata
1046 2543 1228 2596 nostra
1277 2546 1528 2596 scemate
1574 2547 1796 2610 arguat:
1834 2537 2108 2604 secundo,

530 2629 657 2700 quia
685 2644 753 2685 ex
781 2629 846 2684 iis
874 2644 991 2700 qua
1018 2630 1156 2685 iiuut
1191 2630 1447 2699 pleraque
1472 2644 1572 2685 nos
1597 2630 1797 2694 latent;
1828 2630 1992 2685 tertio
2016 2630 2115 2685 de-

531 2734 677 2773 mum
696 2759 717 2786 ,
759 2720 884 2790 quia
913 2718 1076 2777 multa
1100 2718 1329 2773 aliorum
1353 2727 1508 2788 gesta
1536 2717 1691 2775 nobis
1724 2718 1939 2790 quidem
1968 2718 2111 2775 bona

532 2807 810 2875 videntur,
854 2806 952 2863 sed
1012 2822 1119 2862 non
1162 2822 1230 2864 ex
1281 2816 1427 2864 recta
1472 2809 1739 2864 sententia
1788 2809 2110 2878 procedunt.

532 2900 671 2967 Quid
698 2910 830 2971 ergo
856 2900 1067 2962 dicitis.
1095 2899 1193 2956 ille
1226 2908 1321 2956 aut
1343 2898 1437 2956 ille
1458 2900 1593 2956 nihil
1630 2903 1913 2971 peccavit,
1936 2911 1996 2959 et
2022 2903 2112 2960 hic

534 2994 627 3047 illo
655 2993 846 3049 melior
868 2993 990 3048 est?
1016 2990 1131 3048 Hoc
1151 2993 1295 3048 enim
1321 3008 1430 3048 nou
1459 2991 1581 3047 licet
1611 2995 1979 3063 pronuntiare,
2011 3010 2112 3052 nc-

529 3100 639 3156 quc
662 3083 732 3139 de
770 3084 903 3149 nlo,
942 3084 1034 3154 qui
1061 3082 1261 3139 nullius
1300 3084 1403 3140 sibi
1425 3084 1675 3141 conscius
1721 3094 1841 3141 est:
1870 3101 1992 3142 itam
2019 3088 2111 3158 qui

531 3191 725 3231 arcana
766 3175 1009 3247 indicat,
1037 3176 1128 3233 ille
1176 3185 1261 3232 est
1301 3177 1391 3247 qui
1420 3187 1672 3234 accurate
1694 3177 1922 3249 judicat.
1971 3181 2113 3237 Ecce

531 3270 693 3337 igitur
712 3308 734 3333 ,
760 3282 863 3337 ego
903 3267 1038 3323 nihil
1064 3266 1195 3322 mihi
1238 3267 1485 3323 conscius
1519 3282 1642 3324 sum
1668 3284 1685 3335 ;
1714 3267 1809 3324 ,οά
1834 3284 2009 3341 neque
2036 3270 2110 3326 η,

529 3359 849 3427 justiiicatns
875 3372 1037 3413 sum:
1072 3357 1175 3413 hoc
1200 3365 1287 3413 est
1309 3399 1326 3424 ,
1355 3357 1474 3414 Non
1514 3372 1632 3413 sum
1662 3362 1693 3415 a
1734 3359 2001 3417 reddenda
2024 3378 2112 3419 ra-

526 3451 675 3505 sione
698 3459 755 3506 et
780 3464 813 3505 a
840 3450 1064 3506 crintine
1089 3449 1367 3507 liberatus.
1388 3450 1505 3506 Non
1525 3451 1668 3508 enim
1692 3451 1799 3509 hoc
1825 3452 1975 3521 dicit,
1988 3452 2109 3511 Non

530 3541 585 3596 in
617 3556 844 3598 numero
882 3540 1441 3609 etordinejustorum
1481 3555 1634 3610 sum;
1678 3544 1815 3610 sed,
1846 3543 2108 3601 Nonsum

526 3634 760 3689 tuendus
787 3648 818 3689 a
840 3642 1080 3704 peccato.
1110 3632 1243 3689 Nam
1265 3632 1392 3689 alibi
1420 3633 1532 3688 ait:
1562 3634 1662 3702 Qui
1685 3644 1855 3691 autem
1880 3635 2111 3693 mortuus

528 3734 601 3778 es!
618 3724 971 3795 ,jusriﬁcatus
994 3734 1068 3779 est
1092 3732 1353 3793 apsente
1387 3722 1565 3794 (Rom.
1601 3724 1658 3780 6.
1686 3725 1742 3796 7)
1770 3743 1784 3779 :
1814 3726 1865 3781 id
1888 3735 1974 3783 est
1991 3765 2011 3793 .
2039 3726 2108 3782 li-

529 3816 744 3871 beratus
771 3825 873 3872 est.
902 3815 1063 3872 Multa
1098 3829 1230 3869 vero
1254 3813 1518 3881 facimus,
1559 3830 1681 3885 quin
1722 3817 1862 3873 bona
1891 3818 2108 3887 quidem

525 3915 683 3975 sunt,
709 3906 805 3962 sed
844 3921 954 3965 non
1000 3921 1069 3962 ex
1110 3914 1255 3961 recte
1301 3906 1567 3961 sententia
1607 3906 1926 3975 procedunt.
1973 3907 2109 3964 Nam

525 3998 724 4055 multos
751 3997 1063 4064 laudamus,
1095 4012 1203 4052 non
1231 4005 1289 4051 ut
1315 3996 1437 4052 illos
1457 3996 1771 4067 splendidos
1800 3998 2103 4068 reddamus,

520 4088 620 4143 sed
663 4096 721 4143 ut
750 4104 845 4159 per
890 4087 1017 4146 illos
1040 4087 1179 4142 alios
1206 4087 1485 4159 quospiam
1515 4088 1875 4147 mordcamus.
1909 4092 1977 4147 Et
2019 4107 2109 4149 res

524 4179 741 4247 quidem
768 4182 879 4249 ipsa
921 4195 1015 4250 per
1062 4195 1121 4236 se
1154 4179 1294 4235 bona
1322 4189 1437 4245 est;
1471 4181 1719 4237 laudatur
1754 4183 1898 4240 enim
1930 4184 1975 4239 is
2015 4184 2108 4256 qui

525 4278 672 4324 recte
696 4266 853 4331 fecit;
880 4270 975 4323 sed
1000 4283 1155 4323 ruens
1190 4270 1457 4324 iaudantis
1487 4279 1739 4340 corrupta
1770 4282 1891 4327 est:
1923 4290 1990 4329 es
2016 4289 2105 4330 sa-

529 4360 703 4416 tanica
732 4360 875 4415 enim
902 4360 1169 4415 sententia
1192 4358 1451 4429 procedit.
1475 4359 1593 4415 Non
1618 4362 1763 4417 enim
1802 4362 1952 4417 fratri
1979 4379 2106 4432 gra-

521 4454 732 4517 tulans.
760 4452 856 4509 sed
882 4452 1044 4507 alium
1072 4450 1245 4507 ferire
1264 4451 1489 4523 cupiens
1516 4451 1618 4508 hoc
1642 4468 1787 4523 srepe
1810 4453 1929 4524 quis
1956 4454 2103 4510 fecit.

522 4548 729 4602 Rursus
747 4544 1010 4615 quispiam
1028 4544 1237 4615 grande
1256 4543 1471 4600 admisit
1490 4552 1793 4615 peccatum;
1818 4544 1957 4599 alius
1979 4558 2108 4601 vero

528 4638 703 4705 ipsum
731 4635 1069 4704 supplantare
1096 4636 1313 4701 volens,
1343 4635 1475 4691 nihil
1501 4636 1691 4691 iecisse
1713 4634 1875 4703 dicit,
1904 4644 1959 4691 et
1984 4649 2105 4691 con-

525 4726 731 4780 solatur
757 4737 878 4779 eum
904 4732 1213 4793 peccantem
1234 4764 1249 4787 ,
1270 4725 1337 4779 ad
1362 4740 1700 4782 communem
1724 4736 1929 4783 natura:
1948 4742 2104 4785 usum

519 4815 869 4887 confugiens:
905 4830 1088 4871 verum
1118 4828 1263 4883 sape
1310 4827 1417 4868 non
1454 4816 1600 4884 quod
1630 4817 1909 4885 ignoscere
1936 4818 2102 4884 velit,

519 4909 616 4965 sed
642 4918 699 4964 ut
723 4909 1024 4980 segniorem
1051 4906 1198 4961 illum
1223 4904 1417 4960 reddat
1443 4904 1545 4960 hoc
1567 4905 1707 4959 facit.
1740 4906 1969 4963 Rursum
1996 4924 2103 4964 sae-

517 5014 585 5071 pe
621 5001 871 5072 corripit,
913 5015 1021 5055 non
1049 5006 1107 5054 ut
1128 5007 1316 5067 arguat
1350 5004 1407 5050 et
1431 5004 1680 5059 moneat,
1720 4996 1815 5051 sed
1840 5006 1896 5052 ut
1921 5000 2102 5065 proxi-

517 5093 590 5146 mi
630 5103 906 5161 peccatum
950 5092 1164 5164 publice
1225 5090 1413 5147 ederat
1457 5097 1513 5143 et
1566 5084 1828 5143 traducat.
1873 5087 2102 5147 Consilia

515 5192 695 5239 autem
725 5183 969 5239 homines
1005 5198 1112 5240 non
1148 5191 1382 5247 norunt;
1410 5180 1501 5250 qui
1535 5179 1696 5235 corda
1722 5195 1851 5235 vero
1895 5192 2103 5239 scruta-

514 5290 636 5343 tur,
663 5286 911 5331 accurate
931 5280 1061 5341 scit,
1090 5288 1145 5332 et
1172 5278 1259 5331 illa
1302 5274 1481 5329 omnia
1509 5283 1636 5328 tunc
1663 5274 1715 5327 in
1742 5273 1977 5329 medium
2002 5275 2099 5330 ad-

508 5371 690 5424 ducet.
722 5367 951 5437 ldcoque
975 5368 1186 5424 dicebat
1208 5385 1224 5420 τ
1264 5367 1365 5434 Qui
1390 5376 1436 5420 et
1466 5364 1777 5418 illuminabit
1802 5364 2099 5423 abscondita

511 5462 830 5517 tarsbrmm
855 5503 870 5527 ,
902 5472 950 5513 et
990 5462 1343 5528 manifestatur,
1366 5458 1578 5513 consilia
1607 5459 1856 5511 sordium.

587 5552 829 5609 "emittes
884 5568 1036 5623 quam
1071 5553 1333 5625 falluntur_
1360 5552 1411 5605 in
1430 5550 1662 5622 judiciis.
1694 5579 1763 5589 —
1787 5548 1919 5604 ουω
1943 5564 2093 5619 ergo,

515 5646 733 5713 quando
752 5646 914 5701 etiam
946 5644 1078 5699 nihil
1108 5644 1261 5699 nobis
1285 5635 1487 5699 conscii
1514 5641 1959 5707 sumus,crimine
1974 5641 2095 5712 puri

513 5751 630 5793 esse
659 5755 768 5795 non
806 5738 1091 5805 possimus,
1112 5745 1166 5793 ct
1187 5745 1305 5791 cum
1337 5734 1533 5806 aliquid
1578 5733 1704 5790 boui
1734 5732 1961 5805 agimus,
1994 5748 2093 5791 nec

2231 450 2362 496 vero
2386 453 2454 496 ex
2473 449 2619 496 recta
2647 440 2815 495 animi
2838 442 3105 497 sententia
3137 444 3341 513 agimus
3358 484 3376 512 ,
3405 448 3671 518 supplicio
3693 452 3794 506 oh-

2222 528 2368 587 noxii
2392 533 2596 588 simus:
2623 534 2797 604 cogita
2814 549 2975 603 quam
3003 534 3253 592 iallantur
3278 537 3524 598 homines
3566 542 3621 599 in
3654 543 3795 615 judi-

2220 624 2339 680 ciis.
2370 621 2499 681 ﬂare
2546 625 2745 696 quippe
2770 626 2950 680 omnia
2977 642 3083 681 non
3114 637 3337 697 possunt
3367 630 3612 689 homines
3642 650 3794 691 asse-

2220 713 2335 782 qui,
2357 713 2453 770 sed
2475 712 2569 770 ille
2596 724 2801 771 tantum
2824 722 3114 786 numquam
3138 716 3414 775 dormiens
3435 725 3627 779 oculus
3651 766 3665 780 .
3693 726 3794 781 etsi

2222 801 2467 858 homines
2485 803 2766 869 fallamus,
2795 806 2944 860 illum
2990 822 3277 877 numquam
3315 810 3667 881 decipiemus.
3719 816 3795 873 Nc

2220 894 2401 965 itaque
2438 895 2590 951 dicas
2612 935 2629 961 ,
2658 895 2919 953 Tenebrzu
2940 906 2996 953 et
3018 899 3255 967 parietes
3282 901 3334 954 in
3361 902 3587 958 circuitu
3616 916 3742 961 sunt
3774 948 3791 972 ,

2219 985 2341 1056 quis
2370 1000 2458 1041 me
2488 986 2633 1041 videt
2658 986 2684 1039 τ
2714 1002 2835 1041 naut
2874 989 2963 1057 qui
2994 989 3147 1044 tinxit
3186 990 3456 1061 sigillatim
3503 993 3665 1048 corda
3705 1011 3797 1049 no-

2219 1085 2353 1139 stra,
2381 1077 2498 1139 ipse
2524 1075 2704 1129 omnia
2736 1077 2884 1131 novit
2914 1093 2929 1130 :
2964 1080 3197 1136 tenebrat
3218 1083 3359 1137 enim
3381 1084 3520 1154 apud
3541 1098 3663 1140 eum
3686 1102 3794 1141 non

2219 1163 2667 1219 obscurabtmtur.
2696 1164 3067 1222 Reeteautem
3096 1170 3226 1226 dicit
3250 1172 3297 1227 is
3325 1174 3416 1243 qui
3440 1185 3627 1243 peccat
3646 1214 3664 1243 ,
3695 1176 3795 1231 Te-

2218 1254 2400 1309 nebras
2424 1264 2480 1310 et
2505 1257 2736 1325 parietes
2762 1256 2819 1311 in
2846 1258 3074 1313 circuitu
3096 1275 3217 1315 meo
3238 1272 3385 1317 sunt.
3411 1264 3527 1319 Nisi
3555 1267 3699 1321 enim
3743 1268 3796 1325 in

2218 1354 2398 1399 mente
2420 1346 2537 1415 ejus
2562 1347 2797 1402 tenebrae
2817 1355 3023 1417 essent:
3048 1365 3158 1406 non
3176 1352 3279 1420 sic,
3306 1355 3485 1424 ejecta
3520 1358 3613 1413 Dei
3637 1361 3796 1416 timo-

2216 1451 2297 1503 re,
2323 1450 2445 1493 cum
2465 1438 2715 1494 libertate
2739 1440 2793 1494 id
2811 1438 3046 1497 fecisset.
3079 1440 3213 1498 Nam
3245 1444 3347 1500 nisi
3368 1446 3515 1516 prius
3537 1448 3648 1504 dus
3670 1452 3789 1504 ani-

2217 1543 2337 1583 mus
2356 1528 2737 1585 obtenebratus
2758 1531 2941 1598 inerit,
3002 1544 3277 1603 peccatum
3300 1551 3421 1593 cum
3466 1538 3657 1596 ﬁducia
3711 1544 3797 1597 in-

2215 1621 2365 1693 gredi
2391 1638 2498 1677 non
2529 1631 2725 1693 potest.
2750 1623 2828 1677 Ne
2845 1639 2979 1694 ergo
3005 1626 3190 1683 dicas:
3218 1628 3350 1697 Quis
3376 1647 3465 1687 me
3486 1633 3634 1689 videt
3657 1636 3682 1689 ἳ
3708 1644 3797 1690 est

2216 1714 2359 1767 enim
2413 1712 2503 1782 qui
2554 1723 2799 1782 penetrat
2842 1728 3011 1785 usque
3052 1717 3119 1772 ad
3160 1720 3391 1777 animum
3420 1732 3477 1778 et
3503 1726 3796 1795 spiritum,

2216 1816 2609 1875 compagesque
2627 1816 2683 1861 et
2711 1806 2973 1863 medullas
2996 1828 3009 1863 :
3037 1810 3131 1865 sed
3148 1820 3204 1867 tu
3231 1820 3283 1869 te
3303 1812 3479 1891 ipsum
3502 1832 3607 1883 non
3624 1820 3796 1889 vides,

2218 1910 2318 1953 nec
2361 1906 2511 1966 potes
2566 1899 2761 1955 nubem
2803 1900 3114 1970 dissecare;
3170 1918 3355 1962 verum
3399 1922 3465 1963 ac
3498 1909 3547 1964 si
3583 1926 3797 1968 murum

2220 1988 2453 2059 undique
2478 1989 2913 2062 circumpositum
2938 1994 3186 2060 haberes,
3214 2008 3501 2070 conpotes
3524 2001 3590 2056 ad
3608 2003 3798 2061 calum

2218 2079 2507 2149 respicere.

2286 2174 2343 2230 4.
2402 2172 2780 2232 Fmicationis
2816 2178 3025 2248 spiritus
3064 2188 3300 2236 (secent.
3341 2209 3417 2224 —-
3454 2183 3610 2251 Quod
3652 2186 3797 2242 enim

2218 2271 2499 2333 peceatum
2524 2266 2607 2319 vis
2645 2266 2794 2334 prius
2835 2268 3256 2324 essmiuemus?
3294 2280 3355 2327 et
3372 2273 3456 2328 sic
3478 2272 3675 2329 iacutm
3706 2276 3800 2331 ad-

2219 2354 2552 2426 missumque
2576 2355 2744 2413 fuisse
2777 2356 3007 2415 videbis.
3045 2358 3507 2426 Quemadmodum
3549 2365 3694 2419 enim
3715 2366 3797 2422 la-

2218 2452 2407 2501 trones
2420 2454 2475 2499 et
2500 2456 2777 2502 murorum
2829 2442 3137 2514 eﬂossorcs,
3184 2464 3307 2505 cum
3328 2452 3461 2521 quid
3495 2456 3794 2523 pretiosum

2217 2534 2431 2592 auferre
2461 2535 2647 2590 velunt
2672 2577 2690 2601 ,
2720 2538 2985 2594 exstincta
3037 2538 3255 2595 lucerna
3298 2541 3401 2597 hoc
3441 2554 3796 2614 perpetrant:

2215 2627 2297 2681 sic
2322 2625 2377 2681 in
2400 2625 2633 2695 peccatis
2685 2624 2816 2683 facit
2841 2637 3105 2699 corrupta,
3126 2631 3284 2685 ratio.
3330 2632 3542 2688 Etenim
3568 2634 3620 2690 in
3642 2636 3801 2693 nobis

2216 2731 2428 2788 (proque
2455 2717 2553 2772 lux
2578 2726 2662 2795 est
2684 2718 3020 2777 rationabilis
3045 2734 3263 2793 semper
3282 2724 3502 2781 ardens.
3531 2725 3586 2782 Si
3616 2736 3798 2782 autem

2215 2809 2438 2878 spiritus
2498 2808 2871 2873 fornicationis
2916 2826 3040 2868 cum
3090 2812 3292 2882 impetu
3346 2831 3545 2886 magrm
3588 2818 3799 2874 irruens

2217 2896 2487 2953 ﬂammam
2517 2899 2664 2955 illam
2715 2902 3055 2968 exstinxerit,
3081 2904 3263 2960 statim
3306 2905 3540 2962 animam
3578 2908 3801 2991 obteriq-

2214 2990 2359 3055 brat.
2387 3001 2663 3063 expugnat
2688 3002 2743 3049 et
2766 2994 2949 3049 ornuia
2972 3011 3093 3065 qua
3138 2996 3338 3055 adsunt
3362 3000 3544 3055 statim
3586 2986 3797 3074 diripit.

2214 3083 2352 3139 Cum
2377 3085 2523 3141 enim
2548 3085 2728 3140 anima
2756 3102 2787 3140 a
2821 3086 3020 3141 lasciva
3060 3092 3493 3161 concupiscentia
3544 3096 3756 3166 capitur
3778 3136 3797 3161 ,

2216 3174 2481 3231 utnubes
2502 3182 2561 3230 ct
2594 3176 2770 3247 caligo
2793 3179 3038 3250 corporis
3076 3180 3283 3250 oculos,
3329 3184 3399 3239 ita
3441 3187 3635 3242 mentis
3674 3203 3800 3259 pro.

2209 3265 2476 3335 spiciendi
2498 3266 2801 3325 {nouitatem
2824 3285 3113 3341 occupans,
3136 3274 3269 3330 nihil
3298 3277 3426 3333 sinit
3449 3277 3634 3336 videre
3659 3280 3801 3336 ulte-

2215 3356 2347 3423 rius,
2380 3372 2487 3413 non
2512 3354 2887 3430 praecipitium,
2910 3375 3017 3416 non
3039 3364 3365 3434 gehennam,
3398 3381 3503 3422 non
3523 3368 3795 3437 timorem,

2214 3447 2312 3504 sed
2339 3449 2409 3504 ab
2432 3448 2539 3505 illis
2561 3449 2774 3506 insidiis
2802 3453 3081 3524 tyrannica
3105 3464 3362 3525 occupata
3388 3456 3632 3525 demum,
3671 3476 3796 3532 pec-

2212 3547 2339 3595 cato
2376 3538 2551 3597 facilis
2602 3552 2911 3613 expugnato
2959 3544 3141 3600 evadit
3174 3560 3190 3600 :
3220 3554 3275 3601 et
3309 3546 3450 3602 sicut
3477 3548 3654 3619 paries
3678 3551 3802 3608 sine

2214 3631 2470 3689 {matris
2495 3642 2624 3691 ante
2646 3636 2832 3692 oculos
2873 3637 3138 3694 excitatus
3162 3654 3269 3693 non
3294 3638 3423 3695 sinit
3464 3640 3672 3697 radium
3710 3643 3799 3712 ju-

2208 3725 2575 3784 stitiauienti
2606 3725 2811 3793 lucere,
2838 3727 3092 3785 absurdis
3117 3728 3353 3785 libidinis
3386 3730 3802 3800 cogitationibus

2215 3817 2385 3885 ipsam
2408 3816 2643 3886 undique
2669 3818 3053 3888 cingentibus;
3080 3828 3133 3874 et
3160 3827 3287 3873 tunc
3312 3820 3548 3874 occurrit
3576 3820 3652 3875 illi
3676 3836 3797 3877 mc-

2215 3907 2383 3963 retris
2409 3914 2533 3961 ante
2561 3907 2769 3971 oculos,
2796 3916 2924 3963 ante
2947 3916 3183 3963 mentem
3202 3945 3220 3975 ,
3272 3917 3399 3963 ante
3440 3908 3800 3981 cogitationes

2211 4004 2363 4050 stans
2383 4003 2441 4049 et
2459 4008 2767 4065 apparens;
2812 4010 2884 4051 ac
2914 3996 3364 4068 quemadmodum
3412 3999 3544 4055 caeci
3575 4000 3627 4056 in
3674 4001 3798 4072 ipso

2212 4086 2435 4145 meridie
2462 4085 2563 4142 sub
2589 4086 2707 4143 caeli
2734 4087 2914 4145 medio
2935 4097 3139 4147 stantes
3168 4090 3341 4146 lucem
3364 4107 3469 4146 non
3488 4091 3793 4163 excipiunt,

2207 4179 2411 4236 clausis
2429 4178 2535 4236 sibi
2560 4179 2767 4236 oculis:
2798 4181 2877 4237 sic
2904 4190 2959 4237 et
2979 4181 3077 4253 illi,
3108 4182 3208 4237 etsi
3234 4181 3514 4239 innumera
3555 4184 3799 4255 undique

2208 4270 2342 4339 ipsis
2387 4270 2642 4327 iunonem
2683 4271 2939 4327 salutaria
2977 4271 3250 4343 dogmata,
3272 4273 3450 4329 anima
3471 4272 3577 4329 hoc
3604 4275 3799 4331 morbo

2212 4366 2482 4426 correpta,
2513 4358 2619 4414 illis
2638 4360 2889 4414 omnibus
2915 4360 3093 4414 verbis
3117 4374 3277 4415 aures
3303 4362 3607 4417 obstruunt.
3629 4361 3799 4435 quue

2214 4445 2380 4515 probe
2405 4445 2587 4499 sciunt
2608 4446 2669 4512 ii,
2700 4445 2791 4516 qui
2823 4461 2937 4502 rem
2962 4447 3174 4515 experti
3200 4456 3347 4502 sunt.
3385 4448 3582 4506 Verum
3609 4451 3752 4506 absit
3774 4492 3793 4518 ,

2214 4544 2273 4591 ut
2300 4550 2396 4590 vos
2418 4533 2470 4591 id
2492 4534 2827 4605 experientia
2874 4534 3192 4592 didiceritis.
3248 4535 3433 4607 Neque
3469 4536 3572 4594 hoc
3613 4540 3796 4597 solum

2213 4638 2489 4700 peccatum
2518 4628 2570 4687 id
2596 4627 2761 4696 facit,
2792 4628 2886 4685 sed
2919 4628 3081 4685 etiam
3118 4628 3293 4700 quivis
3312 4628 3451 4686 alius
3484 4645 3640 4688 amor
3662 4648 3793 4705 pra-

2208 4738 2329 4779 V08.

2284 4816 2631 4873 Pecuniarum
2673 4832 2819 4871 umor
2845 4824 3033 4886 quam
3060 4814 3198 4869 mala
3226 4815 3415 4884 pariet.
3442 4846 3516 4860 -~
3537 4816 3796 4877 Τηηιῐο.

2208 4922 2389 4963 ramus
2414 4910 2581 4974 enim,
2604 4908 2649 4963 si
2681 4909 2877 4977 placet,
2901 4918 3205 4962 sermonem
3235 4919 3263 4958 a
3295 4908 3580 4965 meretrice
3602 4911 3669 4967 ad
3692 4928 3792 4983 pe-

2206 5000 2415 5068 cunias,
2456 5011 2512 5057 ct
2546 5000 2634 5054 hic
2674 5013 2889 5069 quoque
2938 4996 3237 5052 videbimus
3276 4997 3476 5055 densas
3515 5004 3790 5060 tenebras.

2208 5094 2321 5150 illic
2341 5095 2483 5150 enim
2511 5091 2653 5164 quod
2683 5107 2785 5146 una
2808 5098 3011 5144 tantum
3032 5089 3103 5144 sit
3126 5090 3346 5158 amasia,
3372 5095 3424 5150 in
3452 5110 3559 5151 nne
3581 5097 3790 5153 inclusa

2208 5184 2349 5249 loco,
2378 5199 2487 5239 non
2507 5184 2581 5237 ita
2627 5181 2922 5237 vehemens
2956 5188 3038 5234 est
3063 5180 3319 5239 morbus:
3345 5184 3397 5240 in
3422 5187 3663 5255 pecuniis
3686 5202 3783 5242 au-

2208 5284 2337 5343 tem,
2370 5290 2493 5345 qua:
2537 5273 2735 5343 ubique
2776 5278 3055 5339 apparent,
3074 5274 3128 5330 in
3170 5278 3488 5347 argentariis
3531 5276 3787 5343 oﬂlcinis.

2204 5366 2259 5422 in
2289 5366 2625 5429 diversoriis,
2650 5364 2705 5419 in
2730 5362 3045 5432 auriﬁcinis,
3078 5366 3131 5423 in
3152 5365 3378 5424 divitum
3409 5366 3619 5423 aedibus
3642 5409 3659 5434 ,
3689 5384 3788 5426 ve-

2205 5456 2429 5514 hemens
2464 5456 2637 5527 spirat
2664 5470 2837 5510 amor.
2884 5456 3110 5525 Quando
3137 5460 3282 5519 enim
3310 5472 3509 5529 pueros
3550 5461 3791 5529 superbe

2201 5560 2423 5619 agentes
2448 5550 2503 5604 in
2525 5547 2665 5613 foro,
2687 5563 2854 5619 equos
2876 5565 3011 5608 auro
3033 5562 3278 5616 onustos,
3304 5548 3555 5606 homines
3576 5553 3791 5624 magni-

2201 5639 2317 5695 ﬁcis
2334 5649 2387 5697 et
2409 5640 2739 5710 anmptuoeis
2775 5641 3012 5697 vestibus
3058 5650 3316 5709 ornatos,
3346 5643 3787 5712 concupiscentia

2202 5744 2379 5792 motus
2417 5732 2630 5790 videtis
2650 5734 2741 5804 qui
2766 5732 2869 5791 hoc
2888 5734 3076 5791 morbo
3111 5733 3400 5806 detinetur,
3433 5735 3615 5794 multis
3635 5746 3789 5794 tene-
