3986 6206
485 338 556 397 93
1232 338 1290 392 S.
1330 337 1619 394 JOANNIS
1654 337 2151 395 CHRYSOSTOMI
2190 340 2512 399 ARCHIEP.
2552 342 3102 401 CONSTANTINOP.
3668 350 3739 406 96

481 475 576 521 τος
595 455 930 524 καταχεῖται,
969 452 1080 506 Kal
1110 452 1162 503 τί
1200 451 1280 504 δεῖ
1318 453 1497 519 λέγειν
1533 453 1711 516 οἰκίας
1755 454 1847 505 καί
1887 455 2062 524 ἀργυ-

487 541 776 611 ροκοπεῖα;
811 537 949 605 Ἐγὼ
981 537 1091 607 γὰρ
1120 531 1273 606 οῐμαι
1304 538 1430 599 τοὺς
1476 536 1772 599 τοιούτους,
1831 537 1934 591 κᾶν
1968 538 2064 589 ἐπί⁵

481 625 584 693 τῆς
616 623 834 692 γραφῆς
855 621 1008 672 ἴδωσι
1034 619 1128 672 καὶ
1149 621 1249 689 τῆς
1281 620 1490 683 εἰκόνος
1518 621 1608 673 τὸν
1639 619 1887 684 πλοῦτον,
1920 636 2062 672 σπα-

486 705 774 777 ράττεσθαι
803 703 896 756 καὶ
916 703 1218 774 ἀγριαίνειν
1245 703 1339 754 καὶ
1369 702 1564 773 λυττᾷν
1584 718 1596 730 ·
1625 702 1766 756 ὥστε
1797 701 2064 756 πάντοθεν

483 791 671 850 αὐτοῖς
692 788 754 840 τὺ
784 789 977 848 σκότος
1007 786 1321 852 συνάγεται.
1348 785 1467 838 Κάν
1496 787 1607 854 γάρ
1629 787 1709 846 εἰς
1730 784 1913 837 εἰκόνα
1940 781 2063 854 βλέ-

480 876 622 943 ψωσι
661 871 970 941 βασιλικήν,
1005 870 1064 921 οὐ
1090 867 1429 938 θαυμάζουσι
1455 870 1562 922 τῶν
1592 869 1754 922 λίθων
1779 868 1838 921 τὸ
1865 869 2061 929 κάλλος

481 957 604 1009 οὐδὲ
631 956 723 1006 τὸν
758 953 958 1023 χρυσὸν
988 952 1108 1005 οὐδὲ
1141 952 1200 1004 τὸ
1224 952 1488 1021 ἀλουργές
1518 951 1734 1022 ἰμάτιον
1752 994 1766 1016 ,
1800 950 1936 1003 ἀλλά
1963 951 2059 1018 τή-

481 1057 688 1092 κονται.
728 1038 838 1090 Καὶ
862 1035 1108 1105 καθάπερ
1137 1039 1164 1089 6
1201 1036 1441 1106 δύσερως
1476 1037 1703 1100 ἐκεῖνος,
1749 1035 1850 1088 κᾶν
1878 1034 2063 1086 είκόνα

482 1122 744 1192 θεάσηται
787 1122 885 1189 τῆς
923 1119 1206 1188 ἐρωμένης
1263 1118 1539 1186 γυναικὸς,
1584 1118 1934 1188 προσήλωται
1984 1115 2063 1184 τῷ

480 1203 696 1273 ἀψύχῳ·
723 1202 866 1255 οὕτω
893 1203 988 1253 καὶ
1007 1194 1164 1264 οὗτος
1189 1201 1394 1270 ἄψυχον
1410 1201 1552 1271 ὁρῶν
1573 1200 1756 1252 εἰκόνα
1773 1198 1867 1251 τοῦ
1897 1197 2066 1250 πλού-

478 1286 680 1346 του,τὸ
713 1284 846 1338 αὐτὸ
897 1284 1099 1355 πάσχει
1138 1284 1424 1354 μειζόνως,
1472 1283 1567 1336 ἆτε
1608 1279 2063 1352 τυραννικωτέρῳ

479 1370 844 1439 κατεχόμενος
872 1370 1063 1423 πάθει·
1099 1371 1191 1422 καὶ
1226 1369 1330 1438 χρὴ
1363 1368 1549 1420 λοιπὸν
1581 1367 1614 1437 ἧ
1643 1365 1823 1435 μένειν
1849 1362 1939 1414 ἐπί
1965 1362 2064 1430 τῆς

478 1452 676 1515 οίκίας,
709 1453 741 1523 ἢ
771 1452 1083 1521 ἐμϐαλόντα
1104 1451 1196 1504 ἐπί
1225 1453 1322 1520 τῆς
1348 1452 1574 1520 ἀγορᾶς,
1611 1449 1811 1518 μυρίας
1831 1444 2061 1498 λαϐόντα

478 1535 696 1605 πληγὰς
727 1537 1030 1605 ἀναχωρεῖν
1080 1536 1294 1588 οἶκαδε·
1341 1534 1511 1586 πολλά
1538 1532 1644 1602 γάρ
1689 1532 1756 1584 τά
1792 1530 2060 1583 λυποῦντα

480 1617 645 1671 αὐτοῦ
676 1620 804 1680 τοὺς
835 1616 1168 1687 ὀφθαλμούς.
1223 1618 1334 1670 Καὶ
1368 1616 1620 1687 καθάπερ
1673 1616 1880 1675 ἐκεῖνος
1909 1612 2061 1665 οὐδὲν

479 1699 668 1769 ἕτερον
697 1701 728 1769 ή
764 1700 862 1771 τὴν
892 1703 1126 1767 γυναῖκα
1151 1702 1272 1770 ὁρᾷ,
1305 1698 1448 1752 οὓτω
1485 1701 1581 1752 καὶ
1619 1691 1775 1759 οὗτος
1821 1698 2061 1764 πένητας

481 1782 580 1853 μὲν
608 1783 788 1836 καὶτὰ
813 1784 948 1836 ἄλλα
983 1783 1160 1836 πάντα
1186 1784 1544 1854 παρατρέχει,
1570 1782 1655 1834 ἴνα
1701 1781 1835 1850 μηδέ
1882 1795 2062 1848 παρα-

481 1865 678 1933 μυθίαν
708 1865 848 1938 λάϐῃ
875 1882 886 1894 ·
918 1868 1054 1936 πρὸς
1080 1866 1137 1919 δέ
1159 1867 1288 1928 τοὺς
1318 1867 1585 1934 εὐπόρους
1611 1863 1906 1925 ἐνατενίζει
1934 1862 2061 1921 τοὺς

476 1947 814 2018 ὀφθαλμοὺς,
835 1951 1002 2002 πολὺν
1024 1950 1117 2002 καὶ
1139 1949 1366 2019 σφοδρὸν
1391 1949 1498 2001 ἀπὸ
1513 1949 1610 2017 τῆς
1640 1947 1863 1999 ἐκείνων
1888 1943 2062 2012 ὂψεως

476 2033 559 2094 εἰς
591 2032 690 2102 τὴν
720 2032 911 2085 ἐαυτοῦ
937 2032 1116 2102 ψυχὴν
1157 2033 1395 2100 εἰσάγων
1420 2032 1479 2084 τὸ
1508 2031 1640 2101 πῦρ.
1663 2029 1784 2099 Πῦρ
1809 2032 1916 2099 γάρ
1943 2030 2060 2080 ἐστι

478 2113 735 2183 χαλεπῶς
775 2116 1063 2168 κατεσθίον
1097 2116 1187 2167 τὸν
1211 2116 1544 2185 ἐμπεσόντα,
1573 2114 1667 2167 καὶ
1694 2116 1741 2165 εί
1771 2113 1844 2181 μὴ
1867 2111 2060 2178 γέεννα

477 2198 746 2268 ὴπείλητο
787 2199 925 2268 μηδέ
975 2199 1232 2261 -κόλασις,
1285 2198 1426 2251 αὐτὰ
1455 2198 1523 2251 τὰ
1557 2198 1802 2266 παρόντα
1839 2194 2060 2256 κόλασις

474 2276 564 2352 ἦν,
602 2282 663 2334 τὸ
705 2281 967 2351 διηνεκῶς
1013 2281 1397 2351 βασανίζεσθαι
1443 2282 1537 2333 καὶ
1570 2280 1840 2350 μηδέποτε
1885 2279 2061 2348 πέρας

474 2365 753 2434 εὑρίσκειν
778 2366 872 2417 τοῦ
899 2367 1223 2434 νοσήματος.
1258 2366 1369 2418 Καὶ
1397 2366 1556 2434 ἤρκει
1588 2363 1683 2415 καί⁵
1722 2361 1892 2414 ταῦτα
1925 2362 2060 2432 μόνα

476 2451 665 2501 πεῖσαι
692 2451 883 2516 φυγεῖν
905 2448 1002 2518 τὴν
1023 2447 1340 2518 ἀρρωστίαν
1362 2463 1374 2478 ·
1403 2446 1518 2498 ἀλλ’
1543 2447 1697 2498 οὐδὲν
1731 2445 1914 2506 ἀνοίας
1948 2447 2060 2513 χεῖ-

480 2548 593 2599 ρον,
621 2533 655 2598 ἢ
687 2533 780 2583 καὶ
821 2533 934 2593 τοῖς
964 2531 1203 2600 ἀθυμίαν
1225 2532 1452 2601 φέρουσι
1493 2531 1786 2601 πράγμασι
1816 2531 1910 2582 καὶ
1936 2529 2061 2596 κέρ-

473 2614 560 2676 δος
585 2615 736 2668 οὐδὲν
767 2615 885 2686 [95]
928 2615 1314 2685 προσηλῶσθαι
1360 2614 1792 2684 παρασκευάζει.
1837 2611 1924 2662 Διὸ
1953 2627 2060 2662 πα-

476 2699 700 2769 ρακαλῶ
726 2701 1030 2770 ἀρχόμενον
1051 2699 1343 2751 ἐκκόπτειν
1365 2697 1425 2750 τὸ
1449 2697 1638 2760 πάθος.
1667 2696 1935 2766 Καθάπερ
1955 2695 2056 2762 γάρ

476 2785 712 2855 πυρετὸς
748 2783 899 2851 παρὰ
934 2783 1032 2852 μὲν
1057 2784 1154 2852 τὴν
1177 2781 1350 2852 ἀρχὴν
1381 2780 1727 2853 προσϐαλὼν,
1760 2781 1818 2832 οὐ
1855 2779 2056 2847 σφόδρα

475 2866 662 2933 φλέγει
691 2868 758 2936 τῇ
789 2865 916 2937 δίψῃ
963 2867 1086 2927 τοὺς
1135 2865 1466 2934 κάμνοντας,
1503 2865 1718 2926 ἐπιδοὺς
1750 2864 1806 2915 δὲ
1837 2865 1932 2915 καὶ
1960 2861 2058 2930 τήν

473 2950 646 3017 φλόγα
681 2950 913 3020 ἐπάρας,
944 2949 1139 3001 ἀνίατα
1185 2949 1345 3018 διψᾷν
1384 2948 1796 3017 παρασκευάζει
1840 2946 2056 2998 λοιπόν⁶

474 3033 575 3085 κᾶν
607 3033 867 3103 παράσχῃ
903 3049 986 3093 τις
1023 3033 1204 3092 αὐτοῖς
1240 3031 1619 3101 ἐμφορηθῆναι
1661 3029 1754 3081 τοῦ
1790 3029 2053 3097 πόματος,

472 3117 533 3166 οὐ
563 3115 863 3174 σϐέννυσιν,
889 3115 1004 3167 ἀλλ’
1034 3115 1245 3166 ἐκκαίει
1271 3114 1366 3184 τὴν
1391 3116 1619 3183 κάμινον
1642 3129 1656 3143 ο
1680 3112 1822 3165 οὕτω
1849 3112 1942 3164 καὶ
1963 3111 2055 3162 ἐπὶ

471 3199 662 3252 τούτου
700 3199 980 3269 συμϐαίνει
1028 3199 1122 3251 τοῦ
1154 3198 1395 3262 πάθους·
1427 3199 1492 3253 ἂν
1546 3199 1697 3270 παρά
1747 3197 1845 3268 τὴν
1884 3196 2055 3269 ἀρχὴν

471 3284 779 3336 εἰσελαῦνον
807 3285 885 3346 εἰς
922 3284 1020 3353 τὴν
1055 3283 1233 3354 ψυχήν
1259 3284 1356 3354 τὴν
1388 3283 1667 3354 ἡμετέραν
1688 3283 1762 3353 μὴ
1803 3281 2056 3334 κωλύσω-

475 3385 574 3436 μεν
611 3368 744 3435 μηδὲ
779 3366 1194 3436 ἀποκλείσωμεν
1224 3367 1322 3429 τὰς
1354 3365 1557 3436 θύρας,
1591 3365 1832 3418 εἰσελθὸν
1872 3366 2056 3418 λοιπὸν

471 3451 691 3502 ἀνίατον
734 3450 1028 3519 ἐργάζεται
1060 3453 1172 3512 τοῖς
1201 3450 1518 3518 δεξαμένοις
1545 3450 1606 3500 τὸ
1655 3448 1889 3516 νόσημα.
1946 3449 2058 3500 Καὶ

473 3534 581 3605 γὰρ
612 3535 706 3588 καί
736 3535 805 3587 τὰ
831 3535 971 3587 καλὰ
1019 3535 1115 3586 καί⁵
1137 3534 1203 3585 τὰ
1234 3533 1380 3585 κακά
1427 3532 1554 3585 ὅταν
1591 3531 1872 3586 ἐπιπλεῖον
1925 3532 2056 3602 ήμῖν

471 3618 808 3690 ἐνδιατρίψει,
842 3617 1187 3688 δυνατώτερα
1222 3616 1448 3680 γίνεται.

543 3724 606 3776 ε’.
631 3725 742 3776 Καί
777 3725 867 3775 ἐπὶ
900 3724 1117 3778 πάντων
1146 3723 1200 3776 δὲ
1234 3723 1342 3776 τῶν
1373 3723 1545 3777 ἄλλων
1576 3723 1732 3777 τοῦτο
1758 3723 2054 3792 συμϐαῖνον

474 3810 571 3862 ἰδοι
591 3827 676 3872 τις
704 3811 789 3863 ἄν.
825 3810 935 3862 Καὶ
965 3810 1072 3879 γάρ
1103 3808 1268 3876 φυτὸν
1310 3809 1433 3876 ἄρτι
1466 3810 1562 3878 μέν
1593 3809 1805 3861 ἐντεθέν
1837 3810 1926 3859 ἐπὶ
1959 3809 2056 3877 τῆς

471 3894 595 3960 γῆς,
633 3893 871 3955 εὐκόλως
904 3894 1243 3945 ἀνασπᾶται·
1279 3891 1454 3960 χρόνῳ
1489 3891 1546 3942 δὲ
1593 3890 1773 3960 πολλῷ
1803 3889 2053 3959 ῥιζωθὲν,

470 3978 678 4038 οὐκέτι,
709 3977 844 4029 ἀλλὰ
871 3975 1072 4045 πολλῆς
1100 3974 1270 4026 δεῖται
1316 3973 1414 4042 τῆς
1451 3973 1705 4043 μοχλείας
1727 3991 1738 4004 ·
1785 3973 1876 4025 καὶ
1911 3976 2047 4024 οἰκο⁹

469 4061 609 4130 δομὴ
634 4061 908 4128 νεοπαγὴς
943 4060 1040 4129 μὲν
1068 4055 1223 4120 οὖσα,
1255 4058 1646 4129 περιτρέπεται
1676 4058 1914 4120 εὐκόλως
1950 4057 2056 4110 ὐπὸ

470 4145 578 4197 τῶν
613 4145 971 4215 ἐνοχλούντων
994 4162 1006 4176 ·
1033 4146 1272 4211 παγεῖσα
1304 4143 1359 4195 δὲ
1390 4143 1588 4205 καλῶς,
1628 4142 1798 4194 πολλὰ
1825 4142 2054 4211 παρέχει

467 4232 581 4289 τοῖς
607 4229 891 4296 καθαιρεῖν
922 4227 1261 4296 ἐπιχειροῦσι
1289 4225 1358 4278 τὰ
1386 4227 1686 4293 πράγματα
1712 4239 1724 4253 ⁸
1749 4223 1842 4276 καὶ
1865 4224 2054 4292 θηρίον

468 4311 652 4374 τόποις
688 4311 1143 4379 ἐμφιλοχωρῆσαν
1181 4309 1357 4378 πολλῷ
1387 4309 1564 4377 χρόνῳ
1600 4306 1874 4368 δυσκόλως
1899 4307 2054 4359 έλαύ-

468 4413 640 4447 νεται.
685 4394 809 4456 Τοῖς
847 4394 944 4462 μὲν
971 4389 1065 4444 οὖν
1095 4391 1303 4443 οὐδέπω
1340 4390 1754 4458 κατασχεθεῖσιν
1799 4389 1903 4441 ὐπὸ
1958 4390 2050 4442 τοῦ

470 4480 676 4541 πάθους
707 4476 1009 4550 παρακαλῶ
1047 4475 1119 4546 μὴ
1149 4475 1384 4540 ἁλῶναι·
1421 4473 1788 4545 εὐκολώτερον
1811 4475 1917 4544 γὰρ
1952 4493 2052 4542 φυ-

467 4561 734 4625 λάξασθαι
790 4562 864 4631 μὴ
900 4562 1162 4630 ἐμπεσεῖν
1190 4558 1270 4629 ,ἢ
1323 4558 1666 4628 ἐμπεσόντας
1725 4558 2052 4626 ἀποστῆναι.

472 4648 595 4709 Τοῖς
619 4647 675 4697 δὲ
705 4645 1087 4713 κατασχεθεῖσι
1113 4645 1210 4697 καὶ
1235 4643 1728 4714 κατερραγμένοις,
1767 4641 1862 4696 ἐὰν
1895 4641 2054 4712 θελή-

469 4746 636 4782 σωσιν
683 4727 960 4781 ἐπιδοῦναι
997 4729 1224 4788 ἐαυτοὺς
1281 4727 1452 4795 ἰατρῷ
1498 4726 1578 4794 τῷ
1630 4727 1795 4795 λόγῳ,
1851 4726 2052 4798 πολλὴν

468 4811 881 4880 ἐπαγγέλλομαι
914 4810 1188 4879 σωτηρίας
1218 4807 1404 4860 ἐλπίδα
1445 4810 1512 4877 τῇ
1544 4808 1638 4860 τοῦ
1679 4808 1812 4862 Θεοῦ
1843 4811 2049 4879 χάριτι.

472 4897 567 4948 "Av
604 4894 712 4965 γάρ
751 4894 877 4955 τοὺς
912 4892 1182 4952 παθόντας
1211 4891 1303 4942 καί
1333 4891 1733 4958 περιπεσόντας
1780 4892 1858 4958 τῷ
1887 4889 2050 4961 νοσήὶ

473 4997 624 5046 ματι,
663 4978 756 5031 καὶ
785 4976 1179 5044 ἀνενεγκόντας
1210 4975 1526 5044 ἐννοήσωσι,
1555 4977 1798 5043 χρηστάς
1840 4976 2051 5038 ἕξουσιν

468 5050 688 5123 ἐλπίδας
715 5062 858 5130 ὑπὲρ
888 5061 986 5129 τῆς
1012 5057 1104 5111 τοῦ
1139 5059 1449 5127 νοσήματος
1467 5057 1805 5125 ἀπαλλαγῆς.
1835 5059 1930 5120 Τίς
1958 5055 2050 5112 οὖν

468 5147 764 5216 περιέπεσε
793 5145 870 5214 τῷ
908 5145 1176 5214 νοσήματι
1221 5140 1431 5210 τούτῳ,
1478 5141 1571 5193 καὶ
1618 5140 1906 5212 ἀπηλλάγη
1954 5145 2050 5213 ρᾳ-

465 5229 629 5292 ὂί‹υς;
673 5228 732 5280 Ὀ
767 5229 1032 5296 Ζακχαῖος
1067 5228 1292 5288 ἐκεῖνος.
1329 5223 1392 5276 Τί
1437 5223 1544 5294 γὰρ
1587 5224 1818 5275 τελώνου
1850 5225 2051 5293 μᾶλλον

469 5311 880 5382 φιλοχρήματον
901 5311 1095 5377 γένοιτ’
1120 5311 1184 5364 ἀν
1208 5328 1222 5373 ;
1266 5307 1404 5360 Ἀλλ’
1430 5306 1626 5376 ἀθρόον
1660 5305 1876 5372 ἐγένετο
1907 5307 2052 5375 φιλό-

468 5414 654 5466 σοφος,
705 5395 800 5448 καὶ
834 5396 1013 5446 πᾶσαν
1059 5394 1251 5447 ἔσϐεσε
1304 5395 1403 5462 τήν
1434 5392 1630 5462 πυράν.
1680 5390 1739 5443 '0
1774 5390 2051 5455 Ματθαῖος

463 5480 702 5549 ὁμοίως*
735 5477 832 5531 καὶ
869 5476 976 5546 γὰρ
999 5479 1090 5529 καὶ
1133 5473 1287 5538 οὗτος
1312 5475 1550 5545 τελώνης
1579 5469 1670 5544 ἦν,
1729 5473 1786 5525 ἐν
1827 5475 2050 5544 ἁρπαγῇ

465 5565 707 5635 διηνεκεῖ
740 5561 868 5626 ζῶν.
914 5560 1073 5613 Ἀλλά
1103 5563 1197 5614 καὶ
1222 5554 1376 5623 οὗτος
1400 5560 1593 5630 ἀθρόον
1628 5558 1936 5611 ἀπεδύσατο
1956 5558 2052 5629 τὴν

468 5646 694 5716 βλάϐην,
710 5647 806 5700 καὶ
828 5644 889 5699 τὸ
909 5643 1060 5713 δίψος
1075 5643 1282 5708 ἔσϐεσε,
1303 5645 1396 5697 καὶ
1418 5643 1798 5716 πραγματείαν
1820 5641 2053 5712 μετῆλθε

473 5731 874 5798 πνευματικήν.
918 5726 1154 5788 Τούτους
1184 5727 1360 5779 τοίνυν
1403 5729 1498 5780 καὶ
1533 5728 1657 5788 τοὺς
1687 5725 1808 5778 κατ’
1856 5724 2052 5786 αὐτοὺς

477 5813 696 5877 ἐννοῶν,
732 5813 866 5882 μηδὲ
908 5813 971 5866 σὺ
1027 5810 1302 5880 ἀπογνῷς.
1345 5812 1440 5862 Ἂν
1471 5810 1580 5881 γὰρ
1633 5809 1814 5881 θέλῃς,
1848 5810 2050 5879 δυνήσῃ

481 5897 690 5968 ταχέως
714 5897 1043 5966 ἀνενεγκεῖν,
1078 5895 1190 5948 Καὶ
1218 5893 1264 5947 εἰ
1297 5892 1472 5963 βούλει
1499 5935 1511 5962 ,
1549 5893 1690 5948 κατά
1719 5894 1808 5947 τὸν
1835 5892 1939 5948 τῶν
1971 5893 2050 5945 ία-

2177 453 2319 521 τρῶν
2347 454 2509 524 νόμον
2534 458 2628 510 καὶ
2649 457 2717 510 τά
2748 457 2998 526 πρακτέα
3029 475 3110 510 σοι
3149 458 3286 526 μετά
3320 455 3600 528 ἀκριϐείας
3643 460 3744 513 ὐπ-

2172 538 2564 607 αγορεύσομεν.
2599 543 2691 593 Δεῖ
2735 542 2917 594 τοίνυν
2965 541 3070 610 πρὸ
3109 542 3220 592 τῶν
3266 541 3439 594 ἀλλων
3484 542 3740 596 ἁπάντων

2167 620 2340 672 ἐκεῖνο
2365 623 2687 692 κατορθοῦν,
2717 625 2776 676 τὸ
2807 626 2879 694 μὴ
2905 623 3306 690 ἀπογινώσκειν
3343 623 3477 692 μηδὲ
3508 623 3743 677 ἀπελπί-

2166 700 2280 764 ζειν
2308 704 2516 757 ἐαυτῶν
2554 707 2652 775 τὴν
2696 707 3002 776 σωτηρίαν·
3040 705 3178 775 μετὰ
3221 705 3375 758 τοῦτο
3410 705 3484 774 μὴ
3515 705 3583 758 τὰ
3629 705 3741 759 τῶν

2166 787 2605 856 κατωρθωκότων
2628 789 3046 859 παραδείγματα
3071 789 3250 858 μόνον,
3281 789 3413 841 ἀλλά
3434 790 3526 842 καὶ
3541 788 3611 841 τὰ
3628 787 3741 842 τῶν

2168 869 2640 940 ἐναπομεινάντων
2671 873 2972 942 παθήματα
3006 874 3216 942 ἐνορᾷν.
3248 872 3456 940 Ὥσπερ
3497 871 3605 942 γὰρ
3650 873 3737 923 ἐν·

2166 955 2466 1024 ενοήσαμεν
2491 955 2583 1007 τὸν
2609 958 2876 1026 Ζακχαῖον
2905 957 2998 1009 καὶ
3032 956 3122 1008 τὸν
3167 954 3443 1009 Ματθαῖον
3464 993 3478 1016 ,
3508 955 3651 1009 οὕτω
3671 954 3737 1024 δὴ

2165 1037 2258 1088 καὶ
2289 1038 2378 1089 τὸν
2416 1039 2616 1091 Ἰούδαν
2666 1039 2983 1106 λογίσασθαι
3014 1041 3139 1108 χρὴ,
3172 1039 3267 1092 καὶ
3295 1040 3388 1092 τὸν
3419 1039 3598 1107 Γιεζῆ,
3640 1039 3740 1090 καὶ

2163 1119 2254 1170 τὸν
2283 1119 2475 1190 Ἀχαρ,
2501 1124 2594 1172 καὶ
2613 1122 2703 1173 τὸν
2728 1122 2954 1191 ’Ᾱχαάϐ,
2986 1120 3082 1174 καί
3104 1121 3194 1172 τὸν
3237 1120 3502 1182 Ἀνανίαν,
3527 1122 3620 1172 καὶ
3636 1121 3738 1189 τὴν

2166 1201 2476 1271 Σάπφειραν
2495 1219 2506 1230 ·
2539 1204 2627 1256 ἴνα
2647 1205 2713 1256 δι’
2731 1205 2955 1257 ἐκείνων
2986 1203 3086 1272 μὲν
3115 1204 3214 1274 τήν
3241 1203 3550 1270 ἀπόγνωσιν
3567 1201 3738 1255 ἐκϐά-

2165 1283 2466 1352 λωμεν,διά
2494 1285 2700 1339 τούτων
2725 1287 2782 1339 δὲ
2804 1288 2902 1357 τὴν
2939 1286 3214 1357 ῥαθυμίαν
3235 1286 3578 1355 ἐκκόψωμεν,
3603 1284 3741 1354 μηδὲ

2165 1367 2330 1420 ὑπτία
2349 1368 2574 1439 γένηται
2597 1372 2630 1440 ή
2657 1371 2804 1441 ψυχὴ
2824 1371 2961 1437 πρὸς
2993 1370 3093 1439 τὴν
3108 1369 3218 1422 τῶν
3245 1369 3740 1438 ὐπαγορευομένων

2165 1451 2512 1519 παραίνεσιν·
2538 1452 2630 1505 καί
2659 1453 3036 1522 παιδεύσωμεν
3063 1452 3289 1513 ἑαυτοὺς
3314 1452 3512 1517 λέγειν,
3554 1451 3590 1504 ἃ
3615 1450 3741 1503 τότε

2167 1531 2245 1600 τῷ
2275 1533 2465 1603 Πέτρῳ
2496 1536 2884 1606 προσελθόντες
2915 1537 3098 1605 ἔλεγον
3157 1536 3206 1589 οἱ
3251 1537 3494 1589 Ἰουδαῖοι
3513 1551 3527 1566 ο
3568 1537 3627 1588 TI
3649 1533 3746 1588 δεῖ

2163 1615 2357 1669 ποιεῖν
2379 1618 2480 1670 ἵνα
2505 1618 2790 1687 σωθῶμεν
2814 1635 2831 1680 ;
2860 1621 2952 1672 καὶ
2977 1619 3322 1673 ἀκουέτωσαν
3347 1617 3384 1671 ἃ
3409 1618 3513 1689 χρὴ
3539 1619 3738 1670 ποιεῖν.

2165 1697 2228 1751 Τί
2257 1694 2349 1750 οὗν
2375 1698 2480 1768 χρὴ
2513 1703 2714 1766 ποιεῖν;
2759 1700 2972 1754 Είδέναι
3028 1703 3127 1771 τὴν
3156 1702 3431 1755 εὐτέλειαν
3456 1701 3564 1753 τῶν
3594 1717 3739 1770 πρα-

2163 1780 2412 1850 γμάτων,
2469 1783 2560 1834 καὶ
2614 1782 2732 1844 πῶς
2785 1783 3059 1855 δραπέτης
3088 1785 3306 1853 οἰκέτης
3343 1787 3436 1837 καὶ
3469 1785 3743 1854 ἀγνώμων

2165 1863 2312 1914 ἐστὶν
2339 1865 2367 1915 6
2399 1863 2649 1926 πλοῦτος,
2677 1866 2770 1918 καὶ
2809 1866 3022 1935 μυρίοις
3051 1865 3365 1936 περιϐάλλει
3393 1868 3594 1926 κακοῖς.
3613 1866 3743 1927 τοὺς

2165 1944 2390 2013 ἔχοντας
2411 1961 2422 1973 ·
2452 1948 2546 1999 καί
2576 1947 2885 2002 τὰτοιαῦτα
2908 1950 3092 2011 αὐτοῖς
3127 1947 3366 2018 συνεχῶς
3398 1947 3744 2019 [NH-1:460)-

2166 2044 2266 2094 μεν
2297 2029 2539 2098 ῥήματα.
2586 2031 2696 2082 Καὶ
2743 2031 2995 2098 καθάπερ
3033 2033 3210 2101 ἰατροὶ
3251 2031 3379 2093 τοὺς
3432 2031 3743 2098 κάμνοντας

2160 2108 2366 2180 ψυχρὸν
2400 2111 2686 2176 αἰτοῦντας
2720 2113 3206 2183 παραμυθοῦνται,
3265 2113 3525 2182 παρέχειν
3555 2111 3743 2178 λέγον-

2160 2208 2272 2256 τες,
2300 2193 2394 2245 καὶ
2419 2194 2600 2264 πηγὴν
2619 2196 3085 2266 προφασιζόμενοι
3111 2197 3207 2249 καὶ
3226 2197 3395 2262 ἄγγος
3428 2196 3520 2248 καὶ
3549 2193 3745 2263 καιρὸν

2161 2276 2254 2326 καὶ
2288 2276 2458 2328 πολλὰ
2495 2277 2722 2330 τοιαῦτα
2750 2279 2835 2342 (ἂν
2864 2280 2975 2347 γὰρ
3001 2278 3195 2347 ἀθρόον
3220 2278 3609 2341 ἀνανεύσωσιν,
3635 2275 3749 2328 ὑπὸ

2161 2360 2259 2427 τῆς
2313 2360 2508 2428 μανίας
2563 2361 2758 2424 αὐτοὺς
2810 2360 3135 2430 ἀγριοῦσθαι
3194 2357 3741 2429 παρασκευάζουσι)·

2161 2440 2303 2493 οὕτω
2331 2443 2394 2510 δὴ
2425 2443 2526 2504 καὶ,
2555 2443 2716 2512 ἡμεῖς
2756 2442 2888 2513 πρὸς
2933 2444 3058 2504 τοὺς
3089 2442 3530 2510 φιλοχρημάτους
3573 2440 3746 2491 ποιῶ-

2168 2539 2265 2589 μεν
2285 2540 2297 2552 °
2327 2524 2421 2574 καὶ
2449 2525 2578 2576 ὅταν
2611 2525 2844 2591 λέγωσιν
2870 2563 2884 2586 ,
2921 2524 3003 2575 ὅτι
3054 2525 3361 2592 Πλουτῆσαι
3396 2522 3698 2592 βουλόμεθα
3724 2562 3741 2585 ,

2167 2606 2239 2673 μή
2271 2603 2518 2674 λέγωμεν
2547 2607 2769 2671 εὐθέως,
2799 2607 2884 2658 ὅτι
2913 2607 3083 2658 κακὸν
3121 2607 3149 2657 6
3169 2604 3418 2668 πλοῦτος,
3447 2605 3580 2656 ἀλλά
3615 2622 3744 2657 συν-

2162 2687 2402 2758 θώμεθα,
2449 2690 2542 2742 καὶ
2573 2691 2836 2759 εἴπωμεν,
2869 2692 2952 2743 ὃτι
2975 2692 3068 2743 καὶ
3101 2692 3262 2760 ἡμεῖς
3293 2690 3455 2742 τοῦτο
3492 2688 3744 2757 βουλόμεο

2161 2770 2249 2834 θα,
2269 2771 2380 2823 ἀλλ’
2400 2775 2460 2825 ἐν
2479 2773 2658 2843 καιρῷ
2674 2772 2748 2842 τῷ
2765 2774 3119 2842 προσήκοντι,
3142 2771 3276 2824 ἀλλά
3296 2770 3525 2824 πλοῦτον
3540 2770 3741 2840 ἀληθῆ,

2159 2851 2295 2905 ἀλλά
2307 2853 2397 2905 τὸν
2418 2854 2609 2924 ήδονὴν
2635 2856 2827 2923 ἔχοντα
2858 2854 3148 2916 ἀθάνατον,
3176 2853 3312 2905 ἀλλά
3334 2854 3423 2904 τὸν
3457 2854 3538 2904 σοὶ
3561 2852 3746 2903 συλλε-

2159 2935 2411 3002 γόμενον,
2444 2937 2539 2987 καὶ
2569 2936 2642 3005 μὴ
2669 2936 2896 3007 ἑτέροις,
2936 2936 3197 2997 πολλάκις
3242 2936 3297 2988 δέ
3332 2935 3426 2987 καί¹
3477 2935 3692 3003 ἐχθροῖς
3715 2950 3740 3000 τ

2160 3018 2254 3069 καὶ
2277 3021 2404 3081 τους
2432 3022 2560 3090 περὶ
2583 3020 2903 3089 φιλοσοφίας
2935 3020 3126 3088 λόγους
3165 3020 3245 3081 εἰς
3289 3017 3450 3087 μέσον
3493 3018 3744 3086 ἄγωμεν,

2160 3103 2254 3154 καὶ
2284 3101 2555 3172 λέγωμεν,
2587 3105 2666 3156 ὃτι
2699 3104 2774 3155 Οὐ
2825 3103 3120 3173 κελεύομεν
3175 3102 3250 3172 μὴ
3305 3103 3575 3164 πλουτεῖν,
3603 3101 3746 3154 ἀλλά

2160 3185 2345 3247 κακῶς
2374 3186 2448 3256 μὴ
2478 3187 2730 3240 πλουτεῖν
2751 3204 2764 3218 ·
2789 3188 2964 3252 ἔξεστι
2985 3188 3095 3258 γὰρ
3118 3187 3391 3248 πλουτεῖν,
3416 3185 3553 3237 ἀλλὰ
3570 3187 3742 3252 χωρὶς

2158 3271 2491 3336 πλεονεξίας,
2536 3273 2702 3341 χωρὶς
2735 3272 2991 3342 ἁρπαγῆς
3035 3270 3127 3322 καὶ
3171 3269 3290 3338 βίας
3324 3271 3416 3321 καὶ
3456 3267 3551 3320 τοῦ
3586 3271 3742 3338 παρὰ
3849 3285 3860 3291 ·

2158 3355 2377 3407 πάντων
2403 3355 2623 3408 ἀκούειν
2654 3356 2861 3417 κακῶς.
2900 3354 3010 3406 Καὶ
3032 3353 3243 3416 τούτοις
3265 3353 3462 3413 αὐτοὺς
3483 3351 3742 3421 προλεαί-

2159 3454 2342 3498 νοντες
2373 3440 2486 3499 τοῖς
2525 3438 2729 3504 λόγοις,
2780 3438 3008 3507 μηδέπω
3043 3438 3169 3507 περί
3204 3435 3427 3506 γεέννης
3471 3433 3737 3502 διαλεγώ-

2162 3519 2298 3588 μεθα
2321 3536 2331 3547 ·
2361 3521 2420 3571 οὐ
2449 3520 2555 3588 γὰρ
2580 3520 2828 3589 ἀνέχεται
2855 3522 2880 3572 6
2911 3521 3134 3590 κάμνων
3163 3519 3366 3579 εὐθέως
3391 3530 3415 3557 ει
3437 3518 3542 3571 τῶν
3564 3516 3742 3570 τοιού-

2156 3620 2264 3654 των
2296 3604 2576 3673 ῥημάτων.
2620 3604 2822 3672 Διόπερ
2869 3604 2976 3655 ἀπὸ
3008 3602 3114 3654 τῶν
3159 3602 3443 3672 παρόντων
3489 3600 3742 3664 ἅπαντας

2157 3687 2284 3750 τούς
2314 3690 2443 3756 περὶ
2476 3684 2682 3737 τούτων
2725 3687 3008 3757 ποιώμεθα
3056 3687 3268 3754 λόγους,
3316 3685 3410 3738 καὶ
3450 3683 3700 3753 λέγωμεν

2158 3769 2222 3821 Τί
2263 3768 2441 3838 βούλει
2468 3770 2575 3821 ἀπὸ
2608 3770 2922 3837 πλεονεξίας
2947 3771 3199 3824 πλουτεῖν
3227 3787 3241 3833 ;
3285 3769 3369 3820 ἵνα
3399 3768 3606 3836 ἑτέροις
3639 3767 3743 3836 μὲν

2157 3853 2218 3905 τὸ
2247 3852 2469 3922 χρυσίον
2493 3855 2799 3924 ἀποκέηται
2840 3855 2935 3906 καὶ
2974 3853 3035 3904 τὸ
3063 3852 3328 3922 ἀργύριον
3349 3890 3363 3911 ,
3411 3852 3492 3901 σοι
3519 3851 3574 3902 δὲ
3605 3851 3743 3917 ἀραὶ

2159 3936 2250 3990 καὶ
2283 3937 2613 4005 κατηγορίαι
2645 3937 2866 4006 μυρίαι;
2892 3938 2987 3989 καὶ
3024 3939 3051 3989 6
3078 3934 3473 4002 ἀποστερηθεὶς
3502 3932 3607 3985 ὐπὸ
3637 3934 3742 4004 τῆς

2156 4020 2267 4072 τῶν
2301 4017 2616 4086 ἀναγκαίων
2656 4019 2917 4088 δάκνηται
2949 4019 3141 4088 χρείας
3165 4018 3214 4079 δ,
3252 4019 3344 4070 καὶ
3378 4016 3740 4086 ὀλοφύρηται,

2158 4103 2252 4155 καὶ
2287 4102 2513 4172 μυρίους
2543 4101 2838 4173 ἐφέλκηταί
2860 4119 2942 4154 σοι
2960 4101 3319 4171 κατηγόρους,
3341 4101 3548 4171 καὶτῆς
3575 4100 3742 4152 ἐσπέ-

2160 4204 2257 4258 ρας
2289 4184 2704 4256 καταλαϐούσης
2745 4185 2930 4257 περιίῃ
2956 4187 3052 4256 τὴν
3082 4186 3307 4254 ἀγορὰν,
3341 4186 3398 4236 ἐν
3427 4186 3538 4246 τοῖς
3576 4200 3736 4236 στεν-

2155 4272 2326 4331 ωποῖς
2359 4268 2701 4338 ἐντυγχάνων
2736 4271 2893 4332 πᾶσι,
2921 4269 3013 4321 καὶ
3047 4267 3474 4338 διαπορούμενος
3492 4268 3585 4319 καὶ
3611 4265 3736 4318 οὐδὲ

2158 4351 2299 4421 ὑπὲρ
2323 4352 2423 4420 τῆς
2458 4352 2651 4414 νυκτὸς
2685 4347 2913 4421 θαρρεῖν
2947 4351 3118 4421 ἐχων;
3152 4350 3275 4413 Πῶς
3305 4349 3413 4419 γὰρ
3446 4350 3510 4403 ἂν
3537 4349 3738 4402 καθευσ

2156 4436 2339 4504 δήσειε
2361 4435 2570 4492 λοιπὸν,
2616 4435 2719 4487 ὐπὸ
2740 4435 2842 4503 τῆς
2879 4435 3115 4505 γαστρὸς
3162 4434 3490 4503 δακνόμενος
3511 4473 3526 4495 ,
3559 4434 3739 4501 ἀγρυ-

2158 4518 2328 4582 πνῶν,
2361 4517 2507 4586 λιμῷ
2546 4517 3000 4588 πολιορκούμενος
3017 4556 3050 4582 ,ι
3070 4518 3247 4586 πάγου
3287 4516 3545 4576 πολλάκις
3581 4516 3735 4578 ὄντος

2157 4603 2251 4654 καί
2280 4603 2438 4654 ὐετοῦ
2465 4601 2915 4672 καταφερομένου
2941 4601 3083 4668 ;Ka.l
3110 4601 3173 4654 σὺ
3205 4601 3302 4670 μὲν
3342 4602 3406 4652 ἐκ
3450 4598 3735 4668 βαλανείου

2156 4684 2473 4752 λελουμένος
2502 4685 2798 4755 ἐπανέρχῃ,
2826 4685 3090 4754 μαλακοῖς
3113 4683 3450 4750 θαλπόμενος
3477 4681 3734 4750 ἱματίοις,

2155 4765 2406 4835 γεγηθὼς
2434 4767 2528 4819 καὶ
2549 4766 2777 4838 χαίρων,
2810 4767 3028 4835 καὶέπὶ
3044 4765 3258 4817 δεῖπνον
3280 4764 3494 4831 ἕτοιμον
3521 4764 3739 4832 τρέχων

2156 4849 2479 4911 πολυτελές·
2539 4851 2745 4913 ἐκεῖνος
2794 4851 2850 4902 δὲ
2882 4842 3158 4917 πανταχοῦ
3215 4846 3359 4898 κατὰ
3390 4845 3487 4916 τὴν
3526 4846 3739 4915 ἀγοράν

2155 4934 2260 4984 ὐπὸ
2285 4932 2379 4986 τοῦ
2405 4933 2618 5004 κρυμοῦ
2645 4933 2738 4986 καὶ
2774 4933 2868 4986 τοῦ
2893 4931 3054 5001 λιμοῦ
3091 4928 3328 4999 συνεχῶς
3356 4928 3734 4999 ἐλαυνόμενος,

2158 5015 2505 5085 περιέρχεται
2538 5013 2899 5083 συγκεκυφὼς
2924 5012 3016 5064 καὶ
3054 5013 3240 5080 χεῖρας
3279 5011 3573 5079 προτείνων
3593 5025 3607 5040 ⁶
3637 5011 3740 5063 καὶ

2156 5100 2276 5153 οὐδὲ
2295 5098 2515 5171 Θαρῤῶν
2537 5098 2708 5159 ἀδεῶς
2724 5096 2802 5165 τῷ
2828 5093 3272 5162 ἐμπεπλησμένῳ
3301 5094 3392 5147 καὶ
3416 5095 3738 5146 ἀναπεπαυ-

2158 5187 2304 5254 μένῳ
2329 5186 2548 5254 ῥήματα
2575 5179 2966 5252 προσενεγκεῖν
2991 5176 3132 5245 ὑπὲρ
3159 5176 3256 5244 τῆς
3284 5176 3587 5243 ἀναγκαίας
3611 5193 3740 5245 τρο-

2155 5268 2284 5336 φῆςν
2319 5266 2581 5329 πολλάκις
2619 5265 2676 5317 δέ
2704 5264 2799 5315 καὶ
2845 5260 3125 5331 ὑϐρισθεὶς
3163 5261 3529 5331 ἀνεχώρησεν.
3563 5260 3738 5310 Ὅταν

2154 5348 2246 5406 οὖν
2278 5351 2509 5422 ἀνέλθῃς
2537 5348 2742 5409 οἴκαδε,
2779 5346 2904 5398 ὅταν
2929 5345 3022 5398 ἐπὶ
3049 5346 3146 5416 τῆς
3174 5346 3334 5414 εὐνῆς
3369 5341 3662 5411 ἀνακλιθῇς
3682 5353 3734 5405 ε,

2152 5436 2282 5489 ὅταν
2316 5433 2432 5503 φῶς
2536 5431 2664 5500 περί
2686 5429 2777 5481 τὸν
2806 5422 2954 5481 οἷκον
2971 5428 3246 5499 λαμπρὸν,
3271 5430 3399 5480 ὃταν
3420 5423 3610 5493 ἐτοίμη
3637 5425 3739 5477 καὶ

2155 5518 2382 5587 δαψιλὴς
2412 5515 2735 5586 ήτράπεζα,
2767 5515 2888 5567 τότε
2916 5513 3294 5584 ἀναμνήσθητι
3332 5507 3424 5562 τοῦ
3452 5507 3737 5561 ταλαιπώο

2159 5620 2252 5673 ρου
2280 5603 2372 5654 καὶ
2397 5601 2583 5653 ἀθλίου
2609 5599 2839 5660 ἐκείνου,
2862 5598 2956 5651 τοῦ
2993 5596 3299 5667 περιιόντος
3329 5593 3468 5645 κατά
3490 5594 3612 5655 τοὺς
3636 5593 3738 5644 κύ-

2157 5701 2251 5747 νας
2288 5686 2345 5738 ἐν
2377 5686 2490 5747 τοῖς
2523 5685 2818 5748 στενωποῖς
2851 5683 2943 5736 καὶ
2991 5679 3070 5749 τῷ
3112 5677 3287 5747 σκότῳ
3315 5675 3408 5728 καὶ
3440 5673 3518 5745 τῷ
3550 5675 3736 5746 πηλῷ,

2222 5904 2243 5932 ⁸
2267 5902 2414 5967 £65.,
2439 5901 2641 5951 οὐδέπω.
2731 5898 2757 5939 ὶι
2782 5899 2930 5961 Κίος..
2953 5901 3137 5959 τροφῆς.
3208 5896 3226 5924 τ
3261 5893 3406 5958 Reg,
3431 5892 3735 5954 κατακλιθῇς.
