4028 6208
235 323 307 379 9‘5
1293 313 1359 369 IN
1398 310 1594 368 EPlST
1647 310 1667 362 ι
1714 307 1802 362 AD
1839 306 1993 362 COR.
2034 303 2263 361 llOMlL.
2308 307 2403 361 XI.
3435 321 3504 376 94

237 439 347 493 bris
392 435 857 493 circumfunditur.
912 429 1118 501 Ecquid
1148 444 1285 499 opus
1310 426 1593 481 estdicere
1621 423 1811 476 domos

234 540 291 586 et
309 529 636 596 argentarias
660 526 941 582 ofﬁcinas?
963 525 1100 580 Puto
1123 524 1265 578 enim
1293 522 1411 575 illos
1437 519 1482 573 si
1522 516 1606 571 vel
1634 515 1687 567 in
1706 513 1811 581 pic~

236 632 353 677 tura
374 624 457 678 vel
483 623 536 677 in
567 623 797 692 imagine
838 620 1049 675 divitias
1095 618 1214 671 illas
1256 613 1508 675 viderint,
1534 606 1762 674 discerpi
1793 645 1807 667 ,

230 712 443 767 efferari
475 722 531 766 et
550 714 600 766 iu
632 713 833 767 rabiem
862 711 994 766 verti
1024 729 1037 764 :
1070 709 1203 762 adeo
1232 716 1289 760 ut
1315 704 1548 771 undique
1578 697 1812 753 tenebris

231 800 599 856 oll‘undantur.
640 802 771 856 Nam
803 802 848 855 si
878 801 1077 871 regiam
1108 797 1391 867 imaginem
1441 789 1770 860 conSpiciant
1794 827 1811 852 ,

232 908 340 945 non
370 894 632 947 mirantur
660 893 959 963 lapillorum
986 888 1576 960 pulchritudinem,non
1600 894 1810 941 aurum,

231 996 337 1036 non
367 993 569 1037 vestem
598 997 938 1052 purpuream,
972 979 1065 1034 sed
1098 977 1412 1047 liqueﬁunt;
1442 985 1496 1028 et
1524 973 1664 1027 sicut
1690 967 1814 1023 infe-

230 1074 304 1128 lix
326 1076 414 1131 ille
439 1088 665 1141 amator,
695 1077 739 1130 si
769 1076 983 1129 amasia:
1005 1074 1289 1141 imaginem
1312 1070 1521 1130 viderit,
1554 1065 1817 1120 inanima-

233 1176 300 1219 tze
342 1168 419 1220 rei
453 1167 619 1221 haeret
663 1166 890 1219 afﬁxus:
921 1166 989 1219 ita
1018 1173 1073 1217 et
1105 1163 1191 1215 hic
1229 1158 1573 1214 inanimatam
1621 1155 1813 1209 videns

228 1254 539 1309 divitiarum
567 1256 877 1325 imaginem,
909 1254 1008 1306 hoc
1039 1254 1212 1321 ipsum
1260 1249 1429 1316 magis
1462 1248 1660 1315 patitur
1681 1288 1696 1312 ,
1730 1254 1815 1299 ut-

231 1357 357 1414 pote
400 1349 571 1418 magis
626 1348 900 1416 tyrannieo
940 1345 1192 1399 detentus
1244 1342 1473 1395 morbo:
1516 1350 1571 1395 et
1600 1349 1815 1408 oportet

227 1437 446 1492 demum
479 1440 561 1492 vel
589 1438 735 1493 domi
776 1450 1013 1499 manere,
1047 1434 1133 1488 vel
1174 1434 1227 1487 in
1254 1433 1430 1486 forum
1460 1431 1760 1485 venientem
1794 1473 1809 1496 ,

201 1530 381 1583 .mille
424 1530 593 1599 plagis
623 1530 856 1598 acceptis
885 1528 1103 1581 domum
1135 1536 1381 1595 repetere
1411 1542 1423 1577 :
1458 1526 1619 1578 multa
1666 1527 1809 1578 enim

228 1620 371 1673 illius
398 1621 586 1675 oculos
612 1621 800 1675 dolore
838 1619 1095 1673 afﬁciunt.
1126 1622 1203 1671 Ac
1228 1617 1678 1683 quemadmodum
1724 1618 1814 1672 ille

228 1714 363 1768 nihil
389 1715 533 1769 aliud
560 1714 704 1769 videt
726 1728 884 1784 quam
916 1704 1213 1776 mulierem,
1242 1712 1313 1765 ita
1342 1721 1395 1765 et
1422 1713 1523 1765 iste
1547 1725 1815 1780 pauperes

226 1806 446 1875 quidem
471 1815 526 1862 et
550 1806 653 1860 alia
674 1806 853 1860 omnia
896 1808 1152 1875 prseterit,
1183 1814 1241 1858 ut
1272 1820 1339 1859 ne
1377 1805 1803 1858 consolationem

225 1899 445 1967 quidem
496 1898 724 1966 accipiat
751 1915 764 1950 :
799 1896 852 1951 in
876 1896 1158 1965 opulentos
1176 1906 1355 1949 autem
1382 1896 1568 1949 oculos
1592 1896 1809 1965 dirigit,

226 2004 294 2042 ex
322 1997 544 2056 aspectu
599 1987 692 2040 illo
745 1986 971 2040 multum
999 1985 1051 2039 in
1073 1988 1304 2039 animam
1352 2000 1505 2038 suam
1551 1985 1812 2040 inducens

228 2080 429 2147 ignem.
450 2078 590 2148 lgnis
615 2078 812 2148 quippe
833 2087 931 2141 est,
966 2077 1057 2148 qui
1084 2076 1431 2130 vehementer
1454 2078 1721 2130 consumit
1742 2078 1811 2130 ll-

226 2171 360 2235 lum,
388 2172 477 2239 qui
504 2171 557 2224 in
586 2170 757 2239 ipsum
790 2169 975 2223 incidit
999 2186 1010 2221 :
1044 2178 1206 2238 atque
1233 2168 1441 2223 etiamsi
1481 2183 1581 2221 nec
1604 2169 1811 2237 gehen-

227 2276 333 2325 nre,
382 2276 479 2315 nec
527 2260 773 2330 supplicii
802 2261 963 2313 minae
1017 2259 1291 2314 intentata:
1336 2257 1581 2322 fuissent,
1614 2259 1697 2312 hae
1724 2273 1811 2314 res

227 2362 520 2419 praesentes
540 2359 721 2406 essent
758 2353 1098 2421 supplicium,
1131 2352 1344 2405 assidue
1371 2366 1565 2421 nempe
1591 2361 1808 2417 torque-

227 2442 297 2503 ri,
326 2456 499 2510 neque
528 2442 699 2495 morbi
730 2441 889 2495 ﬁnem
917 2442 1181 2495 invenire.
1211 2442 1277 2495 Et
1306 2442 1421 2495 haec
1447 2444 1579 2497 satis
1604 2452 1807 2509 essent,

230 2543 290 2584 ut
315 2533 382 2585 ab
410 2532 710 2599 huiusmodi
742 2530 1058 2601 aegritudine
1080 2539 1411 2585 avocarent:
1442 2532 1537 2586 sed
1568 2532 1699 2587 nihil
1723 2550 1814 2602 pe-

224 2620 315 2689 ius
341 2621 595 2683 amentia,
618 2636 735 2689 qua:
757 2620 807 2673 id
831 2619 994 2673 efﬁcit
1014 2630 1072 2673 ut
1097 2621 1257 2674 rebus
1272 2635 1561 2675 maerorem
1592 2632 1647 2675 et
1676 2624 1811 2677 nihil

225 2710 362 2765 lucri
389 2710 735 2771 aﬁ‘erentibus
760 2710 833 2763 illi
862 2709 1120 2763 haereant.
1152 2709 1531 2774 Quamobrem,
1564 2713 1813 2778 obsecro,

229 2803 576 2871 incipientem
608 2803 771 2856 animi
800 2802 1045 2856 morbum
1077 2803 1459 2871 exstinguatis.
1490 2803 1639 2858 Sicut
1663 2806 1809 2860 enim

229 2894 399 2948 febris
436 2894 586 2948 initio
617 2909 722 2947 non
772 2894 926 2949 valde
970 2894 1057 2947 siti
1082 2894 1263 2947 adurit
1302 2904 1657 2963 aegrotantes;
1692 2912 1814 2951 cum

227 2996 412 3041 autem
451 2988 678 3041 creverit
703 2997 756 3041 et
780 2986 1049 3040 ﬂammam
1101 2988 1444 3050 excitaverit,
1494 2997 1624 3041 tunc
1671 2990 1813 3043 sitim

230 3076 881 3145 paritinexstinguibilem
907 3092 920 3139 ;
953 3076 1163 3129 etiamsi
1193 3089 1322 3127 vero
1342 3076 1461 3143 quis
1481 3084 1665 3143 potum
1687 3078 1817 3145 ipsis

234 3168 459 3234 largiter
491 3167 745 3236 praebeat,
785 3182 888 3219 non
913 3148 1221 3234 exstinguit,
1252 3166 1344 3218 sed
1372 3167 1617 3221 accendit
1644 3167 1819 3221 forna-

223 3272 349 3312 cem
411 3278 423 3313 :
488 3258 565 3313 sic
581 3260 738 3312 etiam
766 3258 815 3311 in
850 3258 951 3311 hoc
975 3258 1162 3311 morbo
1183 3258 1399 3312 accidit.
1436 3258 1491 3312 Si
1523 3260 1674 3313 initio
1694 3276 1815 3313 cum

230 3350 467 3403 animam
516 3358 752 3403 nostram
808 3349 1045 3413 invadit,
1080 3364 1184 3401 non
1220 3349 1593 3416 impediamus,
1646 3367 1820 3420 neque

236 3440 384 3495 fures
408 3441 507 3509 ipsi
532 3440 862 3502 claudamus,
910 3442 1183 3508 ingressus
1210 3439 1427 3493 demum
1468 3442 1815 3497 incurabilem

234 3530 626 3597 cxcipientibus
682 3530 819 3599 parit
873 3528 1259 3597 aegritudinem.
1318 3529 1526 3584 Etenim
1575 3542 1628 3584 et
1680 3531 1819 3585 bona

234 3630 291 3673 et
320 3620 477 3680 mala,
497 3634 618 3673 cum
664 3618 862 3672 diutius
882 3618 936 3671 in
967 3618 1121 3672 nobis
1168 3620 1484 3684 manserint,
1516 3622 1815 3688 potentiora

236 3713 395 3766 liunt.

308 3804 361 3858 5.
412 3803 467 3857 ln
509 3803 860 3873 omnibusque
902 3801 1021 3856 aliis
1049 3801 1278 3871 idipsum
1307 3801 1488 3856 videre
1540 3811 1642 3856 est.
1683 3802 1819 3857 Nam

237 3894 415 3963 planta
445 3910 632 3948 recens
680 3895 867 3959 insita,
908 3894 1062 3947 facile
1088 3894 1376 3957 evellitur;
1411 3895 1453 3946 si
1485 3894 1645 3964 longo
1686 3906 1822 3949 tem-

234 4002 371 4056 pore
400 3988 569 4056 egerit
602 3986 833 4051 radices,
866 4001 971 4040 non
1024 3987 1150 4040 item
1176 4027 1189 4051 ,
1221 3985 1315 4040 sed
1363 3986 1543 4039 valido
1571 4002 1708 4055 Opus
1740 3998 1822 4040 est

234 4087 393 4131 vccte
419 4097 432 4131 :
462 4088 516 4131 et
544 4078 829 4132 :ediﬁcium
856 4092 1047 4131 recens
1072 4076 1227 4131 facile
1251 4080 1529 4143 evertitur;
1548 4095 1667 4132 cum
1696 4096 1822 4133 vero

238 4168 548 4222 ﬁrmitatem
571 4168 856 4237 acceperit,
886 4167 1104 4221 difﬁcile
1134 4184 1159 4219 a
1187 4170 1504 4222 conantibus
1533 4170 1819 4223 decutitur:

237 4270 293 4312 et
317 4259 425 4311 fera
448 4275 565 4327 quae
583 4260 741 4328 longo
765 4268 1004 4327 tempore
1022 4260 1216 4313 alicubi
1240 4262 1455 4323 mansit,
1472 4276 1610 4330 mgre
1624 4262 1823 4329 dispel-

240 4353 389 4407 litur.
419 4350 541 4406 lllos
564 4352 845 4420 igitur,qtti
871 4352 1105 4405 nondum
1123 4367 1151 4404 a
1184 4353 1371 4406 morbo
1389 4352 1480 4405 illo
1498 4354 1821 4418 detinentur,

240 4455 375 4511 rogo
396 4457 462 4495 ne
474 4442 769 4510 capiantur:
789 4443 992 4495 facilius
1011 4444 1204 4511 quippe
1224 4451 1309 4496 est
1322 4457 1512 4495 cavere
1528 4457 1595 4496 ne
1609 4443 1822 4505 cadant,

242 4547 402 4600 quam
435 4533 615 4602 lapsos
646 4533 883 4586 exsilire.
934 4534 1041 4586 Illis
1070 4549 1216 4595 vero,
1270 4534 1358 4602 qui
1384 4533 1494 4601 jam
1526 4534 1827 4589 inciderunt

244 4632 348 4677 eta
374 4626 564 4677 morbo
613 4624 704 4677 illo
746 4624 978 4691 correpti
1025 4634 1169 4689 sunt,
1200 4629 1242 4677 si
1276 4626 1468 4677 rationi
1509 4626 1719 4679 medico
1769 4643 1827 4681 se

244 4713 444 4767 dedere
467 4714 630 4768 velint
654 4755 669 4777 ,
702 4715 922 4768 multam
975 4714 1163 4768 salutis
1189 4730 1336 4782 spem
1366 4729 1459 4781 per
1482 4715 1575 4769 Dei
1602 4719 1825 4784 gratiam

247 4803 529 4873 polliceor.
581 4806 710 4859 Nam
737 4808 779 4859 si
821 4819 914 4859 eos
951 4805 1043 4873 qui
1068 4806 1119 4859 in
1160 4806 1403 4858 morbum
1448 4805 1749 4861 inciderunt
1776 4816 1830 4860 et

246 4904 433 4963 postea
463 4897 849 4949 convaluerunt
872 4895 1240 4965 cogitaverim,
1264 4896 1455 4949 bonam
1484 4912 1633 4965 spem
1668 4899 1827 4952 habe-

248 4982 381 5035 bunt
406 4980 519 5035 fore
543 4992 600 5037 ut
626 4996 654 5034 a
685 4982 874 5036 morbo
900 4982 1212 5036 liberentur.
1244 4981 1373 5047 Quis
1400 4998 1528 5052 ergo
1562 4984 1747 5038 incidit
1772 4986 1823 5036 in

249 5072 391 5126 hunc
419 5072 689 5136 morbum,
714 5082 768 5126 et
790 5074 944 5128 facile
963 5073 1218 5128 liberatus
1246 5075 1371 5127 est?
1398 5074 1687 5129 Zacchzeus
1715 5077 1824 5131 ille.

248 5162 383 5231 Quis
422 5164 563 5217 enim
598 5164 884 5229 publicano
932 5166 1172 5233 pecunia:
1201 5164 1444 5233 cupidior
1487 5165 1649 5219 fuerit
1674 5167 1697 5220 ?
1722 5166 1826 5221 Sed

250 5255 432 5309 statim
477 5252 825 5322 philosophus
871 5256 1093 5311 effectus
1142 5265 1244 5321 est,
1270 5266 1323 5309 et
1353 5264 1518 5309 totum
1575 5259 1831 5311 exstinxit

252 5344 581 5400 incendium.
613 5342 871 5399 Similiter
901 5346 1179 5401 Matthaaus
1208 5366 1219 5400 :
1252 5361 1372 5401 nam
1394 5354 1447 5399 et
1476 5346 1565 5400 ille
1594 5348 1831 5415 publica-

252 5452 357 5491 nus
381 5445 517 5502 erat,
545 5436 595 5489 in
643 5444 895 5503 perpetua
943 5439 1124 5511 rapina
1173 5439 1381 5492 vivens.
1409 5438 1514 5492 Sed
1546 5438 1591 5492 is
1618 5455 1831 5509 quoque

252 5537 475 5596 repente
504 5542 696 5581 noxam
725 5527 866 5579 exuit
889 5567 903 5590 ,
928 5528 1069 5580 sitim
1116 5530 1404 5593 exstinxit,
1434 5537 1486 5581 et
1515 5529 1832 5598 negotiatio—

257 5631 386 5671 nem
411 5616 543 5679 adiit
571 5615 925 5686 spiritualem.
947 5617 1054 5671 llos
1083 5634 1211 5689 ergo
1240 5630 1292 5675 et
1322 5619 1405 5673 his
1431 5619 1631 5674 similes
1656 5631 1829 5677 tecum

254 5718 531 5782 reputans,
561 5724 661 5767 nec
679 5718 733 5767 tu
762 5710 1033 5784 desperes.
1052 5710 1107 5767 Si
1146 5712 1274 5769 velis
1302 5712 1467 5781 enim,
1495 5713 1601 5770 cito
1629 5715 1833 5785 poteris

1926 432 2220 487 emergere.
2242 418 2327 485 Et,
2352 419 2396 472 si
2425 418 2591 482 velis,
2631 418 2924 477 secundum
2955 426 3283 484 medicorum
3330 432 3501 503 legem

1921 524 1982 563 ea
2040 525 2159 579 quas
2210 511 2413 579 agenda
2456 520 2582 565 sunt
2624 512 2717 566 tibi
2759 525 3006 572 accurate
3067 523 3498 587 praescribemns.

1920 599 2142 669 Oportet
2188 614 2316 669 ergo
2355 610 2480 655 ante
2506 602 2609 655 alia
2640 606 2819 681 omnia
2859 606 2960 659 hoc
2987 618 3131 663 recte
3156 628 3363 681 gerere,
3395 634 3499 675 non

1920 690 2153 743 animum
2187 691 2523 759 despondere
2560 708 2735 763 neque
2764 680 3051 765 desperare
3070 699 3137 755 de
3167 680 3337 759 salute
3361 724 3455 763 sua
3484 731 3500 765 :

1920 778 2113 833 deinde
2139 795 2242 834 non
2277 781 2435 835 modo
2457 796 2640 836 eorum
2672 786 2760 859 qui
2793 796 2939 842 recte
2968 788 3204 845 fecerunt
3230 800 3499 868 exempla,

1920 871 2013 926 sed
2040 873 2197 926 etiam
2227 886 2409 927 eorum
2437 876 2523 943 qui
2564 889 2972 942 perseverarunt
3014 898 3280 940 aerumnas
3331 889 3498 959 inspi-

1919 976 2061 1016 cere.
2095 961 2244 1016 Sicut
2277 964 2419 1015 enim
2466 963 2779 1018 Zacchaeum
2809 978 2864 1021 et
2886 968 3193 1027 Matthaeum
3246 979 3499 1047 cogitavi-

1919 1071 2040 1114 mus
2065 1098 2078 1120 ,
2142 1055 2213 1108 ita
2240 1065 2294 1109 et
2318 1055 2509 1110 Judam
2538 1059 2726 1111 animo
2750 1069 3003 1130 reputare
3024 1076 3256 1133 oportet,
3290 1085 3497 1127 necnon

1919 1146 2086 1210 Giezi,
2117 1147 2313 1209 Achar,
2341 1148 2546 1213 Achab,
2568 1150 2828 1205 Ananiam
2847 1161 2902 1206 et
2926 1152 3280 1224 Sapphiram;
3326 1172 3384 1215 ut
3404 1179 3501 1232 per

1920 1236 2038 1290 illos
2069 1238 2497 1304 desperationem
2544 1240 2839 1309 ejiciamus,
2897 1258 2990 1311 per
3016 1244 3115 1299 hos
3142 1262 3267 1301 vero
3310 1266 3499 1307 socor-

1920 1326 2061 1381 diam
2091 1328 2485 1393 exscindamus,
2518 1344 2690 1400 neque
2717 1334 2939 1401 supinus
2968 1335 3036 1388 sit
3057 1338 3267 1393 animus
3284 1343 3346 1394 ad
3378 1358 3496 1397 mo-

1920 1420 2025 1472 uita
2052 1436 2172 1489 quae
2198 1425 2616 1491 praescribuntnr
2642 1442 2653 1475 :
2688 1440 2751 1479 ac
2782 1440 2878 1478 nos
2901 1428 3045 1495 ipsos
3071 1430 3411 1489 instituamus
3430 1436 3498 1490 ad

1920 1511 2006 1563 illa
2032 1510 2275 1577 dicenda,
2324 1530 2445 1583 qua:
2477 1524 2601 1569 tunc
2622 1515 2689 1569 ad
2720 1516 2937 1571 Petrum
2964 1521 3287 1577 accedentes
3315 1524 3491 1581 Judaei

1918 1598 2207 1654 dicebant:
2266 1602 2402 1665 Quid
2446 1622 2565 1674 ergo
2615 1617 2811 1675 oportet
2872 1611 3039 1678 facere
3080 1620 3133 1664 ut
3169 1614 3297 1667 salvi
3346 1617 3500 1673 rimus

1919 1688 1939 1758 (
1974 1690 2086 1743 Act.
2105 1691 2158 1744 2.
2193 1692 2260 1745 57
2295 1694 2437 1761 )?et
2466 1694 2743 1748 audiamus
2796 1712 2859 1751 ea
2911 1715 3031 1768 quze
3057 1701 3295 1758 facienda
3349 1718 3497 1764 sunt.

1920 1782 2053 1850 Quid
2073 1799 2199 1853 ergo
2230 1796 2443 1854 oportet
2468 1786 2647 1861 facere
2676 1789 2699 1841 ?
2725 1788 2896 1844 Nosse
2927 1808 3106 1847 rerum
3138 1796 3418 1863 vilitatem,
3445 1810 3502 1855 et

1920 1874 2060 1943 quod
2086 1874 2283 1930 divitia:
2301 1877 2613 1933 sintservus
2641 1880 2889 1951 fugitivus
2916 1892 2970 1937 et
2997 1884 3255 1954 ingratus,
3281 1899 3334 1943 et
3352 1890 3499 1961 quod

1920 1977 2257 2030 possessores
2284 1982 2409 2021 suos
2442 1968 2493 2021 in
2520 1970 2657 2023 mala
2708 1971 2948 2040 injiciant
2975 1974 3413 2034 innumerabilia:
3443 1990 3501 2035 et

1917 2053 2180 2122 ejusmodi
2212 2058 2370 2112 verba
2401 2060 2617 2115 assidue
2646 2061 3015 2120 decantemus.
3048 2068 3126 2121 Ac
3147 2072 3498 2139 quemadmo-

1917 2143 2043 2198 dum
2069 2146 2261 2199 medici
2282 2162 2453 2217 aegros
2478 2149 2721 2220 frigidam
2750 2154 3083 2222 postulantes
3110 2156 3456 2217 consolantur
3478 2206 3494 2228 ,

1918 2248 1977 2289 se
2008 2238 2329 2306 praebituros
2347 2240 2611 2306 dicentes,
2646 2242 2849 2298 fontem
2904 2262 3412 2317 commemorantes,
3444 2264 3499 2309 ct

1918 2342 2013 2382 vas
2057 2338 2111 2382 et
2164 2338 2375 2399 tempus
2429 2345 2812 2401 opportunum,
2865 2337 3124 2407 pluraque
3198 2340 3502 2409 huiusmodi

1919 2419 1939 2489 (
1970 2436 2089 2475 nam
2116 2423 2158 2473 si
2190 2424 2366 2477 statim
2402 2437 2680 2495 negarent,
2713 2427 2764 2480 in
2785 2427 3019 2483 furorem
3047 2438 3099 2485 et
3130 2432 3329 2488 rabiem
3358 2435 3503 2504 ipsos

1920 2511 2248 2579 coniicerent
2276 2512 2294 2580 )
2325 2530 2339 2565 :
2371 2513 2442 2567 ita
2489 2524 2543 2568 et
2589 2530 2686 2571 nos
2736 2532 2856 2571 cum
2900 2522 3153 2587 pecunias
3204 2526 3504 2582 amantibus

1920 2618 2177 2672 agamus:
2226 2614 2424 2659 etcum
2463 2605 2715 2671 dixerint,
2771 2608 3111 2665 Divitesesse
3140 2614 3402 2679 volumus,
3437 2634 3505 2672 ne

1920 2695 2100 2749 statim
2130 2695 2369 2749 dicamus
2401 2696 2569 2749 malas
2586 2711 2707 2751 esse
2730 2697 2945 2753 divitias
2972 2716 2985 2765 ;
3017 2702 3107 2754 sed
3139 2708 3501 2761 assentiamur

1922 2794 1977 2841 et
2008 2786 2246 2840 dicamus
2290 2802 2387 2841 nos
2416 2789 2576 2841 etiam
2625 2790 2731 2844 hoc
2761 2792 2896 2846 velle
2922 2834 2935 2858 ,
2966 2794 3059 2848 sed
3088 2796 3141 2849 in
3189 2801 3507 2867 congruenti

1925 2888 2182 2947 tempore,
2215 2880 2309 2934 sed
2338 2880 2552 2935 divitias
2581 2896 2760 2948 veras,
2787 2883 2882 2937 sed
2913 2899 3005 2938 eas
3030 2902 3149 2955 quae
3180 2891 3506 2958 voluptatem

1924 2969 2157 3025 habeant
2184 2971 2564 3034 immortalem,
2588 2972 2684 3026 sed
2711 2987 2803 3026 eas
2828 2990 2947 3042 quas
2974 2976 3301 3046 colliguntur
3324 2980 3501 3046 nobis,

1927 3075 2033 3112 non
2090 3062 2225 3126 aliis,
2276 3076 2421 3130 saepe
2465 3073 2642 3116 autem
2675 3072 2728 3117 et
2764 3064 2992 3119 inimicis
3022 3084 3037 3131 ;
3066 3082 3128 3121 ac
3155 3068 3509 3140 philos0phian

1924 3148 2085 3202 verba
2116 3149 2166 3201 in
2196 3150 2429 3203 medium
2446 3151 2730 3226 aﬂ'eramus
2757 3170 2819 3208 ac
2842 3155 3101 3211 dicamus:
3125 3159 3239 3213 Non
3262 3162 3508 3229 iubemus

1926 3256 2032 3294 non
2061 3241 2253 3295 divites
2280 3256 2419 3311 esse,
2449 3244 2542 3297 sed
2571 3246 2708 3300 male
2734 3246 2926 3302 divites
2948 3264 3065 3305 esse
3090 3263 3330 3308 vetamus
3349 3274 3362 3311 :
3381 3259 3508 3313 licet

1926 3335 2066 3387 enim
2086 3332 2300 3387 divitem
2328 3350 2467 3399 esse,
2490 3336 2585 3389 sed
2614 3339 2728 3391 sine
2754 3340 2994 3399 avaritia,
3012 3342 3128 3397 sine
3147 3350 3327 3413 rapint
3350 3357 3405 3401 et
3427 3351 3499 3415 vi,

1927 3423 1997 3477 ita
2013 3434 2067 3476 ut
2081 3424 2219 3493 apud
2234 3440 2419 3480 omnes
2432 3428 2570 3481 male
2583 3428 2761 3483 audiat
2776 3430 2927 3485 dives
2940 3431 3262 3501 huiusmodi.
3283 3437 3374 3491 His
3390 3440 3510 3496 illos

1926 3514 2105 3569 verbis
2129 3516 2275 3583 prius
2297 3517 2581 3585 leniamus,
2600 3523 2827 3576 necdum
2849 3523 2916 3577 de
2930 3524 3173 3592 gehenna
3192 3527 3507 3597 loquamur:

1928 3622 2050 3660 nam
2070 3609 2159 3677 qui
2180 3617 2422 3678 aegrotat,
2446 3612 2568 3665 talia
2586 3613 2747 3667 verba
2771 3616 2949 3668 statim
2971 3632 3075 3669 non
3106 3619 3289 3673 ferret.
3321 3622 3513 3689 Quam-

1927 3698 2113 3771 obrem
2132 3715 2197 3753 ex
2222 3701 2577 3769 praesentibus
2608 3703 2691 3757 his
2711 3704 2778 3759 de
2798 3706 2959 3760 rebus
2981 3709 3141 3763 verba
3176 3710 3431 3768 faciamus
3458 3725 3512 3770 et

1929 3789 2166 3846 dicamus
2187 3810 2199 3844 :
2218 3791 2325 3846 Cur
2349 3808 2411 3847 ex
2444 3796 2663 3849 avaritia
2688 3798 2765 3850 vis
2778 3797 2963 3864 ditari,
2990 3812 3045 3852 ut
3070 3801 3190 3855 aliis
3212 3819 3401 3862 aurum
3418 3822 3510 3863 re-

1930 3883 2212 3951 condatur,
2233 3886 2326 3939 tibi
2350 3902 2479 3941 vcro
2497 3889 2791 3944 innumerae
2821 3892 2887 3943 im
2896 3893 3231 3959 precationes
3253 3905 3308 3950 et
3323 3900 3509 3955 crimi-

1931 3977 2209 4031 nationes?
2231 3987 2284 4032 et
2310 3980 2400 4048 qui
2431 3981 2535 4035 illis
2563 3983 2800 4050 privatus
2828 3993 2931 4046 est,
2962 3999 3025 4038 ex
3054 4001 3235 4040 rerum
3266 4004 3514 4046 necessa-

1931 4067 2128 4121 riarum
2168 4072 2389 4137 penuria
2419 4072 2757 4138 mordeatur,
2788 4074 2971 4141 einlet,
3004 4089 3393 4148 sescentosque
3422 4081 3512 4135 tibi

1931 4160 2165 4213 attrahat
2215 4172 2561 4216 accusatores
2591 4204 2606 4229 ,
2635 4175 2689 4218 et
2718 4164 3037 4219 adveniente
3078 4181 3295 4235 vespera
3323 4171 3511 4223 forum

1932 4252 2248 4319 circumeat,
2279 4262 2334 4307 et
2360 4256 2411 4308 in
2440 4256 2741 4325 angiportis
2765 4272 2955 4311 omnes
2984 4261 3291 4325 conveniat,
3322 4260 3515 4315 dubius

1934 4351 1988 4394 et
2012 4343 2219 4404 anxius,
2252 4358 2320 4397 ne
2346 4343 2412 4398 de
2442 4345 2781 4413 transigenda
2810 4347 3024 4416 quidem
3050 4359 3209 4402 nocte
3227 4350 3394 4403 fidere
3420 4366 3513 4403 au-

1933 4434 2093 4489 dens.
2123 4435 2402 4501 Quomodu
2420 4438 2558 4489 enim
2580 4437 2688 4505 iam
2717 4438 2968 4505 dormiet,
2994 4438 3118 4493 dum
3148 4441 3357 4495 mordet
3387 4457 3515 4495 ven-

1936 4533 2034 4589 ter,
2069 4526 2286 4595 ipseque
2312 4526 2524 4595 vigilat,
2558 4527 2720 4581 fames
2752 4529 2981 4593 obsidet,
3006 4529 3202 4598 ingruit
3224 4546 3364 4600 sape
3391 4533 3513 4599 gelu

1935 4627 1988 4671 et
2017 4617 2206 4685 pluvia:
2230 4618 2526 4670 decidunt?
2556 4618 2621 4671 Et
2645 4627 2696 4670 tu
2725 4619 2939 4686 quidem
2967 4635 3033 4674 ex
3066 4621 3256 4673 balneo
3304 4622 3517 4684 ablutus

1935 4707 2102 4771 redis,
2134 4707 2386 4760 mollibus
2431 4708 2659 4761 amictus
2702 4710 2961 4777 vestibus,
3018 4711 3169 4764 lzetus
3195 4720 3249 4765 et
3276 4713 3512 4781 gaudens

1936 4800 2003 4853 ad
2030 4800 2229 4853 lautam
2282 4815 2491 4855 cmnam
2545 4806 2814 4856 accurris:
2847 4802 2936 4856 ille
2958 4811 3137 4855 autem
3168 4818 3262 4873 per
3288 4804 3459 4861 forum
3487 4825 3517 4863 a

1937 4888 2133 4959 frigore
2156 4900 2210 4945 et
2238 4891 2376 4945 fame
2415 4907 2557 4957 sarpe
2586 4894 2770 4959 pulsus
2800 4892 3069 4956 circumit,
3100 4907 3270 4961 prono
3300 4898 3471 4967 capite
3500 4940 3515 4963 ,

1938 4999 2128 5037 manus
2154 4985 2481 5048 extendens;
2509 5000 2605 5037 nec
2630 5000 2739 5053 prae
2778 4993 2923 5037 metu
2953 4986 3116 5041 audet
3143 4990 3337 5043 satiato
3362 4999 3417 5044 et
3441 5006 3518 5045 re-

1938 5077 2205 5131 cnmbenti
2257 5074 2413 5128 verba
2455 5074 2693 5143 proferre
2746 5092 2843 5145 pro
2872 5076 3127 5132 alimento
3177 5082 3513 5148 necessario;

1940 5182 2084 5235 smpe
2112 5181 2237 5219 vero
2280 5166 2601 5220 contumelia
2631 5165 2856 5221 affectus
2898 5167 3143 5222 recessit.
3196 5168 3331 5224 Cum
3388 5188 3516 5243 ergo

1939 5256 2157 5311 domum
2188 5270 2437 5309 reversus
2465 5272 2543 5320 es,
2569 5272 2688 5311 cum
2714 5258 2765 5310 in
2795 5258 2934 5311 lecto
2960 5259 3229 5314 recumbis
3279 5276 3397 5315 cum
3427 5263 3515 5318 lux

1940 5345 2217 5414 splendida
2247 5345 2444 5414 ubique
2472 5347 2635 5418 fulget
2674 5348 2724 5400 in
2761 5347 2987 5413 :edibus,
3014 5362 3136 5403 cum
3160 5351 3300 5405 lauta
3331 5367 3513 5408 mensa

1939 5447 2120 5507 parata
2148 5446 2251 5503 est,
2292 5446 2407 5492 tum
2434 5439 2720 5493 recordare
2768 5438 2950 5492 miseri
2976 5449 3029 5494 et
3058 5440 3288 5495 infelicis
3332 5442 3476 5498 illius
3503 5486 3517 5507 ,

1940 5529 2051 5596 qui,
2082 5536 2139 5581 ut
2162 5542 2323 5583 canes
2352 5529 2547 5593 solent,
2577 5528 2637 5581 in
2651 5528 2969 5598 angiportis,
2996 5530 3049 5583 iu
3075 5531 3311 5585 tenebris
3332 5541 3385 5586 et
3406 5532 3517 5588 luto

1940 5620 2229 5674 circumit:
2273 5621 2651 5687 etiamsismpe
2682 5618 2808 5673 hinc
2860 5619 3035 5685 abeat,
3089 5634 3195 5674 non
3247 5620 3465 5676 domum
3497 5663 3515 5688 ,

1943 5728 2047 5769 non
2074 5710 2139 5769 ad
2168 5726 2392 5769 uxorem
2412 5738 2436 5781 ,-
2459 5710 2555 5768 sed
2579 5711 2631 5767 in
2657 5710 2785 5769 faeni
2813 5719 3060 5780 stratum,
3093 5721 3153 5768 ut
3172 5722 3229 5770 ct
3245 5727 3407 5771 canes
3432 5712 3513 5768 vi-
