4028 6208
3674 82 3679 93 t

540 339 612 395 95
1265 334 1321 386 ὃ.
1359 325 1636 384 JO.\NNIS
1671 319 2110 379 CilliYSOSTOM

2215 316 2504 374 iRClliEP.
2541 317 3080 379 CONSTANTINOP.
3742 340 3817 394 9t;

543 453 759 517 demus,
814 450 902 521 qui
932 463 1027 519 per
1054 455 1220 502 totam
1252 454 1464 499 noctem
1490 440 1662 497 rabidi
1694 440 1909 493 latrant.
1963 435 2030 490 Et
2072 442 2131 489 tu

540 542 758 612 quidem
786 541 832 595 si
863 555 1079 610 parvam
1106 537 1304 592 stillam
1334 534 1537 589 videris
1565 547 1597 586 e
1621 540 1763 585 tecto
1807 528 2081 598 delapsam
2108 568 2123 595 ,

542 642 709 687 totam
736 632 933 687 avertis
962 628 1213 695 domum,
1256 626 1481 681 famulos
1528 636 1756 685 vocans,
1786 622 1966 674 omnia
2006 634 2124 675 nm-

540 739 673 779 vens
701 742 715 777 :
748 724 838 780 ille
879 738 1014 778 vero
1053 722 1243 789 jacens
1272 720 1327 774 in
1356 719 1571 789 palmis,
1619 715 1764 771 [ωηο
1784 723 1840 770 et
1861 714 1974 768 into
1995 753 2010 779 ,
2039 712 2125 766 in-

540 830 674 885 gens
694 814 891 871 tolerat
910 807 1099 884 frigus.

610 907 665 963 6.
705 907 837 974 Quae
880 906 989 960 fera
1034 904 1121 958 bis
1164 918 1269 957 non
1305 901 1582 972 frangatur
1604 900 1807 965 rebus?
1843 898 1962 968 quis
1988 896 2124 950 adeo

535 1010 713 1051 sa-vus
751 1004 807 1051 et
850 994 1193 1057 inhumanus,
1244 992 1391 1047 hisce
1438 992 1598 1047 rebus
1640 1005 1746 1045 non
1793 988 2124 1042 mansuetior

536 1084 829 1142 reddatur?
862 1084 971 1143 Sed
995 1084 1221 1155 quidam
1254 1084 1319 1138 ad
1358 1092 1558 1138 tantam
1602 1082 1994 1136 immanitatem
2030 1079 2124 1133 de-

535 1186 815 1243 venerunt,
848 1188 908 1233 ut
932 1177 1116 1234 dicant
1146 1179 1291 1249 ipsos
1316 1177 1475 1247 digna
1504 1175 1631 1245 pati.
1671 1175 1807 1229 Cum
1846 1178 2131 1241 oporteret

532 1271 676 1326 enim
703 1270 983 1335 misereri,
1014 1268 1296 1340 lacrymari
1316 1309 1335 1335 ,
1362 1278 1416 1323 et
1441 1266 1801 1321 calamitatem
1831 1262 1986 1318 simul
2015 1261 2125 1315 sol-

532 1377 659 1417 vere
690 1378 704 1416 :
734 1360 809 1416 illi
838 1376 969 1416 vero
998 1361 1146 1431 ipsos
1176 1360 1541 1415 inhumaniter
1566 1366 1840 1413 accusant.
1872 1355 2017 1423 Quos
2051 1355 2121 1409 ii-

530 1452 721 1507 benter
746 1452 1136 1520 interrogarem
1157 1493 1174 1518 ,
1200 1452 1347 1516 Cur,
1377 1464 1585 1521 quasso,
1615 1448 1773 1519 digna
1804 1445 2123 1519 patiuntur?

529 1560 598 1598 an
626 1543 771 1614 quod
800 1543 873 1597 all
904 1544 1069 1598 velint
1092 1552 1148 1599 et
1172 1558 1280 1597 non
1309 1542 1451 1596 fame
1475 1540 1663 1596 eonlici
1683 1541 1708 1594 τ
1728 1539 1869 1605 Non,
1892 1538 2115 1606 inquiet,

528 1635 625 1692 sed
654 1635 780 1705 quia
809 1634 969 1691 otiosi
999 1642 1144 1690 sunt.
1177 1634 1258 1689 Tu
1289 1650 1417 1689 vero
1440 1647 1621 1687 annon
1654 1633 1856 1686 otiosus
1891 1630 2117 1685 delicia-

530 1726 640 1780 ris?
662 1725 802 1795 Quid
831 1737 960 1781 vero
978 1766 994 1790 ,
1024 1740 1206 1780 annon
1234 1740 1372 1795 opus
1413 1738 1559 1794 saepe
1585 1738 1805 1779 exerces
1833 1722 1945 1777 otio
1969 1722 2117 1777 omni

527 1818 763 1885 gravius,
802 1816 932 1871 dum
971 1816 1137 1885 rapis,
1184 1818 1290 1871 vim
1331 1814 1499 1870 infers
1532 1824 1591 1870 et
1618 1814 1855 1869 avaritia:
1892 1813 2119 1868 studes?

528 1908 717 1963 Melius
738 1916 887 1963 esset
911 1908 958 1963 si
987 1916 1047 1962 tu
1074 1921 1291 1977 quoque
1317 1906 1445 1961 huic
1475 1914 1529 1961 te
1556 1905 1783 1961 dederes
1811 1906 1921 1960 otio
1948 1923 1961 1959 :
1994 1921 2117 1960 nam

528 1998 599 2052 ita
639 1997 798 2053 otiari
842 1998 1037 2054 melius
1072 2007 1176 2063 est,
1223 2011 1383 2067 quam
1420 1998 1659 2053 avaritia:
1698 1996 1934 2052 studere.
1962 1996 2117 2052 Nunc

526 2099 707 2144 autem
734 2085 928 2144 alienis
950 2089 1116 2144 etiam
1141 2087 1371 2144 insultas
1389 2086 1805 2155 mlamitatibus,
1828 2104 1933 2143 non
1955 2087 2117 2143 modo

527 2179 578 2233 in
608 2180 719 2235 otio
742 2178 964 2249 degens,
994 2193 1095 2234 nec
1124 2179 1286 2233 modo
1310 2194 1448 2248 opus
1484 2178 1806 2251 aggrediens
1846 2180 1957 2233 otio
1995 2194 2114 2249 gra-

526 2273 664 2339 vius,
712 2269 809 2327 sed
851 2270 1013 2326 etiam
1045 2270 1099 2325 in
1139 2271 1354 2326 miseria
1382 2270 1641 2341 degentes
1668 2284 1945 2326 accusans.
1980 2270 2113 2340 Ipsis

522 2376 737 2432 quoque
785 2372 1068 2416 narremus
1123 2360 1329 2415 alienas
1380 2362 1746 2427 calamitates,
1801 2361 2115 2416 immaturas

522 2453 800 2517 orbitates,
829 2466 925 2507 eos
952 2450 1042 2521 qui
1086 2450 1140 2506 in
1169 2466 1385 2506 carcere
1412 2451 1631 2522 degunt,
1663 2467 1759 2507 eos
1793 2452 1881 2522 qui
1909 2451 2113 2507 discer-

525 2552 722 2612 puntur
746 2542 800 2597 in
820 2540 1037 2613 jndiciis
1056 2584 1071 2606 ,
1103 2556 1198 2597 eos
1223 2543 1311 2613 qui
1339 2543 1407 2599 de
1434 2545 1537 2599 vita
1569 2544 1776 2608 timent,
1809 2544 2111 2613 inopinatas

522 2634 807 2688 mulierum
834 2632 1138 2696 viduitates,
1166 2635 1476 2701 repentinas
1504 2635 1730 2688 divitum
1762 2635 2106 2701 mutationes,

518 2736 572 2780 ct
599 2725 700 2780 boc
726 2732 869 2780 metu
898 2739 1086 2779 eorum
1116 2724 1327 2777 animos
1356 2724 1681 2779 molliamus.
1710 2724 1842 2780 Nam
1873 2741 1969 2796 per
1989 2725 2109 2781 illas

518 2818 721 2871 alienas
762 2815 1095 2869 narrationes
1133 2814 1476 2870 suadebimus
1508 2816 1646 2883 illis,
1679 2825 1738 2871 ut
1763 2816 1951 2871 eadem
1993 2819 2105 2887 ipsa

517 2904 631 2965 sibi
650 2909 886 2963 timeant.
912 2906 1045 2962 Cum
1073 2907 1216 2961 enim
1244 2906 1532 2971 audierint,
1560 2906 1857 2977 cujuspiam
1883 2908 2029 2962 avari
2052 2917 2109 2963 et

517 2998 748 3071 raptoris
774 2998 940 3054 ﬁlium
962 3038 979 3063 ,
1006 2998 1304 3067 cujuspiam
1331 2998 1422 3068 qui
1452 2998 1621 3052 multa
1650 2999 1931 3068 tyrannice
1958 2999 2105 3055 lece-

517 3101 601 3148 rat
628 3098 1012 3160 uxorem,post
1036 3098 1263 3144 mortem
1296 3088 1539 3159 conjugis
1568 3090 1847 3146 innumera
1892 3105 2105 3161 passam

517 3199 637 3240 esse
664 3183 822 3250 maia,
844 3197 965 3237 cum
994 3182 1029 3236 ii
1059 3182 1149 3253 qui
1176 3180 1372 3251 injuste
1398 3181 1508 3235 lzesi
1532 3180 1763 3247 fuerant,
1802 3184 1854 3237 in
1880 3198 2102 3237 uxorem

516 3283 571 3327 et
589 3271 729 3327 illios
751 3271 1055 3336 irruissent,
1080 3280 1136 3327 et
1152 3285 1439 3327 commune
1458 3272 1655 3327 bellum
1676 3280 1863 3327 contra
1885 3272 2103 3327 domum

520 3362 663 3417 illius
691 3360 925 3431 undique
952 3362 1240 3416 excitatum
1272 3370 1415 3417 esset
1446 3380 1461 3416 ε
1488 3363 1699 3418 etiamsi
1727 3364 1960 3418 maxime
1981 3378 2103 3419 om-

520 3451 665 3505 nium
705 3465 868 3506 sensu
897 3449 1186 3506 destitutus
1211 3450 1317 3515 sit,
1349 3463 1669 3521 exspectans
1692 3460 1871 3507 tamen
1895 3468 1955 3508 se
1982 3452 2101 3507 talia

519 3558 796 3612 passurum
815 3583 831 3607 ,
860 3552 916 3598 et
954 3542 1065 3597 suis
1095 3543 1289 3598 timens
1316 3560 1383 3598 ne
1411 3542 1604 3598 similia
1632 3546 1932 3615 patiantur,
1966 3554 2103 3599 tem-

518 3634 792 3701 perantior
843 3635 966 3689 erit.
1017 3632 1151 3689 Tota
1196 3636 1301 3689 vita
1352 3645 1534 3690 nostra
1596 3636 1789 3691 talibus
1843 3637 2103 3706 exemplis

518 3726 701 3780 multis
743 3724 898 3795 plena
928 3733 1049 3791 est,
1082 3739 1183 3779 nec
1210 3726 1424 3780 deﬁciet
1467 3726 1624 3781 nobis
1667 3726 1753 3782 hic
1798 3727 2101 3797 corrigendi

517 3815 727 3871 modus.
751 3815 887 3871 Cum
916 3822 1095 3870 autem
1128 3814 1243 3869 haec
1268 3816 1494 3870 dicimus
1516 3857 1533 3883 ,
1558 3833 1665 3871 non
1693 3818 1846 3889 quasi
1872 3819 2102 3873 suaden-

518 3920 601 3961 tes
630 3904 711 3960 vel
736 3906 890 3976 quasi
918 3905 1263 3961 consulentes
1293 3904 1409 3960 haec
1434 3906 1675 3961 dicamus
1693 3948 1710 3972 ,
1738 3922 1805 3962 ne
1826 3908 2103 3963 molestior

2240 434 2308 488 sit
2332 435 2525 499 oratio,
2558 436 2655 491 sed
2678 438 2728 491 id
2760 448 3028 510 tamquam
3056 446 3414 501 narrationem
3444 448 3805 519 proferamus;

2228 536 2282 581 et
2312 542 2375 581 ex
2403 527 2504 581 alia
2540 533 2927 601 consequentia
2955 534 3022 589 ad
3048 536 3277 591 similem
3307 553 3526 608 semper
3543 544 3803 596 narratio.

2228 632 2351 671 nem
2380 619 2655 675 veniamus
2677 661 2693 687 ,
2723 637 2788 675 ac
2812 622 3123 693 frequenter
3144 628 3227 685 eis
3259 630 3381 683 talia
3419 632 3661 703 exempla
3692 650 3806 701 pro-

2228 724 2509 777 ponamus,
2563 728 2670 768 non
2719 716 3079 773 concedentes
3126 729 3186 775 ut
3230 720 3334 775 alia
3382 739 3538 792 quam
3585 726 3700 781 hme
3729 727 3811 780 lo-

2227 814 2459 870 quantur
2482 822 2495 858 :
2519 805 2800 873 Quomodo
2824 808 2984 878 hujus
3004 811 3196 867 dosnus
3219 816 3493 885 splendida
3516 828 3570 871 et
3592 818 3807 877 illustris

2227 895 2525 961 corruerit;
2566 899 2837 967 quomodo
2877 901 2947 955 ita
2975 900 3192 959 deserta
3222 905 3326 972 sit,
3370 916 3427 961 ut
3470 910 3633 976 ipsius
3672 911 3807 965 bona

2226 983 2402 1036 omnia
2460 984 2517 1039 in
2560 985 2786 1042 aliorum
2832 1005 3020 1046 manus
3063 994 3393 1062 inciderint;
3438 1009 3565 1067 quot
3608 1000 3806 1068 judicia

2226 1075 2461 1143 quotidie
2485 1076 2554 1132 de
2582 1077 2669 1133 his
2698 1079 3035 1139 facultatibus
3057 1095 3182 1141 sunt
3205 1092 3488 1144 constituta
3510 1133 3526 1156 ,
3553 1104 3680 1162 quot
3711 1110 3806 1147 ne:-

2223 1166 2364 1233 gotia
2390 1182 2405 1231 ;
2434 1180 2562 1236 quot
2599 1186 2665 1224 ex
2700 1170 2918 1229 famulis
2944 1174 3089 1232 illius
3108 1179 3197 1232 alii
3226 1183 3568 1239 emendicant
3592 1227 3606 1249 ,
3636 1186 3725 1239 alii
3755 1189 3806 1241 in

2224 1270 2440 1311 carcere
2459 1261 2695 1315 conclusi
2718 1264 2911 1317 mortui
2940 1276 3085 1321 sunt.
3121 1268 3188 1323 Et
3217 1269 3538 1329 hec'omuia
3568 1276 3808 1331 dicamus

2223 1348 2374 1416 quasi
2420 1349 2663 1419 ingentes
2707 1369 2852 1421 eum,
2902 1358 2991 1426 qui
3035 1375 3100 1415 ex
3149 1360 3251 1417 hac
3296 1364 3402 1418 vita
3443 1367 3706 1437 migravit,
3751 1379 3808 1425 et

2222 1442 2371 1510 quasi
2416 1445 2700 1511 praesentia
2741 1445 3139 1518 despicientes;
3171 1462 3227 1507 ut
3255 1462 3309 1509 et
3340 1453 3615 1514 timore-et
3642 1461 3799 1515 mise-

2221 1532 2450 1587 ricordia
2478 1536 2817 1593 emoliiamns
2845 1540 3108 1597 immitem
3137 1543 3288 1599 illum
3312 1547 3570 1602 animum.
3599 1550 3804 1605 Etcum

2222 1624 2342 1679 illos
2386 1625 2683 1681 viderimus
2740 1628 2825 1683 his
2870 1635 3264 1691 narrationibus
3308 1636 3632 1707 depressos,
3678 1651 3806 1698 tunc

2220 1713 2436 1769 demum
2480 1717 2587 1771 illis
2624 1718 2692 1772 de
2727 1718 2973 1787 gehenna
3002 1736 3308 1782 sermonem
3338 1728 3628 1784 inferamus
3649 1772 3664 1793 ,
3696 1746 3803 1787 non

2222 1813 2488 1875 tamquam
2509 1807 2631 1861 illos
2653 1818 2939 1872 terrentes,
2962 1810 3058 1866 sed
3084 1825 3144 1867 ut
3166 1815 3307 1871 alios
3332 1820 3800 1882 comminantes:

2218 1902 2273 1949 et
2291 1893 2530 1951 dicamus
2555 1914 2569 1948 τ
2594 1896 2664 1951 Et
2685 1900 2809 1968 quid
2840 1910 3051 1969 oportet
3076 1902 3261 1960 dicere
3287 1909 3601 1975 praemia?
3630 1926 3803 1980 neque

2218 1984 2361 2041 enim
2405 1998 2589 2043 nostra
2628 1988 2713 2045 his
2749 2002 2875 2046 sunt
2915 1993 3175 2050 iiuiitibus
3218 1996 3664 2069 cimumscripta;
3707 2003 3799 2056 sed

2215 2077 2429 2147 gravius
2454 2080 2773 2149 supplicium
2801 2082 2938 2138 tales
2963 2082 3209 2141 homines
3235 2088 3495 2157 excipiet,
3524 2102 3580 2146 et
3608 2091 3802 2147 liuvins

2217 2167 2404 2238 igneus
2427 2182 2482 2225 et
2506 2172 2702 2227 vermis
2721 2188 3025 2229 vensnosus
3040 2185 3096 2231 et
3122 2178 3354 2234 tenebrat
3376 2180 3802 2239 iuterminabiles

2215 2268 2276 2314 et
2295 2261 2553 2331 supplicia
2590 2263 2929 2318 inmortalia.
2958 2264 3015 2340 Si
3043 2265 3127 2321 his
3158 2267 3279 2324 illos
3307 2268 3646 2327 incantemus
3673 2290 3799 2328 nar-

2215 2353 2545 2418 rationibus,
2575 2362 2632 2408 et
2668 2369 2777 2408 nos
2808 2356 3035 2424 ipsoset
3077 2357 3199 2413 illos
3233 2360 3602 2429 conigemns,
3641 2376 3802 2435 atque

2213 2443 2285 2499 ab
2311 2444 2625 2514 aegritudine
2652 2445 2761 2499 cito
2786 2446 3154 2512 liberabimus,
3187 2449 3241 2503 in
3270 2450 3467 2521 dieque
3495 2454 3585 2509 illo
3617 2455 3800 2509 lauda-

2214 2546 2387 2593 torem
2414 2537 2580 2591 Deum
2606 2537 2947 2603 habebimus,
2978 2549 3111 2595 utet
3136 2541 3330 2598 Paulus
3350 2544 3370 2576 ⁸
3398 2544 3565 2601 dicit:
3590 2546 3657 2602 Et
3681 2558 3804 2602 tunc

2213 2630 2331 2684 laus
2355 2630 2448 2683 erit
2474 2630 2789 2699 unicuique
2811 2629 2939 2684 Deo.
2971 2631 3113 2687 Laus
3146 2635 3289 2689 enim
3317 2651 3437 2705 qnte
3465 2638 3533 2692 ab
3560 2639 3796 2695 hominis

2212 2723 2313 2777 bus
2333 2723 2594 2792 procedit,
2626 2732 2682 2776 et
2706 2722 2897 2777 difﬂuit
2925 2732 2981 2777 et
3008 2725 3294 2795 aliquando
3318 2743 3429 2783 non
3455 2744 3487 2783 a
3516 2730 3657 2785 bono
3680 2734 3797 2785 ani—

2213 2828 2303 2867 mo
2344 2812 2700 2882 proﬁciscitur
2732 2829 2745 2864 :
2777 2828 2895 2881 qua:
2934 2822 3115 2868 autem
3155 2830 3188 2869 a
3233 2816 3345 2871 Deo
3387 2828 3499 2883 est,
3521 2829 3578 2875 et
3619 2834 3800 2878 manet

2213 2890 2469 2971 perpetuo
2512 2912 2568 2955 et
2609 2904 2754 2956 clare
2796 2903 3063 2971 splendet.
3109 2906 3337 2972 Quando
3379 2911 3521 2964 enim
3570 2911 3655 2975 is,
3703 2916 3797 2983 qui

2210 2994 2388 3047 omnia
2418 2993 2562 3045 novit
2588 3000 2878 3062 antequam
2910 2993 3039 3047 tiant
3062 3006 3115 3050 et
3144 2996 3213 3051 ab
3238 2998 3387 3051 omni
3417 3001 3664 3068 passione
3705 3020 3788 3058 va-

2209 3098 2342 3138 cuus
2365 3092 2467 3149 est,
2503 3084 2717 3150 laudat;
2747 3093 2871 3140 tunc
2900 3085 3193 3141 indubitata
3220 3096 3302 3143 est
3332 3091 3541 3145 virtutis
3568 3092 3796 3148 demon-

2209 3174 2418 3228 stratio.
2446 3174 2571 3228 Haec
2596 3191 2726 3244 ergo
2754 3190 2877 3231 cum
2902 3179 3137 3231 sciamus
3162 3218 3179 3241 ,
3212 3178 3337 3234 talia
3366 3176 3651 3250 operemur
3679 3195 3735 3239 ut
3762 3203 3796 3240 a

2210 3265 2322 3320 Deo
2348 3265 2647 3329 laudemur,
2674 3274 2734 3320 et
2757 3267 2986 3320 maxima
3014 3282 3408 3337 consequamur
3436 3272 3574 3327 bona
3618 3292 3632 3330 :
3676 3292 3797 3345 quas

2208 3359 2414 3411 utinam
2447 3371 2549 3411 nos
2566 3372 2755 3411 omnes
2784 3357 3166 3426 adipiscamur,
3190 3362 3362 3430 gratia
3388 3370 3444 3417 et
3470 3363 3799 3435 benignitate

2210 3447 2420 3504 Domini
2459 3449 2627 3502 nostri
2671 3448 2794 3502 Jesn
2838 3449 3067 3515 Christi,
3112 3451 3331 3519 quicum
3391 3453 3530 3507 Patri
3586 3471 3798 3526 unaque

2206 3542 2427 3611 Spiritui
2450 3550 2636 3595 sancto
2655 3540 2846 3610 gloria,
2870 3542 3172 3610 imperium,
3196 3542 3389 3611 honor,
3410 3562 3550 3603 nunc
3569 3557 3624 3603 et
3649 3564 3795 3605 sem.-

2209 3650 2305 3705 per
2326 3675 2343 3702 ,
2387 3644 2443 3689 et
2468 3634 2522 3691 in
2551 3633 2757 3689 sacula.
2775 3634 3117 3688 somniorum.
3147 3636 3343 3692 Amen.

2272 3859 2287 3891 ί
2323 3856 2488 3907 Morel.
2786 3853 2881 3906 cito
2902 3852 3232 3914 liberabimus,
3255 3860 3306 3904 ut
3325 3861 3373 3906 et
3394 3856 3797 3918 mirummisais

2209 3919 2526 3981 interpositis.

1906 4133 2251 4195 HOMILIA
2291 4132 2439 4195 XII.

513 4273 643 4329 Car.
674 4274 728 4328 4.
751 4288 805 4326 v.
834 4272 887 4327 6.
922 4272 1048 4328 Hinc
1072 4283 1271 4339 autem,
1300 4278 1516 4346 fratres,
1546 4276 1904 4347 transﬁgurari
1929 4278 1983 4330 in
2021 4293 2103 4330 ms

591 4376 638 4419 et
666 4364 853 4435 Apollo
882 4377 1089 4436 propter
1118 4382 1223 4429 uos,
1255 4376 1310 4420 ut
1339 4368 1394 4420 in
1422 4366 1565 4421 nobis
1592 4367 1799 4421 discetis
1827 4383 1929 4421 non
1959 4368 2097 4436 plus,

586 4470 739 4523 quam
764 4454 1009 4519 scriptum
1032 4466 1128 4525 est,
1156 4472 1353 4525 sapere.

588 4546 640 4599 l.
671 4543 940 4613 Quamdiu
966 4545 1208 4601 molestis
1243 4548 1555 4620 asperisque
1591 4547 1773 4604 verbis
1797 4563 1933 4620 opus
1960 4548 2061 4604 fuit
2081 4590 2099 4617 ,

515 4652 733 4693 scenam
785 4650 893 4690 non
942 4636 1185 4705 aperuit;
1231 4640 1325 4692 sed
1360 4654 1424 4694 ac
1448 4641 1495 4695 si
1546 4640 1661 4712 ipse
1686 4649 1830 4697 esset
1854 4639 1945 4711 qui
1986 4640 2103 4697 hac

514 4727 742 4792 audiret,
771 4726 851 4783 sic
877 4726 1229 4799 loquebatur,
1260 4735 1319 4781 ut
1342 4729 1573 4799 dignitas
1600 4746 1950 4801 personarum
1979 4747 2101 4803 qua

515 4819 903 4876 accusabantur
922 4820 1195 4876 obsistens
1213 4823 1610 4888 accusantibus,
1640 4840 1745 4879 non
1766 4825 2101 4896 permitteret

517 4910 584 4965 ad
616 4910 747 4965 iram
772 4912 1102 4967 commoveri
1137 4931 1151 4967 :
1182 4928 1304 4967 cum
1334 4898 1514 4968 autiam
1543 4923 1818 4984 oporteret
1845 4916 2100 4987 deinceps

516 5000 715 5070 aliquid
746 5004 1020 5058 remittere
1042 5044 1060 5071 ,
1090 5012 1219 5058 tunc
1244 5004 1415 5073 posita
1440 5003 1586 5057 larva
1606 5044 1623 5070 ,
1651 5004 1946 5059 occultatas
1975 5022 2099 5075 per-

515 5106 678 5147 sonas
703 5094 935 5147 ostendit
963 5095 1171 5163 prolato
1210 5093 1363 5149 Pauli
1389 5102 1444 5149 et
1479 5093 1673 5164 Apollo
1703 5096 1939 5150 nomine.
1975 5094 2101 5151 ideo

515 5183 771 5237 diccbat:
806 5179 930 5235 Hoc
953 5194 1156 5252 ouem,
1182 5179 1406 5247 fratres,
1438 5184 1797 5254 transﬁgurari
1833 5183 1888 5237 in
1932 5200 2012 5238 me
2051 5193 2100 5239 et

516 5273 723 5342 Apollo.
774 5272 839 5327 Et
865 5274 1001 5328 sicut
1036 5274 1091 5329 in
1130 5276 1551 5347 argrotantihus,
1598 5275 1813 5345 quando
1843 5276 2099 5342 puerulus

516 5381 659 5435 a'ger
683 5365 921 5420 calcibus
947 5363 1090 5432 ferit,
1117 5377 1174 5422 et
1198 5378 1479 5423 aversatur
1503 5366 1656 5437 cibos
1681 5366 1773 5435 qui
1801 5365 2101 5421 offeruntur

514 5474 545 5512 a
575 5458 818 5523 medicis,
843 5458 1160 5513 advocatum
1189 5474 1394 5531 patrem
1427 5460 1511 5515 vel
1538 5459 1886 5531 paedagogum
1906 5497 1923 5524 ,
1954 5458 1987 5513 ii
2010 5459 2099 5529 qtti

517 5549 777 5618 assident,
800 5550 993 5620 jubent
1022 5565 1087 5604 ex
1121 5552 1313 5606 medici
1354 5568 1516 5607 manu
1555 5551 1803 5620 accipere
1826 5592 1842 5615 ,
1869 5557 1925 5606 et
1950 5550 2114 5605 cibos

518 5639 746 5708 all‘crre,
788 5654 845 5699 ut
882 5658 950 5700 ex
1000 5644 1194 5697 timore
1239 5644 1474 5713 ipsorum
1529 5645 1679 5716 pueri
1733 5642 1997 5713 accipiant
2046 5652 2101 5696 et

520 5730 797 5801 quiescant
825 5752 839 5788 :
869 5736 947 5792 sic
972 5745 1025 5792 et
1069 5734 1265 5792 Paulus
1302 5749 1423 5791 cum
1451 5752 1548 5806 pro
1564 5737 1693 5792 aliis
1717 5744 1862 5791 esset
1887 5749 2104 5791 accusa-

2207 4286 2381 4343 turus,
2420 4276 2527 4333 illis
2570 4278 2786 4349 quidem
2832 4278 3007 4348 utqui
3045 4278 3237 4350 injuria
3281 4279 3661 4348 afﬁcerentur,
3708 4283 3794 4339 his

2207 4385 2336 4424 vero
2362 4379 2420 4425 ut
2461 4370 2551 4441 qni
2597 4384 2760 4440 supra
2808 4370 3027 4425 modum
3073 4370 3501 4437 bonorarentur,
3534 4387 3792 4442 personas

2205 4460 2420 4531 quidem
2441 4477 2629 4517 eorum
2652 4476 2758 4515 non
2784 4461 3025 4532 protulit,
3042 4460 3138 4515 sed
3160 4475 3260 4516 suo
3280 4470 3337 4517 et
3360 4462 3551 4531 Apollo
3572 4467 3794 4523 nomine

2205 4564 2511 4607 sermonem
2532 4551 2796 4618 adhibuit,
2822 4561 2879 4605 ut
2902 4564 3000 4606 eos
3026 4550 3265 4616 reveriti,
3294 4549 3613 4608 medicinam
3643 4557 3791 4611 acci-

2206 4651 2399 4711 pereut
2426 4660 2439 4697 :
2471 4653 2753 4714 postquam
2798 4652 2977 4699 autem
3026 4652 3387 4712 acceperunt,
3417 4652 3543 4702 tunc
3567 4647 3794 4704 demum

2204 4732 2418 4802 aperuit
2448 4734 2516 4789 de
2559 4735 2879 4806 quibusnam
2926 4733 3044 4788 haec
3085 4733 3414 4803 loqueretur.
3457 4736 3583 4793 Haec
3608 4750 3791 4795 autem

2206 4840 2315 4878 non
2344 4824 2618 4879 simulatio
2644 4833 2797 4880 erant
2818 4866 2835 4892 ,
2862 4824 2959 4881 sed
2986 4825 3365 4894 attemperatio
3386 4834 3443 4881 et
3462 4823 3791 4886 meonomia.

2205 4913 2336 4968 Nam
2366 4914 2411 4967 si
2436 4923 2625 4983 aperte
2653 4915 2923 4980 dixisset,
2950 4914 3105 4968 Viros
3129 4922 3346 4970 sanctos
3371 4927 3426 4972 et
3448 4918 3792 4977 admirabiles

2205 5003 2468 5071 iudicatis,
2494 5003 2547 5058 id
2569 5013 2715 5060 certe
2737 5019 2881 5075 agro
2904 5004 3152 5057 tulissent
3170 5011 3226 5057 et
3247 5005 3571 5064 resiliissent
3604 5028 3618 5065 :
3647 5025 3794 5065 nunc

2204 5110 2333 5149 vero
2375 5109 2496 5149 cum
2525 5094 2785 5159 dixisset,
2826 5092 2958 5147 lli/ii
2987 5103 3155 5146 autem
3181 5109 3275 5162 pro
3301 5096 3510 5152 minimo
3552 5111 3624 5155 est
3667 5112 3721 5153 nt
3759 5120 3798 5156 α

2201 5187 2339 5240 vobis
2355 5186 2662 5257 jadicer;et
2682 5200 2917 5248 rursum,
2943 5184 3070 5251 Quis
3085 5194 3157 5238 est
3179 5184 3376 5242 Paulus
3390 5188 3543 5257 .’quis
3564 5191 3748 5260 Apollo
3774 5208 3798 5244 :

2203 5277 2589 5347 acceptabilem
2648 5278 2949 5330 orationem
3008 5272 3205 5330 ell'ecit.
3255 5276 3545 5348 Propterea
3605 5279 3789 5332 dixit:

2207 5368 2332 5421 Hac
2355 5380 2523 5423 αιιειη
2552 5369 2606 5419 in
2636 5382 2716 5420 me
2741 5366 3101 5436 transﬁgarooi
3123 5377 3332 5438 propter
3357 5383 3464 5433 sos,
3492 5377 3549 5421 stt
3572 5368 3625 5420 in
3647 5366 3793 5420 nobis

2203 5462 2411 5515 discetis
2436 5478 2537 5515 non
2565 5457 2682 5526 plus
2709 5473 2860 5527 quam
2886 5460 3130 5528 scriptum
3158 5468 3232 5513 est
3255 5472 3471 5530 sapere;
3497 5455 3790 5512 ostendens

2203 5552 2345 5622 quod
2373 5553 2418 5606 si
2442 5552 2509 5606 de
2537 5551 2643 5604 illis
2671 5548 2832 5602 verba
2859 5547 3090 5615 iecisset,
3122 5564 3227 5604 non
3250 5548 3563 5609 didicissent
3583 5561 3645 5600 ea
3666 5562 3789 5617 quas

2206 5643 2415 5696 discere
2441 5640 2761 5710 oportebat,
2796 5652 2970 5708 neque
2996 5640 3387 5694 correctionem
3413 5636 3788 5706 accepissent,

2208 5750 2272 5791 ca
2315 5750 2435 5805 quae
2477 5732 2797 5788 dicebantur
2841 5731 3068 5787 moleste
3109 5729 3359 5790 ferentes.
3406 5728 3557 5785 Nunc
3602 5736 3789 5788 autem
