4028 6208
266 351 332 407 97
1288 339 1350 393 [Ν
1390 337 1605 394 EPIST.
1647 337 1664 389 ι
1736 334 1827 388 AD

1961 333 2035 388 lR.
2075 333 2306 390 HOMIL.
2349 334 2463 389 ΧΠ.
3460 344 3526 401 03

269 465 490 522 Paulum
521 473 573 519 et
599 463 805 517 socium
843 468 1180 520 reverentes,
1214 456 1368 509 facile
1399 454 1726 506 admiserunt
1757 449 1840 503 in-

268 558 650 626 crepationem.
694 551 831 618 Quid
872 560 1051 605 autem
1101 549 1203 601 sibi
1231 547 1344 600 vult
1387 544 1538 609 illud,
1583 542 1701 595 Non
1732 543 1844 608 plus

267 663 418 717 quant
447 646 689 712 scriptum
730 652 804 697 est
836 659 1013 711 sapere
1033 642 1058 693 .9
1083 641 1362 707 Scriptum
1393 646 1474 691 est
1502 655 1514 688 :
1548 635 1683 698 Quid
1709 634 1845 685 vides

268 741 508 807 festucam
539 735 592 787 in
632 732 780 787 oculo
817 733 991 802 fratris
1031 733 1150 792 tui;
1190 729 1377 781 trabem
1408 735 1592 788 autem,
1637 740 1749 791 qua:
1795 725 1847 774 in
1890 760 1897 766 .

267 829 410 881 oculo
452 837 536 878 tuo
579 836 678 889 est,
723 842 822 877 non
865 822 1153 876 consideras
1193 820 1403 889 (Matth.
1451 819 1502 871 7.
1545 818 1595 869 5.
1630 815 1725 882 1)?
1755 826 1802 868 el
1827 855 1842 879 ,

268 915 445 970 Nolite
461 916 730 984 judicare,
761 923 817 966 ut
856 930 955 966 non
973 912 1295 980 judicemini.
1329 910 1460 962 Nam
1490 907 1530 959 si
1562 921 1721 958 unum
1751 920 1844 956 su-

268 1026 383 1063 mus
413 1019 464 1062 et
497 1022 596 1061 una
628 1006 883 1074 colligati,
916 1021 1020 1058 non
1048 1013 1259 1070 oportet
1285 1013 1470 1054 contra
1500 1013 1596 1051 nos
1620 998 1845 1049 invicem

268 1099 562 1167 insurgere.
597 1099 695 1162 Qui
732 1099 862 1149 enim
901 1113 951 1149 se
981 1094 1249 1159 humiliat,
1297 1091 1499 1159 inquit,
1548 1088 1850 1140 cxaitabitur

266 1189 481 1256 (ilatth.
510 1188 601 1243 ‘25.
634 1187 722 1256 1?.)
744 1195 862 1249 ζει,
900 1184 997 1248 Qui
1025 1186 1128 1236 vult
1154 1185 1345 1250 primus
1370 1195 1477 1231 esse
1502 1178 1748 1240 omnium,
1782 1177 1848 1228 sit

268 1281 494 1332 onmium
539 1279 765 1330 minister
797 1276 988 1346 (Marc.
1032 1274 1116 1329 10.
1168 1274 1277 1341 45).
1314 1271 1435 1324 Haec
1477 1278 1601 1323 sunt
1642 1285 1702 1321 ea
1732 1284 1848 1337 qua:

268 1373 472 1439 scripta
501 1379 646 1428 sunt.
680 1368 764 1421 Ne
801 1385 932 1421 unus
977 1383 1068 1436 pro
1098 1381 1197 1417 uno
1222 1364 1428 1431 inﬂetur
1457 1363 1696 1416 adversus
1725 1363 1849 1414 atte-

269 1480 401 1516 rum.
436 1462 662 1516 Rursum
692 1460 869 1514 missis
895 1457 1226 1518 doctoribus,
1254 1454 1546 1522 discipulos
1574 1454 1846 1520 increpat:

270 1554 346 1606 illi
389 1555 532 1607 enim
563 1561 717 1606 erant
755 1550 843 1618 qui
893 1550 990 1601 hos
1019 1545 1370 1600 extollebant.
1415 1543 1662 1612 Alioquin
1690 1543 1851 1596 etiam

270 1644 540 1711 principes
566 1657 670 1694 non
706 1640 856 1693 facile
885 1638 1041 1692 talem
1069 1636 1411 1690 admisissent
1439 1633 1755 1694 orationem,
1787 1647 1853 1686 eo

270 1735 408 1804 quod
433 1743 712 1787 externam
734 1732 958 1802 gloriam
985 1739 1244 1800 cuperent
1272 1747 1283 1779 :
1315 1729 1415 1781 hoc
1439 1728 1636 1795 quippe
1664 1726 1854 1778 morbo

271 1825 530 1878 excarcati
577 1833 733 1878 erant
767 1841 779 1876 :
811 1822 910 1891 ipsi
949 1837 1078 1876 vero
1114 1821 1280 1888 gloria
1316 1835 1419 1872 non
1450 1818 1686 1871 fruentes
1710 1858 1724 1881 ,
1759 1816 1854 1870 sed

272 1915 414 1970 illam
443 1916 564 1968 aliis
598 1915 906 1984 praebentes
927 1953 942 1977 ,
976 1922 1029 1965 et
1059 1911 1267 1963 facilius
1309 1908 1728 1962 admonitionem
1772 1915 1856 1960 tu—

271 2003 498 2069 lissent,
546 2015 601 2058 et
646 2005 880 2073 aptiores
925 2001 991 2054 ad
1038 2000 1284 2054 murbnm
1337 1998 1658 2052 solvendum
1703 2006 1857 2050 erant

274 2111 430 2167 quam
461 2095 749 2163 principes.
785 2093 927 2160 Ergo
953 2090 1112 2144 etiam
1145 2090 1245 2142 hoc
1283 2098 1367 2141 est
1395 2088 1589 2148 inﬂari,
1628 2102 1726 2156 pro
1753 2088 1857 2139 alio

277 2185 495 2251 extolli,
527 2185 736 2238 etiamsi
769 2183 818 2235 in
849 2182 1008 2248 rebus
1037 2182 1147 2234 suis
1175 2179 1276 2234 hoc
1300 2178 1457 2232 alicui
1488 2194 1592 2232 non
1626 2178 1853 2232 accidat.

274 2275 421 2330 Sicut
448 2276 590 2329 enim
626 2275 690 2338 is,
721 2275 810 2343 qui
838 2273 905 2326 de
935 2271 1124 2325 alienis
1164 2269 1385 2324 eﬂ'ertur
1410 2270 1576 2331 vitiis,
1607 2284 1671 2320 ex
1699 2282 1857 2320 arro-

273 2366 446 2436 gantia
495 2367 595 2419 hoc
639 2364 809 2420 facit:
842 2366 913 2418 ita
958 2362 1117 2417 etiam
1164 2362 1252 2429 qui
1291 2360 1358 2416 de
1404 2359 1573 2429 gloria
1615 2357 1854 2411 alterius.

275 2460 440 2514 liecte
466 2445 645 2514 autem
676 2457 1005 2512 inﬂationem
1032 2453 1264 2507 vocavit.

346 2551 671 2618 Arrogantia:
713 2550 923 2600 malum.
974 2576 1043 2586 —
1083 2544 1217 2597 Cum
1252 2544 1391 2596 enim
1423 2539 1721 2595 membrum
1763 2539 1861 2605 ali-

274 2639 415 2707 quod
445 2637 705 2703 insurgit,
753 2637 855 2688 hoc
885 2635 1013 2687 nihil
1044 2632 1185 2684 aliud
1213 2641 1295 2684 est
1328 2646 1484 2698 quam
1514 2629 1860 2685 inflannuatio

276 2738 330 2782 et
361 2735 579 2780 morbus
605 2743 623 2780 :
653 2740 758 2778 non
803 2725 947 2779 enim
993 2723 1149 2777 aliter
1189 2723 1413 2774 alterum
1461 2720 1758 2773 membrum
1803 2718 1862 2772 fit

276 2819 447 2871 altero
473 2817 653 2878 altius,
681 2830 843 2885 quam
882 2829 1001 2868 cum
1027 2823 1202 2866 tumor
1221 2811 1390 2865 adest.
1429 2811 1518 2865 Sic
1543 2812 1700 2878 igitur
1727 2818 1782 2862 et
1807 2810 1858 2863 in

275 2923 501 2976 corpore
535 2908 811 2972 Ecclesiie,
840 2906 931 2974 qui
963 2903 1325 2957 inﬂammatur
1351 2911 1405 2955 et
1428 2900 1646 2954 inﬂatur
1665 2941 1679 2964 ,
1712 2901 1756 2953 is
1777 2911 1860 2954 est

276 3001 367 3068 qui
398 3000 582 3053 morbo
616 2999 822 3051 laborat
854 3014 867 3048 :
899 3005 1066 3049 tumet
1106 2994 1247 3047 enim
1293 3002 1487 3062 prazter
1522 3007 1861 3046 communem

278 3104 609 3143 mensuram.
657 3088 767 3141 lloc
794 3085 938 3140 enim
965 3094 1046 3140 est
1085 3085 1307 3138 inﬂatio.
1337 3083 1426 3137 Sic
1465 3083 1624 3135 etiam
1664 3081 1714 3134 in
1739 3097 1862 3135 cor-

282 3192 412 3248 pore
438 3179 652 3240 accidit,
681 3176 894 3247 quando
921 3177 1134 3244 Spurius
1156 3174 1370 3244 quidam
1393 3181 1449 3227 et
1475 3173 1644 3226 malus
1672 3173 1864 3228 humor

279 3267 570 3333 inﬂuxerit,
605 3284 712 3321 non
743 3277 926 3322 autem
959 3267 1174 3320 solitum
1203 3266 1539 3318 alimentum.
1574 3262 1647 3317 Ita
1691 3264 1866 3318 nasci—

281 3368 370 3412 tur
414 3359 713 3426 arrogantia
760 3357 951 3411 alienis
991 3372 1089 3410 nos
1127 3355 1537 3425 cogitationibus
1566 3354 1864 3409 invadenti-

282 3449 401 3503 bus.
433 3449 498 3502 Et
527 3451 648 3503 vide
676 3464 836 3518 quam
861 3448 1104 3516 apposite
1131 3447 1364 3509 dixerit,
1399 3444 1482 3498 Ne
1521 3445 1690 3514 inﬂati
1732 3446 1863 3500 sitis.

281 3539 432 3606 Quod
464 3542 605 3595 enim
632 3540 869 3594 inﬂatum
895 3550 999 3600 est,
1033 3549 1293 3593 tumorem
1323 3538 1479 3592 habet
1500 3537 1717 3605 spiritus
1739 3579 1755 3604 ,
1781 3553 1864 3592 re-

283 3634 484 3701 pletum
519 3634 740 3684 humore
766 3640 1041 3699 corrupto.
1075 3630 1200 3684 llaac
1231 3643 1390 3698 porro
1429 3628 1580 3692 dicit,
1626 3643 1730 3681 non
1770 3643 1865 3681 cu-

285 3723 551 3776 rationem
581 3719 923 3797 exscindens,
967 3719 1064 3774 sed
1102 3720 1434 3773 curationem
1465 3720 1609 3774 illam
1648 3735 1766 3788 qua:
1812 3719 1866 3772 in

284 3815 487 3869 malum
515 3814 758 3868 vertitur.
789 3811 878 3866 Vis
907 3811 1066 3866 istum
1090 3810 1320 3864 curaret
1347 3809 1464 3862 Non
1493 3809 1746 3879 impedio,
1771 3808 1867 3862 sed

285 3921 392 3962 non
422 3907 476 3960 in
504 3907 795 3976 perniciem
835 3905 1082 3959 alterius.
1125 3903 1240 3957 Non
1270 3904 1412 3957 enim
1443 3912 1500 3956 ut
1539 3911 1725 3956 contra
1770 3915 1867 3955 nos

285 4001 511 4055 invicem
535 3999 704 4052 aciem
733 3999 1057 4051 instruamus
1077 4037 1092 4062 ,
1122 3996 1275 4050 nobis
1303 3995 1413 4048 dati
1441 4003 1565 4049 sunt
1585 3995 1831 4049 doctores
1849 4033 1866 4059 ,

282 4091 380 4148 sed
423 4097 480 4143 ut
518 4103 617 4142 nos
651 4101 841 4141 omnes
867 4096 1054 4140 mutuo
1076 4085 1379 4155 jungamus.
1411 4086 1527 4138 Dux
1565 4085 1708 4139 enim
1748 4085 1870 4139 ideo

284 4179 544 4236 exercitui
579 4175 868 4246 praeﬁcitur
891 4214 906 4237 ,
940 4181 998 4226 ut
1025 4184 1300 4240 separatos
1329 4189 1492 4225 unum
1520 4187 1717 4241 corpus
1746 4173 1866 4226 efﬂ—

283 4274 394 4328 εἰει
421 4289 434 4322 :
457 4270 500 4322 si
527 4283 652 4320 vero
680 4265 976 4321 exercitum
998 4263 1308 4316 divulsurus
1346 4263 1445 4324 sit,
1470 4261 1672 4315 inimici
1700 4261 1869 4327 magis

285 4377 445 4434 quam
476 4362 627 4414 ducis
657 4361 831 4413 locum
862 4357 1069 4425 implet.
1100 4357 1152 4410 7.
1184 4355 1310 4422 Quis
1335 4355 1466 4409 enim
1505 4363 1552 4406 te
1586 4353 1870 4406 discernit?

285 4455 408 4525 quid
451 4453 582 4506 enim
628 4451 778 4505 habes
813 4451 948 4521 quod
989 4467 1089 4503 non
1130 4449 1412 4519 accepisti?
1441 4446 1610 4501 Missis
1653 4446 1869 4501 demum

286 4549 550 4614 subditis,
583 4546 650 4601 ad
693 4546 958 4616 principes
985 4544 1330 4598 convertitur.
1379 4541 1492 4596 Hoc
1538 4550 1714 4594 autem
1757 4539 1870 4592 vult

287 4640 630 4710 signiﬁcare:
665 4637 943 4694 Undenam
987 4636 1155 4703 liquet
1189 4632 1328 4700 quod
1372 4641 1427 4685 tu
1472 4632 1665 4699 dignus
1711 4629 1870 4684 laude

287 4732 405 4786 sis?
444 4730 712 4784 factumne
758 4737 842 4782 est
887 4723 1190 4796 judicium?
1232 4723 1575 4792 praecessitne
1604 4720 1872 4776 examen?

288 4838 356 4876 an
387 4822 630 4889 probatio
654 4861 670 4883 ,
700 4834 768 4872 an
799 4827 1045 4872 accurata
1077 4814 1431 4883 perquisitio?
1474 4813 1577 4868 Sed
1618 4814 1718 4865 hoc
1764 4827 1870 4865 non

288 4911 465 4980 possis
506 4910 704 4963 dicere.
747 4907 900 4975 Quod
943 4908 985 4960 si
1016 4906 1259 4962 homines
1283 4904 1546 4957 calculum
1579 4903 1788 4968 ferunt;
1819 4914 1874 4958 at

289 5014 395 5052 non
430 5008 633 5051 rectum
664 5009 747 5052 est
771 5001 983 5052 illorum
1009 4995 1290 5066 judicium.
1325 4993 1592 5047 Ponamus
1621 5004 1798 5048 autem
1823 5004 1874 5049 te

287 5093 508 5162 dignum
536 5089 692 5144 laude
713 5105 855 5156 esse,
884 5099 937 5144 et
962 5105 1087 5144 vere
1106 5087 1401 5159 gratiam‘et
1423 5086 1622 5139 donum
1652 5086 1868 5153 habere,

288 5200 391 5242 nec
422 5191 730 5251 corruptum
773 5195 894 5236 esse
933 5183 1210 5236 hominum
1248 5178 1506 5249 judicium
1539 5197 1552 5232 :
1582 5194 1754 5249 neque
1797 5179 1875 5234 sic

288 5276 576 5347 oportebat
601 5274 766 5328 altum
797 5288 1006 5342 sapere.
1033 5273 1173 5327 Nihil
1202 5274 1345 5328 enim
1373 5285 1438 5325 ex
1467 5279 1521 5326 te
1551 5271 1712 5324 habes
1730 5311 1745 5336 ,
1779 5271 1874 5326 sed

287 5385 319 5423 a
357 5370 467 5423 Deo
491 5365 762 5436 accepisti.
794 5364 904 5420 Cur
929 5379 1057 5434 ergo
1082 5373 1134 5419 te
1160 5363 1360 5419 habere
1387 5361 1606 5416 simulas
1631 5363 1703 5425 id,
1731 5363 1874 5432 quod

292 5475 402 5515 non
435 5460 643 5514 habes?
689 5458 758 5512 At
799 5465 851 5511 tu
897 5454 956 5493 ιν
1031 5455 1235 5521 habes,
1265 5467 1318 5510 et
1362 5454 1450 5508 alii
1494 5464 1687 5508 tecum.
1733 5455 1874 5525 Ergo

290 5563 415 5604 cum
461 5547 733 5618 acceperis
774 5545 954 5614 babes,
986 5561 1093 5600 non
1141 5548 1242 5604 hoc
1272 5546 1354 5602 vel
1382 5544 1541 5614 illud,
1573 5546 1668 5602 sed
1692 5549 1873 5604 omnia

289 5652 413 5710 qua:
445 5638 630 5694 habes.

363 5729 420 5785 2.
448 5727 567 5786 Non
595 5734 742 5788 enim
773 5731 888 5788 haec
912 5738 998 5788 tua
1029 5737 1175 5787 recte
1203 5728 1340 5788 facta
1381 5738 1525 5800 sunt,
1553 5730 1647 5788 sed
1679 5745 1746 5789 es
1778 5730 1872 5789 Dei

1950 450 2118 517 gratia
2148 451 2481 517 proveniunt.
2513 451 2566 505 Si
2599 449 2758 506 tidem
2789 453 3011 520 dixeris,
3039 469 3106 509 ex
3134 458 3409 514 vocatione
3440 461 3527 514 illa

1945 546 2129 608 venit;
2168 547 2212 600 si
2237 547 2609 600 remissionem
2636 556 2993 615 peccatorum,
3027 552 3070 603 si
3107 553 3452 616 charismata,
3482 556 3528 610 si

1945 633 2197 688 doctrinae
2226 637 2472 700 verbum,
2503 637 2546 690 si
2570 638 2823 692 virtutes‘
2855 655 2867 690 :
2897 641 3071 692 omnia
3101 640 3225 694 inde
3253 644 3528 712 accepisti.

1946 725 2080 789 Quid
2111 741 2237 793 ergo
2268 725 2454 788 babes,
2483 743 2666 797 qtueso
2698 739 2766 794 te,
2805 730 2942 798 quod
2973 745 3076 784 nou
3103 732 3396 799 acceperis,
3434 734 3528 786 sed

1946 830 2011 867 ex
2044 823 2093 867 te
2122 816 2234 883 ipso
2256 828 2400 870 recte
2432 818 2743 886 acquisieris
2766 821 2788 869 ?
2812 821 2943 872 nihil
2985 820 3161 874 dicere
3201 824 3394 890 possis.
3423 821 3529 877 Sed

1947 905 2217 973 accepisti,
2245 916 2299 960 et
2328 907 2447 960 ideo
2477 909 2638 961 altum
2682 910 2824 976 sapis
2853 909 2874 960 ?
2908 910 3031 964 ideo
3071 919 3216 965 certe
3251 912 3531 979 oportebat

1951 998 2175 1065 teipsum
2214 1000 2518 1068 deprimere
2545 1019 2560 1063 ;
2594 1017 2696 1055 non
2722 1005 2862 1055 enim
2893 1015 3039 1057 tuum
3072 1014 3156 1058 est
3187 1006 3237 1058 id
3266 1006 3406 1074 quod
3438 1006 3531 1062 tibi

1949 1087 2127 1141 datum
2155 1099 2255 1153 est,
2286 1091 2378 1144 scd
2402 1092 2592 1144 dantis.
2619 1093 2672 1146 Si
2703 1093 2844 1146 enim
2870 1095 3142 1162 accepisd,
3170 1096 3236 1148 ab
3267 1097 3356 1150 illo
3383 1112 3536 1150 acce-

1951 1182 2071 1248 pisti
2108 1199 2120 1232 :
2153 1183 2194 1234 si
2225 1183 2292 1236 ab
2321 1184 2412 1236 illo
2444 1175 2737 1249 accepisti,
2771 1201 2875 1238 non
2910 1201 3021 1238 rem
3053 1196 3194 1238 tuam
3231 1189 3481 1254 accepisti
3519 1207 3531 1242 :

1946 1272 2091 1339 quod
2131 1274 2176 1326 si
2226 1291 2332 1326 non
2374 1291 2485 1328 rem
2530 1286 2671 1329 tuam
2703 1278 2990 1345 accepisti,
3031 1293 3126 1332 cur
3158 1280 3320 1332 altum
3353 1280 3530 1347 sapis,

1950 1365 2100 1432 quasi
2131 1380 2241 1418 rem
2276 1376 2418 1418 tuam
2452 1365 2652 1420 habens
2684 1367 2706 1417 ?
2747 1367 3106 1431 Quamobrem
3135 1369 3441 1438 subjungit:
3474 1370 3537 1425 Si

1950 1464 2117 1508 autem
2161 1458 2419 1526 accepisti,
2460 1458 2582 1526 quid
2621 1459 2857 1527 gloriaris
2902 1462 3046 1527 quasi
3089 1477 3190 1512 non
3233 1462 3484 1515 acceperis
3512 1462 3538 1514 .9

1951 1545 2084 1599 Cum
2113 1561 2241 1615 ergo
2268 1563 2332 1601 ex
2364 1562 2625 1603 concursu
2649 1548 2848 1603 dictum
2868 1565 3020 1603 suum
3041 1550 3338 1618 probasset,
3359 1560 3538 1605 osten-

1954 1636 2031 1689 dit
2053 1637 2134 1689 vel
2159 1638 2319 1689 multa
2351 1638 2455 1690 illis
2482 1638 2694 1703 deesse,
2725 1648 2778 1693 et
2803 1640 2910 1693 ait:
2943 1641 3100 1696 Certe
3129 1641 3336 1695 etiamsi
3361 1644 3538 1696 omnia

1954 1727 2316 1793 acccpissetis,
2348 1742 2452 1780 non
2483 1737 2756 1795 oporteret
2793 1730 3050 1796 gloriari;
3098 1731 3228 1784 nihil
3270 1733 3413 1784 enim
3446 1749 3538 1786 ve-

1919 1891 1925 1896 .
1955 1820 2124 1870 su‘um
2152 1826 2270 1870 est:
2303 1833 2443 1871 nunc
2474 1827 2650 1871 autem
2681 1820 2844 1872 multa
2876 1821 3025 1874 vobis
3051 1820 3260 1876 desunt.
3296 1822 3362 1875 Et
3387 1823 3540 1878 initio

1955 1906 2169 1976 quidem
2208 1906 2309 1962 hoc
2337 1909 2694 1964 subindieavit
2717 1912 2940 1966 dicens:
2978 1911 3096 1964 Non
3129 1914 3268 1982 potui
3295 1913 3428 1966 vobis
3463 1916 3541 1967 Io-

1955 1997 2041 2065 qui
2069 2008 2121 2049 ut
2147 1999 2490 2065 spiritualibus
2519 2014 2537 2061 ;
2565 2009 2638 2064 et,
2681 1999 2831 2053 Nihil
2859 2001 3087 2071 judicavi
3128 2019 3206 2054 me
3242 2004 3372 2056 scire
3410 2004 3542 2056 inter

1959 2102 2063 2153 vos,
2087 2089 2184 2141 nisi
2205 2088 2381 2141 Jesum
2407 2089 2683 2151 Christum,
2705 2101 2750 2144 et
2771 2093 2936 2160 ipsum
2956 2094 3250 2162 cruciﬁxum
3274 2111 3290 2146 :
3310 2095 3394 2148 hic
3417 2111 3543 2149 vero

1959 2177 2079 2231 illos
2121 2178 2324 2246 pudore
2351 2179 2634 2234 alliciendo
2676 2183 2725 2234 id
2757 2181 2885 2236 facit
2912 2184 3097 2239 dicens
3127 2203 3138 2236 :
3174 2185 3225 2238 8.
3254 2185 3376 2238 Jan:
3405 2198 3544 2239 satu-

1957 2268 2056 2319 rati
2082 2270 2218 2333 estis,
2243 2271 2357 2338 jam
2378 2271 2555 2324 divites
2587 2273 2707 2342 facti
2736 2274 2878 2337 estis;
2909 2274 2960 2328 Id
2990 2284 3090 2338 est,
3119 2275 3269 2330 Nulla
3310 2293 3368 2331 re
3395 2278 3538 2330 iudi-

1959 2359 2092 2426 gelis
2123 2361 2396 2430 deinreps,
2418 2363 2640 2431 perfecti
2662 2366 2927 2430 evasistis,
2958 2368 3130 2435 ipsum
3154 2368 3366 2422 culmen
3387 2371 3545 2421 attin-

1957 2449 2099 2517 gitis,
2132 2451 2326 2504 nullius
2350 2467 2450 2520 ope
2473 2468 2567 2507 vos
2593 2471 2749 2523 egere
2782 2458 3000 2523 putatis,
3023 2474 3127 2511 non
3159 2459 3542 2526 apostolorum,

1960 2555 2066 2594 non
2093 2540 2395 2596 doctorum.
2427 2543 2546 2594 Jam
2567 2548 2780 2598 saturati
2809 2551 2945 2600 estis.
2969 2549 3033 2602 Et
3051 2559 3196 2604 recte
3221 2550 3369 2617 illud,
3401 2551 3543 2614 Jam,

1963 2632 2233 2700 usurpavit
2271 2647 2300 2685 a
2338 2641 2575 2702 tempore
2616 2635 2906 2689 ostendens
2950 2638 3297 2706 improbabile
3334 2656 3454 2694 esse
3494 2641 3546 2694 id

1960 2719 2101 2786 quod
2122 2721 2323 2785 dicunt,
2348 2732 2448 2788 ειη
2473 2725 2678 2779 ratione
2708 2725 2935 2780 alienam
2965 2743 3084 2781 esse
3103 2730 3311 2782 illorum
3341 2731 3547 2799 opinio-

1962 2822 2110 2861 nem.
2146 2809 2378 2879 ldeoque
2420 2815 2701 2868 traducens
2749 2816 2866 2869 illos
2897 2817 3104 2871 diccbat
3134 2837 3146 2870 :
3181 2818 3310 2872 Tam
3348 2820 3455 2873 cito
3481 2833 3547 2874 au

1962 2896 2124 2951 finem
2176 2901 2534 2967 pervenistis,
2585 2905 2727 2972 quod
2779 2905 2889 2959 fieri
2934 2923 3039 2961 non
3086 2918 3293 2977 poterat
3332 2925 3546 2978 prOpter

1967 2999 2198 3060 tempus.
2233 2992 2561 3048 Perfectiora
2599 2997 2740 3050 enim
2782 2998 2832 3051 in
2867 2999 3044 3053 futuro
3075 3011 3292 3054 manent
3324 3019 3338 3054 :
3371 3003 3551 3070 paucis

1961 3082 2106 3134 enim
2139 3085 2370 3137 saturari
2414 3084 2605 3139 infirmi
2649 3097 2732 3141 est
2779 3089 2942 3142 animi
2969 3093 3196 3158 {paucis
3242 3091 3548 3146 existimare

1964 3187 2023 3257 se
2050 3171 2270 3227 divitem
2298 3172 2435 3240 ﬁeri,
2465 3178 2772 3232 nauseantis
2794 3188 2875 3232 est
2905 3191 2958 3234 et
2986 3182 3168 3236 miseri
3196 3200 3208 3236 :
3236 3183 3550 3237 insatiabilis

1965 3264 2106 3317 enim
2129 3272 2212 3319 est
2240 3265 2409 3332 pietas
2435 3281 2448 3318 :
2478 3275 2532 3320 et
2560 3269 2776 3335 puerilis
2801 3280 2884 3324 est
2915 3273 3111 3325 mentis
3131 3287 3160 3325 a
3188 3273 3362 3340 primo
3391 3288 3548 3331 acce-

1967 3356 2070 3423 ptis
2113 3365 2301 3423 putare
2330 3369 2390 3410 se
2433 3366 2599 3411 totum
2627 3361 2921 3430 accepisse,
2951 3371 3004 3415 et
3035 3378 3154 3418 cum
3187 3364 3270 3418 vix
3299 3365 3470 3420 adhuc
3499 3366 3549 3420 in

1967 3448 2242 3515 procemiis
2293 3449 2421 3513 sint,
2452 3464 2516 3503 ac
2559 3450 2601 3502 si
2645 3450 2804 3505 finem
2850 3453 3354 3521 apprehendissent,
3386 3455 3550 3508 altum

1967 3553 2180 3606 sapere.
2213 3539 2416 3593 Deinde
2448 3540 2499 3593 in
2526 3541 2874 3609 sequentibus
2906 3545 3075 3612 magis
3103 3545 3223 3598 illos
3247 3543 3449 3612 pudore
3477 3546 3555 3599 af-

1967 3628 2097 3684 ficit.
2120 3628 2252 3683 Cum
2275 3631 2497 3685 dixisset
2519 3631 2682 3695 enim,
2706 3633 2826 3685 Jum
2842 3636 3060 3688 saturati
3076 3635 3214 3702 estis,
3235 3635 3508 3703 subjunxit
3536 3653 3552 3687 :

1966 3717 2088 3771 lam
2114 3721 2290 3773 divites
2321 3723 2442 3787 facti
2471 3723 2590 3774 estis
2614 3738 2633 3775 :
2659 3723 2767 3776 sine
2793 3724 2936 3777 nobis
2964 3730 3209 3794 regnastis
3240 3741 3260 3779 :
3281 3735 3328 3779 et
3355 3727 3553 3780 utinam

1968 3815 2262 3879 regnaretis,
2278 3822 2333 3865 ut
2349 3814 2501 3866 etiam
2523 3831 2614 3868 nos
2634 3815 2886 3869 nobiscum
2913 3834 3254 3887 regnarent”.
3275 3818 3553 3876 Gravitate

1968 3902 2134 3954 multa
2165 3901 2352 3969 plenus
2374 3912 2457 3957 est
2479 3917 2676 3958 sermo.
2705 3904 2831 3959 Ideo
2870 3905 3115 3961 ultimum
3158 3906 3306 3962 illum
3341 3908 3550 3964 induxit

1970 4000 2090 4059 post
2115 3992 2335 4047 multam
2379 3995 2823 4064 increpationem.
2851 3996 2927 4051 lla
2967 3998 3109 4052 enim
3141 4000 3319 4069 gravis
3356 4010 3439 4054 est
3461 4000 3556 4055 ad-

1969 4080 2194 4133 monitio
2229 4090 2284 4134 et
2308 4086 2676 4151 acceptabilis,
2705 4101 2827 4140 cum
2859 4097 2980 4157 post
3008 4090 3377 4143 accusationes
3415 4089 3554 4142 infe-

1968 4179 2161 4224 runtur
2186 4172 2350 4225 verba
2379 4188 2500 4241 quae
2542 4174 2800 4240 pudorem
2846 4177 3125 4230 incutiant.
3159 4177 3272 4230 Hoc
3296 4177 3442 4231 enim
3470 4178 3554 4233 vel

1970 4258 2335 4327 impudentem
2368 4268 2546 4328 potest
2579 4262 2814 4316 animum
2843 4264 3134 4332 cohibere,
3161 4275 3214 4320 et
3243 4269 3412 4337 magis
3436 4283 3558 4336 per—

1971 4350 2256 4418 atringere,
2298 4365 2459 4420 quam
2501 4351 2780 4408 manifesta
2811 4354 3111 4420 accusatio,
3149 4363 3557 4426 temperareque

1973 4440 2214 4496 dolorem
2260 4451 2317 4497 et
2365 4442 2746 4512 impudentiam
2800 4460 2866 4499 ex
2914 4447 3252 4499 accusatione
3299 4447 3556 4502 inducen-

1974 4534 2116 4588 dam.
2150 4533 2282 4587 lllud
2328 4543 2504 4587 autem
2558 4536 2610 4587 in
2641 4536 2829 4587 verbis
2868 4537 3124 4601 pudorem
3182 4537 3559 4591 incutientibus

1974 4627 2142 4694 magis
2168 4626 2407 4679 mirabile
2437 4633 2548 4685 est,
2582 4625 2721 4693 quod
2753 4624 2860 4679 duo
2893 4625 3126 4681 habeant
3155 4628 3424 4682 contraria
3455 4645 3468 4690 ;
3505 4637 3560 4682 et

1973 4718 2272 4788 graviorem
2320 4717 2558 4785 iuﬂigant
2606 4718 2812 4787 plagam
2847 4735 3007 4788 quam
3055 4722 3332 4775 manifesta
3373 4723 3555 4775 crimi-

1976 4811 2136 4870 natio,
2168 4819 2221 4862 et
2242 4825 2362 4862 eum
2393 4810 2479 4878 qui
2511 4812 2747 4879 arguitur
2775 4812 3070 4880 graviorem
3108 4812 3401 4866 sectionem
3433 4828 3554 4879 pas-

1975 4915 2112 4960 Sum,
2147 4900 2211 4951 ad
2257 4902 2512 4969 majorem
2550 4903 2880 4955 tolerantiam
2926 4911 3201 4968 apparent.
3251 4902 3375 4957 Sine
3418 4904 3558 4956 nobis

1975 4995 2237 5060 regnastis.
2274 4991 2368 5045 Hic
2396 5007 2582 5059 magna
2611 5000 2692 5044 est
2719 4989 2990 5059 emphasis
3016 5001 3070 5046 et
3099 5004 3284 5046 contra
3312 4994 3558 5045 doctores

1977 5093 2030 5138 et
2060 5095 2244 5140 contra
2271 5085 2582 5152 discipulos.
2606 5083 2918 5139 Ostenditur
2944 5083 3069 5138 hinc
3093 5086 3210 5139 illos
3236 5085 3434 5137 nullam
3466 5085 3563 5135 ha-

1977 5173 2107 5228 bere
2143 5175 2526 5228 conscientiam
2557 5183 2718 5242 atque
2749 5174 3033 5228 admodum
3062 5176 3251 5228 stultos
3281 5188 3419 5228 esse.
3450 5174 3556 5229 Hoc

1979 5263 2120 5317 enim
2147 5266 2260 5318 vult
2302 5264 2482 5318 dicere
2523 5282 2536 5316 :
2568 5263 2622 5316 In
2653 5265 2921 5318 laboribus
2948 5265 3122 5317 omnia
3154 5276 3279 5318 sunt
3317 5281 3558 5319 commu-

1979 5357 2064 5409 nia
2093 5366 2147 5410 ει
2183 5356 2338 5410 nobis
2379 5365 2434 5411 et
2466 5355 2656 5421 vobis;
2705 5355 2756 5409 in
2786 5357 3020 5424 prmmiis
3058 5364 3236 5410 autem
3267 5364 3322 5410 et
3346 5356 3558 5409 coronis

1978 5461 2074 5501 vos
2118 5448 2271 5516 primi
2317 5448 2467 5501 estis.
2510 5446 2613 5503 Sed
2659 5445 2774 5500 hcce
2803 5447 2985 5502 dicens
3026 5462 3132 5502 non
3171 5447 3328 5502 doleo
3361 5466 3374 5500 :
3403 5447 3556 5503 ideo-

1979 5554 2084 5609 que
2131 5539 2405 5609 subjunxit
2452 5557 2465 5593 :
2517 5539 2584 5593 Et
2636 5541 2832 5594 utinam
2885 5542 3182 5610 regnantis.
3239 5541 3439 5598 Deinde
3487 5557 3555 5595 ne

2054 5737 2067 5767 ¹
2096 5743 2228 5802 ttae,
2250 5738 2294 5792 si
2312 5739 2524 5800 rirtutcs,
2550 5735 2730 5786 desunt
2748 5737 2797 5785 in
2821 5733 2983 5786 editis.
