4028 6208
520 390 590 448 99
1287 378 1344 430 S.
1383 368 1654 427 JUANNIS
1688 354 2153 421 CllRYSOSTOMI
2192 352 2502 409 ARCHIEP.
2541 353 3062 413 CONSTANTINOP.

3663 353 3766 412 100

523 501 796 559 videretur
832 494 1000 551 ironia
1034 491 1149 547 haec
1176 502 1297 542 esse
1317 528 1332 551 ,
1362 484 1581 551 adjecit,
1611 479 1679 547 Ut
1719 486 1768 532 et
1798 491 1905 530 nos
1932 471 2095 527 vobisv-
2189 480 2340 544 gant,
2369 486 2470 526 nec
2492 486 2649 541 posse
2678 486 2760 534 ea,
2794 487 2914 539 quae
2945 482 3148 528 tantum
3174 489 3205 530 a
3232 491 3293 532 se
3323 487 3510 533 mutuo
3549 477 3771 543 distant,

522 608 642 649 αισι.
672 599 1016 661 rw,
1048 577 1260 637 Etenim
1297 584 1352 629 et
1390 585 1521 637 nos,
1564 568 1768 639 inquit,
1800 564 1915 661 hac
1956 562 2095 615 bona
2192 566 2246 620 in
2273 580 2440 661 unum
2470 564 2780 661 convenire.
2832 563 3114 661 Quomodo
3139 569 3283 623 enim
3313 570 3435 626 fieri
3463 578 3660 640 potest,
3691 571 3770 625 in-

522 654 834 748 consequuti
864 685 1131 731 essemus.
1161 664 1347 722 Viden'
1372 658 1640 732 quomodo
1678 654 1836 712 simul
1877 660 1932 708 et
1983 663 2101 748 gra-

524 739 738 827 vitatem
790 778 846 829 et
893 777 1077 821 curam
1135 755 1387 814 ostendat
1446 749 1926 823 pbilosopbumqne
1981 739 2099 797 ani-

524 866 669 918 mum
698 860 733 913 τ·
776 853 964 915 Videu'
1029 847 1298 921 quomodo
1356 844 1516 901 etiam
1589 840 1780 895 fastum
1844 833 2093 889 auferat:

523 955 578 1010 9.
609 952 745 1005 Puto
762 949 895 1003 alim
912 944 1047 1016 quod
1065 940 1204 996 Deus
1224 955 1316 993 nos
1338 936 1591 1007 apostolos
1610 931 1903 987 novissimos
1922 934 2094 980 osten-

521 1044 634 1107 dit,
684 1050 939 1109 tantorum
990 1037 1139 1090 morti
1181 1033 1476 1087 destinatos.
1544 1027 1763 1081 Multam
1799 1019 2096 1089 emphasim

523 1144 579 1192 et
601 1134 915 1205 gravitatem
935 1143 1123 1188 rursus
1140 1124 1391 1187 exhibet,
1419 1136 1540 1176 cum
1563 1118 1727 1179 dicit,
1754 1114 1889 1169 Nos.
1916 1111 2099 1205 Neque

525 1204 629 1282 hoc
648 1224 723 1282 illi
743 1224 873 1278 satis
903 1221 1021 1287 fuit,
1050 1218 1146 1274 sed
1166 1226 1223 1271 et
1244 1215 1554 1283 dignitatem
1582 1206 1879 1277 'subjunxit,
1911 1204 2098 1259 admo-

522 1320 650 1376 dum
670 1330 765 1372 eos
784 1314 1147 1385 perstringens
1162 1326 1177 1363 :
1195 1305 1328 1371 Nos,
1341 1304 1529 1375 inquit,
1544 1300 1797 1371 apostolos
1809 1314 1827 1362 ,°
1846 1297 1936 1367 qui
1958 1293 2099 1351 mala

525 1408 756 1477 patimur
794 1405 1065 1461 innumera
1085 1440 1101 1465 ,
1129 1396 1219 1467 qui
1248 1394 1520 1464 religionis
1550 1389 1979 1463 pradicationom
2004 1398 2098 1440 se-

526 1498 813 1556 ntinamus,
842 1493 929 1563 qui
957 1504 1053 1546 vos
1078 1488 1145 1545 ad
1169 1498 1368 1543 tantam
1398 1480 1787 1553 philosophiam
1810 1477 2094 1532 ducimus:

528 1587 628 1641 hos
660 1585 980 1639 novissimos
1006 1577 1241 1642 ostendit
1271 1584 1538 1643 tamquam
1566 1569 1723 1625 morti
1762 1567 2055 1623 destinatos
2076 1606 2094 1629 ,

480 1698 493 1711 ν
529 1678 632 1731 hoc
660 1683 777 1740 est,
822 1681 879 1727 ut
914 1672 1214 1725 damnatos.
1243 1665 1533 1734 Postquam
1571 1662 1713 1716 enim
1743 1659 1907 1723 dixit,
1954 1656 2022 1713 Ut
2049 1666 2098 1711 st

525 1782 618 1820 nos
650 1764 901 1818 uobiscum
930 1773 1284 1831 regnarent“,
1330 1763 1384 1809 et
1420 1751 1684 1808 sermonis
1710 1749 2097 1805 vehementiam

528 1855 831 1925 mitigavit;
859 1860 917 1905 ut
941 1864 1011 1905 ne
1040 1849 1159 1903 illos
1189 1846 1461 1915 frangeret
1480 1882 1497 1906 ,
1528 1842 1754 1910 idipsum
1797 1852 1981 1893 rursus
2004 1838 2099 1892 ιι.

528 1946 690 2002 sumit
724 1958 848 1997 eum
896 1938 1084 2008 majori
1120 1936 1407 2006 gravitate,
1446 1940 1501 1987 et
1524 1931 1638 1986 ait:
1669 1928 1804 1983 Puto
1836 1943 1928 1999 ego
1962 1926 2098 1997 quod

528 2037 665 2092 Dus
684 2052 776 2089 nos
799 2031 1058 2103 apostolos
1085 2027 1381 2083 nouissimos
1409 2023 1641 2088 ostendit,
1674 2031 1927 2091 umnam
1950 2020 2098 2075 morti

526 2129 823 2183 destinatos.
846 2124 980 2179 Nam
1003 2130 1060 2176 ut
1084 2135 1186 2192 ego
1215 2119 1394 2184 video,
1424 2116 1611 2188 inquit,
1644 2116 1913 2185 etiamque
1938 2129 2007 2171 ex
2034 2112 2098 2169 iis

524 2235 645 2289 qua:
677 2232 771 2272 vos
794 2213 994 2279 dicitis,
1027 2213 1267 2267 omnium
1289 2208 1636 2278 abjectissimi
1662 2222 1761 2261 nos
1785 2216 1842 2261 et
1861 2205 2096 2260 damnati

525 2325 731 2372 sumus,
760 2301 851 2378 qui
890 2306 958 2360 ad
996 2305 1305 2374 patiendum
1352 2314 1566 2369 semper
1591 2298 1825 2368 expositi
1866 2311 2095 2361 unus;

524 2415 622 2455 vos
648 2408 827 2453 autem
858 2398 970 2466 jam
996 2409 1216 2464 regnum
1240 2403 1296 2448 et
1323 2392 1555 2447 honores
1583 2401 1637 2446 et
1660 2389 1876 2460 premis
1910 2387 2099 2457 imagi-

522 2492 745 2546 namini.
778 2488 976 2543 Volons
1002 2496 1179 2541 autem
1209 2484 1275 2540 ad
1295 2484 1550 2553 majorem
1580 2482 1961 2538 absurdi‘tatem
1979 2493 2103 2535 ora-

526 2584 723 2636 tionem
764 2579 1067 2641 deducere,
1110 2585 1164 2629 et
1202 2574 1488 2630 ostendere
1529 2588 1650 2629 esse
1697 2574 1842 2627 illam
1880 2574 2101 2628 omnino

523 2670 931 2744 improhabilem
966 2686 981 2735 ;
1013 2685 1118 2723 non
1147 2668 1309 2733 dixit,
1330 2668 1442 2721 Nos
1478 2674 1624 2721 certe
1652 2679 1838 2718 sumus
1866 2664 2099 2719 novissi-

525 2765 597 2819 mi
626 2780 642 2828 ;
666 2763 781 2825 sed,
810 2762 917 2816 Nos
940 2762 1080 2815 Deus
1109 2759 1429 2813 novissimos
1452 2756 1595 2811 fecit.
1626 2755 1734 2810 Nec
1758 2756 1887 2810 satis
1922 2756 2102 2811 habuit

522 2853 751 2917 dixisse,
794 2850 1112 2904 Nouissimas
1140 2865 1159 2911 :
1190 2849 1280 2902 scd
1310 2846 1584 2916 subiunxit
1606 2856 1662 2901 et
1691 2846 1848 2902 Morti
1878 2846 2101 2900 destina-

523 2954 622 3008 tos,
651 2952 707 2996 ut
732 2942 814 2995 vel
853 2939 1134 2993 admodum
1166 2940 1382 2993 insanus
1407 2937 1581 3007 quivis
1612 2937 1874 2991 dictorum
1906 2939 2100 3002 impro-

410 3087 412 3090 ,
525 3031 852 3085 babilitatem
883 3028 1084 3082 videret
1107 3070 1122 3092 ,
1164 3028 1435 3097 verbaque
1472 3026 1700 3081 dolentis
1728 3037 1781 3079 ei
1816 3026 2099 3082 admodum

525 3122 643 3176 illos
672 3119 874 3189 pudore
897 3117 1177 3172 aﬂicientis
1201 3132 1338 3170 esse.
2098 3140 2103 3145 -

594 3212 649 3267 3.
693 3209 847 3265 Pauli
886 3209 1170 3279 prudentia.
1199 3238 1266 3247 --
1298 3206 1361 3259 Et
1400 3206 1519 3259 vide
1556 3206 1701 3259 Pauli
1744 3206 2097 3273 prudentiam.

527 3304 567 3357 Α
599 3302 795 3372 quibus
836 3300 1013 3368 seipse
1051 3308 1351 3368 opportuno
1392 3307 1634 3363 tempus
1671 3296 1907 3358 extollit,
1940 3310 2103 3359 seque

530 3391 897 3448 honorabilem
938 3398 993 3444 et
1042 3403 1290 3457 magnum
1320 3387 1599 3451 ostendit;
1643 3387 1711 3439 ab
1748 3386 1937 3440 iisdem
1981 3385 2103 3445 illos

530 3498 671 3538 nune
696 3483 898 3551 pudore
926 3480 1089 3534 allicit
1108 3520 1123 3543 ,
1150 3479 1457 3533 damnatum
1485 3493 1545 3533 se
1573 3493 1788 3532 vocans.
1824 3477 1989 3531 Tanta
2016 3492 2104 3535 res

528 3579 613 3626 est
636 3570 952 3640 congruenti
984 3580 1222 3638 tempore
1258 3569 1436 3623 omnia
1462 3566 1660 3621 facere.
1691 3566 1844 3619 Morti
1876 3566 2105 3619 destina,

531 3661 740 3726 tothos
757 3660 1038 3715 damnatos
1056 3666 1233 3724 vocat,
1251 3657 1339 3728 qui
1357 3656 1503 3713 mille
1520 3654 1777 3711 mortibus
1794 3654 1937 3724 digni
1959 3663 2101 3709 sunt.

532 3754 670 3821 Quia
694 3750 1036 3821 spectaculum
1062 3750 1183 3817 facti
1209 3763 1383 3802 smnus
1409 3746 1619 3811 mundo,
1649 3756 1698 3800 et
1720 3746 1915 3815 angelis
1941 3756 1989 3799 et
2014 3746 2106 3799 Ito-

530 3844 773 3899 mim'btts.
787 3839 924 3907 Quid
942 3846 1023 3893 est
1040 3836 1189 3900 illud,
1206 3838 1561 3903 Spectacula»:
1571 3837 1695 3906 {acti
1704 3853 1879 3891 mnus
1890 3838 2107 3891 nardo!

530 3930 649 3986 Non
687 3931 742 3984 in
780 3930 973 3997 angulo
1000 3942 1108 3985 uno
1136 3939 1309 3994 neque
1344 3925 1397 3979 lu
1436 3939 1600 3991 parva
1634 3924 1780 3977 orbis
1808 3932 1962 3992 parte
1992 3923 2108 3978 haec

535 4019 804 4089 patimur.
842 4016 1056 4085 inquit;
1088 4013 1185 4069 sed
1226 4013 1421 4081 ubique
1453 4020 1508 4066 et
1542 4011 1684 4081 apud
1723 4024 1931 4066 omnes.
1971 4010 2108 4077 Quid

534 4107 637 4165 sibi
666 4105 780 4160 vult
808 4111 1009 4170 autem,
1044 4102 1107 4159 Et
1136 4102 1372 4172 angelis?
1408 4100 1638 4157 Possunt
1660 4099 1965 4156 hominibus
1988 4115 2110 4157 esse

532 4195 923 4268 spectaculum,
949 4194 1047 4249 sed
1078 4208 1182 4249 non
1220 4193 1445 4262 angelis,
1472 4191 1688 4262 quando
1711 4190 1835 4245 vilia
1860 4196 1990 4247 sunt
2013 4204 2111 4259 ge-

533 4300 652 4353 sta;
680 4297 734 4344 at
760 4282 1054 4341 certamina
1086 4291 1265 4337 nostra
1288 4282 1408 4339 talia
1438 4290 1583 4346 sunt,
1607 4289 1664 4335 ut
1686 4281 1845 4351 digna
1864 4282 1973 4336 sint
1992 4295 2111 4351 quo

536 4388 843 4446 spectentur
861 4375 928 4434 ab
947 4371 1172 4443 angelis.
1200 4370 1617 4438 Videquomodo
1629 4386 1695 4425 ex
1725 4372 1935 4437 iisdem,
1962 4374 2112 4442 queis

538 4482 597 4522 sc
627 4467 783 4523 vilem
812 4466 973 4530 dicit,
1000 4479 1061 4520 se
1102 4476 1287 4519 rursus
1317 4474 1565 4529 magnum
1585 4460 1877 4516 Ostendat:
1904 4476 1967 4515 ex
1995 4463 2112 4531 qui-

539 4558 638 4614 bus
662 4564 839 4609 autem
868 4556 943 4611 illi
969 4556 1135 4611 altum
1164 4552 1464 4624 sapiebant,
1498 4550 1617 4605 illos
1641 4564 1762 4606 esse
1790 4551 1923 4604 viles
1943 4559 1996 4604 et
2022 4552 2116 4603 ab-

537 4647 709 4715 iectos
734 4643 1062 4712 pronuntiet.
1081 4642 1214 4709 Quia
1232 4642 1376 4698 enim
1403 4642 1594 4695 stultos
1621 4654 1743 4695 esse
1765 4654 1923 4708 quam
1949 4638 2115 4692 videri

542 4734 851 4804 prudentes,
879 4742 935 4786 et
964 4729 1201 4785 inﬁrmos
1220 4745 1340 4787 esse
1367 4748 1525 4800 quam
1547 4730 1712 4786 fortes
1739 4773 1755 4797 ,
1788 4738 1842 4787 et
1864 4727 2118 4799 inglorios

541 4842 662 4883 esse
686 4840 842 4896 quam
873 4824 1138 4894 gloriosos
1173 4832 1223 4877 et
1254 4822 1511 4885 illustres,
1542 4826 1800 4893 abjectius
1828 4839 1948 4878 esse
1975 4822 2119 4876 vidc—

542 4922 730 4983 batur;
752 4929 807 4973 et
830 4918 942 4971 haec
958 4914 1171 4985 quidem
1192 4913 1243 4968 in
1267 4913 1383 4967 illos
1404 4921 1488 4967 est
1507 4914 1867 4983 conjecturus,
1886 4915 1972 4969 illa
1989 4930 2117 4968 vero

544 5013 657 5081 ipse
693 5010 791 5065 sibi
816 5007 1107 5064 vindicavit
1141 5024 1153 5057 :
1185 5003 1421 5060 ostendit
1454 5004 1570 5059 hare
1596 5005 1701 5061 illis
1728 5019 1849 5059 esse
1876 5006 2114 5066 meliora,

545 5104 589 5154 si
618 5100 831 5169 quidem
860 5115 956 5169 per
983 5101 1096 5157 haec
1123 5112 1229 5154 non
1273 5098 1546 5151 hominum
1590 5095 1784 5160 modo,
1828 5097 1919 5152 sed
1960 5099 2118 5154 etiam

546 5191 854 5258 angelorum
902 5189 1150 5259 populum
1200 5188 1266 5244 ad
1316 5189 1397 5242 sui
1438 5187 1801 5255 spectaculum
1834 5188 2115 5245 convertit.

546 5279 661 5335 Non
706 5278 848 5334 enim
893 5279 1048 5333 nobis
1095 5288 1178 5334 est
1218 5277 1530 5333 colluctatio
1578 5275 1832 5331 adversus
1879 5277 2071 5334 homin:
2098 5294 2119 5327 ς

547 5378 787 5433 tantum,
819 5367 911 5422 sed
954 5368 1118 5423 etiam
1158 5369 1420 5424 adversus
1459 5368 1803 5435 incorporeas
1834 5378 2121 5437 potesmtcs

548 5460 568 5527 (
591 5458 779 5528 Ephes.
806 5456 861 5511 6.
894 5455 1023 5528 l2).
1075 5456 1305 5526 ideoque
1343 5472 1590 5526 magnum
1634 5455 1784 5511 sedet
1833 5456 2114 5517 theatrum.

552 5548 638 5603 10.
666 5547 772 5601 Nos
796 5547 937 5601 stulti
966 5557 1171 5616 propter
1193 5547 1469 5614 Christum,
1492 5563 1576 5601 vos
1597 5556 1761 5601 autem
1786 5550 2050 5617 prudentes
2072 5552 2121 5602 in

550 5637 769 5692 Christo.
812 5638 1017 5692 Rursus
1058 5634 1159 5691 hoc
1200 5637 1264 5692 ad
1292 5636 1549 5706 pudorem
1578 5638 1935 5693 incutiendum
1968 5642 2117 5701 dixit,

552 5729 839 5787 ostendens
870 5728 983 5785 fieri
1025 5742 1131 5784 non
1174 5743 1335 5800 posse
1380 5738 1433 5786 ut
1475 5730 1590 5787 haec
1614 5730 1881 5788 contraria
1908 5741 2121 5787 οοηιςηι

2198 646 2335 716 quit,
2366 663 2465 704 vos
2492 648 2783 718 prudentes
2804 657 2860 706 et
2888 664 2987 706 nos
3005 650 3198 707 stultos
3222 653 3415 709 essein
3440 653 3620 720 rebus.
3646 669 3767 724 qua:

2198 746 2323 793 sunt
2349 738 2549 794 Christi
2576 741 2600 795 l
2628 740 2762 810 Quia
2790 741 2933 800 enim
2962 741 3036 797 illi
3076 741 3291 812 quidem
3327 746 3764 808 verberabantur.

2198 825 2658 898 despiciebantur,
2694 831 2957 888 dedecore
2983 832 3365 899 affleiebantur,
3394 842 3449 889 et
3489 835 3618 891 nihil
3647 851 3768 894 esse

2199 917 2682 987 existimabantur;
2727 922 2828 992 ipsi
2864 932 3040 979 autem
3071 922 3275 979 honore
3303 923 3633 993 fruebantur,
3677 942 3767 983 sa-

2201 1008 2510 1081 pientesque
2531 1028 2594 1068 ac
2610 1013 2894 1081 prudentes
2911 1017 3049 1086 apud
3076 1018 3272 1073 multos
3286 1018 3764 1076 existimabantur:

2202 1097 2323 1154 ideo
2352 1100 2465 1158 haec
2491 1101 2622 1158 dicit
2652 1119 2666 1156 :
2691 1102 2825 1171 Quia
2850 1108 3115 1174 quomodo
3151 1108 3261 1168 fieri
3291 1118 3468 1180 potest
3503 1118 3562 1165 ut
3589 1111 3645 1172 ii.
3676 1113 3766 1180 qui

2201 1185 2319 1247 haec
2336 1190 2625 1259 pradicant
2648 1233 2664 1257 ,
2686 1194 3053 1251 existimentur
3077 1198 3129 1252 in
3158 1199 3223 1253 iis
3246 1202 3466 1267 versari,
3495 1216 3614 1271 quae
3644 1212 3770 1259 sunt

2202 1278 2306 1335 illis
2330 1285 2592 1339 contraria
2622 1284 2647 1337 τ
2676 1284 2790 1342 Nos
2814 1287 3004 1354 inﬁrmi
3024 1325 3039 1351 ,
3070 1304 3157 1342 sos
3176 1299 3341 1343 autem
3361 1292 3532 1359 fortes.
3566 1291 3621 1347 Id
3646 1303 3763 1358 est,

2199 1368 2307 1430 Nos
2333 1372 2575 1439 pellimur
2597 1384 2651 1432 et
2689 1380 3153 1448 persequutioaem
3182 1382 3429 1449 patimur,
3466 1397 3561 1438 vos
3587 1395 3766 1440 autem

2199 1460 2484 1521 securitate
2520 1472 2578 1518 et
2613 1464 2867 1525 (amulatu
2909 1468 3077 1525 multo
3119 1468 3375 1527 fruimini.
3422 1472 3528 1529 Sed
3568 1475 3619 1529 id
3656 1491 3762 1531 non

2200 1553 2397 1621 patitur
2439 1555 2828 1623 praedicationis
2857 1569 3064 1615 natura.
3094 1561 3206 1616 Nos
3240 1564 3465 1635 inplet-ii,
3492 1581 3577 1619 vos
3599 1576 3766 1622 autalt

2198 1642 2425 1711 gloriosi.
2458 1645 2555 1704 llic
2578 1647 2788 1705 nobiles
2828 1651 3064 1721 respicit,
3094 1654 3181 1722 qui
3210 1655 3279 1709 de
3304 1657 3662 1714 exterioribus
3686 1660 3767 1714 al-

2200 1742 2312 1793 tum
2342 1736 2641 1805 sepiebant.
2675 1740 2761 1794 ll.
2797 1738 2966 1809 Usque
2990 1744 3042 1795 in
3078 1746 3207 1799 hanc
3244 1746 3421 1803 horam
3450 1758 3494 1803 et
3521 1753 3767 1813 autimas

2198 1833 2246 1883 et
2270 1825 2467 1879 sitiam
2484 1866 2497 1889 ,
2531 1836 2578 1879 et
2603 1828 2732 1882 nudi
2758 1846 2956 1895 sumus,
2985 1841 3034 1886 et
3068 1834 3296 1901 conspicis
3320 1840 3579 1905 (edimur,
3611 1842 3694 1896 l2.
3722 1854 3768 1897 et

2199 1913 2487 1973 laboramus
2523 1930 2786 1988 sperantes
2826 1922 3054 1978 omnibus
3099 1926 3299 1980 nostris.
3342 1926 3452 1983 Hoc
3491 1939 3575 1985 est
3594 1972 3610 1995 ,
3653 1932 3765 1988 Non

2204 2016 2382 2062 vetera
2413 2023 2594 2073 narro,
2622 2010 2717 2068 sed
2743 2013 2882 2081 quod
2920 2013 3048 2067 mihi
3077 2029 3315 2084 praesens
3342 2024 3549 2088 tempus
3572 2022 3766 2076 testillo

2199 2104 2367 2153 eatur.
2387 2094 2749 2156 Humanarum
2770 2102 2964 2171 quippe
2986 2119 3164 2160 rerum
3188 2105 3341 2162 nobis
3356 2108 3496 2164 nulla
3513 2110 3764 2180 ratioost,

2201 2201 2376 2257 nouae
2403 2190 2607 2245 externi
2630 2192 2966 2261 splendoris;
2995 2194 3088 2250 sed
3117 2194 3184 2250 ad
3211 2196 3376 2252 Deum
3396 2200 3569 2257 solum
3596 2203 3768 2271 respi-

2198 2277 2371 2333 cimus
2401 2299 2415 2334 ε
2443 2278 2586 2349 quod
2612 2281 2809 2351 ubique
2850 2281 3028 2340 facere
3065 2285 3221 2342 nobis
3263 2291 3627 2347 necessarium
3663 2302 3765 2346 est.

2199 2364 2383 2437 Neque
2415 2367 2557 2431 enim
2587 2370 2762 2441 angeli
2801 2378 3004 2430 tantum
3047 2388 3147 2429 nos
3178 2385 3455 2445 spectant,
3480 2377 3575 2434 sed
3606 2380 3768 2436 etiam

2199 2465 2324 2512 ante
2363 2457 2485 2512 illos
2514 2456 3004 2530 ipse‘agonotheta.
3031 2462 3149 2517 Non
3191 2465 3369 2534 itaque
3400 2466 3520 2523 aliis
3553 2483 3771 2538 egemus

2200 2546 2584 2607 laudatoribus.
2617 2551 2725 2605 lloc
2755 2552 2895 2611 enim
2923 2562 3009 2609 est
3037 2554 3111 2608 illi
3136 2557 3508 2613 contumeliam
3534 2559 3729 2616 inferre
3750 2602 3767 2627 ,

2199 2651 2323 2693 cum
2352 2638 2495 2695 illum
2525 2642 2672 2709 quasi
2703 2643 2769 2696 ad
2802 2658 2901 2698 nos
2922 2644 3217 2703 laudandos
3243 2662 3347 2704 non
3382 2650 3510 2707 satis
3537 2652 3607 2705 sit
3633 2668 3770 2721 pras-

2202 2736 2581 2793 tercurreutes,
2614 2732 2677 2785 ad
2703 2748 2989 2789 conservos
3012 2751 3383 2805 pmperamus.
3410 2738 3769 2807 Quemadmo-

2200 2817 2328 2873 dum
2354 2822 2495 2877 enim
2531 2822 2621 2891 qui
2651 2824 2701 2875 in
2735 2839 2894 2890 parvo
2925 2826 3133 2880 theatro
3168 2826 3478 2897 decertant,
3520 2847 3769 2901 magnum

2202 2917 2477 2977 qurum,
2502 2910 2653 2979 quasi
2679 2910 2807 2966 illud
2834 2929 2939 2966 non
2971 2913 3201 2968 sufﬁciat
3224 2916 3289 2969 ad
3320 2919 3726 2975 ostentationem
3751 2939 3769 2978 ε

2202 2998 2281 3051 sic
2318 3007 2371 3052 et
2408 3000 2464 3065 ii,
2491 3002 2580 3067 qui
2611 3012 2734 3053 ante
2776 3001 2867 3056 Dei
2903 3004 3087 3062 oculos
3132 3006 3442 3084 decertant,
3474 3007 3770 3080 deindequc

2204 3088 2414 3148 laudem
2446 3089 2717 3147 hominum
2738 3102 3066 3161 quaerentes,
3096 3104 3148 3152 et
3170 3111 3426 3163 maiorem
3448 3096 3771 3159 dimittentcs

2202 3190 2261 3233 ut
2284 3182 2544 3235 minorem
2564 3192 2937 3251 assequentur,
2962 3200 3211 3254 magnum
3233 3188 3333 3243 sibi
3354 3190 3625 3247 attrahunt
3643 3208 3768 3262 sup-

2200 3272 2442 3342 plicium.
2473 3273 2583 3328 Hoc
2608 3289 2737 3345 ergo
2762 3277 2938 3333 omnia
2960 3291 3049 3332 sus
3068 3278 3240 3345 deque
3267 3280 3444 3345 vertit,
3467 3280 3571 3338 hoc
3588 3284 3771 3339 urbem

2206 3372 2372 3419 totum
2408 3364 2673 3429 turbavit,
2699 3366 2841 3434 quod
2869 3366 2933 3421 ad
2964 3366 3206 3424 homines
3227 3370 3571 3439 respicientes
3596 3374 3770 3430 omnia

2202 3455 2460 3516 faciamus
2484 3475 2497 3511 :
2527 3458 2656 3513 etin
2684 3458 2836 3513 bonis
2863 3459 2992 3513 nihil
3022 3474 3142 3515 esse
3163 3459 3419 3515 ducamus
3443 3463 3585 3531 quod
3609 3464 3774 3519 Deum

2205 3547 2496 3606 habeamus
2520 3548 2874 3615 laudatorem,
2904 3550 2999 3606 sed
3020 3566 3049 3605 a
3079 3553 3353 3607 conservis
3381 3567 3678 3621 quaeramus
3698 3554 3777 3611 fa-

2203 3654 2346 3694 mam
2370 3649 2427 3694 et
2454 3639 2674 3706 gloriam
2698 3657 2715 3695 :
2744 3642 2876 3696 etin
2902 3642 3185 3697 contrariis
3211 3658 3420 3698 rursum
3449 3640 3558 3700 Deo
3585 3645 3778 3717 despo-

2203 3741 2313 3798 cto,
2344 3730 2588 3791 homines
2618 3731 2985 3789 formidemus.
3018 3735 3177 3804 Atqui
3221 3734 3321 3805 ipsi
3352 3736 3627 3791 nobiscum
3662 3745 3779 3791 sta-

2204 3826 2339 3881 bunt
2384 3831 2511 3879 ante
2558 3825 2788 3883 tribunal
2834 3825 3001 3890 illud,
3033 3825 3166 3880 nihil
3209 3826 3607 3893 nosjuvantes;
3638 3826 3782 3887 Deus

2204 3924 2387 3967 autem
2407 3952 2423 3977 ,
2455 3928 2613 3980 quem
2632 3913 2743 3979 jam
2769 3911 3123 3980 despicimus.
3154 3912 3472 3969 sententiam
3497 3914 3551 3969 in
3575 3929 3674 3970 nos
3698 3914 3779 3972 fo-

2207 4009 2313 4062 ret.
2345 4002 2593 4057 Attamen
2618 4014 2742 4060 cum
2787 3999 2902 4055 haec
2943 3997 3207 4069 sciamus,
3236 4000 3302 4057 ad
3328 4000 3571 4060 homines
3610 4004 3781 4063 inhia-

2210 4088 2508 4161 mns:quod
2524 4089 2854 4160 estprimum
2876 4100 3153 4161 peccatum
3183 4112 3196 4151 :
3224 4092 3546 4165 homineque
3565 4096 3780 4156 vidente

2208 4180 2459 4236 fornicari
2486 4195 2645 4236 nemo
2674 4181 2919 4248 voluerit,
2948 4182 3043 4238 sed
3067 4184 3273 4244 etiamsi
3298 4186 3427 4241 vitio
3456 4186 3546 4242 illo
3570 4188 3780 4255 ardeat,

2210 4272 2431 4330 allectus
2474 4272 2616 4327 illius
2645 4273 2884 4345 tyrannis
2915 4273 2983 4338 ab
3028 4274 3299 4331 hominum
3338 4279 3634 4335 reverentia
3662 4280 3784 4339 vin-

2210 4365 2387 4421 citur:
2421 4364 2530 4419 Deo
2558 4374 2734 4428 autem
2767 4364 2983 4419 vidente
3024 4380 3131 4424 non
3160 4366 3320 4421 modo
3358 4366 3411 4421 in
3441 4367 3701 4425 adulteria
3729 4378 3785 4427 et

2214 4457 2266 4511 in
2298 4456 2677 4510 fornicationes
2702 4463 3085 4523 prorumpunt,
3122 4453 3217 4509 sed
3248 4463 3304 4515 et
3330 4456 3435 4511 alia
3464 4457 3626 4527 longe
3661 4474 3789 4528 gra-

2214 4545 2361 4602 viora
2391 4545 2591 4600 audent
2619 4553 2673 4599 et
2715 4544 2831 4597 ausi
2872 4552 3018 4603 sunt.
3051 4544 3133 4597 An
3162 4545 3263 4597 hoc
3296 4560 3427 4616 ergo
3464 4549 3636 4602 solum
3680 4565 3787 4605 non

2215 4634 2409 4689 sufﬁcit
2434 4643 2492 4688 ut
2517 4634 2661 4692 mille
2697 4632 2917 4688 fulmina
2956 4630 3024 4685 de
3052 4631 3183 4685 caelo
3212 4632 3544 4688 inferantur?
3573 4636 3641 4690 Et
3661 4638 3789 4705 quid

2216 4723 2337 4777 dico
2355 4724 2613 4779 adulteria
2634 4732 2689 4779 et
2706 4721 3127 4779 fornicationes?
3148 4720 3275 4773 Nam
3302 4722 3388 4776 his
3406 4723 3561 4793 longe
3581 4726 3790 4782 minora

2218 4823 2341 4867 ante
2362 4812 2604 4866 homines
2632 4821 2940 4882 perpetrare
2969 4808 3255 4866 metuimus
3277 4850 3290 4871 ,
3323 4811 3414 4864 sed
3449 4812 3556 4865 Deo
3578 4814 3792 4869 vidente

2221 4921 2325 4958 non
2354 4906 2498 4958 item.
2526 4905 2659 4959 Hinc
2687 4914 2830 4973 parta
2858 4911 2984 4958 sunt
3006 4902 3142 4957 mala
3167 4902 3364 4965 omnia,
3393 4902 3532 4969 quod
3557 4905 3607 4957 in
3631 4905 3792 4959 rebus

2220 5012 2347 5065 quas
2362 5010 2485 5057 vere
2524 5010 2698 5064 pravae
2728 5002 2850 5048 sunt
2877 5008 2981 5047 non
3012 4992 3173 5045 Deum
3195 5032 3210 5059 ,
3243 4991 3337 5046 sed
3362 4992 3609 5050 homines
3634 5009 3792 5051 reve-

2222 5103 2453 5145 reamur.
2480 5086 2706 5157 ideoque
2733 5088 2892 5142 etiam
2918 5099 3004 5147 ea,
3030 5098 3150 5153 quae
3174 5099 3297 5139 vere
3322 5086 3455 5140 bona
3476 5095 3619 5153 sunt,
3647 5102 3795 5157 qua:-

2223 5196 2323 5247 que
2351 5180 2528 5234 multis
2554 5195 2659 5233 non
2688 5180 2823 5235 bona
2853 5190 2971 5234 esse
2997 5174 3261 5240 videntur,
3289 5177 3541 5252 fugimus,
3572 5193 3679 5234 non
3709 5192 3795 5234 re—

2226 5288 2339 5323 rum
2394 5280 2635 5328 naturam
2680 5268 3078 5335 examinantes,
3128 5267 3221 5327 sed
3274 5269 3337 5324 ad
3384 5270 3528 5341 vulgi
3568 5268 3794 5340 gloriam

2226 5362 2589 5428 respicientes.

2296 5453 2345 5508 ι.
2381 5450 2435 5505 in
2467 5452 2617 5506 malis
2652 5463 2860 5517 quaque
2900 5447 3129 5518 idipsum
3156 5460 3467 5526 przestamus
3497 5464 3511 5505 :
3540 5448 3782 5519 quadam

2226 5543 2365 5597 enim
2390 5559 2503 5613 quae
2526 5558 2651 5594 γέλω
2685 5541 2819 5591 bona
2847 5554 2949 5591 non
2978 5551 3120 5605 sunt,
3144 5541 3238 5595 sed
3265 5539 3382 5594 talia
3409 5538 3655 5594 videntur
3677 5553 3798 5595 esse

2230 5637 2425 5699 multis,
2459 5650 2522 5689 ex
2552 5631 2736 5686 eadem
2755 5633 3135 5685 consuetudine
3159 5640 3213 5683 ut
3239 5631 3371 5683 bona
3396 5633 3797 5700 persequimur;

2232 5729 2301 5784 ita
2324 5739 2379 5785 ut
2404 5729 2651 5798 utrinque
2682 5738 3099 5797 corrumpantur.
3151 5724 3396 5783 Fortasse
3418 5724 3797 5790 multisobscu-
