4028 6208
559 353 655 410 101

559 466 661 525 λιν,
691 464 788 515 οὐκ
819 461 944 514 ὄντα
962 457 1052 515 οῦν
1076 478 1195 514 τινα
1223 461 1404 526 ἀγαθά
1431 461 1523 512 καὶ
1546 459 1687 512 καλὰ
1712 456 1850 513 εἶναι
1880 460 2139 514 δοκοῦντα

559 548 672 604 τοῖς
715 544 946 606 πολλοῖς,
997 544 1071 604 ὼς
1120 543 1299 610 ἀγαθά
1351 543 1461 594 ἀπὸ
1511 544 1609 610 τῆς
1643 544 1809 609 αὐτῆς
1852 541 2140 610 συνηθείας

562 629 847 695 διώκομεν·
871 626 1007 677 ὥστε
1032 625 1371 694 ἑκατέρωθεν
1398 625 1733 692 φθείρεσθαι.
1755 625 1905 692 Τάχα
1927 624 2138 683 πολλοῖς

562 714 936 777 ἀσαφέστερον
983 705 1121 760 εἷναι
1165 709 1312 759 δοκεῖ
1345 709 1404 759 τὸ
1431 707 1619 775 λεχθέν
1642 727 1654 737 ·
1691 707 1884 759 ούκοῦν
1925 707 2140 773 ἀνάγκη

563 796 695 845 αὐτὸ
731 794 1058 859 σαφέστερον
1090 793 1284 842 εἰπεῖν.
1323 792 1488 841 Ὅταν
1520 789 1868 859 πορνεύωμεν
1903 789 2004 860 (δεῖ
2034 789 2141 857 γὰρ

563 878 668 927 ἀπὸ
689 875 793 926 τῶν
817 876 1124 942 εἰρημένων
1143 873 1452 941 ἄρξασθαι),
1477 874 1796 941 ἀνθρώπους
1828 872 2141 941 φοϐούμεθα

567 958 784 1025 μᾶλλον,
823 958 854 1025 ῆ
888 957 977 1006 τὸν
1008 956 1160 1007 Θεόν.
1197 957 1344 1005 Ἐπεὶ
1368 952 1458 1006 οὖν
1480 954 1650 1016 οὕτως
1682 957 1906 1016 ἑαυτοὺς
1939 953 2144 1024 ὑπεθή-

564 1057 738 1107 καμεν
767 1040 1012 1096 ἐκείνοις.
1050 1040 1141 1089 καὶ
1169 1038 1436 1099 δεσπότας
1468 1039 1622 1106 ἡμῶν
1657 1041 1853 1100 αὐτοὺς
1884 1039 2143 1107 ἐποιήσα-

568 1139 687 1189 μεν,
724 1120 889 1170 πολλά
925 1120 979 1168 δέ
1007 1122 1117 1180 τοῖς
1148 1119 1438 1180 δεσπόταις
1469 1121 1680 1182 τούτοις
1711 1123 1804 1172 καὶ
1831 1121 1963 1172 ἀλλα
1993 1120 2144 1171 δοκεῖ

565 1201 702 1254 εἶναι
741 1203 883 1253 κακά
912 1203 1009 1252 ούκ
1037 1203 1162 1253 ὄντα
1199 1204 1364 1266 κακά,
1403 1204 1629 1254 κάκεῖνα
1671 1204 1940 1270 φεύγομεν
1980 1203 2143 1254 πάλιν

566 1287 785 1352 ὁμοίως.
834 1280 956 1336 Οἷον
997 1285 1056 1334 τὸ
1101 1287 1157 1334 ἐν
1197 1286 1357 1353 πενία.
1405 1285 1503 1352 ζῆν
1546 1284 1759 1344 πολλοῖς
1809 1286 1956 1334 δοκεῖ
2004 1279 2142 1335 εἶναι

567 1369 785 1434 αἰσχρόν
807 1384 817 1393 ”
851 1369 942 1419 καὶ
977 1369 1250 1434 φεύγομεν
1285 1369 1382 1433 τὴν
1411 1369 1621 1427 πενίαν,
1656 1368 1755 1417 οὐκ
1785 1367 1969 1425 ἐπειδὴ
1996 1369 2144 1418 ἐστιν

567 1451 807 1517 αἰσχρὸν.
841 1451 958 1500 ούδέ
996 1452 1180 1517 ἐπειδὴ
1205 1449 1360 1500 τοῦτο
1395 1450 1766 1517 πεπείσμεθα,
1807 1450 1920 1501 ἀλλ’
1959 1449 2143 1519 ἐπειδὴ

566 1535 676 1592 τοῖς
706 1533 996 1592 δεσπόταις
1036 1532 1192 1599 ἡμῶν
1230 1525 1544 1582 εἶναιδοκεῖ
1578 1531 1734 1582 τοῦτο
1768 1531 2010 1599 αἰσχρὸν,
2047 1532 2146 1583 κά-

568 1632 776 1674 κεινους
803 1614 1138 1681 δεδοίκαμεν.
1176 1614 1345 1665 Πάλιν
1371 1614 1429 1664 τὸ
1465 1615 1828 1682 ἀτιμάζεσθαι
1861 1616 1952 1666 καὶ
1986 1617 2148 1666 εὐκα-

567 1700 906 1766 ταφρόνητον
943 1693 1078 1747 εἶναι
1115 1697 1208 1747 καὶ
1237 1697 1416 1763 πάσης
1449 1697 1600 1759 ἐκτὸς
1632 1698 1966 1759 δυναστείας,
2001 1699 2148 1749 δοκεῖ

568 1784 679 1841 τοῖς
715 1781 925 1840 πολλοῖς
958 1780 1153 1846 ὁμοίως
1176 1775 1312 1830 εἶναι
1343 1779 1601 1848 αἰσχύνης
1631 1781 1829 1848 πολλῆς
1868 1781 1962 1832 καὶ
1997 1781 2148 1831 εὐτε-

568 1863 736 1924 λείας.
776 1862 944 1912 Τοῦτο
980 1862 1140 1913 πάλιν
1171 1861 1463 1929 φεύγομεν,
1491 1862 1608 1913 ούδέ
1643 1863 1804 1913 αὑτοῦ
1846 1862 2148 1929 καταγινώ-

572 1961 812 2006 σκοντες,
853 1943 986 1994 ἀλλὰ
1022 1944 1111 1995 διὰ
1153 1943 1249 2011 τὴν
1295 1944 1405 1994 τῶν
1452 1943 1725 1992 δεσποτῶν
1752 1943 1905 2009 ἡμῶν
1944 1944 2144 2010 ψῆφον.

572 2028 742 2080 Πάλιν
768 2030 862 2078 καὶ
883 2029 944 2076 ἐκ
973 2025 1064 2076 τοῦ
1092 2026 1335 2075 ἐναντίου
1361 2024 1459 2092 τὴν
1489 2025 1654 2092 αὐτὴν
1690 2025 2031 2092 ὑπομένομεν
2061 2025 2150 2076 λύα

575 2128 680 2179 μην
702 2125 714 2137 ·
741 2111 797 2159 τὸ
827 2111 933 2176 γαρ
959 2108 1202 2160 πλουτεῖν
1232 2107 1436 2172 ἀγαθὸν
1468 2101 1784 2168 εἶναιδοκεῖ,
1815 2109 1904 2157 καὶ
1933 2109 1959 2157 ό
1984 2106 2149 2174 τῦφος

573 2194 666 2244 καὶ
699 2192 753 2241 αἱ
790 2190 935 2252 δόξαι
986 2190 1080 2240 καὶ
1136 2190 1194 2240 τὸ
1231 2188 1591 2257 περίϐλεπτον
1627 2183 1798 2240 εἶναι’
1851 2189 1944 2239 καὶ
1995 2190 2150 2240 τοῦτο

574 2277 732 2328 πάλιν
759 2275 1060 2341 διώκομεν,
1104 2273 1222 2324 ούδέ
1272 2271 1505 2324 ἐνταῦθα
1544 2272 1640 2340 τὴν
1665 2271 1773 2322 τῶν
1807 2272 2149 2340 πραγμάτων

573 2357 1000 2424 ἐπισκεψάμενοι
1042 2354 1201 2421 φύσιν
1246 2354 1326 2405 ὅτι
1361 2353 1535 2422 καλὴ,
1571 2354 1684 2404 ἀλλ’
1710 2356 1819 2406 ἀπὸ
1853 2356 1949 2423 τῆς
1994 2355 2152 2422 δόξης

572 2441 682 2490 τῶν
736 2439 1010 2490 δεσποτῶν
1055 2435 1204 2506 [102]
1243 2436 1400 2504 ἡμῶν
1448 2435 1825 2503 πεπεισμένοι.
1873 2438 2151 2506 Δεσπότης

574 2524 682 2592 γὰρ
714 2521 868 2590 ἡμῶν
901 2521 928 2572 ό
957 2520 1124 2588 δῆμός
1152 2521 1295 2569 ἐστι·
1335 2519 1427 2570 καὶ
1449 2521 1474 2570 ὁ
1495 2520 1660 2580 πολὺς
1698 2519 1852 2587 ὄχλος
1886 2520 2152 2588 δεσπότης

574 2607 722 2674 ὠμὸς
747 2605 841 2656 καὶ
865 2602 1125 2672 τύραννος
1146 2602 1399 2670 χαλεπός.
1433 2603 1565 2653 Ούδέ
1592 2603 1697 2671 γὰρ
1723 2605 1988 2670 ἐπιταγῆς
2007 2601 2153 2668 αύτῷ

574 2691 654 2741 δεῖ
683 2687 816 2759 πρὸς
847 2689 902 2738 τὸ
924 2685 1257 2755 ἀκουσθῆναι
1291 2685 1418 2754 παρ’
1449 2685 1626 2753 ἡμῶν,
1656 2684 1768 2736 ἀλλ’
1803 2686 1962 2752 ἀρκεῖ
1995 2684 2153 2752 μόνον

575 2775 721 2842 ημᾶς
752 2772 950 2823 εἰδέναι
1006 2770 1056 2819 τί
1108 2768 1353 2836 βούλεται
1377 2807 1390 2829 ,
1449 2769 1541 2818 καὶ
1579 2767 1744 2834 χωρὶς
1781 2767 2156 2834 ἐπιτάγματος

575 2855 800 2922 εῖκομεν
820 2869 832 2882 ·
874 2851 1111 2918 τοσαύτῃ
1144 2849 1322 2918 εὐνοίᾳ
1352 2850 1475 2917 περὶ
1508 2849 1666 2900 αὐτὸν
1692 2847 2024 2918 κεχρήμεθα.
2046 2849 2156 2899 Καὶ

577 2940 605 2987 ὁ
640 2937 739 3004 μὲν
772 2935 903 2994 Θεὸς
934 2932 1051 2984 καθ’
1082 2933 1320 2999 ἑκάστην
1349 2931 1590 2982 ἀπειλῶν
1622 2932 1715 2982 καὶ
1750 2931 2016 2983 νουθετῶν
2054 2930 2155 3000 τῆν

578 3021 810 3090 ἡμέραν,
845 3019 942 3070 οὐκ
973 3017 1226 3068 ἀκούεται
1250 3033 1262 3044 '
1296 3018 1323 3066 ὀ
1344 3015 1399 3066 δὲ
1424 3015 1586 3075 πολὺς
1617 3014 1771 3080 ὄχλος
1803 3016 1896 3064 καὶ
1922 3015 2157 3075 ἄτακτος

577 3103 670 3154 καὶ
703 3099 1048 3170 συρφετώδης
1077 3098 1196 3148 οὐδὲ
1231 3095 1499 3162 ἐπιταγῆς
1532 3097 1723 3163 χρείαν
1753 3096 1887 3163 ἔχει,
1913 3095 2028 3146 ἀλλ’
2059 3097 2158 3163 ἀρ-

578 3188 664 3236 κεῖ
686 3186 844 3253 μόνον
865 3183 1035 3245 δεῖξαι
1072 3180 1210 3230 τίσιν
1231 3178 1544 3247 ἀρέσκεται,
1579 3179 1669 3228 καὶ
1688 3179 1862 3229 πάντα
1882 3177 2155 3230 ὑπακούο-

583 3285 680 3336 μεν
710 3266 928 3326 εὐθέως.
959 3265 1064 3315 Καὶ
1083 3262 1200 3323 πῶς
1230 3262 1294 3313 ἄν
1320 3277 1400 3321 τις
1423 3261 1663 3322 τούτους,
1690 3263 1875 3329 φησιν,
1898 3261 2155 3330 ἀποφύγῃ

514 3384 518 3389 -
579 3352 703 3410 τοὺς
733 3349 1034 3409 δεσπότας;
1074 3346 1134 3398 EE
1169 3346 1351 3412 μεῖζον
1382 3345 1559 3394 αὐτῶν
1603 3343 1858 3412 φρόνημα
1895 3343 2070 3406 λάϐοι,
2109 3344 2157 3394 εί

578 3436 675 3502 τὴν
701 3433 808 3485 τῶν
841 3430 1178 3500 πραγμάτων
1204 3426 1559 3492 ἐπισκέψαιτο
1586 3425 1768 3492 φύσιν,
1791 3427 1840 3476 εί
1863 3425 2157 3495 καταγνοίη

580 3518 678 3583 τῆς
710 3516 818 3567 τῶν
856 3511 1064 3565 πολλῶν
1094 3511 1298 3577 ψήφου,
1332 3510 1378 3558 εἰ
1415 3507 1518 3576 πρὸ
1549 3509 1656 3558 τῶν
1690 3509 1863 3560 ἄλλων
1903 3509 2157 3559 ἁπάντων

582 3602 638 3651 ἐν
670 3599 780 3659 τοῖς
812 3596 978 3653 όντως
1003 3595 1248 3659 αἰσχροῖς
1285 3588 1565 3641 παιδεύσει
1602 3591 1794 3641 ἐαυτὸν
1843 3590 1915 3658 μὴ
1953 3589 2161 3658 ἀνθρώ-

581 3698 738 3741 παυς,
775 3677 910 3730 ἀλλά
940 3675 1026 3728 τὸν
1061 3673 1360 3741 ἀκοίμητον
1407 3671 1683 3739 ὀφθαλμὸν
1722 3671 2034 3734 δεδοικέναι,
2069 3671 2161 3723 καὶ

586 3764 771 3821 ἐντοῖς
822 3758 1046 3824 ἀγαθοῖς
1095 3757 1255 3808 πάλιν
1297 3755 1421 3816 τοὺς
1450 3754 1579 3824 παρ’
1609 3755 1820 3805 ἐκείνου
1865 3755 2160 3820 στεφάνους

583 3845 786 3913 ζητεῖν.
823 3839 981 3891 Οὖτω
1015 3838 1122 3908 γὰρ
1153 3837 1272 3889 οὐδὲ
1305 3839 1362 3887 ἐν
1391 3840 1505 3898 τοῖς
1541 3835 1721 3898 ἄλλοις
1764 3835 1944 3888 αὐτῶν
1978 3835 2162 3898 ἀνεξό-

587 3927 749 3995 μεθα.
796 3925 853 3974 ’0
876 3923 1005 3992 γὰρ,
1047 3921 1209 3989 ἡνίκα
1237 3918 1302 3969 ἂν
1328 3920 1600 3986 κατορθοῖ,
1637 3917 1713 3987 μὴ
1754 3918 1937 3980 ἀξίους
1971 3919 2159 3986 κρίνας

585 4010 824 4069 ἐκείνους
853 4007 1048 4058 εἰδέναι
1076 4001 1240 4055 αὑτοῦ
1273 4003 1340 4052 τά
1362 4000 1783 4068 κατορθώματα,
1813 4000 1926 4050 ἀλλ’
1962 4001 2162 4069 ἀρκού-

588 4109 745 4162 μενος
768 4093 835 4159 τῇ
862 4088 952 4140 τοῦ
975 4086 1108 4138 Θεοῦ
1136 4086 1322 4153 ψήφῳ,
1343 4083 1464 4133 ούδέ
1488 4085 1544 4132 ἐν
1574 4085 1681 4143 τοῖς
1713 4083 1972 4144 ἐναντίοις
2006 4083 2162 4150 λόγον

585 4173 764 4227 αὐτῶν
797 4172 906 4234 ἕξει
927 4170 1068 4221 τινά.
1104 4168 1211 4218 Καὶ
1240 4166 1357 4227 πῶς
1391 4165 1520 4216 αὑτὸ
1554 4165 1712 4217 τοῦτο
1753 4163 1925 4226 ἔσται,
1956 4166 2117 4234 φησίν
2145 4181 2159 4228 ;

655 4320 938 4387 Ἐννόησον
957 4316 1006 4367 τί
1029 4317 1126 4386 μέν
1142 4314 1444 4385 ἄνθρωπος,
1461 4312 1512 4363 τί
1529 4313 1582 4364 δέ
1598 4311 1746 4374 Θεὸς,
1763 4313 1855 4363 καὶ
1874 4312 1990 4363 τίνα
2006 4315 2159 4378 ἀφεὶς

586 4404 690 4454 τίνι
727 4399 1113 4469 προσφεύγεις,
1151 4397 1245 4448 καὶ
1264 4399 1472 4463 ταχέως
1500 4394 1768 4463 διορθώση
1799 4394 1859 4444 τὸ
1889 4396 2019 4446 πᾶν.
2047 4396 2166 4446 Ἀν-

587 4489 804 4556 θρωπος
844 4483 947 4533 ὑπὸ
971 4483 1066 4548 τῆν
1103 4479 1271 4548 αὐτὴν
1294 4477 1567 4545 ἁμαρτίαν
1614 4478 1696 4527 σοί
1740 4480 1914 4528 κεῖται
1945 4479 2036 4528 καὶ
2069 4477 2164 4547 τὴν

587 4569 768 4638 κρίσιν
796 4567 889 4616 καὶ
905 4566 1003 4633 τὴν
1024 4564 1246 4614 κόλασιν
1267 4577 1278 4588 '
1309 4559 1594 4627 ἅνθρωπος
1618 4561 1938 4627 ματαιότητι
1961 4559 2166 4627 ὼμοιώο

588 4654 678 4721 θη,
709 4653 798 4703 καὶ
830 4651 1007 4718 κρίσιν
1041 4646 1206 4716 ὀρθὴν
1231 4646 1329 4695 ςύκ
1360 4645 1493 4710 ἔχει,
1516 4645 1609 4695 καὶ
1629 4643 1796 4693 δεῖται
1828 4642 1926 4707 τῆς
1960 4642 2164 4695 ἄνωθεν

587 4733 921 4800 διορθώσεως
940 4748 951 4758 ·
972 4731 1278 4797 ἄνθρωπος,
1307 4730 1375 4793 γῆ
1400 4731 1493 4778 καὶ
1519 4726 1732 4788 σποδὸς,
1756 4726 1856 4777 κάν
1877 4726 2162 4796 ἐπαινέσῃ,

589 4812 849 4872 πολλάκις
881 4812 1063 4870 ἁπλῶς
1096 4809 1470 4868 ἐπαινέσεται,
1576 4808 1712 4877 πρὸς
1753 4810 1932 4877 χάριν,
2030 4810 2165 4877 πρὸς

588 4895 912 4964 ἀπέχθειαν·
953 4893 1052 4944 κᾶν
1079 4889 1308 4956 διαϐάλῃ
1338 4890 1428 4939 καὶ
1458 4891 1835 4957 κατηγορήσῃ,
1868 4891 2030 4940 πάλιν
2058 4889 2166 4941 ἀπὸ

587 4982 684 5049 τῆς
716 4979 884 5045 αὐτῆς
912 4976 1071 5027 τοῦτο
1092 4973 1387 5043 ἐργάσεται
1407 4973 1651 5038 γνώμης.
1697 4971 1836 5022 Ἀλλ’
1868 4975 1964 5040 οὐχ
1988 4974 2014 5022 ό
2035 4973 2166 5034 Θεὸς

588 5066 780 5125 οὕτως,
823 5062 934 5113 αλλ’
976 5059 1213 5127 ἄληπτος
1251 5056 1492 5124 ἡψῆφος
1529 5055 1713 5116 αὐτου,
1760 5058 1851 5105 καὶ
1893 5056 2165 5124 καθαράή

590 5146 766 5212 κρίσις
794 5143 977 5197 αὑτοῦ.
1013 5143 1122 5193 Καὶ
1153 5140 1257 5209 χρὴ
1288 5138 1374 5190 διά
1397 5138 1568 5188 ταῦτα
1597 5137 1682 5188 ἀεῖ
1712 5136 1846 5206 πρὸς
1878 5136 2038 5188 αὑτὸν
2071 5154 2168 5187 κα-

589 5227 879 5294 ταφεύγειν
897 5243 909 5256 ·
934 5227 994 5277 ού
1029 5224 1115 5284 διὰ
1141 5223 1312 5274 ταῦτα
1339 5220 1394 5272 δέ
1428 5221 1609 5289 μόνον,
1636 5219 1749 5271 ἀλλ’
1775 5221 1857 5270 ὅτι
1887 5220 1980 5271 καὶ
2005 5219 2167 5280 αὐτὸς

589 5309 834 5378 ἐποίησε,
858 5309 947 5358 καὶ
970 5307 1207 5375 φείδεται
1233 5322 1326 5358 σου
1362 5305 1595 5374 μάλιστα
1621 5303 1858 5366 πάντων,
1885 5304 1975 5354 καὶ
2002 5302 2166 5354 αὑτοῦ

590 5391 686 5445 σοῦ
721 5391 923 5462 μᾶλλόν
959 5407 1016 5441 σε
1045 5391 1255 5458 ἀγαπᾷ.
1300 5389 1362 5439 Τί
1393 5388 1572 5439 τοίνυν
1611 5386 1839 5453 ἀφέντες
1868 5387 2010 5455 ἔχειν
2035 5387 2167 5440 θαυ-

594 5476 796 5547 μαστὸν
846 5473 1158 5540 ἐπαινέτην,
1216 5472 1349 5542 πρὸς
1389 5471 1674 5541 ἄνθρωπον
1723 5472 2164 5538 καταφεύγομεν,

591 5560 678 5612 τὸν
707 5557 879 5619 οὐδὲν,
907 5555 996 5606 τὸν
1026 5555 1165 5622 εἰκῆ,
1195 5554 1286 5604 τὸν
1303 5553 1489 5616 ἁπλῶς
1516 5571 1529 5617 ;
1561 5554 1799 5624 Πονηρόν
1831 5571 1888 5605 σε
1910 5552 2168 5621 λέγεικαὶ

595 5641 788 5713 μιαρὸν
817 5641 917 5691 οὐκ
943 5637 1069 5688 ὄντα
1091 5635 1328 5688 τοιοῦτον
1355 5653 1367 5700 ;
1391 5634 1575 5706 Ταύτ¹η
1603 5637 1803 5705 μᾶλλον
1827 5637 1988 5690 αὑτὸν
2023 5637 2169 5707 ἐλέη-

593 5741 706 5786 σον,
727 5724 819 5775 καὶ
841 5723 1111 5788 δάκρυσον
1139 5719 1218 5769 ὅτι
1249 5719 1586 5788 διέφθαρται,
1630 5720 1724 5772 καὶ
1749 5720 2164 5790 καταφρόνησον

593 5808 756 5860 σθ’-τοῦ
788 5806 887 5876 τῆς
913 5806 1069 5876 δόξης
1089 5845 1104 5869 ,
1141 5802 1222 5854 ὅτι
1269 5805 1590 5872 πεπήρωται
1630 5804 1796 5856 αὑτοῦ
1828 5805 1896 5856 τά
1923 5808 2021 5874 τῆς
2049 5805 2166 5857 δια·

595 5890 740 5956 νοίας
775 5891 1028 5962 ὀμματαο
1077 5889 1199 5942 ἐπεὶ
1238 5887 1329 5941 καὶ
1363 5889 1410 5940 οἱ
1443 5889 1729 5942 ἀπόστολοι
1777 5889 1947 5945 ταῦτα
1999 5891 2163 5957 ἡκου-

1260 348 1314 402 S.
1356 346 1640 401 JOANNIS
1679 343 2169 401 CHRYSOSTOMI
2209 343 2528 402 ARCHIEP.
2573 346 3124 403 CONSTANTINOP.

3720 352 3826 407 10⁸2.

2248 477 2366 520 σαν,
2398 461 2490 513 καὶ
2531 461 2842 527 κατεγέλων
2875 462 2982 513 τῶν
3008 459 3420 513 διαϐαλλόντων.
3461 459 3600 514 Ἀλλ’
3622 461 3836 529 ἀγαθόν

2246 557 2305 592 σε
2336 542 2482 608 λέγει
2512 542 2606 592 καὶ
2636 544 2900 611 χρηστόν;
2936 546 3033 595 Ἂν
3071 543 3168 612 μὲν
3191 542 3429 604 τοιοῦτος
3461 537 3547 614 ᾖς,
3584 543 3830 614 μηδόλως

2245 626 2527 694 χαυνωθῇς
2550 626 2658 678 ὑπὸ
2691 626 2790 693 τῆς
2818 627 2974 694 δόξης
2991 643 3004 656 ο
3024 625 3088 678 ἂν
3115 626 3171 678 δέ
3200 627 3272 695 μὴ
3299 622 3362 698 ᾗς
3385 625 3645 689 τοιοῦτος,
3669 627 3830 679 πλέον

2245 709 2680 778 καταφρόνησον,
2719 711 2812 761 καὶ
2861 710 3153 779 χλευασίαν
3195 710 3255 760 τὸ
3286 712 3515 778 πρᾶγμα
3551 707 3688 761 εἶναι
3741 713 3829 764 νό-

2248 792 2391 859 μιζε.
2423 791 2612 843 Βούλει
2657 791 2848 860 μαθεῖν
2899 792 3008 844 τῶν
3039 791 3250 844 πολλῶν
3282 792 3379 853 τὰς
3435 793 3677 860 κρίσεις.
3715 793 3833 855 πῶς

2245 874 2348 924 είσὶ
2381 873 2776 942 διεφθαρμέναι
2808 874 2903 927 καί
2933 875 3198 943 ἄχρηστοι
3243 875 3337 926 καὶ
3383 873 3616 940 γέλωτος
3660 874 3832 938 ἄξιαι,

2245 958 2338 1010 καὶ
2364 959 2416 1009 αί
2450 958 2547 1025 μὲν
2575 957 2897 1026 μεμηνότων
2929 959 3022 1008 καί
3052 957 3442 1024 ἐξεστηκότων.
3472 958 3524 1007 αί
3553 957 3609 1008 δέ
3631 958 3835 1010 παίδων

2246 1039 2610 1099 ύποτιτθίων;
2652 1041 2916 1090 ’Ἄκουσον
2947 1040 3173 1091 ἀνωθεν.
3224 1037 3364 1108 Ἐρῶ
3411 1037 3466 1088 δέ
3505 1055 3586 1089 σοι
3625 1039 3837 1108 κρίσεις

2245 1122 2368 1189 οὐχὶ
2403 1121 2500 1181 τὰς
2534 1120 2625 1172 τοῦ
2657 1121 2829 1189 δήμου
2867 1121 3043 1189 μόνον,
3075 1120 3210 1172 ἀλλά
3237 1124 3331 1171 καὶ
3362 1119 3460 1180 τὰς
3486 1120 3592 1170 τῶν
3612 1121 3837 1173 δοκούν-

2246 1218 2354 1254 των
2376 1199 2513 1255 εἶναι
2537 1204 2884 1269 σοφωτάτων,
2921 1202 3026 1254 τῶν
3055 1203 3112 1266 ἐξ
3157 1203 3333 1270 ἀρχῆς
3373 1201 3700 1269 νομοθετῶν.
3739 1203 3838 1264 Τίς

2240 1287 2359 1360 γὰρ
2381 1287 2446 1339 ἂν
2474 1288 2643 1353 δόξειε
2669 1304 2820 1354 παρα
2849 1288 2959 1346 τοῖς
2987 1285 3200 1345 πολλοῖς
3229 1281 3534 1352 σοφώτερος
3569 1280 3709 1335 εἶναι
3740 1284 3836 1335 τοῦ

2247 1369 2598 1440 νομισθέντος
2653 1369 2806 1432 ἀξίου
2874 1367 3061 1420 πόλεσι
3114 1369 3207 1419 καὶ
3253 1367 3445 1434 δήμοις
3494 1366 3836 1434 νομοθετεῖν;

2261 1454 2400 1505 Ἀλλ’
2423 1454 2573 1521 ὅμως
2607 1455 2719 1514 τοῖς
2765 1454 2951 1519 σοφοῖς
2995 1450 3205 1510 τούτοις
3258 1450 3318 1499 τὸ
3362 1450 3648 1518 πορνεύειν
3683 1449 3840 1501 οὐδὲν

2249 1531 2388 1588 εἶναι
2414 1535 2562 1587 δοκεῖ
2581 1535 2816 1603 πονηρὸν
2846 1533 2967 1586 ούδέ
2993 1533 3268 1593 κολάσεως
3305 1531 3472 1594 ἀξιον.
3498 1531 3689 1593 Ούδεὶς
3706 1532 3840 1598 γοῦν

2247 1620 2356 1672 τῶν
2385 1619 2562 1687 νόμων
2589 1617 2739 1689 [105]
2763 1617 2872 1669 τῶν
2899 1617 3099 1680 ἔξωθεν
3133 1613 3265 1668 αὐτὸ
3295 1614 3578 1677 ἐκόλασεν,
3611 1614 3731 1666 οὖδέ
3758 1617 3841 1678 είς

2247 1702 2597 1769 δικαστήριον
2629 1700 2878 1751 εἵλκυσεν
2910 1698 3164 1750 ἐντεῦθεν
3185 1716 3197 1728 ·
3221 1697 3358 1750 ἀλλά
3388 1697 3491 1748 κᾶν
3523 1696 3724 1769 ἐλκύσῃ
3755 1715 3840 1760 τις

2250 1783 2391 1852 ύπέρ
2423 1781 2652 1841 τούτων,
2683 1780 3059 1845 καταγελῶσιν
3089 1779 3138 1830 οἱ
3172 1779 3376 1840 πολλοὶ,
3402 1778 3497 1830 καὶ
3527 1779 3627 1830 οὐκ
3655 1778 3841 1842 ἀνέξε-

2249 1883 2338 1917 ται
2375 1874 2392 1894 ⁸
2435 1865 2463 1914 ὁ
2488 1862 2745 1924 δικάζων.
2781 1862 2853 1913 Τὸ
2887 1861 3139 1912 κυϐεύειν
3168 1860 3328 1912 πάλιν
3363 1861 3461 1928 τῆς
3493 1861 3622 1930 παρ’
3653 1859 3840 1912 αὐτῶν

2249 1947 2520 2016 τιμωρίας
2560 1944 2706 1996 ἐστὶν
2744 1943 3052 2012 ἐλεύθερον,
3105 1941 3200 1993 καὶ
3232 1941 3408 2002 οὐδεὶς
3444 1941 3586 2009 ὑπὲρ
3632 1941 3842 1992 τούτων

2251 2029 2407 2098 δίκην
2434 2027 2599 2080 ἔδωκέ
2637 2043 2768 2079 ποτε
2805 2027 2933 2096 παρ’
2966 2025 3215 2086 ἐκείνοις.
3260 2024 3333 2076 Τὸ
3355 2022 3574 2092 μεθύειν
3619 2022 3709 2074 καὶ
3739 2039 3844 2090 γαο

2255 2112 2570 2183 στρίζεσθαι
2608 2110 2666 2162 ού
2718 2111 2878 2179 μόνον
2902 2111 3001 2161 οὐκ
3026 2108 3174 2160 ἐστιν
3202 2106 3454 2176 ἔγκλημα
3480 2107 3528 2170 δ,
3562 2105 3700 2157 ἀλλά
3746 2106 3844 2157 καὶ

2256 2194 2591 2264 κατόρθωμα
2629 2195 2779 2263 παρά
2829 2191 3044 2253 πολλοῖς
3093 2185 3234 2242 εἶναι
3281 2189 3630 2257 νενόμισται·
3662 2188 3754 2239 καὶ
3783 2188 3845 2237 ἐν

2253 2280 2365 2338 τοῖς
2402 2277 2814 2347 στρατιωτικοῖς
2851 2274 3087 2337 δείπνοις
3120 2272 3288 2342 πολλὴ
3318 2275 3349 2342 ἡ
3382 2271 3478 2323 τοῦ
3517 2272 3844 2340 πράγματος

2255 2360 2596 2428 ἅμιλλα,καὶ
2646 2359 2696 2408 οἱ
2737 2357 2972 2426 μάλιστα
3024 2353 3408 2423 σωφρονούσης
3457 2353 3695 2413 διανοίας
3745 2352 3846 2403 καὶ

2256 2441 2505 2511 σώματος
2540 2441 2854 2511 ἐρρωμένου
2890 2439 3154 2507 δεόμενοι,
3189 2433 3336 2490 οὗτοι
3383 2436 3616 2505 μάλιστα
3657 2437 3721 2504 τῇ
3749 2451 3847 2485 τυ-

2260 2523 2463 2593 ραννίδι
2487 2523 2880 2592 παραδέδονται
2911 2519 3012 2588 τῆς
3046 2521 3240 2588 μέθης,
3268 2520 3362 2571 καὶ
3388 2519 3445 2570 τὸ
3476 2517 3634 2586 σῶμα
3666 2533 3848 2584 παρα-

2256 2605 2495 2666 λύοντες,
2530 2606 2621 2655 καὶ
2643 2603 2740 2672 τὴν
2771 2603 2948 2672 ψυχὴν
2975 2601 3313 2664 σκοτοῦντες,
3348 2602 3442 2654 καὶ
3476 2600 3582 2652 τῶν
3619 2597 3848 2667 νομοθε-

2255 2689 2364 2742 τῶν
2393 2689 2565 2750 ούδεὶς
2587 2688 2744 2739 τοῦτο
2768 2686 2992 2738 ἐκόλασε
3022 2686 3081 2736 τὸ
3111 2685 3435 2755 ἁμάρτημα.

2331 2780 2393 2825 ε’.
2411 2772 2473 2824 Τί
2496 2770 2697 2838 ταύτης
2717 2769 2814 2838 τῆς
2845 2769 3039 2838 μανίας
3070 2771 3246 2838 χεῖρον
3271 2785 3285 2832 ;
3324 2767 3434 2836 Τῆς
3457 2762 3549 2819 οὖν
3569 2765 3848 2835 εὐφημίας

2255 2857 2362 2909 τῶν
2399 2854 2541 2907 οὕτω
2571 2850 2928 2921 διακειμένων
2955 2851 3258 2919 ἀνθρώπων
3292 2850 3584 2918 ἐπιθυμεῖς
3605 2889 3618 2910 ,
3651 2851 3750 2901 καὶ
3781 2849 3844 2900 οὐ

2258 2939 2610 3008 κατορύττεις
2649 2935 2844 2988 σαυτόν
2869 2951 2884 2997 ;
2910 2934 2972 2984 Εἰ
3002 2934 3110 3003 γὰρ
3142 2932 3236 2984 καὶ
3279 2933 3480 2993 πάντες
3511 2949 3571 2982 σε
3601 2930 3849 3000 ἐθαύμα-

2260 3022 2351 3084 ζον
2375 3022 2422 3071 οἱ
2450 3019 2703 3079 τοιοῦτοι,
2745 3018 2844 3069 ούκ
2881 3016 3045 3086 ἐχρῆν
3081 3013 3434 3083 αἰσχύνεσθαι
3471 3014 3564 3066 καὶ
3607 3012 3847 3080 ἐγκαλύ-

2261 3102 2510 3166 πτεσθαι,
2535 3101 2666 3172 παρ’
2688 3099 2990 3170 ἀνθρώπων
3013 3099 3153 3151 οὕτω
3171 3098 3577 3168 διεφθαρμένων
3599 3097 3698 3158 τὰς
3722 3096 3843 3165 κρί-

2260 3205 2374 3250 σεις
2412 3185 2773 3256 κροτούμενον
2798 3202 2812 3248 ;
2841 3183 3006 3235 Πάλιν
3038 3182 3354 3252 βλασφημία
3388 3183 3497 3243 τοῖς
3519 3178 3842 3249 νομοθέταις

2258 3270 2408 3323 ούδέν
2441 3265 2580 3320 εἶναι
2600 3269 2746 3319 δοκεῖ
2762 3265 2990 3336 φοϐερόν
3011 3278 3030 3304 ο
3044 3283 3056 3295 ·
3077 3266 3250 3327 οὐδεὶς
3273 3263 3404 3331 γοῦν
3419 3264 3510 3316 τὸν
3529 3262 3661 3315 Θεὸν
3679 3261 3847 3330 βλασ-

2261 3358 2542 3422 φημήσας,
2585 3351 2663 3412 είς
2693 3351 2752 3402 τὸ
2786 3350 3133 3418 δικαστήριον
3173 3346 3431 3413 εἱλκύσθη
3453 3345 3547 3397 καὶ
3573 3345 3729 3414 δίκην
3762 3345 3850 3397 δέο

2258 3436 2448 3487 δωκεν.
2497 3433 2635 3486 Ἀλλ’
2668 3432 2763 3484 ἐὰν
2794 3433 2892 3500 μὲν
2914 3432 2973 3482 τὸ
3004 3430 3215 3499 ἱμάτιόν
3242 3445 3324 3490 τις
3359 3423 3550 3498 κλέψῃ,
3589 3427 3621 3496 ἢ
3647 3427 3850 3496 βαλάν-

2259 3535 2371 3568 τιον
2401 3517 2653 3584 διατέμῃ.
2685 3515 2777 3566 καὶ
2815 3515 2917 3575 τὰς
2952 3512 3194 3579 πλευρὰς
3236 3509 3575 3578 διορύττεται
3616 3511 3709 3562 καὶ
3749 3510 3848 3560 θα-

2263 3600 2406 3667 νάτῳ
2439 3597 2794 3667 παραδίδοται
2819 3594 3080 3654 πολλάκις
3100 3610 3112 3623 ο
3143 3593 3232 3644 τὸν
3249 3592 3304 3643 δέ
3329 3591 3461 3644 Θεὸν
3482 3590 3848 3661 βλασφημῶν,

2261 3683 2361 3735 οὐκ
2388 3679 2704 3747 ἐγκαλεῖται
2745 3677 2900 3747 παρά
2939 3675 3049 3727 τῶν
3091 3675 3194 3739 ἐξω
3226 3672 3554 3743 νομοθετῶν.
3590 3672 3706 3726 Κάν
3733 3673 3850 3725 δούς

2263 3766 2361 3834 λην
2395 3761 2738 3831 προσφθείρη
2765 3777 2846 3822 τις
2877 3761 3109 3826 γυναῖκα
3156 3756 3316 3825 ἔχων,
3341 3757 3494 3809 οὐδὲν
3527 3752 3664 3810 εἶναι
3702 3757 3850 3808 δοκεῖ

2262 3852 2373 3909 τοῖς
2395 3846 2581 3914 νόμοις
2621 3847 2735 3906 τοῖς
2769 3843 2969 3908 ἔξωθεν
2993 3841 3113 3893 ούδέ
3145 3842 3257 3902 τοῖς
3290 3839 3528 3901 πολλοῖς.

2334 3928 2523 3979 Βούλει
2553 3927 2652 3984 ,καὶ
2690 3926 2854 3993 ἐτερα
2899 3924 3061 3975 πάλιν
3096 3921 3328 3973 ἀκοῦσαι
3349 3921 3632 3972 δεικνύντα
3665 3920 3848 3971 αὐτῶν

2260 4013 2360 4081 τὴν
2388 4012 2605 4072 ἀνοιαν;
2646 4006 2820 4058 ταῦτα
2849 4007 2946 4074 μὲν
2971 4005 3079 4073 γάρ
3113 4004 3173 4054 ού
3202 4003 3523 4064 κολάζουσιν
3545 4043 3558 4067 ,
3593 4002 3756 4070 ἐτερα
3790 4002 3846 4054 δὲ

2263 4096 2356 4146 καὶ
2378 4088 2760 4160 νομοθετοῦσιν
2789 4087 2965 4140 αὐτοί.
3004 4087 3136 4137 Τίνα
3168 4081 3260 4138 οὖν
3288 4087 3424 4137 εἰσιν
3448 4087 3667 4149 ἐκεῖνα;
3705 4082 3845 4136 Θέα-

2262 4193 2368 4247 τρα
2399 4174 2711 4240 συνάγουσι,
2776 4172 2864 4223 καὶ
2915 4169 3131 4240 πορνῶν
3177 4170 3293 4220 ἐκεῖ
3338 4165 3613 4236 γυναικῶν
3649 4169 3845 4237 χοροὺς

2264 4260 2574 4325 εἰσάγοντες
2609 4257 2703 4308 καὶ¹
2749 4254 2946 4315 παῖδας
2977 4251 3455 4322 πεπορνευμένους
3494 4250 3586 4302 καὶ
3633 4249 3710 4309 είς
3749 4247 3846 4316 τὴν

2265 4341 2426 4410 φύσιν
2457 4341 2626 4406 αὐτὴν
2653 4338 3057 4407 ἐνυϐρίζοντας,
3089 4334 3374 4397 καθίζουσι
3419 4333 3508 4383 τὸν
3535 4332 3704 4400 δῆμον
3736 4333 3849 4384 ἀνω

2267 4426 2465 4488 πάντα,
2509 4422 2652 4474 οὓτω
2695 4420 2792 4488 τὴν
2841 4420 2993 4470 πόλιν
3022 4415 3500 4486 ψυχαγωγοῦντες,
3543 4413 3686 4465 οὕτω
3721 4415 3848 4473 τοὺς

2269 4508 2540 4577 μεγάλους
2600 4503 2840 4563 ἐκείνους
2881 4500 3158 4568 βασιλέας,
3213 4497 3304 4559 οὓς
3345 4499 3430 4549 ἀεὶ
3471 4497 3848 4565 θαυμάζουσιν

2267 4592 2358 4642 ἐπὶ
2389 4585 2664 4658 τροπαίοις
2698 4585 2791 4636 καὶ
2825 4585 3020 4646 νίκαις,
3049 4579 3458 4650 στεφανοῦντες.
3492 4582 3683 4632 Καίτοι
3713 4595 3772 4646 γε
3796 4578 3849 4629 τί

2267 4672 2365 4739 τῆς
2399 4670 2569 4738 τιμῆς
2597 4667 2800 4734 ταύτης
2824 4666 3158 4735 ψυχρότερον
3179 4682 3193 4728 ;
3217 4663 3267 4715 τί
3296 4663 3394 4731 τῆς
3419 4663 3609 4732 ἡδονῆς
3632 4661 3848 4729 ἐκείνης

2270 4755 2625 4822 ἀηδέστερον;
2677 4752 2740 4804 ἐκ
2774 4752 2979 4804 τούτων
3018 4746 3110 4802 οὖν
3163 4750 3457 4809 ἐπαινέτας
3506 4746 3690 4813 ζητεῖς
3738 4745 3849 4797 τῶν

2267 4837 2444 4904 ἔργων
2472 4837 2580 4886 τῶν
2614 4834 2757 4898 σῶν;
2801 4835 2894 4885 καὶ
2932 4832 3072 4902 μετά
3119 4830 3405 4900 ὀρχηστῶν
3441 4832 3533 4880 καὶ
3590 4827 3849 4894 μαλακῶν

2269 4919 2362 4969 καὶ
2389 4915 2572 4986 μίμων
2603 4919 2698 4968 καὶ
2716 4917 2930 4984 πορνῶν
2951 4913 3226 4982 γυναικῶν
3253 4911 3525 4979 εὐφημίας
3555 4909 3849 4964 ἀπολαύει-ι

2271 5001 2478 5061 θέλεις,
2513 5001 2634 5051 εἰπέ
2671 5017 2795 5068 μοι;
2836 4998 3069 5059 καὶπῶς
3101 4998 3201 5047 ούκ
3237 4995 3302 5046 ἂν
3344 4996 3428 5063 είη
3463 4991 3632 5044 ταῦτα
3673 5009 3851 5060 παρα-

2269 5083 2414 5143 νοίας
2450 5082 2681 5152 ἐσχάτης
2706 5100 2720 5145 ;
2762 5083 2964 5142 Ἡδέως
2988 5081 3096 5147 γὰρ
3122 5078 3186 5129 ἂν
3219 5077 3413 5138 αὐτοὺς
3441 5076 3666 5146 ἐροίμην
3693 5092 3706 5103 ·
3733 5080 3850 5124 Δει-

2269 5166 2358 5217 νὸν
2374 5167 2498 5226 τοὺς
2521 5164 2620 5233 τῆς
2645 5164 2861 5231 φύσεως
2891 5159 3294 5230 ἀνατρέπεσθαι
3324 5160 3541 5227 νόμους,
3561 5160 3652 5209 καὶ
3676 5171 3852 5223 παρα-

2269 5248 2467 5317 νόμους
2500 5246 2818 5314 εἰσάγεσθαι
2856 5243 3064 5314 μίξεις;
3107 5243 3323 5303 πάντως
3365 5231 3605 5310 ἐροῦσιν,
3637 5240 3717 5290 ὅτι
3746 5238 3850 5287 δει-

2270 5335 2357 5384 νόν
2378 5347 2390 5358 ·
2419 5329 2638 5382 δοκοῦσι
2685 5328 2817 5396 γοῦν
2844 5327 2939 5379 καὶ
2990 5324 3239 5387 κολάζειν
3290 5324 3348 5375 τὸ
3383 5325 3641 5392 ἀνόμημα
3668 5318 3844 5370 τοῦτο.

2270 5416 2334 5467 Τί
2361 5411 2452 5466 οὖν
2479 5415 2605 5475 τοὺς
2631 5413 2998 5482 ἡταιρηκότας
3027 5409 3268 5469 ἐκείνους
3312 5407 3584 5472 είσάγεις;
3623 5403 3718 5454 καὶ
3751 5402 3849 5453 οὐκ

2269 5502 2508 5568 εἰσάγεις
2535 5499 2718 5570 μόνον,
2751 5495 2887 5549 ἀλλὰ
2917 5494 3008 5545 καὶ
3038 5493 3202 5563 τιμᾷς
3237 5491 3458 5561 μυρίαις
3487 5487 3581 5570 καί
3624 5485 3848 5552 ἀφάτοις

2268 5567 2495 5654 δωρεαῖς
2519 5567 2546 5646 ς’
2578 5578 2839 5648 Ἀλλαχοῦ
2878 5579 3000 5638 τοὺς
3025 5577 3092 5628 τά
3122 5574 3349 5628 τοιαῦτα
3397 5567 3715 5638 τολμῶντας
3756 5585 3847 5620 κο·

2267 5653 2465 5733 λάζων,
2520 5663 2755 5719 ἐνταῦθα
2793 5662 2850 5715 δέ
2892 5661 2986 5714 καὶ
3033 5660 3107 5723 ὡς
3156 5657 3472 5725 εὐεργέταις
3529 5655 3726 5716 κοινοῖς
3752 5653 3849 5722 τῆς

2331 5839 2356 5867 ⁸
2387 5837 2534 5945 Βρὶζη
2557 5835 2637 5881 καὶ
2671 5834 2799 5895 ὅμως
2822 5833 3057 5902 ἀνέχεται.
3121 5829 3150 5866 ³³
3178 5829 3325 5891 393.,
3371 5829 3425 5877 οὗ
3470 5829 3610 5891 μόνον
3644 5829 3698 5878 οὐ
3722 5829 3852 5879 δοιεῖ

2331 5936 2338 5945 .
2411 5903 2431 5928 ο
2486 5907 2531 5945 La
2559 5899 2679 5945 ιὶιιιι.
2714 5897 2843 5945 lium
2867 5908 3004 5945 vero.
3029 5893 3163 5942 οὐδὲν
3188 5893 3304 5942 εἶναι
3337 5893 3548 5945 φοϐερόν.

2271 5899 2338 5960 ἔγ.
2411 5903 2431 5928 ο
2460 5893 2531 5945 [ιιι
2559 5899 2679 5958 Reg.
2705 5893 2843 5946 Eum
2867 5893 3004 5953 vero,
3029 5893 3163 5942 οὐδὲν
3188 5893 3304 5942 εἶναι
3337 5893 3548 5959 φοϐερόν.

3844 42 3995 144 Γ-

3917 131 3944 144 -ι

3917 131 3944 146 -κ
