3986 6206
210 364 296 420 101

207 496 463 535 rmsesse
493 482 697 535 videtur
728 480 777 534 id
821 481 958 549 quod
1005 482 1203 534 dictum
1245 490 1329 533 est
1404 494 1621 532 necesse
1662 490 1792 544 ergo

204 583 282 624 est
333 572 385 625 id
434 572 633 624 clarius
672 573 980 641 explanare.
1027 571 1160 624 Cum
1206 571 1531 624 fornicamur
1559 572 1795 636 (oportet

204 662 346 715 enim
374 676 405 714 a
431 662 545 727 jam
573 664 731 717 dictis
758 663 1035 731 incipere),
1064 663 1305 716 homines
1330 664 1496 732 magis
1521 662 1790 725 timemus,

203 770 361 820 quam
412 754 608 809 Deum.
639 756 773 821 Quia
804 755 962 823 igitur
994 770 1091 809 nos
1121 755 1199 809 sic
1234 756 1313 809 eis
1343 754 1685 823 subjecimus,
1726 751 1791 805 il-

204 844 390 909 losqne
419 844 669 898 dominus
702 855 915 901 nostros
941 846 1347 908 constituimus;
1369 845 1529 899 multa
1557 859 1683 897 vero
1711 842 1792 895 bis

201 935 435 988 dominis
463 951 584 989 esse
615 937 754 990 mala
790 936 1055 1003 videntur,
1097 953 1215 1005 quae
1247 940 1384 990 mala
1430 951 1534 989 non
1561 942 1704 995 sunt,
1737 942 1792 988 et

203 1026 286 1079 illa
310 1027 565 1080 similiter
595 1027 845 1096 fugimus.
889 1028 1126 1098 Exempli
1167 1042 1348 1092 causa,
1393 1025 1443 1080 in
1478 1032 1789 1096 paupertate

201 1118 382 1170 vivere
415 1119 599 1171 multis
627 1125 779 1185 turpe
806 1133 924 1173 esse
954 1118 1163 1172 videtur
1196 1136 1208 1169 :
1233 1128 1287 1171 et
1313 1125 1674 1185 paupertatem
1704 1114 1785 1166 fu-

200 1209 394 1276 gimus,
428 1224 537 1261 nun
569 1212 708 1276 quod
756 1211 923 1277 turpis
952 1210 1021 1263 sit
1065 1224 1161 1261 nec
1192 1208 1332 1278 quod
1366 1218 1573 1275 turpem
1600 1207 1787 1259 creda-

199 1315 334 1361 mus,
366 1301 466 1355 sed
496 1303 617 1369 quia
650 1302 879 1355 dominis
910 1301 1103 1355 nostris
1132 1315 1251 1355 esse
1283 1299 1449 1367 turpis
1474 1298 1703 1362 videtur,
1733 1307 1786 1351 ct

198 1390 316 1443 illus
349 1392 622 1445 timemus.
671 1392 875 1447 Rursus
919 1391 1223 1444 inhonorari
1272 1398 1325 1443 et
1354 1390 1623 1443 contemni
1669 1388 1789 1441 nul-

197 1484 412 1553 lamqne
458 1489 654 1540 habere
682 1496 1020 1555 potestatem.
1062 1500 1090 1536 a
1120 1483 1299 1536 nmltis
1331 1493 1481 1551 turpe
1514 1492 1568 1537 et
1594 1480 1784 1534 \â€˜iliSal-

194 1590 342 1629 mum
389 1578 749 1631 existimatur.
800 1576 910 1630 lloc
951 1591 1157 1633 rursum
1208 1574 1467 1642 fugimus,
1518 1586 1621 1626 non
1668 1586 1781 1623 rem

194 1668 539 1729 damnantes.
578 1669 668 1722 sed
703 1678 919 1736 progitcr
956 1667 1293 1720 dominorum
1333 1676 1631 1718 nostrorum
1661 1678 1783 1716 sen-

194 1762 438 1813 tentiam.
475 1758 702 1812 Rursum
730 1775 761 1813 e
790 1760 1056 1812 eontrario
1083 1758 1323 1811 eannlem
1349 1758 1576 1823 pitimur
1598 1754 1777 1823 perni-

191 1851 325 1904 ciem
359 1869 371 1903 :
406 1867 530 1903 nam
561 1852 777 1905 divitem
810 1866 949 1912 esse.
986 1852 1183 1903 bonum
1212 1864 1330 1902 esse
1360 1847 1588 1911 videtur,
1621 1848 1776 1899 item-

188 1956 292 2009 que
322 1940 496 1994 fastus
526 1953 575 1994 et
601 1941 767 2009 gloria
794 1950 847 1993 et
876 1940 1083 1993 claritas
1111 1958 1122 1992 :
1153 1947 1206 1991 et
1230 1938 1329 1991 hoc
1358 1954 1567 1991 rursum
1599 1951 1778 2005 persc-

189 2032 427 2097 qnimur,
461 2046 566 2084 non
596 2047 771 2085 rerum
806 2040 1045 2084 naturam
1080 2040 1137 2083 ut
1184 2031 1375 2083 bonam
1404 2029 1773 2097 reSpicientes,

188 2123 279 2175 sed
310 2139 373 2175 ex
400 2123 655 2189 Opinione
679 2116 1016 2175 dominorum
1046 2130 1350 2175 nostrorum
1382 2120 1637 2186 persuasi.
1675 2118 1775 2171 Du-

192 2214 363 2266 minus
385 2215 588 2282 quippe
617 2224 799 2265 noster
830 2223 907 2267 est
948 2213 1206 2280 populus;
1238 2223 1288 2266 et
1320 2212 1457 2279 vulgi
1492 2210 1640 2264 turba
1673 2209 1771 2262 do-

191 2307 360 2357 minus
386 2313 495 2365 est,
524 2318 697 2357 sevus
724 2304 1077 2373 immanisque
1105 2312 1383 2373 tyrannus.
1418 2300 1599 2369 Neque
1628 2301 1770 2353 enim

188 2408 319 2462 opus
339 2402 426 2446 est
458 2402 512 2445 ut
541 2393 786 2462 imperet,
818 2402 869 2445 ut
895 2393 940 2446 ei
972 2391 1358 2461 obsequantur;
1391 2388 1483 2444 scd
1512 2388 1640 2443 satis
1665 2397 1766 2453 est,

187 2485 227 2538 si
256 2498 354 2538 nos
394 2482 526 2553 quid
570 2484 643 2537 illi
676 2484 879 2551 placeat
906 2484 1157 2547 sciamus,
1190 2490 1247 2536 et
1276 2481 1391 2535 sine
1428 2480 1577 2549 jussu
1612 2494 1768 2549 pare-

187 2588 299 2627 mus
327 2590 341 2625 :
374 2582 523 2626 tanta
552 2573 751 2626 utimur
777 2588 900 2641 erga
939 2573 1085 2626 illum
1115 2572 1503 2625 benevolentia.
1545 2570 1608 2625 Et
1633 2570 1769 2624 Deus

184 2666 397 2731 quidem
425 2666 667 2733 quotidie
697 2665 871 2718 minas
916 2666 1182 2717 intentans
1216 2673 1271 2718 et
1313 2664 1628 2729 admonens,
1662 2679 1767 2717 non

184 2756 435 2819 auditur;
467 2756 621 2807 turba
648 2764 827 2808 autem
861 2755 1228 2822 incomposita,
1254 2754 1349 2807 {aut
1376 2755 1669 2818 hominum,
1701 2769 1767 2807 nc

184 2846 436 2899 mandato
463 2845 677 2915 quidem
702 2860 839 2914 Opus
867 2845 1057 2905 habet;
1087 2845 1179 2899 sed
1209 2846 1337 2899 satis
1364 2854 1466 2908 est,
1491 2853 1546 2898 ut
1572 2845 1767 2898 indicet

180 2939 303 3007 quid
332 2938 435 2992 sibi
465 2939 689 3007 placeat,
722 2949 775 2992 et
806 2938 983 2991 statim
1017 2938 1069 2993 in
1098 2937 1344 2991 omnibus
1387 2938 1484 3005 ipsi
1513 2938 1765 3006 obsequi-

178 3044 319 3082 mnr.
354 3028 420 3082 Et
458 3028 749 3095 quomodo,
780 3027 1004 3097 inquies,
1050 3028 1211 3081 hosce
1250 3028 1495 3082 dominos
1534 3028 1767 3097 effugere

176 3122 293 3192 quis
322 3121 532 3188 possit?
574 3102 627 3172 Si
670 3119 923 3187 majorem
952 3134 1106 3186 quam
1139 3119 1211 3171 illi
1244 3133 1463 3172 sensum
1506 3129 1762 3185 aSsumat,

178 3213 223 3267 si
246 3229 429 3267 rerum
449 3219 689 3265 naturam
712 3221 934 3280 spectet,
960 3214 1002 3264 si
1030 3210 1170 3280 vulgi
1202 3211 1463 3265 calculum
1485 3212 1761 3279 deSpiciat,

175 3303 218 3358 si
244 3315 371 3357 ante
403 3302 506 3355 alia
536 3302 714 3355 omnia
745 3303 795 3355 in
829 3303 910 3365 iis,
942 3317 1059 3370 quae
1092 3316 1217 3357 vere
1248 3305 1417 3371 turpia
1447 3311 1590 3368 sunt,
1615 3304 1762 3372 seip-

178 3410 291 3447 sum
326 3396 395 3448 ita
428 3394 685 3457 instituat,
725 3403 780 3448 ut
810 3410 916 3447 non
954 3394 1217 3457 homines,
1243 3394 1335 3447 sed
1368 3394 1665 3447 insnmnem
1699 3393 1759 3445 il-

180 3487 285 3538 lum
315 3486 530 3539 oculum
579 3494 797 3547 metuat,
828 3494 881 3539 et
917 3484 967 3538 in
1002 3484 1154 3537 bonis
1198 3501 1408 3538 rursum
1445 3500 1668 3538 enronas
1696 3485 1762 3537 ab

181 3578 265 3631 illo
294 3584 521 3646 qna-rat.
554 3578 624 3630 Ita
651 3578 791 3631 enim
826 3593 994 3646 neque
1035 3578 1086 3630 in
1130 3576 1246 3629 aliis
1280 3577 1549 3628 hominum
1578 3591 1759 3628 auram

180 3668 432 3721 feremus.
462 3667 593 3721 Nam
622 3668 709 3735 qui
750 3683 869 3721 cum
904 3679 1043 3722 recte
1084 3668 1211 3736 agit.
1245 3683 1308 3721 nc
1336 3667 1523 3735 dignos
1548 3667 1759 3736 quidem

177 3769 361 3812 censet
388 3757 530 3819 illos,
554 3756 645 3825 qui
672 3773 762 3809 sua
792 3770 937 3811 recte
960 3758 1092 3810 facta
1116 3759 1311 3821 norint,
1338 3758 1429 3809 scd
1450 3758 1536 3809 Î™)Ïá½·
1557 3758 1763 3811 Calculo

176 3860 464 3903 contentus
486 3862 587 3909 est.
623 3848 794 3916 ncâ€˜que
818 3850 869 3901 in
892 3849 1171 3902 contrariis
1196 3852 1424 3917 aliquam
1456 3862 1638 3901 eorum
1675 3865 1759 3900 ra-

176 3942 378 3993 tionem
410 3938 647 3993 habebit.
704 3937 770 3991 Et
807 3939 1075 4007 quomodo
1104 3980 1117 3999 ,
1161 3938 1393 4007 inquies,
1446 3937 1545 3991 hoc
1592 3939 1761 4007 ipsum

174 4032 316 4086 en't?

250 4122 529 4173 "ominum
559 4120 733 4173 Iaudes
770 4136 867 4170 non
898 4120 1199 4188 quaâ€˜rnndttâ€™,
1237 4118 1322 4170 sed
1357 4117 1465 4171 Dei.
1492 4149 1557 4161 -Ï…
1579 4119 1759 4187 Cogita

176 4213 302 4282 quid
335 4214 405 4264 sit
431 4214 610 4274 homo,
637 4209 760 4279 quid
786 4213 847 4261 ~it
882 4211 1037 4275 Deus,
1070 4220 1122 4262 et
1144 4225 1247 4278 quo
1269 4210 1489 4263 dimisso
1513 4210 1576 4261 ad
1604 4226 1759 4278 quem

178 4304 472 4373 confugias,
506 4312 560 4355 et
590 4305 695 4354 eitu
724 4314 888 4353 totum
916 4301 1168 4370 corriges.
1195 4300 1365 4353 llomo
1389 4309 1563 4355 tecum
1587 4301 1759 4353 eidem

182 4394 397 4463 peculii
448 4394 708 4461 subjaeet,
762 4392 933 4445 eidem
970 4392 1193 4461 judicio.
1236 4390 1407 4443 eidem
1453 4390 1757 4459 supplicio:

183 4506 340 4541 nomo
372 4490 592 4540 vanitati
625 4488 809 4541 similis
843 4491 1010 4540 lactus
1028 4497 1129 4550 est,
1154 4500 1355 4541 rectum
1375 4487 1631 4556 judicium
1658 4501 1759 4539 non

184 4586 357 4641 habet.
392 4588 449 4632 et
488 4594 717 4646 superna
758 4590 878 4647 eget
907 4579 1240 4632 correctione
1282 4596 1292 4629 :
1334 4578 1515 4638 homo.
1546 4587 1683 4630 terra
1710 4585 1764 4629 et

181 4672 331 4733 cinis,
366 4672 411 4723 si
449 4670 647 4730 laudet,
693 4686 834 4736 saepe
880 4679 1079 4723 temere
1116 4669 1367 4733 laudabit,
1410 4678 1499 4727 aut
1540 4669 1605 4721 ad
1645 4682 1763 4737 gra-

186 4773 304 4811 nam
349 4770 443 4813 aut
482 4775 545 4814 ex
576 4760 726 4819 uilio;
761 4762 802 4811 si
831 4760 1186 4813 calumnietur
1216 4769 1269 4813 et
1301 4769 1535 4824 accuset,
1578 4774 1763 4813 rursns

184 4850 366 4899 eodem
399 4850 579 4902 animo
608 4849 655 4899 id
688 4848 826 4900 facit.
859 4851 927 4901 At
956 4865 1059 4901 non
1096 4850 1161 4901 ita
1197 4851 1367 4911 lleus;
1412 4850 1503 4903 sed
1538 4850 1764 4917 irreprc-

187 4941 459 4992 hensibilis
479 4951 559 4992 est
586 4940 698 5005 ejus
720 4940 976 5000 calculus.
1010 4950 1060 4991 et
1091 4956 1274 5007 purtnn
1303 4940 1561 5007 judicium
1596 4942 1760 4995 illius.

187 5029 416 5098 Ideoque
458 5041 668 5099 oportet
707 5046 918 5098 semper
944 5031 1008 5083 ad
1059 5031 1201 5084 illum
1230 5032 1553 5101 confugere;
1589 5048 1765 5101 neque

186 5125 301 5178 ideo
330 5130 559 5183 tantum,
590 5125 681 5174 sed
709 5125 827 5193 quia
850 5126 1006 5178 etiam
1032 5124 1142 5191 ipsc
1165 5133 1214 5175 te
1239 5124 1377 5187 l'ccit,
1398 5136 1447 5177 et
1466 5128 1582 5193 p'us
1604 5141 1761 5194 quam

187 5229 372 5269 omnes
411 5214 499 5266 tibi
535 5218 726 5280 paruit,
772 5216 1043 5285 magisque
1088 5225 1135 5269 te
1179 5224 1343 5278 amat,
1372 5232 1527 5282 quam
1569 5224 1621 5267 tn
1653 5216 1765 5283 ipse

190 5324 237 5361 te
266 5322 433 5362 ames.
471 5303 577 5357 Cur
615 5320 742 5373 ergo
789 5316 893 5359 tam
933 5309 1157 5360 mirabili
1191 5296 1353 5361 misso
1386 5307 1658 5359 laudatore
1698 5307 1764 5360 ad

192 5402 455 5455 hominem
479 5402 814 5469 confugimus
840 5402 928 5466 qui
956 5403 1086 5454 nihil
1116 5411 1218 5465 ÎµÎµÎ¹,
1249 5402 1337 5469 qui
1368 5400 1559 5453 frustra
1589 5411 1641 5452 et
1683 5412 1763 5455 lc-

194 5508 333 5547 inere
359 5493 536 5546 Omnia
569 5488 724 5545 facit?
754 5489 944 5543 Malum
979 5502 1028 5545 te
1070 5493 1198 5545 dicit
1224 5503 1273 5547 et
1297 5491 1605 5553 scelestum,
1639 5507 1759 5545 cmn

197 5587 307 5639 talis
338 5603 441 5641 non
482 5588 597 5639 sis?
644 5585 731 5639 Illa
773 5583 840 5638 de
865 5600 1023 5637 causa
1055 5586 1223 5655 magis
1252 5588 1398 5641 illum
1431 5586 1687 5640 miserare
1714 5595 1767 5640 et

196 5677 342 5741 deï¬‚e.
371 5680 491 5749 quia
524 5685 811 5748 corruptus
834 5686 935 5739 est,
963 5676 1183 5745 ejusque
1207 5680 1429 5748 gloriam
1458 5686 1762 5741 cnntcmnc,

197 5773 306 5838 quia
344 5788 456 5843 ejus
508 5773 707 5825 mentis
746 5770 881 5825 oculi
928 5771 1175 5824 exczrcati
1221 5781 1341 5826 sunt
1382 5771 1680 5842 :siquidcm
1710 5780 1764 5826 et

499 5868 779 5927 Î¹á¼ˆÏ„Î¹Î¹Î¿Î¹.
828 5864 943 5923 (in.
1000 5864 1156 5924 LXI.

1301 365 1367 419 Î™Î
1408 361 1621 420 EPIST.
1666 360 1683 413 Î™
1747 360 1835 415 AD
1872 358 2025 415 COR.
2070 359 2300 415 llOMlL.
2343 361 2458 417 Î§Î—.

3390 372 3488 425 N9.

1906 476 2129 541 apostoli
2164 476 2275 530 haec
2306 478 2603 539 audierunt.
2636 492 2685 533 et
2719 480 2835 533 illos
2864 496 2921 535 se
2950 483 3339 539 calumniantes
3372 490 3485 540 nn-

1900 575 2107 619 scrunt.
2138 568 2205 620 At
2228 576 2276 621 te
2310 569 2504 622 bonum
2536 583 2587 622 et
2618 571 2801 624 utilem
2828 574 2995 627 dicit?
3033 574 3091 629 Si
3122 578 3241 630 talis
3271 578 3483 645 quidem

1898 655 1991 719 sis,
2026 655 2171 710 nullo
2198 657 2357 709 modo
2398 674 2427 711 a
2479 659 2567 712 tali
2615 661 2779 729 gloria
2808 663 3134 725 etnolliaris;
3164 667 3206 718 si
3236 682 3338 720 non
3363 668 3484 721 talis

1896 746 1995 811 sis,
2015 748 2179 816 magis
2201 748 2439 817 des'pice,
2472 762 2523 804 et
2549 766 2657 806 rem
2682 766 2801 806 esse
2830 755 2938 806 risu
2967 755 3176 825 dignam
3207 767 3352 827 puta.
3387 759 3480 813 \â€˜is

1896 835 2031 888 scire
2056 850 2213 902 quam
2236 848 2485 907 corrupta
2514 840 2619 894 sint
2649 842 2788 912 vulgi
2812 842 3033 911 judicia,
3062 862 3219 914 quam
3249 847 3479 911 inutilia,

1894 940 2050 994 quam
2089 928 2346 994 ridicula;
2401 940 2456 985 et
2492 933 2592 986 alia
2634 936 2846 1003 quidem
2879 936 3165 993 furentium
3211 951 3263 994 et
3301 952 3479 997 mente

1892 1024 2187 1082 captorum,
2218 1018 2319 1071 alia
2369 1036 2496 1074 vero
2546 1022 2825 1079 infamium
2870 1028 3218 1085 lamentimn?
3254 1036 3387 1089 Audi
3420 1048 3479 1091 ut

1893 1102 2089 1160 fuerint
2115 1107 2221 1175 jam
2248 1110 2397 1163 olim.
2423 1110 2629 1167 Judicia
2663 1130 2791 1169 vero
2815 1118 2904 1171 tibi
2935 1120 3226 1189 proferam,
3256 1142 3359 1180 non
3385 1144 3477 1197 po-

1895 1196 2001 1262 puli
2031 1206 2255 1263 tantum,
2282 1200 2372 1253 sed
2414 1218 2600 1257 eorum
2628 1206 2714 1273 qui
2754 1209 3133 1276 sapientissimi
3165 1232 3283 1271 esse
3326 1220 3475 1275 ride-

1891 1286 2083 1379 bantur
2102 1330 2117 1353 ,
2148 1292 2344 1361 quique
2372 1294 2702 1361 legislatores
2732 1300 2963 1353 fuerunt.
2996 1304 3124 1368 Quis
3149 1308 3291 1361 enim
3333 1312 3473 1379 apud

1891 1378 2076 1449 vulgus
2106 1383 2395 1450 sapientior
2424 1386 2589 1441 videri
2619 1391 2784 1458 possit
2811 1406 2898 1457 eo,
2928 1396 3015 1463 qui
3039 1394 3231 1466 dignus
3262 1378 3473 1455 habitus

1886 1476 1988 1532 est,
2024 1480 2077 1523 ut
2103 1471 2403 1528 civitatibus
2430 1484 2483 1529 et
2516 1479 2723 1547 populis
2755 1481 2898 1551 leges
2922 1488 3181 1552 poneret?
3212 1492 3462 1547 Attamen

1887 1562 2034 1617 hisce
2084 1566 2412 1632 sapientibus
2459 1571 2706 1625 fornicari
2758 1576 2887 1628 nihil
2944 1578 3153 1634 videtur
3192 1596 3309 1635 esse
3344 1583 3466 1638 mali

1886 1668 1983 1706 nec
2012 1656 2285 1723 punitione
2314 1658 2554 1727 dignum.
2588 1662 2740 1718 Nulla
2772 1666 2913 1719 enim
2942 1682 3157 1723 externa
3192 1672 3272 1724 lex
3305 1674 3468 1727 furni-

1884 1752 2091 1797 catores
2120 1746 2226 1798 ulta
2275 1760 2387 1813 ÎµÎµÎ¹,
2422 1765 2596 1819 neque
2642 1754 2742 1808 hac
2797 1756 2863 1810 de
2904 1774 3066 1813 causa
3104 1762 3167 1813 ad
3207 1763 3464 1831 judicium

1885 1836 2076 1898 traxit;
2105 1834 2196 1888 sed
2221 1837 2424 1890 etiamsi
2457 1840 2574 1907 quis
2606 1856 2669 1895 eo
2700 1844 2959 1909 trahatur,
2992 1850 3140 1901 tnulti
3165 1851 3390 1905 irrident
3414 1866 3468 1907 i-t

1876 1925 2038 1992 judcx
2078 1926 2126 1979 id
2157 1942 2260 1980 non
2294 1930 2509 1997 patitur.
2545 1933 2674 1987 Alea
2708 1935 2891 1990 ludere
2931 1955 3115 1995 rursus
3159 1944 3297 2008 apud
3346 1946 3463 1999 illus

1880 2018 2139 2086 supplicio
2170 2020 2399 2075 liberum
2442 2034 2543 2086 est,
2584 2036 2638 2079 et
2671 2044 2826 2081 nemo
2861 2031 2957 2082 hac
2992 2032 3059 2086 de
3087 2048 3243 2087 causa
3280 2052 3459 2104 pani-is

1879 2111 2043 2164 dedit.
2076 2112 2329 2169 lnebriari
2357 2125 2409 2169 et
2441 2118 2748 2187 ingurgitari
2780 2122 2901 2176 cibo
2934 2141 3037 2177 non
3072 2126 3229 2179 modo
3258 2130 3462 2184 crimen

1880 2219 1983 2254 non
2010 2212 2109 2266 est,
2153 2206 2247 2257 sed
2275 2216 2421 2261 recte
2449 2208 2643 2262 factum
2685 2227 2714 2265 a
2748 2213 2928 2268 multis
2976 2224 3215 2283 putatum
3244 2219 3375 2272 fuit:
3408 2232 3462 2274 ct

1878 2291 1926 2343 in
1966 2293 2134 2347 emnis
2171 2295 2488 2350 militaribus
2517 2300 2683 2353 multa
2723 2316 2783 2355 ea
2814 2302 2880 2357 de
2918 2316 3082 2358 rcest
3110 2310 3457 2373 concertatio,

1874 2394 1925 2436 et
1955 2386 2043 2454 qui
2077 2387 2305 2441 maxime
2335 2402 2490 2459 egent
2517 2406 2641 2444 sana
2673 2406 2850 2450 mente
2876 2406 2930 2451 et
2962 2399 3183 2454 robusto
3208 2418 3457 2471 corpore.

1874 2473 1926 2527 hi
1952 2478 2181 2531 maxime
2210 2478 2487 2535 ebrietatis
2519 2485 2785 2552 tyrannidi
2831 2502 2890 2540 se
2919 2487 3139 2556 dedunt,
3181 2502 3236 2546 et
3264 2509 3459 2564 corpus

1874 2566 2225 2623 dissolventes
2255 2581 2309 2624 et
2334 2575 2566 2625 animam
2599 2576 2831 2631 tenebris
2854 2579 3228 2648 olfundentes;
3257 2585 3459 2640 nullus-

1873 2672 1978 2727 que
2007 2660 2272 2728 legislator
2300 2660 2401 2714 hoc
2423 2662 2604 2716 vitium
2634 2667 2859 2732 punivit.

1943 2748 1995 2802 5.
2031 2751 2165 2814 Quid
2197 2751 2294 2804 hac
2322 2751 2523 2807 insania
2558 2757 2741 2824 pejus?
2766 2757 2899 2811 Num
2929 2776 3057 2828 ergo
3079 2762 3263 2818 laudes
3284 2765 3457 2820 homi-

1872 2853 2016 2901 num,
2061 2840 2148 2907 qui
2190 2841 2266 2894 sic
2305 2841 2479 2897 affecti
2510 2858 2649 2905 sunt,
2707 2848 2951 2915 requiris.
2982 2862 3034 2904 et
3081 2869 3183 2905 nun
3227 2856 3453 2921 teipsum

1869 2930 2114 2984 defodis?
2144 2930 2197 2986 Si
2228 2933 2371 2987 enim
2402 2949 2591 2989 omnes
2620 2938 2878 3004 ejusmodi
2915 2944 3156 2998 homines
3186 2956 3234 3000 te
3274 2948 3457 3000 lauda-

1871 3032 2010 3087 rent,
2044 3037 2219 3077 annon
2247 3034 2519 3093 oporteret
2546 3030 2863 3084 erubescere
2894 3042 2947 3085 et
2980 3034 3183 3100 pudore
3221 3038 3450 3091 suifundi

1870 3114 2243 3181 plaudentibus
2275 3117 2597 3181 hominibus,
2632 3138 2856 3189 quorum
2882 3123 3076 3191 judicia
3110 3128 3177 3181 ita
3201 3144 3449 3197 corrupta

1868 3206 2027 3257 sunt?
2060 3205 2261 3259 Rursus
2294 3208 2622 3277 blasphemia
2655 3213 3043 3281 legislaturibus
3078 3234 3181 3269 non
3214 3222 3451 3276 terribile

1868 3295 2137 3363 quidpiam
2159 3312 2279 3352 esse
2308 3300 2515 3354 videtur
2539 3319 2550 3355 :
2579 3318 2733 3354 nemo
2760 3306 2901 3357 cnim
2930 3307 3017 3373 qui
3046 3308 3095 3359 in
3124 3308 3285 3361 Deum
3313 3312 3454 3366 blas-

1869 3384 2150 3453 phemarit,
2195 3390 2261 3441 ad
2302 3392 2529 3445 tribunal
2570 3404 2806 3461 raptatus
2854 3394 2950 3449 fuit
2993 3408 3043 3450 et
3074 3413 3256 3466 poenas
3283 3402 3449 3457 tictlll.

1864 3480 1968 3533 Sed
1999 3481 2041 3533 si
2070 3483 2187 3550 quis
2220 3494 2419 3537 vestem
2462 3486 2685 3551 foretur,
2714 3500 2803 3541 aut
2851 3506 3159 3544 crumenam
3197 3494 3447 3560 dissecet.

1868 3586 1919 3626 et
1947 3575 2109 3628 latera
2161 3576 2255 3644 ipsi
2297 3577 2597 3631 lacerantur
2628 3590 2679 3633 et
2721 3596 2859 3648 smpe
2904 3594 3073 3637 morte
3118 3588 3447 3642 mulctatur:

1867 3668 1955 3736 qui
1981 3679 2158 3722 autem
2190 3670 2239 3721 in
2269 3670 2432 3725 Deum
2467 3672 2795 3741 blaSphemat
2818 3717 2831 3738 ,
2869 3691 2971 3729 non
3004 3692 3287 3733 accusatur
3311 3682 3447 3748 apud

1867 3768 2115 3812 externos
2144 3761 2495 3829 lcgislatores.
2530 3764 2594 3816 Et
2635 3769 2675 3816 si
2708 3768 2825 3834 quis
2858 3783 3076 3819 uxorem
3102 3769 3324 3831 habens.
3354 3789 3447 3823 an-

1867 3854 2041 3905 cillam
2076 3854 2243 3916 vitiet,
2292 3854 2339 3906 id
2385 3855 2515 3908 nihil
2567 3858 2703 3925 apud
2733 3866 2979 3912 externas
3028 3860 3169 3929 leges
3214 3872 3266 3915 ct
3308 3867 3445 3933 apud

1868 3947 2061 3997 multos
2092 3960 2211 3998 csse
2238 3945 2463 3999 videtur.

1938 4034 2271 4085 T/watrorum
2315 4034 2863 4104 ratioJlippodromus
2910 4051 2955 4092 et
2997 4059 3181 4112 pugna:
3224 4045 3445 4112 [crurum

1867 4126 2055 4189 quales.
2089 4155 2158 4163 â€”
2191 4125 2282 4179 Vis
2306 4128 2405 4179 alia
2436 4144 2643 4197 quoque
2674 4130 2859 4183 audire
2886 4148 3002 4200 quae
3032 4134 3266 4203 ipsorum
3309 4138 3446 4190 insa-

1871 4216 2008 4268 niam
2042 4216 2361 4269 ostcndant?
2388 4234 2506 4269 nam
2551 4219 2665 4271 lucc
2692 4220 2905 4287 quidem
2944 4238 3045 4273 non
3077 4228 3323 4292 puniunt,
3353 4232 3444 4281 sed

1868 4306 1999 4359 alias
2028 4307 2168 4374 leges
2200 4318 2456 4360 statuunt.
2486 4310 2752 4373 Quasnam
2770 4309 3040 4363 â€˜fTheatra
3068 4314 3344 4380 colligunt,
3380 4319 3445 4369 ilâ€”

1870 4396 2026 4465 Inque
2071 4397 2409 4451 meretricum
2454 4398 2649 4451 choros
2688 4401 2976 4464 inducunt,
3015 4413 3068 4454 et
3093 4419 3299 4472 â€˜pucros
3330 4423 3448 4459 eurâ€”

1869 4499 2072 4555 ruptos,
2120 4488 2206 4555 qui
2256 4480 2496 4541 naturam
2539 4494 2859 4545 contumelia
2904 4493 3160 4559 afficiunt,
3196 4501 3443 4565 pupulum

1872 4588 2035 4631 totum
2069 4579 2117 4631 in
2152 4582 2423 4647 superiore
2453 4584 2569 4634 loco
2601 4584 2787 4637 sedere
2813 4584 3039 4651 jubent;
3072 4589 3149 4639 sic
3174 4591 3444 4645 civitatem

1871 4680 2192 4734 recreantcs,
2222 4673 2297 4725 sic
2325 4689 2544 4741 magnos
2570 4675 2688 4728 illos
2717 4692 2887 4745 reges,
2918 4693 3050 4747 quos
3073 4696 3285 4747 semper
3308 4689 3422 4738 celo
3464 4688 3467 4689 '

1872 4764 2025 4817 brant
2049 4765 2118 4818 ob
2149 4774 2343 4833 troprea
2384 4776 2539 4833 atque
2576 4768 2845 4833 vitiat-ias,
2878 4782 3217 4825 coronantes.
3253 4775 3445 4831 Verum

1871 4855 1994 4922 quid
2018 4865 2097 4908 est
2124 4856 2223 4908 hoc
2253 4858 2451 4909 honore
2482 4857 2764 4925 frigidius?
2785 4862 2908 4928 quid
2938 4860 3037 4914 bac
3061 4866 3330 4934 voluptate
3364 4872 3437 4919 in-

1870 4946 2106 5014 gratius?
2124 4962 2187 4998 ex
2207 4946 2355 5001 hisne
2374 4952 2565 5016 qu.cris
2590 4961 2857 5017 gestorum
2881 4962 3088 5007 tuorum
3114 4958 3407 5012 laudatores
3426 4962 3448 5011 â€™Ï

1873 5046 1925 5089 cl
1953 5052 2072 5089 cum
2103 5038 2459 5097 saltatoribus,
2516 5041 2784 5104 mollibus,
2834 5042 3011 5098 mimis
3050 5063 3113 5101 ac
3157 5052 3420 5104 meretrici

1874 5128 1991 5190 bus,
2039 5131 2150 5193 vis,
2200 5144 2381 5197 qua-so
2425 5139 2511 5193 te,
2556 5132 2711 5187 laude
2754 5135 2892 5188 frui?
2943 5148 2996 5190 et
3037 5140 3303 5204 quomodo
3349 5159 3455 5199 non

1875 5218 2071 5273 fuerint
2099 5221 2210 5275 haec
2239 5231 2490 5274 extremae
2524 5222 2852 5279 dementire?
2882 5228 3129 5281 Libenter
3156 5230 3299 5285 enim
3334 5234 3457 5289 illos

1877 5314 2257 5381 interrogarem
2283 5328 2299 5365 :
2331 5312 2675 5382 Indignumne
2694 5328 2776 5370 est.
2800 5332 2995 5370 natura!
3024 5318 3170 5387 leges
3190 5333 3454 5386 evertere,

1877 5418 1927 5459 et
1960 5408 2187 5458 nelâ€˜arius
2237 5406 2488 5461 inducere
2534 5409 2740 5460 coitus?
2791 5411 3017 5463 Omnino
3059 5412 3238 5467 dicent
3268 5426 3465 5470 ornnesâ€™

1875 5515 1986 5551 rem
2018 5511 2135 5551 esse
2166 5496 2433 5564 indignam
2460 5517 2472 5561 ;
2507 5500 2753 5552 videntur
2784 5502 2923 5551 enim
2956 5502 3055 5555 hoc
3085 5505 3269 5571 punire
3304 5506 3455 5575 ï¬‚agi-

1878 5586 2025 5639 tium.
2053 5584 2157 5639 Cnr
2187 5602 2314 5656 ergo
2336 5588 2569 5644 ciuaâ€˜dos
2593 5591 2710 5643 illos
2734 5589 2961 5657 inducis,
2994 5609 3092 5647 nec
3115 5594 3274 5648 modo
3302 5596 3458 5653 indu-

1878 5678 1975 5741 cis,
2010 5677 2101 5731 sed
2135 5679 2293 5732 etiam
2339 5681 2630 5734 innumeris
2656 5692 2709 5735 et
2754 5681 3111 5738 inellabilibus
3138 5684 3309 5741 donas
3344 5708 3457 5747 mu.

1880 5770 2142 5827 ncribus?
2174 5771 2306 5830 Cum
2335 5772 2460 5826 alibi
2488 5786 2579 5827 eos
2608 5772 2697 5842 qui
2728 5772 2851 5828 talia
2894 5774 3093 5829 audent
3128 5778 3337 5847 punias,
3378 5783 3458 5839 hic

3033 5880 3071 5939 â€™á¼¸
