4028 6208
510 389 611 447 I03

508 518 659 575 quast
673 510 988 557 communes
1002 495 1232 552 civitatis
1246 489 1518 549 beneficos
1538 483 1822 575 insumptis
1838 477 2095 550 pecuniis.

512 572 730 665 publico
753 600 968 661 sumptu
994 586 1143 657 ipsos
1170 582 1292 638 alis.
1317 582 1410 648 At,
1437 577 1671 649 inquies,
1697 572 1926 665 infames
1946 575 2095 622 sunt.

512 662 621 741 Cur
640 696 771 754 ergo
800 680 921 737 illos
950 674 1220 733 instituis?
1244 687 1343 729 cur
1383 684 1481 742 per
1508 666 1739 724 infames
1782 662 1905 718 ilius
1926 666 2102 754 reges

514 750 788 833 lavaturas?
811 788 909 829 cur
934 769 1182 826 civitates
1205 761 1439 821 caecas?
1463 775 1563 815 cur
1588 759 1641 813 in
1676 756 1798 811 illos
1826 759 1973 808 tanta
2002 750 2106 804 im.

516 868 704 937 pendis
721 867 747 919 ἲ
766 879 888 921 nam
909 862 954 917 si
985 858 1214 915 infames
1233 862 1381 921 sunt,
1399 849 1596 922 expelli
1609 846 1825 904 debent.
1843 842 1953 897 (an
1970 855 2105 937 ergo

516 930 639 1017 illos
687 957 915 1015 infames
945 952 1116 1009 fecisti
1137 951 1162 1003 τ
1186 963 1256 1004 an
1289 954 1348 1002 ut
1381 942 1625 1004 laudans,
1650 953 1733 1007 an
1791 946 1851 990 ut
1899 930 2102 989 condc-

515 1048 815 1107 mnans?Ut
828 1044 1194 1105 condenmans
1214 1034 1637 1109 utique.Ergtme
1656 1039 1718 1085 ut
1739 1026 2107 1123 condemmps

517 1141 748 1197 infames
774 1136 926 1199 facis,
948 1143 1003 1190 ct
1028 1141 1087 1188 ut
1108 1125 1453 1186 honorabiles
1471 1124 1596 1178 illos
1611 1121 1823 1177 visurus
1843 1121 2102 1174 accurris,

517 1229 753 1295 miraris,
782 1224 987 1291 laudas,
1016 1217 1339 1292 applaudis?
1378 1213 1514 1285 Quid
1543 1226 1681 1284 opus
1707 1219 1793 1266 est
1822 1207 2005 1262 dicere
2040 1202 2109 1258 de

519 1320 765 1385 fallaciis,
796 1331 917 1389 qttzc
953 1316 1005 1369 itt
1053 1308 1422 1383 hippodromis
1454 1314 1511 1362 et
1555 1304 1610 1359 itt
1644 1300 1836 1375 pugnis
1876 1296 2109 1389 ferarum

518 1387 914 1467 admittuntur?
938 1405 1063 1461 H:ee
1102 1403 1302 1474 quippe
1336 1398 1484 1453 omni
1526 1404 1748 1465 stupore
1775 1398 1902 1446 sunt
1925 1387 2107 1459 plena,

519 1502 823 1570 doceatque
872 1496 1089 1553 assidue
1135 1492 1391 1563 populum
1445 1500 1569 1543 esse
1608 1478 2107 1541 inmisericordem,

520 1608 723 1653 saevum
752 1600 808 1646 et
843 1589 1217 1649 inhumanum,
1246 1590 1572 1650 exercetque
1596 1576 1664 1632 ad
1692 1573 1980 1631 videndum
2007 1570 2111 1625 bo-

523 1686 697 1743 mines
742 1684 1063 1753 discerptas,
1103 1677 1419 1749 sanguinem
1471 1673 1720 1734 effusum,
1772 1678 1825 1724 et
1876 1665 2109 1722 ferarum

522 1775 907 1831 immanitatem
951 1771 1129 1825 omnia
1173 1764 1615 1824 confttndentem.
1664 1760 1737 1817 Et
1785 1759 1884 1813 bos
1922 1769 2114 1811 omnes

524 1865 744 1923 morbos
766 1862 1034 1932 sapientes
1061 1859 1135 1916 illi
1156 1858 1491 1930 legislatures
1509 1854 1577 1909 ab
1602 1852 1753 1907 initio
1768 1850 2112 1914 induxerunt,

526 1956 899 2029 plaudentibus
919 1968 983 2009 ac
1007 1949 1324 2007 mirantibus
1350 1945 1680 2002 civitatibus.
1700 1940 1829 2003 Sed.
1847 1940 1893 1995 si
1921 1938 2114 2007 placet,

526 2053 611 2110 bis
636 2048 855 2106 omissis
884 2062 1004 2115 qua:
1047 2052 1257 2115 aperte,
1285 2048 1346 2095 ut
1387 2040 1439 2094 in
1475 2036 1728 2093 confesso
1752 2043 1857 2098 est,
1884 2031 2116 2086 absurda

524 2150 673 2206 sunt,
702 2136 936 2196 licetsic
966 2149 1072 2192 non
1115 2133 1288 2188 visum
1330 2129 1401 2185 sit
1426 2127 1665 2185 externis
1702 2122 2114 2194 legislatoribus,

528 2234 595 2290 ad
644 2229 956 2288 honoranda
993 2235 1256 2300 prtecepta
1300 2222 1600 2285 veniamus,
1645 2229 1698 2274 ct
1730 2217 1930 2271 videbis
1956 2215 2117 2270 etiam

531 2328 622 2382 illa
655 2342 723 2381 ex
776 2323 1066 2379 multorum
1098 2316 1352 2388 opinione
1399 2318 1653 2383 cortupta
1694 2309 1874 2363 fuisse.
1904 2305 2118 2361 Connu-

530 2420 677 2475 bium
722 2418 866 2472 enim
907 2428 995 2468 res
1036 2407 1367 2466 honorabilis
1405 2419 1527 2461 esse
1556 2403 1765 2459 videtur
1796 2409 1852 2457 et
1877 2398 2035 2455 nobis
2068 2406 2123 2452 et

531 2507 772 2568 extemis
800 2524 814 2560 :
844 2516 899 2563 et
923 2512 1006 2561 est
1031 2516 1158 2557 vere
1180 2497 1533 2561 ltonorabile;
1562 2493 1657 2550 sed
1680 2493 1734 2549 in
1763 2490 2122 2548 celebratione

533 2601 841 2674 nuptiarum
865 2638 882 2662 ,
915 2607 993 2652 tot
1021 2593 1260 2651 ridicula:
1286 2586 1379 2646 res
1400 2586 1670 2652 accidunt,
1691 2593 1821 2657 quot
1849 2591 1972 2653 post
2010 2579 2125 2674 lucc

533 2669 764 2750 audituri
793 2692 943 2744 estis.
988 2687 1121 2743 Nam
1165 2700 1233 2740 ex
1269 2678 1661 2738 consuetudine
1702 2674 1853 2731 multi
1882 2669 2125 2740 occupati

534 2802 599 2843 ac
624 2785 857 2855 decepti,
885 2798 1067 2838 earnm
1089 2776 1473 2833 absurditatem
1493 2786 1599 2825 non
1623 2775 1832 2832 norunt,
1850 2765 1943 2821 sed
1965 2774 2123 2855 egent

534 2878 656 2933 aliis
680 2853 773 2945 qui
800 2875 923 2929 illos
949 2871 1200 2926 doceant.
1235 2866 1450 2922 Etenim
1496 2861 1731 2926 choreae,
1759 2857 2023 2930 cymbala,
2056 2853 2125 2909 ti-

536 2970 663 3037 biat,
691 2965 853 3022 verba
879 2963 1193 3033 eantieaque
1235 2958 1430 3027 turpia,
1465 2952 1815 3014 temulentite,
1852 2962 2128 3005 comessa-

538 3062 734 3124 tiones,
768 3058 1043 3126 multaque
1070 3052 1269 3109 diaboli
1298 3049 1559 3104 colluvies
1594 3055 1722 3099 tunc
1750 3042 2037 3097 inducitur.
2064 3038 2126 3093 Et

540 3154 656 3209 seio
685 3150 900 3222 quidem
944 3161 1031 3202 me
1069 3141 1357 3198 ridiculum
1403 3135 1595 3199 videri,
1637 3132 1781 3204 quod
1808 3136 1926 3187 inec
1950 3144 2120 3200 repre-

542 3244 800 3305 hendam.
842 3250 899 3295 ct
924 3237 1081 3307 vulgo
1124 3232 1378 3289 stolidum
1419 3225 1737 3291 existimari,
1787 3224 1876 3295 qui
1922 3232 2132 3277 veteres

543 3338 690 3409 leges
718 3345 1112 3391 transmovcam
1138 3346 1151 3383 :
1182 3342 1328 3389 nam.
1372 3333 1426 3378 ut
1452 3336 1613 3392 supra
1637 3320 1770 3387 dixi,
1808 3335 1872 3373 ex
1900 3330 2131 3409 censue:

545 3407 732 3487 tudine
757 3440 944 3497 magna
975 3422 1221 3491 deceptio
1249 3418 1453 3489 paritur
1480 3431 1494 3469 :
1521 3424 1756 3470 attamen
1786 3411 1900 3465 lucc
1920 3407 2131 3463 dicendi

547 3525 709 3580 finem
738 3536 841 3574 non
874 3519 1085 3572 faciam.
1131 3513 1323 3568 Furias
1352 3526 1383 3566 e
1421 3508 1584 3570 enim,
1619 3505 1864 3567 fortasse,
1896 3500 1996 3556 etsi
2029 3515 2134 3553 non

547 3626 756 3677 omnes,
785 3607 940 3681 pauci
970 3616 1149 3661 tamen
1195 3617 1292 3659 nos
1320 3598 1619 3668 excipit-nt,
1647 3604 1702 3649 et
1730 3594 1928 3649 malent
1958 3590 2134 3645 nobis-

546 3720 671 3761 cum
697 3700 953 3765 derideri,
984 3711 1144 3769 quam
1174 3709 1295 3750 cum
1326 3691 1433 3746 illis
1458 3704 1555 3744 nos
1572 3686 1841 3753 deridere,
1866 3684 1975 3739 risu
1991 3692 2139 3738 certe

551 3794 806 3868 lacrymis
848 3791 1012 3862 digno
1058 3786 1375 3858 magnisque
1422 3780 1596 3853 ptenis
1636 3789 1798 3848 atque
1839 3774 2135 3868 suppliciis.

550 3867 834 3959 Quomodo
873 3884 1017 3940 enim
1062 3896 1170 3936 non
1217 3878 1377 3933 fuerit
1407 3884 1645 3930 extrema
1685 3869 2028 3927 damnatione
2056 3867 2139 3921 di-

552 3996 736 4051 gnum,
782 3964 1043 4046 virginem
1086 3986 1207 4043 qtne
1255 3976 1517 4038 perpetuo
1558 3964 1767 4018 vixerat
1798 3960 1851 4014 in
1883 3959 1989 4012 tltal
2031 3975 2138 4021 tuo,

553 4049 781 4146 qumque
808 4087 835 4123 a
867 4069 1035 4139 prima
1077 4071 1237 4117 a-tate
1268 4055 1645 4113 verecundiam
1677 4053 1957 4112 didicerat,
1973 4049 2145 4146 dure-

558 4144 717 4237 petite
749 4160 862 4231 cogi
893 4158 959 4213 ad
1000 4152 1376 4226 deponendum
1408 4149 1689 4221 pudorem,
1734 4154 1790 4199 et
1838 4144 1985 4213 nupti
2025 4155 2141 4194 rutn

557 4232 711 4311 initio
737 4247 1119 4319 impudentiam
1149 4241 1353 4305 doceri,
1382 4248 1430 4295 et
1465 4254 1494 4293 a
1522 4236 1734 4291 lascivis
1757 4232 2145 4305 petulantibus-

559 4360 664 4417 qtte
696 4343 845 4407 viris,
870 4335 1279 4394 fornicatoribus
1309 4342 1363 4386 et
1394 4330 1642 4386 mollibus
1672 4328 1723 4381 in
1756 4326 1987 4381 medium
2019 4340 2146 4394 pro-

560 4433 720 4490 duci?
748 4430 891 4502 quod
920 4428 1064 4485 enim
1097 4425 1295 4481 malum
1324 4423 1377 4476 in
1408 4436 1541 4475 nova
1571 4432 1768 4489 sponsa
1800 4433 1905 4471 non
1938 4419 2146 4471 insene-

562 4537 649 4581 tur
672 4523 741 4579 ab
769 4521 857 4576 illo
883 4517 1011 4574 die?
1033 4513 1385 4586 lmpudeutia,
1412 4510 1727 4580 petulantia,
1748 4509 2148 4576 inverecundia,

562 4631 714 4671 Vana:
754 4612 939 4683 gloria:
979 4624 1134 4664 amor
1170 4624 1183 4662 :
1221 4607 1364 4661 volet
1406 4604 1550 4660 enim
1586 4600 1914 4657 dies'omncs
1954 4602 2152 4657 habere

566 4705 649 4759 bis
674 4702 896 4758 similes.
914 4700 1048 4755 [line
1067 4697 1317 4752 mulieres
1337 4694 1568 4765 profusa:
1583 4704 1637 4749 et
1654 4705 1977 4763 sumptuosa-
1999 4694 2149 4759 fiunt,

531 4798 692 4853 .binc
741 4791 1101 4862 impudentes.
1150 4787 1275 4843 hinc
1319 4788 1445 4856 ipsis
1476 4787 1611 4840 mala
1644 4787 1943 4841 innumera.
1973 4785 2155 4855 Neque

565 4886 696 4943 inihi
718 4883 866 4939 dicas
886 4877 1351 4936 consuetudinem.
1380 4876 1509 4931 Nam
1542 4878 1585 4930 si
1619 4878 1814 4930 malum
1842 4887 1945 4941 est,
1974 4892 2040 4931 ne
2069 4892 2158 4930 se-

566 4979 668 5033 tttel
697 4974 913 5044 quidem
950 4970 1072 5035 ﬁat;
1116 4969 1161 5022 si
1208 4966 1432 5027 bonum,
1475 4981 1689 5032 semper
1725 4965 1834 5021 fiat.
1880 4966 1973 5020 Die
2014 4968 2155 5019 enim

568 5068 722 5133 ntilti,
752 5064 1033 5121 fornicatio
1054 5074 1231 5118 nonne
1255 5065 1388 5113 mala
1419 5067 1503 5112 est
1521 5059 1543 5111 ?
1562 5074 1629 5111 an
1658 5074 1785 5126 ergo
1802 5058 2161 5111 conccdemtts

567 5160 712 5214 illam
742 5157 827 5213 vel
860 5154 1033 5211 semel
1063 5151 1346 5209 exerceri?
1372 5149 1741 5218 Nequaquam.
1772 5147 1994 5213 Quare?
2024 5148 2159 5214 Quia

569 5248 783 5304 etiamsi
810 5248 977 5302 semel
1008 5254 1211 5301 tantum
1243 5244 1351 5303 fiat,
1401 5242 1535 5294 mala
1567 5249 1746 5294 tamen
1776 5247 1878 5293 est.
1911 5238 1930 5293 I
1956 5253 2091 5306 aque
2115 5238 2159 5291 si

574 5355 767 5395 novant
797 5352 1046 5404 sponsam
1086 5336 1163 5391 sic
1207 5332 1464 5389 obiectari
1508 5332 1703 5385 malum
1733 5340 1847 5395 est,
1890 5346 1957 5384 ne
1995 5330 2162 5385 semel

575 5432 791 5504 quidem
821 5430 946 5493 ﬁat;
981 5428 1025 5480 si
1053 5428 1249 5482 bonttm
1277 5436 1379 5489 est,
1410 5438 1624 5493 Semper
1647 5423 1757 5475 fiat.

648 5526 703 5579 6.
745 5520 1058 5591 Nuptiarum
1096 5518 1222 5571 ritus
1265 5515 1563 5571 describitur
1590 5523 1636 5568 et
1660 5514 2165 5580 dantnatur.—Qnid

578 5614 760 5684 igitur.
789 5622 975 5684 quaeso
1001 5618 1083 5673 te,
1114 5607 1344 5677 inquies,
1373 5608 1656 5675 nuptiaSue
1686 5604 1941 5659 incusas?
1968 5603 2120 5657 Absit
2148 5619 2162 5656 :

584 5720 689 5763 non
720 5707 788 5761 ita
818 5703 1061 5766 insanio,
1088 5699 1181 5755 sed
1210 5715 1270 5754 ea
1298 5717 1416 5769 qua:
1456 5701 1507 5753 in
1540 5698 1749 5769 nuptias
1780 5697 1999 5752 advecta
2022 5705 2165 5761 sunt,

586 5798 847 5868 pigmenta
868 5838 884 5865 ,
916 5795 1091 5850 fucum
1118 5800 1170 5848 et
1208 5789 1475 5861 superﬂua
1519 5792 1620 5845 alia
1659 5790 1895 5861 ejusdem
1931 5788 2164 5859 generis.

1210 378 1266 436 S.
1305 371 1582 433 JO.\NNIS
1618 360 2091 427 CliiiYSOSTOMl
2131 359 2455 418 AllClllEP.
2494 358 3028 417 CONSTANTINOP.

3690 357 3793 415 (οι

2206 475 2340 530 Nam
2379 476 2461 533 sic
2504 476 2705 532 multos
2746 475 2816 533 ab
2853 477 2948 532 iilo
2975 476 3063 532 die
3086 475 3319 532 attrabet
3358 483 3666 541 amatores,
3697 490 3796 527 an-

2208 575 2422 639 tequam
2450 583 2573 624 cum
2622 582 2825 638 sponso
2848 577 3024 625 meat.
3053 564 3160 623 Sed
3190 567 3342 622 multi
3380 565 3625 622 mulieris
3664 581 3793 634 spe-

2208 659 2343 713 cietn
2367 660 2723 714 mirabuntur.
2754 659 2820 714 Et
2838 659 2963 730 quid
2988 668 3099 713 tum
3114 660 3141 713 ?
3162 658 3386 714 Etiamsi
3410 668 3556 713 casta
3594 657 3751 711 fna-it
3772 696 3793 724 ,

2209 752 2295 805 vix
2337 750 2555 818 effugiet
2581 752 2775 807 malam
2820 752 3223 821 susltieionem;
3263 751 3348 806 sin
3376 751 3650 821 negligens
3678 750 3799 807 fue-

2208 843 2312 905 rit.
2336 843 2445 897 cito
2467 845 2742 913 capietur,
2768 853 2989 914 accepta
3026 843 3095 898 ab
3121 842 3213 897 illo
3240 841 3329 898 die
3361 842 3595 897 libidinis
3632 858 3797 897 occa.

2209 936 2381 987 sione.
2422 934 2669 988 Attamen
2706 949 2827 989 cunt
2871 943 3015 988 tanta
3056 932 3181 988 hinc
3241 933 3378 988 mala
3422 934 3697 998 oriantur,
3746 934 3800 991 si

2210 1022 2425 1091 quando
2460 1024 2545 1077 bis
2562 1021 2922 1089 abstineatur,
2937 1023 3321 1079 contumeliam
3360 1039 3473 1079 rem
3506 1024 3661 1079 istam
3699 1040 3808 1077 vo-

2209 1124 2334 1169 eant
2363 1114 2468 1181 illi,
2499 1116 2587 1185 qui
2619 1114 2900 1185 pecoribus
2940 1130 3049 1169 non
3078 1116 3331 1171 meliores
3358 1124 3518 1181 sunt,
3556 1126 3613 1170 et
3653 1116 3799 1169 indi-

2212 1222 2369 1277 gnam
2399 1223 2513 1261 rctn
2563 1215 2781 1275 putant,
2812 1208 2855 1260 si
2885 1206 3079 1262 mulier
3118 1206 3208 1261 illa
3233 1207 3415 1261 multis
3443 1222 3548 1261 non
3594 1205 3803 1275 produ-

2208 1307 2365 1351 catur
2391 1312 2566 1368 neque
2591 1313 2877 1353 commune
2896 1295 3161 1354 theatrum
3187 1297 3551 1367 spectantibus
3573 1307 3799 1369 prostat.

2216 1388 2373 1457 Atqui
2412 1389 2649 1457 oportuit
2693 1389 3004 1444 existimare
3049 1430 3071 1459 ,
3140 1392 3229 1449 illa
3278 1399 3536 1447 consueta
3588 1400 3800 1445 contu—

2216 1479 2465 1543 meliam,
2519 1482 2687 1534 risum
2732 1488 2788 1535 et
2835 1480 3155 1537 comoediam
3208 1477 3426 1536 inferre.
3472 1470 3606 1534 Nam
3656 1493 3807 1534 nunc

2215 1582 2429 1638 quoque
2452 1569 2566 1623 scio
2594 1569 2708 1626 fore
2732 1580 2790 1625 ut
2819 1570 2969 1625 multi
2994 1584 3091 1625 nos
3113 1578 3173 1625 ut
3190 1569 3383 1625 stultos
3402 1578 3454 1624 et
3476 1571 3586 1624 risu
3610 1568 3809 1640 dignos

2219 1660 2524 1730 lmpmbent
2569 1678 2586 1717 :
2623 1661 2719 1716 sed
2770 1661 2985 1717 irrideri
3032 1661 3242 1731 patiar,
3273 1659 3401 1715 dum
3449 1661 3574 1717 hinc
3604 1659 3806 1732 aliquid

2218 1752 2350 1807 lucri
2400 1752 2683 1807 referatur.
2740 1753 2951 1807 Etenim
3021 1752 3277 1807 ridiculus
3315 1769 3529 1820 essem,
3576 1754 3621 1808 si
3676 1754 3810 1808 dum

2219 1841 2407 1897 hortor
2447 1854 2503 1896 ut
2534 1842 2676 1912 vulgi
2715 1841 2889 1912 gloria
2943 1841 3308 1916 despiciatur.
3334 1845 3447 1914 ipse
3488 1853 3618 1899 ante
3669 1846 3812 1899 alios

2221 1934 2325 1988 ltoc
2381 1933 2572 1988 morbo
2612 1948 2852 2003 caperer.
2901 1933 3032 1989 Vide
3079 1949 3200 2005 qua:
3240 1934 3364 1990 hinc
3416 1934 3670 2006 deinceps
3717 1950 3812 1991 se-

2220 2035 2453 2095 quantur
2496 2041 2648 2080 :non
2680 2027 2853 2081 solum
2903 2026 3179 2091 interdiu,
3223 2026 3320 2082 sed
3369 2027 3531 2082 etiam
3577 2042 3813 2098 vespere

2223 2116 2367 2172 viros
2391 2117 2571 2173 ebrios
2593 2128 2646 2174 et
2687 2119 2897 2175 deliciis
2925 2119 3173 2175 incensos
3192 2163 3208 2186 ,
3234 2120 3327 2191 qui
3352 2120 3416 2176 ad
3448 2120 3674 2175 formam
3698 2123 3813 2175 vir-

2222 2210 2361 2279 ginei
2408 2211 2583 2265 vultus
2628 2211 3064 2285 conSpieiendam
3115 2226 3238 2266 sese
3285 2222 3569 2281 apparatu.
3627 2213 3817 2282 Neque

2223 2302 2368 2357 domi
2400 2312 2603 2357 tantum
2626 2344 2642 2368 ,
2671 2303 2765 2377 scd
2792 2302 2952 2357 etiam
2985 2319 3080 2373 per
3106 2302 3279 2359 forum
3305 2304 3370 2357 ad
3398 2305 3816 2359 Ostentaliont-m

2225 2393 2478 2450 incedunt
2498 2436 2514 2459 ,
2543 2410 2665 2450 cum
2697 2397 2793 2451 Inc.
2817 2396 2930 2450 rnis
2954 2395 3101 2450 illam
3133 2412 3345 2451 summo
3370 2412 3593 2466 vespere
3628 2398 3817 2452 tradu-

2225 2494 2445 2551 centes,
2477 2495 2535 2540 ιιι
2576 2500 2605 2539 a
2646 2486 2854 2540 cunctis
2891 2486 3287 2554 conspiciatur,
3328 2487 3459 2540 nibil
3500 2485 3642 2542 aliud
3686 2486 3818 2543 hinc

2183 2606 2190 2613 -
2228 2572 2516 2628 suadentes
2536 2615 2551 2637 ,
2582 2589 2742 2639 quam
2775 2583 2834 2628 ut
2866 2590 3082 2630 omnem
3128 2576 3216 2630 illa
3264 2577 3523 2647 pudorem
3558 2570 3819 2648 deinceps

2230 2672 2411 2734 ponat.
2458 2664 2640 2734 Neque
2669 2665 2755 2721 hic
2776 2666 2998 2737 gradum
3030 2667 3219 2721 sistunt
3243 2710 3255 2732 ,
3290 2668 3383 2723 sed
3424 2685 3544 2722 cum
3575 2670 3822 2740 turpibus

2230 2755 2409 2809 verbis
2438 2756 2580 2810 illam
2608 2756 2805 2813 ducunt
2836 2775 2850 2811 :
2877 2768 2930 2812 et
2955 2758 3059 2813 ltuc
3084 2775 3297 2829 quoque
3327 2761 3378 2815 in
3413 2762 3583 2832 legcm
3608 2762 3823 2818 transiit

2230 2850 2370 2918 apud
2400 2849 2615 2904 multos.
2645 2849 2712 2905 Et
2740 2850 2977 2920 fugitivi,
3010 2852 3336 2906 verbrrones
3364 2852 3666 2921 innumeri,
3697 2871 3823 2925 per—

2233 2942 2420 2995 niciosi
2468 2941 2500 2993 h
2525 2941 2713 2995 intincs
2734 2956 2856 2997 cum
2890 2943 3100 2997 licentia
3127 2944 3345 2999 demum
3372 2946 3547 2999 omnia
3572 2962 3667 3016 pro
3696 2948 3822 3003 libi-

2233 3029 2361 3085 dine
2386 3031 2683 3100 proferunt,
2707 3033 2819 3088 sive
2849 3033 2902 3087 in
2925 3032 3065 3088 illam
3092 3032 3211 3089 sive
3235 3035 3287 3089 itt
3315 3051 3567 3106 sponsum
3589 3053 3709 3093 cum
3733 3040 3822 3094 illa

2238 3123 2632 3188 Itabitatttrttm;
2673 3131 2729 3177 ct
2775 3124 2905 3177 niltil
2936 3125 3224 3181 honestum
3249 3168 3263 3192 ,
3294 3126 3388 3182 Sed
3422 3130 3593 3198 turpia
3641 3131 3823 3186 omnia

2236 3227 2287 3270 et
2331 3216 2683 3272 obscmnitate
2728 3217 2903 3285 plena.
2933 3219 3125 3272 Annon
3156 3219 3373 3289 probant
3402 3222 3661 3277 castitatis
3689 3224 3826 3278 doc-

2240 3306 2431 3361 trinam
2462 3307 2721 3378 percipief
2742 3323 2961 3379 sponsa,
2996 3309 3122 3362 talia
3155 3307 3364 3375 videns,
3399 3310 3523 3364 talia
3554 3311 3777 3369 audiens
3800 3315 3827 3368 ’ἰ

2239 3398 2305 3452 Ει
2332 3410 2606 3453 certamen
2644 3398 2911 3469 quoddam
2942 3408 3025 3452 est
3049 3399 3368 3454 diabolicnm
3396 3402 3533 3456 inter
3563 3417 3688 3467 eos,
3732 3406 3827 3473 qtti

2239 3489 2305 3541 ad
2334 3489 2455 3542 talia
2478 3490 2849 3554 CtlIlOl'laltltll',
2884 3500 2940 3543 ttt
2966 3490 3056 3544 alii
3084 3489 3220 3543 alios
3249 3502 3504 3561 superent
3524 3496 3830 3562 opprobriis

2240 3591 2294 3637 et
2317 3584 2537 3653 impuris
2567 3582 2755 3646 dictis,
2780 3584 2933 3653 queis
2961 3593 3253 3654 pra‘sentes
3283 3584 3571 3657 deturpant
3596 3603 3610 3639 :
3643 3586 3831 3657 illique

2244 3675 2476 3730 victores
2506 3675 2809 3742 discedunt,
2850 3678 2939 3747 qui
2972 3678 3165 3749 probra
3198 3688 3252 3733 et
3280 3680 3447 3749 magis
3474 3681 3647 3751 turpia
3688 3681 3831 3736 dicta

2244 3769 2542 3839 projecere.
2588 3769 2721 3824 Novi
2751 3770 2967 3840 quidem
3012 3785 3097 3825 nte
3127 3770 3434 3838 molestum,
3465 3787 3752 3827 onerosum
3774 3785 3831 3827 et

2245 3860 2609 3930 importunum
2632 3876 2772 3927 esse,
2796 3863 2888 3931 qui
2916 3861 3037 3917 vita‘.
3073 3862 3399 3931 voluptatein
3428 3865 3711 3933 quamdam
3737 3865 3834 3918 ab-

2246 3952 2511 4008 scindam.
2542 3952 2668 4006 ideo
2693 3952 2882 4013 doleo,
2914 3952 3056 4020 quod
3083 3963 3171 4006 res
3195 3961 3304 4005 tam
3336 3952 3561 4023 ingrata:
3589 3954 3833 4022 voluptas

2249 4057 2369 4097 esse
2396 4049 2668 4112 putentur.
2699 4041 2979 4108 Quomodo
3004 4082 3019 4106 ,
3042 4056 3226 4110 qttzeso
3248 4082 3261 4105 ,
3291 4057 3398 4096 non
3425 4044 3685 4112 ingratum
3720 4044 3835 4099 fac-

2250 4134 2339 4199 tit,
2367 4133 2703 4190 contumeliis
2729 4141 2785 4189 et
2828 4135 3034 4204 probris
3058 4135 3220 4201 affici,
3249 4142 3303 4190 et
3328 4134 3399 4190 ab
3435 4136 3683 4190 omnibus
3708 4153 3829 4188 cum

2251 4240 2445 4296 sponsa
2472 4224 2735 4279 dedecore
2772 4235 2825 4279 ct
2852 4226 3137 4297 ignominia
3170 4226 3387 4281 notari?
3414 4227 3475 4281 Et
3501 4226 3547 4281 si
3575 4227 3745 4297 quispi
3781 4245 3835 4280 tn

2252 4332 2318 4371 ex
2368 4316 2483 4371 foro
2524 4317 2734 4387 coniugi
2769 4326 2873 4371 tuae
2917 4318 3287 4379 maledixetit,
3328 4317 3607 4372 innumera
3652 4333 3837 4371 moves

2254 4407 2503 4476 negotia,
2551 4417 2605 4460 et
2643 4423 2747 4461 non
2794 4407 3008 4462 vitalem
3053 4421 3174 4461 esse
3223 4406 3382 4461 vitam
3424 4408 3733 4471 existimas;
3784 4418 3839 4462 (τι

2255 4500 2469 4554 civitate
2498 4509 2605 4554 tota
2640 4510 2903 4569 praesente
2940 4499 3067 4553 dum
3109 4500 3336 4569 tttrpitt-r
3363 4500 3478 4571 agis
3499 4516 3620 4555 cum
3663 4501 3837 4553 futura

2256 4591 2482 4659 conjuge
2504 4632 2519 4651 .
2550 4590 2750 4660 gaudes
2776 4600 2831 4644 et
2860 4599 2913 4645 te
2940 4589 3219 4644 ostentas?
3243 4598 3297 4643 et
3322 4601 3534 4658 quantte
3573 4590 3686 4643 Ita-e
3714 4601 3841 4644 sunt

2260 4684 2518 4737 ittsaniaa'?
2543 4686 2611 4736 At
2633 4724 2651 4750 ,
2679 4685 2889 4753 inquies
2908 4726 2922 4746 ,
2954 4683 3069 4737 lucc
3092 4697 3157 4736 es
3178 4682 3564 4735 consuetudine
3590 4681 3739 4735 fiunt.
3775 4682 3842 4738 Et

2261 4775 2383 4830 ideo
2404 4775 2632 4829 maxime
2660 4774 2944 4845 lugendam
2966 4815 2982 4838 ,
3014 4772 3156 4842 quod
3184 4787 3295 4828 rem
3323 4772 3373 4825 itt
3402 4773 3842 4828 consuetudinem

2260 4864 2584 4920 concluserit
2614 4866 2880 4921 diabolus.
2914 4867 3047 4935 Quia
3074 4865 3220 4919 enim
3250 4866 3449 4933 nuptia:
3478 4880 3564 4917 res
3592 4876 3717 4921 sunt
3748 4866 3845 4921 bo-

2264 4955 2557 5019 norabilis,
2588 4972 2706 5026 qua:
2749 4973 2916 5026 genus
2948 4969 3191 5011 nostrum
3218 4966 3497 5009 conservet
3524 4966 3575 5009 et
3612 4970 3803 5027 augeat
3827 5000 3845 5025 ,

2265 5056 2318 5101 et
2345 5046 2633 5101 multorum
2662 5049 2733 5103 sit
2757 5063 2919 5104 causa
2948 5048 3243 5111 bonorum,
3270 5045 3457 5101 dolore
3485 5047 3708 5103 allectus
3733 5066 3846 5102 tua-

2268 5138 2442 5209 ligtttts
2468 5139 2581 5204 ille,
2612 5148 2667 5194 et
2690 5141 2866 5195 sciens
2892 5137 3027 5193 illud
3056 5123 3506 5209 propugnaculum
3526 5154 3847 5198 essecon'ra

2269 5216 2709 5297 fornicationem,
2755 5232 2862 5287 alio
2893 5229 2982 5283 ille
3008 5228 3168 5282 modo
3197 5245 3412 5286 ontnem
3440 5231 3848 5289 fornicationem

2272 5320 2493 5377 inducit.
2525 5322 2581 5376 ln
2605 5322 2800 5376 talibus
2823 5320 2966 5377 enim
2987 5318 3215 5375 ccetibns
3234 5322 3415 5377 multa:
3431 5321 3667 5394 virgines
3691 5322 3854 5378 dede.

2272 5428 2400 5469 core
2442 5423 2567 5469 stmt
2608 5413 2833 5469 affectu.
2863 5411 3014 5479 Quod
3047 5411 3092 5466 si
3134 5428 3241 5467 non
3269 5428 3512 5485 semper,
3548 5421 3606 5469 at
3643 5414 3851 5469 interitu

2272 5506 2406 5561 satis
2434 5515 2515 5562 est
2545 5505 2807 5570 dat-moui,
2835 5502 2977 5574 quod
3010 5503 3096 5558 illa
3127 5505 3287 5562 verba
3317 5515 3368 5559 et
3392 5505 3631 5573 improba
3651 5505 3853 5562 cantica

2275 5610 2329 5653 et
2355 5612 2608 5669 sponsam
2637 5596 2991 5659 traduxerim,
3020 5608 3071 5651 et
3103 5611 3360 5669 Sponsum
3387 5610 3509 5650 cum
3538 5610 3729 5666 pompa
3762 5613 3855 5667 per

2278 5691 2451 5747 furtim
2494 5688 2907 5746 transmiserint.
2960 5690 3159 5745 Deinde
3203 5690 3323 5759 quia
3376 5686 3490 5742 lucc
3539 5688 3591 5742 in
3640 5702 3856 5757 vespera

2280 5785 2456 5844 ﬁunt.
2486 5801 2553 5843 ne
2600 5784 2833 5841 tcncltrm
2886 5784 3148 5839 "talorum
3193 5782 3446 5837 ltortttncc
3495 5784 3670 5837 ve'um
3718 5792 3859 5845 illll,
