4028 6208
566 324 666 379 Ιθῦ

562 441 742 495 θάνιιν
765 434 860 505 τὴν
891 431 1294 502 ἀσχημοσύνην.
1331 434 1394 485 Τί
1424 435 1533 504 γάρ
1561 434 1590 485 ὁ
1622 433 1787 495 πολὺς
1815 431 1972 501 δχλος
2003 429 2130 500 βού-

563 520 741 582 λεται;
773 519 824 569 τί
849 518 903 568 δὲ
935 518 966 585 ή
1002 513 1176 585 μέθη;
1205 517 1256 568 τί
1281 517 1338 569 δὲ
1378 518 1436 568 αί
1464 516 1752 586 σύριγγεςς
1779 514 1880 566 οὐκ
1908 511 2133 581 εὖδηλον

562 602 642 652 ὅτι
675 601 759 653 ἶνα
797 600 929 669 μηδὲ
965 602 1012 650 οί
1042 600 1100 649 ἐν
1136 601 1253 660 ταῖς
1291 598 1493 660 οἰκίαις
1523 599 1706 662 ὄντες,
1749 597 1840 650 καὶ
1876 594 2137 666 βαπτιζό-

567 700 715 753 μενοι
750 681 901 752 ὕπνῳ
939 681 1122 750 βαθεῖ,
1153 681 1328 734 ταῦτα
1374 679 1680 748 ἀγνοῶσιν,
1731 679 1845 733 ἀλλ’
1886 678 1993 732 ὑπὸ
2032 676 2134 742 τῆς

564 766 821 838 σύριγγος
865 765 1252 833 διεγειρόμενοι
1277 801 1292 825 ,
1328 764 1421 816 καὶ
1465 763 1672 817 ἀνωθεν
1715 762 1825 817 ἀπὸ
1860 763 1971 815 τῶν
2003 761 2133 831 δρυ-

564 852 782 919 φάκτων
842 847 1315 910 κατακύπτοντες,
1381 849 1658 918 μάρτυρες
1714 848 1981 913 γένωνται
2033 843 2134 912 τῆς

563 930 848 1001 κωμῳδίας
887 930 1100 1000 ἐκείνης
1127 946 1140 993 ;
1170 929 1235 980 Τί
1266 930 1331 982 άν
1360 946 1443 991 τις
1476 929 1619 981 είποι
1649 927 1748 992 τὰς
1775 927 1915 996 ᾠδάς
1938 926 2131 986 αὑτάς,

563 1013 619 1066 αῖ
653 1013 832 1082 πάσης
867 1012 1126 1082 γέμουσιν
1163 1011 1491 1074 ἀκολασίας,
1533 1012 1742 1080 ἔρωτας
1768 1011 2002 1070 ἀτόπους
2037 1007 2133 1059 καὶ

563 1095 734 1166 μίξεις
755 1095 1100 1165 παρανόμους
1133 1096 1226 1147 καὶ
1251 1094 1437 1146 οίκιῶν
1465 1092 1774 1162 ἀνατροπὰς
1809 1091 1904 1143 καὶ
1935 1089 2133 1159 μυρίας

561 1179 946 1244 ἐπεισάγουσαι
979 1176 1304 1246 τραγῳδίας,
1337 1176 1431 1227 καὶ
1464 1175 1598 1228 πολὺ
1627 1174 1689 1226 τὸ
1715 1173 1810 1226 τοῦ
1847 1173 2001 1240 φίλου
2041 1171 2132 1224 καὶ

561 1261 788 1330 ἐρῶντος
813 1261 986 1327 ὄνομα
1025 1260 1275 1327 ἔχουσαι,
1312 1259 1404 1310 καὶ
1439 1257 1498 1310 τὸ
1542 1258 1640 1326 τῆς
1675 1257 1834 1327 φίλης
1867 1257 1962 1309 καὶ
1989 1257 2128 1325 ἐρω-

561 1344 760 1412 μένης;
803 1345 910 1395 Καὶ
942 1343 1004 1394 τὸ
1036 1343 1098 1412 δὴ
1137 1341 1548 1411 χαλεπώτερον,
1598 1343 1680 1394 ὅτι
1727 1340 1821 1394 καὶ
1871 1339 2130 1404 παρθένοι

557 1427 948 1494 παραγίνονται
1006 1425 1250 1489 τούτοις,
1315 1427 1497 1477 πᾶσαν
1553 1423 1963 1491 ἀποδυσάμενοι
2030 1420 2127 1488 τὴν

554 1509 705 1568 αἰδὼ,
742 1508 820 1568 είς
852 1509 950 1576 τὴν
983 1508 1085 1576 τῆς
1123 1507 1540 1576 νυμφευομένης
1584 1504 1786 1575 τιμὴν,
1829 1503 2028 1571 μᾶλλον
2071 1502 2127 1555 δὲ

556 1590 732 1659 ὓϐριν,
767 1591 858 1641 καὶ
887 1590 984 1660 τὴν
1020 1588 1228 1641 ἑαυτῶν
1259 1588 1617 1659 προπίνουσαι
1652 1586 1928 1656 σωτηρίαν
1952 1598 1999 1648 δ,
2034 1585 2130 1637 καὶ

558 1673 758 1742 μεταξὺ
788 1674 920 1725 νέων
950 1671 1264 1724 ἀκολάστων
1292 1669 1696 1741 ἀσχημονοῦσαι
1727 1673 1839 1731 τοῖς
1868 1669 2128 1728 ἀτάκτοις

553 1757 760 1827 ᾄσμασι
783 1797 796 1817 ,
823 1759 934 1817 τοῖς
962 1758 1206 1825 αἰσχροῖς
1242 1757 1470 1826 ῥήμασι,
1501 1759 1567 1824 τῇ
1598 1757 1860 1822 σατανικῇ
1901 1769 2126 1819 συμφω-

553 1843 662 1911 νίᾳ.
723 1843 845 1892 Ἔτι
889 1836 981 1893 οὖν
1020 1841 1246 1909 ἐρωτᾷς,
1301 1840 1421 1890 εἰπέ
1462 1856 1590 1904 μοι,
1638 1838 1801 1889 πόθεν
1852 1839 2128 1904 μοιχεῖαι;

555 1926 718 1976 πόθεν
752 1927 1029 1992 πορνεῖαι;
1069 1923 1229 1973 πόθεν
1269 1921 1556 1990 διαφθοραὶ
1583 1920 1818 1990 γάμων;
1861 1918 1996 1969 ’Λλλ“
2029 1923 2128 1969 οὐκ

557 2005 960 2073 εὐγενεῖς-οὑδὲ
1005 2005 1337 2073 εὐσχήμονες
1372 2003 1543 2056 ταῦτα
1595 2005 1927 2072 πράττουσι,
1971 2000 2123 2068 φησί.

558 2090 676 2151 Πῶς
703 2085 797 2142 οὖν
829 2087 964 2156 ἐμοῦ
1000 2087 1325 2154 καταγελᾷς,
1354 2088 1514 2149 αὐτὸς
1542 2087 1648 2156 πρὸ
1677 2083 1811 2153 ἐμοῦ
1845 2083 1934 2136 τὸν
1962 2083 2127 2152 νόμον

553 2172 739 2225 τοῦτον
772 2170 958 2237 εἰδώςς
991 2170 1059 2222 Et
1092 2170 1201 2240 γάρ
1230 2170 1370 2223 καλά
1401 2174 1467 2222 τά
1511 2169 1770 2236 γινόμενα
1791 2207 1804 2228 ,
1837 2166 1996 2219 ἔασον
2023 2168 2125 2218 κά-

554 2256 734 2317 κείνας
765 2253 938 2308 ταῦτα
963 2255 1155 2306 ποιεῖν.
1185 2253 1275 2322 Μὴ
1305 2253 1412 2322 γὰρ
1432 2291 1447 2315 ,
1475 2250 1665 2320 ἐπειδὴ
1694 2249 1857 2319 πενίᾳ
1892 2249 2126 2312 συζῶσιν

553 2330 744 2401 αὗται,
779 2336 900 2404 οὐχὶ
931 2335 1026 2387 καὶ
1059 2334 1220 2387 αὐταὶ
1257 2335 1511 2404 παρθένοι
1549 2333 1678 2394 είσὶ,
1714 2331 1809 2383 καὶ
1846 2330 2126 2399 σωφροσύ-

552 2437 647 2488 νης
694 2417 1070 2488 ἐπιμελεῖσθαι
1115 2417 1210 2468 καὶ⁵
1256 2417 1424 2478 αὑτάς
1466 2416 1606 2485 χρή;
1639 2415 1752 2468 Νῦν
1784 2415 1840 2467 δὲ
1884 2415 2124 2485 ὀρχεῖται

552 2502 818 2571 παρθένος
855 2503 911 2552 ἐν
942 2500 1106 2568 κοινῷ
1149 2499 1360 2569 θεάτρῳ
1394 2499 1528 2550 νέων
1560 2498 1874 2551 ἀκολάστων
1912 2497 1961 2559 δ,
2002 2497 2124 2550 εἰπέ

556 2601 666 2653 μοι,
703 2585 795 2636 καὶ
837 2584 898 2634 ού
931 2582 1077 2634 δοκεῖ
1121 2598 1202 2634 σοι
1229 2584 1328 2651 τῆς
1359 2580 1564 2649 πόρνης
1611 2575 1749 2631 εἶναι
1793 2578 2122 2648 ἀτιμοτέρας

554 2668 614 2718 El
653 2666 710 2716 δέ
747 2665 948 2734 λέγεις,
1000 2665 1082 2716 ὅτι
1123 2663 1502 2732 θεραπαινίδες
1555 2659 1726 2713 ταῦτα
1774 2659 2121 2729 ἐργάζονται,

552 2749 670 2800 οὐδὲ
698 2749 868 2809 οὕτως
897 2745 1100 2816 ἀφίημί
1131 2762 1189 2798 σε
1218 2746 1315 2814 τῆς
1343 2745 1700 2817 κατηγορίας·
1727 2735 1846 2796 οῦδέ
1869 2743 1977 2813 γάρ
2002 2742 2126 2796 ταύ-

548 2844 668 2894 ταις
702 2829 1092 2900 ἐπιτετράφθαι
1119 2829 1305 2899 ἐχρῆν.

619 2963 690 3026 η’.
724 2956 856 3008 Ἀπὸ
873 2956 980 3025 γάρ
997 2955 1199 3008 τούτων
1212 2951 1893 3017 πάντατίκτεταιτάκακά,
1919 2953 2001 3004 ὅτι
2027 2953 2126 3022 τῆς

547 3042 786 3102 οἱκετίας
812 3039 1001 3090 οὐδένα
1032 3037 1335 3106 ποιούμεθα
1370 3035 1548 3104 λόγον·
1580 3035 1694 3088 ἀλλ’
1730 3035 1892 3104 ἀρκεῖ
1926 3035 2004 3098 είς
2029 3053 2126 3088 κα-

547 3122 877 3190 ταφρόνησιν
898 3123 958 3171 τὸ
987 3120 1158 3170 εἰπεῖν
1178 3161 1191 3182 ,
1222 3120 1303 3170 ὅτι
1334 3117 1529 3181 Δοῦλός
1556 3119 1672 3170 ἐστι
1702 3117 1794 3169 καὶ
1823 3117 1930 3169 εἰσὶ
1961 3117 2124 3188 θερα-

548 3203 789 3264 παινίδες
808 3219 820 3232 ·
856 3203 1032 3255 καίτοι
1058 3220 1122 3270 γε
1153 3201 1274 3254 καθ’
1304 3202 1543 3270 ἑκάστην
1575 3200 1787 3271 ἡμέραν
1813 3200 2122 3266 ἀκούοντες,

548 3289 629 3338 ὅτι
674 3288 778 3339 Ἐν
804 3285 1034 3352 Χριστῷ
1065 3284 1258 3350 Ἰησοῦ
1283 3287 1355 3337 οὐ
1380 3284 1622 3349 δοῦλος,
1645 3285 1755 3336 οὐκ
1787 3284 2119 3350 ἐλεύθερος.

550 3371 621 3422 Σὺ
661 3370 716 3422 δὲ
770 3370 938 3421 ἵππου
982 3369 1080 3438 μὲν
1117 3369 1178 3420 ού
1218 3370 1584 3435 καταφρονεῖς
1627 3367 1748 3419 οὐδὲ
1793 3367 1939 3431 δνου,
1989 3367 2124 3420 ἀλλά

549 3453 726 3506 πάντα
761 3455 933 3514 ποιεῖς
961 3451 1100 3504 ὥστε
1136 3452 1210 3520 μὴ
1244 3451 1496 3517 γενέσθαι
1532 3449 1768 3517 φαύλους
1791 3465 1802 3476 ·
1833 3449 2033 3501 δούλων
2067 3450 2124 3504 δὲ

547 3536 656 3588 τῶν
686 3534 978 3604 όμοῲύχων
1003 3534 1312 3603 ύπερορᾷς;
1341 3531 1451 3584 Καὶ
1484 3532 1536 3583 τί
1564 3531 1708 3598 λέγω
1740 3530 1960 3594 δούλων,
1988 3533 2122 3585 ὅπου

547 3634 611 3683 γε
657 3619 749 3669 καὶ
777 3617 983 3670 παίδων
1017 3617 1110 3668 καὶ
1151 3614 1497 3685 θυγατέρων;
1533 3614 1598 3666 Τί
1631 3613 1694 3683 δὴ
1733 3613 1869 3683 μετὰ
1911 3614 2122 3678 ταῦτας

561 3699 799 3765 Ἀνάγκη
842 3699 1018 3765 λύπην
1049 3698 1248 3758 εὐθέως
1287 3698 1607 3759 ἐπεισιέναι,
1650 3697 1866 3748 πάντων
1899 3697 2122 3749 ἐκείνων

551 3782 996 3847 καθαιρουμένων
1023 3798 1036 3810 ο
1081 3779 1337 3839 πολλάκις
1376 3780 1430 3830 δέ
1478 3781 1571 3831 καὶ
1602 3780 1805 3846 ζημίαν
1842 3779 2122 3831 τίκτεσθαι

553 3863 818 3932 μεγίστην
840 3901 854 3923 ,
891 3863 948 3913 ἐν
991 3861 1068 3927 τῷ
1103 3860 1295 3927 πλήθει
1329 3858 1423 3909 καὶ
1453 3858 1530 3925 τῷ
1565 3859 1776 3927 θορύϐῳ
1812 3859 2124 3926 πολυτίμων

548 3947 709 3998 τινῶν
749 3944 1139 4012 ἀπολλυμένων
1184 3940 1439 4011 χρυσίων.
1480 3935 1611 3992 Εἶτα
1660 3941 1795 4009 μετά
1826 3941 1914 3992 τὸν
1949 3943 2125 4010 γάμον

550 4031 602 4084 εἴ
632 4045 761 4082 ποτε
795 4028 1006 4094 γένοιτο
1046 4025 1274 4088 παιδίον,
1312 4025 1404 4076 καὶ
1435 4023 1667 4077 ἐνταῦθα
1703 4024 1861 4076 πάλιν
1891 4025 1988 4095 τὴν
2024 4024 2122 4076 αύ-

548 4117 646 4182 τὴν
687 4112 837 4183 [107]
864 4112 1047 4164 ἄνοιαν
1074 4109 1334 4179 ὀψόμεθα,
1372 4109 1461 4161 καὶ
1487 4109 1654 4162 πολλά
1680 4108 1919 4179 σύμϐολα
1953 4108 2124 4175 γέλω-

550 4212 638 4256 τος
663 4195 925 4263 γέμοντα.
956 4195 1062 4245 Καὶ
1089 4195 1197 4262 γάρ
1227 4193 1385 4260 ἡνίκα
1414 4191 1478 4244 ἂν
1505 4192 1785 4245 καλεῖσθαι
1814 4192 1874 4243 τὸ
1911 4190 2120 4244 παιδίον

549 4275 678 4343 δέῃ,
735 4276 962 4342 ἀφέντες
995 4274 1102 4324 ἀπὸ
1146 4274 1255 4324 τῶν
1294 4273 1464 4338 ἀγίων
1514 4274 1644 4325 αὐτὸ
1691 4274 1895 4336 καλεῖν,
1943 4273 2018 4337 ῶς
2072 4276 2119 4325 οἱ

551 4359 771 4410 παλαιοὶ
827 4358 885 4408 τὸ
932 4355 1146 4425 πρῶτον
1183 4355 1418 4416 ἐποίουν,
1475 4355 1698 4423 λύχνους
1746 4355 1979 4422 ἅψαντες
2027 4361 2121 4408 καὶ

549 4442 783 4510 ὀνόματα
836 4440 1017 4502 αὐτοῖς
1050 4436 1401 4497 ἐπιτιθέντες,
1444 4435 1520 4505 τῷ
1562 4435 1911 4504 διαρκέσαντι
1958 4437 2119 4505 μέχρι

549 4526 744 4579 πολλοῦ
797 4525 857 4576 τὸ
903 4523 1107 4575 παιδίον
1161 4521 1402 4573 ποιοῦσιν
1451 4518 1823 4590 ὀμώνυμονε,
1873 4519 2119 4570 ἐντεῦθεν

550 4609 718 4659 πολὺν
771 4607 899 4656 αὑτό
950 4605 1331 4673 στοχαζόμενοι
1384 4602 1676 4672 βιώσεσθαι
1718 4603 1928 4673 χρόνον.
1988 4596 2120 4652 Εἶτα

549 4687 766 4740 ἐπειδάν
791 4687 969 4755 συμϐῇ
996 4688 1248 4747 πολλάκις
1271 4687 1401 4738 αὐτὸ
1427 4688 1603 4756 άωρον
1631 4686 1930 4756 ὑποστῆναι
1957 4685 2119 4735 θάνα-

548 4789 638 4823 τον
667 4769 974 4838 (συμϐαίνει
1011 4768 1066 4819 δὲ
1093 4767 1369 4836 πολλάκις)
1393 4808 1406 4830 ,
1441 4769 1606 4832 πολὺς
1629 4769 1820 4836 ἕψεται
1847 4767 1997 4839 παρά
2029 4766 2117 4818 τοῦ

546 4854 790 4907 διαϐόλου
825 4852 1023 4920 γέλως,
1056 4851 1134 4902 ὅτι
1173 4851 1302 4902 ὡσεὶ
1335 4850 1526 4912 παῖδας
1564 4853 1823 4920 ἀνοήτους
1852 4851 2115 4918 διέπαιξε.

618 4960 682 5011 Τί
712 4959 775 5012 ἀν
810 4976 890 5021 τις
937 4958 1079 5009 εἴποι
1122 4955 1192 5007 τά
1237 4957 1512 5026 περίαπτα
1558 4956 1652 5007 καὶ
1695 4956 1821 5018 τοὺς
1862 4957 2118 5022 κώδωνας

547 5043 672 5104 τοὺς
701 5042 802 5111 τῆς
828 5043 1006 5112 χειρὸς
1036 5040 1436 5110 ἐξηρτημένους
1469 5038 1559 5090 καὶ
1586 5037 1678 5089 τὸν
1709 5037 1961 5092 κόκκινον
1989 5042 2116 5111 στή-

552 5141 708 5191 μονα,
751 5128 842 5176 καὶ
878 5124 946 5175 τά
978 5123 1111 5176 ἀλλα
1143 5125 1211 5175 τά
1244 5121 1438 5190 πολλῆς
1469 5120 1655 5183 ἀνοίας
1684 5118 1924 5188 γέμοντα
1946 5159 1960 5183 ,
1999 5121 2116 5174 δέον

551 5205 717 5274 μηδὲν
759 5207 944 5274 ἓτερον
981 5205 1059 5275 τῷ
1089 5203 1240 5257 παιδὶ
1281 5201 1640 5274 περιτιθέναι,
1677 5200 1792 5253 ἀλλ’
1819 5201 1850 5271 ἢ
1880 5203 1978 5271 τὴν
2007 5205 2117 5257 ἀπὸ

547 5287 640 5340 τοῦ
687 5289 918 5357 σταυροῦ
973 5286 1246 5358 φυλακήν;
1281 5287 1394 5339 Νῦν
1433 5286 1489 5338 δὲ
1534 5278 1690 5346 οὗτος
1740 5284 1839 5354 μὲν
1876 5301 2118 5338 καταπε-

548 5371 809 5440 φρόνηται
843 5371 870 5420 ό
911 5370 1006 5439 τὴν
1035 5370 1357 5439 οἰκουμένην
1391 5368 1723 5437 ἐπιστρέψας
1752 5366 1988 5432 ἃπασαν,
2021 5371 2115 5423 καὶ

547 5453 786 5523 χαλεπήν
814 5451 935 5513 δοὺς
970 5452 1046 5519 τῷ
1072 5453 1300 5522 διαϐόλῳ
1331 5451 1561 5522 πληγὴν,
1597 5450 1688 5503 καὶ
1727 5452 1907 5503 πᾶσαν
1944 5452 2108 5504 αὑτοῦ

546 5535 922 5606 καταστρέψας
949 5535 1047 5604 τὴν
1079 5534 1303 5603 δύναμιν
1323 5552 1335 5562 ν
1366 5535 1538 5603 κρόκη
1559 5534 1614 5585 δὲ
1653 5533 1744 5584 καὶ
1773 5535 1992 5603 στήμων
2019 5536 2117 5588 καὶ

605 5685 632 5712 ⁸
670 5681 925 5746 ιερείηηητ
956 5682 1104 5746 τῇςνέ.
1128 5681 1453 5746 προτείνουσαι
1473 5679 1729 5746 σωτηρίας.
1856 5681 1974 5732 Post
1995 5684 2112 5732 ἀκο-

545 5741 749 5814 Αάστων⁷
769 5744 898 5815 ﬁes.
945 5744 1071 5813 agdil
1113 5744 1336 5815 αἰσχρῶς.
1398 5744 1444 5812 ,θ
1482 5741 1642 5815 Βεβ,
1670 5741 1751 5788 τὸν
1796 5744 2109 5815 διαρκέσαντα

582 5805 680 5864 έγρι
705 5800 881 5851 πολλοῦ
925 5803 1012 5852 τοῦ
1056 5800 1245 5851 παιδίὸῦ
1287 5800 1505 5850 ποιοῦσιν
1549 5800 1818 5863 ὁμώνυμον.
1852 5800 2107 5856 Εάιιοτυω

563 5866 691 5915 cutio
713 5877 855 5928 quam
881 5867 1148 5927 sequimur,
1173 5867 1395 5914 eamdem
1420 5864 1564 5912 elrerl
1589 5867 1903 5915 sentenliazn.

1197 317 1254 372 S.
1296 317 1580 374 JOANNIS
1617 313 2116 372 CHRYSOSTOMI
2155 311 2486 370 ARCHIEP.
2526 312 3086 373 CONSTANTINOP.

2235 428 2306 480 τά
2360 429 2495 482 ἄλλα
2542 431 2899 501 περιάμματα
2942 433 3008 486 τά
3055 432 3278 487 τοιαῦτα
3315 433 3409 488 τοῦ
3457 434 3674 488 παιδίου
3713 438 3811 504 ἐμ-

2238 513 2582 566 πιστεύονται
2612 515 2712 584 τὴν
2739 515 3060 586 ἀσφάλειαν.
3096 515 3246 569 Εἴπω
3283 534 3336 569 τι
3362 518 3551 570 τούτου
3578 532 3811 584 καταγε-

2241 590 2562 666 λαστότερον
2610 597 2830 667 ἕτερον;
2891 599 3050 651 Ἀλλά
3101 597 3290 668 μηδεὶς
3337 598 3594 669 ἀκαιρίαν
3653 598 3812 669 ἡμῶν

2238 679 2734 744 καταγινωσκέτω,
2775 682 2824 733 εἰ
2876 680 2974 733 καὶ
3024 681 3186 752 μέχρι
3232 680 3437 733 τούτων
3484 682 3732 753 πρόεισιν
3779 680 3812 733 6

2237 755 2415 826 λόγος.
2466 760 2524 813 ’0
2560 765 2670 832 γὰρ
2694 763 2793 831 τὴν
2815 762 3084 834 σηπεδόνα
3112 761 3352 832 καθᾶραι
3375 763 3718 833 βουλόμενος.
3745 762 3810 816 οὐ

2242 843 2636 912 παραιτήσεται
2672 845 2947 915 προτέρας
2965 845 3073 910 ’τάς
3107 844 3301 900 ἐαυτοῦ
3343 845 3567 914 μολῦναι
3599 847 3807 914 χεῖρας.

2239 922 2301 973 Τί
2323 924 2507 994 δήποτ’
2534 922 2628 978 οὗν
2649 926 2805 980 τοῦτό
2836 931 2952 982 ἐστι
2976 928 3035 981 τὺ
3071 927 3475 995 καταγέλαστον
3509 943 3525 990 ς
3578 929 3645 979 Ὃ
3700 943 3808 995 μη-

2237 1003 2326 1055 δέν
2357 1007 2456 1074 μὲν
2496 1004 2636 1061 είναι
2676 1010 2824 1062 δοκεῖ
2866 1010 2972 1082 (διὰ
3005 1011 3115 1081 γάρ
3143 1010 3303 1064 τοῦτο
3333 1009 3549 1078 στένω),
3571 1009 3715 1079 ἀρχὴ
3751 1007 3807 1059 δέ

2237 1092 2353 1145 ἐστι
2371 1096 2796 1167 παραφροσύνης
2810 1100 2905 1150 καὶ
2920 1101 3222 1168 παρανοίας
3243 1098 3476 1168 ἐσχάτης
3487 1096 3513 1135 ἀ
3524 1095 3809 1166 ,Βόρϐορον

2237 1174 2294 1227 αἱ
2326 1180 2582 1242 γυναῖκες
2614 1181 2672 1232 ἐν
2700 1181 2778 1250 τῷ
2809 1181 3077 1251 βαλανείῳ
3097 1181 3470 1250 λαμϐάνουσαι
3505 1179 3694 1249 τροφοὶ
3715 1176 3811 1229 καὶ

2236 1253 2647 1328 θεραπαινίδες,
2675 1265 2771 1316 καὶ
2803 1262 2879 1333 τῷ
2913 1263 3160 1332 δακτύλῳ
3200 1264 3482 1333 χρίσασαι,
3529 1260 3671 1313 κατά
3715 1260 3807 1311 τοῦ

2239 1340 2492 1410 μετώπου
2527 1346 2758 1398 τυποῦσι
2797 1347 2892 1400 τοῦ
2941 1347 3174 1400 παιδίου·
3228 1347 3329 1399 κᾶν
3356 1345 3551 1416 ἔρηταί
3597 1361 3704 1408 τις,
3743 1340 3810 1396 Τί

2237 1424 2485 1494 βούλεται
2503 1428 2530 1479 ό
2549 1427 2827 1501 βόρϐορος,
2849 1432 2900 1483 τί
2919 1432 2974 1484 δὲ
2991 1434 3018 1482 ὁ
3035 1430 3204 1500 πηλός
3218 1448 3233 1495 ;
3249 1428 3554 1497 Ὀφθαλμὸν
3574 1426 3808 1496 πονηρὸν

2235 1511 2590 1579 ἀποστρέφει,
2623 1514 2775 1582 φησὶ,
2805 1516 2897 1565 καὶ
2924 1513 3226 1581 βασκανίαν
3257 1515 3349 1565 καὶ
3377 1511 3593 1580 φθόνον.
3633 1508 3808 1569 Βαϐαὶ

2231 1589 2331 1660 τῆς
2368 1591 2550 1661 ίσχύος
2589 1593 2686 1646 τοῦ
2737 1594 3000 1665 βορϐόρου
3039 1599 3127 1647 καὶ
3160 1596 3255 1665 τῆς
3304 1595 3398 1648 τοῦ
3439 1592 3612 1662 πηλοῦ
3649 1592 3807 1644 δυνά-

2237 1689 2404 1742 μεως,
2420 1675 2613 1744 ἡλίκην
2639 1675 2753 1744 εχει
2772 1677 2870 1744 τὴν
2895 1676 3047 1745 ίσχύν
3067 1678 3081 1730 ί
3101 1678 3424 1747 Ὀλόκληρον
3444 1676 3537 1729 τοῦ
3559 1674 3807 1728 διαϐόλου

2235 1756 2536 1824 παράταξιν
2565 1757 2918 1824 ἀποστρέφει.
2955 1758 3068 1810 Ούκ
3096 1759 3493 1826 ἐγκαλύψεσθε,
3529 1757 3648 1810 είπέ
3684 1773 3806 1825 pm;

2232 1839 2293 1889 ού
2338 1839 2596 1908 συνήσετε
2628 1840 2725 1908 ὀψέ
2767 1858 2896 1892 ποτε
2927 1841 3027 1903 τὰς
3056 1841 3288 1908 παγίδας
3333 1841 3430 1901 τάς
3471 1839 3805 1900 διαϐολικὰς.

2234 1921 2352 1983 πῶς
2393 1921 2454 1973 ἐκ
2497 1920 2722 1992 πρώτης
2753 1923 2967 1992 ήλικίας
3001 1925 3140 1977 κατά
3172 1922 3365 1994 μικρὸν
3396 1923 3676 1986 ἐπεισάγει
3711 1924 3808 1984 τάς

2233 2006 2362 2073 παρ’
2389 2004 2582 2057 ἐαυτοῦ
2627 2007 2876 2075 μηχανὰς
2899 2009 2927 2060 ὀ
2961 2006 3234 2070 διάϐολος;
3265 2009 3326 2059 Εί
3357 2006 3465 2077 γὰρ
3491 2007 3518 2058 ὁ
3549 2004 3806 2074 βόρϐορος

2231 2087 2388 2139 τοῦτο
2431 2090 2590 2154 ποιεῖ,
2631 2089 2720 2142 διά
2749 2090 2802 2142 τί
2843 2091 2917 2162 μή
2953 2092 3048 2144 καὶ
3080 2092 3142 2144 σὺ
3185 2091 3346 2143 τοῦτο
3379 2093 3547 2153 ποιεῖς
3587 2089 3679 2141 ἐπὶ
3710 2088 3806 2140 τοῦ

2235 2171 2431 2222 σαυτοῦ
2463 2170 2739 2241 μετώπου,
2771 2173 2910 2244 ἀνὴρ
2940 2174 3015 2226 ῶν
3048 2175 3140 2227 καὶ
3183 2175 3241 2226 ἐν
3271 2174 3380 2240 ἔξει
3412 2172 3650 2242 γεγονὼς
3671 2212 3686 2235 ,
3710 2172 3808 2224 καὶ

2237 2251 2435 2320 μᾶλλον
2476 2253 2571 2306 τοῦ
2625 2255 2842 2307 παιδίου
2893 2257 3017 2318 τοὺς
3057 2256 3386 2325 φθονοῦντας
3425 2257 3600 2324 ιχων;
3635 2255 3720 2307 διὰ
3753 2254 3808 2304 τί

2236 2338 2310 2405 μὴ
2350 2337 2444 2388 καὶ
2476 2337 2595 2389 ὅλον
2641 2337 2922 2408 βορϐοροῖς
2960 2339 3020 2390 τὸ
3069 2338 3259 2407 σῶμα;
3315 2340 3364 2391 εί
3417 2339 3526 2408 γάρ
3568 2339 3661 2389 ἐπὶ
3711 2336 3808 2388 τοῦ

2235 2418 2489 2489 μετώπου
2520 2421 2790 2487 τοσαύτην
2819 2420 2934 2490 ἔχει
2961 2422 3060 2490 τήν
3107 2422 3259 2491 ἰσχὺν
3281 2462 3297 2484 ,
3325 2421 3467 2482 τίνος
3495 2421 3680 2472 ἓνεκεν
3706 2419 3809 2489 οὺχ

2230 2502 2352 2556 ὅλον
2380 2503 2603 2560 σεαυτὸν
2635 2503 2882 2575 βορϐόρῳ
2911 2505 3262 2575 καταχρίειςς
3294 2503 3473 2565 Γέλως
3502 2503 3673 2556 ταῦτα
3710 2503 3810 2554 καὶ

2231 2585 2491 2656 κωμῳδία
2526 2586 2820 2657 σατανικὴ,
2845 2588 2945 2640 οὐκ
2973 2589 3053 2651 εἰς
3097 2586 3389 2658 χλευασίαν
3435 2586 3630 2657 μόνον,
3669 2584 3811 2639 ἀλλά

2231 2669 2328 2720 καὶ
2356 2669 2436 2731 είς
2473 2668 2699 2737 γέενναν
2735 2670 3186 2740 καταστρέφουσα
3226 2672 3350 2734 τοὺς
3389 2669 3806 2740 ἀπατωμένους.

2232 2753 2342 2806 Καὶ
2378 2753 2439 2805 τὸ
2466 2752 2566 2820 μὲν
2593 2753 2721 2821 παρ’
2751 2753 2976 2822 Ἕλλησι
3002 2753 3174 2806 ταῦτα
3202 2752 3471 2820 γίνεσθαι,
3492 2751 3809 2820 θαυμαστὸν

2231 2835 2404 2889 οὐδέν’
2430 2834 2492 2887 τὸ
2518 2835 2576 2888 δὲ
2607 2834 2757 2904 παρά
2781 2839 2891 2898 τοῖς
2913 2836 3004 2887 τὸν
3027 2835 3255 2905 σταυρὸν
3285 2835 3669 2908 προσκυνοῦσι,
3706 2836 3805 2887 καί⁵

2235 2917 2548 2988 μυστηρίων
2589 2918 2917 2988 ἀπορρήτων
2945 2919 3399 2988 κεκοινωνηκόσι,
3435 2920 3529 2971 καὶ
3565 2916 3808 2970 τοσαῦτα

2231 2999 2581 3069 φιλοσοφοῦσι
2605 3001 2808 3068 ταύτην
2839 3003 3057 3070 κρατεῖν
3084 3002 3185 3070 τὴν
3219 3003 3625 3071 ἀσχημοσύνην,
3657 2999 3807 3053 τοῦτ’

2229 3084 2347 3137 εστι
2388 3084 2450 3137 τὸ
2497 3083 2706 3137 πολλῶν
2744 3085 2957 3154 θρήνων
3000 3085 3169 3148 ἀξιον.
3240 3086 3298 3138 Ὀ
3353 3085 3483 3148 Θεὸς
3540 3101 3596 3136 σε
3646 3085 3811 3156 μύρῳ

2230 3167 2460 3236 ἐτίμησε
2497 3167 2886 3238 πνευματικῷ,
2927 3169 3022 3222 καὶ
3062 3171 3127 3222 σὺ
3165 3167 3410 3238 βορϐόρῳ
3455 3168 3703 3237 μολύνεις
3741 3169 3809 3220 τὸ

2231 3251 2475 3316 παιδίον;
2502 3253 2531 3304 ό
2558 3252 2689 3315 Θεός
2715 3268 2773 3303 σε
2794 3252 3044 3322 ἐτίμησε,
3074 3255 3138 3304 σὺ
3171 3252 3228 3304 δὲ
3259 3252 3454 3305 σαυτὸν
3482 3251 3806 3318 ἀτιμάζειςς

2230 3334 2327 3386 καὶ
2366 3334 2483 3387 δέον
2526 3334 2617 3387 τὸν
2656 3336 2888 3406 σταυρὸν
2921 3337 3248 3406 ἐπιγράφειν
3286 3335 3364 3406 τῷ
3407 3337 3659 3406 μετώπῳ,
3702 3336 3808 3404 τὴν

2229 3416 2528 3484 ἀσφάλειαν
2565 3418 2777 3486 ἄμαχον
2828 3418 3158 3487 παρέχοντα’
3202 3419 3267 3470 σὺ
3311 3419 3368 3470 δὲ
3409 3418 3577 3470 ταῦτα
3620 3419 3807 3486 ἀφεὶς,

2229 3499 2324 3550 ἐπὶ
2350 3499 2449 3567 τὴν
2490 3501 2788 3568 σατανικὴν
2830 3500 3012 3552 ἄνοιαν
3050 3502 3453 3564 καταπίπτεις;
3489 3501 3550 3552 Εί
3589 3501 3644 3552 δέ
3693 3519 3810 3555 τισι

2227 3581 2402 3634 ταῦτα
2424 3581 2595 3651 μικρά
2621 3578 2756 3634 εἶναι
2779 3582 2944 3641 δοκεῖ.
2975 3581 3411 3650 μανθανέτωσαν,
3438 3585 3520 3636 ὅτι
3551 3585 3809 3653 μεγάλων

2228 3665 2376 3717 ἐστὶν
2398 3666 2546 3718 αἴτια
2572 3666 2777 3727 κακῶν,
2807 3667 2901 3719 καὶ
2929 3667 3010 3719 ὅτι
3043 3667 3164 3718 οὐδὲ
3196 3667 3272 3736 τῷ
3304 3668 3499 3737 Παύλῳ
3529 3669 3598 3720 τά
3630 3670 3812 3737 μικρά

2230 3751 2478 3818 παρορᾷν
2515 3749 2682 3813 ἔδοξε.
2718 3749 2782 3800 Τί
2818 3749 2947 3820 γάρ,
2987 3750 3106 3801 εἰπέ
3140 3750 3289 3821 [108]
3325 3769 3450 3819 μοι,
3485 3751 3580 3803 τοῦ
3633 3751 3805 3802 καλύ-

2227 3831 2458 3882 πτεσθαι
2490 3833 2773 3899 ἄνθρωπον
2811 3832 2908 3899 τὴν
2955 3833 3197 3899 κεφαλὴν
3248 3832 3602 3901 μικρότερον,
3664 3833 3808 3885 Ἀλλ’

2227 3911 2328 3976 ὅρα
2367 3911 2539 3977 πόσην
2575 3911 2716 3980 ὑπὲρ
2746 3911 2934 3964 τούτου
2967 3915 3199 3963 ποιεῖται
3238 3912 3471 3981 σπουδὴν
3495 3953 3508 3972 ,
3551 3915 3642 3966 καὶ
3681 3917 3806 3982 μεθ’

2225 3992 2360 4059 ὅσης
2384 3991 2716 4061 ἀπαγορεύει
2745 3993 3122 4063 σφοδρότητος,
3154 3994 3286 4046 άλλα
3315 4013 3371 4047 τε
3402 3995 3571 4048 πολλά
3601 3997 3805 4064 λέγων,

2228 4079 2322 4126 καὶ
2367 4075 2449 4128 ὅτι
2501 4075 2852 4145 καταισχύνει
2890 4077 2987 4147 τὴν
3037 4077 3278 4148 κεφαλὴν
3331 4079 3516 4131 αύτόῦ.
3564 4081 3626 4132 Εἰ
3667 4081 3723 4132 δὲ
3775 4085 3806 4134 ό

2228 4159 2780 4229 κατακαλυπτόμενος
2801 4162 3152 4232 καταισχύνει
3182 4163 3278 4232 τὴν
3300 4164 3537 4232 κεφαλὴν
3556 4164 3743 4231 αὐτοῦ,
3770 4167 3803 4217 ό

2227 4239 2473 4314 βορϐόρῳ
2521 4244 2719 4314 χρίων,
2757 4245 2870 4308 πῶς
2906 4247 3024 4315 οὐχὶ
3076 4247 3168 4299 καὶ
3213 4247 3500 4316 βδελυκτδν
3550 4251 3693 4301 ποιεῖ
3736 4250 3803 4301 τὸ

2227 4325 2475 4391 παιδίον;
2525 4327 2639 4390 πῶς
2688 4329 2795 4399 γὰρ
2827 4331 2958 4382 αὐτὸ
3009 4331 3276 4400 προσάγει
3321 4334 3442 4394 ταῖς
3490 4333 3646 4402 χερσὶ
3697 4331 3802 4385 τοῦ

2230 4409 2440 4476 ίερέως,
2468 4410 2590 4461 εἰπέ
2613 4428 2735 4478 μοις
2770 4412 2885 4473 πῶς
2906 4413 3081 4478 ἀξιοῖς
3100 4415 3191 4468 ἐπὶ
3219 4414 3312 4466 τοῦ
3346 4414 3596 4483 μετώπου
3623 4431 3796 4485 σφρα-

2224 4490 2349 4553 γῖδα
2379 4491 2694 4559 ἐπιτεθῆναι
2733 4492 2885 4561 παρά
2916 4493 3015 4559 τῆς
3058 4493 3152 4546 τοῦ
3185 4497 3554 4567 πρεσϐυτέρου
3589 4498 3798 4566 χειρὸς,

2224 4570 2352 4622 ἔνθα
2383 4570 2472 4623 τὶν
2502 4572 2761 4642 βόρϐορον
2793 4574 3119 4643 ἐπέχρισας;
3153 4578 3244 4643 Μὴ
3273 4579 3477 4639 ταῦτα,
3511 4579 3614 4649 μὴ,
3640 4581 3804 4633 ἀδελ-

2225 4653 2333 4718 φοὶ,
2360 4651 2472 4706 ἀλλ’
2494 4657 2558 4705 ἐκ
2578 4653 2800 4724 πρώτης
2822 4655 3038 4724 ἡλικίας
3060 4662 3448 4726 πνευματικοῖς
3474 4661 3614 4713 αὐτά
3637 4679 3796 4732 περι·

2225 4737 2491 4806 φράττετε
2519 4737 2724 4801 ὅπλοις,
2753 4739 2847 4790 καὶ
2879 4742 2944 4809 τῇ
2980 4741 3122 4810 χειρὶ
3155 4741 3439 4794 παιδεύετε
3471 4747 3735 4812 σφραγίζε
3748 4765 3802 4798 ιν

2222 4818 2284 4870 τὸ
2327 4818 2610 4888 μέτωπον·
2647 4820 2740 4872 καὶ
2773 4821 2903 4890 πρὶν
2937 4822 2969 4892 ἢ
3010 4821 3307 4891 δυνηθῆναι
3353 4826 3418 4894 τῇ
3460 4826 3605 4896 χειρὶ
3637 4828 3803 4882 τοῦτο

2223 4903 2416 4966 ποιεῖν,
2448 4903 2909 4958 αύτοὶέντυποῦτε
2939 4905 3120 4969 αὐτοῖς
3146 4906 3234 4958 τὸν
3273 4911 3522 4978 σταυρόν.

2292 5004 2357 5058 Τί
2386 5005 2450 5058 ἀν
2469 5024 2551 5070 τις
2572 5007 2713 5060 είποι
2734 5008 2832 5070 τάς
2853 5009 3043 5078 ἑτέρας
3069 5012 3477 5081 παρατηρήσεις
3495 5012 3600 5077 ίτάς
3625 5031 3798 5068 σατα-

2221 5090 2374 5152 νικάς
2404 5091 2494 5144 ἐπὶ
2531 5091 2639 5144 τῶν
2666 5091 2869 5143 ὠδίνων
2904 5093 2996 5143 καὶ
3028 5090 3135 5144 τῶν
3167 5096 3423 5160 τοκετῶν,
3454 5096 3519 5160 ἃς
3552 5100 3608 5152 αἱ
3638 5103 3801 5170 μαῖαι

2220 5173 2311 5226 ἐπί
2343 5172 2499 5243 κακῷ
2528 5175 2626 5243 τῆς
2651 5172 2858 5226 ἐαυτῶν
2890 5173 3239 5242 ἐπεισάγουσι
3270 5180 3510 5252 κεφαλῆς
3535 5198 3550 5246 ;
3579 5182 3678 5244 τὰς
3702 5186 3800 5238 ἐπὶ

2218 5256 2314 5310 τοῦ
2355 5256 2583 5310 θανάτου
2623 5257 2717 5310 καὶ
2755 5255 2855 5326 τῆς
2898 5257 3020 5311 καθ’
3055 5259 3284 5315 ἕκαστον
3305 5266 3544 5335 ἐκφορᾶς
3576 5265 3676 5327 τὰς
3714 5269 3790 5319 ol-

2223 5339 2432 5408 μωγάς,
2452 5340 2577 5402 τοὺς
2610 5342 2887 5403 κωκυτοὺς
2916 5340 3038 5404 τοὺς
3065 5343 3312 5412 ἀλόγους,
3336 5347 3435 5416 τὴν
3474 5350 3531 5399 ἐν
3558 5350 3671 5412 τοῖς
3699 5351 3795 5403 τά-

2220 5438 2339 5488 φοις
2356 5421 2559 5487 άνοιαν,
2583 5421 2679 5491 τὴν
2704 5422 2830 5492 περὶ
2851 5421 2915 5477 τά
2945 5429 3201 5497 μνήματα
3231 5429 3486 5498 σπουδὴν,
3510 5430 3601 5483 τὸν
3627 5432 3795 5486 ἀκαι-

2219 5522 2311 5576 ρον
2385 5506 2479 5558 καὶ
2539 5505 2937 5572 καταγέλαστον
2999 5511 3109 5564 τῶν
3165 5511 3454 5583 θρηνῳδῶν
3517 5518 3794 5581 γυναικῶν

2215 5587 2402 5656 ἐσμὸν,
2433 5589 2530 5650 τὰς
2577 5587 2682 5639 τῶν
2705 5588 2924 5659 ήμερῶν
2948 5595 3379 5664 παρατηρήσεις,
3418 5595 3526 5649 τῶν
3567 5600 3794 5655 εἰσόδων

2217 5672 2309 5724 καί
2337 5671 2445 5725 τῶν
2467 5670 2695 5736 ἐξόδωνς
2723 5671 2938 5728 Τούτων
2955 5670 3071 5741 οὖν,
3097 5677 3218 5729 είπέ
3246 5693 3357 5746 μοι,
3387 5679 3487 5747 τήν
3517 5681 3674 5748 δόξαν
3691 5685 3796 5758 θη-

2266 5802 2301 5878 ξι
2341 5803 2474 5878 υουσ
2499 5803 2644 5878 1393.,
2674 5804 2744 5878 Ὃ.
2762 5807 2904 5878 μηδὲν
2945 5811 3041 5878 μὲν.
3053 5808 3170 5858 εἶναι
3191 5812 3322 5860 δοκεῖ
3361 5815 3510 5878 κσκδν
3547 5817 3646 5865 τοῖς
3666 5819 3795 5865 πολ-

2214 5866 2328 5924 λοῖς,
2355 5868 2476 5927 ἀρχὴ
2497 5867 2547 5917 δέ
2571 5866 2698 5914 ἐστιν
2723 5866 3044 5925 ἀπιστίαςκαί
3067 5878 3265 5938 πρᾶγμα
3283 5877 3538 5939 παρανοίας
3563 5879 3790 5943 ἐσχάτης.
