4028 6208
226 390 331 449 Ill!

222 542 456 597 lucerna
486 540 809 595 inducuntur
844 541 1054 603 multm,
1085 557 1201 610 qum
1235 542 1621 611 turpitudinem
1644 544 1812 600 latere

219 648 331 685 non
383 630 584 686 sinunt.
631 632 768 697 Quid
819 631 961 685 enim
1001 631 1099 685 sibi
1144 632 1257 686 vult
1308 634 1473 688 multa
1504 636 1591 689 illa
1623 638 1814 691 turba?

215 721 347 791 quid
388 722 659 777 ebrietas?
706 722 830 792 quid
876 722 1103 776 ﬁstula}?
1134 738 1311 777 nonne
1347 724 1521 793 palam
1562 736 1643 780 est
1698 726 1813 782 haec

216 813 463 867 adhiberi
493 854 509 881 ,
559 822 615 866 ut
670 830 735 866 ne
785 813 817 866 ii
856 813 1109 883 qttidetu,
1141 814 1230 884 qui
1276 816 1327 868 in
1374 815 1621 921 domibus
1648 828 1807 921 sunt,

212 907 366 975 gravi
396 920 586 959 somno
613 906 791 959 obruti
822 905 933 959 bmc
963 905 1227 973 ignorent,
1261 907 1353 961 sed
1384 924 1413 961 a
1444 909 1633 963 ltstulis
1660 911 1808 966 exci-

216 996 314 1048 tati
358 1005 411 1050 et
440 1010 673 1065 superne
703 1011 766 1049 ex
800 997 1053 1049 cancellis
1087 1011 1205 1051 sese
1244 998 1599 1064 inclinantes,
1645 1010 1808 1055 testes

214 1086 323 1138 sint
354 1085 496 1138 illius
520 1084 838 1140 commdite?
863 1086 998 1153 Quid
1027 1087 1228 1140 dixeris
1257 1088 1325 1142 de
1373 1090 1502 1158 ipsis
1546 1092 1803 1158 canticis,

214 1191 340 1241 qua:
384 1178 528 1229 omni
557 1178 712 1245 plena
757 1187 876 1229 sunt
906 1178 1232 1245 impudicitia
1253 1220 1267 1242 ,
1299 1194 1523 1249 qumque
1546 1181 1805 1284 absurdos

214 1282 466 1337 amores,
498 1268 798 1336 illegititnos
826 1269 1160 1334 concubitus,
1190 1270 1472 1325 domorum
1499 1274 1804 1329 eversiones

212 1370 264 1413 et
299 1359 604 1412 innumeras
630 1361 884 1415 inducunt
904 1362 1213 1432 tragmdias,
1246 1372 1300 1416 et
1329 1378 1470 1433 saepe
1498 1382 1689 1420 nomen
1718 1367 1802 1420 di-

214 1449 339 1502 lecti
381 1460 435 1503 et
464 1451 691 1503 amantis
723 1451 953 1515 habent,
986 1467 1287 1521 nomenque
1313 1455 1521 1510 dilecta:
1548 1468 1604 1537 et
1654 1472 1801 1511 ama-

210 1540 353 1592 si:e?
390 1540 650 1607 Quodque
675 1540 891 1609 gravies
920 1552 1021 1603 est,
1063 1541 1145 1594 his
1174 1544 1370 1597 adsunt
1400 1547 1653 1616 virgines,
1681 1564 1799 1617 qme

210 1644 427 1682 onmem
458 1642 714 1683 exuerunt
751 1631 1024 1697 pudorem,
1057 1631 1109 1685 iu
1139 1632 1396 1689 honorem
1424 1650 1657 1705 Sponsa),
1691 1639 1797 1691 imo

214 1720 267 1773 in
287 1720 704 1786 contumeliam;
734 1734 780 1774 et
811 1725 1040 1775 salutem
1072 1738 1225 1776 suam
1248 1726 1504 1792 produnt,
1543 1730 1786 1798 interque

207 1808 441 1877 juvenes
491 1810 746 1864 indecore
786 1828 845 1865 se
892 1822 1123 1881 gerunt,
1175 1812 1374 1881 ineptis
1420 1818 1705 1872 cantilenis
1735 1828 1789 1873 et

212 1902 397 1955 Verbis
418 1900 664 1969 turpibus
686 1917 806 1954 cum
828 1904 1068 1957 satanica
1093 1903 1411 1972 symphonia
1431 1916 1661 1964 utentes.
1686 1911 1779 1963 Ad-

207 1986 405 2051 lmcue,
438 2003 639 2054 qua-so,
693 1988 993 2059 interrogas
1017 1992 1281 2045 umlenatn
1326 1995 1624 2050 adulteria?
1653 2000 1794 2054 unde

204 2078 619 2131 loruieatimtes?
646 2080 785 2131 unde
816 2081 1117 2147 nuptiarum
1150 2087 1521 2151 corruptiones
1542 2088 1565 2139 ἲ
1589 2090 1657 2143 Αι
1684 2108 1789 2145 non

202 2167 447 2234 ingenua:
475 2176 526 2219 et
553 2168 790 2219 honesta-
811 2209 825 2228 ,
859 2170 1065 2237 inquies
1087 2213 1099 2235 ,
1134 2173 1232 2226 huc
1260 2174 1479 2229 iaciunt.
1512 2176 1622 2230 Cur
1661 2196 1789 2249 ergo

200 2271 288 2308 tne
338 2255 559 2317 irrides,
604 2273 724 2309 cum
772 2257 884 2325 ipse
917 2261 1051 2313 hanc
1097 2260 1266 2331 legem
1307 2275 1431 2320 ante
1476 2283 1562 2322 me
1611 2270 1788 2324 scias?

198 2348 331 2400 Nam
378 2348 420 2401 si
451 2349 586 2401 bona
627 2358 752 2403 sunt
798 2351 883 2403 illa
910 2392 925 2416 ,
968 2352 1085 2406 sine
1128 2353 1247 2407 illas
1286 2369 1497 2426 quoque
1525 2358 1574 2411 id
1604 2374 1783 2429 agere.

196 2439 333 2492 Num
378 2440 499 2508 quia
529 2441 629 2494 illa:
659 2441 710 2495 in
741 2451 1055 2512 paupertate
1089 2445 1319 2498 vivunt?
1349 2463 1526 2504 nonne
1568 2460 1621 2505 et
1651 2451 1783 2520 ἱρείη

194 2534 429 2599 virgines
455 2541 607 2598 sunt,
642 2533 864 2603 illasque
889 2536 1149 2591 castitatis
1177 2553 1358 2593 curam
1391 2540 1588 2597 habere
1617 2559 1781 2614 opor-

190 2623 307 2675 tet?
338 2620 486 2674 Nunc
528 2632 703 2674 autem
724 2622 849 2675 dum
872 2624 1034 2679 saltat
1058 2626 1209 2695 virgo
1251 2628 1301 2681 in
1327 2633 1597 2684 communi
1624 2633 1780 2687 thea-

190 2724 274 2766 tro
298 2710 681 2779 lttlpUtllCUl‘llm
706 2713 981 2780 juveuum,
1006 2731 1204 2781 annon,
1224 2734 1425 2787 quaiso,
1448 2722 1657 2777 videtur
1684 2726 1779 2779 tibi

188 2806 272 2857 vel
302 2804 582 2858 meretrice
620 2805 991 2859 iubouestior?
1016 2807 1168 2874 Quod
1216 2812 1259 2863 si
1301 2812 1505 2867 dixeris
1549 2818 1777 2874 ancillas

189 2898 239 2950 id
273 2895 452 2950 facere
471 2938 486 2961 ,
515 2913 687 2967 neque
716 2897 791 2952 sic
819 2898 975 2953 linem
1004 2898 1141 2954 facio
1171 2912 1222 2955 te
1252 2908 1537 2963 accusandi
1564 2925 1577 2962 :
1604 2927 1779 2983 neque

183 2988 332 3042 enim
363 2988 465 3042 illis
490 2988 538 3041 id
571 2990 851 3056 oportebat
880 2990 1133 3060 permitti.

259 3079 312 3131 7.
334 3076 534 3131 Omnia
562 3079 703 3143 enim
736 3078 862 3133 hinc
888 3080 1027 3135 mala
1068 3084 1335 3150 oriuntur,
1366 3088 1506 3156 quod
1561 3090 1777 3148 familia:

184 3168 388 3221 nullam
430 3166 719 3222 habeamus
763 3170 1069 3236 rationem;
1102 3174 1194 3227 sed
1221 3176 1287 3229 ad
1336 3192 1448 3231 rem
1476 3178 1774 3249 despicien-

178 3261 306 3315 daut
355 3260 484 3314 satis
524 3268 607 3313 est
660 3260 872 3320 dicere.
917 3262 1116 3317 Servus
1162 3273 1279 3323 est.
1333 3269 1546 3323 ancilla:
1576 3282 1704 3326 sunt
1748 3290 1763 3328 :

178 3350 393 3406 σείειωεί
420 3350 656 3419 quotidie
676 3352 894 3405 audiant
928 3374 941 3408 :
972 3351 1035 3406 In
1064 3353 1265 3409 Christo
1291 3355 1416 3411 Jestt
1446 3376 1546 3414 non
1568 3378 1765 3430 servus,

178 3461 281 3497 non
312 3445 435 3496 liber
465 3452 537 3495 est
592 3442 734 3510 (Gal.
778 3445 832 3498 5.
879 3444 993 3515 28).
1026 3446 1106 3499 Tu
1138 3464 1264 3502 vero
1303 3466 1499 3519 equum
1551 3455 1765 3523 quidem

178 3550 287 3588 non
330 3533 560 3600 dt-Spicis
590 3549 687 3588 nec
717 3536 926 3588 asinum
954 3576 970 3599 ,
1023 3537 1115 3590 sed
1162 3539 1290 3593 nihil
1326 3558 1429 3594 non
1458 3544 1571 3614 agis
1616 3555 1672 3600 ttt
1702 3564 1767 3604 ne

176 3624 354 3675 vitiosi
398 3624 563 3686 ﬁant;
609 3639 792 3678 servos
839 3635 1017 3680 autem
1064 3627 1296 3697 despicis
1339 3632 1525 3686 eadem
1557 3650 1660 3704 qua
1712 3647 1764 3691 ttt

174 3713 431 3782 pneditos
458 3713 633 3765 anima
658 3713 679 3765 ?
711 3713 772 3765 Et
801 3715 925 3783 quid
958 3716 1077 3769 dico
1101 3734 1306 3784 senos,
1338 3724 1553 3790 quando
1602 3727 1763 3781 etiam

171 3817 227 3858 et
274 3804 412 3856 tilios
439 3813 491 3857 et
522 3802 701 3856 tilias?
729 3804 865 3871 Quid
922 3822 1051 3860 vero
1100 3812 1327 3876 postea?
1356 3811 1591 3871 Necesse
1638 3828 1721 3872 est
1746 3860 1761 3883 ,

172 3905 234 3949 ut
256 3895 412 3950 dolor
439 3895 615 3949 statim
650 3897 858 3963 subeat,
891 3914 1012 3953 cum
1044 3900 1117 3953 illi
1150 3918 1336 3957 omnes
1367 3920 1579 3973 pessum
1601 3920 1759 3977 eant;

168 4001 320 4055 saepe
365 3995 541 4039 autem
598 3986 887 4042 maximum
938 4006 1149 4059 quoque
1194 3993 1445 4049 damnum
1472 4038 1485 4062 ,
1539 4014 1663 4053 cum
1706 4001 1757 4055 in

170 4078 330 4131 turba
361 4086 416 4130 et
460 4078 688 4131 tumultu
734 4080 898 4133 multa
924 4096 1086 4135 aurea
1120 4085 1347 4150 pretiosa
1381 4099 1619 4155 pereant.
1655 4092 1756 4147 Dc-

168 4171 299 4225 inde
345 4180 465 4237 post
511 4170 725 4238 nuptias
774 4172 819 4225 si
862 4182 1019 4226 natus
1066 4172 1228 4228 fuerit
1273 4175 1477 4244 infans,
1509 4184 1754 4239 eamdem

166 4261 471 4315 videbimus
518 4261 812 4315 amentiam
854 4272 909 4317 et
957 4265 1119 4316 multa
1168 4267 1411 4336 symbola
1438 4272 1546 4325 risu
1576 4273 1751 4343 plena.

164 4353 302 4409 Nam
346 4368 470 4407 cum
514 4354 701 4408 infanti
733 4370 928 4410 nomen
961 4359 1237 4426 imponere
1266 4364 1596 4427 oportuerit,
1646 4382 1751 4422 non

164 4418 472 4499 sanctorum
503 4446 717 4500 nomine
750 4448 1060 4515 appellant,
1094 4458 1151 4501 ut
1196 4459 1405 4504 veteres
1432 4452 1557 4507 olim
1588 4454 1751 4512 facie-

166 4538 326 4601 bant;
356 4536 448 4589 sed
494 4538 734 4590 accensis
781 4538 1011 4591 lucernis
1044 4539 1238 4606 quibus
1268 4542 1483 4597 nomina
1516 4544 1704 4601 iudttnt
1730 4592 1745 4615 ,

166 4635 294 4680 nato
321 4640 513 4680 nomen
542 4626 729 4681 indunt
754 4628 890 4695 ejus,
920 4644 1039 4697 qua:
1067 4629 1269 4683 diutius
1296 4631 1469 4686 lucem
1499 4634 1746 4707 dederit;

166 4719 292 4773 hinc
318 4718 665 4788 coujicientes
688 4719 918 4773 futurum
947 4729 1001 4773 ut
1028 4719 1122 4774 diu
1151 4722 1313 4775 vivat.
1347 4724 1547 4781 Deinde
1573 4729 1621 4783 si
1648 4730 1748 4786 im-

162 4819 429 4863 maturum
454 4817 624 4863 morte
652 4808 849 4876 corripi
875 4810 1156 4879 contigerit
1179 4851 1193 4875 ,
1240 4820 1299 4865 ut
1338 4827 1481 4883 Stepe
1509 4819 1703 4874 accidit
1727 4862 1743 4887 ,

161 4902 364 4955 multus
408 4911 659 4969 sequetur
679 4901 876 4954 diaboli
908 4901 1067 4968 risus,
1103 4902 1244 4971 quod
1276 4903 1397 4960 illos
1425 4922 1521 4963 ceu
1551 4912 1746 4969 stultos

161 5007 359 5061 pueros
385 4993 757 5049 ludiﬁcaverit.

260 5083 520 5106 l:__---:--_
589 5097 624 5106 _.
698 5086 995 5106 -_._,_!.__A--l_
1073 5102 1189 5106 ---U_
1253 5090 1327 5106 .ο-ο
1573 5097 1605 5106 ι.

252 5083 520 5151 Ligamina
578 5097 624 5139 et
686 5086 995 5155 crepitacula
1065 5090 1419 5154 superstitiosa
1444 5133 1459 5155 ,
1531 5097 1744 5165 alique

158 5173 556 5242 superstitiones.
582 5177 803 5241 —Quid
854 5176 1052 5230 dixeris
1100 5179 1167 5231 de
1198 5178 1539 5249 ligaminibus
1572 5194 1633 5286 ,ει
1676 5188 1745 5243 de

157 5262 496 5331 crepitaculis
523 5266 703 5319 manui
729 5268 981 5335 appensis
1008 5277 1062 5322 et
1089 5268 1160 5323 de
1185 5272 1414 5326 stamine
1440 5276 1695 5354 coccineo
1724 5320 1739 5345 ,

161 5357 331 5382 _I-_.....
354 5354 468 5382 ,ηιη
493 5354 672 5382 ..ι-,ιιέρ
700 5355 901 5382 :..-.._:-
934 5360 1102 5382 _|--.2-
1125 5376 1138 5382 _
1171 5376 1281 5382 --_-..
1314 5373 1459 5382 -_As.
1479 5380 1488 5382 -
1563 5376 1576 5382 -
1648 5368 1681 5382 ο.
1709 5371 1739 5382 .-

158 5357 332 5425 ιιοιιιιε
353 5354 471 5408 aliis
493 5354 676 5409 multis
696 5355 904 5444 insania
934 5360 1139 5429 plenis;
1164 5376 1285 5415 cum
1308 5373 1581 5431 Oporteret
1608 5368 1742 5425 nihil

157 5446 304 5501 aliud
334 5460 498 5516 puero
537 5445 941 5515 circumponere
960 5492 975 5516 ,
1005 5468 1163 5521 quam
1192 5454 1368 5508 crucis
1394 5458 1691 5515 custodiam
1716 5464 1739 5517 ?

157 5536 311 5591 Nunc
334 5548 510 5592 autem
542 5536 629 5591 hic
671 5535 884 5606 quidem
922 5540 1203 5612 despectui
1243 5554 1327 5600 est
1356 5545 1599 5615 habitus,
1647 5548 1743 5621 qui

157 5632 421 5686 convertit
448 5639 614 5684 totum
645 5627 829 5683 orbem
858 5638 1155 5700 terrarum,
1186 5645 1236 5689 et
1275 5650 1491 5705 gravem
1523 5639 1740 5696 diabolo

164 5724 364 5744 -._____
423 5723 614 5744 :__..._..
648 5732 912 5744 .-.-____-
950 5738 1058 5744 -____
1106 5736 1190 5744 __.
1272 5730 1303 5744 --
1505 5733 1517 5744 .
1662 5734 1672 5744 -

162 5724 367 5790 plagam
422 5723 617 5783 inﬂixit
648 5732 915 5792 totamque
945 5724 1059 5792 ejus
1105 5730 1395 5793 potentiam
1438 5733 1741 5792 subvertit:

164 5817 471 5839 .-.Ι.ι...-.-.,.-.
514 5824 688 5839 -..ι-...-
724 5824 771 5839 Α.
818 5823 1019 5839 ..μηηιι-
1062 5815 1164 5839 -1ι.-
1191 5835 1271 5839 ---Α
1308 5820 1399 5839 I'AA
1470 5821 1481 5831 ο
1616 5825 1625 5833 ·
1690 5826 1702 5839 ο

163 5817 475 5887 subteguten
513 5824 691 5872 autem
721 5824 775 5872 et
817 5823 1021 5870 stamen
1062 5815 1276 5888 aliaque
1307 5820 1553 5892 ligamina
1585 5825 1732 5883 sinti-

1328 390 1389 446 lN
1430 390 1643 469 EPIST.
1689 392 1705 446 l
1770 393 1860 448 AD
1895 394 2051 454 COR.
2093 400 2318 461 llOlllL.
2366 410 2475 469 Xll.

3408 450 3501 504 lilii

1933 512 2030 579 lia,
2078 532 2139 571 ea
2172 532 2294 576 sunt
2334 530 2486 594 queis
2530 534 2763 591 Creditur
2802 547 2952 611 pueri
3007 554 3186 609 tutela.
3247 559 3498 621 Dte:m.n:

1919 603 2059 659 aliud
2086 612 2253 680 magis
2278 616 2598 677 ridiculum?
2622 624 2727 681 Sed
2756 646 2915 687 nemo
2956 655 3053 696 nos
3082 644 3497 714 importunitatis

1915 707 2156 765 accuset,
2187 703 2230 755 si
2272 721 2509 781 eousque
2536 720 2785 784 procedat
2815 729 3005 784 oratio.
3040 732 3168 788 Nam
3200 742 3285 809 qui
3318 758 3499 812 putre-

1916 782 2090 812 .l:.........
2128 793 2230 812 ..--t.
2283 810 2295 812 -
2457 802 2468 812 -

2537 782 2549 784 ἡ
2993 782 3003 784 _
3040 782 3057 785 _
3087 782 3167 788 ﬁ.-.
3201 782 3285 809 ν..

1915 782 2092 841 dinem
2128 793 2236 845 vult
2271 802 2585 870 emundare,
2618 823 2724 864 non
2757 818 3023 876 recusabit
3049 826 3194 892 prius
3218 830 3495 902 inquinare

1916 890 2104 931 """m’s
2142 888 2285 939 ωδε·
2319 888 2578 954 Ουίάηδιη
2610 915 2737 971 ergo
2763 917 2843 961 est
2870 908 2970 965 hoc
2994 915 3311 977 ridiculum?
3343 927 3490 993 Quod

1916 970 2120 993 η..ξ.ΙΑ-..
2172 992 2179 993 ,
2208 977 2240 993 ’1
2266 979 2298 993 οι
2526 990 2535 993 -
2562 990 2571 993 -

2682 970 2691 971 7
3346 970 3490 993 ψη.

1914 970 2125 1035 quidem
2166 977 2298 1033 nihil
2324 997 2443 1039 esse
2488 990 2731 1060 videtur,
2762 1000 2991 1074 ideoque
3014 1010 3341 1082 ingemisco;
3398 1028 3491 1079 sed

1913 1070 1993 1113 est
2021 1065 2337 1138 principium
2371 1076 2590 1136 insanire
2619 1097 2671 1139 et
2699 1100 2953 1151 extrema:
2982 1098 3269 1162 dementire
3301 1112 3313 1140 ‘
3338 1153 3348 1167 .
3385 1114 3491 1168 Lu~

1914 1162 2021 1209 tttm
2059 1160 2309 1219 mulieres
2333 1167 2384 1222 in
2415 1170 2605 1230 balneo
2632 1183 2972 1251 accipientes,
3004 1199 3238 1252 nutrices
3266 1244 3279 1267 ,
3314 1214 3366 1259 et
3392 1222 3486 1260 an.

1914 1246 2040 1267 Am“
2129 1251 2161 1267 ..
2202 1254 2232 1267 ,Α
2326 1258 2336 1267 .

2747 1246 2759 1251 _
2963 1246 2970 1251 ,
3103 1246 3279 1267 -.-νη
3315 1246 3458 1260 υ.

1908 1246 2078 1315 cillm,
2111 1251 2273 1323 digito
2301 1258 2560 1330 tingentes
2583 1310 2595 1329 ,
2629 1271 2680 1323 in
2724 1279 2873 1343 pueri
2920 1280 3095 1339 fronte
3138 1288 3446 1360 imprimunt
3474 1321 3486 1351 :

1908 1350 1961 1393 ct
2004 1342 2049 1397 si
2102 1348 2221 1417 quis
2268 1352 2588 1427 interroget,
2623 1342 2759 1430 Quid
2809 1370 2906 1427 sibi
2954 1378 3067 1431 vult
3112 1342 3307 1452 luturm,
3360 1396 3486 1460 quid

1906 1447 2117 1491 cmaum
2140 1441 2161 1492 ?
2183 1442 2373 1499 Malunt
2401 1455 2586 1507 avertit
2610 1459 2842 1527 oculum,
2870 1466 3131 1537 inquiunt,
3158 1477 3485 1553 livorentque

1906 1539 1953 1553 AI
1989 1528 2233 1553 :.._.LI!_,,,
2299 1538 2335 1553 τι

1905 1539 1957 1579 et
1989 1528 2261 1591 invidiam.
2297 1538 2405 1609 Pap
2427 1562 2473 1601 ιι,
2500 1560 2691 1613 quanta
2720 1556 2798 1605 vis
2830 1556 2951 1622 luti,
2974 1576 3167 1632 quanta
3198 1574 3335 1625 caeni
3381 1592 3471 1642 po~

1905 1625 2107 1675 testas?
2138 1634 2349 1685 tantane
2371 1644 2423 1686 ut
2460 1647 2620 1693 totam
2652 1642 2847 1701 diaboli
2876 1625 3043 1709 aciem
3076 1664 3337 1734 protliget.
3369 1625 3482 1723 lh'ou

3076 1711 3088 1726 ,
3231 1711 3337 1734 ον.-

1905 1711 2126 1778 pudore,
2157 1734 2357 1784 quzeso,
2394 1729 2819 1791 sull‘umlemini?
2850 1758 2954 1796 non
2986 1749 3064 1801 vel
3099 1766 3220 1808 sero
3272 1760 3481 1815 tandem

1901 1803 2093 1861 diaboli
2146 1809 2363 1879 laqueos
2421 1821 2760 1893 intelligetis,
2818 1840 3087 1901 quomodo
3140 1846 3207 1899 ab
3264 1850 3480 1910 ineunte

1898 1903 2055 1951 artate
2101 1902 2375 1959 machinas
2401 1924 2523 1964 snas
2573 1917 2820 1985 paulatim
2856 1925 3105 1982 inducat?
3131 1933 3262 1989 Nam
3310 1942 3354 1995 si
3398 1944 3480 1996 lu-

1902 1994 2010 2037 tmn
2042 1988 2139 2043 huc
2167 1992 2344 2059 faciat,
2376 2014 2470 2052 cur
2497 2019 2599 2056 nou
2636 2016 2690 2060 tu
2740 2011 2788 2062 in
2820 2013 2994 2071 fronte
3024 2029 3105 2073 tui
3142 2026 3367 2096 idipsum
3399 2036 3479 2089 fa—

3218 2077 3367 2096 ,,-.-...
3399 2077 3478 2089 ...-

1897 2077 2011 2135 eis.
2044 2095 2163 2134 cum
2210 2084 2289 2137 vir
2316 2090 2388 2143 sis
2416 2101 2469 2145 et
2519 2096 2671 2161 plena
2714 2112 2979 2169 mtate,et
3022 2113 3299 2185 plusquam
3349 2141 3478 2193 pum.

1898 2166 2101 2193 :....:.l--
2134 2172 2221 2193 L_l
2316 2180 2371 2193 ,.\
2656 2191 2663 2193 ξ

2894 2166 2901 2169 ν
3022 2166 3035 2180 ι
3088 2166 3093 2167 ν
3126 2166 3133 2167 ί
3162 2166 3298 2185 t"""'
3370 2166 3466 2182 "“"

1896 2166 2104 2225 invidos
2132 2172 2329 2255 habeas
2348 2180 2371 2231 ἲ
2393 2197 2490 2235 cur
2518 2202 2622 2239 non
2652 2191 2762 2245 luto
2813 2198 2973 2254 illiuis
3024 2214 3191 2261 t2tum
3240 2166 3431 2286 corpus
3457 2226 3477 2273 '!

1896 2273 2014 2286 ιιη-ιι-
2046 2263 2086 2286 0-:
2123 2264 2170 2286 ε-Α
2206 2266 2227 2286 r
2333 2281 2344 2286 “
2416 2284 2423 2286 ”
2638 2282 2650 2286 “

2178 2252 2189 2257 74
2958 2252 2967 2254 _
3025 2252 3042 2258 -
3084 2252 3191 2261 ην..
3240 2252 3470 2286 malum;

1894 2273 2015 2313 nam
2045 2263 2088 2317 si
2122 2264 2173 2319 in
2203 2266 2381 2326 fronte
2413 2284 2610 2333 tantam
2638 2282 2794 2339 habet
2826 2293 3096 2357 virtutem.
3131 2318 3225 2356 cur
3266 2323 3370 2361 non
3426 2325 3476 2369 te

1892 2360 2059 2409 ί⁰¹¹¹¹¹¹
2090 2358 2202 2414 ¹¹¹¹⁰
2229 2364 2477 2436 Ῐ¹¹υ¹¹8ῖεῗ
2510 2371 2630 2429 llmc
2656 2388 2779 2432 sunt
2808 2384 2946 2439 risus
2971 2400 3023 2442 et
3048 2398 3307 2452 comoedia
3338 2415 3471 2457 sata.

1892 2445 2005 2483 nino
2080 2466 2199 2483 nsI-n
2228 2471 2330 2483 κη...
2358 2460 2421 2483 ...ι
2454 2463 2587 2483 ε-ηεᾼ·
2785 2481 2793 2483 ξ

1890 2445 2006 2499 nica
2035 2490 2048 2509 ,
2080 2466 2199 2519 quae
2226 2471 2330 2509 non
2357 2460 2421 2513 ad
2452 2463 2750 2525 irrisiouem
2781 2481 2985 2533 tantum
3013 2521 3026 2546 ,
3055 2486 3149 2539 sed
3181 2490 3245 2543 ad
3272 2494 3469 2561 gehen-

1888 2550 2011 2591 nam
2070 2544 2365 2609 prmciaitat
2418 2570 2511 2605 eos
2552 2560 2638 2625 qui
2699 2563 3056 2635 decipiuntur.
3114 2580 3274 2639 Certe
3332 2594 3470 2657 quod

1888 2628 2024 2657 ,ιη-..Ι
2057 2631 2269 2657 0-..---
2307 2641 2393 2657 ,κιο
2460 2644 2486 2657 η
2686 2651 2695 2657 .

1886 2628 2024 2696 apud
2057 2631 2273 2691 Graecos
2306 2641 2424 2695 talia
2456 2644 2601 2710 ﬁant,
2628 2651 2819 2708 mirum
2850 2676 2955 2714 non
2977 2675 3094 2731 est;
3125 2676 3268 2739 quod
3291 2628 3468 2736 alitem

1886 2719 2021 2739 ----_l
2072 2738 2075 2739 ν
2251 2728 2262 2738 ⁵
2586 2738 2589 2739 ⁷

3084 2719 3094 2731 ,
3130 2719 3268 2739 τη..
3291 2719 3395 2732 ......

1884 2719 2021 2788 apud
2053 2738 2145 2777 eos
2174 2728 2262 2794 qui
2287 2744 2501 2790 erucem
2530 2738 2753 2795 adurant
2782 2786 2795 2809 ,
2837 2757 2890 2802 et
2916 2760 3291 2822 mysteriorum
3320 2784 3469 2825 arca-

1885 2826 2075 2868 norum
2122 2820 2409 2889 participes
2435 2840 2597 2895 sunt,
2627 2843 2680 2888 ct
2723 2844 2866 2893 tanta
2920 2820 3383 2926 philosophantur,
3415 2864 3464 2916 id

1881 2914 2037 2963 certe
2067 2910 2245 2966 multis
2277 2912 2526 2986 lacrymis
2551 2933 2632 2975 est
2662 2926 2899 2995 (lignum.
2948 2937 3089 2994 Deus
3120 2952 3169 2997 te
3202 2963 3467 3017 unguento

1880 2999 2143 3067 spirituali
2172 3003 2476 3075 honoravit,
2506 3025 2558 3069 rt
2586 3027 2635 3071 ιη
2673 3022 2782 3075 luto
2807 3027 2973 3083 lilium
3002 3032 3295 3106 deturpas?
3327 3048 3464 3105 Deus

1882 3100 1934 3147 te
1957 3092 2268 3164 decoravit,
2300 3112 2349 3157 et
2384 3112 2437 3156 tu
2464 3108 2691 3177 teipsum
2716 3115 3049 3179 dedecoras?
3077 3137 3130 3181 et
3154 3145 3273 3187 cmn
3306 3153 3463 3205 Opor-

1882 3188 2013 3205 ιΑ-ιιι
2041 3186 2085 3205 3—-
2116 3185 2143 3205 ο
2176 3204 2187 3205 ί
2242 3198 2253 3205 ⁸
2602 3201 2614 3205 ’

3262 3185 3270 3187 ἡ
3310 3185 3426 3205 -,.η.

1881 3188 2018 3237 teret
2041 3186 2090 3238 in
2115 3185 2291 3247 fronte
2316 3208 2527 3251 crucem
2550 3201 2889 3278 adscribere,
2913 3230 3031 3283 qua:
3048 3219 3458 3291 insuperabilmn

1882 3275 2098 3331 tutelam
2126 3282 2366 3349 praebet;
2402 3299 2455 3341 tu
2483 3290 2565 3345 his
2605 3296 2839 3354 dimissis
2867 3304 2918 3358 in
2947 3313 3237 3368 satanicam
3271 3334 3460 3376 anten-

1880 3364 2003 3421 tiam
2030 3368 2272 3427 decidis?
2298 3376 2350 3430 Si
2370 3381 2563 3448 quibus
2582 3396 2759 3443 autem
2781 3391 2894 3449 lucc
2908 3413 3069 3466 parva
3099 3396 3217 3462 esse
3242 3412 3461 3469 videan-

1877 3468 1995 3527 tur,
2025 3462 2233 3521 discant
2278 3470 2329 3524 id
2371 3488 2491 3530 esse
2536 3495 2845 3549 magnorum
2889 3506 3106 3550 causam
3152 3502 3456 3576 malorum,

1876 3569 2047 3625 neque
2070 3558 2233 3615 Paulo
2254 3564 2425 3620 visum
2450 3569 2610 3627 fuisse
2641 3589 2798 3641 parva
2824 3585 3110 3654 negligere.
3131 3595 3265 3658 Quid
3290 3600 3456 3668 enim,

1872 3662 2074 3715 quaeso,
2109 3654 2284 3709 minus
2308 3668 2410 3723 est,
2438 3677 2597 3730 quam
2623 3676 2675 3719 ttt
2706 3668 2863 3723 homo
2890 3690 3048 3744 caput
3078 3688 3323 3751 operiat?
3349 3692 3453 3747 Sed

1874 3739 1990 3792 vide
2015 3753 2265 3809 quantam
2300 3743 2456 3816 hujus
2485 3752 2559 3804 rei
2588 3769 2767 3811 curam
2795 3761 3019 3831 habeat,
3042 3780 3235 3829 etcum
3257 3794 3451 3847 quanta

1873 3830 2151 3895 prohibeat
2180 3836 2512 3893 vehementia
2535 3884 2551 3908 ,
2603 3853 2711 3899 tum
2739 3850 2840 3903 alia
2881 3856 3039 3910 multa
3072 3860 3289 3933 dicens,
3342 3882 3449 3926 tttm

1869 3921 2009 3985 quod
2040 3935 2199 3990 caput
2219 3942 2372 3981 suum
2395 3930 2719 3991 debonestet
2742 3941 2789 4010 (l
2828 3942 2944 4000 Cor.
2969 3948 3052 4003 ll.
3077 3952 3153 4020 4).
3186 3955 3241 4008 Si

1867 4015 1957 4083 qui
2006 4017 2132 4083 tegit
2191 4030 2344 4087 caput
2374 4062 2388 4087 ,
2435 4024 2607 4092 ipsum
2655 4030 3007 4103 dehonestat;
3040 4015 3128 4111 qui
3168 4046 3277 4103 luto
3318 4053 3443 4106 illud

1869 4106 2016 4175 ungit
2042 4148 2054 4169 ,
2104 4112 2371 4177 quomodo
2400 4129 2505 4170 non
2536 4134 2757 4188 puerum
2785 4129 2958 4184 reddit
2983 4106 3395 4198 abominandum
3422 4148 3445 4199 Ῥ

1862 4196 2151 4263 quomodo,
2181 4216 2383 4269 quasso,
2417 4207 2635 4263 adducit
2664 4228 2784 4268 eum
2815 4219 2881 4272 ad
2912 4236 3101 4279 manus
3121 4235 3447 4291 sacerdotis?

1860 4289 2130 4353 quomodo
2157 4296 2411 4360 precaris,
2438 4307 2495 4351 ut
2522 4305 2817 4373 presbyteri
2847 4325 3005 4365 manu
3031 4318 3356 4385 signaculum
3386 4336 3438 4381 tn

1860 4374 2034 4431 fronte
2058 4393 2361 4448 apponatur
2390 4425 2403 4448 ,
2456 4389 2542 4443 ubi
2574 4393 2682 4444 lttto
2712 4400 2948 4455 tinxisti?
2971 4374 3300 4469 Neifratres
3322 4458 3337 4475 .
3376 4437 3443 4474 ne

1859 4466 1974 4523 hmc
1997 4470 2237 4539 faciatis;
2270 4478 2364 4529 sed
2390 4481 2458 4533 ab
2485 4482 2699 4539 ineunte
2725 4500 2881 4546 actate
2904 4510 3095 4562 pueros
3144 4505 3432 4570 spirituali-

1858 4559 1959 4617 bus
2005 4565 2169 4619 armis
2217 4570 2419 4623 munitc
2439 4610 2453 4635 ,
2484 4582 2539 4627 et
2568 4574 2757 4632 docete
2783 4596 2876 4635 eos
2898 4600 3057 4640 manu
3106 4589 3333 4650 frontem
3361 4617 3403 4651 st
3422 4631 3437 4639 -

1856 4667 2055 4721 gnare;
2088 4658 2247 4712 etiam
2275 4662 2424 4729 prius
2448 4680 2605 4734 quam
2654 4672 2852 4737 possint
2893 4676 2995 4732 hoc
3035 4696 3192 4737 manu
3223 4684 3395 4743 facere
3420 4732 3437 4756 ,

1858 4758 1950 4797 vos
1977 4744 2075 4812 ipsi
2106 4746 2185 4802 eis
2210 4762 2423 4806 crucem
2455 4754 2765 4824 imprimite.

1924 4836 2266 4907 Prw/iceram
2302 4859 2440 4898 usus.
2464 4850 2686 4916 —Qttid
2716 4853 2915 4911 dixeris
2943 4861 3009 4913 de
3036 4864 3153 4917 aliis
3183 4870 3431 4925 satanicis

1930 4932 2316 4955 ηΑ--...ιξ--ξ1.---
2366 4938 2407 4955 9,
2478 4940 2490 4955 I
2533 4941 2545 4955 I
2616 4943 2646 4955 ιι
2884 4950 2895 4955 -
3016 4953 3022 4955 .

1855 4929 2319 4990 observationibus
2365 4938 2416 4990 in
2459 4940 2731 4997 doloribus
2762 4950 2895 5001 uteri
2923 4962 2977 5005 et
3013 4953 3063 5007 in
3093 4966 3244 5024 partu
3276 4948 3431 5016 adhi-

1852 5020 1999 5088 bitis,
2023 5038 2154 5092 quas
2176 5026 2494 5085 obstetrices
2519 5033 2569 5085 in
2596 5038 2785 5104 capitis
2807 5044 2887 5095 sui
2912 5046 3105 5099 maltnn
3136 5049 3434 5113 inducunt?

1851 5112 1920 5169 de
1975 5114 2041 5169 iis
2084 5115 2209 5170 item
2240 5132 2357 5187 qu;e
2400 5121 2450 5173 in
2484 5133 2654 5179 morte
2678 5166 2694 5191 ,
2733 5138 2785 5183 et
2819 5146 2938 5186 cum
2971 5151 3164 5207 corpus
3208 5144 3426 5203 etl'ertnr

1851 5205 2208 5274 adhibentur;
2237 5210 2465 5279 ejulatus
2493 5232 2683 5286 nempe
2704 5263 2719 5286 ,
2752 5224 2995 5291 p'anctus
3026 5228 3194 5287 insani
3223 5278 3236 5301 ,
3268 5244 3430 5297 stulta

1850 5296 1903 5350 itt
1943 5300 2200 5368 sepulcris
2243 5304 2496 5373 admissa,
2525 5311 2663 5363 circa
2694 5326 3029 5372 monumenta
3064 5326 3317 5396 studium,
3344 5333 3430 5388 in~

1852 5392 2227 5458 tempestivum
2270 5405 2323 5450 et
2371 5398 2651 5455 ridiculum
2682 5406 3014 5471 publicarum
3047 5430 3233 5485 agmen
3259 5463 3274 5487 ,
3310 5425 3427 5479 die-

1852 5494 1967 5533 rum
1994 5481 2416 5553 observationes,
2449 5505 2652 5545 necnon
2681 5493 2952 5563 ingressus
2980 5512 3033 5555 et
3069 5508 3283 5562 exitus?
3317 5513 3421 5569 llo-

1853 5589 2039 5627 runme
2062 5614 2077 5638 ,
2128 5594 2309 5643 qua-so
2334 5620 2347 5641 ,
2381 5583 2592 5636 venaris
2616 5582 2882 5647 gloriam?
2919 5601 2971 5647 et
2998 5598 3266 5662 quomodo
3312 5605 3425 5662 lnec

1907 5702 2043 5791 :Hic
2065 5704 2202 5791 loc'ps
2225 5710 2311 5791 ἐἰς
2335 5709 2574 5791 habetuin.
2591 5727 2688 5762 uno
2716 5715 2879 5791 ηςεητ
2912 5719 3049 5788 Quod
3073 5721 3268 5791 quidem
3295 5726 3420 5777 nihil

1842 5762 2015 5845 nabere
2041 5765 2159 5816 mali
2186 5770 2427 5845 plerisqtie
2448 5771 2653 5845 videtur,
2684 5779 2769 5825 sed
2788 5762 2861 5829 ἵει
2879 5762 3420 5845 piiiicipi’iiih“iiiér2iiiii

1845 5823 2014 5887 litatis,
2036 5833 2082 5878 et
2104 5823 2334 5881 extremm
2350 5823 2602 5885 dcmcntia:
2630 5823 2765 5900 opus.
