4028 6208
458 366 557 424 1ῡῖ

460 494 567 535 non
593 482 843 532 extrema
878 465 1163 525 dementia:
1192 461 1426 528 fuerint,
1456 460 1730 515 hominum
1758 458 1829 511 ita
1864 459 2045 509 mente

1232 351 1290 407 S.
1322 345 1599 407 JOANNIS
1632 335 2112 401 CBRYSOSTONI
2150 335 2470 397 ARClllEP.
2509 335 3037 395 CONST.il\TlNOP.

3626 329 3730 389 ιοι

2148 460 2366 520 accepta
2392 492 2409 517 ,
2456 460 2512 507 ct
2559 450 2649 508 hic
2681 451 2995 520 splendidos
3025 451 3213 507 reddet
3261 451 3394 508 etin
3433 449 3511 504 fut
3536 466 3610 504 ro
3639 454 3730 504 the

458 582 838 644 corruptorum
859 575 918 624 et
940 565 1117 621 omnia
1146 571 1350 618 temere
1368 557 1638 629 agentium
1658 552 1878 625 gloriam
1899 562 2046 619 qua!-
2147 558 2340 599 arcana
2391 542 2478 599 illa
2529 542 2667 599 bona
2712 544 2914 601 tribuet
2957 562 2970 597 :
3017 561 3137 615 qttzc
3166 560 3265 600 nos
3303 559 3492 599 onities
3515 545 3731 612 assumi

459 681 605 731 rere,
622 679 747 720 cunt
771 667 1049 731 oporteret
1071 668 1285 724 semper
1309 651 1377 705 ad
1410 649 1707 704 insomnem
1746 644 1894 697 illum
1909 654 2034 695 con-

2148 635 2458 706 contingat,
2490 636 2660 706 gratia
2689 646 2745 692 ει
2778 636 3114 708 benignitate
3148 638 3358 692 Domini
3394 638 3561 692 nostri
3602 636 3733 692 Jesu

460 726 646 830 lugete
672 726 893 811 oculum
912 793 929 817 ,
955 758 1014 807 et
1036 749 1153 819 ejus
1177 744 1501 803 sententiam
1529 746 1835 811 spectantes
1860 731 2043 791 orntda
2147 726 2345 782 Christi
2370 766 2386 791 ,
2418 727 2632 797 quicum
2667 726 2810 782 Patri
2831 736 2889 783 et
2936 743 3037 781 una
3065 726 3284 798 Spiritui
3311 738 3497 782 saneto
3536 726 3729 797 gloria.

461 824 643 907 tacete
685 862 751 903 ae
772 842 1000 901 dicere?
1029 840 1092 896 lli
1115 846 1263 895 certe
1286 833 1500 892 etiamsi
1525 830 1763 892 laudent,
1790 824 1923 881 nihil
1949 837 2045 876 vos

460 945 648 1015 iuvare
677 944 933 1010 poterunt
959 952 974 989 :
997 934 1087 988 ille
1111 945 1260 995 vero,
1282 929 1328 986 si
1346 938 1496 997 gesta
1521 931 1701 979 nostra
1725 919 1827 990 ipsi
1848 915 2046 973 iuerint

463 1042 1791 1080 .__________________________

2152 819 2344 887 honor,
2368 820 2673 890 imperium,
2700 835 2837 876 nunc
2853 828 3154 893 ctsempcr,
3178 832 3233 877 et
3259 824 3311 876 in
3335 820 3533 876 szeeula
3555 836 3730 875 saattt-
3816 820 3827 826 “

2151 912 2348 967 lorum.
2375 912 2571 967 Amen.

1790 1093 2139 1161 HOMILIA
2183 1091 2358 1153 X111.

460 1276 588 1332 ειν.
618 1274 673 1330 4.
705 1285 760 1327 v.
792 1268 880 1326 i0.
923 1263 1036 1325 Nos
1074 1261 1216 1319 stulti
1245 1266 1447 1331 propter
1490 1253 1743 1310 Christum
1778 1246 2038 1319 (necesse

530 1366 675 1425 enim
716 1371 802 1419 est
830 1346 956 1416 hinc
994 1356 1206 1412 rurSntu
1236 1361 1539 1406 sermonem
1584 1339 1929 1406 resumere);
1961 1350 2047 1388 vos

532 1466 702 1512 autem
732 1450 1006 1523 prudentes
1027 1449 1082 1499 in
1108 1442 1309 1501 Christo
1338 1455 1357 1493 :
1385 1454 1479 1491 nos
1522 1432 1734 1501 inﬁrmi,
1765 1445 1853 1484 vos
1881 1435 2052 1479 autem

536 1554 729 1620 fortes;
756 1559 843 1596 vos
866 1537 1099 1610 gloriosi,
1127 1550 1221 1588 nos
1247 1540 1418 1585 autem
1437 1523 1662 1598 inglorii.

535 1612 595 1698 ι.
638 1639 929 1707 Postquam
955 1630 1218 1703 gravitate
1260 1623 1427 1680 multa
1456 1631 1761 1707 sermonem
1795 1612 2051 1707 impleve-

464 1744 571 1799 rat,
616 1730 670 1786 id
709 1703 852 1799 quod
899 1722 1045 1780 oomi
1092 1719 1319 1776 crimine
1362 1714 1622 1785 majorem
1652 1704 1908 1763 inferebat
1940 1703 2054 1773 pla.

462 1839 608 1895 gam,
640 1821 730 1875 hic
758 1831 880 1873 cum
910 1813 1171 1885 d'guitate
1202 1809 1301 1865 sibi
1336 1801 1654 1895 congruenti
1678 1799 2005 1895 hnc‘tractat
2032 1807 2051 1847 :

465 1884 523 1973 et
547 1884 671 1971 cum
703 1910 949 1973 dixisset,
982 1884 1119 1963 Sine
1146 1899 1290 1956 nobis
1326 1894 1619 1970 regnastis;
1658 1899 1736 1957 et,
1782 1884 1921 1943 Deus
1962 1900 2055 1938 nos

468 2006 769 2060 novissimos
820 1996 1060 2061 ostendit,
1112 2004 1372 2061 tamquam
1412 1994 1564 2040 mortt
1606 1980 1915 2040 destinatos;
1960 1988 2057 2045 per

466 2095 746 2169 sequentia
786 2088 1021 2146 ostendit
1049 2081 1322 2157 quomodo
1370 2074 1530 2135 morti
1558 2071 1811 2169 destinati
1849 2076 2054 2169 essunt,

467 2163 655 2246 dicens
682 2204 699 2242 :
729 2184 842 2241 Nos
881 2180 1023 2238 stulti
1049 2188 1097 2234 et
1132 2174 1398 2253 inﬁrmiet
1427 2169 1655 2242 inglorii,
1685 2166 1775 2221 ii.
1813 2172 1861 2218 et
1888 2163 2056 2216 esuri-

468 2299 581 2336 tmts
609 2288 656 2335 et
680 2278 901 2340 sitimns,
928 2281 977 2327 et
1004 2270 1129 2324 undi
1156 2282 1352 2332 sumas,
1379 2275 1429 2319 et
1466 2260 1697 2331 colaphis
1720 2256 1983 2314 reditum.
2009 2260 2058 2305 et

470 2368 729 2427 instabiles
769 2380 961 2427 sumus,
999 2359 1090 2415 12.
1126 2370 1173 2413 et
1208 2354 1497 2412 laborant-ts
1533 2359 1798 2422 operatum
1826 2345 2060 2400 manibus

471 2461 665 2521 nostris
692 2470 710 2513 :
738 2472 859 2528 qua:
897 2451 1089 2509 indicia
1119 2464 1244 2505 rere
1273 2455 1426 2503 erant
1448 2444 1730 2500 doctorum
1759 2447 1816 2507 et
1836 2445 2058 2528 aposto-

472 2554 669 2608 lorum.
687 2526 856 2603 Atilii
882 2544 935 2600 in
953 2537 1238 2598 contrariis
1258 2539 1423 2592 altum
1443 2534 1745 2605 sapiebant,
1773 2531 1828 2584 in
1849 2526 2061 2597 sapien—

464 2646 568 2704 tia.
601 2642 653 2696 in
678 2637 868 2711 gloria,
897 2635 950 2690 in
976 2632 1201 2699 divitiis,
1230 2628 1373 2701 quod
1401 2622 1825 2681 honor-arentur.§
1842 2616 1910 2674 Ut
1932 2628 2064 2711 ergo

477 2706 902 2791 illorumvfastum
931 2727 1218 2797 deprimat,
1244 2733 1297 2777 et
1318 2716 1571 2775 ostendat
1592 2715 1645 2769 in
1677 2711 1743 2767 iis
1773 2718 1880 2769 non
1904 2706 2064 2763 modo

478 2843 585 2883 non
610 2820 850 2895 gloriari,
875 2817 971 2872 sed
997 2815 1159 2870 etiam
1186 2810 1390 2882 pudore
1418 2808 1557 2862 aftici
1586 2805 1858 2895 oportere,
1892 2799 2064 2895 primo

476 2920 601 2975 illos
614 2888 860 2969 traducit
884 2910 1091 2974 dicens,
1117 2905 1241 2961 Sine
1280 2901 1423 2957 nobis
1451 2893 1879 2981 rqnastisriEgo
1919 2888 2063 2946 enim

476 3009 619 3070 dico,
652 3002 843 3074 inquit,
872 3012 1110 3070 poeticus
1139 3007 1350 3062 tempus
1374 3008 1481 3047 non
1506 2980 2065 3074 honorisfneqnegglo-

480 3099 573 3152 ria:
600 3072 754 3159 esse:
776 3086 929 3163 queis
958 3104 1052 3144 vos
1096 3084 1367 3145 fruitnini;
1410 3079 1506 3134 sed
1538 3072 1972 3148 perset'ptutiouis
1998 3078 2068 3163 iet

478 3162 954 3249 contumeliarum,
986 3193 1120 3251 quas
1167 3193 1265 3231 nos
1308 3174 1555 3244 patimur.
1586 3164 1751 3250 Quod
1778 3165 1826 3221 si
1852 3164 1955 3218 hoc
1990 3162 2067 3251 ita

483 3296 590 3334 non
619 3275 837 3340 sit,'etsi
859 3274 971 3343 jam
1001 3250 1211 3339 tempus
1232 3252 1794 3335 remunerationis'sit,
1826 3256 1885 3310 ut
1913 3250 2069 3309 rideo

486 3374 614 3442 (hoc
651 3379 833 3424 autem
857 3379 952 3436 per
982 3362 1208 3418 ironiam
1248 3356 1424 3427 dicit),
1454 3369 1552 3409 vos
1582 3350 1797 3424 quidem
1821 3346 2067 3442 discipuli

442 3482 445 3483 '
481 3436 599 3534 jam
632 3456 933 3530 regttastis;
966 3469 1066 3508 nos
1104 3460 1281 3505 autem
1327 3444 1674 3534 doctoreset'
1696 3438 1953 3534 apostoli,
1979 3436 2070 3505 qui

488 3531 619 3609 ante
667 3562 858 3606 omnes
906 3542 1213 3599 mercedem
1259 3538 1505 3606 accipere
1558 3531 1907 3595 debebamus,
1964 3540 2070 3581 non

486 3644 651 3700 modo
674 3640 830 3697 vobis
868 3635 1197 3709 posteriores
1235 3644 1439 3694 sanius,
1482 3624 1593 3705 sed"
1618 3624 1787 3695 etiam
1818 3631 1875 3675 nt
1914 3617 2071 3674 morti

488 3735 763 3800 destinati,
804 3731 857 3786 id
884 3740 968 3785 est
1007 3725 1273 3788 damnati,
1311 3735 1525 3791 semper
1565 3716 1621 3771 in
1659 3713 1969 3787 ignominia,
2019 3711 2072 3765 in

499 3804 774 3901 periculis,
805 3824 855 3876 in
883 3820 1023 3875 fame
1059 3816 1321 3886 degimus,
1352 3808 1674 3889 contumelia
1700 3805 1891 3901 allecti
1935 3813 2074 3901 taut-

489 3894 650 3990 quam
696 3915 863 3979 stulti,
910 3910 1045 3981 pulsi
1099 3916 1156 3962 et
1211 3902 1565 3959 intolerabilia
1608 3899 1913 3990 patientem
1950 3894 2077 3949 Ilua:

494 3987 659 4078 porro
684 4006 916 4079 dicebat,
948 4010 1005 4053 ut
1031 4014 1098 4052 ex
1130 3997 1195 4051 iis
1222 3992 1570 4065 persuaderet
1600 3990 1748 4059 ipsis,
1776 3987 1916 4058 quod
1947 4002 2078 4057 apo-

494 4102 757 4157 stolorum
787 4104 936 4166 gesta
965 4092 1227 4147 deberent
1252 4086 1511 4149 :emulari,
1538 4079 1773 4154 pericula
1806 4096 2000 4149 nempe
2024 4087 2080 4134 et

501 4190 879 4249 Contumelias.
931 4200 1039 4239 non
1069 4192 1246 4237 autem
1279 4180 1536 4233 honorem
1583 4183 1637 4231 et
1672 4173 1893 4246 gloriam
1926 4187 1941 4225 :
1974 4186 2079 4224 non

498 4282 645 4337 euiut
689 4280 798 4343 illa,
838 4276 932 4331 sed
960 4268 1078 4329 haec
1108 4270 1340 4343 postulat
1382 4265 1706 4339 prtcdicatio.
1736 4263 1839 4319 Sed
1869 4264 1969 4317 hoc
1998 4274 2081 4316 ta-

503 4389 626 4429 nn-n
657 4385 761 4423 non
791 4368 995 4421 directe
1023 4364 1175 4427 dicit,
1208 4370 1266 4414 ut
1295 4373 1362 4413 ne
1390 4357 1635 4413 videatur
1666 4356 1795 4418 ipsis
1826 4354 2084 4408 molestus

500 4480 659 4525 che;
686 4461 780 4516 sed
812 4468 871 4513 ut
898 4459 1046 4513 illum
1078 4453 1325 4518 decebat,
1356 4452 1434 4506 sic
1462 4458 1654 4503 tractat
1683 4448 1819 4502 hanc
1844 4448 2087 4515 inerepa-

504 4560 724 4612 tionem.
775 4551 906 4608 Nam
950 4550 993 4604 si
1046 4548 1249 4603 directe
1290 4558 1592 4599 sermonem
1642 4540 1959 4605 induxisset,
2006 4540 2085 4593 sic

507 4626 745 4703 dit-tonis
768 4651 885 4699 erat
912 4660 926 4696 :
956 4640 1159 4695 Erratis
1185 4646 1241 4692 ει
1266 4635 1507 4690 fallimioi
1538 4642 1593 4687 et
1618 4633 1774 4702 longe
1797 4631 1998 4685 abestis
2022 4629 2089 4683 ab

510 4734 875 4793 admonitione
900 4729 1191 4801 apostolica
1223 4744 1237 4781 :
1270 4733 1484 4796 oportet
1520 4725 1663 4779 enim
1691 4723 1989 4791 apostolum
2036 4728 2090 4775 et

514 4832 818 4888 ministrum
846 4821 1042 4879 Christi
1070 4819 1291 4884 stultum
1315 4816 1507 4881 videri,
1534 4824 1696 4884 atque
1726 4814 1778 4867 in
1806 4813 2092 4867 afﬂictione

513 4936 569 4979 et
595 4926 903 4988 contemptu
931 4914 1150 4984 degere,
1180 4919 1238 4965 ut
1270 4923 1370 4964 nos
1397 4908 1670 4977 degimus;
1716 4922 1809 4969 vos
1835 4916 2012 4958 autem
2040 4905 2092 4957 in

515 5012 804 5072 contrariis
842 5009 991 5064 estis.
1022 5003 1128 5061 Sed
1157 5003 1235 5057 sic
1266 5001 1378 5056 haec
1403 5000 1572 5068 magis
1599 4998 1719 5053 illos
1759 4994 2093 5051 commovis-

520 5117 664 5172 scnt,
703 5112 887 5173 utpote
911 5115 1031 5170 qua:
1072 5094 1435 5167 apostolorum
1482 5090 1725 5146 eneomia
1753 5103 1861 5159 prm
1905 5099 1967 5141 se
1996 5088 2101 5139 ter-

519 5206 665 5261 rent,
689 5204 745 5247 et
772 5193 894 5245 illos
922 5188 1278 5245 reddidissent
1302 5183 1637 5246 audaciores,
1669 5189 1727 5234 ut
1755 5176 1847 5249 qui
1874 5192 2100 5231 accusa-

523 5298 711 5344 rentnr
734 5282 1015 5343 soeordim,
1047 5278 1221 5333 inanis
1250 5275 1434 5348 gloria:
1462 5284 1517 5329 et
1544 5273 1873 5327 divitiarum.
1898 5268 2101 5325 Idcirco

528 5394 631 5435 non
664 5378 767 5431 hoe
806 5370 965 5427 modo
990 5370 1129 5424 dicta
1170 5364 1490 5440 procedunt,
1533 5364 1628 5419 sed
1659 5364 1787 5427 alio,
1814 5362 1903 5433 qni
1936 5363 2103 5433 magis

524 5469 741 5543 quidem
765 5462 1093 5537 perstringit,
1120 5460 1213 5515 sed
1241 5460 1417 5514 minus
1441 5457 1698 5511 molestus
1724 5469 1828 5511 est.
1857 5456 2107 5526 Quapro-

527 5571 645 5635 pter
671 5560 741 5613 ita
774 5554 981 5629 profert
1008 5551 1301 5605 orationem
1346 5564 1441 5619 per
1470 5549 1716 5614 ironiam,
1750 5548 1973 5603 dicens:
2010 5545 2108 5602 Vos

524 5662 697 5706 autent
728 5654 880 5721 fortes
908 5657 956 5703 et
976 5643 1203 5718 gloriosi.
1230 5642 1360 5695 Nam
1390 5642 1435 5696 si
1464 5641 1629 5696 ironia
1658 5656 1761 5693 non
1790 5654 1915 5696 ttStlS
1942 5649 2105 5701 esset,

525 5744 600 5797 ita
630 5741 888 5795 dixisset:
923 5737 1062 5794 Fieri
1106 5750 1209 5791 non
1255 5742 1445 5803 potest,
1476 5746 1531 5789 ut
1573 5734 1705 5787 alius
1735 5732 1925 5788 stultus
1956 5739 2108 5803 pute-

2156 1249 2263 1306 tur,
2294 1240 2434 1297 alius
2459 1239 2717 1313 prudens,
2762 1240 2899 1296 alius
2926 1239 3100 1306 fortis,
3142 1242 3281 1297 alius
3310 1242 3569 1305 'ntirnme,
3603 1257 3736 1309 pra-

2157 1333 2422 1388 dicatinne
2446 1342 2733 1405 utrumque
2754 1348 2860 1388 non
2890 1335 2905 1366 ¹
2938 1334 3256 1404 postulante.
3300 1334 3430 1389 Nam
3474 1337 3517 1388 si
3550 1336 3737 1389 liceret

2158 1425 2255 1478 hos
2280 1424 2433 1490 tales,
2461 1424 2597 1479 alios
2622 1423 2767 1479 aliud
2792 1438 2931 1490 esse,
2962 1440 3081 1495 qua:
3124 1442 3152 1477 ιι
3183 1426 3333 1479 nobis
3364 1425 3729 1493 proferuntur.

2155 1516 2386 1583 aliquam
2412 1515 2641 1571 fortasse
2658 1516 2924 1572 rationem
2949 1516 3247 1573 haberent:
3276 1534 3347 1573 nu
3371 1535 3417 1569 tt‘
3435 1530 3611 1572 autem
3639 1521 3741 1577 ltoc

2158 1619 2264 1660 non
2297 1606 2447 1674 licet,
2490 1606 2741 1662 nimirum
2771 1608 3086 1676 prudentem
3129 1609 3212 1680 vel
3252 1609 3544 1679 gloriosum
3572 1610 3740 1666 videri

2157 1712 2223 1753 ac
2265 1699 2383 1753 sine
2410 1699 2652 1768 periculo
2690 1699 2908 1769 degere.
2948 1698 3042 1755 Sin
3081 1700 3280 1764 minus,
3320 1717 3541 1758 necesse
3576 1714 3659 1758 est
3684 1712 3745 1759 nt

2163 1789 2307 1845 Deus
2332 1805 2432 1845 vos
2459 1790 2615 1845 nobis
2642 1791 2958 1860 prartulerit,
2978 1806 3075 1845 vos
3095 1792 3383 1862 discipulos
3408 1794 3741 1859 tloctorilms,

2158 1879 2251 1951 qui
2279 1880 2555 1935 innumera
2590 1881 2730 1951 passi
2774 1896 2980 1937 sumus.
3022 1881 3174 1949 Quod
3200 1885 3245 1937 si
3274 1883 3376 1940 hoc
3401 1900 3562 1939 nemo
3587 1886 3745 1941 dise-

2160 1972 2247 2037 rEt,
2288 1979 2457 2027 restat
2496 1981 2554 2025 nt
2597 1980 2780 2027 nostra
2809 1986 2904 2028 vos
2947 1974 3359 2043 persequamini.
3410 1973 3479 2030 Et
3516 1990 3586 2031 ne
3623 1975 3749 2046 quis

2162 2073 2332 2134 p-nct.
2384 2063 2576 2133 inquit,
2623 2076 2712 2118 me
2738 2063 3003 2133 praeterita
3031 2072 3234 2119 tantum
3275 2078 3699 2123 commemorare
3724 2086 3747 2123 ι

2166 2151 2337 2224 Daque
2380 2153 2435 2208 in
2475 2153 2607 2207 hanc
2636 2150 2817 2207 Irarum
2858 2161 2908 2207 ct
2950 2153 3203 2207 esurimus
3241 2162 3289 2209 et
3311 2154 3509 2210 sitimrts
3550 2166 3597 2211 et
3622 2156 3753 2210 nudi

2161 2263 2358 2302 sumus.
2391 2245 2576 2302 Viden’
2598 2254 2762 2301 totam
2789 2244 3215 2300 Christianorum
3246 2246 3407 2300 vitam
3438 2247 3597 2302 talem
3624 2262 3751 2302 esse

2162 2337 2387 2404 debere,
2412 2353 2519 2392 non
2548 2353 2655 2393 uno
2679 2336 2768 2392 vel
2796 2337 2967 2392 altero
2990 2336 3119 2392 die?
3145 2337 3327 2407 Neque
3351 2339 3493 2393 enim
3522 2340 3747 2402 athleta,

2163 2429 2254 2500 qui
2297 2432 2351 2483 in
2379 2443 2488 2483 uno
2526 2438 2733 2483 tantum
2768 2429 2940 2482 victor
2980 2427 3276 2482 certamine
3316 2436 3605 2483 coronatus
3641 2441 3751 2492 est,

2167 2519 2361 2575 itermn
2386 2527 2675 2573 coronatur
2699 2532 2822 2572 eum
2850 2517 3213 2573 succubuerit.
3246 2516 3317 2571 Et
3344 2519 3613 2584 esurimus,
3657 2519 3756 2573 ad-

2162 2626 2359 2693 ,yersus
2380 2609 2591 2680 eos'qui
2620 2609 2672 2665 in
2699 2610 2907 2665 deliciis
2925 2620 3092 2681 agunt
3116 2626 3131 2665 :
3162 2619 3210 2665 et
3229 2609 3459 2681 colaphis
3483 2612 3752 2679 credimur,

2167 2705 2426 2760 adversus
2443 2717 2541 2759 eos
2563 2704 2652 2775 qui
2674 2702 2840 2758 inﬂati
2858 2712 3019 2759 sunt:
3048 2715 3097 2759 et
3118 2705 3376 2761 instabiles
3398 2722 3571 2760 sumus
3592 2708 3751 2776 pulsi,

2168 2799 2424 2853 adversus
2452 2811 2548 2852 eos
2572 2796 2662 2867 qui
2690 2796 2943 2852 labuntur
2974 2812 2990 2849 :
3018 2807 3064 2850 et
3101 2797 3226 2850 studi
3263 2814 3459 2863 sumus,
3494 2797 3757 2853 adversus

2170 2905 2264 2946 eos
2290 2890 2379 2961 qui
2410 2897 2537 2948 sunt
2561 2886 2754 2941 divites
2780 2904 2793 2939 :
2819 2895 2869 2940 et
2892 2886 3203 2952 laboramus,
3225 2887 3335 2957 jam
3374 2898 3560 2943 contra
3592 2889 3758 2943 falsos

2171 2981 2466 3050 apostolos,
2496 2977 2585 3047 qui
2612 2992 2713 3032 nec
2741 2977 2989 3033 laborare
3016 2992 3119 3032 nec
3144 2978 3437 3048 periclitari
3466 2981 3763 3045 sustinent,

2171 3070 2265 3129 sed
2294 3070 2393 3141 ipsi
2422 3069 2650 3125 fructum
2680 3067 2998 3139 percipiunt.
3028 3072 3097 3124 At
3123 3083 3223 3125 nos
3247 3085 3373 3137 non
3396 3070 3497 3136 sic,
3543 3072 3757 3142 inquit;

2172 3166 2267 3221 sed
2289 3182 2411 3222 eum
2435 3168 2672 3223 externis
2694 3168 2947 3240 periculis
2965 3183 3065 3224 nos
3084 3182 3295 3239 quoque
3321 3179 3576 3239 perpetuo
3603 3185 3761 3224 exer-

2171 3272 2355 3313 cemus
2380 3257 2583 3314 labore.
2626 3258 2888 3330 Quodque
2914 3258 3086 3328 majus
3128 3268 3232 3325 est,
3278 3274 3437 3314 nemo
3465 3260 3633 3330 possit
3674 3260 3762 3313 di-

2172 3362 2308 3403 cere
2328 3364 2425 3402 uos
2452 3348 2568 3404 base
2594 3364 2736 3419 aegre
2763 3349 2903 3404 ferre
2927 3362 3017 3401 aut
3047 3360 3430 3419 persequentes
3457 3364 3553 3403 nos
3593 3364 3759 3403 accu-

2176 3452 2335 3493 sare:
2362 3439 2480 3492 illos
2505 3438 2649 3493 enim
2673 3439 2765 3507 qui
2793 3452 2891 3492 nos
2918 3447 3131 3505 vexant,
3175 3454 3269 3507 per
3289 3438 3553 3493 contraria
3583 3454 3765 3493 nanu—

2178 3543 2451 3583 tit-ramus.
2482 3527 2595 3583 lloe
2618 3528 2816 3597 quippe
2860 3543 3108 3599 magnum
3136 3538 3239 3591 est,
3282 3545 3389 3583 non
3414 3538 3594 3583 autem
3623 3530 3766 3586 male

2177 3620 2323 3694 pati;
2365 3620 2510 3690 quod
2548 3621 2797 3676 omnibus
2829 3632 2913 3676 est
2960 3637 3277 3687 counnuue;
3321 3639 3506 3679 verum
3557 3626 3763 3694 patien-

2181 3723 2261 3768 tes
2287 3729 2387 3767 nee
2414 3728 2558 3784 :egre
2584 3715 2687 3769 o‘ec
2719 3714 2936 3785 indigne
2965 3714 3119 3770 ferre.

2249 3800 2306 3856 2.
2344 3802 2455 3858 Nos
2494 3815 2672 3859 autem
2722 3820 2829 3859 non
2876 3804 3037 3859 modo
3081 3820 3186 3859 non
3230 3821 3374 3875 :rgre
3399 3805 3641 3871 ferimus,
3669 3808 3767 3861 sed

2179 3896 2340 3950 etiam
2376 3894 2744 3959 essultamus;
2786 3896 2940 3964 cujus
2985 3897 3062 3950 rei
3094 3897 3197 3950 hoc
3233 3898 3445 3965 signum
3493 3909 3596 3963 est,
3623 3902 3768 3965 qttod

2181 4001 2296 4050 eos,
2340 3985 2431 4054 qui
2472 3984 2628 4038 nobis
2671 3984 2809 4039 mala
2839 3986 3093 4052 inferunt,
3124 3988 3412 4042 contrariis
3452 4004 3769 4044 remunere-

2185 4091 2323 4130 tnus.
2353 4073 2505 4142 Quod
2532 4085 2709 4130 autem
2738 4074 2840 4130 hoc
2867 4075 3124 4143 facerent,
3151 4078 3272 4131 audi
3298 4080 3572 4150 sequentia
3602 4097 3615 4129 :
3647 4080 3771 4134 Ha-

2184 4165 2472 4230 ledicitmtr,
2501 4174 2550 4218 et
2580 4164 2948 4230 benedicimns;
2988 4170 3422 4238 persequutionem
3447 4171 3692 4239 patimur,
3721 4181 3773 4225 et

2186 4256 2527 4321 sustinemus;
2570 4258 2657 4312 15.
2686 4256 3121 4328 blasphemamur,
3164 4269 3210 4312 et
3252 4259 3593 4325 obsecramus,
3636 4272 3775 4315 tatu-

2186 4362 2337 4416 qumn
2364 4358 2698 4417 purgamenta
2739 4348 2917 4401 mundi
2939 4349 3061 4419 [acti
3098 4366 3293 4402 sumus.
3327 4348 3439 4405 Hoc
3478 4360 3580 4416 est,
3626 4353 3777 4407 stulti

2192 4447 2411 4509 propter
2428 4437 2721 4495 Christum.
2744 4440 2876 4495 Nam
2900 4441 2987 4509 qui
3017 4440 3156 4496 male
3182 4456 3372 4510 passus
3392 4452 3493 4507 est,
3524 4454 3580 4498 ct
3601 4460 3780 4517 neque

2192 4550 2248 4588 ει·
2280 4534 2553 4590 ulciscitur
2598 4551 2771 4606 neque
2813 4535 2980 4599 dolet,
3010 4537 3204 4592 stultus
3232 4537 3444 4594 videtur
3482 4554 3605 4596 esse
3631 4521 3775 4610 apud

2198 4637 2450 4681 externos
2494 4638 2549 4682 et
2587 4629 2845 4697 inglorius
2873 4628 3244 4697 inﬁrmusque.
3293 4631 3371 4685 Ac
3399 4645 3469 4685 ne
3499 4631 3773 4685 molestio-

2196 4733 2309 4772 rem
2334 4717 2585 4774 redderet
2604 4720 2926 4783 orationem,
2953 4720 3019 4773 ad
3045 4719 3255 4773 illorum
3283 4720 3558 4774 civitatem
3582 4735 3786 4776 ternm-

2199 4826 2296 4865 nas
2337 4810 2618 4875 reducens,
2662 4812 2789 4882 quid
2840 4812 3015 4867 dicit?
3064 4810 3436 4882 Pargamenta,
3479 4827 3587 4866 non
3634 4814 3787 4869 urbis

2200 4914 2415 4967 vestrte,
2462 4903 2555 4957 sed
2583 4904 2760 4959 tuendi
2797 4906 2918 4975 {acti
2958 4921 3163 4969 sumus;
3198 4915 3252 4960 et
3299 4921 3508 4972 rursus,
3541 4904 3787 4961 Omnium

2203 4995 2509 5065 pt’t‘ipsemtt,
2550 5010 2655 5049 non
2684 5005 2921 5050 vestrum
2961 5005 3185 5060 tantum,
3215 4994 3310 5049 sed
3340 4997 3601 5053 omnium.
3632 4998 3786 5055 Sicut

2204 5101 2334 5155 ergo
2377 5100 2498 5140 cum
2540 5086 2607 5141 de
2649 5086 2849 5142 Christi
2888 5101 3016 5140 cura
3050 5084 3302 5155 loquitur,
3336 5096 3495 5155 terra,
3549 5091 3685 5146 caelo
3728 5104 3791 5151 et

2205 5178 2350 5231 Omni
2396 5187 2638 5232 creatura
2668 5178 2890 5237 relictis.
2938 5190 3151 5230 erucem
3188 5176 3239 5230 in
3272 5179 3449 5234 medio
3490 5182 3640 5249 potiit
3669 5199 3683 5233 :
3714 5182 3791 5235 ita

2206 5265 2366 5321 etiam
2397 5267 2611 5337 quando
2639 5265 2705 5321 ad
2732 5282 2791 5323 se
2812 5265 2926 5319 vult
2944 5264 3231 5331 attrahere,
3260 5268 3426 5337 signis
3457 5270 3779 5337 praetermis-

2209 5357 2304 5421 sis,
2337 5373 2455 5427 qua:
2500 5360 2717 5427 propter
2759 5357 2903 5426 ipsos
2943 5369 3131 5424 passus
3178 5368 3261 5411 est
3285 5358 3434 5415 dicit.
3464 5358 3537 5413 Ita
3573 5373 3794 5430 quoqne

2210 5448 2447 5503 solemus
2473 5464 2593 5502 cum
2623 5448 2815 5516 injuria
2846 5445 3108 5502 afficiatur
3132 5449 3213 5503 vel
3240 5449 3565 5520 despicimur
3601 5464 3632 5503 a
3672 5453 3789 5520 qui-

2216 5541 2460 5609 husdam,
2492 5558 2611 5611 qua:
2638 5556 2735 5611 pro
2764 5540 2871 5594 illis
2899 5542 3036 5611 passi
3067 5558 3251 5597 sumus
3284 5542 3335 5595 in
3364 5539 3598 5597 medium
3625 5541 3788 5598 addu-

2280 5744 2294 5772 ¹
2337 5741 2385 5791 In
2411 5737 2697 5799 quibusdam
2721 5734 2866 5787 ουιιιι.
2893 5738 3035 5789 deest
3059 5734 3277 5800 negatio.
