4028 6208
78 48 95 239 |
156 46 232 239 Ι
266 106 275 117 1

235 378 337 436 που
1279 364 1341 421 lN
1383 362 1574 418 EPIST
1614 362 1631 415 l

229 505 376 545 rere.
420 486 657 539 Omnium
695 483 976 552 peripsema
1020 496 1175 549 usque
1209 480 1397 532 adhuc.
1431 478 1812 530 \‘ehemontem

231 581 439 650 plagam
470 575 673 630 inducit
716 574 768 627 in
798 574 924 638 fine,
960 571 1221 636 Omnium,
1254 570 1445 638 inquit,
1492 582 1595 619 non
1628 580 1812 634 perse-

227 668 528 739 quentium.
578 664 674 720 sed
718 679 908 719 eorum
952 670 1171 732 propter
1214 674 1349 729 quos
1380 658 1494 712 hmc
1540 657 1813 724 patimur:

228 761 336 814 hoc
383 768 486 818 est.
515 756 757 825 Magnam
788 753 917 824 ipsis
962 751 1187 823 gratiam
1230 749 1420 802 habeo.
1461 746 1707 801 Graviter
1732 743 1816 799 fe-

225 850 400 906 rentis
424 858 509 903 est
533 848 777 911 verbum,
810 860 916 899 non
944 842 1089 913 quod
1117 842 1231 909 ipse
1274 848 1517 908 angatur,
1548 835 1643 891 sed
1674 834 1815 903 quod

226 939 355 993 illos
392 938 753 1007 perstringere
796 934 945 989 velit.
995 931 1127 986 Nam
1177 930 1268 999 qui
1311 936 1484 998 potest
1530 928 1813 980 innumera

230 1030 471 1101 proferre
516 1029 765 1094 crimina,
811 1026 933 1080 illos
974 1024 1190 1079 salutat.
1238 1020 1362 1074 ideo
1382 1018 1534 1087 jubet
1570 1015 1817 1070 Christus

227 1119 585 1176 contumelias
624 1131 721 1171 nos
766 1123 1042 1169 mansuete
1069 1113 1226 1172 ferre,
1273 1118 1408 1161 utet
1450 1107 1548 1174 ipsi
1581 1105 1815 1174 philom-

230 1212 481 1281 pbcmnr,
512 1216 566 1264 et
594 1206 1014 1263 contumeliosos
1050 1202 1252 1273 pudore
1296 1198 1463 1266 nugis
1492 1198 1809 1249 afficiamus.

228 1301 349 1355 Non
376 1301 517 1355 enim
559 1299 629 1353 ita
668 1296 992 1353 contumelia
1034 1291 1295 1353 alliciens,
1332 1298 1387 1342 ut
1414 1288 1577 1342 silens
1607 1288 1707 1340 hoc
1738 1286 1816 1341 fa-

225 1394 323 1448 cit.
384 1390 587 1448 Deinde
628 1392 750 1460 quia
796 1388 927 1443 vidit
975 1384 1368 1440 intolerabilem
1423 1398 1542 1457 esse
1585 1384 1811 1451 plagam.

226 1487 409 1539 statim
459 1486 529 1537 illi
574 1484 814 1536 medetur
852 1479 1077 1532 dicens:
1120 1477 1200 1530 l4.
1238 1476 1358 1529 Non
1405 1487 1457 1527 ut
1504 1476 1814 1543 confundam

228 1592 316 1627 ros
341 1576 448 1627 Ita'c
478 1573 657 1634 scribo,
688 1570 775 1624 sed
802 1580 857 1623 ut
895 1568 1031 1638 ﬁlios
1060 1586 1193 1621 meos
1232 1568 1440 1621 dilectos
1468 1582 1666 1619 moneo.
1702 1567 1812 1619 Non

226 1675 285 1719 ut
316 1664 522 1735 pudore
549 1663 780 1717 afﬁciam
824 1676 940 1727 vos,
986 1660 1174 1731 inquit,
1214 1660 1328 1713 iure
1357 1658 1501 1711 dico.
1535 1656 1685 1723 Quod
1722 1673 1815 1725 per

227 1758 391 1814 verba
420 1758 560 1813 fecit.
593 1772 651 1811 se
679 1771 783 1811 non
816 1754 1007 1810 fecisse
1033 1753 1190 1817 dicit;
1234 1754 1341 1806 imo
1372 1768 1497 1805 vero
1538 1766 1597 1804 se
1626 1752 1814 1803 fecisse

225 1850 381 1914 dicit,
424 1849 515 1903 sed
568 1864 672 1903 non
726 1848 865 1901 malo
911 1845 1091 1899 animo
1138 1846 1216 1898 vel
1257 1858 1322 1898 ex
1370 1842 1513 1896 odio.
1566 1841 1689 1893 ihec
1734 1849 1815 1893 est

226 1920 376 2001 enim
404 1944 602 2011 Optima
647 1940 873 2004 curatio,
910 1954 1030 1992 cum
1076 1938 1297 1992 verbum
1329 1936 1552 1999 dixeris,
1584 1948 1811 1988 excusa-

228 2035 433 2090 tionem
462 2049 522 2086 ex
553 2042 731 2085 mente
762 2030 1019 2099 proferre.
1049 2027 1179 2081 Nam
1213 2026 1328 2081 haec
1355 2041 1459 2079 non
1487 2026 1667 2079 dicere
1709 2041 1812 2077 non

228 2124 444 2184 licebat,
474 2123 595 2192 quia
628 2122 909 2175 incorrecti
940 2120 1299 2173 mansissent:
1324 2125 1603 2186 postquam
1634 2104 1811 2168 autem

226 2213 459 2277 dixerat,
488 2211 694 2280 plagam
727 2210 1019 2262 iueuratam
1048 2207 1375 2276 relinquere,
1400 2220 1562 2273 grave
1590 2204 1809 2257 luisset:

224 2318 393 2375 quare
430 2318 549 2357 cum
597 2303 853 2372 gravitate
893 2308 1131 2355 excusat.
1178 2299 1288 2354 Hoc
1318 2299 1459 2353 enim
1506 2312 1610 2349 non
1642 2296 1804 2349 modo

226 2396 541 2449 iucisiom-m
573 2411 675 2446 non
704 2394 857 2451 tollit.
883 2392 976 2447 sed
1005 2392 1165 2447 etiam
1189 2389 1373 2456 efiicit,
1404 2398 1460 2443 ut
1492 2388 1806 2458 profundius

224 2488 496 2559 inligatur.
547 2484 674 2542 dum
723 2487 885 2556 plaga:
931 2483 1174 2539 dolorem
1220 2496 1435 2538 omnem
1484 2479 1807 2534 consolatur.

223 2579 326 2644 Qui
348 2577 492 2631 enim
521 2576 669 2628 audit
695 2577 867 2644 ipsum
898 2588 1004 2627 non
1030 2573 1468 2641 exprobrantem,
1500 2570 1591 2623 sed
1621 2584 1807 2623 amau-

224 2676 333 2723 tetn
363 2667 475 2720 hare
497 2666 695 2727 dicere,
721 2664 969 2716 libentius
986 2664 1375 2716 correctiottetn
1407 2662 1617 2727 accipit.
1645 2660 1805 2711 Multa

222 2768 310 2815 est
335 2757 425 2812 hic
465 2770 681 2827 quoque
709 2755 944 2825 gravitas
983 2762 1037 2807 et
1077 2754 1143 2807 ad
1178 2753 1432 2821 pudorem
1480 2751 1808 2820 provocatio.

227 2848 343 2904 Non
390 2850 533 2904 enim
568 2859 623 2902 ut
649 2849 861 2911 doctor,
911 2862 1017 2901 non
1062 2857 1117 2900 ut
1163 2846 1461 2916 apostolus,
1493 2860 1598 2897 non
1639 2854 1692 2897 ut
1721 2849 1807 2913 qui

222 2942 518 3012 discipulm
548 2941 797 3005 habeam,
824 2940 966 3009 quod
992 2939 1263 3009 digniL'ttis
1298 2947 1398 3000 est,
1432 2936 1547 3001 sed,
1581 2935 1649 2991 Ut
1674 2936 1809 3004 ﬁlios

226 3052 364 3087 meos
406 3034 691 3086 carissimos
719 3048 893 3085 moneo
923 3047 941 3082 :
972 3046 1071 3084 nec
1102 3040 1303 3083 tantum
1338 3028 1497 3093 ﬁlios,
1532 3028 1625 3083 sed
1664 3029 1809 3080 desi-

224 3127 463 3179 dcratos.
514 3124 774 3195 Ignoscite
826 3122 977 3187 mihi,
1024 3122 1211 3189 inquit,
1263 3121 1304 3174 si
1353 3119 1478 3189 quid
1526 3120 1807 3173 molestum

224 3216 339 3269 dixi
374 3236 385 3269 :
422 3216 534 3267 ha-e
585 3231 647 3268 ex
692 3214 973 3268 dilectione
1018 3214 1166 3265 iiunt.
1212 3211 1318 3264 Nec
1346 3211 1500 3273 dixit,
1547 3210 1807 3278 Corripio,

226 3303 347 3368 sed,
383 3303 584 3358 Moneo.
628 3304 760 3371 Quis
787 3318 913 3356 vero
952 3318 1057 3355 non
1104 3302 1239 3355 ferat
1270 3309 1475 3369 patrem
1515 3300 1807 3365 dolentem,

226 3406 280 3449 ct
308 3410 426 3465 qua:
448 3395 599 3449 decet
626 3393 1033 3448 consulentem?
1066 3392 1187 3447 Ideo
1216 3407 1319 3445 non
1346 3392 1458 3445 haec
1489 3393 1631 3459 prius
1655 3392 1807 3456 dixit,

226 3485 325 3541 sed
359 3497 633 3555 postquam
662 3486 865 3553 plagam
891 3485 1175 3537 inflixerat.
1207 3480 1343 3549 Quid
1374 3483 1531 3551 ergo?
1554 3482 1799 3550 inquies;

228 3590 339 3629 non
372 3585 591 3643 parcunt
634 3575 787 3626 nobis
835 3573 919 3625 alii
950 3573 1234 3627 doctores?
1265 3572 1377 3625 Non
1421 3573 1497 3625 sic
1525 3571 1667 3638 dico,
1710 3570 1803 3624 sed

230 3680 337 3719 non
374 3667 455 3718 'lta
503 3674 740 3732 parcunt.
788 3663 981 3717 Verum
1016 3664 1117 3716 hoc
1159 3662 1373 3731 quidem
1426 3657 1658 3717 breviter
1702 3678 1806 3715 non

227 3755 387 3817 dixit,
415 3754 507 3808 sed
542 3770 634 3823 per
665 3753 838 3807 studia
878 3763 931 3807 et
961 3755 1175 3807 nomina
1204 3752 1306 3807 hoc
1335 3754 1607 3816 indicavit,
1640 3761 1697 3806 ut
1721 3752 1808 3821 qui

229 3845 578 3915 Ita-dagogum
610 3844 841 3913 posuerit
872 3854 920 3897 et
953 3855 1178 3912 patrem.
1212 3843 1297 3897 15.
1332 3842 1466 3895 Nam
1488 3852 1531 3895 et
1558 3844 1601 3895 si
1628 3842 1812 3895 multos

229 3936 554 4006 paedagogos,
587 3937 778 4004 inquit,
814 3936 1035 3989 habeatis
1061 3936 1109 3987 in
1136 3934 1355 3996 Christo,
1389 3934 1477 3986 sed
1504 3950 1602 3985 non
1632 3934 1811 3987 multos

229 4037 421 4093 patres.
470 4025 581 4079 Non
628 4026 939 4094 dtguitatem
984 4027 1067 4079 hic
1114 4028 1369 4083 ostendit.
1423 4027 1517 4079 sed
1570 4026 1809 4077 caritatis

229 4112 688 4184 magnitudinem;
721 4129 893 4179 neque
941 4115 1057 4164 illos
1086 4114 1400 4181 perstrinxit
1424 4130 1543 4166 cum
1584 4114 1811 4181 addidit,

231 4204 298 4256 1η
329 4203 552 4265 Christo,
584 4203 680 4256 sed
718 4202 1028 4255 consolatus
1059 4212 1141 4253 est
1171 4202 1312 4265 illos,
1348 4217 1451 4253 non
1477 4203 1805 4265 adulatores,

228 4293 323 4347 sed
363 4292 680 4362 potdagogos
718 4308 912 4346 vocans
962 4292 1100 4355 illos,
1142 4292 1230 4361 qui
1278 4292 1451 4346 studia
1498 4301 1552 4345 et
1598 4292 1809 4345 labores

228 4384 487 4447 ferebant,
533 4399 790 4453 suamque
829 4400 1011 4437 curam
1058 4384 1308 4437 ostendit.
1346 4384 1469 4439 ldeo
1520 4401 1622 4439 non
1654 4385 1806 4451 dixit,

229 4474 333 4530 Sed
362 4489 467 4527 non
497 4474 692 4529 multos
715 4476 981 4541 doetorcs,
1010 4476 1126 4542 sed,
1155 4475 1273 4529 Non
1303 4478 1486 4531 multos
1508 4486 1690 4546 patres.
1721 4476 1809 4531 Sic

231 4583 336 4621 non
385 4566 695 4637 dignitatem
743 4583 1013 4640 atponere
1062 4569 1250 4634 voluit,
1298 4585 1469 4639 neque
1524 4569 1810 4624 ostendere

232 4657 368 4727 quod
395 4659 613 4713 multam
642 4660 919 4713 utilitatem
948 4660 1015 4714 ab
1042 4661 1155 4729 ipso
1178 4661 1537 4730 accepissent;
1566 4659 1659 4714 sed
1686 4673 1807 4713 cum

228 4750 606 4813 concessisset,
638 4752 778 4819 quod
812 4751 884 4804 illi
915 4752 1077 4803 inulta
1108 4753 1479 4820 pnestitissent
1508 4752 1633 4821 ipsis
1662 4751 1809 4820 (talis

226 4840 371 4895 enim
398 4850 514 4893 erat
531 4841 897 4911 jwdagogns),
921 4841 1222 4895 dilectionis
1247 4843 1679 4912 exsuperantiam
1706 4841 1805 4896 sibi

228 4943 491 4988 reservat.
518 4933 661 4987 Talis
678 4935 820 4989 enim
849 4943 931 4987 est
962 4943 1131 5002 pater.
1157 4932 1265 4987 Nec
1291 4933 1420 4987 dicit
1438 4936 1615 4999 modo,
1638 4934 1806 4988 Nemo

231 5034 326 5075 vos
368 5020 437 5073 ita
485 5034 650 5085 amat,
700 5024 839 5093 quod
883 5026 1085 5093 absque
1127 5024 1544 5091 reprehensiOue
1585 5026 1803 5089 fuisset;

229 5116 323 5174 sed
352 5131 465 5170 rem
498 5116 573 5170 uti
604 5128 750 5185 gesta
779 5120 934 5173 estin
968 5118 1200 5174 medium
1232 5117 1465 5172 adducit.
1495 5118 1679 5185 Qualis
1721 5119 1806 5173 illa

229 5206 381 5263 erat?
412 5204 547 5261 Nam
594 5207 648 5261 in
676 5208 873 5263 Christo
919 5210 1046 5264 Iesu
1094 5226 1180 5281 per
1207 5210 1537 5280 Evangelinm
1582 5226 1674 5279 ego
1720 5227 1807 5263 eos

232 5300 405 5366 τισκαὶ.
457 5300 511 5354 In
562 5298 774 5354 Christo
830 5301 954 5356 Jesu
999 5320 1012 5355 :
1062 5318 1163 5355 non
1218 5300 1344 5354 mihi
1392 5300 1493 5355 hoc
1537 5300 1805 5353 adscribo.

234 5392 437 5448 Rursus
459 5393 579 5447 illos
604 5394 808 5463 pungit,
832 5396 922 5464 qui
947 5395 1047 5450 sibi
1082 5394 1288 5449 laudem
1310 5393 1571 5447 doctrina:
1602 5394 1806 5449 tribue-

232 5484 383 5540 bant.
421 5482 520 5539 Vos
548 5483 680 5538 enim
725 5484 865 5549 estis,
913 5484 1101 5553 inquit,
1148 5483 1469 5555 signaculum
1496 5484 1808 5552 apostolatus

235 5577 332 5628 mei
360 5576 438 5647 (l.
470 5576 590 5631 Cor.
622 5575 677 5632 9.
704 5576 781 5644 2).
810 5574 879 5629 Et
908 5591 1143 5642 rursum,
1179 5576 1288 5647 Ego
1318 5576 1577 5645 plantavi;
1613 5586 1669 5631 et
1697 5576 1805 5641 hic,

232 5667 345 5737 Ego
372 5669 542 5739 genui.
577 5669 689 5722 Non
718 5667 871 5729 dixit.
914 5667 1233 5723 Annuntiavi
1259 5668 1512 5731 verbum;
1548 5667 1665 5731 sed,
1702 5668 1809 5740 Ego

236 5758 405 5839 genui,
436 5773 639 5817 naturae
679 5774 804 5815 usus
834 5760 1157 5816 nominibus.
1192 5759 1364 5815 Unum
1390 5760 1531 5815 enim
1561 5760 1634 5815 illi
1666 5776 1805 5817 curae

1697 360 1784 416 At)
1825 359 1977 415 COR.
2024 360 2247 416 llOMlL.
2294 360 2428 418 Xlll.

3406 365 3508 419 illi

1928 482 2060 539 erat,
2095 484 2149 529 ut
2177 476 2520 530 dilectionem
2570 490 2695 545 erga
2725 474 2846 529 illos
2891 489 3041 529 suam
3082 478 3359 534 exhiberet
3430 480 3507 532 llli

1927 579 2155 634 namque
2181 581 2303 621 cum
2323 582 2352 620 a
2377 582 2461 621 me
2483 568 2832 636 accepissent,
2861 583 2965 643 vos.
2983 568 3337 636 induxerunt;
3365 575 3506 641 quod

1923 665 2101 711 autem
2137 657 2323 712 ﬁdeles
2363 659 2501 723 sitis,
2536 674 2631 728 per
2679 675 2765 714 me
2804 660 2998 713 factum
3047 650 3150 715 est.
3180 663 3314 730 Quia
3361 664 3507 719 enim

1921 745 2079 807 dixit.
2115 746 2183 801 Ut
2212 748 2367 813 ﬁlios,
2396 764 2463 805 ne
2486 748 2808 804 adulatioiiis
2832 752 3051 803 verbum
3081 765 3201 805 esse
3224 754 3506 807 existima-

1924 852 2029 902 res,
2066 853 2177 893 rcm
2206 839 2376 906 ipsam
2400 842 2622 908 profert.
2665 841 2754 896 l6.
2785 840 2929 911 Rogo
2969 842 3122 911 igitur
3142 859 3250 907 vos,
3278 845 3507 897 imitato-

1919 942 1999 980 res
2026 927 2123 981 mei
2144 938 2319 995 estate,
2348 930 2474 982 sicut
2502 940 2549 984 et
2588 946 2681 1001 ego
2722 928 2931 985 Christi.
2967 932 3146 1001 Papm,
3192 944 3386 1001 quanta
3415 936 3506 987 do-

1921 1019 2085 1072 etoris
2111 1017 2323 1083 fiducia,
2353 1036 2510 1089 quam
2534 1031 2781 1076 accurata
2807 1022 3003 1091 imago,
3032 1039 3153 1077 cum
3181 1027 3341 1077 etiam
3371 1026 3507 1079 alios

1921 1108 1986 1161 ad
2018 1110 2115 1162 hoc
2145 1109 2405 1163 advocat?
2435 1111 2549 1165 Non
2583 1127 2702 1166 sese
2728 1113 2993 1168 extollens
3014 1124 3193 1168 autem
3227 1114 3327 1170 hoc
3353 1116 3503 1183 facit,

1920 1201 2013 1256 sed
2043 1212 2098 1256 ut
2123 1203 2368 1257 ostendat
2397 1204 2605 1258 facilem
2633 1219 2753 1259 esse
2782 1205 3054 1259 virtutem.

1991 1293 2043 1348 5.
2073 1292 2325 1348 Christum
2352 1295 2539 1347 imitari
2580 1309 2863 1362 possumus.
2898 1294 3255 1364 Chrysostomo
3282 1297 3461 1364 plaudi
3472 1326 3492 1337 -

1921 1395 2023 1437 tur.
2079 1384 2232 1438 Pauli
2275 1396 2321 1439 et
2365 1388 2521 1455 ipsius
2567 1387 2806 1439 virtutum
2848 1386 3329 1455 denarium—Ne
3375 1388 3503 1443 mihi

1920 1480 2061 1531 enim
2094 1479 2319 1544 dixeris,
2352 1478 2466 1532 Non
2496 1493 2707 1547 possunt
2736 1490 2785 1531 te
2814 1480 3006 1530 imitari
3034 1496 3045 1530 :
3075 1489 3126 1531 tu
3158 1480 3344 1533 doctor
3368 1494 3426 1534 es
3449 1489 3506 1534 et

1922 1584 2168 1637 magnus.
2202 1569 2314 1622 Non
2343 1572 2484 1623 enim
2519 1581 2721 1623 tantum
2755 1572 2907 1639 spatii
2940 1573 3077 1623 inter
3106 1588 3187 1625 me
3215 1581 3269 1624 et
3296 1587 3389 1625 vos
3419 1572 3501 1625 in-

1921 1672 2105 1727 terest,
2137 1671 2391 1730 quantum
2420 1663 2554 1715 inter
2577 1662 2846 1716 Christum
2872 1675 2925 1717 et
2957 1681 3038 1716 me
3062 1675 3322 1717 :altamen
3354 1664 3500 1716 illum

1920 1769 2018 1821 ego
2050 1752 2281 1805 imitatus
2308 1767 2445 1804 sum.
2477 1752 2610 1804 Cum
2664 1768 2791 1820 Ct‘gn
2850 1752 3095 1819 Ephesiis
3137 1753 3342 1815 scribit,
3393 1767 3501 1806 non

1920 1861 1977 1900 se
1996 1846 2222 1899 medium
2242 1844 2406 1913 ponit,
2428 1845 2519 1897 sed
2544 1846 2721 1896 statim
2745 1845 2888 1913 ipsos
2901 1862 3089 1897 otnnes
3116 1845 3237 1898 illnc
3260 1844 3497 1907 adducit,

1920 1939 2095 1993 Estote
2125 1940 2400 1991 imitatores
2433 1937 2525 1990 Dei
2559 1936 2771 2005 (Epltes.
2803 1939 2857 1991 5.
2904 1938 2951 2007 l)
2983 1936 3207 1991 dicens:
3236 1938 3321 1991 hic
3350 1954 3498 2001 vero,

1918 2032 2039 2101 quia
2066 2030 2307 2083 inﬁrmos
2324 2030 2719 2098 allmptebatnn,
2743 2030 2976 2098 seipsutn
2998 2029 3333 2097 interposuit.
3356 2029 3506 2083 Alio-

1918 2123 2043 2192 quin
2070 2132 2245 2175 autem
2268 2122 2525 2185 ostendit,
2550 2122 2689 2188 quud
2714 2122 2790 2174 sic
2812 2137 3021 2189 quoque
3044 2121 3121 2173 fas
3142 2121 3210 2174 sit
3230 2120 3501 2175 Christum

1920 2212 2135 2267 imitari.
2167 2212 2297 2263 Nam
2324 2212 2413 2280 qui
2441 2221 2747 2263 accuratum
2778 2211 3107 2279 signaculum
3136 2220 3216 2263 est
3246 2210 3500 2273 imitatus,

1917 2304 2265 2374 archetypum
2311 2303 2545 2358 imitatus
2593 2312 2695 2357 est.
2742 2302 3025 2356 Videamus
3068 2318 3193 2371 ergo
3233 2302 3503 2372 quomodo

1920 2394 2036 2463 ipse
2065 2394 2336 2447 Christum
2370 2394 2605 2447 imitatus
2636 2394 2722 2446 sit.
2756 2392 2887 2445 Nam
2930 2392 3230 2459 hujusmodi
3278 2393 3502 2445 imitatio

1917 2502 2025 2541 non
2044 2496 2283 2554 tempore
2300 2494 2349 2538 et
2370 2494 2485 2537 arte
2506 2500 2641 2550 opus
2662 2483 2841 2549 habet,
2860 2484 2951 2537 sed
2976 2485 3248 2553 lil‘tipUSilO
3270 2493 3496 2538 tantum.

1920 2577 1974 2633 In
2006 2577 2227 2648 pictoris
2257 2576 2399 2629 enim
2448 2574 2719 2628 officinam
2766 2576 2986 2643 ingressi
3013 2615 3028 2639 ,
3071 2591 3175 2628 non
3212 2576 3503 2642 poterimus

1917 2670 2200 2738 imaginem
2235 2668 2463 2730 imitari,
2494 2667 2701 2721 etiamsi
2742 2667 2883 2721 illam
2918 2668 3111 2722 millies
3141 2668 3498 2736 aspiciamus:

1916 2762 2059 2815 hunc
2104 2772 2280 2814 autem
2316 2762 2395 2814 vel
2436 2776 2502 2815 ex
2549 2762 2665 2814 solo
2708 2760 2890 2814 attditu
2933 2760 3127 2813 imitari
3159 2760 3301 2813 licet.
3334 2758 3503 2815 Voltis

1916 2868 2047 2923 ergo
2069 2894 2083 2917 ,
2115 2853 2290 2905 tabula
2320 2851 2371 2905 in
2401 2852 2635 2904 modium
2665 2853 2892 2905 adducta
2913 2892 2930 2917 ,
2961 2852 3325 2905 describamus
3352 2852 3501 2905 vobis

1918 2946 2068 3000 Pauli
2112 2945 2413 2997 institutum
2466 2943 2621 2994 vitta?
2666 2942 2874 2997 Prostet
2920 2943 3078 3009 igitur
3118 2944 3290 2997 tabula
3336 2945 3502 2997 multo

1916 3035 2247 3105 Splendidior
2296 3048 2453 3103 quam
2502 3033 2661 3100 regite
2714 3033 2988 3102 imagines.
3044 3032 3172 3085 Nam
3225 3032 3363 3102 quod
3417 3033 3503 3086 hic

1915 3126 2217 3195 subjicitur,
2244 3140 2348 3177 non
2372 3134 2494 3177 sunt
2517 3138 2726 3177 asseres
2748 3123 3118 3191 eonglutinati,
3140 3139 3243 3175 Itott
3268 3122 3501 3191 impositi

1916 3217 2192 3280 sindoues,
2224 3215 2318 3268 sed
2350 3229 2483 3282 opus
2508 3214 2598 3267 Dei
2632 3214 2907 3281 subjicitm
2934 3230 2945 3265 :
2969 3214 3143 3267 anima
3168 3216 3310 3267 enim
3339 3218 3421 3267 est
3448 3224 3501 3265 et

1914 3323 2131 3375 corpus.
2179 3307 2368 3361 Anima
2404 3306 2495 3360 Dei
2535 3320 2673 3375 opus
2696 3346 2710 3367 ,
2745 3320 2848 3357 non
2879 3304 3153 3358 hominum
3180 3322 3194 3369 ;
3226 3315 3276 3360 et
3306 3320 3502 3375 corpus

1914 3399 2183 3453 similiter.
2214 3396 2309 3451 llic
2337 3396 2644 3463 plausistis?
2671 3396 2775 3449 Sed
2804 3412 2906 3449 non
2936 3396 3036 3449 hoc
3065 3397 3341 3463 plausuum
3368 3405 3503 3449 temo

1918 3506 2014 3560 pus
2043 3499 2146 3555 est,
2166 3490 2255 3544 sed
2290 3488 2342 3541 in
2370 3487 2715 3557 sequentibus
2747 3498 2955 3555 tempus
2984 3486 3266 3555 plattdcttdi
3298 3498 3350 3542 et
3380 3487 3500 3542 imi-

1918 3580 2061 3635 tandi
2086 3580 2207 3635 erit.
2230 3579 2445 3632 interim
2465 3578 2605 3631 enim
2636 3577 2854 3631 materia
2877 3577 3177 3647 subjicitur,
3199 3580 3502 3633 communis

1915 3672 2183 3726 omnibus.
2212 3670 2399 3723 Anima
2423 3670 2563 3723 enim
2585 3670 2651 3723 ab
2671 3671 2851 3722 anima
2870 3670 2997 3723 nihil
3021 3670 3219 3734 differt,
3241 3680 3501 3737 quatenus

1914 3762 2091 3816 anima
2116 3769 2217 3823 est,
2244 3760 2336 3813 sed
2358 3760 2688 3828 prepositum
2710 3758 3064 3813 dilferentiam
3084 3760 3502 3815 ostendit.Sicut

1915 3851 2059 3907 enim
2089 3865 2284 3919 corpus
2322 3866 2351 3902 a
2392 3864 2619 3917 corpore
2645 3891 2659 3911 ,
2693 3859 2955 3917 quatenus
2986 3866 3179 3918 corpus
3205 3859 3322 3915 est,
3371 3850 3500 3904 nihil

1916 3943 2125 4007 diil‘ert;
2155 3942 2248 3996 sed
2278 3941 2455 3995 simile
2482 3951 2565 3995 est
2592 3949 2647 3994 et
2672 3956 2868 4010 corpus
2892 3940 3036 3994 Pauli
3065 3952 3118 3996 et
3148 3955 3340 4009 corpus
3368 3942 3502 3994 mul-

1918 4043 2114 4097 torum,
2143 4036 2234 4085 sed
2268 4024 2504 4099 pericula
2540 4032 2679 4085 illius
2706 4048 2903 4101 corpus
2930 4034 3035 4085 alio
3061 4048 3288 4101 corpore
3315 4032 3499 4100 splen-

1914 4121 2090 4173 didius
2120 4120 2357 4172 cﬂiciunt
2388 4138 2402 4172 :
2438 4120 2507 4172 ita
2537 4130 2591 4175 et
2618 4122 2685 4173 de
2713 4124 2886 4175 anima
2928 4123 3232 4175 dicendum.
3266 4121 3500 4175 Ponatur

1914 4224 2043 4275 ergo
2073 4208 2252 4260 tabula
2286 4206 2439 4261 nobis
2460 4249 2476 4273 ,
2508 4208 2683 4261 anima
2727 4224 2920 4278 nempe
2963 4209 3133 4265 Pauli.
3169 4209 3291 4263 “3‘0
3322 4210 3501 4264 tabula

1914 4314 2083 4367 nuper
2124 4297 2337 4367 jacebat
2386 4296 2604 4367 fuligine
2642 4297 2869 4353 obducta
2896 4340 2911 4363 ,
2944 4300 3097 4369 plena
3126 4300 3243 4354 telis
3271 4315 3500 4355 aranea-

1915 4405 2033 4445 t'um
2068 4406 2081 4441 :
2114 4388 2246 4443 nihil
2292 4388 2433 4443 enim
2469 4399 2552 4443 est
2587 4389 2911 4459 blasphemia
2946 4392 3113 4460 pejus.
3144 4392 3275 4458 Quia
3319 4401 3503 4447 autem

1917 4481 2059 4534 venit
2088 4480 2154 4546 is,
2182 4481 2273 4549 qui
2297 4480 2474 4533 omnia
2501 4480 2873 4542 transformat;
2902 4491 2957 4535 et
2978 4483 3107 4534 vidit
3130 4499 3234 4536 non
3258 4499 3323 4537 ex
3357 4481 3501 4550 igna-

1917 4571 1998 4623 via
2028 4578 2083 4623 et
2113 4568 2355 4623 Socordia
2397 4570 2466 4621 ita
2497 4568 2761 4636 depictatn
2787 4583 2910 4622 esse
2932 4609 2946 4634 ,
2978 4569 3070 4624 sed
3102 4583 3165 4621 ex
3199 4568 3461 4639 imperitia
3481 4612 3497 4635 ,

1913 4671 1969 4713 et
2012 4658 2151 4727 quod
2192 4672 2295 4710 non
2339 4657 2560 4711 haberet
2600 4656 2758 4711 ﬂores
2803 4658 3048 4727 pietatis;
3090 4659 3260 4715 zelum
3302 4662 3501 4731 quippe

1914 4747 2165 4813 habebat,
2194 4747 2406 4802 colores
2441 4763 2570 4803 vero
2601 4764 2704 4804 non
2733 4750 2983 4815 aderant;
3017 4766 3121 4805 non
3152 4768 3294 4807 enim
3326 4753 3498 4808 zelum

1913 4836 2205 4894 secundum
2238 4838 2519 4895 scientiam
2551 4839 2817 4897 habebat:
2844 4842 2934 4895 dat
2973 4842 3048 4896 illi
3079 4842 3265 4896 florem
3298 4846 3496 4898 verita-

1915 4932 2005 4998 tis,
2035 4932 2086 4987 id
2112 4942 2215 4997 est,
2245 4934 2503 5003 gratiam;
2533 4949 2595 4987 ac
2623 4942 2844 5003 repente
2872 4933 3073 5003 regiam
3102 4934 3337 4988 ostendit
3366 4936 3502 4990 ima-

1913 5025 2116 5094 ginem.
2148 5026 2400 5095 Acceptis
2432 5040 2661 5094 namque
2696 5024 2971 5080 coloribus
2994 5065 3009 5089 ,
3055 5040 3177 5081 cum
3221 5027 3503 5085 didicisset

1914 5117 1999 5169 illa
2027 5132 2145 5187 qua:
2173 5118 2475 5186 ignorabat,
2510 5132 2614 5170 non
2647 5117 2980 5186 exspectavit
3008 5128 3237 5189 tempus,
3266 5120 3360 5175 sed
3390 5130 3495 5176 sta-

1916 5206 2009 5260 tim
2040 5207 2274 5275 optimus
2302 5207 2491 5261 artifex
2536 5208 2683 5261 visus
2709 5218 2792 5261 est
2816 5224 2830 5271 ;
2874 5218 2928 5263 et
2956 5209 3128 5277 primo
3151 5212 3383 5266 ostendit
3418 5228 3500 5266 re-

1912 5298 2055 5365 gittm
2087 5306 2245 5368 caput
2269 5339 2284 5362 ,
2328 5297 2599 5351 Christum
2632 5300 2964 5367 prmdicans;
2996 5300 3190 5356 deinde
3234 5302 3508 5374 reliquum

1914 5404 2129 5457 corpus,
2162 5388 2300 5458 quod
2330 5399 2412 5444 est
2440 5400 2745 5446 accuratum
2767 5393 2888 5446 vita:
2916 5392 3237 5449 institutum.
3260 5394 3503 5451 Pictores

1914 5481 2151 5550 quidem,
2180 5496 2300 5535 cum
2330 5496 2389 5545 se
2421 5482 2763 5546 incluserint,
2793 5497 2915 5538 cum
2944 5486 3285 5540 accuratione
3308 5501 3498 5555 magna

1914 5580 1969 5626 et
1995 5573 2177 5642 quiete
2201 5572 2379 5626 omnia
2414 5574 2629 5639 faciunt,
2659 5575 2857 5628 nemini
2884 5576 3019 5630 ostia
3047 5577 3388 5646 aperientes:
3416 5578 3501 5632 hic

1914 5675 2093 5720 autem
2126 5666 2177 5721 in
2218 5666 2395 5719 medio
2438 5666 2571 5721 orbe
2611 5667 2844 5722 tabuiam
2894 5683 3226 5738 proponens,
3254 5670 3504 5725 omnibus

1922 5757 2411 5816 contradicentibus
2434 5801 2455 5824 ,
2494 5760 2935 5817 tumultuantibus
2956 5804 2974 5828 ,
3016 5761 3348 5817 turbantibus
3369 5799 3388 5831 ,
3430 5761 3500 5817 ξω
