3986 6206
243 339 351 395 ll')

241 467 367 506 mus
386 492 404 515 ,
441 462 498 506 et
526 449 681 504 nobis
705 449 900 506 cedere
926 451 1309 521 compellemus
1329 494 1346 519 ,
1396 471 1501 510 non
1542 456 1822 523 imperare.

239 542 528 607 Quouwdo
552 556 683 610 ergo
710 541 809 595 hoc
836 542 958 596 lict?
978 542 1111 597 Cum
1138 543 1355 600 divitias
1382 546 1630 599 omnibus
1655 545 1836 599 distri-

241 634 501 686 buemus.
533 632 712 687 Donec
735 651 878 689 enim
902 635 1174 705 opulentia
1202 637 1312 693 sola
1340 652 1461 691 cum
1488 639 1618 693 solis
1645 639 1745 691 erit
1780 648 1837 693 ut

239 725 382 777 latro
413 723 467 776 in
500 723 819 791 solitudine,
848 727 1027 787 omnia
1060 727 1253 781 inferet
1296 729 1431 782 mala
1456 744 1470 781 :
1494 744 1615 783 cum
1652 739 1833 783 autem

236 814 387 867 illam
428 814 487 867 in
520 814 751 869 medium
779 816 1106 871 adducemus
1129 857 1146 882 ,
1180 832 1285 871 non
1319 820 1455 872 ultra
1484 819 1638 873 nobis
1665 819 1834 887 impe-

234 903 399 967 rabit,
432 919 558 959 cum
584 920 773 961 omnes
804 907 949 961 illam
978 907 1211 977 undique
1238 908 1475 978 alligent.

319 995 377 1050 5.
425 993 673 1048 Pecunia
713 1014 812 1051 non
853 1001 1034 1062 maliv,
1080 1006 1122 1051 st
1166 998 1287 1052 bene
1313 1000 1416 1052 illis
1445 1000 1835 1054 atomum—Et

236 1084 357 1139 hac
389 1084 517 1141 dico
539 1126 555 1150 ,
592 1105 695 1139 non
717 1089 856 1157 quod
901 1100 1114 1157 peccata
1145 1091 1249 1142 sint
1284 1090 1553 1158 pecuniae;
1584 1092 1680 1145 sed
1711 1109 1834 1161 pec-

234 1186 417 1230 catum
447 1188 530 1232 est
574 1195 678 1231 non
725 1198 817 1234 eas
856 1181 1177 1250 pauperibus
1208 1182 1529 1237 distribuere
1552 1224 1567 1246 ,
1609 1194 1663 1238 et
1694 1186 1832 1239 male

234 1268 344 1322 illis
370 1272 469 1321 uti.
499 1268 638 1323 Nihil
662 1276 799 1325 enim
832 1275 1027 1327 malum
1060 1274 1196 1326 Deus
1226 1271 1369 1338 fecit,
1394 1273 1488 1327 sed
1510 1276 1688 1330 omnia
1715 1277 1831 1331 val-

233 1359 305 1412 de
339 1360 500 1413 bona.
543 1360 724 1430 Itaque
762 1363 912 1417 bona!
957 1362 1115 1415 etiam
1160 1371 1285 1415 sunt
1332 1364 1611 1430 pecuniae,
1654 1366 1747 1419 sed
1787 1366 1831 1419 si

235 1449 641 1516 possidentibus
672 1467 776 1503 non
808 1452 1074 1517 imperent
1094 1491 1109 1515 ,
1138 1451 1180 1503 si
1215 1460 1580 1521 paupertatem
1604 1456 1830 1524 proximi

236 1540 475 1591 silvam.
520 1538 706 1606 Neque
736 1540 878 1593 enim
924 1541 1009 1593 lux
1051 1540 1136 1593 illa
1186 1541 1357 1605 bona,
1389 1558 1509 1608 qua!
1540 1559 1644 1597 non
1688 1545 1833 1597 delet

233 1629 490 1681 tenebras
512 1669 526 1689 ,
571 1629 664 1682 sed
695 1640 851 1698 auget
874 1645 963 1684 eas
989 1648 1003 1694 ;
1034 1647 1208 1700 neque
1237 1632 1450 1687 divitias
1478 1634 1555 1687 sic
1583 1636 1826 1703 appella—

234 1719 361 1781 rim,
394 1735 517 1787 qua:
555 1734 661 1773 non
690 1721 897 1775 solvant
926 1733 1327 1791 paupertatem,
1364 1725 1457 1777 sed
1492 1734 1723 1794 augeant
1765 1726 1828 1779 il-

234 1812 366 1862 iam.
398 1810 532 1865 Nam
560 1814 647 1879 qui
671 1813 823 1869 dives
844 1824 944 1874 est.
980 1832 1084 1869 non
1109 1818 1301 1885 qttzerit
1328 1817 1393 1870 ab
1418 1818 1538 1871 aliis
1562 1819 1827 1887 accipere,

234 1901 329 1954 sed
360 1901 484 1955 aliis
512 1918 670 1971 opem
703 1903 846 1959 ferre
888 1922 902 1958 :
932 1906 1021 1974 qui
1054 1921 1182 1959 vero
1221 1908 1288 1961 ab
1318 1907 1437 1959 aliis
1464 1911 1653 1975 quatrit
1684 1910 1828 1962 acci-

236 2007 384 2055 pere,
413 1992 524 2061 jam
559 2009 663 2046 non
691 1994 839 2047 dives
862 2004 962 2058 est,
991 1995 1083 2048 sed
1118 1997 1230 2062 ipse
1262 2011 1479 2064 pauper.
1515 1997 1695 2067 Itaque
1722 2016 1827 2053 non

235 2082 434 2135 divitiae
464 2084 618 2136 mala:
659 2094 784 2137 sunt
804 2125 821 2149 ,
854 2084 947 2139 sed
976 2100 1177 2155 pauper
1218 2085 1429 2139 animus
1454 2127 1468 2149 ,
1501 2088 1589 2155 qui
1619 2089 1828 2143 divitias

235 2171 453 2225 deducit
481 2172 534 2226 in
569 2184 959 2243 paupertatem.
1001 2175 1062 2229 ili
1108 2174 1417 2229 miseriores
1448 2188 1570 2228 sunt
1604 2178 1709 2231 illis
1737 2179 1825 2247 qui

236 2265 287 2316 iu
317 2265 617 2334 angiportis
648 2265 973 2331 mendicant,
1004 2266 1069 2319 iis
1090 2268 1177 2335 qui
1203 2265 1329 2320 carri
1357 2275 1409 2320 et
1440 2260 1680 2321 mutilato
1709 2283 1829 2321 cor-

234 2372 366 2425 pure
392 2366 555 2421 sunt;
585 2365 639 2411 et
663 2358 753 2427 qui
784 2358 971 2412 sericis
1008 2357 1407 2427 splendidisque
1437 2357 1671 2411 vestibus
1693 2358 1825 2411 ami-

235 2450 304 2500 cti
332 2460 487 2511 sunt,
514 2448 579 2502 iis
606 2449 697 2518 qui
721 2450 913 2503 laceris
942 2448 1131 2519 pannis
1162 2448 1485 2514 induuntur;
1510 2449 1600 2518 qui
1624 2448 1674 2501 in
1711 2448 1825 2501 foro

235 2540 467 2607 superbe
489 2539 745 2593 incedunt
775 2539 1055 2594 inferiores
1109 2538 1319 2594 suntiis
1353 2580 1368 2604 ,
1425 2539 1516 2609 qui
1570 2540 1619 2592 in
1672 2538 1826 2593 biviis

236 2630 434 2679 vadunt
459 2638 511 2681 et
536 2628 588 2679 in
610 2628 759 2681 aulas
782 2628 1172 2696 ingrediuntur,
1196 2629 1263 2681 ah
1290 2629 1396 2681 imo
1419 2630 1648 2682 clamant
1677 2644 1825 2682 men-

232 2719 498 2773 dicantes.
533 2718 599 2772 ili
628 2734 856 2785 namque
889 2720 1052 2773 Deum
1086 2718 1325 2783 laudant,
1359 2728 1412 2771 et
1444 2719 1823 2773 misericordiae

236 2808 528 2877 multaqu
561 2807 914 2876 philosophiae
931 2808 1089 2863 verba
1115 2808 1392 2877 proferunt
1417 2824 1431 2860 :
1458 2808 1680 2875 ideoque
1707 2809 1822 2860 illos

235 2899 555 2953 miserantur
581 2909 638 2954 et
673 2915 863 2953 manus
907 2899 1036 2970 ipsis
1074 2899 1416 2969 porrigimus,
1444 2913 1506 2953 ac
1534 2914 1819 2970 numquam

232 3003 569 3043 accusamus.
602 2988 700 3055 Qui
732 2998 908 3043 autem
940 2990 1079 3042 male
1107 2989 1320 3043 divitias
1349 2987 1655 3057 possident,
1697 3004 1822 3042 cru-

230 3078 487 3143 delitatis,
516 3078 885 3145 immanitatis,
916 3079 1118 3149 rapinae
1146 3091 1200 3133 et
1228 3079 1682 3147 concupiscentia
1704 3096 1815 3133 ver-

232 3169 294 3223 ba
320 3171 630 3240 proferunt.
668 3170 790 3226 ldeo
819 3171 957 3241 apud
990 3187 1175 3227 omnes
1204 3170 1379 3225 odiosi
1402 3181 1456 3225 et
1488 3170 1695 3225 ridiculi
1725 3172 1817 3224 ha-

230 3262 448 3315 bentur.
481 3262 775 3317 Considera
804 3272 979 3317 autem
1002 3305 1015 3323 ,
1044 3264 1167 3333 quid
1196 3261 1334 3330 apud
1362 3278 1549 3317 omnes
1576 3263 1817 3317 homines

231 3363 382 3422 turpe
404 3368 526 3407 esse
555 3353 796 3408 videatur
819 3394 832 3417 ,
866 3368 931 3406 an
956 3368 983 3405 a
1007 3352 1264 3405 divitibus
1294 3362 1475 3421 petere
1512 3367 1577 3404 an
1608 3354 1675 3406 ab
1702 3353 1817 3405 ino—

229 3446 423 3512 pibus?
457 3445 636 3499 Palam
668 3454 815 3499 certe
841 3455 943 3509 est,
975 3445 1043 3499 ab
1082 3445 1351 3513 inopibus.
1391 3444 1501 3497 Hoc
1540 3445 1716 3513 itaque
1748 3444 1815 3496 fa-

226 3535 370 3589 ciunt
392 3536 585 3589 diues
608 3552 621 3601 ;
643 3550 747 3588 non
769 3535 908 3588 enim
924 3535 1184 3590 auderent
1206 3536 1269 3589 ad
1291 3534 1513 3589 ditiores
1534 3534 1809 3588 accedere.

227 3626 323 3691 Qui
350 3636 526 3679 autem
560 3626 874 3678 mendicant
895 3667 907 3689 ,
942 3642 969 3677 a
997 3626 1350 3694 locupletibus
1383 3635 1567 3695 petunt
1596 3644 1608 3677 :
1642 3643 1814 3695 neque

225 3718 366 3771 enim
401 3717 677 3770 mendicus
712 3732 739 3769 a
772 3718 1019 3771 mendico
1045 3718 1206 3785 petit,
1240 3720 1333 3773 sed
1374 3734 1401 3771 a
1430 3718 1630 3782 divite;
1662 3720 1811 3773 dives

223 3820 399 3863 autem
427 3825 709 3879 pauperem
737 3809 1012 3879 discerpit.
1043 3810 1246 3863 Rursus
1277 3809 1421 3879 quid.
1458 3826 1640 3879 qmeso
1661 3852 1674 3874 ,
1715 3811 1811 3863 ho-

225 3901 449 3965 nestius,
480 3917 510 3953 a
542 3902 846 3956 lubentibus
873 3912 925 3956 et
949 3901 1172 3971 gratiam
1200 3900 1513 3955 habentibus
1544 3905 1805 3971 accipere,

222 4008 288 4044 an
312 3994 509 4046 invitos
537 4008 730 4062 cogere
756 4004 808 4048 et
840 3992 1183 4061 perturbare?
1204 3993 1380 4045 Palam
1409 4002 1489 4046 est
1534 3993 1807 4047 honestius

218 4096 339 4137 esse
362 4083 557 4135 invitos
581 4099 683 4135 non
709 4084 941 4136 tut-hare.
969 4083 1077 4135 Sed
1106 4084 1205 4135 hoc
1222 4083 1411 4135 divites
1436 4082 1650 4135 faciunt.
1678 4082 1805 4134 Nam

221 4184 482 4238 pauperes
516 4184 545 4219 a
579 4171 879 4225 lubentibus
908 4168 1177 4235 accipiunt
1204 4178 1257 4221 et
1288 4170 1510 4237 gratiam
1564 4170 1805 4223 babenti—

218 4260 353 4321 hns;
380 4258 769 4312 divitcsautem
791 4257 858 4311 ab
890 4257 1072 4310 invitis
1100 4268 1151 4311 et
1181 4256 1597 4325 repugnantibus
1624 4274 1636 4309 :
1664 4257 1802 4324 quod

218 4349 555 4417 majorisest
605 4348 931 4418 paupertatis
970 4347 1380 4402 demonstratio.
1434 4348 1487 4401 Si
1541 4348 1683 4401 enim
1735 4348 1801 4402 ad

218 4438 499 4508 prandium
528 4456 685 4493 nemo
714 4442 835 4493 velit
864 4441 1139 4504 accedere,
1172 4440 1273 4494 nisi
1303 4442 1523 4508 gratiam
1555 4440 1653 4509 ipsi
1702 4440 1797 4492 hac

214 4532 334 4585 beat
377 4530 423 4582 is
452 4530 540 4597 qui
587 4531 808 4594 invitat,
839 4533 1107 4598 quomodo
1140 4532 1335 4585 bonum
1371 4532 1527 4585 fuerit
1549 4532 1799 4601 pecunias

215 4622 260 4674 vi
291 4622 650 4687 extorquere?
676 4621 849 4675 Canes
886 4640 1061 4677 nonne
1092 4626 1209 4678 ideo
1236 4640 1549 4679 aversantur
1575 4634 1627 4678 et
1665 4624 1797 4691 fugio

216 4729 326 4767 nius
356 4712 616 4767 latrantes
637 4752 650 4773 ,
681 4712 819 4781 quod
852 4714 1007 4767 nobis
1030 4715 1242 4768 assidue
1274 4717 1473 4769 instent
1504 4726 1554 4769 et
1584 4731 1679 4769 nos
1709 4732 1797 4767 ur-

1293 339 1356 396 lN
1398 341 1611 399 EPIST.
1653 341 1671 397 I
1734 340 1826 395 AD
1863 341 2021 399 COR.
2061 343 2289 403 ilOMlL.
2330 347 2468 405 XIV.

3430 375 3529 432 IN

1941 458 2143 524 geant?
2172 459 2284 515 lloc
2310 473 2364 517 et
2390 463 2582 519 divites
2610 465 2828 525 faciunt.
2857 473 2923 528 At
2953 479 3230 536 honestius
3249 522 3267 549 ,
3307 494 3365 539 ut
3400 502 3523 543 cum

1940 547 2083 601 dono
2121 548 2262 605 adsit
2301 568 2496 609 metus.
2546 558 2661 615 Hoc
2697 574 2846 618 certe
2869 570 3109 625 omnium
3156 547 3522 645 turpissimum

1940 648 2023 691 est
2053 656 2064 690 :
2094 641 2183 709 qui
2210 645 2356 699 enim
2383 649 2560 703 omnia
2591 664 2767 707 movet
2795 666 2851 709 ut
2880 660 3143 728 accipiat,
3168 641 3277 734 quo
3306 669 3522 729 homine

1940 732 2108 799 magis
2135 733 2393 792 ridiculus
2433 754 2537 795 non
2570 741 2761 799 fuerit?
2802 747 3009 804 Etenim
3040 732 3332 823 sa-pe—cum
3357 776 3521 817 canet-

1940 831 2301 879 metueremus
2326 866 2340 892 ,
2384 843 2445 883 ea
2474 844 2595 899 qua:
2639 836 2953 911 tenebamus
2994 844 3335 911 proiecimus.

1940 925 2147 976 rursus,
2176 915 2263 971 dic
2291 919 2457 986 mihi,
2501 923 2711 993 turpius
2751 931 2943 997 pannis
2987 932 3180 990 laceris
3223 915 3520 999 involutum

1940 1015 2153 1072 petere.
2195 1024 2260 1062 an
2310 1014 2510 1067 sericas
2554 1029 2731 1073 vestes
2783 1018 3086 1079 ferentem?
3114 1030 3337 1093 Quando
3377 1036 3523 1091 enim

1937 1097 2056 1163 quis
2086 1096 2234 1153 dives
2261 1116 2414 1157 senes
2440 1104 2572 1159 colit
2602 1123 2894 1179 pauperes,
2929 1126 2983 1168 ut
3026 1132 3114 1170 res
3144 1120 3355 1177 illorum
3382 1129 3522 1181 acci-

1941 1186 2065 1251 piat,
2095 1187 2301 1243 etiamsi
2336 1192 2531 1247 liberos
2564 1196 2811 1263 habeant,
2838 1219 2939 1271 qua
2970 1209 3121 1261 venia
3148 1209 3345 1279 dignus
3370 1217 3474 1271 erit
3496 1218 3523 1272 τ

1937 1274 1989 1327 Si
2030 1277 2185 1331 vultis
2233 1292 2448 1348 autem,
2494 1286 2602 1354 ip~a
2648 1304 2858 1360 quoque
2908 1295 3066 1348 verba
3109 1302 3518 1371 examinemus;

1936 1382 2180 1433 quzeuam
2218 1374 2422 1427 scilicet
2451 1377 2642 1431 divites
2675 1393 2916 1448 petentes
2944 1386 3121 1441 dit-ant
3143 1432 3157 1454 ,
3186 1403 3237 1445 et
3273 1411 3521 1462 quaenam

1938 1471 2218 1527 pauperes.
2250 1463 2385 1529 Quid
2406 1483 2532 1537 ergo
2557 1470 2681 1523 dicit
2710 1488 2907 1539 panper
2926 1477 2949 1528 ?
2969 1479 3120 1544 Quod
3149 1486 3236 1552 qui
3259 1486 3348 1540 dat
3369 1490 3517 1545 eleu-

1936 1562 2213 1617 mosynam
2245 1570 2349 1606 non
2380 1572 2539 1626 parce
2570 1560 2915 1632 dabit,un
2946 1584 3005 1622 ea
3049 1570 3139 1625 det
3184 1590 3302 1644 qua:
3341 1594 3369 1631 ιι
3410 1580 3523 1634 Deo

1934 1649 2087 1703 sunt,
2129 1644 2268 1709 quod
2311 1644 2447 1699 Dens
2491 1651 2560 1703 sit
2590 1652 2844 1721 benignus
2881 1666 2936 1711 et
2977 1661 3176 1729 majora
3219 1668 3515 1725 retribuat:

1934 1747 2049 1801 qua:
2096 1735 2271 1787 onmia
2305 1740 2653 1808 philosophia:
2687 1756 2810 1799 sunt
2836 1751 2993 1804 verba
3038 1765 3087 1807 et
3127 1758 3519 1818 exhortationis

1934 1834 1987 1877 et
2011 1828 2241 1882 consilii.
2277 1828 2443 1897 [legal
2471 1836 2610 1887 enim
2642 1844 2693 1889 te
2719 1840 2784 1891 ad
2821 1841 3099 1899 Donninum
3142 1851 3397 1918 respicias
3417 1896 3433 1920 ,
3463 1865 3518 1910 et

1936 1927 2131 1972 metum
2162 1921 2255 1974 tibi
2286 1923 2419 1977 tollit
2452 1926 2641 1980 l'uturw
2664 1935 2989 2000 paupertatis
3016 1953 3029 1988 :
3058 1952 3119 1991 ac
3147 1942 3369 1999 multant
3397 1947 3518 2012 quis

1937 2008 2113 2063 videat
2137 2010 2430 2067 doctrinam
2477 2017 2527 2069 in
2571 2020 2748 2074 verbis
2793 2025 3228 2086 mendicantium.
3275 2008 3507 2093 Divitum

1933 2108 2111 2153 autem
2130 2103 2286 2155 verba
2310 2106 2481 2173 qualia
2506 2110 2671 2161 sunt?
2704 2111 3011 2179 Pomorum.
3031 2132 3245 2188 cauum,
3265 2122 3512 2190 luporum

1931 2188 2260 2258 aliarumque
2280 2193 2527 2249 ferarum.
2559 2198 2692 2254 Nam
2708 2201 2795 2255 alii
2822 2203 2892 2260 de
2919 2208 3140 2274 mensis,
3163 2211 3232 2265 de
3252 2188 3514 2282 obsoniis,

1932 2275 1997 2328 de
2026 2278 2415 2371 condimentis,
2445 2285 2512 2339 de
2544 2287 2669 2343 vino
2699 2295 2872 2347 omnis
2900 2298 3114 2363 generis
3133 2340 3149 2365 ,
3178 2300 3248 2355 de
3271 2275 3512 2374 unguen;

1934 2364 2019 2431 tis,
2044 2367 2110 2423 de
2137 2365 2392 2437 vestibus,
2424 2376 2596 2447 deque
2621 2382 2765 2435 omni
2793 2383 2900 2439 alio
2927 2386 3052 2441 luxu
3083 2364 3143 2445 et
3161 2364 3468 2462 profusione
3496 2416 3513 2454 :

1930 2456 2016 2510 alii
2045 2458 2334 2557 deluseris
2353 2502 2368 2528 ,
2397 2466 2464 2519 de
2495 2467 2790 2526 fmnoribus
2816 2490 2831 2538 ;
2862 2485 2916 2529 et
2952 2456 3178 2535 schedas
3216 2483 3475 2556 tingentes
3494 2530 3512 2557 ,

1929 2563 1991 2601 ac
2027 2550 2329 2608 debiturum
2376 2557 2766 2618 intolerabilem
2820 2570 3129 2627 attollentes
3184 2550 3510 2649 magvttitudi;

1930 2658 2073 2742 nem,
2106 2654 2373 2717 tamquam
2400 2665 2427 2703 a
2462 2654 2699 2720 patrihus
2725 2666 2781 2712 et
2802 2660 2913 2714 avis
2932 2663 3140 2720 initium
3162 2677 3510 2742 sumpserint,

1929 2734 2082 2802 hujus
2108 2737 2358 2806 domum,
2389 2744 2528 2799 illius
2557 2762 2741 2816 agrum
2762 2792 2778 2817 ,
2808 2752 3029 2810 alterius
3065 2734 3388 2830 mancipium
3417 2782 3511 2822 au-

1927 2824 2103 2881 ferunt
2134 2828 2519 2904 facultatesque
2539 2852 2745 2894 omnes.
2777 2840 2913 2908 Quid
2941 2861 3069 2902 vero
3095 2824 3295 2909 dixeris
3314 2854 3381 2909 de
3402 2864 3512 2912 tes-

1928 2920 2195 2984 tamentis,
2218 2937 2337 2989 qure
2366 2940 2471 2978 non
2510 2938 2842 2997 atramento,
2885 2936 2981 2989 sed
3010 2942 3267 3009 sanguine
3310 2946 3505 3013 scripta

1925 3011 2085 3063 sunt?
2114 3013 2218 3067 Ant
2242 3016 2385 3069 enim
2415 3017 2467 3072 in
2497 3034 2600 3073 non
2622 3020 2898 3079 terendum
2917 3025 3161 3083 inductos
3188 3011 3503 3101 periculum,

1924 3110 2014 3154 aut
2042 3104 2262 3160 modicis
2292 3110 2569 3176 promissis
2597 3112 2917 3180 incantatos,
2941 3134 3075 3188 quos
3106 3123 3333 3179 viderint
3359 3143 3505 3195 qua:-

1924 3191 2043 3245 dam
2077 3195 2283 3250 modica
2312 3200 2677 3266 possidentes.
2710 3218 2777 3259 eo
2814 3206 3140 3265 induxerunt
3164 3222 3219 3266 ut
3247 3191 3505 3283 cognatos

1921 3298 2109 3338 einnes
2136 3296 2188 3340 et
2215 3301 2523 3359 paupertate
2549 3307 2689 3361 saepe
2718 3307 3002 3363 pereuntes
3023 3301 3215 3355 missus
3243 3303 3501 3372 lacerent,

1921 3388 2084 3445 seque
2117 3394 2209 3443 pro
2237 3378 2339 3433 illis
2368 3381 2589 3436 heredes
2611 3384 2997 3443 adscriberent.
3029 3388 3153 3445 llaec
3179 3402 3353 3448 autem
3370 3412 3503 3466 qua-

1920 3483 2165 3522 rumnam
2211 3469 2441 3525 ferarum
2481 3489 2585 3527 non
2628 3488 2882 3543 superant
2924 3477 3187 3537 feritatem
3214 3484 3236 3536 ?
3266 3486 3501 3558 Quapro-

1922 3569 2038 3626 pter
2058 3602 2072 3623 ,
2102 3561 2329 3616 obsecro
2350 3604 2365 3628 ,
2394 3578 2584 3619 onmes
2612 3565 2917 3635 hujusmodi
2962 3570 3174 3628 divitias
3213 3575 3496 3647 fugiamus.

1920 3660 2099 3720 turpes
2125 3662 2178 3705 et
2203 3654 2439 3708 cmdibus
2472 3658 2691 3711 refertas
2717 3674 2732 3723 ;
2762 3670 2814 3714 et
2848 3662 3153 3730 spirituales
3184 3667 3300 3723 illas
3329 3672 3501 3739 possi-

1916 3740 2158 3804 domnus,
2196 3745 2578 3815 thesaurosque
2614 3747 2665 3801 in
2699 3751 2832 3805 caelo
2863 3755 3219 3822 requiramus.
3250 3758 3379 3813 Nam
3406 3764 3497 3830 qui

1917 3828 2015 3882 hos
2046 3829 2279 3893 habent,
2311 3833 2381 3885 illi
2428 3845 2575 3889 certe
2608 3837 2801 3893 divites
2842 3852 2991 3907 sunt,
3028 3845 3100 3897 illi
3143 3848 3398 3913 epulcnti,
3426 3828 3497 3905 ﬁet

1914 3918 2163 3975 fruuntur
2190 3922 2437 3978 omnibus
2464 3941 2582 3994 qua:
2610 3926 2696 3982 hic
2722 3939 2775 3983 et
2802 3930 2911 3985 illic
2936 3943 3077 3985 sunt.
3110 3935 3205 3999 Qui
3234 3938 3375 3991 enim
3406 3954 3495 3993 se-

1914 4012 2143 4064 candum
2177 4014 2267 4066 llei
2292 4014 2509 4070 verbmu
2536 4034 2735 4087 pauper
2754 4036 2873 4077 esse
2894 4022 3025 4087 vult,
3050 4026 3284 4079 omnium
3308 4028 3497 4084 domos

1915 4099 2073 4153 habet
2114 4112 2349 4167 apertas.
2383 4106 2514 4160 Nam
2546 4111 2593 4163 ei
2613 4152 2626 4172 ,
2657 4113 2746 4179 qui
2777 4123 2990 4182 propter
3021 4115 3182 4170 Deum
3213 4120 3341 4172 nihil
3372 4136 3491 4185 pos-

1911 4189 2048 4243 sidet
2070 4230 2084 4251 ,
2116 4195 2480 4261 unusquisque
2505 4210 2598 4249 sua
2626 4202 2833 4255 confert
2856 4221 2874 4256 :
2902 4206 2992 4270 qui
3026 4221 3151 4257 vero
3178 4222 3335 4273 parva
3367 4225 3490 4266 cmn

1912 4278 2163 4347 injustitia
2198 4281 2310 4335 vult
2355 4282 2553 4338 habere
2574 4325 2590 4351 ,
2619 4288 2855 4342 omnium
2893 4292 2995 4345 sibi
3023 4294 3156 4347 ostia
3189 4296 3399 4353 clausit.
3428 4300 3491 4356 Ut

1906 4386 2033 4442 ergo
2064 4384 2116 4427 et
2147 4391 2263 4443 quae
2306 4374 2393 4431 hic
2419 4388 2471 4431 et
2498 4394 2617 4447 qua:
2647 4380 2752 4437 illic
2779 4394 2902 4437 sunt
2939 4386 3073 4441 bona
3100 4404 3451 4460 assequamur
3473 4435 3487 4453 .

1905 4465 2160 4536 eligamus
2185 4468 2457 4523 immotam
2484 4482 2535 4525 et
2562 4473 2911 4529 immortalem
2942 4480 3267 4546 opulentiam
3292 4500 3305 4537 :
3330 4501 3488 4553 quam

1905 4560 2103 4610 utinam
2138 4575 2235 4613 nos
2259 4577 2445 4615 omnes
2473 4578 2865 4626 consequamur
2886 4570 3051 4636 gratia
3073 4583 3126 4625 et
3165 4573 3491 4644 beniguilmg

1905 4650 2112 4702 Domini
2144 4652 2311 4703 nostri
2342 4652 2467 4704 Jesu
2496 4653 2716 4716 Christi,
2748 4666 2855 4709 etc.

2710 4852 2837 4865 _

1643 4922 1983 4985 HOMILIA
2032 4921 2203 4983 XIV.

205 5059 329 5117 Cu.
358 5063 413 5117 ι.
455 5079 507 5117 v.
542 5064 624 5117 l7.
663 5063 784 5118 Ideo
825 5066 938 5120 misi
973 5065 1041 5117 ad
1086 5080 1169 5117 vos
1218 5061 1566 5127 Timotheum,
1592 5066 1676 5131 qui
1711 5076 1785 5119 est

273 5154 410 5220 ﬁlius
460 5169 599 5207 meus
642 5155 854 5209 dilectus
898 5167 941 5209 et
986 5156 1152 5225 ﬁdelis
1190 5156 1241 5207 in
1284 5153 1537 5217 Domino,
1571 5155 1656 5217 qui
1701 5170 1785 5209 vos

271 5246 688 5315 commonefaciet
715 5246 831 5299 vias
851 5264 1004 5311 meas,
1036 5264 1148 5317 qua:
1175 5256 1288 5299 sunt
1325 5248 1375 5297 in
1404 5244 1603 5298 Christo
1635 5244 1780 5299 lem.

275 5339 322 5391 1.
359 5334 558 5389 Paulus
588 5336 702 5406 igne
730 5336 1004 5391 ardentior.
1032 5367 1099 5378 ——
1117 5337 1213 5390 Hic
1240 5350 1449 5405 quoque
1475 5336 1784 5391 consideres

204 5429 357 5482 velim
384 5441 699 5497 gent-rosam
727 5426 979 5493 animam,
1009 5427 1131 5496 igne
1155 5425 1512 5481 ardentiorem
1536 5434 1589 5480 et
1613 5427 1782 5481 acrio-

206 5531 331 5577 rem.
362 5519 590 5575 Volebat
611 5518 825 5590 quidem
855 5518 968 5588 ipse
993 5520 1204 5587 adesse,
1233 5517 1524 5574 Corinthiis
1553 5522 1783 5573 maxime

206 5610 277 5663 sic
301 5606 686 5680 egrotantihus
718 5618 775 5666 et
810 5608 1073 5665 seditione
1114 5612 1343 5681 agitatis.
1376 5611 1549 5667 Probe
1580 5611 1781 5665 sciebat

211 5701 337 5757 enim
361 5742 375 5766 ,
404 5717 567 5766 quam
595 5701 878 5774 prodesset
920 5699 1197 5774 discipulis
1244 5706 1527 5775 praesentia
1561 5720 1655 5761 sua
1680 5747 1695 5774 ,
1726 5712 1780 5760 et

1896 5077 2150 5134 quantum
2182 5067 2397 5123 obesset
2421 5069 2681 5125 absentia.
2720 5072 2785 5126 Et
2818 5073 2945 5128 illud
2977 5075 3189 5145 quidem
3231 5078 3481 5135 indicavit

1897 5157 1947 5210 in
1984 5158 2219 5228 Epistola
2248 5159 2310 5213 ad
2344 5160 2713 5231 Philippi-uses
2734 5204 2749 5230 ,
2778 5164 2962 5221 dicens
2986 5209 3000 5231 ,
3034 5167 3153 5222 Non
3182 5182 3236 5222 ut
3262 5172 3314 5223 in
3342 5188 3476 5238 prir-

1894 5250 2054 5300 scntia
2099 5265 2208 5301 mea
2255 5258 2449 5303 tantum
2471 5293 2487 5318 ,
2520 5252 2607 5305 sed
2638 5255 2793 5308 multo
2824 5257 2986 5327 magis
3027 5275 3160 5311 nunc
3187 5276 3383 5328 quoque
3426 5262 3477 5313 in

1893 5339 2115 5391 absentia
2145 5357 2253 5393 mea
2280 5382 2293 5400 ,
2336 5359 2447 5394 cum
2478 5352 2655 5396 timore
2696 5355 2743 5398 et
2771 5356 2983 5401 tretnore
3022 5350 3232 5403 salutem
3260 5362 3473 5405 restrain

1892 5432 2166 5498 operamini
2216 5430 2475 5503 (Philipp.
2518 5434 2571 5488 9..
2606 5434 2701 5505 li)
2732 5454 2743 5491 :
2776 5436 2877 5493 hoc
2918 5448 3094 5493 autent
3134 5443 3375 5497 ostendit
3418 5446 3467 5497 in

1892 5518 1989 5572 hac
2019 5520 2243 5588 epistola
2271 5521 2454 5577 dicens
2479 5541 2492 5577 :
2529 5524 2613 5578 18.
2661 5524 2938 5596 Tamquam
2980 5545 3080 5583 non
3110 5542 3345 5586 venturus
3374 5535 3467 5585 sim

1888 5611 1956 5661 ad
1973 5612 2266 5681 vos,inﬂati
2300 5624 2415 5669 sunt
2439 5617 2687 5684 quidam;
2718 5617 2797 5673 19.
2832 5622 3029 5673 veniam
3068 5634 3254 5678 autern.
3300 5624 3467 5679 Festi~

1890 5703 2049 5759 nabat
2086 5706 2264 5777 itaque
2309 5716 2364 5765 et
2388 5710 2634 5779 cupiebat
2675 5710 2788 5782 ipse
2815 5712 3047 5781 adesse;
3084 5715 3179 5771 sed
3217 5719 3337 5791 quia
3366 5718 3471 5782 hoc
