3986 6206
521 368 619 431 115

521 485 760 541 nondum
790 483 1017 546 licebat,
1047 478 1404 551 primissiotte
1427 478 1689 532 adventus
1715 476 1798 530 sui
1839 474 1959 528 illus
1984 487 2108 526 cor-

520 578 689 648 rigit:
746 590 921 646 neque
963 572 1492 634 boctautumsuodu,
1531 567 1626 624 sed
1650 568 1811 621 etiam
1852 564 2109 620 missione

517 665 783 736 itiscijmli.
834 665 963 719 Ideo
1004 677 1238 733 natoque
1259 703 1276 725 ,
1324 658 1535 730 inquit.
1564 657 1678 711 misi
1705 656 1776 709 ed
1799 670 1888 709 eos
1934 652 2111 708 Timo-

517 757 712 812 theum.
732 754 862 812 Ideo
888 772 909 810 :
928 754 1131 826 quare?
1154 752 1289 821 Quia
1319 759 1555 805 vestrum
1578 758 1637 801 ut
1666 747 1896 801 filiorum
1920 756 2107 798 curam

519 861 648 917 gero
664 883 686 915 ,
716 855 776 901 ut
801 845 895 916 qui
930 858 1029 899 vos
1053 841 1353 915 genuerint.
1381 839 1595 895 Etcum
1640 833 2109 891 commendatione

521 950 769 1009 pet-sonte
799 943 884 991 est
905 932 1135 1004 epistola
1160 950 1175 987 :
1209 931 1311 1000 Qui
1337 938 1412 985 est
1433 929 1587 999 ﬁlius
1614 944 1753 982 ineas
1778 925 1991 980 dilectus
2010 964 2027 988 ,
2059 932 2108 976 et

520 1027 690 1100 ﬁdelis
716 1029 774 1081 its
810 1025 1029 1079 Domino
1052 1063 1068 1078 .
1109 1023 1222 1081 lloc
1248 1031 1430 1078 autem
1453 1019 1619 1085 dixit,
1663 1027 1723 1074 et
1764 1027 1824 1072 ut
1867 1029 2108 1070 amorem

524 1136 685 1176 suum
710 1116 962 1174 ostendat
984 1157 999 1179 ,
1028 1126 1086 1173 et
1113 1125 1171 1171 ut
1205 1116 1330 1171 illos
1356 1118 1621 1183 pra-paret
1646 1107 1713 1163 ad
1758 1107 1908 1162 illum
1950 1118 2109 1159 rese-

523 1220 706 1269 renter
727 1211 1036 1268 videndum.
1074 1209 1260 1279 Neque
1301 1214 1509 1261 tantum
1539 1201 1754 1259 ﬁdelem
1776 1201 1909 1255 dicit
1931 1239 1948 1262 ,
1975 1195 2071 1249 sed
2092 1234 2108 1256 .

522 1304 591 1360 In
616 1305 865 1369 Domine;
891 1304 942 1362 id
963 1312 1068 1371 est,
1090 1303 1151 1357 in
1178 1301 1341 1357 rebus
1361 1313 1480 1370 qua:
1504 1293 1798 1352 secundum
1828 1288 2111 1343 Dominum

522 1404 668 1453 sunt.
694 1395 848 1463 Quid
877 1394 923 1449 si
966 1394 1021 1450 in
1046 1390 1392 1448 saecularibus
1420 1388 1582 1443 rebus
1609 1383 1820 1438 iidelent
1847 1392 1969 1435 esse
1997 1378 2112 1429 laus

521 1496 640 1553 est,
670 1487 841 1541 multo
883 1485 1053 1553 ntagis
1097 1483 1149 1537 in
1191 1478 1576 1552 spiritualibos.
1624 1474 1683 1538 Si
1727 1485 1859 1541 ergo
1883 1469 2112 1522 dilectus

521 1578 643 1646 ejus
669 1577 808 1632 filius
832 1576 922 1639 sit,
944 1574 1117 1642 cogita
1141 1582 1373 1643 quantus
1398 1570 1469 1625 sit
1492 1582 1645 1620 amor
1668 1562 1811 1617 Pauli
1844 1563 1895 1614 in
1916 1558 2111 1613 Corin-

523 1667 689 1733 thios,
716 1680 943 1737 quorum
969 1666 1137 1735 gratia
1171 1663 1241 1714 ab
1265 1661 1358 1715 illo
1379 1658 1604 1713 voluerit
1635 1654 1896 1725 separari.
1924 1652 1979 1707 Si
2004 1664 2105 1704 au-

526 1769 635 1814 tem
664 1756 837 1812 iidelis
872 1756 979 1819 sit,
1010 1755 1278 1822 inculpate
1314 1766 1402 1808 res
1434 1746 1852 1805 administrabit.
1889 1743 1991 1810 Qui
2025 1757 2113 1796 eos

524 1848 960 1914 eommonefaeiet.
991 1846 1107 1901 Non
1133 1845 1298 1910 dicit,
1333 1841 1557 1896 Docebit
1578 1881 1594 1899 .
1625 1853 1694 1893 ne
1741 1837 1795 1890 id
1834 1849 1978 1904 a-gre
2007 1832 2116 1887 fer-

526 1918 685 2005 rcnt,
721 1950 779 1993 ut
805 1937 895 2009 qui
934 1938 1003 1991 ab
1051 1934 1484 2005 ipsodist-erent.
1523 1930 1755 1998 Ideoque
1786 1927 1840 1980 in
1868 1926 1972 1978 line
1992 1924 2112 1977 ait:

531 2032 673 2101 Opus
702 2032 832 2085 enim
867 2028 963 2083 Dei
990 2037 1231 2099 operatur
1258 2026 1389 2078 sicut
1410 2034 1458 2077 et
1482 2038 1575 2093 ego
1601 2022 1676 2090 (l.
1706 2019 1826 2073 Cor.
1863 2016 1950 2070 l6.
1979 2017 2068 2081 l0)
2097 2029 2111 2067 :

527 2140 598 2181 ne
620 2125 740 2194 quis
768 2138 899 2193 ergo
930 2122 1079 2175 illum
1110 2117 1391 2189 despiciat.
1425 2114 1574 2170 Nulla
1603 2111 1745 2171 enim
1773 2111 1826 2165 in
1853 2106 2117 2178 apostolis

526 2225 643 2270 erat
671 2212 899 2278 insidia,
934 2211 1025 2266 sed
1051 2225 1215 2266 unum
1254 2208 1603 2279 spectabant,
1635 2216 1827 2270 nemlm
1861 2194 2117 2253 Ecclesize

528 2304 934 2359 :t'dilicationem
973 2321 987 2355 :
1014 2311 1068 2355 et
1108 2302 1152 2353 si
1201 2299 1376 2352 minor
1399 2304 1518 2351 erat
1557 2294 1602 2348 is
1628 2291 1717 2362 qui
1750 2290 2075 2360 operabatur
2097 2326 2114 2350 ,

528 2411 649 2450 cum
679 2393 825 2448 onnti
871 2393 1049 2447 studio
1081 2391 1331 2444 fovebant
1378 2388 1526 2442 illum
1572 2394 1628 2439 et
1663 2384 1941 2453 juvahaul.
1974 2381 2119 2447 Qua-

532 2497 751 2555 propter
778 2500 883 2539 non
915 2485 1046 2539 satis
1074 2481 1260 2538 habuit
1282 2478 1464 2535 dicere
1483 2518 1498 2541 ,
1526 2473 1953 2543 Commonefnciet
1975 2490 1993 2534 ,'
2019 2469 2116 2524 sed

535 2578 745 2632 illorum
787 2576 1039 2631 invidiam
1089 2573 1260 2641 magis
1315 2567 1631 2624 abscindere
1680 2568 1869 2619 volens
1919 2563 2111 2633 (im-eo

536 2670 619 2723 nis
652 2682 881 2737 namque
921 2675 1036 2720 erat
1077 2661 1421 2732 Timotheus)
1447 2678 1462 2715 :
1490 2660 1609 2714 ideo
1648 2656 1961 2724 subjunxit,
2000 2651 2123 2709 Viae

535 2778 695 2817 meas.
749 2759 866 2815 Non
920 2756 1226 2819 suas,sed,
1278 2754 1456 2819 Meas;
1497 2752 1550 2807 id
1603 2760 1708 2813 est,
1752 2746 2114 2809 a,-conomias,

534 2853 798 2925 pericula,
845 2866 1046 2914 mores,
1105 2850 1270 2920 leges,
1316 2853 1534 2912 statuta,
1585 2858 1822 2900 cuttones
1863 2841 2123 2912 apostoli-

532 2958 627 2999 eos
679 2952 735 2997 et
782 2941 882 2995 alia
930 2942 1130 2994 omnia.
1161 2937 1291 3005 Quin
1324 2936 1467 2991 enim
1517 2936 1690 2998 dixit,
1750 2932 1896 2987 Nudi
1948 2948 2122 3005 sumus

539 3043 586 3087 et
623 3032 853 3103 eolnphis
906 3032 1146 3086 ca'dimnr
1197 3042 1243 3085 et
1301 3030 1563 3083 instabiles
1607 3044 1782 3081 sumus
1813 3041 1830 3078 .°
1860 3035 1914 3078 et
1960 3025 2074 3078 inec
2103 3062 2120 3088 ,

537 3126 739 3196 inquit,
776 3126 952 3179 omnia
988 3139 1081 3176 vos
1107 3113 1554 3182 commonefaciet
1603 3128 1658 3173 et
1704 3119 1849 3189 leges
1898 3117 2121 3181 Christi,

540 3226 598 3271 ut
618 3215 1062 3270 husrcsesdeleat.
1096 3212 1297 3267 Deinde
1321 3213 1592 3281 superiora
1624 3220 1875 3279 repetens
1895 3208 2125 3276 subjun-

540 3307 657 3375 git,
715 3306 844 3370 ρυω
893 3315 1006 3358 sunt
1059 3305 1112 3356 in
1160 3302 1359 3358 Christo
1415 3322 1433 3358 :
1485 3302 1665 3356 omnia
1718 3301 1791 3354 uti
1832 3300 1970 3352 solet
2026 3299 2129 3350 lio-

544 3403 689 3454 mino
719 3400 979 3464 referens,
1003 3408 1058 3451 et
1088 3398 1191 3452 iide
1212 3397 1371 3473 digna
1397 3396 1672 3466 sequentia
1699 3393 1929 3449 reddens
1956 3410 1969 3446 :
1994 3408 2127 3462 qua-

547 3508 609 3548 re
660 3493 838 3546 subdit
881 3510 895 3546 :
952 3492 1097 3547 Sicut
1149 3490 1331 3561 ubique
1381 3490 1433 3542 in
1487 3489 1626 3542 omni
1677 3485 1908 3542 Ecclesia
1952 3486 2124 3536 doceo.

543 3583 688 3639 N.hil
716 3584 855 3651 apud
886 3596 978 3635 ros
1010 3580 1131 3633 novi
1161 3579 1270 3633 dixi
1302 3599 1315 3633 :
1349 3578 1538 3632 hormn
1584 3575 1713 3629 mihi
1749 3572 1980 3628 conscia:
2006 3580 2130 3624 sunt

547 3677 764 3747 reliquae
793 3688 982 3727 omnes
1015 3670 1290 3726 Ecclesia}.
1325 3669 1449 3721 \‘ias
1474 3676 1651 3755 autem
1684 3667 1800 3721 illas
1830 3666 1883 3719 in
1914 3664 2132 3719 Christo

546 3766 697 3832 divit,
728 3764 1018 3820 ostendens
1044 3762 1161 3816 illas
1193 3758 1323 3813 nihil
1354 3757 1644 3813 humanum
1672 3756 1895 3823 habere,
1926 3764 2129 3812 etcum

551 3858 670 3927 ejus
693 3857 890 3909 auxilio
916 3870 975 3908 se
1018 3863 1165 3908 recte
1203 3852 1381 3906 omnia
1409 3866 1616 3919 gerere.
1639 3848 1926 3917 Postquam
1953 3857 2132 3900 autem

554 3953 669 4005 haec
693 3948 829 4003 dixit
852 3956 906 4001 et
936 3947 1054 3998 illos
1084 3944 1290 3997 curavit
1313 3959 1328 4005 ;
1360 3953 1712 4011 aggressurus
1737 3936 2133 3990 accusationem

555 4040 917 4100 foruicutoris,
950 4049 1136 4090 rursus
1166 4034 1242 4086 ira
1272 4032 1457 4101 plenos
1482 4040 1759 4084 sermones
1784 4025 1999 4090 emittit,
2029 4038 2134 4078 non

554 4132 695 4199 quod
722 4130 811 4185 ille
840 4130 908 4182 ita
956 4124 1178 4181 alfectus
1217 4130 1381 4183 esset.
1412 4119 1507 4176 sed
1536 4128 1595 4173 ut
1634 4118 1755 4173 illos
1787 4116 2053 4188 corrigat;
2082 4124 2138 4171 et

556 4227 878 4279 fornicatore
908 4219 1151 4281 dimisso,
1180 4215 1315 4270 alios
1343 4212 1651 4284 alloquitur,
1686 4226 1753 4267 ne
1779 4212 1892 4267 suis
1920 4209 2137 4282 quidem

554 4316 731 4369 verbis
756 4313 973 4382 dignum
1006 4309 1153 4364 illmn
1188 4307 1435 4376 judicans
1463 4322 1477 4359 ε
1506 4304 1649 4373 quod
1680 4318 1803 4373 erga
1834 4317 2021 4357 servos
2046 4301 2135 4372 qui

556 4404 843 4459 admodum
872 4399 1210 4454 ode-tulerunt
1249 4396 1425 4449 facere
1452 4394 1707 4448 solemus.
1741 4394 1808 4446 Et
1834 4394 1954 4461 quia
1981 4392 2136 4457 dixit,

558 4492 898 4549 Tinmtheum
931 4490 1121 4551 mitto;
1152 4502 1221 4541 ne
1263 4485 1383 4539 ideo
1410 4484 1687 4553 scgnimes
1715 4482 1944 4536 eiadunt
1967 4523 1981 4545 ,
2019 4483 2141 4537 ride

556 4585 682 4658 quid
708 4584 851 4639 dicat
882 4600 896 4637 ι
931 4580 1231 4649 Tamquam.
1256 4592 1357 4630 non
1402 4586 1640 4629 venturus
1682 4574 1776 4627 sim
1821 4572 1891 4625 ad
1916 4588 2002 4625 vos
2022 4613 2037 4634 ,
2067 4572 2141 4625 sic

555 4676 724 4745 inﬂati
768 4683 883 4727 sunt
926 4670 1151 4739 quidam.
1196 4669 1289 4723 His
1314 4668 1455 4724 enim
1487 4679 1540 4722 ct
1570 4667 1690 4721 illos
1737 4664 2044 4735 perstringit
2088 4675 2144 4718 et

540 4768 694 4820 alios
719 4763 977 4834 quosdam
1005 4801 1020 4825 ,
1054 4760 1193 4813 altos
1224 4760 1435 4814 illorum
1465 4776 1655 4815 sensus
1701 4760 1997 4829 exagitans.
2049 4758 2143 4813 Est

562 4860 705 4909 enim
735 4854 937 4909 crimen
978 4848 1202 4919 appetiti
1230 4847 1555 4917 principatus
1577 4889 1595 4911 ,
1625 4846 1866 4905 absentia
1904 4848 2143 4904 doctoris

560 4948 627 5000 ad
658 4943 1012 5014 arrogantiam
1046 4941 1141 4997 uti.
1170 4942 1395 5007 Quando
1417 4941 1559 4995 enim
1590 4942 1798 5010 plebem
1829 4943 2140 5013 alloquitur,

566 5038 835 5112 perpende
862 5035 992 5091 mihi
1022 5034 1291 5105 quomodo
1310 5033 1375 5089 ad
1404 5034 1660 5107 pudorem
1690 5034 1901 5091 inducat
1930 5051 1945 5099 ;
1974 5048 2137 5102 quam

559 5132 631 5186 do
674 5139 851 5183 autem
883 5140 978 5182 eos
1019 5128 1106 5198 qui
1135 5126 1189 5183 in
1218 5140 1375 5181 causa
1409 5124 1533 5178 mali
1582 5134 1706 5180 sunt
1729 5166 1744 5189 ,
1774 5125 2142 5179 vehementius

562 5225 689 5291 agit.
741 5219 853 5274 Illis
895 5219 1037 5274 enim
1064 5219 1230 5281 dicit,
1264 5218 1503 5272 Omnium
1547 5218 1873 5290 peripsenm;
1917 5217 2144 5285 illosque

561 5298 771 5367 leniens
796 5307 962 5373 addit,
998 5307 1115 5361 Non
1146 5316 1199 5360 ιιι
1223 5307 1535 5381 confundant
1561 5321 1669 5371 vos,
1698 5306 1805 5361 lucc
1830 5308 1990 5361 scribo
2017 5322 2035 5361 :
2062 5305 2144 5359 his

557 5413 761 5463 autem,
792 5398 1073 5467 Tamquam
1098 5416 1196 5452 non
1221 5410 1458 5452 uenturus
1484 5398 1579 5451 sint
1610 5397 1677 5450 ad
1701 5413 1808 5463 vos,
1834 5400 2000 5468 inflnti
2028 5406 2147 5452 sunt

561 5497 807 5565 quidam;
837 5489 1127 5545 ostendens
1154 5490 1373 5559 puerilis
1410 5490 1572 5544 animi
1601 5505 1721 5544 e-se
1760 5492 2142 5560 arrogultlialtt.

566 5586 773 5641 Etenim
802 5584 952 5654 pueri
990 5580 1228 5636 absentia
1260 5582 1496 5651 magistri
1540 5584 1817 5653 segniores
1848 5582 2001 5638 ﬁunt.
2034 5582 2146 5636 lloc

562 5690 688 5745 ergo
712 5673 996 5737 indicatur,
1026 5683 1077 5727 et
1109 5670 1249 5742 quod
1277 5675 1558 5743 praesentia
1590 5676 1719 5729 svtis
1745 5672 1813 5727 sit
1841 5673 1904 5726 ad
1933 5688 2145 5729 correc-

559 5766 775 5823 tionem.

1231 359 1286 412 S.
1327 357 1444 412 1οᾹ
1456 358 1603 413 ΧΝΞΒ
1639 356 2116 415 (ῑιιιιῖεςοδτυιιι

2233 355 2476 413 lCillEP.
2517 356 2622 414 C03
2648 359 3051 417 STANTlNUP.

3692 366 3801 422 128

2286 472 2342 529 9.
2379 473 2842 541 Quemadmodum
2902 478 3046 530 enim
3102 478 3257 534 leone
3308 488 3572 550 put-serite
3618 479 3805 534 munia

2216 575 2489 621 terrentur
2512 567 2765 620 animalia
2795 585 2810 621 :
2838 568 2918 621 sic
2954 579 3222 637 pra-scuto
3258 568 3426 624 Paulo
3453 572 3806 641 pertimesco-

2215 655 2342 711 bant
2365 656 2402 712 ii
2428 658 2519 727 qui
2550 657 2842 713 Ecclesism
2867 658 3315 728 corrumpebant.
3344 660 3472 716 Ideo
3494 659 3797 733 subjmixit:

2216 747 2307 804 19.
2358 746 2570 802 Vettium
2596 757 2768 803 estetsi
2794 748 2896 802 cito
2916 748 2985 802 ad
3009 764 3098 803 eos
3126 790 3144 814 ,
3186 750 3231 803 si
3287 746 3543 805 Dominus
3564 751 3807 806 uelauit.

2215 836 2320 895 Sed
2361 837 2465 894 hoc
2492 838 2666 893 solum
2691 838 2874 895 dicere
2898 881 2913 905 ,
2939 839 3317 895 comminantis
3340 853 3463 895 esse
3488 840 3803 906 videbatur;

2215 945 2438 999 operum
2466 940 2644 985 autem
2669 928 3181 986 demonstrationem
3204 939 3259 985 et
3285 932 3460 1001 ipsum
3486 933 3809 1002 promittere

2214 1030 2269 1075 et
2294 1021 2363 1075 ab
2390 1020 2496 1076 illis
2520 1023 2760 1092 exigere,
2790 1020 2893 1077 hoc
2916 1022 3092 1093 magni
3120 1032 3170 1077 et
3201 1021 3447 1091 sublimis
3466 1032 3584 1076 erat
3613 1022 3803 1077 animi.

2214 1111 2575 1180 Quamobrem
2610 1123 2665 1168 et
2693 1111 2794 1168 hoc
2820 1113 3114 1183 subjunxit,
3136 1113 3322 1170 dicens
3348 1131 3364 1165 τ
3393 1112 3460 1168 Et
3478 1128 3805 1184 cognoscam,

2216 1221 2317 1259 non
2366 1222 2644 1260 sermonem
2668 1222 2844 1260 eorum
2889 1207 2975 1275 qui
3014 1207 3181 1277 inﬂati
3224 1216 3342 1262 sunt
3369 1248 3389 1275 ,
3419 1206 3509 1262 sed
3548 1208 3807 1265 eiusa-Is

2215 1294 2335 1350 Non
2358 1296 2501 1351 enim
2531 1312 2595 1351 ex
2625 1297 2858 1367 propriis
2886 1307 3032 1354 recte
3072 1298 3225 1355 factis
3253 1339 3271 1365 ,
3297 1297 3395 1353 sed
3439 1312 3507 1353 ex
3565 1296 3808 1353 doctoeis

2215 1386 2456 1441 absentia
2473 1385 2691 1442 suborta
2716 1396 2832 1442 erat
2850 1387 3153 1460 arrogantia
3186 1406 3201 1443 :
3227 1388 3369 1458 quod
3392 1389 3566 1460 ipsum
3588 1402 3808 1457 quoque

2217 1477 2379 1530 animi
2408 1487 2526 1532 erat
2548 1477 2913 1549 despicientis.
2959 1480 3084 1536 Ideo
3108 1495 3230 1535 cum
3251 1480 3475 1537 dixisset
3500 1524 3516 1547 ,
3547 1481 3670 1535 Nisi
3712 1477 3801 1533 τι.

2219 1569 2473 1623 mathesim
2491 1610 2509 1635 ,
2538 1587 2643 1625 non
2670 1572 2851 1626 statim
2878 1571 3014 1627 dixit
3038 1613 3057 1639 ,
3087 1572 3310 1628 Veniam
3335 1615 3354 1639 ,
3380 1574 3475 1629 sed
3499 1590 3624 1630 cum
3653 1573 3807 1644 prius

2219 1659 2366 1728 ipsos
2391 1670 2702 1716 accusasset
2726 1661 2867 1731 quod
2888 1662 3053 1717 inﬂati
3069 1673 3272 1731 essem,
3291 1673 3419 1719 tunc
3439 1664 3536 1730 ait,
3571 1662 3803 1717 Veniant.

2218 1750 2351 1806 Nam
2381 1752 2428 1806 si
2458 1762 2583 1807 ante
2608 1752 3009 1807 accusationem
3038 1753 3170 1808 illud
3195 1756 3465 1825 posuisset
3483 1796 3499 1822 ,
3525 1756 3807 1810 excusatio

2221 1846 2399 1916 potius
2424 1846 2535 1900 visa
2561 1846 2770 1912 inisset,
2803 1856 2861 1901 ut
2884 1847 2974 1917 qui
3006 1863 3114 1903 non
3136 1847 3417 1917 defuisset,
3446 1859 3502 1906 et.
3525 1865 3633 1905 non
3655 1866 3812 1905 com-

2220 1937 2446 1993 minatio
2472 1978 2488 2004 ,
2520 1952 2622 1993 nec
2647 1938 2921 1995 credibilis
2969 1954 3153 1995 sermo
3190 1938 3379 1996 fuisset
3406 1958 3425 2006 ;
3452 1956 3601 1997 nunc
3625 1951 3806 1997 autem

2220 2037 2344 2100 post
2366 2028 2763 2085 accusationem
2781 2030 3013 2100 positum
3038 2029 3263 2098 dictum,
3285 2040 3342 2087 et
3368 2030 3476 2088 ﬁde
3499 2030 3722 2103 dignum
3752 2041 3811 2087 et

2223 2119 2521 2175 terribilem
2545 2119 2799 2176 reddidit.
2825 2121 2892 2177 Et
2915 2121 3039 2178 vide
3066 2122 3187 2193 ejus
3215 2124 3519 2179 firmitatem
3544 2124 3809 2178 securita-

2224 2219 2459 2280 temque.
2483 2210 2598 2265 Non
2621 2212 2763 2265 enim
2789 2212 3107 2281 simpliciter
3132 2212 3288 2277 dixit,
3332 2212 3561 2278 Veniant,
3584 2214 3678 2269 scd
3698 2257 3714 2280 ,
3747 2216 3810 2269 Si

2225 2300 2472 2357 Dominus
2492 2302 2741 2366 voluerit;
2770 2318 2869 2359 nec
2891 2313 3104 2372 tempus
3119 2303 3464 2359 constitutum
3482 2306 3653 2373 punit.
3670 2307 3807 2371 Quia

2222 2395 2366 2449 enim
2394 2394 2620 2463 contigit
2644 2410 2767 2449 cum
2806 2394 3010 2449 tardius
3035 2394 3297 2450 accedere
3318 2436 3333 2459 ,
3361 2410 3427 2449 ex
3457 2396 3664 2450 incerto
3691 2396 3810 2449 vult

2223 2485 2346 2539 illos
2367 2484 2557 2539 dubios
2583 2486 2745 2540 animi
2797 2494 2853 2540 et
2894 2500 3189 2555 suspensos
3219 2496 3425 2541 tenere.
3461 2488 3527 2541 Et
3573 2504 3640 2541 ne
3679 2503 3807 2557 pro-

2225 2587 2407 2647 pterca
2433 2592 2615 2631 rursus
2640 2577 2926 2631 concidant
2943 2577 3177 2641 ,addidit
3197 2620 3211 2641 ,
3231 2577 3359 2633 Cito.
3394 2577 3459 2632 Et
3486 2595 3807 2650 cognoscam,

2224 2684 2326 2721 non
2355 2684 2633 2722 sermonem
2663 2684 2834 2721 eorum
2853 2668 3121 2739 quiinﬂati
3145 2678 3281 2734 sunt,
3306 2669 3394 2723 sed
3422 2670 3671 2723 uirtutem.
3691 2670 3751 2723 Νι
3775 2688 3809 2724 ιι

2225 2757 2378 2822 dixit,
2402 2756 2731 2829 Cognoscum
2760 2759 3097 2827 sapientium,
3128 2774 3300 2830 neque
3322 2760 3503 2829 signa;
3532 2761 3625 2815 sed
3656 2760 3811 2828 quid?

2227 2847 2350 2903 Non
2376 2865 2705 2916 sermonem,-
2732 2859 2787 2903 et
2815 2848 2945 2905 illud
2973 2849 3184 2919 prolato
3214 2850 3431 2906 nomine
3451 2850 3762 2919 deprimens
3793 2893 3809 2914 ,

2225 2951 2282 2997 et
2308 2940 2411 2994 hoc
2435 2941 2720 2996 extollens.
2753 2941 2817 2995 Et
2846 2941 3058 2996 interim
3089 2955 3395 2997 sermonem
3416 2941 3589 3011 dirigit
3609 2942 3673 2995 ad
3690 2957 3807 3003 eos,

2227 3032 2319 3101 qui
2350 3032 2725 3087 iornicalorem
2755 3030 3024 3087 fovebant.
3045 3031 3177 3087 Nam
3194 3033 3238 3086 si
3260 3032 3409 3086 illum
3426 3032 3811 3101 alloqueretur,

2231 3138 2334 3178 non
2361 3123 2563 3177 diceret
2590 3124 2857 3189 virtutem,
2881 3123 2975 3177 sed
2997 3137 3180 3193 Opera,
3199 3139 3321 3192 qnze
3354 3133 3605 3192 corrupta
3631 3133 3809 3179 erunt.

2231 3214 2299 3267 Et
2349 3230 2446 3268 cur
2490 3228 2595 3269 non
2645 3214 2844 3282 quzeris
2891 3212 3386 3269 sermonemlﬁon
3426 3215 3569 3283 quod
3625 3214 3810 3268 verbis

2230 3321 2437 3375 egeam.
2466 3304 2560 3360 sed
2583 3308 2704 3375 quia
2730 3305 2783 3359 in
2814 3306 3013 3360 virtute
3040 3321 3127 3361 res
3159 3316 3357 3360 nostra:
3385 3307 3706 3361 consistunt.
3743 3307 3817 3362 lI-t

2234 3399 2392 3467 igitur
2414 3398 2467 3452 in
2494 3398 2634 3452 bello
2663 3414 2767 3451 non
2797 3397 2964 3451 multa
2988 3397 3322 3467 loquentium
3348 3439 3365 3463 ,
3396 3397 3490 3451 sed
3524 3399 3686 3452 multa
3719 3415 3815 3465 pa-

2234 3489 2485 3541 tmntium
2509 3497 2634 3542 sunt
2661 3488 2913 3557 puni-Iura
2942 3496 3091 3556 gesta
3120 3505 3135 3539 :
3162 3487 3231 3541 ita
3264 3487 3350 3541 hic
3369 3502 3583 3557 quoque
3613 3504 3717 3541 non
3738 3489 3821 3543 lo-

2235 3579 2511 3646 quentium
2544 3620 2559 3642 ,
2589 3577 2682 3630 sed
2709 3577 3049 3647 operantium
3078 3586 3155 3630 est
3189 3578 3432 3632 victoria.
3464 3580 3643 3631 Altum
3673 3580 3824 3647 sapis

2237 3671 2307 3724 ub
2347 3669 2646 3722 facundiam
2680 3711 2695 3734 ,
2729 3669 2931 3738 inquit;
2982 3667 3082 3722 sed
3118 3669 3161 3723 si
3221 3671 3495 3723 rhetorum
3533 3678 3810 3723 certamen

2236 3772 2381 3818 esset
2410 3771 2465 3817 et
2493 3772 2703 3831 tempus
2736 3802 2752 3828 ,
2796 3770 2941 3816 recte
2983 3760 3104 3816 ideo
3130 3761 3226 3815 tibi
3255 3761 3495 3828 placeres
3519 3776 3535 3824 ;
3566 3759 3611 3813 si
3640 3772 3823 3812 autem

2237 3854 2615 3925 apostolorum
2634 3854 2916 3907 veritatem
2958 3852 3393 3906 annuntiantium
3419 3889 3436 3913 ,
3471 3860 3527 3902 et
3568 3850 3712 3901 illam
3744 3849 3826 3901 si-

2240 3941 2357 4006 gnis
2380 3939 2811 3993 confirmantium
2846 3980 2862 4004 ,
2909 3940 3038 4007 quid
3088 3939 3291 3991 inﬂaris
3318 3938 3388 3992 de
3416 3953 3475 3992 re
3504 3937 3774 4007 superﬂua
3807 3980 3826 4003 ,

2240 4045 2360 4100 qua:
2389 4030 2519 4083 nihil
2546 4039 2647 4093 est,
2674 4038 2730 4083 et
2752 4029 2815 4083 ad
2846 4030 3134 4099 praesentia
3164 4028 3293 4083 nihil
3323 4027 3576 4084 conferre
3607 4029 3778 4098 possit
3801 4029 3829 4083 ?

2240 4121 2376 4188 Quid
2420 4122 2562 4177 enim
2600 4122 2887 4176 verborum
2919 4123 3212 4178 ostentatio
3241 4128 3424 4190 posset
3449 4120 3517 4176 ad
3548 4128 3825 4174 mortuum

2242 4213 2608 4269 suscitandum
2638 4254 2656 4278 ,
2699 4223 2792 4268 aut
2840 4212 3117 4269 daemones
3157 4210 3437 4283 pellendos
3473 4252 3489 4278 ,
3535 4222 3625 4269 aut
3675 4210 3823 4266 aliud

2247 4307 2533 4379 quodpiam
2559 4308 2871 4362 miraculum
2903 4307 3239 4378 patrandum.
3269 4306 3361 4361 llis
3386 4321 3527 4361 nunc
3553 4321 3687 4373 opus
3715 4315 3826 4373 est,

2242 4410 2299 4454 et
2353 4416 2447 4469 per
2484 4400 2617 4455 lucc
2668 4415 2755 4455 res
2807 4410 3002 4454 nostra:
3051 4400 3372 4453 consistunt.
3422 4399 3648 4467 Ideoque
3693 4397 3832 4451 sub-

2241 4489 2415 4557 junxit
2443 4509 2455 4543 :
2480 4489 2570 4543 20.
2603 4488 2725 4542 Non
2754 4491 2888 4543 enim
2917 4490 2971 4541 in
2999 4505 3228 4542 sermone
3252 4499 3326 4541 est
3353 4506 3563 4557 regnum
3592 4489 3703 4550 Dei,
3738 4488 3833 4541 sed

2246 4579 2298 4631 in
2329 4579 2527 4633 virtute.
2560 4579 2661 4632 Per
2688 4580 2861 4645 signa,
2888 4578 3079 4646 inquit,
3109 4592 3213 4629 non
3238 4591 3336 4645 per
3361 4577 3661 4631 facundiam
3686 4569 3829 4630 vici-

2248 4684 2366 4721 ntus
2388 4706 2403 4729 ,
2434 4678 2487 4721 et
2513 4667 2653 4735 quod
2684 4668 2861 4721 divina
2890 4667 2963 4720 sit
2989 4664 3233 4719 doctrina
3276 4674 3459 4719 nostra
3480 4704 3497 4728 ,
3523 4672 3579 4719 et
3604 4670 3833 4733 regnum

2246 4759 2499 4813 cnrlorum
2528 4760 2906 4813 annuntiemns
2927 4800 2943 4826 ,
2975 4758 3266 4811 maximum
3292 4763 3664 4825 argumentum
3692 4771 3836 4823 prmo

2249 4849 2481 4912 lmimus,
2512 4850 2660 4919 signa
2685 4865 2898 4920 nempe,
2927 4864 3046 4919 quae
3073 4864 3172 4920 per
3198 4847 3450 4901 virtutem
3481 4844 3714 4915 Spiritus
3745 4847 3829 4900 fa-

2248 4941 2440 4996 cimus.
2467 4941 2520 4995 Si
2566 4956 2695 5013 ergo
2727 4941 2903 5010 magni
2935 4940 3150 5012 quidam
3177 4938 3275 4991 viri
3310 4951 3433 4992 esse
3460 4937 3646 4993 volunt
3671 4937 3705 4993 ii
3736 4943 3833 5008 qui

2252 5047 2393 5086 nunc
2420 5041 2545 5086 sunt
2572 5032 2761 5093 inﬂati.
2790 5047 2911 5086 cum
2940 5031 3231 5095 advenero,
3252 5027 3538 5085 ostendant
3555 5072 3571 5093 ,
3602 5030 3647 5084 si
3667 5046 3833 5104 quam

2252 5126 2412 5179 talem
2460 5126 2709 5179 virtutem
2762 5124 2995 5180 habeant
3025 5138 3041 5185 ;
3070 5134 3245 5191 neque
3292 5120 3578 5181 verborum
3635 5120 3834 5175 fastum

2253 5216 2383 5269 mibi
2416 5214 2712 5271 obtendant
2743 5233 2756 5270 :
2790 5229 2879 5269 ars
2908 5212 3052 5266 enim
3080 5210 3166 5265 illa
3188 5209 3320 5267 nihil
3346 5210 3412 5268 ad
3436 5226 3554 5266 nos.
3582 5210 3672 5269 21.
3696 5208 3842 5277 Quid

2252 5305 2401 5359 ruitis
2423 5305 2449 5358 .’
2473 5305 2523 5357 in
2548 5306 2687 5375 rirga
2714 5306 2909 5357 veniam
2937 5303 3006 5355 ad
3036 5319 3141 5367 vos,
3168 5318 3236 5354 un
3261 5302 3314 5356 in
3332 5303 3547 5357 caritate
3570 5312 3617 5357 et
3646 5300 3839 5370 spiritu

2252 5398 2654 5450 mansuetudinis
2682 5396 2706 5449 .9
2732 5395 2954 5451 Mullum
2986 5392 3204 5449 terroris
3231 5404 3286 5448 et
3327 5394 3550 5448 multum
3597 5391 3840 5446 lenitatis

2253 5486 2339 5541 hie
2366 5503 2543 5541 sermo
2572 5502 2678 5555 pra:
2705 5501 2764 5540 se
2793 5485 2914 5539 fert.
2952 5482 3138 5537 Dicere
3160 5486 3328 5550 enim,
3356 5484 3690 5551 Cognoscnm,
3710 5495 3843 5536 sese

2252 5578 2575 5633 continentis
2604 5586 2757 5637 erat;
2788 5576 2967 5629 dicere
2992 5584 3167 5628 autem
3194 5593 3208 5633 :
3233 5573 3372 5639 Quid
3404 5571 3594 5626 sultis?
3621 5571 3672 5622 in
3694 5571 3841 5640 rit-gn

2252 5670 2448 5723 veniam
2464 5670 2531 5721 ad
2553 5684 2636 5720 vos
2653 5669 2678 5721 .’
2702 5667 2819 5737 ejus
2844 5673 2926 5720 est
2946 5663 3036 5734 qui
3064 5665 3116 5719 in
3142 5663 3400 5719 doctrinae
3425 5661 3616 5716 solium
3642 5676 3841 5716 ascen-

2260 5765 2359 5828 dit,
2387 5775 2439 5820 et
2468 5764 2591 5819 inde
2618 5760 2833 5816 di8>0fil
2856 5800 2871 5828 ,
2906 5767 3174 5828 totamque
3196 5756 3564 5812 auctoritatem
3603 5754 3840 5823 accvpit.
