3986 6206
286 314 401 368 117

284 427 440 495 Quid
476 436 558 483 est
587 468 603 495 ,
632 424 699 480 In
722 426 909 496 virga?
939 423 988 478 id
1022 432 1103 477 est
1127 463 1140 485 .
1167 423 1222 477 in
1248 420 1597 492 castigatione
1627 460 1641 485 ,
1672 418 1723 472 in
1747 430 1869 484 sup-

285 520 461 587 p‘icio
492 535 508 583 ;
537 516 636 571 hoc
664 526 783 588 est,
820 516 894 570 De
918 513 1094 569 medio
1122 512 1300 567 tollam
1333 553 1349 577 ,
1378 508 1701 566 excaecabos:
1734 507 1876 578 quod

287 607 352 661 in
378 606 643 676 Sapphira
668 606 860 661 Petrus
890 604 1032 669 iecit,
1058 613 1109 658 et
1131 604 1246 671 ipse
1270 604 1319 656 in
1350 602 1533 673 Elyma
1565 612 1741 670 mago.
1764 596 1879 652 Non

286 699 443 751 enim
478 698 589 767 jam
618 697 787 761 dicit,
821 705 1089 764 tamquam
1128 710 1188 749 se
1229 708 1350 747 cum
1392 692 1501 746 illis
1539 705 1878 760 comparans,

285 787 389 843 sed
429 804 555 842 cum
602 788 942 843 auctoritate.
972 786 1038 840 Et
1062 787 1113 840 in
1142 784 1377 840 secunda
1414 784 1640 853 epistola
1672 782 1772 836 hoc
1802 782 1883 851 ip-

282 894 411 934 sum
442 880 623 934 dicere
651 878 1071 949 deprehenditur
1098 919 1113 940 ,
1157 892 1276 931 cum
1308 877 1384 929 ait
1412 892 1424 927 :
1451 874 1530 927 An
1570 873 1881 943 experimen-

285 981 397 1023 tum
423 970 645 1041 queritis
671 972 780 1039 ejus
804 1012 819 1037 ,
848 971 1011 1040 quiin
1031 986 1109 1022 me
1131 969 1389 1038 loquitur,
1413 965 1596 1020 Citriin
1621 966 1638 1032 (
1668 963 1722 1018 2.
1758 963 1876 1016 Cor.

288 1066 382 1119 l3.
415 1064 521 1134 5)?
548 1061 610 1117 lu
633 1065 773 1134 virga
797 1064 991 1116 veniam
1023 1103 1038 1128 ,
1068 1079 1132 1114 an
1159 1063 1210 1115 in
1239 1061 1447 1114 caritate
1472 1060 1496 1109 ?
1522 1056 1657 1125 Quid
1688 1057 1828 1111 enim
1861 1094 1876 1121 ,

284 1154 341 1209 in
374 1155 525 1223 virga
570 1155 752 1210 venire
783 1194 798 1215 ,
831 1168 1006 1207 annon
1038 1152 1275 1221 caritatis
1303 1150 1326 1203 ?
1370 1147 1617 1203 Caritatis
1661 1145 1876 1215 quidem

284 1255 437 1310 erat;
471 1244 565 1299 sed
601 1247 722 1315 quia
747 1245 835 1315 qui
866 1242 1035 1312 diligit
1067 1283 1083 1307 ,
1116 1242 1196 1295 vix
1228 1240 1294 1294 ad
1325 1254 1533 1309 [umnam
1563 1236 1875 1292 sumendam

282 1333 509 1389 ducitur
531 1376 546 1401 ,
575 1335 694 1390 ideo
715 1337 786 1389 ita
816 1335 1067 1403 loquitur.
1091 1332 1223 1387 Cum
1252 1345 1380 1399 ergo
1406 1331 1472 1384 de
1496 1322 1773 1398 supplicio
1790 1326 1874 1383 di-

283 1425 473 1487 cebat,
519 1440 623 1478 non
670 1423 822 1489 dixit,
879 1424 941 1476 Et
981 1421 1170 1491 Spiritu
1222 1418 1493 1483 lenitatis,
1543 1418 1656 1482 sed,
1700 1416 1872 1486 Virga.

282 1516 547 1583 Quamvis
573 1515 701 1570 illud
722 1529 933 1585 quoque
949 1512 1150 1583 Spiritu
1171 1511 1324 1567 ﬁeret
1346 1530 1359 1566 :
1384 1520 1466 1567 est
1486 1511 1626 1566 enim
1654 1508 1875 1580 Spiritus

283 1605 715 1660 mansuetudinis
743 1614 797 1659 et
818 1604 1035 1673 spiritus
1064 1602 1399 1667 severitatis;
1432 1616 1613 1656 verum
1634 1616 1738 1654 non
1763 1599 1873 1654 vult

284 1699 441 1753 illum
493 1698 605 1761 ita,
639 1698 732 1752 sed
790 1713 819 1751 a
871 1696 1268 1767 benignioribus
1316 1708 1528 1749 vocare.
1581 1692 1871 1761 Propterea

288 1791 433 1847 Deus
473 1806 685 1860 quoque
729 1790 936 1844 etiamsi
982 1789 1201 1859 puniat,
1231 1787 1379 1858 quod
1402 1788 1473 1840 sit
1517 1785 1824 1839 misericors
1852 1826 1868 1849 ,

280 1882 606 1952 ionganimis
623 1893 671 1937 et
697 1882 849 1936 dives
868 1882 917 1935 in
942 1879 1305 1935 misericordia
1330 1888 1380 1933 et
1413 1876 1867 1941 miserationibus,

279 1988 431 2045 sape
455 1975 687 2039 dicitur;
719 1972 862 2042 quod
883 1987 1013 2027 vero
1043 1972 1223 2041 puniat
1256 2012 1269 2036 ,
1302 1968 1469 2023 semel
1521 1978 1613 2022 aut
1649 1968 1730 2023 bis
1778 1978 1865 2023 aut

278 2076 435 2121 certe
467 2081 589 2119 raro
610 2107 624 2127 ,
651 2064 810 2133 idque
838 2071 1056 2131 urgente
1078 2076 1257 2115 causa.
1304 2060 1372 2113 Et
1401 2058 1522 2112 vide
1550 2060 1865 2128 sapientiam

280 2156 455 2209 Pauli.
502 2155 636 2208 Cum
666 2162 981 2223 potestatem
1012 2152 1230 2206 haberet
1263 2194 1275 2215 ,
1307 2151 1617 2205 alterutrius
1660 2150 1735 2203 rei
1774 2148 1867 2203 dat

283 2244 417 2312 ipsis
474 2246 745 2312 optionem
767 2286 781 2309 ,
810 2243 993 2298 dicens
1029 2261 1042 2297 :
1077 2242 1215 2309 Quid
1248 2242 1394 2296 vultis
1421 2242 1445 2295 .9
1470 2255 1556 2295 res
1584 2249 1665 2295 est
1690 2242 1862 2310 posita

277 2336 335 2389 in
366 2346 540 2391 vestra
570 2334 851 2405 potestate.
882 2336 1091 2391 Etenim
1117 2343 1172 2390 et
1202 2335 1301 2387 hoc
1322 2342 1375 2387 et
1393 2333 1516 2388 illud
1535 2341 1616 2387 est
1634 2334 1861 2402 positum

279 2428 342 2479 in
373 2438 555 2480 nostra
588 2435 855 2496 potestate
879 2468 892 2493 ,
926 2434 983 2480 ut
1012 2426 1095 2481 vel
1125 2425 1175 2480 in
1204 2425 1499 2494 gehennam
1525 2424 1817 2480 incidamus
1844 2466 1860 2491 ,

275 2517 365 2571 vel
396 2533 621 2586 regnum
648 2532 1041 2587 consequamur
1071 2536 1083 2570 :
1116 2518 1367 2587 quoniam
1402 2518 1540 2572 Deus
1571 2518 1648 2572 sic
1676 2517 1860 2571 voluit.

276 2606 412 2660 Ecce
432 2607 601 2669 enim,
636 2607 837 2675 inquit,
868 2610 1033 2677 ignem
1060 2616 1105 2660 et
1129 2624 1313 2677 aquam
1346 2624 1363 2659 :
1391 2608 1460 2660 ad
1486 2608 1623 2675 quod
1647 2610 1862 2661 volueris

272 2696 517 2751 extendes
542 2713 747 2749 martum
774 2706 913 2749 tuam
934 2694 1119 2766 (Eocli.
1146 2696 1229 2751 15.
1261 2697 1347 2750 16.
1375 2714 1426 2748 m
1454 2694 1675 2767 Graec);
1703 2706 1779 2762 et,
1802 2696 1863 2751 Si

273 2788 537 2842 volueritis
564 2829 578 2853 ,
610 2797 656 2841 et
697 2804 777 2841 me
820 2787 1083 2842 audieritis
1115 2827 1128 2851 ,
1182 2789 1311 2840 bona
1345 2796 1492 2841 teme
1548 2788 1813 2841 comedetis
1842 2788 1875 2858 ⁸,

273 2882 431 2951 (ιιαῑ.
467 2884 518 2935 i.
553 2879 664 2953 l9).

350 2974 399 3028 3.
440 2972 669 3044 Regnum
718 2971 956 3026 calorum
998 2972 1248 3042 quomodo
1293 2971 1672 3041 (requirendum.
1700 3000 1768 3011 —~
1795 2972 1863 3025 At

276 3066 511 3121 fortasse
534 3065 672 3119 dicet
694 3064 980 3135 quispiam,
1002 3061 1157 3118 Volo.
1191 3063 1255 3117 Et
1278 3076 1441 3118 nemo
1469 3064 1540 3117 ita
1563 3064 1755 3117 stultus
1778 3072 1859 3117 est

275 3168 333 3213 ut
362 3158 494 3211 nolit
532 3199 545 3220 ,
574 3156 668 3212 sed
697 3171 801 3211 non
825 3156 1018 3211 sufficit
1045 3156 1172 3210 mihi
1198 3156 1355 3211 velle.
1392 3156 1684 3210 Enimvero
1709 3155 1857 3209 suffi-

273 3248 370 3314 cit,
396 3249 440 3301 si
468 3246 603 3300 velis
626 3256 682 3298 ut
706 3253 937 3315 Oportet,
964 3253 1019 3299 et
1044 3261 1104 3300 ea
1135 3245 1297 3299 facias
1324 3259 1441 3313 quae
1462 3245 1689 3299 volentis
1710 3252 1855 3298 sunt:

276 3352 420 3391 nunc
450 3344 625 3389 autem
657 3351 759 3389 non
789 3334 1073 3390 admodum
1103 3336 1200 3391 vis.
1234 3335 1299 3389 Et
1325 3335 1425 3389 hoc
1451 3335 1501 3388 in
1531 3334 1649 3388 aliis
1676 3334 1858 3405 explo-

274 3444 461 3483 remus
492 3467 506 3491 ,
540 3428 583 3481 si
615 3428 805 3497 placet.
844 3426 938 3481 Dic
969 3427 1109 3481 enim
1138 3418 1267 3481 milii
1303 3468 1316 3490 ,
1362 3427 1451 3496 qui
1481 3426 1594 3479 vult
1638 3440 1857 3480 uxorem

274 3520 476 3574 ducere
510 3560 523 3581 ,
568 3519 766 3573 satisne
798 3517 958 3572 habet
997 3518 1137 3587 quod
1167 3518 1331 3572 velit?
1356 3517 1696 3587 Nequaquam
1723 3534 1737 3581 ;
1766 3515 1858 3570 sed

276 3613 441 3665 etiam
464 3609 730 3678 promtbus
756 3609 946 3677 quaerit
973 3647 990 3673 ,
1020 3617 1075 3662 et
1101 3610 1301 3662 amicos
1333 3621 1486 3677 rogat
1513 3622 1693 3661 secum
1722 3607 1857 3678 vigi-

275 3700 387 3755 lent
406 3743 422 3766 ,
455 3698 810 3769 pecuniasque
835 3698 1055 3767 colligit.
1080 3698 1284 3752 Rursus
1306 3708 1589 3763 mercator,
1622 3714 1725 3752 non
1756 3699 1855 3752 do-

275 3792 345 3844 mi
368 3788 566 3843 sedens
589 3790 719 3843 satis
742 3788 903 3843 habet
926 3787 1065 3859 quod
1084 3789 1227 3853 velit,
1259 3788 1351 3843 sed
1374 3804 1561 3843 navem
1584 3789 1854 3853 conducit,

271 3891 326 3934 et
350 3889 541 3934 nautas
563 3879 898 3949 remigesque
918 3879 1159 3950 colligit,
1192 3880 1467 3949 pecuniam
1498 3880 1588 3935 dat
1617 3880 1806 3937 faenori
1838 3922 1853 3947 ,

271 3973 413 4025 etde
438 3972 600 4036 locis,
624 3970 798 4041 deque
822 3986 1002 4027 rerum
1029 3972 1296 4026 venalium
1327 3972 1500 4042 pretio
1538 3974 1750 4028 curiose
1779 3973 1858 4028 in-

270 4063 455 4129 quirit.
476 4059 754 4127 Quomodo
772 4061 931 4131 igitur
948 4076 1051 4115 non
1080 4062 1364 4117 absurdum
1380 4060 1535 4117 fuerit
1555 4063 1606 4116 in
1632 4066 1856 4120 terrenis

274 4161 477 4205 tantam
508 4152 765 4208 adhibere
796 4167 1014 4217 curam;
1041 4152 1229 4206 caelum
1261 4162 1437 4208 autem
1467 4169 1646 4210 emere
1669 4157 1856 4211 volenz

272 4247 374 4305 tes,
403 4240 517 4294 sola
543 4240 809 4296 voluntate
838 4251 1119 4296 contentos
1147 4242 1309 4297 esse?
1352 4244 1459 4299 imo
1487 4260 1613 4299 vero
1656 4261 1723 4299 ne
1754 4245 1855 4299 hoc

271 4329 449 4399 ipsum
476 4346 598 4385 eum
643 4334 955 4402 congruenti
983 4332 1255 4403 diligentia
1284 4338 1571 4404 prtestare?
1611 4336 1739 4388 Nam
1765 4336 1855 4405 qui

271 4420 385 4473 vult
417 4427 475 4473 ut
500 4428 734 4489 oportet,
766 4436 854 4476 res
876 4437 1086 4491 quoque
1120 4424 1441 4494 aggreditur,
1488 4440 1605 4494 qua!
1644 4424 1708 4478 ad
1740 4440 1852 4480 rem

273 4512 562 4578 expetitam
587 4511 809 4566 ducunt.
840 4512 1051 4567 Etenim
1084 4515 1295 4583 quando
1327 4517 1529 4571 esuries
1566 4518 1858 4572 necessita-

275 4612 379 4655 tem
412 4602 565 4656 aﬂ'ert
594 4604 720 4666 cibi,
764 4618 871 4661 non
894 4616 1173 4675 exspectas
1196 4616 1250 4661 ut
1276 4609 1521 4665 alimenta
1552 4618 1740 4679 sponte
1761 4626 1854 4666 sua

274 4691 338 4746 ad
370 4700 425 4746 te
452 4693 693 4759 veniant,
718 4693 814 4748 sed
843 4696 973 4750 nihil
1004 4714 1109 4752 non
1139 4699 1253 4769 agis
1289 4708 1345 4753 ut
1387 4714 1560 4755 escam
1592 4701 1806 4771 colligas
1839 4719 1851 4754 :

271 4794 323 4838 et
356 4784 410 4839 in
438 4785 526 4838 siti
546 4793 601 4839 et
629 4786 679 4840 in
720 4782 937 4856 frigore,
981 4790 1033 4843 in
1061 4790 1285 4862 aliisque
1332 4794 1577 4847 omnibus
1607 4809 1770 4849 navus
1796 4808 1857 4850 es

271 4883 325 4926 et
355 4873 422 4927 ad
450 4890 633 4929 curam
659 4879 899 4946 corporis
926 4888 1157 4948 paratus.
1190 4881 1301 4935 Hoc
1322 4898 1447 4951 ergo
1468 4882 1603 4936 circa
1635 4899 1853 4952 regnum

272 4962 531 5019 caelorum
564 4966 746 5033 facito,
773 4977 827 5021 et
856 4970 1077 5023 omnino
1106 4970 1277 5038 ipsum
1318 4976 1684 5043 consequeris.
1736 4974 1859 5030 ideo

274 5065 508 5121 namque
536 5062 588 5109 te
616 5054 784 5110 libero
804 5056 1022 5111 arbitrio
1049 5059 1326 5125 praditum
1357 5061 1481 5117 fecit
1511 5064 1675 5129 Deus,
1708 5073 1765 5119 ut
1791 5081 1859 5121 ne

277 5150 463 5209 postea
504 5159 730 5202 accuses
757 5162 879 5203 eum
905 5148 1057 5219 quasi
1088 5152 1410 5208 necessitate
1438 5155 1735 5225 colligatus.
1775 5158 1855 5213 Tu

280 5252 415 5295 vero
436 5238 507 5294 de
535 5240 621 5304 iis,
651 5256 877 5310 quorum
901 5244 1160 5301 honoiem
1187 5258 1247 5300 es
1274 5259 1653 5317 consequutus,
1684 5250 1751 5305 de
1772 5252 1857 5317 iis,

273 5330 518 5401 inquam,
541 5331 834 5402 indignaris
852 5335 876 5389 τ
895 5335 1026 5391 Nam
1050 5338 1245 5395 multos
1269 5340 1443 5395 audivi
1464 5341 1725 5405 dicentes,
1755 5344 1860 5400 Cur

282 5434 367 5478 me
394 5420 525 5479 fecit
557 5422 790 5492 virtutis,
813 5423 859 5479 si
904 5427 1083 5495 velim,
1129 5432 1475 5501 compotem?
1501 5429 1606 5486 Sed
1647 5443 1863 5503 oporte-

316 5645 487 5719 ,εἰξυο
912 5651 1150 5719 addentes
1169 5656 1465 5707 vet-simium
1487 5654 1662 5719 legunt
1686 5671 1698 5710 :
1726 5656 1859 5717 Quod

285 5710 327 5759 si
341 5711 608 5772 uolua-ms,
626 5710 822 5775 gladius
845 5712 1088 5765 deuorebit
1108 5726 1207 5766 eos.

590 5790 865 5853 Ρηκοι..
912 5793 1027 5856 Gtt.
1084 5792 1235 5855 LXI.

1344 305 1411 360 lN
1450 302 1664 360 EPIST.
1708 303 1725 357 l
1788 301 1882 356 AD
1920 297 2074 357 COR.
2118 300 2345 356 llOMIL.
2391 302 2531 361 XIV.

3476 310 3573 361 ill

1988 415 2146 471 batne
2168 425 2220 471 te
2246 416 2601 473 dormientem
2618 423 2673 473 et
2692 417 3092 483 dormitantem,
3115 418 3257 474 vitiis
3277 419 3569 481 addictum,

1989 505 2349 574 deliciantem,
2382 508 2553 563 ventri
2584 506 2949 579 indulgentem
2984 510 3036 563 in
3060 512 3250 567 caelum
3281 510 3573 567 inducere?

1987 599 2056 653 At
2082 614 2113 653 a
2143 600 2269 654 vitio
2297 615 2404 654 non
2426 600 2803 656 abstinuisses.
2835 601 2891 655 Si
2921 603 3060 657 enim
3087 619 3229 659 nunc
3250 604 3572 660 instantibus

1986 688 2164 755 minis,
2198 704 2371 759 neque
2399 691 2476 745 sic
2504 706 2535 745 a
2560 691 2796 760 nequitia
2824 692 3060 747 abstines
3081 734 3096 760 ,
3142 695 3350 749 etiamsi
3377 697 3568 751 caelum

1987 779 2079 833 tibi
2130 782 2406 850 praemium
2449 783 2833 851 proposuisset,
2864 784 3199 853 quandonam
3247 787 3569 843 cessavisses

1986 868 2101 924 fieri
2131 871 2412 926 socordior
2434 882 2488 927 et
2521 873 2692 928 multo
2721 873 2996 928 deterior!
3031 874 3145 928 Non
3194 860 3336 929 enim
3389 877 3569 932 dicere

1984 963 2177 1028 possis,
2210 961 2458 1017 Ostendit
2483 963 2699 1032 quidem
2729 962 2890 1030 bona,
2936 965 3030 1019 sed
3057 980 3213 1036 opem
3255 982 3359 1020 non
3401 968 3518 1022 tulit
3550 986 3563 1022 :

1985 1052 2209 1107 multum
2242 1055 2385 1109 enim
2412 1056 2591 1109 auxilii
2630 1057 2722 1111 tibi
2753 1058 3053 1125 pollicetur.
3087 1058 3193 1113 Sed
3247 1061 3435 1123 virtus,
3482 1062 3562 1115 in-

1982 1144 2153 1213 quies,
2178 1160 2403 1201 onerosa
2435 1154 2518 1202 est
2544 1155 2598 1202 et
2626 1148 2885 1212 molesta;
2916 1164 3037 1203 cum
3065 1151 3193 1203 vitio
3216 1160 3394 1205 autem
3429 1153 3567 1206 mul—

1982 1242 2092 1288 tum
2124 1237 2505 1292 commiscetur
2535 1237 2853 1306 voluptatis;
2901 1248 2954 1292 et
2998 1238 3099 1293 hoc
3140 1240 3354 1310 quidem
3400 1242 3562 1296 latum

1980 1335 2062 1379 est
2089 1335 2143 1380 et
2169 1326 2484 1395 spatiosum,
2507 1333 2673 1383 virtus
2688 1338 2867 1383 autem
2893 1339 3035 1384 arcta
3059 1338 3113 1383 et
3139 1341 3377 1400 angusta.
3400 1332 3556 1395 Num,

1978 1432 2182 1485 quaeso,
2215 1433 2430 1489 semper
2454 1436 2520 1474 an
2558 1420 2625 1474 ab
2655 1420 2807 1475 initio
2832 1422 2991 1476 ambo
3020 1422 3282 1492 ejusmodi
3316 1422 3561 1477 fuerunt?

1979 1507 2052 1562 De
2083 1509 2275 1563 virtute
2305 1512 2449 1564 enim
2482 1511 2680 1565 invitus
2705 1511 2838 1567 dicis
2867 1528 2927 1567 ea
2956 1528 3074 1581 qua:
3091 1514 3347 1579 dicis;ita
3370 1522 3560 1585 potens

1973 1606 2057 1651 est
2080 1600 2293 1653 veritas.
2321 1599 2451 1653 Nam
2488 1602 2531 1655 si
2563 1602 2681 1656 dua:
2725 1602 2905 1657 essent
2944 1603 3063 1670 vim,
3107 1619 3329 1675 quarum
3362 1606 3462 1659 alia
3493 1586 3558 1658 ad

1975 1687 2266 1755 fornacem,
2298 1690 2401 1745 alia
2424 1690 2491 1746 ad
2520 1693 2824 1762 paradisum
2854 1694 3096 1759 duceret,
3130 1707 3183 1749 et
3211 1696 3315 1749 lata
3342 1697 3555 1767 quidem

1974 1782 2038 1835 ad
2077 1783 2367 1849 fornacem,
2402 1791 2546 1839 arcta
2569 1800 2697 1841 vero
2718 1785 2782 1841 ad
2806 1786 3107 1855 paradisum
3140 1804 3155 1840 :
3186 1797 3359 1841 utram
3388 1789 3555 1857 elige-

1973 1888 2059 1928 res
2092 1875 2273 1928 viam?
2303 1874 2526 1930 Etiamsi
2553 1876 2698 1930 enim
2725 1892 2866 1932 nunc
2894 1877 3168 1946 disputans
3188 1876 3551 1941 contradicas,

1971 1966 2311 2033 quantumvis
2337 1964 2619 2035 impudens
2641 1965 2825 2034 fueris,
2852 1967 2917 2022 iis
2935 1982 3051 2038 qua:
3078 1968 3128 2022 in
3160 1969 3405 2023 confesso
3429 1979 3557 2023 sunt

1970 2070 2076 2108 non
2108 2057 2304 2123 poteris
2344 2058 2735 2112 contradicere.
2782 2058 2913 2114 Nam
2969 2059 3109 2128 quod
3162 2074 3223 2113 ea
3268 2060 3336 2113 sit
3387 2062 3553 2129 magis

1967 2146 2234 2216 eligenda,
2262 2164 2379 2216 quae
2402 2148 2562 2205 habet
2578 2148 2770 2204 durum
2794 2150 3019 2215 initium,
3046 2167 3149 2205 non
3171 2160 3349 2205 autem
3368 2152 3549 2212 linem.

1968 2236 2035 2290 ab
2063 2237 2127 2291 iis
2154 2252 2273 2306 qua;
2325 2238 2375 2292 in
2408 2249 2661 2310 promptu
2706 2251 2832 2295 sunt
2871 2240 3064 2296 docere
3114 2242 3368 2297 conabor.
3403 2243 3469 2297 Et
3508 2246 3549 2297 si

1968 2328 2161 2397 placet,
2194 2338 2337 2385 artes
2369 2332 2598 2400 primum
2625 2341 2948 2390 tractemus:
2972 2335 3073 2390 ilice
3096 2351 3324 2404 namque
3346 2335 3549 2391 initium

1969 2419 2151 2474 labore
2178 2421 2390 2489 plenum
2423 2422 2643 2490 habent,
2690 2424 2851 2480 finem
2895 2436 3022 2481 vero
3071 2439 3454 2497 quzestuosum.
3488 2431 3552 2480 At

1969 2526 2145 2576 nemo,
2177 2512 2404 2582 inquies,
2437 2522 2609 2569 artem
2636 2516 2831 2585 attigit,
2861 2518 2961 2571 nisi
2987 2534 3013 2571 a
3054 2526 3302 2588 quapiam
3334 2535 3549 2591 cogere--

1969 2612 2072 2656 tur.
2100 2601 2230 2655 Nam
2262 2603 2305 2657 si
2330 2619 2460 2672 puer
2480 2604 2560 2658 sui
2583 2605 2719 2674 juris
2750 2607 2837 2670 sit,
2864 2608 3025 2662 malet
3056 2609 3107 2661 in
3137 2608 3343 2663 deliciis
3372 2610 3550 2663 vivere

1966 2692 2139 2757 initio,
2159 2693 2281 2746 etin
2306 2694 2410 2748 fine
2433 2695 2707 2749 innumera
2726 2687 2928 2766 perpeti
2958 2698 3117 2763 mala,
3141 2714 3298 2767 quam
3331 2700 3381 2753 in
3406 2700 3549 2769 prin-

1966 2783 2104 2853 cipio
2151 2786 2346 2839 misere
2395 2787 2604 2852 vivere,
2653 2797 2707 2842 et
2758 2789 2999 2842 laborum
3054 2790 3265 2843 illorum
3317 2790 3545 2845 fructum

1966 2887 2147 2945 postea
2173 2880 2404 2948 assequi.
2432 2878 2572 2948 Ergo
2589 2879 2676 2933 illa
2703 2880 2901 2950 eligere
2932 2888 3014 2935 est
3032 2882 3337 2949 orphanica':
3356 2884 3545 2938 mentis

1965 2980 2019 3024 et
2050 2970 2263 3038 puerilis
2287 2971 2547 3026 socordiae
2574 2989 2589 3035 ;
2617 2974 2890 3027 contraria
2930 2988 3061 3027 vero
3086 2974 3360 3042 prudentis
3386 2984 3441 3029 et
3468 2976 3541 3027 vi-

1964 3059 2078 3113 rilis
2104 3061 2285 3115 animi.
2312 3061 2405 3117 Sic
2429 3062 2587 3133 igitur
2612 3073 2667 3118 et
2694 3078 2813 3129 nos,
2847 3063 2947 3118 nisi
2979 3063 3157 3117 animo
3184 3065 3327 3132 pueri
3354 3064 3541 3129 simus,

1964 3168 2069 3206 non
2103 3153 2177 3207 illi
2213 3153 2456 3223 orphano
2483 3163 2538 3209 et
2588 3155 2797 3219 insano,
2836 3155 2931 3209 sed
2981 3156 3056 3208 illi
3100 3164 3303 3225 patrem
3333 3156 3544 3211 habenti

1963 3243 2163 3297 similes
2208 3245 2429 3298 erimus.
2457 3242 2679 3313 Oportet
2702 3260 2829 3313 ergo
2870 3245 3126 3313 puerilem
3155 3255 3386 3301 mentem
3415 3245 3549 3316 abji-

1960 3345 2106 3397 cere,
2130 3347 2235 3385 non
2265 3341 2440 3387 autem
2470 3348 2557 3387 res
2587 3335 2729 3405 ipsas
2752 3349 3025 3401 accusare,
3058 3345 3112 3390 et
3151 3337 3388 3407 aurigam
3418 3353 3545 3393 con-

1961 3422 2198 3475 scientias
2234 3423 2541 3492 imponere;
2586 3425 2675 3494 qui
2694 3439 2807 3479 non
2854 3426 2991 3479 :.inat
3019 3428 3193 3481 ventri
3231 3426 3503 3497 indulgere.
3530 3471 3542 3487 .

1962 3510 2053 3565 sed
2081 3526 2298 3566 currere
2328 3521 2381 3567 et
2407 3512 2708 3567 decertare.
2750 3513 3029 3579 Quomodo
3064 3516 3204 3569 enim
3258 3516 3542 3571 absurdum

1962 3618 2067 3659 non
2095 3603 2275 3665 fuerit,
2307 3619 2505 3673 pueros
2551 3619 2672 3659 cum
2705 3605 2888 3659 labore
2916 3614 2970 3659 et
2991 3607 3187 3661 sudore
3218 3608 3420 3663 initium
3448 3608 3541 3661 du-

1960 3708 2084 3748 eere
2111 3694 2162 3746 in
2202 3695 2361 3748 rebus
2390 3710 2509 3765 qua:
2534 3694 2793 3765 principia
2824 3693 3021 3749 habent
3064 3698 3345 3761 laboriosa,
3383 3696 3540 3751 finem

1960 3794 2138 3840 autem
2188 3785 2476 3855 gratiosum
2506 3804 2519 3852 ;
2548 3801 2646 3841 nos
2673 3795 2849 3840 autem
2879 3789 3148 3841 contrario
3196 3789 3355 3842 modo
3406 3789 3543 3843 affici

1962 3892 2084 3947 erga
2113 3893 2200 3933 res
2227 3879 2577 3948 spirituales?
2630 3879 2853 3934 Etiamsi
2901 3878 2954 3933 in
2993 3880 3150 3955 rebus
3202 3881 3545 3935 sreculariinm

1962 3985 2065 4025 non
2099 3971 2317 4024 omnino
2342 3982 2547 4025 certum
2597 3972 2665 4024 sit
2716 3972 2875 4027 linem
2907 3972 3018 4028 fore
3045 3971 3266 4027 bonum.
3294 3972 3425 4028 Nam
3451 3978 3549 4028 im—

1962 4070 2165 4114 matura
2191 4075 2357 4127 mors,
2379 4069 2682 4130 paupertas,
2703 4062 3075 4131 schphantia,
3102 4075 3277 4117 rerum
3299 4074 3545 4117 uiolata:-

1961 4164 2055 4203 nes
2084 4160 2136 4203 et
2166 4150 2357 4203 similia
2390 4152 2577 4216 multa,
2622 4159 2743 4221 post
2771 4152 2968 4205 multos
3014 4153 3223 4205 labores
3268 4166 3323 4206 ut
3371 4156 3541 4208 Paean

1960 4241 2233 4309 privemur
2257 4242 2517 4297 efﬁciunt.
2540 4242 2596 4297 Si
2621 4258 2747 4297 vero
2768 4242 2925 4298 iidem
2956 4242 3093 4311 quod
3124 4252 3369 4312 quzerunt
3392 4258 3539 4299 asse~

1959 4341 2210 4401 quantur,
2231 4349 2334 4388 non
2360 4345 2608 4404 magnum
2630 4335 2921 4405 percipient
2946 4334 3200 4399 fructum;
3223 4336 3273 4389 in
3293 4338 3543 4405 prtesenti

1960 4438 2190 4494 namque
2215 4425 2318 4478 vita
2352 4424 2441 4479 illa
2470 4425 2649 4479 omnia
2678 4426 3063 4481 dissolvuu'ur.
3096 4428 3189 4482 llic
3239 4440 3417 4479 autem
3436 4442 3541 4482 non

1960 4518 2225 4571 currimus
2242 4531 2339 4587 pro
2360 4516 2667 4587 huiusmodi
2697 4518 2856 4573 rebus
2874 4520 3075 4586 frigidi:
3099 4532 3151 4575 οε
3174 4522 3349 4585 ﬂavis;
3376 4534 3545 4587 usque

1960 4604 2029 4659 de
2060 4605 2161 4659 line
2193 4608 2472 4668 timemus;
2505 4607 2596 4668 sed
2626 4607 2797 4675 major
2824 4616 2876 4661 et
2902 4612 3139 4661 securior
3168 4626 3283 4677 stu“:
3316 4622 3387 4663 esu
3428 4624 3545 4677 post

1962 4697 2255 4754 discessum
2282 4714 2346 4753 ex
2377 4698 2475 4754 hac
2506 4699 2631 4753 vita.
2660 4697 2843 4767 (Ibam.
2868 4716 2917 4751 :n
2945 4714 3072 4767 ergo
3098 4704 3245 4753 venia
3279 4708 3396 4765 erit,
3429 4718 3541 4770 ςέοιξ,

1962 4791 2237 4844 excusatio
2268 4790 2573 4845 nolentibus
2602 4790 2751 4847 adire
2781 4791 2988 4845 labar-es
3016 4807 3116 4861 pro
3144 4792 3339 4845 virtute
3373 4794 3543 4845 ειιςς.ἰι

1964 4880 2228 4951 piendos?
2253 4880 2356 4935 Sed
2388 4882 2562 4937 adhuc
2580 4882 2925 4953 interrogant,
2952 4884 3053 4937 Cur
3085 4894 3301 4951 anguste
3330 4894 3409 4936 est
3429 4885 3507 4938 vi;
3534 4889 3547 4925 Γ

1964 4973 2044 5027 Ad
2069 4973 2241 5043 regias
2266 4974 2409 5029 aedes
2438 4983 2677 5029 terrenas
2704 4989 2808 5030 non
2832 4978 2962 5029 sinis
2984 4976 3179 5030 intrare
3202 4984 3550 5032 assert-storm,

1964 5079 2284 5135 quemquam
2331 5065 2414 5121 vel
2463 5064 2669 5120 ebrium
2723 5076 2815 5120 aut
2872 5074 3115 5133 mouent;
3160 5076 3215 5120 et
3260 5066 3308 5119 in
3364 5068 3551 5123 αηὲεεείε

1967 5154 2139 5225 ipsum
2163 5170 2283 5211 cum
2312 5156 2546 5223 licentia,
2576 5156 2806 5225 deliciis,
2831 5158 3108 5221 ρδῖιῌὲίθ,
3142 5156 3361 5211 avaritia
3380 5158 3468 5210 sit?

1965 5262 2069 5317 que
2092 5249 2359 5315 omnibus,
2395 5248 2638 5305 homines
2674 5248 2851 5304 induci
2908 5248 3099 5319 rogas?
3146 5264 3211 5302 an
3266 5248 3370 5303 hoc
3400 5252 3541 5301 ver";

1966 5338 2183 5408 dignum
2222 5341 2337 5394 est?
2886 5331 2893 5336 ’

2038 5430 2093 5484 ι.
2120 5429 2236 5485 Non
2263 5431 2387 5497 hoc,
2417 5433 2648 5504 inquies,
2677 5433 2831 5499 dico;
2852 5432 2943 5487 sed
2965 5446 3060 5485 cur
3088 5431 3255 5487 virtus
3276 5446 3377 5483 per;
3411 5432 3549 5485 vim},

1969 5523 2133 5579 latam
2160 5522 2360 5580 habet?
2387 5527 2545 5597 Atqui
2586 5528 2631 5581 si
2657 5527 2901 5590 velimus,
2930 5526 3215 5581 admodum
3243 5523 3407 5577 facilis
3434 5525 3551 5578 erit.

1976 5614 2113 5685 Quid
2142 5617 2309 5683 enim,
2339 5633 2545 5688 quaeso,
2590 5618 2797 5674 facilius
2820 5626 2923 5678 est,
2952 5600 3230 5673 mammae
3258 5614 3552 5683 periurare,

1977 5717 2029 5763 et
2055 5709 2283 5765 aliorum
2311 5711 2464 5766 bonis
2490 5710 2713 5783 direptis
2736 5711 2788 5772 in
2812 5726 3081 5766 carcerem
3101 5707 3325 5777 conjici;
3354 5723 3423 5763 an
3451 5707 3561 5763 suis

3158 5805 3195 5867 8
