4028 6208
470 329 569 384 ιιο

465 452 775 503 contentum
820 438 960 495 omni
1006 445 1150 494 metu
1179 450 1297 490 esse
1327 430 1593 489 liberum?
1620 430 1778 500 Atqui
1806 443 1911 484 non
1938 429 2047 485 dixi

468 548 658 595 totum.
680 533 817 602 Quid
846 531 990 589 enim
1021 528 1253 594 facilius,
1280 525 1368 581 die
1395 524 1546 587 mihi,
1576 537 1644 578 an
1664 536 1786 577 cum
1813 519 2050 574 omnium

468 631 604 686 bona
634 622 964 697 subripueris
990 663 1006 689 ,
1051 632 1106 676 et
1130 635 1201 676 ex
1231 617 1416 689 paucis
1453 616 1616 670 breve
1645 622 1852 683 tempus
1878 610 1933 665 in
1960 608 2056 664 de-

466 722 606 777 liciis
630 717 825 788 egeris,
858 711 1232 770 immortaliter
1260 706 1492 779 torqueri
1518 714 1573 761 et
1600 704 1776 774 flagris
1801 700 1957 768 credi,
1986 716 2052 755 an

469 828 588 869 cum
615 810 670 866 in
696 809 837 881 iusta
875 812 1188 877 paupertate
1226 800 1423 855 vixeris
1447 811 1612 874 parvo
1642 807 1901 865 tempore,
1931 807 2053 862 per-

467 913 628 975 petuo
659 910 841 971 postea
867 898 921 952 in
947 895 1156 952 deliciis
1196 891 1393 963 agere?
1423 888 1655 943 nondum
1690 885 2058 942 examinemus

468 993 593 1065 quid
616 992 688 1049 sil.
712 988 1059 1053 fructuosius,
1088 982 1183 1039 sed
1223 983 1432 1037 interim
1465 979 1590 1050 quid
1634 979 1703 1033 sit
1731 977 1959 1065 facilius.

552 1084 725 1141 Virtus
752 1099 854 1136 non
899 1090 972 1135 est
1014 1092 1216 1148 aspera.
1247 1104 1318 1116 —
1343 1073 1479 1142 Quid
1523 1070 1811 1142 jucundius
1849 1068 2058 1139 gratum

472 1178 651 1233 videre
669 1174 954 1234 somnium,
970 1176 1024 1225 et
1042 1182 1168 1223 vere
1190 1164 1451 1235 supplicio
1471 1162 1607 1216 affici
1630 1178 1644 1227 ;
1666 1172 1757 1215 aut
1778 1157 2062 1213 molestum

473 1269 742 1326 somnium
773 1266 989 1331 vidisse,
1020 1272 1075 1318 et
1100 1274 1229 1316 vere
1254 1257 1534 1314 deliciari?
1560 1270 1736 1310 annon
1778 1254 1951 1323 palam
1979 1260 2062 1307 est

475 1357 881 1431 hocjucundius
907 1349 1371 1421 essciQuomodo
1397 1349 1576 1420 igitur,
1607 1346 1692 1401 dic
1719 1344 1882 1409 mihi,
1911 1357 2066 1412 aspe-

476 1469 590 1507 ram
623 1464 782 1504 vocas
811 1444 1112 1503 virtutem?
1154 1456 1345 1513 aspera
1374 1439 1573 1494 etenim
1606 1445 1719 1502 est,
1752 1435 1794 1490 si
1822 1450 1942 1488 eum
1972 1449 2065 1488 ue-

475 1544 727 1614 gligcntia
757 1547 962 1595 nostra,
985 1543 1347 1605 comparetur.
1382 1529 1535 1599 Quod
1562 1530 1702 1584 enim
1726 1529 1793 1581 sit
1820 1525 1986 1580 facilis
2010 1534 2066 1580 et

478 1636 678 1699 suavis,
705 1631 829 1685 audi
856 1629 981 1699 quid
1008 1628 1150 1682 dicat
1178 1624 1427 1681 Christus
1459 1641 1473 1679 :
1504 1621 1694 1688 Jugum
1720 1635 1887 1672 meum
1913 1632 2067 1672 suave

476 1736 570 1790 est,
602 1734 646 1777 et
679 1738 809 1777 onus
836 1736 1002 1774 meum
1027 1719 1132 1772 leve
1156 1714 1383 1788 (Matth.
1409 1713 1639 1780 “.20).
1670 1710 1723 1767 Si
1751 1718 1928 1765 autem
1960 1723 2063 1762 non

479 1818 648 1873 sentis
675 1816 965 1876 levitatem,
995 1811 1334 1881 perspicuum
1359 1818 1440 1863 est
1465 1816 1515 1860 te
1546 1822 1650 1859 non
1677 1804 1954 1858 robustum
1975 1801 2069 1855 ha-

481 1911 608 1965 bere
634 1908 891 1962 animum.
920 1904 1069 1960 Sicut
1097 1903 1240 1957 enim
1268 1915 1390 1955 cum
1434 1897 1593 1951 talem
1625 1896 1810 1960 habes,
1843 1906 2068 1948 onerosa

483 2002 618 2057 levia
647 2010 772 2053 sunt
799 2014 811 2051 :
843 1997 921 2053 sic
944 2011 1065 2051 cum
1096 2010 1204 2048 non
1257 1991 1446 2056 habes,
1480 1989 1616 2043 levia
1660 1996 1785 2041 sunt
1818 2000 2068 2041 onerosa.

481 2093 619 2161 Quid
665 2092 834 2153 enim,
892 2100 1097 2159 quaeso,
1152 2085 1367 2138 suavius
1410 2091 1548 2146 erat,
1595 2093 1751 2148 quam
1793 2090 1978 2133 mensa
2006 2091 2074 2131 ex

485 2198 701 2249 manna,
732 2181 858 2253 quid
885 2189 1074 2251 paratu
1103 2175 1349 2233 facilius?
1374 2173 1478 2230 Sed
1507 2188 1646 2243 διιεῖ-ε
1695 2170 1937 2227 ferebant
1974 2166 2073 2224 Ju-

484 2276 586 2331 dari
628 2274 823 2328 talibus
873 2272 1111 2327 fruentes
1159 2266 1387 2323 deliciis.
1437 2264 1571 2332 Quid
1627 2263 1767 2318 fame
1791 2262 2072 2328 acerbius,

490 2381 698 2423 necnon
738 2364 859 2418 aliis
902 2360 1204 2427 laboriosis,
1250 2374 1371 2431 quae
1400 2372 1586 2429 passus
1612 2366 1697 2412 est
1746 2354 1981 2409 Paulus?
2012 2356 2077 2408 At

490 2458 581 2512 ille
604 2456 925 2521 exsultabat,
956 2451 1323 2508 delectabatur
1346 2458 1411 2505 ac
1437 2449 1678 2505 diccbat:
1704 2446 1855 2501 Nunc
1880 2445 2089 2525 gaudeo.

490 2553 543 2605 in
573 2548 895 2621 pastionibus
924 2547 1045 2601 meis
1076 2545 1211 2616 (Col.
1247 2545 1297 2599 l.
1326 2542 1442 2615 24).
1467 2543 1597 2612 Quae
1623 2552 1703 2597 est
1730 2556 1858 2610 ergo
1882 2538 2080 2594 causa?

491 2641 667 2697 Animi
696 2638 1013 2695 differentia.
1044 2636 1099 2693 Si
1130 2636 1289 2707 igitur
1332 2635 1571 2689 animum
1612 2642 1667 2685 ut
1695 2639 1902 2701 oportet
1926 2627 2082 2682 ador-

494 2734 724 2798 naveris,
770 2731 979 2786 virtutis
1030 2729 1336 2784 facilitatem
1380 2725 1606 2779 videbis.
1649 2723 1787 2789 Quid
1815 2736 1964 2792 ergo,
2003 2721 2083 2775 in-

493 2828 668 2895 quies,
689 2824 880 2879 talisne
898 2822 955 2876 fit
970 2837 1036 2877 ex
1057 2835 1243 2877 eorum
1269 2818 1357 2888 qui
1381 2816 1524 2871 illam
1542 2814 1838 2885 suscipiunt
1851 2813 2083 2868 affectu?

496 2915 614 2969 Non
646 2929 711 2969 ex
739 2912 930 2968 affectu
961 2910 1125 2965 animi
1152 2910 1347 2976 solum,
1371 2907 1464 2962 sed
1497 2914 1682 2961 natura
1709 2919 1800 2959 sua
1832 2904 1953 2960 talis
1979 2912 2081 2959 est.

499 3004 712 3060 Etenim
770 3004 814 3057 si
859 3014 1073 3073 semper
1132 3001 1221 3054 illa
1265 3007 1409 3054 esset
1462 2997 1751 3061 laboriosa,
1806 3004 1862 3050 et
1898 2995 2084 3049 vitium

497 3098 720 3152 omnino
767 3104 993 3162 contra,
1046 3095 1167 3164 jure
1214 3094 1334 3162 quis
1384 3106 1571 3146 eorum
1629 3091 1719 3161 qui
1781 3089 1913 3159 lapsi
1963 3097 2088 3143 sunt

501 3190 704 3244 diceret
751 3188 940 3242 vitium
988 3200 1109 3241 esse
1162 3184 1371 3240 facilius
1426 3184 1622 3238 virtute
1678 3201 1691 3237 :
1739 3182 1783 3236 si
1837 3194 1966 3236 vero
2010 3182 2089 3235 in-

504 3281 656 3335 itium
700 3278 931 3333 habeant
983 3276 1070 3330 illa
1120 3275 1335 3341 durum,
1378 3273 1480 3329 hoc
1504 3288 1701 3337 suave;
1749 3271 1868 3327 linis
1906 3281 2086 3327 autem

505 3380 740 3425 aeternus
796 3368 941 3423 illius
997 3368 1068 3423 sit
1117 3366 1339 3434 suavis,
1393 3365 1553 3435 lmjus
1605 3365 1820 3436 gravis,
1867 3377 2085 3429 utrum,

503 3478 726 3534 qua-so,
779 3470 838 3517 ut
903 3458 1113 3514 facilius
1169 3457 1380 3526 eligas?
1440 3456 1549 3512 Cur
1597 3471 1727 3524 ergo
1780 3455 1930 3509 multi
1984 3471 2089 3509 non

503 3557 705 3625 eligunt
732 3554 785 3608 id
831 3551 975 3622 quod
1006 3551 1213 3605 facilius
1264 3550 1390 3604 est?
1438 3547 1573 3615 Quia
1619 3548 1710 3601 alii
1740 3546 1954 3617 quidem
1987 3563 2091 3601 non

504 3645 766 3709 credunt;
809 3641 897 3696 alii
924 3655 1054 3695 vero
1081 3640 1205 3695 licet
1229 3638 1530 3705 credentes,
1560 3648 1869 3708 corruptum
1900 3638 2095 3693 habent

505 3738 741 3791 animum
764 3777 779 3801 ,
807 3744 863 3791 et
893 3743 1292 3804 temporaneam
1314 3716 1640 3801 voluptatem
1666 3740 1881 3786 aeterna:
1901 3739 2097 3802 prauu-

508 3830 685 3884 lerint.
716 3827 812 3881 Est
837 3841 966 3897 ergo
1007 3826 1111 3881 hoc
1147 3824 1341 3879 facile?
1369 3824 1483 3879 Non
1508 3823 1681 3887 facile,
1705 3823 1799 3878 sed
1829 3838 1893 3893 ex
1924 3824 2095 3877 imbe-

507 3919 635 3973 cillo
659 3917 838 3973 animo
878 3918 980 3971 hoc
1033 3918 1295 3985 provenit.
1346 3917 1426 3970 Ae
1468 3913 1917 3984 quemadmodum
1964 3913 2096 3969 febri

512 4008 835 4075 laborantes,
889 4022 995 4061 non
1035 4006 1157 4076 quia
1200 4004 1485 4075 jucundius
1524 4014 1606 4061 est
1658 4004 1808 4059 brevi
1860 4013 2099 4075 tempore

504 4098 775 4165 .deliciari,
805 4112 963 4168 quam
992 4112 1209 4167 semper
1232 4097 1338 4161 uri,
1368 4096 1489 4152 ideo
1514 4106 1695 4152 amant
1740 4106 1922 4168 potum
1949 4112 2100 4168 aqua:

503 4190 739 4262 frigidae,
764 4190 856 4245 sed
874 4190 995 4260 quia
1021 4188 1305 4245 absurdam
1324 4189 1666 4259 cupiditatem
1690 4189 1968 4244 continere
1994 4204 2100 4243 non

515 4292 738 4354 possunt
770 4300 783 4334 :
814 4281 889 4334 sic
915 4291 969 4337 et
996 4280 1102 4336 isti.
1135 4281 1294 4352 Atqui
1326 4282 1370 4335 si
1395 4280 1517 4351 quis
1545 4280 1610 4335 ad
1638 4280 1956 4351 supplicium
1980 4279 2102 4334 illos

513 4391 635 4429 eum
670 4376 939 4444 voluptate
972 4375 1212 4439 duceret,
1255 4390 1588 4446 nequaquam
1619 4376 1791 4445 ipsum
1823 4376 2097 4448 eligerent.

510 4468 759 4547 Vidistiu’
778 4468 1047 4538 quomodo
1065 4486 1171 4524 non
1192 4468 1349 4525 facile
1374 4474 1446 4525 sit
1470 4471 1653 4525 vitium
1674 4471 1696 4523 i
1724 4472 1778 4525 Si
1801 4473 1880 4527 vis
1900 4479 2100 4531 autem.

518 4563 621 4618 hoc
651 4552 847 4617 iterum
895 4563 947 4617 in
989 4564 1116 4633 ipsis
1165 4564 1333 4633 rebus
1356 4566 1711 4619 excutiamus.
1748 4564 1884 4632 Quid
1934 4566 2101 4628 enim,

516 4671 721 4725 qumso,
750 4655 979 4722 dulcius,
1009 4656 1135 4727 quid
1178 4656 1383 4714 facilius
1401 4657 1521 4713 est?
1552 4657 1657 4713 Sed
1685 4672 1751 4713 ne
1780 4658 1972 4713 iterum
2018 4671 2105 4711 res

517 4764 582 4801 ex
617 4748 903 4801 multorum
945 4747 1235 4817 cupiditate
1276 4748 1580 4817 judicemus
1623 4767 1636 4804 :
1672 4765 1845 4819 neqtte
1870 4751 2012 4804 enim
2038 4749 2105 4803 ab

521 4838 921 4907 a'grotantibus,
950 4838 1043 4892 sed
1093 4854 1122 4891 a
1151 4838 1287 4893 bene
1330 4838 1629 4895 valentibus
1669 4839 1928 4895 calculum
1966 4839 2107 4895 ferre

521 4939 752 4997 oportet.
800 4925 982 4999 Neque
1025 4929 1169 4983 enim
1198 4929 1242 4983 si
1287 4928 1534 4985 millenos
1565 4930 1694 4985 :nihi
1745 4929 2107 4985 febricitantes

519 5021 793 5089 ostendas,
845 5024 936 5093 qui
991 5022 1203 5077 sanitati
1232 5023 1500 5077 contraria
1542 5031 1803 5093 quierant,
1835 5032 1889 5077 et
1922 5022 2110 5077 malint

524 5121 708 5183 postea
756 5113 1019 5183 supplicio
1070 5112 1240 5179 affici,
1295 5113 1453 5167 talem
1510 5127 1761 5182 umquam
1801 5112 2108 5166 admiserim

522 5204 821 5274 optionem.
871 5204 1007 5273 Quid
1036 5204 1276 5272 facilius,
1305 5206 1518 5277 inquam
1540 5248 1556 5271 ,
1588 5206 1676 5261 die
1705 5206 1833 5259 mihi
1855 5247 1870 5270 ,
1916 5205 2111 5259 multas

523 5297 907 5364 concupiscere
936 5300 1219 5365 pecunias,
1264 5313 1330 5353 an
1367 5299 1467 5351 hac
1490 5298 1782 5367 cupiditate
1810 5312 1931 5351 esse
1950 5311 2109 5365 supe-

522 5388 760 5445 riorem'f
811 5388 921 5443 lloc
978 5398 1124 5445 certe
1176 5398 1525 5460 postremum,
1579 5397 1638 5442 ut
1677 5386 1808 5442 mihi
1854 5386 2107 5442 videtur:

521 5489 567 5541 si
613 5496 795 5541 autem
846 5484 959 5554 ipse
1004 5501 1109 5541 non
1163 5485 1361 5551 credis,
1410 5484 1478 5539 ad
1502 5498 1605 5555 res
1639 5483 1783 5553 ipsas
1804 5496 2105 5537 sermonem

524 5580 805 5636 ducamus.
838 5580 903 5634 Et
950 5580 1021 5634 sit
1066 5582 1333 5651 quispiam
1360 5578 1451 5650 qui
1482 5577 1676 5633 multas
1719 5576 1925 5648 cupiat,
1975 5576 2111 5630 alius

526 5686 657 5725 vero
703 5673 793 5741 qui
847 5673 1020 5729 nullas
1049 5689 1063 5728 :
1088 5673 1215 5745 quid
1240 5686 1373 5744 ergo
1417 5669 1610 5727 melius
1636 5711 1651 5737 ,
1679 5668 1765 5725 die
1792 5670 1921 5727 mihi
1943 5711 1956 5736 ,
1985 5667 2111 5737 quid

525 5762 839 5820 honestius?

1243 322 1300 375 S.
1340 268 1617 375 Jt).lN.‘ilS
1652 311 2120 372 CHRYSOSTOMI
2159 314 2473 372 ARCHIICP.
2513 314 3041 376 CONSTANTINUP.

3639 320 3739 376 ιξυ

2229 427 2286 485 5.
2320 425 2668 489 Pecuniarttm
2708 436 2964 506 cupiditas
3007 446 3192 508 (/uaula
3239 438 3440 491 inducat
3488 441 3641 492 mem.
3670 470 3741 481 ν-

2158 520 2261 580 Sed
2290 518 2393 579 hoc
2417 524 2632 593 quidem
2664 528 2885 585 mitatur
2932 547 2945 584 ε
2978 529 3030 584 in
3056 528 3299 585 confesso
3315 530 3456 584 enim
3477 540 3576 598 est,
3604 532 3746 600 quod

2160 609 2248 669 hic
2275 625 2578 684 postremus
2630 619 2703 673 sit
2753 619 2847 675 illo
2903 621 3178 676 honestior
3206 638 3219 677 :
3255 637 3425 692 neque
3452 621 3521 677 de
3554 622 3652 677 hac
3687 638 3748 679 re

2160 706 2386 776 qurestio
2426 706 2538 774 jam
2589 718 2692 775 est,
2739 710 2839 766 sed
2898 721 3017 766 uter
3048 711 3340 768 faciliorem
3366 724 3415 769 cI
3444 714 3745 769 suaviorem

2161 796 2321 853 ducat
2348 797 2534 855 vitam.
2564 801 2771 855 Avarus
2790 812 2938 859 certe
2958 819 3026 858 ne
3077 802 3145 858 iis
3182 803 3395 874 quidem
3423 821 3541 877 qua:
3589 805 3749 862 habet

2165 887 2356 944 fruitur
2399 906 2561 945 :nam
2593 893 2732 962 quod
2762 902 2928 959 amat,
2972 911 3077 949 non
3121 896 3431 965 impendere
3480 898 3759 966 voluerit,»

2165 979 2259 1035 sed
2276 979 2529 1036 libentius
2541 982 2617 1038 sei
2625 999 2775 1053 psum
2794 985 3138 1049 consciderit,
3158 995 3210 1041 et
3231 1002 3421 1042 carnes
3444 990 3747 1060 proiecerit,

2165 1086 2322 1140 quam
2346 1086 2532 1129 aurum
2563 1089 2578 1127 :
2606 1074 2694 1144 qui
2725 1086 2905 1131 autem
2933 1078 3187 1146 pecunias
3216 1077 3460 1148 despicit,
3485 1078 3587 1135 hoc
3616 1082 3753 1137 inte-

2166 1161 2268 1215 rim
2296 1161 2551 1228 lucratur,
2581 1164 2723 1237 quod
2766 1166 2831 1219 iis
2878 1183 2997 1237 qua:
3027 1168 3187 1223 habet
3229 1170 3396 1225 libere
3448 1185 3512 1226 ac
3562 1187 3752 1229 secure

2169 1250 2393 1321 fruatur,
2421 1269 2588 1327 seque
2617 1256 2722 1311 illis
2750 1259 3019 1326 prmferat.
3065 1257 3203 1325 Quid
3248 1275 3378 1330 ergo
3403 1264 3618 1317 suavius
3647 1274 3749 1326 est,

2168 1346 2337 1402 libere
2359 1348 2460 1402 frui
2502 1348 2657 1403 bonis
2680 1389 2694 1413 ,
2724 1358 2818 1403 aut
2843 1351 2941 1404 sub
2971 1348 3204 1405 dominis
3236 1350 3437 1407 divitiis
3462 1353 3754 1416 virentem.

2171 1437 2301 1491 nihil
2341 1452 2559 1493 suorum
2589 1440 2898 1512 contingere
2927 1442 3163 1497 audere?
3185 1442 3413 1500 Perinde
3450 1445 3592 1499 enim
3624 1443 3750 1500 mihi

2172 1530 2383 1585 videtur
2407 1545 2528 1587 esse
2556 1545 2617 1586 ac
2644 1532 2687 1586 si
2715 1534 2812 1589 viri
2842 1534 3058 1604 quidam
3089 1534 3223 1590 duas
3251 1534 3508 1592 habentes
3536 1553 3751 1604 uxores,

2170 1634 2225 1678 et
2264 1623 2549 1679 admodum
2579 1624 2720 1695 ipsas
2754 1636 3018 1693 amantes,
3050 1641 3156 1681 non
3186 1626 3375 1682 eodem
3423 1629 3582 1684 modo
3627 1631 3756 1701 ipsis

2172 1722 2415 1779 utantur;
2440 1712 2535 1768 sed
2564 1717 2715 1769 alteri
2737 1700 2949 1784 quidem
2970 1733 3191 1774 uxorem
3214 1720 3525 1791 contingere
3550 1729 3607 1776 et
3634 1700 3753 1776 cum

2174 1804 2262 1858 illa
2294 1804 2512 1869 versari,
2538 1804 2693 1859 alteri
2724 1819 2849 1859 vero
2886 1820 2953 1861 ne
2982 1822 3147 1877 prOpe
3174 1808 3388 1877 quidem
3418 1808 3576 1865 liceat
3600 1822 3756 1865 accc-

2174 1894 2323 1950 dere.
2342 1895 2521 1951 Dicam
2540 1906 2595 1952 et
2616 1897 2781 1965 aliud,
2805 1912 2911 1968 quo
2931 1899 3151 1954 alterius
3172 1900 3521 1969 voluptatem,
3540 1902 3759 1957 alterius

2175 2002 2462 2042 maerorem
2514 1998 2953 2043 commonstrem.
3005 1991 3211 2045 Avarus
3267 2006 3554 2062 numquam
3607 1992 3761 2047 sistet

2178 2080 2315 2136 hanc
2338 2079 2706 2150 cupiditatem,
2738 2097 2843 2136 non
2873 2081 3036 2137 modo
3061 2083 3203 2154 quod
3250 2093 3481 2155 nequeat
3520 2087 3757 2140 omnium

2178 2172 2317 2229 bona
2346 2173 2618 2239 invadere,
2645 2172 2739 2228 sed
2763 2176 2923 2230 etiam
2946 2175 3087 2245 quod
3118 2184 3545 2246 quantacumque
3574 2190 3760 2247 possc-

2177 2264 2339 2332 derit,
2367 2282 2429 2323 se
2472 2266 2604 2321 nihil
2636 2266 2833 2322 habere
2860 2276 3009 2337 putet
3040 2288 3053 2323 :
3082 2269 3173 2340 qui
3201 2284 3329 2325 vero
3364 2271 3615 2340 pecunias
3664 2270 3759 2326 de-

2178 2360 2354 2431 spicit,
2385 2358 2653 2429 superflua
2698 2361 2875 2414 omnia
2926 2361 3271 2425 existimabit,
3321 2376 3492 2432 neque
3541 2363 3764 2437 infinitis

2180 2450 2563 2521 cupiditatibus
2591 2450 2824 2504 animam
2855 2436 3135 2505 cruciabit.
3156 2450 3296 2505 Nihil
3325 2456 3467 2506 enim
3494 2461 3576 2508 est
3621 2436 3764 2523 quod

2182 2541 2427 2611 supplicii
2450 2541 2710 2596 rationem
2738 2542 2808 2595 ita
2854 2540 3068 2608 habeat,
3110 2550 3169 2596 ut
3197 2542 3625 2614 concupiscentia
3666 2559 3764 2599 usu

2184 2640 2241 2686 et
2270 2630 2441 2685 fructu
2466 2630 2691 2700 privata,
2721 2630 2771 2685 id
2801 2630 2941 2700 quod
2966 2630 3195 2687 maxime
3221 2646 3529 2701 perversam
3548 2634 3769 2688 exhibet

2186 2733 2443 2780 mentem.
2490 2723 2781 2780 Considera
2832 2734 3009 2779 autem
3045 2741 3058 2779 :
3090 2724 3177 2796 qui
3225 2726 3476 2795 pecunias
3522 2727 3661 2796 cupit
3714 2736 3770 2783 et

2186 2817 2380 2871 multas
2406 2814 2667 2887 possidet,
2703 2815 2773 2869 ita
2809 2814 3031 2871 allectus
3055 2825 3159 2882 est,
3189 2831 3250 2870 ac
3281 2816 3326 2871 si
3364 2816 3495 2872 nihil
3526 2818 3768 2873 haberet.

2187 2908 2422 2964 Haecine
2451 2906 2637 2961 morbo
2683 2906 2987 2975 perplexius
3020 2906 3147 2976 quid
3185 2921 3305 2962 esse
3336 2908 3543 2976 potest?
3585 2905 3772 2977 Neque

2189 3001 2292 3057 hoc
2317 3001 2511 3055 solum
2560 3014 2722 3068 grave
2747 3007 2849 3063 est,
2878 2999 2974 3053 sed
3004 3002 3164 3053 etiam
3210 3000 3350 3070 quod
3382 3002 3469 3070 qui
3502 3000 3679 3067 hubt'l,
3706 3016 3770 3056 ea

2192 3093 2303 3163 ipsa
2332 3108 2450 3164 quae
2476 3101 2621 3147 tenet
2645 3106 2751 3146 non
2778 3090 2975 3146 habere
2993 3091 3234 3145 videatur
3262 3109 3275 3145 :
3307 3092 3516 3145 etiamsi
3534 3094 3771 3146 omnium

2189 3186 2329 3242 bona
2358 3186 2649 3255 acceperit,
2697 3185 2865 3255 magis
2888 3185 3183 3250 cruciatur;
3207 3186 3415 3240 etiamsi
3444 3196 3657 3239 centum
3690 3195 3772 3237 tu-

2194 3279 2334 3334 lenta
2364 3277 2654 3349 possideat.
2680 3276 2821 3347 quod
2846 3276 2990 3331 mille
3010 3290 3115 3330 nou
3146 3275 3339 3331 habeat
3365 3275 3543 3342 dolet;
3567 3277 3609 3331 si
3629 3276 3777 3330 mille

2193 3372 2405 3437 habeat,
2433 3368 2575 3441 quod
2601 3368 2783 3424 decies
2824 3368 2969 3424 mille
3002 3383 3107 3423 non
3137 3368 3330 3423 habeat
3377 3369 3679 3434 mordetur;
3730 3368 3776 3421 si

2193 3463 2373 3517 decies
2394 3462 2541 3516 mille
2560 3461 2845 3528 acceperit,
2867 3459 3011 3528 quod
3036 3474 3142 3513 non
3160 3458 3340 3515 decies
3362 3459 3509 3528 plura
3528 3459 3776 3513 obtinue-

2196 3555 2266 3609 rit
2293 3554 2509 3623 angitur
2541 3569 2555 3605 :
2589 3552 2867 3621 majorque
2910 3550 3192 3620 acquisitio
3222 3549 3279 3604 fit
3324 3550 3399 3605 illi
3452 3552 3781 3621 paupertatis

2197 3644 2437 3699 accessio
2469 3662 2482 3698 :
2515 3658 2637 3695 nam
2674 3651 2873 3713 quanto
2901 3641 3054 3712 plura
3104 3643 3393 3713 acceperit,
3428 3650 3575 3696 tanto
3624 3641 3779 3712 plura

2198 3737 2486 3792 desiderat.
2517 3736 2658 3807 Ergo
2682 3746 2882 3806 quanto
2913 3735 3060 3806 plura
3090 3735 3380 3807 acceperit,
3415 3744 3561 3789 tanto
3614 3738 3779 3805 magis

2201 3844 2402 3901 pauper
2428 3827 2607 3883 evadit
2639 3847 2651 3882 :
2680 3828 2769 3899 qui
2796 3829 2941 3883 enim
2963 3826 3115 3897 plura
3136 3827 3425 3891 desiderat,
3457 3826 3625 3896 magis
3653 3842 3781 3895 pau-

2200 3938 2295 3994 pcr
2319 3933 2419 3978 est.
2440 3920 2572 3976 Cum
2603 3921 2761 3991 igitur
2786 3929 2997 3974 centum
3032 3918 3228 3973 talenta
3247 3918 3512 3983 habuerit,
3543 3918 3780 3973 nondum

2204 4024 2311 4068 tam
2338 4012 2615 4067 mendicus
2661 4019 2779 4075 est;
2809 4024 2933 4063 nam
2970 4009 3117 4064 mille
3142 4009 3443 4076 desiderat;
3488 4025 3608 4065 cum
3638 4011 3785 4065 mille

2202 4103 2489 4172 acceperit,
2518 4111 2645 4157 tunc
2671 4101 2841 4172 magis
2871 4117 3070 4171 pauper
3126 4101 3338 4169 evadit;
3373 4116 3475 4157 non
3504 4104 3608 4173 jam
3639 4102 3784 4157 enim

2204 4194 2349 4249 mille
2395 4203 2453 4248 ut
2503 4195 2645 4264 prius
2675 4196 2885 4264 qurerit,
2916 4194 3010 4249 sed
3058 4193 3242 4251 decies
3272 4195 3497 4269 millium
3523 4195 3623 4250 sibi
3651 4209 3787 4261 opus

2203 4300 2323 4341 esse
2369 4284 2517 4341 dicit.
2572 4286 2722 4353 Quod
2766 4287 2811 4340 si
2864 4286 3247 4355 concupiscere
3288 4295 3345 4341 et
3388 4302 3493 4341 non
3531 4286 3785 4355 consequi

2204 4380 2532 4450 voluptatem
2561 4394 2681 4435 esse
2726 4379 2894 4445 dicas,
2926 4380 3212 4449 voluptatis
3248 4392 3490 4434 naturam
3523 4379 3652 4434 mihi
3685 4378 3783 4433 ad-

2206 4472 2423 4527 modum
2446 4472 2688 4541 iguorare
2705 4470 2920 4525 videris.
2941 4471 3091 4537 Quod
3111 4472 3252 4525 enim
3276 4470 3377 4526 hoc
3393 4487 3497 4526 non
3518 4470 3785 4539 voluptas,

2209 4563 2302 4619 sed
2325 4564 2643 4633 supplicium
2668 4564 2755 4627 sit,
2778 4578 2892 4617 rem
2944 4562 3009 4616 ad
3038 4562 3184 4617 aliud
3230 4578 3415 4617 rursus
3461 4562 3789 4618 adducentes

2209 4659 2592 4711 examinemus.
2644 4654 2868 4723 Quando
2898 4655 3125 4723 sitimus,
3175 4670 3279 4710 non
3309 4655 3429 4711 ideo
3462 4655 3791 4711 delectamur

2210 4749 2453 4804 bibentes
2497 4752 2637 4819 quod
2691 4750 2833 4803 sitim
2876 4749 3146 4813 sedemus,
3192 4758 3245 4801 et
3278 4747 3398 4802 ideo
3434 4747 3679 4816 voluptas
3707 4754 3791 4800 est

2214 4850 2386 4912 potus,
2419 4842 2557 4911 quod
2577 4855 2603 4893 a
2628 4854 2819 4909 magno
2840 4855 2937 4894 nos
2969 4840 3155 4894 liberet
3174 4840 3433 4904 cruciatu,
3452 4854 3482 4892 a
3504 4837 3791 4907 cupiditate

2212 4930 2425 4987 bibendi
2454 4934 2681 5001 nempe?
2713 4930 2815 4986 hoc
2835 4930 3006 4985 cuivis
3036 4928 3373 4999 perspicuum
3414 4940 3515 4985 εει.
3546 4929 3698 4997 Quod
3746 4932 3791 4982 si

2213 5024 2264 5077 in
2296 5025 2383 5079 tali
2421 5025 2655 5093 appetitu
2696 5038 2911 5093 semper
2950 5022 3185 5075 mansuri
3225 5035 3485 5085 essemus,
3525 5035 3632 5075 non
3681 5035 3793 5074 me-

2214 5118 2332 5172 liori
2362 5117 2670 5173 conditione
2701 5128 2944 5171 essemus
2965 5128 3123 5183 quam
3152 5112 3303 5168 dives
3328 5113 3415 5167 ille
3434 5155 3451 5178 ,
3483 5112 3575 5182 qui
3607 5111 3792 5167 Lazari

2215 5225 2319 5263 non
2352 5211 2600 5263 misertus
2623 5217 2727 5270 est,
2759 5216 3014 5275 quantum
3043 5202 3247 5259 scilicet
3272 5202 3338 5257 ad
3361 5202 3604 5272 supplicii
3632 5200 3797 5257 ratio-

2216 5318 2336 5358 nem
2360 5319 2371 5356 :
2408 5317 2527 5355 nam
2557 5309 2611 5354 et
2633 5300 2706 5353 illi
2730 5297 2829 5353 hoc
2857 5295 3171 5367 supplicium
3194 5302 3251 5351 et
3270 5295 3473 5366 punitio
3492 5302 3627 5358 erat,
3653 5291 3794 5363 quod

2216 5410 2337 5449 cum
2389 5394 2587 5448 stillam
2642 5403 2859 5459 parvam
2904 5396 3149 5458 cuperet,
3197 5402 3305 5443 non
3357 5393 3675 5456 assequutus
3703 5384 3793 5439 sit.

2216 5485 2270 5539 ld
2326 5486 2468 5555 quod
2524 5481 2652 5536 mihi
2692 5480 2837 5533 avari
2874 5488 3131 5549 perpetuo
3176 5479 3286 5551 pati
3310 5478 3580 5541 videntur,
3608 5482 3665 5529 et
3720 5474 3794 5528 illi

2217 5577 2421 5632 similes
2463 5588 2586 5631 esse
2629 5573 2718 5644 qui
2760 5571 2981 5641 rogabat
3026 5581 3083 5628 ut
3119 5572 3257 5627 stilla
3285 5571 3572 5634 frueretur,
3625 5582 3798 5637 neque

2218 5679 2533 5739 assequutus
2590 5677 2674 5721 est
2705 5684 2718 5719 :
2750 5665 2857 5719 imo
2896 5666 3067 5737 magis
3118 5676 3438 5725 avarorum,
3489 5674 3647 5729 quam
3714 5665 3798 5713 di-

2224 5761 2345 5816 vitis
2395 5762 2569 5827 illius,
2646 5758 2820 5813 anima
2884 5756 3235 5813 comburitur.
3290 5754 3356 5809 Et
3401 5750 3622 5824 pulchre
3669 5750 3800 5806 dixit
