4028 6208
254 290 358 345 Ηθ

251 409 378 462 σθαι
414 404 509 459 καὶ
539 402 894 475 μαστίζεσθαι
924 404 1187 468 ἀθάνατα,
1233 404 1265 474 ἢ
1296 406 1354 457 ἐν
1385 402 1546 473 πενίᾳ
1588 401 1829 469 ζήσαντα

252 488 401 564 [ηε]
431 488 615 560 δικαίᾳ
643 488 849 559 βραχὺν
877 490 1087 560 καιρὸν,
1113 488 1381 557 διηνεκῶς
1424 505 1451 540 τ
1462 487 1638 557 ρυφᾷν
1669 484 1826 536 ὓστε-

252 590 378 645 ρονς
407 574 576 644 μήπω
599 573 710 645 γάρ
733 575 787 628 τί
818 574 1257 646 λυσιτελέστερον
1298 571 1666 640 ἐξετάσωμεν,
1698 565 1833 620 ἀλλά

246 656 386 721 τέως
410 657 466 713 τί
500 657 888 730 εὐκολώτερον.

320 890 390 945 Τί
408 891 463 946 δέ
494 891 665 963 ἥδιον,
690 891 823 964 δναρ
851 891 981 945 ίδεῖν
1015 889 1251 962 χρηστὸν
1277 889 1372 942 καὶ
1406 889 1463 941 ἐν
1487 887 1716 957 ἀληθείᾳ
1747 902 1844 939 κο-

248 973 532 1039 λάξεσθαι,
564 976 597 1047 ἢ
622 975 858 1046 χαλεπὸν
883 974 1015 1046 δναρ
1040 972 1217 1027 ίδόντα
1240 974 1298 1026 ἐν
1328 969 1557 1040 ἀληθείᾳ
1584 969 1835 1040 τρυφᾷνς

248 1059 351 1111 οὐκ
382 1058 605 1129 εὔδηλον
638 1059 720 1111 δτι
746 1056 939 1122 τοῦτο;
976 1056 1102 1119 Πῶς
1129 1051 1243 1121 οῦν,
1280 1053 1403 1108 είπέ
1440 1068 1552 1122 μοι,
1580 1053 1837 1123 τραχεῖαν

249 1140 439 1206 καλεῖς
464 1141 560 1211 τὴν
588 1141 820 1212 ἀρετήν;
844 1140 1085 1211 Τραχεῖα
1117 1139 1226 1207 γάρ
1246 1139 1361 1190 ἐστι
1391 1135 1527 1207 πρὸς
1559 1135 1657 1205 τὴν
1689 1133 1838 1201 61:7-

248 1227 423 1296 ωρίαν
453 1225 812 1295 ἐξεταζομένη
854 1225 950 1296 τὴν
974 1221 1269 1294 ἡμετέραν·
1302 1220 1425 1274 ἐπεὶ
1458 1221 1541 1272 δτι
1583 1236 1648 1287 γε
1677 1218 1837 1289 ῥᾳδία

249 1312 347 1364 καὶ
380 1310 622 1374 εὔκολος.
666 1311 901 1364 ἄκουσον
928 1311 980 1363 τί
1010 1325 1177 1380 φησιν
1207 1306 1236 1359 6
1272 1305 1527 1373 Χριστός·
1582 1304 1637 1355 '0
1666 1302 1839 1372 ζυγός

242 1412 368 1463 μου
396 1392 683 1463 χρηστός,
719 1395 820 1446 καί
845 1393 909 1445 τὸ
942 1390 1191 1460 φορτίον
1213 1406 1332 1458 μου
1364 1386 1652 1455 ἐλαφρόν.
1690 1384 1751 1437 El
1781 1382 1839 1436 δὲ

248 1478 354 1531 οὐκ
402 1477 632 1546 αἰσθάνῃ
687 1476 783 1543 τῆς
820 1475 1173 1544 κουφότητος,
1202 1470 1362 1539 δῆλον
1406 1471 1488 1522 ὅτι
1528 1466 1838 1538 προθυμίαν

249 1561 576 1634 ἐρρωμένην
614 1558 713 1612 οὐκ
740 1559 902 1629 ἔχεις.
931 1558 1142 1627 Ὠσπερ
1176 1554 1285 1625 γάρ
1313 1553 1516 1623 ταύτης
1544 1550 1712 1621 οὔσης
1742 1551 1839 1603 καὶ

248 1646 318 1697 τά
352 1642 521 1715 βαρέα
548 1642 749 1713 κοῦφα,
779 1642 953 1707 οὕτως
982 1642 1083 1698 οὐκ
1109 1640 1277 1711 οὔσης
1307 1639 1397 1692 καὶ
1429 1638 1498 1692 τά
1531 1634 1710 1705 κοῦφα
1744 1634 1838 1704 βα-

252 1728 371 1799 ρέα.
404 1728 468 1781 Τί
496 1728 626 1799 γὰρ,
651 1726 773 1781 εἰπέ
807 1745 922 1799 μοι,
945 1727 1043 1797 τῆς
1066 1725 1161 1779 τοῦ
1192 1724 1369 1796 μάννα
1389 1719 1670 1794 τραπέζης
1690 1718 1838 1788 ἥδιον

248 1811 347 1866 καὶ
402 1811 776 1883 άπονιὶιτερονς
850 1810 992 1865 ’Δλλ⁹
1046 1809 1429 1879 ἐδυσχέραινον
1486 1806 1535 1858 οἱ
1595 1802 1839 1856 Ἰουδαῖοι

247 1895 508 1967 τοιαύτης
530 1895 896 1956 ἀπολαύοντες
924 1894 1156 1965 τρυφῆς.
1189 1892 1255 1944 Τί
1292 1890 1453 1962 λιμοῦ
1492 1887 1837 1959 πικρότερον,

248 1980 349 2034 καὶ
374 1980 483 2033 τῶν
513 1980 691 2034 ἀλλων
725 1979 835 2032 τῶν
860 1976 1172 2048 ἐπιμόχθων
1199 1968 1276 2028 ὧν
1299 1973 1561 2041 ὑπέμεινε
1592 1969 1837 2033 Παῦλος;

261 2064 409 2119 Ἀλλ’
438 2064 667 2135 ἐσκίρτα
706 2064 800 2117 καὶ
831 2061 1017 2133 ἔχαιρε
1056 2060 1150 2115 καὶ
1191 2057 1367 2126 ἔλεγε·
1397 2055 1528 2110 Νῦν
1560 2053 1745 2123 χαίρω
1772 2055 1842 2106 ἐν

246 2148 377 2213 τοῖς
400 2147 717 2217 παθήμασί
735 2164 875 2216 μου.
914 2144 978 2198 Τί
1014 2140 1109 2197 οῦν
1136 2141 1198 2197 16
1236 2141 1442 2202 αῐτιονς
1483 2140 1549 2193 Ἦ
1576 2138 1672 2209 τῆς
1697 2136 1839 2206 γνώ-

249 2249 363 2306 μης
394 2230 647 2301 διαφορά.
674 2232 774 2283 Ἂν
795 2218 975 2283 τοίνυν
997 2227 1223 2299 ταύτην,
1257 2225 1377 2279 οταν
1409 2219 1547 2277 εἶναι
1580 2221 1708 2293 χρὴ,
1739 2236 1840 2306 κα-

246 2300 621 2388 τασκευάσῃς,
657 2314 778 2385 δψει
806 2315 905 2386 τὴν
930 2311 1179 2366 εὐκολίαν
1222 2314 1321 2383 τῆς
1352 2307 1576 2378 ἀρετῆς.
1610 2307 1677 2360 Τί
1710 2300 1803 2359 οῦν
1822 2344 1837 2367 ,

248 2402 489 2473 ἀπδντῆς
518 2399 745 2472 γνώμης
771 2400 881 2453 τῶν
914 2397 1209 2470 μετιόντων
1228 2395 1452 2465 τοιαύτη
1479 2394 1711 2465 γίνεται,
1739 2408 1843 2460 φη-

249 2490 338 2543 σίν
365 2506 379 2556 ;
406 2488 523 2541 Οὐκ
548 2486 656 2540 ἀπὸ
704 2485 808 2556 τῆς
852 2482 1082 2556 γνώμης
1128 2482 1309 2553 μόνον,
1368 2479 1505 2534 άλλά
1545 2480 1639 2533 καὶ
1680 2475 1841 2556 φύσει

248 2555 477 2643 τοιαύτη
510 2572 592 2633 τίς
625 2555 772 2623 ἐστι.
798 2570 909 2621 Kal
932 2568 1044 2638 γάρ
1076 2568 1125 2621 εί
1158 2566 1258 2637 μὲν
1287 2564 1466 2619 διόλου
1490 2562 1748 2624 ἐπίπονος
1774 2555 1841 2632 ἦν

249 2655 460 2725 ἐκείνη,
494 2653 590 2707 καὶ
628 2650 770 2721 αὕτη
807 2648 981 2703 διόλου
1022 2649 1081 2702 16
1112 2647 1376 2709 ἐναντίον,
1408 2646 1635 2709 είκότως
1664 2645 1731 2698 ἀν
1758 2660 1843 2705 τις

247 2740 363 2795 τῶν
393 2724 865 2793 ἀναπεπτωκότων
908 2729 1030 2788 εἷπε
1062 2732 1271 2801 ταύτην
1294 2728 1665 2797 εὐκολωτέραν
1694 2724 1843 2780 ἐκεί-

249 2841 373 2895 νης·
406 2824 455 2876 εί
476 2821 534 2876 δέ
559 2820 730 2892 ἀρχὴν
754 2818 969 2890 ἔχουσιν
1000 2820 1034 2889 ἡ
1070 2816 1169 2887 μὲν
1196 2813 1463 2886 χαλεπὴν,
1492 2813 1525 2883 ἡ
1554 2811 1609 2865 δὲ
1636 2810 1841 2895 ἡδεῖαν,

248 2892 324 2962 τά
375 2907 431 2962 δὲ
484 2905 613 2973 τέλη
646 2904 813 2958 πάλιν
842 2901 1173 2963 ἀπεναντίας
1207 2900 1419 2963 αὐταῖς,
1444 2897 1647 2968 ἄπειρα
1676 2895 1733 2949 δέ
1775 2892 1847 2947 τά

248 2990 406 3061 τέλη.
437 2990 536 3061 τῆς
569 2988 668 3059 μὲν
710 2987 772 3041 16
822 2985 941 3057 ἡδὺ,
980 2986 1079 3056 τῆς
1119 2984 1176 3037 δέ
1212 2982 1273 3035 16
1304 2980 1463 3051 βαρὺ,
1496 2980 1676 3043 ποίαν,
1720 2976 1845 3031 εἰπέ

254 3091 372 3145 μοι,
428 3071 798 3143 εὐκολώτερον
855 3068 1112 3134 ἐλέσθαι;
1162 3066 1227 3119 Τί
1278 3061 1371 3119 οὖν
1425 3066 1526 3135 οὐχ
1559 3062 1844 3145 αἱροῦνται

252 3144 446 3211 πολλοὶ
468 3156 529 3210 16
553 3155 811 3218 εὐκολονς
848 3154 970 3206 Ὀτι
998 3153 1049 3205 οί
1079 3150 1178 3221 μέν
1202 3147 1549 3211 ἀπιστοῦσιν,
1584 3147 1634 3198 οἱ
1663 3144 1720 3198 δὲ
1750 3144 1845 3198 καὶ

256 3241 627 3307 πιστεύοντες,
672 3239 1079 3312 διεφθαρμένην
1122 3234 1222 3306 τὴν
1250 3231 1479 3303 γνώμην
1507 3230 1714 3301 έχουσι,
1748 3230 1845 3283 καὶ

254 3328 450 3383 ιλοιντ’
490 3325 557 3379 ἀν
590 3326 691 3396 τὴν
726 3324 1061 3397 πρόσκαιρον
1094 3317 1287 3391 ἡδονὴν
1311 3315 1431 3371 ἀντὶ
1468 3314 1569 3383 τῆς
1596 3312 1841 3397 αἰωνίας.

256 3410 472 3467 Οὐκοῦν
500 3409 661 3464 τοῦτο
692 3396 940 3474 εὐκολονς
977 3406 1092 3459 Οὐκ
1132 3401 1375 3465 εὐκολον,
1418 3399 1534 3455 ἀλλ’
1583 3396 1846 3461 ἀσθενοῦς

253 3495 438 3565 ψυχῆς
456 3494 635 3548 τοῦτο.
665 3493 777 3546 Kal
806 3491 1058 3561 καθάπερ
1087 3489 1138 3541 οί
1171 3486 1548 3559 πυρέττοντες,
1577 3483 1678 3537 οὐκ
1702 3484 1847 3565 ἐπει-

253 3564 504 3647 ἣίῆδιον
538 3576 601 3627 16
633 3575 771 3643 πρὸς
804 3572 977 3642 βραχύ
1004 3572 1217 3641 τρυφᾷν
1243 3568 1337 3623 τοῦ
1359 3568 1535 3621 διόλου
1567 3564 1844 3628 καίεσθαι,

253 3658 348 3714 διὰ
381 3656 539 3709 τοῦτο
558 3654 933 3725 ψυχροποσίας
954 3652 1177 3721 ἐρῶσιν,
1199 3650 1314 3703 ἀλλ’
1337 3648 1523 3717 ἐπειδὴ
1552 3648 1846 3714 κατασχεῖν

254 3744 363 3798 οὐκ
398 3741 685 3813 ἀνέχονται
724 3736 828 3807 τῆς
858 3732 1155 3805 ἐπιθυμίας
1186 3732 1285 3802 τῆς
1309 3730 1535 3785 ἀτόπου·
1576 3728 1718 3813 οὕτω
1752 3727 1845 3781 καὶ

253 3823 429 3884 οὗτοι·
579 3822 633 3878 εί
674 3839 739 3892 γε
780 3821 873 3876 ἐπὶ
911 3818 1009 3892 τὴν
1038 3816 1259 3872 κόλασιν
1297 3832 1383 3880 τις
1417 3813 1614 3877 αὐτοὺς
1650 3811 1845 3885 ῐφερεν

254 3911 395 3984 δμοῦ
432 3910 574 3983 μετά
612 3907 711 3980 τῆς
740 3905 957 3979 ἡδονῆς,
978 3905 1079 3958 οὐκ
1106 3903 1171 3958 ἀν
1214 3918 1344 3956 ποτε
1372 3898 1579 3972 ταύτην
1619 3896 1853 3956 εἴλοντο..

252 3990 416 4061 Εἶδες
440 3995 555 4059 πῶς
577 3994 678 4049 οὐκ
699 3990 920 4045 εὐκολον
946 3991 979 4061 η
1006 3988 1200 4055 κακίας
1234 3986 1297 4041 El
1321 3986 1379 4040 δέ
1400 3985 1601 4055 βούλει,
1632 3984 1726 4041 καὶ
1759 3984 1845 4037 ἐπ’

254 4078 442 4135 αὐτῶν
476 4077 585 4131 τῶν
620 4074 958 4147 πραγμάτων
1006 4072 1352 4140 ἐξετάσωμεν
1398 4069 1458 4125 16
1500 4068 1636 4124 αὐτὸ
1687 4066 1847 4121 τοῦτο

256 4161 447 4216 πάλιν.
494 4158 560 4211 Τί
598 4158 707 4226 γάρ
747 4156 915 4225 ἥδιον.
970 4154 1091 4205 εἰπέ
1136 4169 1247 4221 μοι,
1301 4152 1393 4205 καὶ
1442 4151 1843 4221 εύκολώτερονς

270 4241 438 4298 Ἀλλά
483 4238 559 4311 μὴ
600 4239 764 4293 πάλιν
802 4236 912 4290 ἀπὸ
947 4237 1046 4306 τῆς
1107 4233 1404 4304 ἐπιθυμίας
1462 4234 1573 4286 τῶν
1635 4233 1845 4287 πολλῶν

254 4326 331 4382 τά
368 4324 671 4396 πράγματα
715 4320 1011 4393 κρίνωμεν·
1039 4318 1161 4372 οὐδέ
1195 4319 1305 4389 γάρ
1340 4317 1445 4371 ἀπὸ
1479 4317 1590 4371 τῶν
1624 4317 1845 4371 νοσούν-

253 4426 392 4475 των,
436 4406 551 4462 ἀλλ’
595 4404 705 4460 ἀπὸ
753 4404 864 4459 τῶν
919 4403 1273 4473 ὑγιαινόντων
1330 4400 1663 4471 ψηφίζεσθαι
1713 4402 1840 4473 χρή.

254 4492 396 4548 ωδε
422 4492 553 4564 γὰρ,
582 4488 649 4545 ἂν
679 4488 907 4560 μυρίους
940 4506 1032 4560 μοι
1056 4487 1237 4561 δείξῃς
1256 4488 1623 4557 πυρέττοντας
1653 4489 1745 4540 καὶ
1774 4486 1845 4540 τά

257 4573 479 4629 ἐναντία
523 4576 591 4645 τῇ
632 4573 793 4645 ὑγεία
822 4571 1141 4643 ζητοῦντας,
1179 4569 1273 4623 καὶ
1314 4570 1673 4640 αἱρουμένους
1706 4569 1845 4641 μετά

255 4658 435 4715 ταῦτα
468 4657 814 4724 κολάζεσθαι,
846 4656 1180 4726 ἀποδέξομαι
1226 4653 1325 4725 τὴν
1365 4654 1578 4724 αίρεσιν
1616 4654 1840 4726 ταύτην.

256 4745 327 4798 Τί
366 4743 543 4798 τοίνυν
588 4741 973 4813 εὐκολώτερον,
1008 4740 1131 4794 είπέ
1183 4756 1294 4810 μοι,
1330 4736 1580 4806 ἐφίεσθαι
1632 4738 1844 4795 πολλῶν

254 4828 581 4902 χρημάτων,
617 4828 651 4899 ἢ
700 4825 921 4896 μείζονα
963 4820 1104 4878 εἶναι
1138 4824 1238 4893 τῆς
1268 4821 1564 4891 ἐπιθυμίας
1602 4823 1840 4894 ταύτης;

269 4913 429 4981 Ἐμοὶ
454 4912 553 4981 μιν
583 4910 695 4980 γὰρ
719 4909 879 4963 τοῦτο
906 4909 1071 4963 δοκεῖ·
1107 4909 1157 4960 εί
1186 4908 1244 4962 δὲ
1273 4907 1436 4973 αὐτὸς
1464 4907 1731 4971 ἀπιστεῖς,
1756 4908 1841 4965 ἐπ’

253 4994 399 5052 αὐτὰ
431 4995 500 5048 τά
532 4994 837 5063 πράγματα
872 4994 963 5046 16v
1002 4992 1160 5060 λόγον
1197 4991 1517 5063 ἀγάγωμεν.
1556 4989 1705 5063 [125]
1736 4994 1843 5047 Kal

256 5080 403 5134 ιστω
436 5078 465 5129 6
496 5076 595 5145 μέν
635 5074 846 5129 πολλῶν
877 5076 1185 5146 ἐφιέμενος,
1214 5076 1243 5128 6
1274 5075 1333 5129 δέ
1371 5075 1618 5145 μηδενός·
1654 5074 1707 5128 τί
1738 5076 1846 5128 τοί·-

255 5180 357 5219 νυν
380 5162 650 5232 κρεῖττον,
679 5158 802 5211 εἰπέ
835 5174 947 5229 μοι,
975 5158 1071 5215 καὶ
1088 5157 1142 5212 τί
1167 5158 1495 5231 σεμνότερον
1520 5176 1535 5226 ;

332 5366 395 5421 ε’.
414 5365 574 5421 Ἀλλά
588 5363 744 5418 τοῦτο
764 5366 863 5438 μὲν
874 5367 1173 5437 παρείσθω·
1186 5368 1345 5423 τοῦτο
1359 5371 1466 5444 γὰρ
1478 5366 1841 5443 ὡμολόγηται,

256 5453 345 5507 ὃτι
378 5446 534 5517 οὗτος
562 5451 773 5504 ἐκείνου
801 5450 1147 5524 σεμνότερος·
1176 5455 1270 5507 καὶ
1294 5456 1448 5509 οὐδὲν
1490 5459 1618 5527 περὶ
1648 5459 1840 5513 τούτου

255 5534 534 5606 ζητοῦμεν
588 5532 705 5597 νῦν,
740 5535 878 5589 ἀλλά
921 5537 1002 5601 τίς
1050 5538 1417 5611 εὐκολώτερον
1473 5541 1537 5612 ζῇ
1592 5544 1705 5611 βίον
1751 5546 1843 5595 καὶ

257 5615 429 5687 ἥδιον.
474 5618 533 5669 ’0
567 5615 667 5687 μὲν
706 5615 816 5689 γάρ
850 5617 1184 5689 φιλάργυρος
1212 5620 1334 5674 οὐδὲ
1362 5621 1469 5674 τῶν
1499 5624 1667 5676 ὄντων
1709 5625 1843 5676 ἀπο-

259 5698 539 5753 λαύσεται·
593 5698 623 5751 δ
668 5699 776 5772 γὰρ
818 5700 981 5770 φιλεῖ,
1030 5702 1130 5755 οὐκ
1173 5702 1240 5757 ἀν
1288 5705 1465 5759 έλοιτο
1512 5706 1839 5778 δαπανῆσαι.

262 5785 379 5841 ἀλλ’
410 5785 585 5858 ἡδέως
634 5786 826 5840 ἐαυτὸν
855 5785 920 5841 ἂν
948 5786 1278 5856 κατακόψειε
1335 5791 1425 5843 ναὶ
1488 5791 1565 5845 τά.
1635 5794 1841 5863 σάρκας

262 5868 508 5940 πρόοιτο,
536 5868 571 5939 ἢ
602 5868 662 5921 16
694 5870 919 5941 χρυσίον
941 5888 953 5901 ·
1006 5874 1011 5879 ’
1053 5870 1101 5924 δέ
1140 5874 1496 5945 καταφρσινῶν
1544 5880 1842 5948 χρημάτων

1286 288 1354 343 IS
1395 285 1613 342 EPIST.
1658 284 1677 337 ἰ
1708 282 1797 337 AD
1834 282 1994 341 C0“.
2040 284 2273 345 HOMIL.
2305 290 2439 346 XIV.

3419 297 3518 351 I20

1936 401 2097 456 τοῦτο
2118 403 2254 469 τέως
2282 405 2561 475 ἐκέρδανε,
2598 403 2658 457 τὸ
2689 405 2794 457 τῶν
2822 405 2990 460 ὄντων
3019 406 3312 462 ἀπολαύειν
3334 408 3522 475 ἀτελῶς

1940 488 2035 539 καὶ
2098 490 2239 558 μετὰ
2291 490 2475 553 ἀδείας
2528 489 2753 557 πολλῆς,
2806 489 2899 541 καὶ
2950 491 3143 547 ἐαυτὸν
3202 492 3521 564 προτιθέναι

1938 574 2183 628 ἐκείνων.
2217 575 2283 628 Τί
2314 571 2409 630 οῦν
2440 576 2608 647 ἥδιον,
2648 579 2785 647 μετά
2843 576 3025 640 ἁδείας
3076 576 3375 631 ἀπολαύειν
3410 577 3523 632 τῶν

1937 658 2128 724 ὄντων,
2154 658 2188 728 ἢ
2232 660 2338 712 ὐπὸ
2385 660 2619 732 δεσπότῃ
2670 660 2850 726 ζῶντα
2892 659 2972 731 τῷ
3009 658 3245 729 πλούτῳ,
3294 660 3524 732 μηδενὸς

1935 745 2141 816 τολμᾷν
2171 744 2441 800 ἀπτεσθαι
2467 746 2576 799 τῶν
2602 746 2799 801 ἐαυτοῦ
2824 764 2839 809 ;
2869 746 3095 817 Ὅμοιον
3126 746 3235 814 γάρ
3257 740 3400 800 εἷναί
3430 764 3523 817 μοι

1935 828 2101 893 δοκεῖ,
2140 826 2330 899 ῶσπερ
2360 830 2427 883 ἂν
2456 830 2511 883 εί
2544 846 2687 893 τινες
2724 830 2917 898 ἄνδρες
2944 828 3038 883 δύο
3074 832 3340 896 γυναῖκας
3365 829 3523 901 ιχονο

1935 928 2047 976 τες,
2087 910 2183 964 καὶ
2225 911 2434 983 σφόδρα
2471 911 2650 966 αὐτῶν
2693 913 2951 983 ἐρῶντες,
2987 912 3063 984 μὴ
3089 913 3290 983 ὁμοίως
3334 913 3526 976 αὐταῖς

1937 994 2165 1066 χρῷντο·
2200 995 2337 1050 ἀλλὰ
2377 996 2455 1067 τῷ
2487 996 2587 1068 μὲν
2616 997 2708 1069 ἐξῇ
2748 998 2843 1051 καὶ
2882 997 3153 1052 ἅπτεσθαι
3197 996 3292 1051 καὶ
3316 996 3526 1067 ὁμιλεῖν

1937 1083 2004 1151 τῇ
2032 1080 2275 1148 γυναικὶ,
2303 1082 2500 1153 ἐκείνῳ
2551 1083 2607 1137 δὲ
2656 1083 2791 1155 μηδέ
2839 1083 3008 1153 ἐγγὺς
3057 1081 3335 1151 γενέσθαιι
3369 1081 3526 1138 Εἴπω

1940 1165 2033 1219 καὶ⁸
2062 1162 2268 1234 ἓτερον,
2319 1165 2415 1218 τοῦ
2448 1167 2547 1237 μέν
2577 1167 2677 1239 τὴν
2704 1167 2923 1238 ἡδονὴν,
2964 1165 3060 1221 τοῦ
3090 1165 3149 1218 δέ
3177 1165 3420 1237 ἀθυμίαν
3443 1167 3528 1221 ἐν·

1938 1247 2310 1318 δεικνύμενος.
2351 1249 2411 1301 Ὀ
2446 1248 2783 1321 φιλάργυρος
2828 1250 3085 1304 οὐδέποτε
3128 1250 3388 1320 στήσεται
3427 1250 3529 1319 τῆς

1941 1330 2238 1402 ἐπιθυμίας
2259 1330 2484 1401 ταύτης,
2508 1332 2569 1385 οὐ
2594 1332 2671 1403 τῷ
2710 1332 2784 1403 μὴ
2816 1333 3076 1387 δύνασθαι
3094 1333 3163 1388 τά
3191 1333 3410 1387 πάντων
3436 1332 3530 1385 λα-

1940 1415 2059 1469 ϐεῖν
2088 1416 2269 1483 μόνον,
2296 1414 2433 1469 ἀλλὰ
2467 1416 2560 1468 καὶ
2590 1415 2688 1486 τῷ,
2718 1417 2821 1477 ὅσα
2846 1417 2913 1470 ἂν
2947 1416 3333 1487 περιϐάληται,
3360 1416 3529 1487 μηδὲν

1939 1497 2192 1567 ἡγεῖσθαι
2226 1497 2392 1567 ἔχειν·
2416 1502 2444 1551 6
2469 1498 2524 1551 δὲ
2558 1499 2856 1571 χρημάτων
2882 1499 3265 1568 καταφρονῶν,
3300 1500 3531 1570 περιττά

1941 1580 2122 1633 πάντα
2161 1582 2449 1651 ἡγήσεται.
2478 1582 2573 1635 καὶ
2606 1584 2666 1636 οὐ
2696 1582 2914 1636 κολάσει
2942 1582 3043 1654 τὴν
3069 1580 3249 1653 ψυχὴν
3284 1582 3535 1653 ἀπεράνα

1940 1678 2054 1724 τοις
2094 1662 2433 1732 ἐπιθυμίαις.
2465 1663 2632 1715 Οὐδέν
2662 1664 2772 1735 γάρ
2799 1664 2973 1729 οὕτως
3010 1666 3091 1729 είς
3123 1664 3400 1728 κολάσεως
3444 1665 3529 1716 λό-

1941 1763 2036 1815 γον
2069 1748 2241 1809 ἐστὶν,
2275 1746 2350 1810 ώς
2380 1746 2645 1818 ἐπιθυμία
2674 1748 3030 1811 ἀπολαύσεως
3080 1749 3445 1821 ἐστερημένη,
3498 1746 3527 1800 δ

1945 1830 2182 1900 μάλιστα
2232 1831 2326 1883 καὶ
2367 1833 2469 1901 τὴν
2516 1831 2959 1903 διεστραμμένην
2999 1828 3242 1883 δείκνυσι
3274 1831 3522 1901 γνώμην.

1943 1917 2144 1969 Σκόπει
2190 1914 2265 1969 δέ·
2309 1916 2337 1968 6
2395 1915 2679 1987 ἐπιθυμῶν
2705 1915 3006 1988 χρημάτων
3048 1914 3143 1969 καὶ
3185 1914 3529 1986 κτησάμενος

1943 1998 2185 2063 πλείονα,
2212 2000 2288 2062 ώς
2311 2000 2463 2052 οὐδὲν
2486 1998 2624 2071 ἔχων
2650 1999 2917 2055 διάκειται
2948 2001 2976 2053 6
3007 1997 3265 2061 τοιοῦτος·
3295 1994 3405 2069 ἆρα
3432 1997 3531 2066 τῆς

1943 2084 2100 2137 νόσου
2134 2083 2337 2151 ταύτης
2362 2083 2848 2155 πολυπλοκώτερόν
2879 2102 2932 2137 τι
2958 2083 3159 2152 γένοιτ’
3190 2085 3291 2149 ἀν;
3335 2083 3446 2137 Kal
3468 2083 3529 2135 οὐ

1943 2167 2102 2221 τοῦτο
2149 2168 2311 2237 μόνον
2356 2168 2472 2220 ἐστὶ
2513 2167 2578 2219 16
2626 2166 2820 2232 δεινὸν,
2858 2166 2972 2221 ἀλλ’
3002 2169 3084 2222 ὅτι
3113 2168 3206 2221 καὶ
3233 2166 3394 2237 ἔχων,
3430 2167 3531 2219 οὐκ

1944 2252 2089 2323 ἔχειν
2118 2250 2267 2305 δοκεῖ
2292 2251 2430 2304 αὐτά
2458 2250 2494 2305 ά
2532 2250 2775 2322 κατέχει,
2814 2250 2910 2304 καὶ
2937 2250 3014 2315 ῶς
3037 2250 3139 2304 οὐκ
3163 2249 3304 2321 ιχων
3331 2249 3533 2303 κόπτε-

1942 2352 2055 2389 ται·
2085 2335 2191 2388 κᾶν
2218 2334 2284 2389 ea.
2308 2335 2527 2388 πάντων
2554 2334 2714 2407 λάϐῃ,
2742 2333 2943 2406 μᾶλλον
2973 2335 3209 2389 ἀνιᾶται·
3256 2332 3364 2387 κᾶν
3400 2335 3533 2402 κτή-

1946 2436 2107 2490 σηται
2135 2419 2333 2472 ἑκατὸν
2369 2419 2632 2485 τάλαντα,
2660 2420 2741 2474 ὅτι
2784 2419 2860 2491 μὴ
2896 2418 3044 2490 χίλια
3088 2417 3301 2478 ἐλαϐεν.
3352 2417 3529 2485 ἀλγεῖ·

1944 2501 2048 2556 κᾶν
2086 2502 2233 2572 χίλια
2258 2501 2397 2575 λάϐῃ
2415 2514 2466 2566 ι,
2490 2503 2571 2556 ὅτι
2606 2504 2680 2574 μὴ
2710 2504 2898 2573 μύρια,
2919 2504 3178 2559 δάκνεται
3194 2518 3208 2532 ·
3235 2501 3339 2556 κάν
3362 2500 3532 2574 μύρια

1942 2584 2104 2659 λάϐῃ,
2144 2586 2226 2640 ὅτι
2263 2585 2337 2657 μὴ
2360 2586 2583 2649 δεκάκις
2615 2585 2873 2647 τοσαῦτα,
2906 2586 3336 2640 κατακόπτεται·
3372 2586 3467 2638 καὶ
3498 2585 3531 2655 ﬂ

1944 2668 2146 2723 πλείων
2179 2671 2369 2739 κτῆσις
2398 2670 2547 2741 αὐτῷ
2575 2669 2861 2743 προσθήκη
2900 2670 3114 2738 γίνεται
3160 2669 3373 2732 πενίας·
3422 2669 3533 2737 δῦτε)

1943 2756 2053 2825 γάρ
2096 2751 2163 2807 ἀν
2213 2752 2355 2824 λάϐῃ
2407 2754 2649 2819 πλείονα,
2686 2756 2926 2825 τοσούτῳ
2962 2752 3223 2807 πλειόνων
3250 2751 3529 2821 ἐπιθυμεῖ.

1944 2839 2153 2894 οὐκοῦν
2182 2839 2292 2909 ὅσῳ
2326 2840 2391 2893 ἂν
2425 2840 2647 2894 πλείονα
2677 2837 2837 2910 λάϐῃ,
2880 2839 3121 2909 τοσούτῳ
3157 2836 3359 2908 μᾶλλον
3387 2836 3534 2904 γίνεο

1942 2942 2035 2978 ται
2073 2923 2268 2993 πένης·
2309 2925 2337 2976 6
2374 2924 2487 2995 γάρ
2511 2924 2771 2979 πλειόνων
2794 2921 3099 2995 ἐπιθυμῶν,
3135 2922 3335 2993 μᾶλλον
3363 2922 3535 2989 πίνης

1944 3008 2113 3062 ἐστίν.
2142 3008 2308 3061 ’Ὀταν
2340 3008 2438 3078 μὲν
2468 3003 2562 3062 οῦν
2591 3006 2785 3062 ἑκατὸν
2812 3005 2912 3080 ἔχῃ
2939 3006 3197 3071 τάλαντα,
3239 3004 3299 3059 οὐ
3332 3004 3536 3077 σφόδρα

1946 3090 2240 3161 πτωχεύει·
2269 3091 2458 3162 χιλίων
2473 3092 2584 3164 γάρ
2612 3091 2888 3162 ἐπιθυμεῖ·
2915 3090 3043 3146 ὅταν
3064 3088 3210 3163 χίλια
3231 3087 3533 3163 λάϐῃ,τότσ

1949 3174 2150 3246 μᾶλλον
2175 3175 2387 3241 γίνεται
2422 3175 2611 3247 πένης·
2642 3175 2829 3229 οὐκέτι
2860 3173 2970 3247 γὰρ
2998 3174 3189 3245 χιλίων
3217 3172 3295 3236 ὡς
3334 3170 3535 3243 πρότε-

1949 3273 2061 3327 ρον,
2085 3256 2220 3311 ἀλλά
2247 3258 2459 3331 μυρίων
2480 3257 2641 3313 αὐτὸν
2661 3260 2719 3312 ἐν
2740 3257 2901 3331 χρείᾳ
2928 3257 3095 3328 φησὶν
3120 3252 3282 3310 εἶναι.
3311 3255 3374 3308 El
3394 3253 3451 3307 δέ
3476 3253 3537 3307 16

1946 3339 2257 3407 ἐπιθυμεῖν,
2280 3343 2372 3395 καὶ
2400 3341 2475 3415 μὴ
2500 3341 2908 3412 ἐπιτυγχάνειν,
2933 3339 3128 3412 ἡδονὴν
3160 3332 3302 3392 εἶναι
3331 3336 3533 3409 λέγεις,

1944 3424 2160 3493 ἀγνοεῖν
2187 3444 2277 3497 μοι
2308 3426 2511 3497 σφόδρα
2540 3424 2719 3489 δοκεῖς
2742 3424 2846 3495 τῆς
2866 3423 3059 3497 ἡδονῆς
3080 3422 3181 3496 τὴν
3204 3424 3386 3493 φύσιν.
3410 3422 3536 3476 Ὅτι

1945 3508 2058 3581 γὰρ
2086 3510 2185 3581 οὐχ
2214 3510 2397 3582 ἡδονὴ,
2425 3508 2563 3570 ἀλλὰ
2595 3510 2820 3572 κόλασις
2846 3509 2906 3561 16
2937 3506 3201 3573 τοιοῦτον,
3229 3508 3315 3575 ἐφ’
3348 3506 3534 3575 ιτερον

1945 3588 2080 3642 αὐτὸ
2108 3588 2270 3644 πάλιν
2311 3588 2634 3656 ἀγαγόντες,
2669 3587 3037 3655 ἐξετάσωμεν.
3074 3587 3237 3638 Ὅταν
3267 3582 3533 3651 διψῶμεν,

1943 3668 2005 3721 οὐ
2026 3669 2114 3721 διὰ
2142 3669 2300 3721 τοῦτο
2333 3668 2574 3739 ἡδόμεθα
2599 3670 2866 3731 πίνοντες,
2889 3669 2973 3720 ὅτι
3000 3667 3063 3722 τὸ
3082 3666 3234 3735 δίψος
3260 3663 3532 3735 παύομεν,

1946 3752 2041 3806 καὶ
2064 3751 2154 3807 διὰ
2180 3752 2340 3806 τοῦτο
2366 3754 2531 3826 ἡδονὴ
2558 3752 2620 3807 16
2644 3752 2842 3819 πίνειν,
2869 3753 2948 3807 ὅτι
2974 3751 3219 3824 μεγάλης
3252 3752 3401 3823 ἡμᾶς
3425 3750 3535 3804 ἀπ-

1946 3835 2199 3892 αλλάττει
2234 3836 2494 3908 βασάνου,
2536 3837 2638 3909 τῆς
2681 3836 2983 3910 ἐπιθυμίας
3020 3835 3165 3906 λέγω
3193 3835 3287 3890 τοῦ
3319 3836 3532 3900 πίνεινς

1948 3923 2111 3978 παντί
2138 3941 2239 3980 που
2269 3924 2449 3993 δῆλον.
2482 3922 2635 3998 [124]
2674 3925 2739 3979 El
2766 3923 2825 3979 δέ
2852 3923 3145 3996 μέλλοιμεν
3174 3922 3234 3976 ἐν
3268 3920 3537 3991 ἐπιθυμίᾳ

1945 4008 2037 4062 ἀεὶ
2084 4008 2382 4079 διατρίϐειν
2432 4007 2677 4079 τοιαύτῃ,
2733 4007 2888 4063 οὐδὶν
2930 4007 3152 4062 ἔλαττον
3193 4006 3391 4079 ἕξομεν
3438 4004 3534 4058 τοῦ

1948 4089 2203 4143 πλουσίου
2242 4090 2336 4143 τοῦ
2379 4090 2473 4143 ἐπὶ
2504 4088 2599 4142 τοῦ
2626 4090 2882 4159 Λαζάρου
2922 4092 3004 4154 είς
3031 4090 3306 4152 κολάσεως
3339 4088 3530 4153 λόγον·

1946 4173 2069 4225 ἐπεὶ
2114 4172 2207 4228 καὶ
2254 4170 2449 4245 ἐκείνῳ
2479 4172 2703 4237 κόλασις
2740 4172 2901 4227 τοῦτο
2933 4167 3023 4244 ἦν,
3053 4172 3115 4226 16
3160 4169 3533 4241 ἐπιθυμοῦντα

1948 4254 2194 4326 σφοδρῶς
2254 4257 2515 4326 σταγόνος
2572 4257 2796 4329 μικρᾶς,
2831 4254 2907 4329 μὴ
2948 4255 3094 4327 ἐχειν
3122 4252 3153 4294 δ
3179 4254 3271 4310 τὸν
3325 4252 3534 4324 ταύτην

1947 4339 2279 4410 παρέχοντα·
2318 4341 2456 4413 ὅπερ
2482 4342 2575 4395 καί⁸
2609 4342 2659 4395 οἱ
2691 4340 3020 4413 φιλάργυροι
3061 4341 3295 4410 πάσχειν
3327 4356 3416 4410 μοι
3445 4338 3533 4391 δο-

1945 4421 2104 4475 κοῦσι
2134 4423 2418 4493 διηνεκῶς,
2450 4422 2546 4478 καὶ
2575 4426 2696 4478 κατ’
2729 4427 2936 4477 ἐκεῖνον
2971 4420 3110 4477 εἶναι
3147 4423 3239 4476 τὸν
3276 4420 3533 4486 ἀξιοῦντα

1946 4506 2149 4577 ταύτης
2196 4506 2526 4571 ἀπολαῦσαι,
2575 4507 2671 4559 καὶ
2707 4506 2783 4576 μὴ
2824 4505 3284 4575 ἐπιτυγχάνοντα·
3330 4505 3533 4575 μᾶλλον

1946 4591 2056 4662 γάρ
2083 4592 2262 4645 αὐτῶν
2298 4593 2330 4659 ἡ
2362 4589 2512 4660 ψυχὴ
2544 4590 2645 4661 τῆς
2685 4591 2897 4644 ἐκείνου
2931 4590 3167 4644 καίεται.
3200 4590 3307 4643 Kal
3352 4587 3533 4653 καλῶς

1945 4691 2031 4737 τις
2063 4671 2214 4726 εἶπεν
2265 4673 2551 4741 ὑδερικούς
2592 4691 2742 4739 τινας
2782 4669 2922 4729 εἶναι
2968 4678 3097 4738 τοὺς
3140 4672 3529 4745 φιλαργύρους.

1945 4757 2213 4829 Καθάπερ
2240 4758 2348 4830 γὰρ
2384 4761 2579 4813 ἐκεῖνοι
2603 4760 2737 4813 πολὺ
2769 4759 3027 4829 φέροντες
3058 4758 3203 4830 ὕδωρ
3236 4760 3293 4811 ἐν
3320 4757 3400 4828 τῷ
3428 4757 3532 4810 σώ-

1947 4857 2079 4912 ματι
2133 4841 2334 4911 μᾶλλον
2381 4842 2715 4896 ἐκκαίονται·
2761 4842 2904 4896 οὕτω
2945 4843 3039 4895 καὶ
3096 4842 3146 4894 οἱ
3203 4839 3529 4912 φιλάργυροι

1946 4921 2115 4977 πολλὰ
2162 4924 2549 4995 περιφέροντες
2587 4926 2843 4996 χρήματα
2892 4925 3152 4978 πλειόνων
3180 4922 3525 4995 ἐπιθυμοῦσι.

1944 5006 2018 5059 Τὸ
2040 5006 2098 5061 δέ
2125 5006 2315 5071 αἴτιον,
2347 5008 2429 5062 ὅτι
2451 5006 2575 5062 οὔτε
2609 5011 2804 5064 ἐκεῖνοι
2839 5009 2896 5062 ἐν
2928 5010 3039 5071 τοῖς
3070 5008 3408 5078 προσήκουσι
3437 5007 3529 5061 τό·-

1944 5106 2069 5157 ποις
2099 5091 2162 5145 16
2196 5090 2340 5159 ’ύδωρ
2362 5090 2595 5160 ἔχουσιν,
2626 5090 2745 5145 οὐδὲ
2778 5086 2921 5146 οὗτοι
2956 5092 3013 5143 ἐν
3046 5092 3157 5152 τοῖς
3196 5092 3527 5161 προσήκουσι

1943 5174 2222 5245 λογισμοῖς
2277 5175 2377 5244 τὴν
2418 5175 2733 5246 ἐπιθυμίαν.
2778 5174 3071 5248 Φεύγωμεν
3106 5171 3201 5228 οὖν
3244 5173 3344 5245 τὴν
3371 5175 3528 5246 ξένην

1940 5257 2144 5327 ταύτην
2174 5258 2266 5312 καὶ
2316 5257 2477 5329 κενὴν
2502 5258 2656 5311 νόσον
2684 5269 2731 5324 ε,
2772 5258 3062 5329 φεύγωμεν
3106 5257 3205 5330 τὴν
3241 5257 3396 5328 ῥίζαν
3420 5260 3528 5312 τῶν

1945 5339 2152 5402 κακῶν,
2180 5340 2467 5411 φεύγωμεν
2490 5342 2589 5413 τὴν
2619 5342 2899 5413 παροῦσιν
2923 5344 3163 5411 γέενναν·
3199 5344 3389 5411 γέεννα
3421 5344 3527 5416 γάρ

1944 5426 1975 5495 ὴ
2007 5426 2208 5477 τούτων
2241 5426 2521 5495 ἐπιθυμία.
2562 5427 2891 5496 Ἀνάπτυξον
2915 5426 3044 5497 γοῦν
3073 5430 3172 5500 τὴν
3202 5428 3378 5501 ψυχὴν
3399 5430 3527 5482 ἐκάο

2008 5770 2035 5798 ⁶
2056 5769 2192 5831 Λάϐῃ
2229 5771 2400 5819 deerat
2421 5772 2470 5820 in
2499 5772 2662 5831 editis,
2698 5774 2785 5820 sed
2814 5770 3023 5821 habetur
3044 5770 3090 5819 in
3119 5770 3239 5832 Reg.

1944 5827 2083 5899 θαμεια-
2109 5827 2180 5891 μὴ’
2207 5832 2520 5899 ἐπιτυγχάνει.
2532 5871 2542 5881 .

1948 5894 2045 5939 Clio
2067 5905 2161 5940 non
2186 5894 2482 5955 spernenda.

3325 5770 3526 5834 51490-

2633 5824 2659 5863 έ
2681 5833 2823 5896 “83.,
2848 5834 2928 5882 καὶ
2949 5835 3114 5891 καινὴν
3136 5824 3290 5896 νόσον,
3315 5849 3425 5901 qua:
3442 5824 3521 5885 ’ίθο
