4028 6208
187 368 295 426 121

183 482 456 554 quispiam
519 492 710 534 avaros
767 490 885 531 esse
936 473 1276 545 hydropicos.
1325 471 1780 541 Quemadmodum

186 576 339 630 enim
369 573 445 627 illi
475 571 693 625 multam
718 569 768 622 in
798 581 1024 636 corpore
1051 575 1319 634 gestantes
1358 581 1568 634 aquam,
1615 565 1780 633 magis

184 672 492 717 exuruntur
522 679 536 714 :
566 660 644 714 sic
671 669 723 713 et
756 658 900 711 avari
931 657 1125 709 multas
1154 653 1588 708 circumferentes
1619 671 1780 723 peru—

183 756 307 807 nias
335 792 350 816 ,
400 752 579 820 plures
629 750 1034 817 concupiscunt.
1061 745 1230 800 Causa
1275 756 1450 799 autem
1483 747 1596 800 ba-c
1647 757 1728 800 est
1763 765 1775 801 :

182 859 365 915 neque
391 844 466 896 illi
499 843 548 895 in
571 840 986 909 congruentibus
1016 839 1144 893 locis
1165 854 1330 908 aquas
1361 837 1574 904 habent,
1606 855 1780 908 neque

174 937 274 990 isti
301 935 356 989 in
385 934 802 1003 congruentibus
828 932 1236 1002 c0gitationibus
1264 932 1772 1000 concupiscentiam.

181 1025 476 1098 Fugismns
506 1041 636 1093 ergo
679 1026 816 1078 hunc
863 1025 1096 1077 alienum
1149 1034 1202 1078 et
1255 1023 1463 1077 inanem
1496 1025 1772 1088 morbum,

181 1120 454 1188 fugiamus
483 1118 714 1172 radicem
745 1113 1024 1177 malorum,
1055 1116 1314 1185 fugiamus
1345 1127 1659 1183 prmsentem
1685 1132 1772 1186 ge-

178 1211 458 1274 hennam;
495 1209 733 1280 gehenna
758 1209 897 1264 enim
927 1217 1009 1262 est
1031 1224 1214 1261 eorum
1248 1208 1532 1276 cupiditas.
1557 1209 1771 1284 Explica

175 1317 314 1371 ergo
337 1301 593 1371 cujusque
625 1302 887 1364 animam,
920 1310 973 1354 et
999 1301 1110 1368 ejus
1143 1300 1230 1368 qui
1252 1301 1504 1369 pecunias
1524 1301 1772 1370 despicit,

178 1404 238 1448 et
269 1394 386 1462 ejus
411 1395 498 1464 qui
528 1409 632 1447 non
657 1393 916 1462 despicit;
944 1403 996 1445 et
1029 1391 1230 1446 videbis
1279 1392 1420 1447 hunc
1453 1394 1662 1462 quidem
1693 1396 1772 1448 fu-

180 1486 429 1540 rentibus
457 1500 578 1540 esse
604 1485 853 1547 similem,
884 1485 968 1552 qui
1003 1484 1131 1536 nihil
1165 1484 1243 1537 vel
1271 1485 1450 1538 videre
1477 1486 1558 1539 vel
1583 1485 1770 1540 audire

179 1578 348 1635 velit;
374 1575 513 1630 hunc
532 1590 658 1630 vero
683 1576 852 1642 portui
880 1591 907 1627 a
934 1574 1180 1628 fluctibus
1202 1577 1370 1629 libero
1396 1594 1406 1628 :
1430 1575 1515 1630 hic
1533 1578 1765 1630 omnium

175 1676 263 1720 est
294 1668 517 1728 amicus,
551 1675 605 1720 ut
636 1666 722 1719 ille
755 1666 940 1719 hostis.
965 1666 1094 1718 Nam
1134 1667 1232 1719 etsi
1266 1668 1381 1734 quis
1412 1667 1634 1736 accepit,
1661 1684 1764 1728 non

1220 358 1282 414 lN
1322 358 1534 414 EPIST.
1580 357 1598 411 l
1660 357 1752 412 AD
1785 358 1943 412 COR.
1985 355 2216 414 llOMlL.
2261 359 2374 416 XV.

3371 364 3471 422 ηε

1891 473 2034 525 illum
2061 471 2222 527 at’licit
2250 474 2488 529 molestia
2511 493 2525 539 ;
2548 473 2592 528 si
2612 473 2739 546 quis
2755 490 2963 531 rursum
2990 476 3086 547 ipsi
3109 478 3339 546 dederit,
3364 497 3469 539 non

1890 566 2124 630 inﬂavit;
2157 567 2250 621 sed
2273 577 2356 621 cst
2381 566 2623 638 quaedam
2646 568 2782 637 apud
2820 569 2968 624 illum
3008 571 3230 629 libertas
3253 589 3466 630 onmem

1887 655 2088 711 habens
2113 657 2454 712 securitatem
2487 676 2500 713 :
2547 667 2601 712 et
2626 660 2714 714 hic
2749 660 2964 731 quidem
2991 662 3242 718 omnibus
3260 664 3467 720 adulari

1885 763 2005 801 cum
2053 747 2481 804 dissimulatione
2533 752 2762 820 cogitur,
2816 751 2905 808 ille
2933 763 3110 809 autem
3138 757 3360 814 nemini.
3409 759 3465 814 Si

1883 853 2010 906 ergo
2041 848 2094 893 et
2125 854 2326 908 pauper
2353 850 2435 894 est
2465 857 2658 894 avarus
2703 851 2758 897 et
2810 844 3046 908 timidus,
3089 846 3367 904 simulator
3414 861 3467 904 et

1884 931 2180 1002 hypocrita,
2214 948 2276 987 ac
2316 933 2613 989 terroribus
2646 934 2852 1002 plenus,
2879 938 3116 992 cruciatu
3146 949 3302 1008 atque
3333 958 3464 1008 sup-

1884 1022 2076 1090 plicio;
2108 1024 2195 1093 qui
2229 1039 2358 1078 vero
2394 1026 2644 1093 pecunias
2673 1026 2916 1094 despicit,
2962 1030 3242 1084 contrariis
3274 1031 3466 1086 fruitur

1881 1114 2129 1168 omnibus
2156 1130 2368 1170 :annon
2403 1117 2576 1184 palam
2606 1128 2686 1170 est
2713 1118 2964 1173 virtutem
2988 1137 3109 1176 esse
3126 1109 3487 1178 suaviorem?

1879 1207 1956 1260 Ae
1983 1206 2185 1275 reliqua
2235 1207 2393 1260 etiam
2427 1209 2812 1263 insectaremur
2846 1212 3009 1277 mala,
3041 1214 3194 1282 queis
3226 1219 3464 1270 ostendi-

1881 1307 1983 1362 tur,
2014 1298 2142 1352 nihil
2161 1298 2300 1368 quod
2323 1300 2519 1354 malum
2539 1302 2610 1354 sit
2631 1300 2824 1356 habere
2848 1302 3196 1372 voluptatem,
3227 1307 3326 1360 nisi
3350 1309 3459 1375 jam

1877 1393 2043 1445 multa
2071 1407 2100 1445 a
2134 1393 2288 1447 nobis
2316 1394 2562 1461 superius
2591 1393 2734 1448 dicta
2764 1396 3005 1450 fuissent.
3034 1397 3158 1452 llmc
3187 1415 3313 1468 ergo
3338 1417 3459 1455 eum

1875 1483 2143 1550 sciamus,
2191 1483 2451 1552 eligamus
2503 1485 2794 1552 virtutem,
2852 1496 2912 1541 ut
2959 1498 3010 1540 et
3057 1487 3140 1543 hic
3191 1492 3460 1559 voluptate

1874 1573 2133 1636 fruamur,
2157 1583 2210 1628 et
2232 1574 2404 1629 futura
2428 1590 2821 1647 consequamur
2846 1579 3003 1643 bona,
3028 1582 3198 1648 gratia
3221 1591 3275 1636 et
3305 1582 3424 1637 beni
3440 1613 3456 1624 ο

1870 1666 2069 1736 guitate
2087 1709 2102 1733 ,
2130 1676 2233 1721 etc.

178 1802 3442 1825 “NW

1531 1878 1874 1939 HOMILIA
1919 1878 2062 1937 XV.

168 2023 306 2079 CAP.
337 2025 390 2078 5.
423 2039 470 2075 ν.
514 2025 558 2076 l.
596 2023 812 2076 Omnino
852 2022 1058 2074 auditur
1093 2021 1222 2074 inter
1257 2037 1341 2074 vos
1382 2023 1649 2092 fornicatio
1671 2063 1683 2084 ,
1719 2031 1762 2075 et

245 2117 364 2168 talis
396 2116 663 2183 fornicatio
686 2156 699 2176 ,
731 2131 840 2181 qua?
867 2130 966 2165 non
997 2114 1124 2166 inter
1151 2123 1317 2182 gente“
1348 2113 1635 2165 nominatur
1661 2154 1672 2173 ,
1710 2123 1761 2164 ut

244 2223 454 2260 uxorem
497 2208 654 2274 patris
691 2207 774 2258 sui
816 2207 996 2272 aliquis
1030 2204 1225 2256 habeat.
1268 2203 1319 2256 2.
1367 2203 1430 2255 Et
1471 2219 1556 2254 vos
1597 2204 1761 2271 inﬂati

243 2302 385 2362 estis,
417 2312 461 2353 et
490 2317 588 2353 non
619 2301 776 2369 magis
810 2299 1007 2352 luxistis
1033 2340 1048 2363 ,
1079 2308 1129 2351 ut
1162 2297 1366 2351 tollatur
1396 2296 1457 2348 de
1482 2294 1647 2349 medio
1673 2312 1756 2349 ve-

239 2403 402 2448 strum
428 2395 511 2461 qui
538 2394 630 2445 hoc
661 2409 787 2461 opus
813 2392 948 2460 fecit.

243 2485 298 2537 1.
332 2483 556 2549 Quando
582 2483 879 2537 disserebat
903 2482 970 2535 de
1001 2480 1211 2535 illorum
1245 2479 1580 2533 dissensione
1606 2519 1618 2540 ,
1651 2493 1756 2531 non

161 2576 350 2628 statim
383 2574 683 2629 vehementi
713 2589 842 2628 usus
871 2582 956 2628 est
986 2587 1234 2626 sermone
1258 2611 1273 2636 ,
1305 2571 1396 2626 sed
1427 2569 1757 2624 mansuetius

165 2665 346 2734 primo
387 2666 578 2729 oravit,
610 2664 932 2733 demumque
977 2665 1028 2716 in
1071 2665 1466 2717 accusationem
1493 2661 1651 2715 desiit
1675 2661 1756 2715 his

165 2756 392 2810 verbis:
428 2755 782 2824 Signi/iratum
832 2755 962 2807 enim
1002 2761 1070 2807 est
1113 2753 1237 2805 mihi
1276 2753 1340 2806 de
1380 2750 1755 2819 t-obis,,fratres

163 2847 305 2911 mei,
344 2847 405 2899 ab
430 2847 490 2898 iis
519 2847 601 2913 qui
630 2855 746 2899 sunt
786 2845 997 2906 Chloes,
1036 2844 1170 2914 quod
1199 2843 1538 2896 contentiones
1567 2843 1666 2896 sint
1689 2843 1754 2895 in

163 2938 310 2990 vobis
345 2938 418 3006 (l.
456 2935 572 2991 Cor.
607 2936 656 2990 ί.
689 2937 801 3005 ll).
833 2935 929 2990 llic
958 2945 1133 2988 autem
1167 2950 1268 2988 non
1301 2935 1412 2996 sic,
1450 2933 1542 2988 sed
1573 2933 1750 2986 statim

161 3028 384 3097 pungit;
415 3036 469 3080 et
499 3036 752 3095 quantum
797 3027 910 3080 fieri
954 3035 1161 3094 potest,
1191 3025 1430 3080 criminis
1459 3025 1750 3094 exprobra-

162 3120 367 3172 tionem
391 3132 724 3170 communem
751 3116 939 3169 reddit.
972 3115 1151 3185 Neque
1177 3117 1318 3172 enim
1341 3117 1471 3169 dixit
1497 3133 1509 3168 :
1534 3114 1640 3170 Cur
1663 3114 1751 3169 ille

160 3209 460 3264 fornicatus
481 3208 598 3263 est?
621 3208 734 3273 sed,
758 3207 975 3262 Omnino
1000 3209 1204 3262 auditur
1222 3210 1272 3260 in
1295 3207 1430 3260 vobis
1448 3207 1749 3277 fornicatio:

163 3311 224 3354 ut
255 3316 321 3352 ne
345 3300 494 3369 quasi
524 3299 678 3353 alieni
709 3300 928 3353 omnino
957 3314 984 3352 a
1012 3299 1380 3352 criminatione
1422 3298 1749 3365 negligenter

160 3399 406 3460 agerent,
453 3389 544 3444 sed
592 3391 641 3442 in
690 3391 956 3444 communi
1000 3389 1270 3458 percussi,
1321 3396 1375 3442 et
1419 3389 1652 3442 Ectlesia
1696 3390 1746 3442 in

159 3483 370 3536 crimen
404 3491 586 3536 vocata
612 3523 626 3544 ,
658 3484 734 3536 sic
759 3482 971 3536 solliciti
1003 3481 1376 3535 redderentur.
1411 3480 1574 3533 Nemo
1604 3480 1744 3533 enim

158 3573 327 3637 dicet,
359 3573 545 3642 inquit,
573 3573 663 3626 llle
694 3573 979 3626 fornicatus
1002 3582 1115 3636 est;
1147 3573 1238 3626 sed
1271 3574 1321 3625 in
1348 3571 1743 3625 Corinthiorum

161 3663 405 3717 Ecclesia
437 3664 630 3716 factum
652 3673 733 3717 est
763 3674 1054 3732 peccatum.
1087 3665 1195 3718 Nec
1221 3665 1373 3727 dixit,
1409 3664 1764 3733 Perpetratur,

159 3753 474 3817 fornicatio;
525 3753 618 3806 sed
660 3753 897 3820 Auditur,
932 3771 1045 3822 quas
1087 3771 1148 3807 ne
1183 3755 1381 3823 quidem
1422 3756 1552 3806 inter
1578 3764 1746 3822 gentes

158 3844 488 3897 nominatur.
515 3843 738 3912 Semper
768 3842 908 3896 enim
939 3858 1000 3896 ex
1040 3845 1286 3911 gentibus
1324 3843 1515 3911 probra
1552 3845 1744 3912 ingerit

160 3936 442 4000 fidelibus;
487 3945 542 3991 et
585 3935 1154 3990 Thessalonicensibus
1200 3936 1440 3991 scribens
1489 3937 1739 3990 dicebat:

163 4027 519 4097 Unusquisque
571 4045 656 4083 vas
703 4046 848 4082 suum
899 4028 1151 4099 possideat
1200 4031 1251 4082 in
1309 4030 1740 4097 sanctiﬁcatione,

158 4137 261 4173 non
318 4122 369 4172 in
425 4121 654 4187 passione
709 4121 980 4184 desiderii,
1033 4121 1157 4174 sicut
1215 4131 1260 4173 et
1323 4132 1515 4174 creterra
1574 4132 1743 4190 gentes

159 4215 237 4282 (Ι.
266 4211 447 4265 Thess.
469 4214 523 4267 4.
552 4213 604 4266 4.
632 4213 720 4281 5);
750 4209 1153 4266 Colossensibus
1179 4223 1352 4266 autem
1377 4223 1429 4267 et
1455 4212 1700 4282 Ephesiis
1727 4232 1738 4266 :

161 4303 245 4356 Ne
306 4305 442 4357 ultra
493 4305 754 4359 ambuletis
814 4306 940 4359 sicut
997 4305 1206 4373 reliqua:
1256 4315 1424 4376 gentes
1482 4306 1742 4359 ambulant

159 4395 380 4464 (Ep/les.
404 4396 458 4450 4.
485 4396 594 4466 l‘l).
626 4395 678 4452 Si
708 4405 883 4451 autem
907 4397 1093 4452 eadem
1122 4398 1232 4468 ipsa
1261 4414 1380 4467 qnze
1409 4408 1592 4469 gentes
1619 4414 1742 4467 pee-

156 4501 284 4538 care
309 4487 510 4554 ignosci
543 4488 742 4556 nequit,
773 4489 997 4556 gentiles
1027 4490 1173 4557 ipsos
1201 4505 1263 4542 ea
1294 4490 1342 4541 in
1377 4505 1432 4541 re
1463 4505 1737 4557 superare,

157 4590 414 4645 quonam,
448 4587 649 4648 quaiso,
684 4579 735 4632 in
762 4582 879 4632 loco
908 4582 1202 4649 ponemus?
1233 4581 1385 4649 Apud
1416 4581 1538 4635 illos
1572 4583 1735 4650 enim,

158 4669 352 4738 inquit,
379 4685 482 4723 non
507 4669 664 4725 modo
688 4671 815 4724 nihil
843 4680 1183 4740 perpetretur
1205 4671 1530 4739 hujusmodi,
1557 4672 1648 4726 sed
1674 4689 1740 4729 ne

156 4760 463 4813 nominatur
486 4759 720 4830 quidem.
748 4760 989 4815 Vidistin‘
1012 4777 1287 4832 quousque
1315 4764 1514 4816 crimen
1537 4765 1741 4819 extule-

157 4848 267 4901 rit?
291 4848 422 4903 Cum
447 4853 586 4904 enim
617 4850 748 4904 tales
774 4861 1065 4907 cernUutur
1092 4854 1361 4908 invenisse
1389 4856 1609 4908 luxuriae
1633 4871 1741 4911 mo-

155 4939 275 5002 dos,
303 4954 439 5009 quos
470 4941 712 4997 infideles
735 4958 838 4997 non
865 4944 1024 4999 modo
1048 4956 1355 5014 perpetrare
1384 4961 1488 5000 non
1516 4948 1735 5016 audent,

154 5029 247 5084 sed
282 5046 350 5085 ne
375 5044 569 5087 norunt
598 5036 812 5104 quidem
834 5078 849 5103 ,
885 5037 1167 5091 incliabilis
1191 5049 1270 5092 est
1299 5041 1501 5108 peccati
1530 5043 1737 5112 magni-

156 5121 303 5175 tudo.
351 5121 479 5176 Illud
517 5137 718 5195 autem,
748 5126 891 5182 Inter
927 5144 1033 5194 vos,
1078 5144 1173 5198 per
1215 5129 1490 5199 emphasin
1537 5133 1737 5190 dictum

154 5224 268 5277 est;
305 5211 405 5266 hoc
431 5222 532 5278 est,
575 5216 712 5271 inter
742 5233 835 5273 vos
870 5217 1074 5285 fideles,
1111 5220 1200 5289 qui
1243 5230 1384 5275 tanta
1425 5226 1737 5292 percepistis

157 5304 433 5378 mysteria,
475 5306 568 5375 qui
608 5322 923 5364 arcanorum
965 5311 1252 5380 participes
1291 5310 1501 5378 fuistis,
1541 5316 1629 5383 qui
1672 5319 1736 5372 ad

156 5399 348 5454 cst-lum
365 5396 533 5452 vocati
556 5398 705 5452 estis.
733 5399 917 5455 Viden‘
944 5411 1138 5473 quanta
1163 5402 1525 5472 indignatione
1550 5410 1737 5476 plenus

154 5491 222 5542 sit
262 5504 443 5544 sermo
462 5531 476 5554 ,
506 5498 702 5560 quanta
732 5489 807 5543 ira
834 5503 1016 5546 contra
1045 5508 1252 5548 omnes.
1286 5494 1419 5548 Nam
1449 5495 1492 5549 si
1523 5513 1628 5552 non
1661 5503 1737 5554 ira

157 5582 322 5634 multa
347 5582 595 5636 incensus
618 5579 819 5644 fuisset,
846 5595 1019 5650 neque
1045 5584 1302 5639 adversus
1325 5601 1511 5641 omnes
1540 5587 1627 5642 illa
1655 5605 1738 5643 ex-

159 5675 487 5740 tenderetur,
526 5674 604 5729 sic
649 5673 832 5744 utique
875 5673 1142 5730 dixisset:
1191 5678 1323 5744 Quia
1369 5678 1548 5734 audivi
1595 5683 1735 5751 quod

161 5767 246 5824 illo
267 5768 386 5824 talis
407 5767 698 5824 fornicatus
718 5767 808 5836 sit,
831 5767 1084 5839 castigate
1111 5769 1279 5826 illum.
1307 5772 1457 5828 Nunc
1479 5790 1606 5829 vero
1631 5791 1734 5831 non

1871 2022 1970 2088 sic,
2020 2022 2113 2078 sed
2155 2024 2313 2078 etiam
2358 2023 2617 2078 adversus
2656 2036 2843 2078 omnes
2883 2033 3137 2080 armatur.
3174 2025 3380 2080 Etenim
3407 2028 3450 2081 si

1868 2113 2074 2179 priores
2104 2114 2178 2167 illi
2211 2117 2593 2185 scripsissent,
2629 2115 2716 2168 illa
2748 2114 2966 2170 dixisset
2999 2134 3012 2167 :
3047 2118 3168 2186 quia
3195 2133 3317 2171 vero
3346 2135 3450 2175 non

1866 2203 2038 2256 solum
2081 2219 2187 2256 non
2229 2206 2578 2273 scripserunt,
2612 2205 2707 2259 sed
2743 2206 2903 2260 etiam
2934 2207 3109 2261 scelus
3137 2206 3266 2261 illud
3299 2218 3452 2264 texe-

1867 2303 1989 2346 runt
2016 2303 2069 2348 et
2094 2295 2480 2350 obumbrarunt
2505 2338 2520 2362 ,
2561 2297 2683 2352 ideo
2713 2297 3102 2354 vehementiori
3136 2300 3301 2354 utitur
3331 2316 3449 2355 sero

1865 2400 2043 2438 mone.
2076 2385 2142 2439 Ut
2171 2403 2379 2440 uxorem
2405 2391 2564 2458 patris
2590 2391 2668 2442 sui
2696 2391 2879 2459 aliquis
2907 2391 3104 2444 habeat.
3137 2391 3310 2457 Quare
3343 2408 3446 2445 non

1862 2475 2012 2539 dixit,
2047 2475 2112 2531 Ut
2141 2475 2430 2540 fornicctur
2460 2494 2579 2532 cum
2622 2481 2881 2534 muliere?
2911 2481 2966 2534 ld
2995 2482 3134 2550 quod
3158 2482 3445 2536 admodum

1865 2575 2014 2635 turpe
2035 2577 2149 2621 erat
2169 2570 2372 2637 respuit
2398 2588 2409 2621 :
2431 2585 2596 2638 quare
2628 2571 2903 2626 honestius
2931 2572 3034 2626 hoc
3060 2580 3442 2642 praetercurrit,

1863 2669 1920 2712 ut
1966 2661 2105 2730 quod
2152 2662 2204 2715 in
2253 2663 2619 2730 superioribus
2663 2671 2807 2718 esset
2853 2663 3218 2729 declaratum;
3262 2666 3310 2718 in
3344 2666 3444 2721 hoc

1861 2751 2020 2804 etiam
2044 2767 2228 2806 rursus
2252 2768 2451 2822 angens
2477 2754 2701 2821 crimen,
2733 2755 3128 2826 ostendensque
3159 2756 3296 2826 apud
3327 2758 3444 2812 illos

1862 2844 1982 2897 talia
2027 2847 2354 2915 perpetrari,
2387 2864 2506 2916 quae
2546 2863 2613 2901 ne
2651 2849 2795 2904 clare
2825 2850 3005 2906 dicere
3031 2849 3243 2920 quidem
3279 2850 3443 2904 Paulo

1859 2935 2035 2990 liceat.
2086 2936 2210 2992 ideo
2256 2940 2308 2993 in
2352 2941 2699 3009 sequentibus
2743 2942 2930 2996 eodem
2977 2945 3144 2996 utitur
3192 2943 3441 3012 loquendi

1857 3028 2018 3081 modo
2048 3026 2254 3092 dicens,
2284 3026 2417 3081 Eum
2445 3029 2529 3098 qui
2560 3031 2654 3082 hoc
2680 3032 2748 3083 ita
2779 3033 2932 3101 fecit:
2962 3039 3017 3086 et
3045 3047 3229 3086 rursus
3251 3034 3440 3086 erube-

1857 3119 1955 3172 scit
1986 3127 2036 3172 et
2070 3119 2233 3188 pudet
2261 3135 2381 3174 eum
2411 3129 2596 3190 aperte
2622 3122 2823 3189 dicere,
2847 3123 2921 3176 uti
2945 3123 3179 3178 solemus
3203 3125 3251 3177 in
3279 3124 3437 3177 rebus

1855 3211 2140 3265 admodum
2172 3213 2435 3281 turpibus.
2481 3212 2590 3267 Nec
2629 3214 2801 3277 dixit,
2832 3215 3264 3280 Novercani,tsed
3301 3214 3439 3269 Πευ-

1853 3318 1959 3355 rem
1996 3303 2171 3370 patris,
2214 3309 2270 3355 ut
2311 3303 2524 3372 gravius
2563 3303 2768 3357 feriret.
2810 3303 3023 3358 Etenim
3063 3320 3183 3358 cum
3225 3307 3439 3359 nomina

1853 3391 2126 3446 sufficiunt
2166 3392 2230 3446 ad
2263 3393 2642 3458 accusandum,
2673 3409 2768 3464 per
2797 3410 2857 3449 ea
2888 3395 3160 3463 procedit,
3200 3395 3438 3465 nihilque

1853 3483 2018 3539 addit.
2067 3483 2176 3538 Nec
2222 3484 2352 3538 mihi
2393 3485 2561 3549 dicas,
2597 3486 2787 3556 inquit,
2812 3502 2975 3541 unum
3002 3501 3119 3542 esse
3149 3487 3438 3540 fornicato-

1853 3590 1998 3638 rcm;
2049 3590 2334 3629 commune
2382 3577 2628 3632 omnibus
2673 3577 2867 3631 factum
2910 3587 2992 3631 est
3035 3579 3260 3632 crimen.
3312 3577 3437 3632 ideo
3511 3576 3515 3582 ’

1853 3667 2010 3718 etiam
2043 3666 2318 3734 subjunxit
2347 3687 2358 3721 :
2390 3669 2459 3720 Et
2499 3685 2585 3722 eos
2627 3669 2794 3737 inﬂati
2838 3670 2974 3722 estis.
3008 3668 3122 3722 Non
3148 3668 3280 3722 dixit
3311 3684 3435 3737 pro-

1853 3765 1968 3824 pter
2011 3768 2288 3826 peccatum
2344 3776 2356 3812 :
2405 3759 2504 3812 hoc
2549 3759 2689 3812 enim
2733 3758 3096 3813 irrationabile
3138 3767 3298 3825 esset,
3342 3759 3433 3813 sed

1852 3857 2067 3914 propter
2093 3847 2230 3900 illius
2258 3847 2576 3901 doctrinam.
2608 3847 2726 3917 Ipse
2750 3856 2926 3900 autem
2961 3847 3061 3901 hoc
3087 3863 3190 3900 non
3219 3848 3432 3916 posuit,

1851 3936 1942 3988 sed
1978 3937 2207 3991 medium
2238 3939 2483 4008 reliquit,
2517 3948 2573 3992 ut
2605 3940 2768 4009 magis
2805 3939 3009 3994 feriret.
3051 3939 3116 3996 Et
3155 3939 3435 3992 considera

1852 4024 1997 4078 Pauli
2043 4027 2399 4096 prudentiam.
2446 4027 2577 4082 Cum
2613 4030 2781 4098 primo
2811 4041 3087 4084 externam
3119 4031 3434 4100 sapientiam

1849 4117 2151 4185 dejecisset,
2199 4120 2629 4188 ostendissetque
2675 4121 2817 4176 illam
2870 4139 2965 4192 per
3008 4137 3066 4176 se
3117 4123 3245 4175 nihil
3290 4137 3429 4188 esse,

1849 4210 2053 4262 etiamsi
2103 4219 2377 4278 peccatum
2425 4226 2529 4264 non
2575 4212 2644 4264 sit
2690 4212 2982 4280 adjectum;
3042 4225 3164 4267 tunc
3219 4213 3432 4267 demum

1848 4303 2004 4355 etiam
2036 4303 2099 4356 de
2130 4315 2344 4371 peccato
2371 4303 2621 4374 loquitur.
2656 4303 2783 4357 Nam
2813 4306 2854 4358 si
2887 4307 2949 4357 ad
2981 4307 3432 4374 comparationem

1849 4392 2204 4459 fornicatoris,
2229 4396 2316 4463 qui
2349 4394 2575 4449 fortasse
2605 4397 2821 4464 sapiens
2851 4397 3110 4464 quiSpinm
3142 4406 3275 4463 erat,
3312 4413 3428 4450 nia-

1846 4500 2004 4554 gnum
2049 4502 2169 4541 esse
2208 4489 2481 4556 spirituale
2505 4488 2706 4542 donum
2736 4489 2988 4554 dixisset,
3024 4489 3152 4541 nihil
3182 4506 3430 4560 magnum

1845 4577 2092 4644 fecisset;
2125 4581 2216 4635 sed
2250 4583 2408 4635 etiam
2436 4582 2636 4651 absque
2669 4591 2888 4649 peccato
2927 4582 3155 4648 dejicere
3202 4593 3254 4635 et
3298 4585 3428 4638 nihil

1845 4687 1966 4726 esse
2016 4672 2385 4728 demonstrare
2437 4676 2751 4742 sapientiam
2803 4682 3075 4728 externam
3105 4716 3117 4737 ,
3170 4674 3269 4728 hoc
3317 4686 3427 4730 erat

1844 4765 2132 4820 ostendere
2161 4766 2304 4819 illam
2333 4766 2615 4820 admodum
2655 4781 2775 4822 esse
2814 4760 2993 4820 vilem.
3043 4767 3165 4822 Ideo
3199 4784 3319 4821 cum
3353 4769 3430 4823 sic

1846 4859 1993 4926 prius
2018 4859 2466 4928 comparationem
2492 4859 2719 4924 fecisset,
2749 4869 2876 4914 tunc
2899 4861 3054 4914 etiam
3087 4861 3286 4928 peccati
3318 4877 3425 4914 me-

1844 4951 2038 5003 minit:
2069 4959 2122 5005 et
2149 4965 2268 5005 cum
2301 4950 2392 5006 illo
2421 4952 2631 5021 quidem
2659 4952 2925 5007 disserere
2950 4969 3052 5007 non
3078 4953 3343 5022 dignatur,
3374 4963 3428 5007 et

1845 5041 1897 5094 in
1933 5042 2032 5096 hoc
2074 5058 2335 5097 summam
2389 5044 2626 5099 ostendit
2654 5045 2960 5110 infamiam;
3007 5046 3086 5099 his
3124 5058 3300 5101 autem
3345 5046 3426 5100 die

1845 5137 1918 5188 cit
1946 5151 1957 5186 :
1987 5134 2281 5204 Oportebat
2307 5150 2403 5188 vos
2430 5135 2594 5199 ﬂere,
2629 5137 2812 5205 lugere
2847 5147 2899 5190 et
2945 5153 3051 5205 pra:
3099 5139 3301 5207 pudore
3347 5139 3425 5192 la-

1844 5226 2105 5289 mentari;
2159 5240 2302 5280 nunc
2351 5236 2527 5281 autem
2570 5230 2896 5283 contrarium
2941 5229 3114 5285 facitis
3149 5249 3162 5285 :
3201 5230 3425 5300 ideoque

1844 5315 2164 5383 subjunxit:
2199 5315 2266 5369 Et
2311 5333 2394 5370 vos
2440 5318 2606 5386 inﬂati
2647 5320 2783 5385 estis,
2813 5330 2857 5373 et
2898 5337 2999 5375 non
3037 5324 3198 5394 magis
3238 5323 3424 5377 luctum

1844 5407 2108 5459 habuistis.
2141 5407 2206 5460 Et
2231 5408 2355 5474 quid
2388 5408 2580 5462 factum
2608 5417 2726 5474 est,
2755 5408 2998 5479 inquies,
3032 5421 3091 5466 ut
3116 5429 3213 5468 nos
3239 5414 3420 5488 lugea-

1843 5501 1999 5554 mus?
2038 5500 2188 5566 Quod
2228 5501 2279 5554 in
2316 5516 2600 5555 commune
2629 5502 2883 5558 Ecclesia:
2909 5519 3189 5575 progressa
3220 5504 3291 5558 sit
3319 5507 3420 5558 crio

1845 5593 2086 5647 minatio.
2119 5591 2187 5646 Et
2213 5607 2308 5648 cur
2333 5594 2472 5649 bene
2503 5595 2756 5649 faciemus
2785 5598 3067 5666 lugentes?
3105 5594 3173 5650 Ut
3215 5596 3424 5650 tollatur

1845 5700 1909 5738 ex.
1932 5685 2068 5738 vobis
2093 5685 2178 5753 qui
2203 5696 2276 5740 est
2306 5686 2441 5740 talis.
2479 5686 2546 5740 Et
2576 5703 2746 5758 neque
2775 5692 2861 5744 hic
2886 5703 3080 5744 nomen
3111 5688 3224 5757 ejus
3254 5694 3418 5759 ponit,

1852 5792 2027 5846 neque
2057 5779 2282 5847 uspiam,
2312 5788 2366 5831 ut
2395 5777 2621 5834 solemus
2646 5783 2814 5834 facete
2847 5768 2896 5834 in
2925 5780 2988 5833 iis
3018 5796 3132 5852 qua:
3153 5779 3304 5834 valde
3338 5782 3429 5836 ab—
