4028 6208
522 352 623 409 Hii

520 469 685 526 surda
711 477 767 523 et
797 468 1008 539 indigna
1034 476 1175 523 sunt.
1208 467 1318 524 Nec
1344 468 1500 532 dixit.
1524 469 1595 525 Et
1616 482 1723 522 non
1746 468 1914 537 magis
1940 465 2102 535 eieci-

519 560 653 622 stis;
684 558 778 614 sed
822 561 958 614 sicut
1003 558 1055 613 in
1103 559 1292 615 morbo
1334 557 1515 630 aliquo
1552 566 1608 613 et
1647 558 1699 612 in
1751 566 1919 627 peste,
1960 556 2102 609 luetu

519 667 656 720 opus
681 661 763 706 est
787 660 840 706 ct
867 652 1071 706 intensa
1102 652 1485 722 supplicatione
1502 692 1519 716 ,
1549 648 1617 707 Ut
1641 650 1867 716 tollatur,
1893 648 2060 716 inquit
2084 663 2099 713 ;

520 751 576 797 et
605 742 908 811 precatione
928 742 994 797 ad
1018 742 1118 797 hoc
1142 742 1395 797 utendum
1420 752 1523 808 est,
1547 741 1783 812 nihilque
1813 754 1915 794 non
1942 754 2104 808 agen-

521 834 647 890 dum
692 847 749 890 ut
794 836 882 891 ille
920 835 1285 892 abscindatur.
1336 834 1517 907 Neque
1554 842 1769 890 accusat
1809 848 1922 895 eos,
1961 830 2105 901 quod

528 928 626 981 hoc
649 927 748 980 sibi
782 942 887 981 nou
922 926 1225 991 iudicarint,
1248 927 1341 982 sed
1363 928 1483 996 quia
1505 942 1611 981 non
1640 927 1909 989 luxerunt,
1932 934 1988 978 ut
2013 924 2108 978 ille

528 1017 593 1071 de
626 1016 803 1071 medio
831 1017 1110 1073 tolleretur
1137 1034 1151 1072 :
1181 1017 1468 1073 ostendens
1496 1017 1546 1073 id
1575 1018 1691 1072 sine
1719 1016 1939 1071 doctore
1965 1029 2105 1084 prte-

528 1106 779 1161 standum
802 1106 965 1162 fuisse
987 1108 1057 1163 ob
1076 1107 1255 1163 delicti
1272 1108 1613 1164 evidentiam.
1636 1109 1691 1163 ὅ.
1714 1106 1853 1161 Nam
1882 1122 1972 1178 ego
1993 1105 2109 1175 qui-

525 1198 638 1251 dem
674 1210 929 1268 tamquam
961 1199 1138 1255 absens
1176 1216 1408 1271 corpore,
1439 1217 1657 1269 presens
1693 1210 1862 1253 autem
1899 1198 2105 1265 spiritu.

594 1290 649 1345 2.
678 1289 804 1347 Cum
825 1291 1025 1360 publico
1054 1292 1360 1361 fornicatore
1384 1291 1633 1361 quomodo
1658 1300 1776 1361 agat
1803 1289 2021 1343 Paulus.
2037 1316 2108 1327 —

527 1383 660 1440 Vide
684 1383 918 1437 animum
951 1401 963 1435 ε
991 1398 1059 1437 ne
1083 1382 1210 1437 sinit
1236 1382 1452 1452 quidem
1481 1392 1792 1451 exspectare
1817 1382 2105 1437 adventum

524 1489 679 1529 suum
700 1514 717 1538 ,
745 1481 805 1527 ut
832 1473 945 1543 ipse
970 1472 1165 1543 ligetur
1185 1513 1198 1537 ,
1226 1472 1321 1528 sed
1350 1482 1618 1543 tamquam
1649 1484 1849 1543 pestem
1877 1472 2107 1541 aliquam

525 1566 868 1636 expulsurus,
882 1566 1187 1635 priusquam
1201 1565 1527 1621 diﬂundatnr
1539 1566 1589 1620 in
1605 1567 1867 1637 reliquum
1886 1581 2105 1635 corpus,

524 1656 669 1710 illam
712 1656 954 1712 detinere
990 1665 1242 1726 properat
1270 1674 1284 1711 :
1319 1656 1544 1727 ideoque
1577 1657 1760 1726 adjicit
1788 1654 1945 1709 :Jam
1964 1657 2108 1727 judi.

526 1747 636 1801 cavi
677 1756 731 1801 ut
769 1762 1007 1817 presens.
1052 1747 1178 1802 Ilzcc
1213 1755 1392 1802 autem
1423 1746 1653 1811 dicebat,
1686 1762 1791 1802 non
1824 1748 1984 1803 modo
2016 1763 2107 1801 ur-

528 1851 659 1909 gens
685 1838 807 1894 illos
831 1837 898 1893 ad
925 1838 1247 1893 sententiam
1287 1837 1569 1893 ferendum
1594 1879 1610 1903 ,
1642 1853 1816 1907 neque
1841 1840 2023 1891 sinens
2054 1846 2112 1891 ut

527 1928 670 1985 aliud
698 1930 909 1985 consilii
938 1930 1184 1999 capiant;
1215 1929 1310 1984 sed
1336 1929 1498 1984 etiam
1526 1937 1735 1983 terrens
1758 1968 1773 1993 ,
1799 1938 1855 1982 ut
1883 1928 1970 2000 qui
2000 1929 2111 1983 sci-

529 2032 610 2078 ret
638 2021 725 2076 illa
751 2037 871 2093 quae
898 2022 972 2078 ibi
1000 2032 1182 2077 essent
1207 2020 1398 2076 l‘ntnra.
1452 2019 1586 2076 Illud
1616 2020 1761 2077 enim
1802 2029 1886 2076 est
1920 2020 2112 2076 adesse

529 2118 752 2186 spiritu;
781 2129 839 2172 ut
865 2116 1093 2172 Elimus
1116 2116 1263 2173 Giezi
1296 2130 1537 2188 praesens
1558 2124 1612 2172 et
1639 2114 1851 2172 dicebat
1880 2132 1895 2173 :
1925 2113 2115 2169 Nonne

529 2226 616 2263 cor
643 2226 809 2265 meum
831 2221 939 2266 erat
965 2220 1127 2265 tecum
1152 2210 1173 2281 (
1197 2211 1251 2266 ι.
1281 2210 1409 2281 Reg.
1438 2211 1493 2266 5.
1519 2208 1592 2265 26
1612 2207 1673 2282 )I
1700 2209 1879 2281 Papar,
1912 2217 2111 2280 quanta

530 2310 614 2355 est
642 2300 809 2356 virtus
834 2300 1191 2367 charismatis,
1222 2316 1343 2357 cum
1371 2315 1559 2357 omnes
1579 2300 1739 2355 simul
1761 2309 2113 2371 congregatos

533 2399 771 2460 przestet,
794 2400 850 2446 et
873 2405 935 2446 ea
958 2406 1077 2461 qua:
1103 2390 1283 2461 procul
1310 2390 1444 2445 ﬁunt
1468 2400 1591 2445 nota
1617 2391 1807 2447 iaciat!
1839 2389 2115 2462 Jamjudi-

533 2481 644 2535 cavi
668 2490 722 2534 ut
758 2497 999 2547 praesens.
1037 2479 1151 2536 Non
1196 2482 1323 2537 sinit
1348 2495 1443 2538 eos
1467 2482 1611 2538 aliud
1647 2482 1935 2555 quidquam
1961 2482 2112 2555 cogi-

535 2584 649 2628 tare
679 2590 692 2623 :
724 2572 855 2627 Nam
885 2573 1203 2629 sententiam
1232 2575 1323 2629 tuli
1354 2584 1409 2630 ut
1438 2590 1674 2646 prazsens
1704 2594 1717 2630 :
1743 2591 1812 2631 ne
1839 2575 1968 2629 mihi
2000 2590 2116 2628 mo-

534 2681 620 2719 ras
641 2676 695 2721 et
734 2666 1240 2736 procrastinationes
1269 2667 1452 2732 dicas;
1500 2667 1632 2719 nihil
1659 2667 1803 2721 enim
1828 2666 1969 2720 aliud
2000 2664 2115 2720 iieri

535 2765 765 2827 Oportet.
816 2758 1018 2813 Deinde
1044 2773 1110 2813 ne
1139 2772 1329 2829 magna
1356 2757 1629 2814 videretur
1654 2773 1774 2812 esse
1802 2760 2112 2826 auctoritas,

536 2863 708 2917 neque
733 2849 1071 2918 arrogantius
1096 2849 1297 2905 dictum
1324 2863 1445 2905 esse
1473 2858 1807 2916 censeretur,
1841 2849 1958 2905 vide
1982 2866 2117 2920 quo-

539 2941 697 2995 modo
722 2950 776 2996 et
797 2942 939 3012 ipsos
965 2940 1151 3012 judicii
1181 2941 1357 2997 socios
1381 2941 1559 2997 faciat.
1583 2941 1715 2996 Nam
1748 2958 1871 2996 cum
1894 2942 2118 2996 dixisset

532 3034 770 3089 Iudicavi
789 3076 804 3099 ,
835 3034 1012 3089 intulit
1040 3051 1054 3089 :
1088 3033 1217 3088 Eum
1243 3034 1331 3105 qui
1354 3035 1428 3087 sic
1454 3043 1690 3103 operatus
1714 3044 1819 3099 est,
1849 3034 1903 3089 ι.
1934 3034 1987 3087 in
2020 3048 2115 3087 no-

536 3131 669 3183 mine
707 3128 915 3182 Domini
951 3125 1111 3181 nostri
1143 3123 1270 3181 Iesu
1303 3124 1512 3191 Christi,
1544 3126 1861 3197 congregatis
1896 3124 2031 3179 soliis
2071 3132 2119 3179 et

536 3236 647 3275 meo
689 3220 905 3289 spiritu,
945 3235 1058 3273 cum
1095 3221 1275 3274 virtute
1312 3216 1518 3274 Domini
1566 3216 1725 3272 nostri
1762 3217 1889 3273 Iesu
1928 3215 2117 3272 Christi

536 3315 589 3369 5.
621 3314 817 3367 tradere
846 3312 1135 3386 hujusmodi
1157 3313 1410 3367 hominem
1430 3321 1640 3367 satana.
1678 3312 1743 3367 Et
1771 3312 1898 3383 quid
1926 3321 2030 3376 est,
2050 3309 2117 3365 In

536 3404 737 3458 nomine
769 3402 970 3458 Domini
997 3404 1151 3457 nostri
1177 3401 1303 3457 Iesu
1328 3402 1517 3457 Christi
1538 3403 1564 3456 .’
1588 3401 1893 3457 Secundum
1924 3401 2115 3467 Deum,

537 3509 643 3549 non
682 3493 914 3549 humano
950 3493 1150 3549 detenti
1190 3492 1517 3564 praeiudicio.
1566 3492 1793 3561 Quidam
1831 3500 2009 3547 autem
2038 3491 2118 3547 sic

537 3586 718 3654 legunt
748 3604 760 3639 :
793 3583 928 3639 Eum
964 3585 1051 3655 qui
1086 3585 1160 3640 sic
1197 3593 1435 3654 operatus
1474 3591 1547 3638 est
1584 3584 1647 3637 in.
1675 3584 1877 3637 nomine
1908 3581 2120 3638 Domini

539 3678 697 3731 nostri
738 3675 863 3730 Jesu
906 3675 1204 3730 Christi:et
1238 3685 1436 3745 puncto
1476 3673 1561 3729 hic
1601 3674 1847 3745 apposito
1877 3688 1971 3729 seu
2004 3675 2117 3728 vir-

536 3769 679 3838 gula,
712 3768 796 3822 his
824 3768 997 3824 verbis
1018 3776 1265 3839 pergunt,
1296 3767 1622 3839 Congregatis
1647 3768 1784 3823 vobis
1808 3777 1855 3822 et
1879 3784 1988 3822 meo
2011 3766 2120 3837 spi-

537 3861 637 3913 ritu
683 3860 881 3915 tradere
924 3862 1219 3933 hujusmodi
1266 3860 1519 3915 hominem
1562 3870 1772 3915 satana.
1825 3860 1893 3915 Et
1934 3860 2120 3915 dicunt

536 3952 695 4021 hujus
725 3951 966 4006 lectionis
990 3951 1132 4006 hunc
1160 3966 1280 4007 esse
1299 3964 1513 4006 sensum
1540 3971 1553 4006 :
1582 3949 1717 4005 Eum
1745 3950 1833 4019 qui
1866 3950 1967 4005 hoc
1990 3965 2120 4019 epe-

537 4051 686 4096 ratus
716 4051 798 4097 cst
828 4042 878 4095 in
911 4043 1126 4096 nomine
1154 4041 1352 4098 Christi
1378 4082 1393 4108 ,
1428 4040 1619 4096 tradite
1648 4050 1885 4107 satame;
1917 4040 1967 4096 id
1996 4050 2113 4108 est,

537 4150 661 4190 eum
686 4135 774 4205 qui
802 4148 995 4189 nomen
1022 4133 1221 4189 Christi
1256 4132 1577 4189 contumelia
1607 4132 1783 4188 aii'ecit
1803 4173 1818 4199 ,
1850 4132 1943 4203 qui
1976 4141 2120 4202 post-

536 4242 696 4295 quam
725 4225 899 4281 ﬁdelis
930 4225 1097 4280 iactus
1126 4234 1239 4291 est,
1268 4233 1323 4280 et
1347 4238 1643 4295 cognomen
1673 4225 1879 4292 accepit
1918 4224 1986 4279 ab
2026 4223 2119 4278 illo

539 4318 753 4372 nomine
776 4358 791 4381 ο
832 4317 952 4371 talia
992 4325 1075 4371 est
1117 4312 1315 4381 ausus,
1346 4314 1488 4369 hunc
1518 4314 1711 4369 tradite
1742 4322 1962 4371 solante.
1993 4313 2119 4369 Mihi

538 4420 716 4466 autem
755 4408 899 4479 prior
924 4408 1084 4464 lectio
1111 4408 1287 4463 verior
1314 4422 1434 4461 csse
1462 4406 1691 4462 videtur.
1734 4406 1987 4474 Quasnam
2030 4407 2120 4462 illa

539 4502 659 4559 est?
706 4500 773 4555 In
815 4502 1015 4555 nomine
1063 4499 1267 4556 Domini
1297 4500 1611 4571 congregatis
1658 4499 1833 4561 vobis;
1875 4498 1976 4554 hoc
2014 4508 2119 4566 est,

540 4595 669 4665 Ejus
696 4595 913 4651 nomine
930 4608 1024 4649 vos
1048 4602 1427 4665 congregante,
1453 4607 1551 4663 pro
1577 4605 1687 4663 quo
1705 4592 2021 4648 convenitis.
2050 4589 2121 4645 Et

536 4689 720 4760 spiritu
762 4702 892 4742 meo.
940 4686 1145 4741 Rursus
1183 4686 1419 4756 seipsum
1443 4698 1564 4739 cum
1592 4684 1698 4740 illis
1722 4684 2033 4750 constituit,
2062 4689 2123 4738 ut

540 4794 661 4835 cum
695 4778 1053 4850 judicaverint
1073 4779 1224 4849 quasi
1256 4778 1373 4849 ipso
1398 4785 1667 4847 praesente
1687 4819 1701 4840 ,
1740 4776 1817 4831 sic
1846 4776 1994 4831 illum
2022 4774 2119 4830 ab-

538 4870 806 4939 scindant,
833 4879 889 4927 et
915 4884 1075 4926 nemo
1103 4869 1243 4925 ausit
1271 4868 1444 4939 ipsum
1467 4868 1621 4925 venia
1648 4867 1868 4940 dignum
1898 4868 2118 4933 habere,

535 4964 715 5017 sciens
742 4959 856 5017 fore
882 4971 939 5016 ut
970 4961 1164 5016 Paulus
1196 4961 1330 5017 sciat
1357 4974 1419 5015 ea
1447 4974 1565 5031 qua:
1591 4958 1730 5016 facta
1755 4958 1972 5015 iuerint.
2015 4957 2121 5013 De-

540 5052 664 5107 inde
687 5060 744 5107 ut
772 5066 885 5107 rem
913 5050 1165 5107 exhibeat
1194 5048 1607 5116 terribiliorem,
1645 5050 1721 5105 ait
1750 5067 1763 5104 :
1790 5049 1918 5105 Cum
1944 5049 2125 5103 virtute

540 5141 745 5199 Domini
771 5143 932 5199 nostri
964 5141 1091 5197 Iesu
1124 5140 1331 5197 Christi.
1362 5140 1419 5198 id
1446 5150 1569 5207 est,
1596 5141 1680 5196 vel
1708 5139 1850 5211 quod
1875 5138 2123 5196 Christus

540 5233 709 5305 possit
742 5248 860 5289 eam
887 5234 1040 5289 vobis
1073 5233 1298 5305 gratiam
1332 5231 1465 5287 dare
1484 5271 1499 5297 ,
1528 5239 1587 5285 ut
1613 5230 1829 5301 possitis
1855 5244 1979 5285 eum
2008 5230 2123 5285 dia-

543 5325 669 5382 bolo
694 5322 941 5389 tradere;
967 5324 1054 5381 vel
1082 5323 1223 5395 quod
1252 5323 1365 5395 ipse
1391 5322 1665 5377 vobiscum
1687 5321 1891 5377 laturus
1913 5320 1983 5377 sit
2000 5337 2125 5378 sen-

544 5418 784 5474 tentiam.
816 5412 932 5471 Non
962 5414 1095 5471 dixit
1117 5425 1319 5481 autem,
1348 5414 1521 5486 ipsum
1546 5411 1745 5469 dedere
1769 5420 1998 5477 satanze;
2028 5412 2124 5469 sed

542 5505 784 5572 Tradere,
819 5504 921 5577 ipsi
949 5506 1195 5575 aperiens
1216 5504 1544 5578 pauitantia
1572 5503 1745 5570 iores,
1775 5512 1831 5560 et
1856 5504 1955 5574 ipsi
1984 5512 2121 5559 tam-

540 5613 699 5667 quam
729 5596 1023 5669 paedagogo
1050 5594 1208 5651 talem
1235 5597 1507 5655 hominem
1540 5596 1777 5653 tradens.
1810 5596 1875 5652 Et
1901 5610 2085 5651 rursus
2103 5636 2119 5661 ,

542 5690 723 5755 talem,
754 5705 852 5746 nec
880 5704 1106 5761 usquam
1130 5687 1244 5743 vult
1267 5688 1413 5744 illum
1441 5705 1538 5746 suo
1567 5690 1783 5746 nomine
1812 5702 2024 5745 vocare.
2058 5686 2121 5742 In

534 5782 793 5837 interitum
820 5781 1007 5838 carnis.
1038 5779 1189 5838 Sicut
1214 5787 1268 5835 ct
1300 5780 1353 5835 in
1380 5777 1534 5836 beato
1554 5780 1654 5837 Job
1681 5780 1876 5839 factum
1898 5787 1999 5849 est,
2023 5780 2115 5836 sed

1268 351 1326 409 S.
1355 350 1631 409 JOAN'NIS
1666 346 2140 407 ClliiiSUSTUill
2164 344 2480 406 AllClilEI’.
2520 345 3052 409 CONSTANTINOT'.

3699 42 3981 210 -

3688 360 3787 418 lii

2210 479 2315 518 non
2344 464 2532 521 eadem
2563 465 2633 523 de
2656 484 2840 525 causa.
2888 470 3017 526 Nam
3058 470 3165 527 illic
3204 487 3300 541 pro
3336 475 3791 544 splendidioribus

2208 555 2443 616 coronis.
2477 557 2565 613 hic
2591 573 2687 627 pro
2715 572 3051 629 peccatorum
3080 562 3427 631 remissione;
3467 577 3525 622 ut
3560 568 3792 639 ﬂagellet

2209 662 2330 709 eum
2361 650 2501 704 man
2532 652 2710 709 ulcere
2736 665 2828 710 aut
2854 656 2963 710 alio
2988 657 3197 712 morbo.
3241 659 3401 729 Atqui
3434 662 3559 716 alibi
3599 664 3675 716 ait
3705 681 3718 715 :
3747 666 3787 717 Α

2211 737 2431 795 Domino
2449 743 2750 811 judicamur
2772 745 2890 802 haec
2921 748 3203 816 patientes.
3239 750 3307 804 At
3336 753 3421 807 hic
3447 755 3614 823 magis
3642 755 3787 809 illum

2212 844 2447 899 pungere
2495 834 2682 892 volens
2708 877 2721 900 ,
2772 847 2973 893 sannae
3012 839 3194 895 tradit.
3240 841 3307 896 Et
3353 842 3454 897 hoc
3495 857 3642 900 certe
3684 848 3796 900 Deo

2214 920 2462 988 placitum
2489 922 2605 992 fuit,
2640 935 2692 980 ut
2718 930 3069 998 castigarctur
3088 930 3205 1001 ejus
3223 947 3369 987 caro.
3394 935 3525 1002 Quia
3553 936 3697 991 enim
3725 951 3790 992 ex

2212 1012 2427 1082 crapula
2455 1024 2509 1070 et
2532 1015 2740 1073 deliciis
2767 1021 3070 1076 carnalibus
3096 1026 3539 1093 concupiscentiae
3562 1042 3794 1082 nascun-

2215 1110 2319 1165 tur,
2344 1120 2558 1161 carnem
2580 1110 2823 1179 casﬁgat.
2861 1108 2929 1165 Ut
2956 1111 3183 1179 Spiritus
3209 1114 3379 1169 salvus
3406 1117 3470 1169 sit
3495 1118 3545 1169 in
3572 1118 3657 1171 die
3684 1116 3793 1171 Do—

2215 1195 2338 1248 mini
2374 1194 2523 1251 Iesu.
2569 1197 2624 1253 Id
2668 1209 2769 1264 est,
2811 1202 2986 1255 anima
3021 1220 3035 1255 :
3069 1219 3172 1258 non
3210 1207 3349 1275 quod
3384 1207 3471 1261 illa
3502 1210 3614 1262 sola
3648 1210 3792 1262 salva

2213 1287 2303 1354 sit,
2330 1288 2425 1343 sed
2452 1292 2604 1359 quasi
2638 1291 2688 1345 id
2716 1294 2768 1347 in
2799 1293 3051 1349 confesso
3068 1298 3158 1361 sit,
3183 1298 3327 1367 quod
3356 1299 3440 1352 illa
3477 1301 3643 1364 salva,
3674 1301 3791 1356 sine

2216 1378 2320 1433 ulla
2350 1382 2773 1439 contradictione
2795 1401 2991 1456 corpus
3010 1390 3200 1444 salutis
3223 1392 3489 1462 particeps
3509 1394 3632 1448 erit.
3662 1393 3796 1447 Nam

2216 1469 2442 1525 mortale
2474 1473 2669 1528 iactum
2692 1486 2773 1529 est
2797 1487 3015 1547 propter
3040 1480 3209 1547 ipsam
3230 1497 3349 1550 qua:
3375 1493 3717 1551 peccaverat;
3743 1492 3799 1538 et

2214 1558 2260 1614 si
2291 1560 2380 1614 illa
2405 1562 2666 1631 justitiam
2693 1570 3031 1635 exercuerit,
3070 1586 3254 1626 rursus
3295 1584 3349 1627 et
3390 1588 3588 1643 corpus
3626 1576 3795 1643 ipsum

2217 1666 2404 1722 magna
2447 1653 2654 1709 l‘rnetur
2692 1659 2881 1727 gloria.
2919 1661 3144 1727 Quidam
3179 1679 3308 1719 vero
3336 1666 3583 1735 spiritum
3616 1669 3800 1723 dicunt

2215 1757 2335 1797 esse
2376 1744 2639 1799 charisma
2689 1763 2783 1801 seu
2830 1750 3053 1815 donum,
3082 1753 3221 1819 quod
3263 1756 3416 1809 nobis
3459 1760 3801 1825 peccantibus

2217 1834 2591 1905 exstinguitur.
2616 1838 2693 1892 Ne
2714 1839 2871 1909 igitur
2893 1840 2993 1895 hoc
3015 1841 3126 1908 fiat,
3146 1842 3333 1914 inquit,
3355 1848 3623 1915 puniatur,
3649 1852 3803 1904 utsic

2218 1927 2408 1981 meﬁor
2433 1927 2620 1995 iactus,
2650 1930 2882 1986 attrahat
2908 1934 3156 2003 gratiam,
3187 1944 3241 1990 et
3268 1934 3569 1993 inveniatur
3597 1942 3800 1994 sa’v'am

2220 2016 2388 2086 ipsam
2428 2021 2687 2077 exhibens
2728 2023 2779 2077 in
2822 2024 2914 2080 illo
2951 2026 3060 2080 die.
3102 2026 3284 2097 Itaque
3314 2029 3480 2098 magis
3505 2040 3591 2085 est
3616 2048 3801 2086 curam

2217 2110 2452 2177 gerentis
2480 2126 2543 2166 ac
2572 2114 2857 2181 medentis,
2901 2132 3058 2186 quam
3100 2120 3336 2174 secantis
3377 2124 3459 2176 vel
3507 2130 3709 2177 temere
3749 2134 3803 2177 et

2220 2200 2618 2260 inconsiderate
2666 2207 2957 2275 punientis.
3009 2208 3177 2277 Majas
3224 2213 3419 2280 quippe
3467 2212 3671 2267 lucrum
3720 2224 3805 2268 est

2221 2306 2378 2361 paena
2410 2311 2423 2348 :
2450 2310 2575 2365 nam
2607 2295 2699 2350 illa
2726 2284 3069 2367 temporanca
3099 2310 3200 2363 est,
3233 2299 3437 2354 lucrum
3465 2311 3640 2357 autem
3673 2318 3809 2372 per--

2222 2391 2459 2453 petitum.
2491 2386 2600 2442 Nec
2628 2387 2941 2458 simpliciter
2963 2389 3115 2453 dixit,
3148 2390 3216 2445 Ut
3253 2393 3461 2461 spiritus
3503 2393 3672 2448 salvus
3706 2396 3805 2459 sit;

2220 2474 2318 2530 sed
2337 2517 2353 2541 ,
2384 2475 2451 2530 In
2479 2478 2570 2532 illo
2602 2479 2703 2534 die.
2735 2479 2916 2536 Probe
2936 2481 3042 2536 illis
3073 2492 3127 2537 et
3154 2494 3454 2553 opportune
3481 2485 3622 2541 diem
3652 2486 3804 2541 illum

2222 2581 2626 2639 commemorat,
2656 2581 2716 2628 ut
2742 2584 2795 2629 et
2823 2575 2921 2644 ipsi
2950 2577 3273 2646 promptiore
3293 2578 3475 2633 animo
3493 2578 3559 2633 ad
3586 2579 3808 2635 medici-

2224 2676 2344 2715 nam
2365 2662 2705 2730 accederent,
2728 2673 2784 2719 et
2809 2665 2898 2720 ille
2924 2666 3116 2723 melius
3142 2670 3457 2737 susciperet,
3488 2684 3592 2723 non
3628 2681 3683 2723 ut
3712 2672 3807 2724 ira:

2221 2752 2403 2822 verba,
2442 2752 2538 2809 sed
2583 2764 2641 2807 ut
2680 2755 2847 2827 patris
2882 2771 3064 2811 curam
3107 2760 3343 2828 gerentis
3393 2760 3804 2829 providentiam.

2222 2843 2348 2900 Ideo
2374 2846 2540 2907 enim,
2565 2845 2631 2901 In
2657 2848 2911 2902 interitum
2936 2850 3125 2914 carnis,
3152 2849 3329 2913 dixit;
3354 2851 3463 2919 jam
3491 2852 3703 2906 diabolo
3731 2852 3811 2908 Ie-

2221 2950 2317 3004 ges
2346 2950 2572 3006 ponens,
2600 2952 2700 2992 nec
2733 2940 2917 2993 sinens
2946 2938 3118 3008 ipsum
3156 2940 3381 2995 ulterius
3423 2930 3669 3012 progredi
3703 2960 3716 2994 :
3750 2952 3813 2998 ut

2222 3026 2291 3081 de
2327 3025 2466 3085 lobo
2503 3027 2715 3083 dicebat
2756 3028 3045 3097 Dominus,
3081 3026 3326 3085 Craterum
3353 3032 3577 3087 anitnam
3606 3034 3719 3101 eius
3746 3049 3813 3089 ne

2224 3129 2404 3192 tangas
2434 3120 2554 3182 (Job
2595 3119 2632 3176 2
2674 3120 2755 3192 6).

2293 3211 2348 3267 3.
2374 3211 2578 3270 Deinde
2608 3228 2728 3267 cum
2753 3214 3074 3270 sententiam
3101 3215 3419 3272 absolvisset
3447 3225 3501 3272 et
3528 3231 3647 3272 eam
3670 3232 3808 3288 pae-

2222 3301 2303 3358 cis
2337 3301 2561 3359 dixisset
2588 3319 2687 3360 nec
2712 3305 3028 3362 immoratus
3054 3315 3236 3372 esset,
3265 3323 3451 3365 rursus
3481 3310 3809 3378 increpatio-

2224 3408 2347 3449 nem
2378 3393 2602 3461 inducit,
2630 3396 2752 3452 illos
2778 3396 3060 3468 alloquens
3089 3415 3101 3451 :
3134 3399 3187 3453 ϐ.
3220 3397 3342 3453 Non
3362 3399 3492 3453 bona
3519 3410 3592 3453 est
3618 3401 3811 3470 gloria-

2224 3485 2294 3539 tio
2315 3495 2515 3549 vestra;
2543 3486 2833 3541 ostendens
2861 3486 2983 3543 illos
3009 3486 3076 3542 ad
3102 3488 3239 3543 istud
3267 3504 3435 3561 usque
3465 3498 3675 3559 tempus
3700 3506 3810 3543 non

2226 3575 2417 3631 sivisse
2445 3590 2568 3631 eum
2600 3577 2865 3647 pceaitere
2887 3619 2904 3641 ,
2933 3577 3003 3635 de
3033 3578 3124 3633 illo
3147 3580 3455 3651 gloriantes.
3492 3579 3690 3635 Deinde
3712 3579 3809 3635 de-

2224 3666 2394 3722 clarat
2420 3680 2481 3721 se
2504 3680 2611 3721 non
2642 3666 2716 3722 illi
2744 3666 2905 3723 modo
2931 3677 3238 3738 parcentem
3268 3671 3368 3725 hoe
3396 3670 3572 3726 facere
3590 3711 3607 3736 ,
3635 3670 3729 3726 sed
3757 3679 3812 3723 ιιι

2225 3756 2356 3828 ipsis
2396 3773 2411 3811 :
2452 3756 2679 3828 ideoque
2725 3759 2998 3831 subjungit
3046 3777 3060 3812 :
3109 3758 3332 3815 Nescitis
3375 3762 3510 3830 quod
3558 3761 3813 3813 modicum

2225 3847 2528 3917 fermentum
2558 3859 2715 3903 totam
2737 3866 2957 3903 massam
2979 3851 3259 3920 corrumpit
3277 3851 3303 3902 2
3325 3849 3475 3904 Licet
3501 3849 3642 3904 enim
3668 3849 3812 3903 illius

2224 3938 2289 3993 sit
2314 3948 2611 4009 peccatum,
2630 3940 2823 4009 inquit,
2844 3939 2937 3994 sed
2960 3939 3255 4010 neglectum
3281 3948 3456 4010 potest
3475 3949 3529 3995 et
3552 3940 3811 4009 reliquum

2228 4029 2483 4085 Ecclesim
2518 4043 2716 4097 corpus
2743 4041 3107 4099 corrumpere.
3140 4030 3270 4085 Cum
3300 4031 3442 4085 enim
3474 4031 3517 4085 is
3546 4032 3633 4099 qni
3668 4031 3815 4105 prior

2227 4120 2471 4190 peccavit
2506 4135 2610 4175 non
2639 4119 2786 4175 dedit
2820 4136 3039 4190 pinnas,
3074 4122 3180 4177 cito
3200 4130 3256 4177 et
3279 4121 3367 4175 alii
3398 4121 3585 4177 eadem
3615 4110 3812 4191 perpe-

2228 4213 2464 4268 trahunt.
2493 4213 2618 4269 llaec
2644 4222 2820 4269 autem
2850 4214 3011 4279 dicit,
3041 4210 3331 4270 ostendens
3360 4228 3458 4285 pro
3490 4224 3597 4269 tota
3625 4214 3815 4270 Eccle-

2226 4307 2325 4372 sia,
2351 4323 2455 4361 non
2486 4322 2582 4376 pro
2610 4322 2715 4361 uno
2743 4307 2841 4363 sibi
2869 4316 3141 4363 certamen
3169 4317 3223 4363 et
3250 4310 3543 4379 periculum
3577 4309 3807 4366 adesse:

2227 4412 2394 4465 quare
2417 4397 2666 4453 fermentl
2695 4400 3045 4455 similitudine
3078 4415 3214 4469 opus
3250 4401 3451 4456 habuit.
3494 4400 3645 4457 Sicut
3667 4403 3812 4459 enim

2229 4487 2572 4553 renuentum,
2605 4490 2790 4560 inquit,
2823 4507 2944 4545 cum
2977 4489 3241 4545 modicum
3268 4490 3357 4556 sit,
3388 4500 3550 4546 totam
3580 4507 3813 4548 massam

2230 4579 2283 4634 in
2312 4595 2372 4635 se
2401 4591 2747 4646 transmutat;
2790 4584 2857 4636 ita
2886 4592 2941 4638 et
2970 4583 3087 4649 hic,
3126 4582 3176 4637 si
3201 4583 3492 4652 impunitus
3518 4594 3732 4639 maneat
3760 4596 3814 4642 et

2228 4669 2455 4725 multum
2484 4672 2552 4726 sit
2581 4682 2880 4742 peccatum,
2915 4682 3141 4729 cancros
3164 4684 3491 4744 corrumpet.
3522 4675 3575 4729 7.
3609 4675 3816 4746 Expur-

2230 4770 2342 4833 gate
2365 4772 2502 4816 cetus
2531 4765 2849 4834 fermentum.
2895 4764 2950 4819 Id
2995 4771 3095 4829 est,
3138 4764 3280 4819 hunc
3322 4764 3657 4835 improbum;
3702 4767 3814 4822 imo

2230 4854 2409 4922 potius
2435 4868 2541 4908 non
2571 4853 2639 4910 de
2666 4855 2768 4911 hoc
2798 4864 3001 4910 tantum
3027 4854 3291 4924 loquitur,
3322 4854 3418 4910 sed
3439 4866 3493 4910 et
3516 4856 3655 4912 alios
3680 4856 3815 4913 sub-

2231 4945 2449 5001 indicat.
2476 4946 2589 5003 Non
2610 4946 2751 5002 enim
2781 4946 3063 5002 l'ornicatio
3092 4953 3294 5000 tantum
3312 4957 3466 5002 vetus
3492 4946 3812 5003 fermentum

2230 5046 2334 5105 est,
2363 5038 2456 5094 sed
2493 5048 2548 5095 et
2580 5041 2755 5095 omnis
2798 5039 3053 5109 nequitia.
3096 5036 3206 5092 Nec
3242 5036 3395 5103 dixit,
3436 5038 3685 5111 Purgate,
3716 5038 3813 5095 sed

2234 5131 2560 5203 Eapurgate;
2586 5147 2709 5189 cum
2731 5129 3070 5187 accuratione
3092 5138 3329 5201 purgate,
3343 5139 3400 5185 ut
3422 5146 3519 5185 nec
3542 5131 3812 5187 residuum

2233 5241 2333 5281 nec
2373 5225 2557 5281 umbra
2597 5227 2721 5281 talis
2759 5224 2837 5280 rei
2876 5229 3107 5279 maneat.
3132 5220 3266 5277 Cum
3286 5222 3583 5295 dieitcrgo,
3609 5220 3813 5291 Expur-

2232 5326 2346 5387 gate
2363 5358 2379 5383 ,
2410 5316 2647 5372 ostendit
2679 5315 2855 5371 adhuc
2882 5314 3170 5384 nequitiam
3197 5313 3336 5384 apud
3365 5313 3488 5369 illos
3512 5328 3666 5376 esse;
3692 5326 3815 5366 cum

2233 5417 2410 5465 autem
2433 5408 2581 5473 dicit,
2610 5407 2678 5463 Ut
2702 5408 2813 5462 sitis
2841 5421 2968 5460 nova
2990 5406 3298 5477 conspersio,
3321 5407 3451 5461 sicut
3469 5405 3588 5459 estis
3612 5402 3820 5474 saguli:

2238 5501 2469 5560 declarat
2506 5512 2562 5559 et
2601 5500 2833 5564 indicat,
2867 5514 2973 5555 non
3001 5500 3071 5555 ita
3099 5500 3283 5556 multis
3307 5498 3494 5555 vitium
3524 5495 3815 5551 dominari.

2230 5595 2285 5651 Si
2326 5610 2456 5653 vero
2500 5594 2665 5657 dicat.
2715 5592 2865 5648 Sicut
2909 5596 3029 5650 estis
3064 5595 3265 5666 negoti;
3314 5608 3420 5647 non
3465 5591 3534 5644 ita
3582 5589 3819 5660 loquitor

2232 5688 2383 5758 quasi
2408 5699 2597 5742 omnes
2622 5684 2737 5755 puri
2768 5696 2969 5749 essent,
3002 5686 3096 5743 sed
3135 5693 3193 5741 ut
3234 5685 3393 5740 decet
3423 5696 3519 5735 vos
3543 5696 3686 5737 esse.
3720 5680 3814 5735 Et-

2233 5781 2363 5835 enim
2394 5778 2582 5850 pascha
2609 5785 2833 5834 nostrum
2863 5797 2953 5849 pro
2981 5778 3121 5833 nobis
3146 5776 3434 5830 immolatus
3459 5784 3531 5829 est
3560 5771 3811 5829 Christus.
