3986 6206
225 336 328 391 ηε

218 454 429 526 λοιμοῦ,
454 453 682 516 πένθους
718 454 874 523 χρεία
922 456 1019 509 καὶ
1046 458 1326 529 ίκετηρίας
1371 462 1786 532 ἐπιτεταμὲνης.

219 541 350 593 Ἰνα
404 534 648 603 ἐξαρθῇ.
695 538 850 608 φησί’
910 540 1002 592 καὶ
1042 541 1171 610 εὐχῇ
1222 545 1525 612 χρήσασθαι
1578 545 1657 597 δεῖ
1708 547 1788 609 είς

212 620 393 682 τοῦτο,
422 619 516 672 καὶ
544 620 720 673 πάντα
739 622 1073 692 ἐργάσασθαι
1099 624 1239 677 ὥστε
1266 628 1428 680 αὑτὸν
1464 626 1789 697 ἀποτμηθῆο

211 719 323 755 ναι.
360 700 472 754 Καὶ
508 702 607 754 οὐκ
640 704 883 772 ἐγκαλεῖ,
913 705 993 758 δτι
1031 708 1131 759 οὐκ
1162 708 1435 778 ἐδήλωσαν
1469 709 1636 777 αὐτῷ,
1675 709 1789 761 ἀλιλ⁹

210 787 293 837 ὅτι
349 784 453 838 οὐκ
507 785 809 855 ἐπένθησαν
856 787 993 841 ὥστε
1054 791 1371 861 ἐξαρθῆναι,
1430 792 1644 855 δεικνὺς
1707 794 1788 847 δτι

210 866 307 920 καὶ
343 869 519 939 χωρὶς
561 869 656 922 τοῦ
684 870 1001 925 διδασκάλου
1034 874 1192 927 τοῦτο
1235 876 1489 943 γενέσθαι
1543 875 1649 929 ἔδει
1703 876 1790 930 διὰ

208 952 307 1014 τὴν
352 952 712 1019 περιφάνειαν
759 952 855 1006 τοῦ
923 955 1409 1027 πλημμελήματος.
1472 958 1621 1026 Ἐγὼ
1673 958 1789 1027 μὲν

210 1032 321 1103 γὰρ
358 1036 441 1101 ὡς
468 1036 641 1090 ἀπὼν
682 1036 760 1102 τῷ
797 1036 1045 1108 σώματι,
1094 1041 1299 1111 παρὼν
1347 1041 1416 1095 δὲ
1470 1041 1550 1108 τῷ
1606 1042 1788 1096 πνεύο

202 1135 366 1187 ματι.

282 1262 502 1333 β⁸.Ὂρα
532 1263 701 1333 θυμόν
720 1281 734 1295 ·
748 1264 870 1318 ούδέ
886 1265 1172 1335 ἀναμεῖναι
1185 1262 1351 1319 αὐτοῦ
1368 1264 1465 1336 τὴν
1481 1267 1785 1339 παρουσίαν

205 1348 459 1416 ἀφίησιν,
486 1348 609 1401 οὐδὲ
641 1347 959 1415 ἐκδέξασθαι
993 1349 1154 1402 αὐτὸν
1180 1349 1275 1401 καὶ
1297 1349 1419 1403 τότε
1458 1351 1638 1421 δῆσαι,
1670 1353 1783 1405 ἀλλ’

203 1430 398 1503 ὥσπερ
429 1433 550 1485 τινὰ
592 1432 781 1501 λοιμὸν
822 1431 1029 1501 μέλλων
1072 1432 1418 1499 ἀπελαύνειν,
1453 1434 1584 1505 πρὶν
1608 1435 1640 1505 ἢ
1667 1436 1785 1489 δια-

202 1515 427 1584 δοθῆναι
461 1519 541 1579 εἰς
584 1516 644 1567 τὸ
687 1515 872 1567 λοιπὸν
906 1513 1086 1583 σῶμα,
1138 1517 1421 1583 ἐπείγεται
1470 1522 1781 1587 κατασχεῖν.

201 1597 293 1649 Διὸ
349 1599 447 1649 καὶ
493 1598 685 1663 ἐπάγει
730 1596 925 1664 λέγων·
961 1597 1112 1665 ’Ἤδη
1160 1598 1408 1666 κέκρικα
1436 1599 1515 1665 ὡς
1556 1600 1780 1669 παρών.

203 1681 395 1733 Ταῦτα
441 1681 498 1732 δέ
549 1680 754 1747 ἔλεγεν,
785 1680 846 1732 οὐ
894 1682 1053 1749 μόνον
1095 1681 1438 1749 κατεπείγων
1474 1682 1670 1745 αὐτοὺς
1702 1685 1784 1748 είς

199 1764 297 1833 τὴν
325 1764 625 1832 ἀπόφασιν,
660 1764 756 1816 καὶ
789 1763 888 1816 οὐκ
922 1765 1103 1831 ἀφιεὶς
1136 1764 1263 1818 ἀλλο
1294 1782 1346 1818 τι
1367 1764 1779 1835 βουλεύσασθαι,

199 1848 337 1901 ἀὶλά
382 1848 475 1900 καὶ
504 1846 707 1917 φοϐῶν,
745 1846 821 1911 ὡς
859 1847 1014 1912 είδὼς
1053 1848 1122 1901 τὰ
1153 1849 1273 1901 ἐκεῖ
1318 1850 1659 1921 γενησόμενα
1688 1851 1783 1905 καὶ

196 1931 644 2003 κριθησόμεναι.
678 1929 850 1983 Τοῦτο
892 1930 1002 1998 γάρ
1036 1932 1152 1984 ἐστι
1185 1935 1438 2003 παρεῖναι
1481 1933 1560 2005 τῷ
1614 1936 1781 1989 πνεύ-

201 2034 356 2086 ματι,
402 2016 593 2083 ὥσπερ
640 2017 669 2068 ό
736 2014 1038 2075 Ἐλισσαῖος
1092 2015 1274 2085 παρῆν
1322 2016 1401 2087 τῷ
1448 2018 1631 2089 Γιεζῇ,
1684 2020 1781 2074 καὶ

198 2102 407 2167 έλεγεν·
454 2096 601 2165 Οὺχί
650 2098 689 2163 η
720 2094 932 2163 καρδία
958 2113 1079 2164 μου
1109 2096 1192 2165 ἦν
1214 2098 1363 2167 μετὰ
1401 2099 1518 2153 σοῦ
1535 2117 1555 2165 ;
1582 2101 1774 2156 Βαϐαίι

204 2182 337 2249 πόση
367 2179 465 2232 τοῦ
497 2178 835 2248 χαρίσματος
879 2180 913 2248 ή
945 2177 1192 2249 δύναμις.
1240 2181 1370 2234 ὅταν
1402 2182 1609 2245 πάντας
1642 2182 1777 2253 ὁμοῦ

195 2263 289 2315 καὶ
330 2262 451 2314 κατ’
490 2260 623 2314 αὐτὸ
659 2254 801 2313 εἶναι
840 2262 991 2331 ποιῇ,
1025 2261 1121 2314 καὶ
1164 2263 1232 2315 τά
1265 2263 1547 2334 πόρρωθεν
1579 2264 1777 2318 ειδέναι

195 2342 622 2417 παρασκευάζῃῑ
650 2342 791 2412 Ἤδη
818 2342 1052 2412 κέκρικα
1081 2341 1157 2407 ὠς
1178 2344 1385 2415 παρών.
1411 2346 1525 2399 Οὐκ
1549 2346 1777 2418 ἀφίησιν

192 2431 395 2494 αὐτοὺς
438 2429 627 2501 ιτερόν
653 2445 706 2481 τι
748 2429 1035 2500 ἐννοῆσαι·
1076 2429 1189 2483 Kal
1227 2428 1337 2499 7&9
1374 2430 1643 2500 ἐξήνεγκα
1678 2435 1776 2504 τὴν

192 2516 474 2583 ἀπόφασιν
504 2513 577 2577 ὡς
619 2512 845 2585 παρών·
893 2514 968 2585 μή
1004 2530 1093 2584 μοι
1127 2513 1395 2577 ἀναϐολὰς
1446 2516 1538 2569 καὶ
1581 2516 1774 2588 μελλή-

195 2614 311 2660 σεις
337 2597 499 2664 λέγε·
541 2596 693 2650 οὐδὲν
731 2596 841 2665 γὰρ
887 2596 1073 2666 ιτερον
1102 2597 1184 2650 δεῖ
1210 2597 1481 2665 γενέσθαι.
1521 2594 1651 2653 Εἶτα
1688 2600 1775 2655 ῖνα

196 2679 270 2747 μή
299 2676 433 2750 δόξῃ
459 2676 630 2747 πολλὴ
667 2672 809 2730 εἶναι
839 2678 872 2747 ή
902 2677 1182 2741 αὑθεντία,
1221 2678 1355 2749 μηδέ
1380 2681 1777 2755 αὐθαδέστερος

192 2762 420 2831 γένηται
446 2761 476 2811 ὀ
503 2759 680 2828 λόγος,
712 2760 815 2830 ὅρα
837 2760 955 2824 πῶς
977 2761 1071 2814 κα)⁸
1091 2761 1289 2825 αὐτοὺς
1316 2764 1605 2827 κοινωνοὺς
1633 2767 1776 2818 ποιεῖ

189 2842 283 2896 τοῦ
310 2843 603 2913 κρίματος.
648 2841 832 2895 Είπὼν
880 2844 1010 2914 7&9,
1040 2843 1315 2912 Κέκρικα,
1346 2846 1612 2915 ἐπήγαγε.
1662 2847 1775 2899 Τὸν

188 2927 346 2981 οὕτω
370 2926 549 2981 τοῦτο
582 2926 1125 2996 κατεργασάμενον.
1161 2927 1258 2980 Ἑν
1283 2926 1362 2991 τῷ
1391 2929 1632 2997 ὀνόματι
1663 2929 1773 2984 τοῦ

189 3010 416 3078 Κυρίου
436 3008 608 3078 ἡμῶν
636 3008 842 3076 ἰησοῦ
864 3010 1145 3077 Χριστοῦ,
1169 3009 1321 3082 [1271
1342 3012 1773 3081 συναχθέντων

188 3092 360 3161 ὑμῶν
388 3092 485 3145 καί
518 3091 625 3146 τοῦ
665 3089 811 3159 ἐμοῦ
848 3092 1210 3161 πνεύματος,
1249 3092 1376 3147 σὺν
1416 3093 1491 3162 τῇ
1519 3094 1772 3164 δυνάμει

186 3175 295 3230 τοῦ
317 3174 541 3243 Κυρίου
573 3173 737 3243 ἡμῶν
769 3174 963 3242 Ἰησοῦ
985 3176 1243 3244 Χριστοῦ
1270 3176 1639 3245 παραδοῦναι
1666 3179 1771 3232 τόν

188 3258 466 3315 τοιοῦτον
492 3255 573 3322 τῷ
593 3255 848 3325 σατανᾷ.
878 3258 986 3311 Καὶ
1008 3259 1059 3312 τί
1084 3260 1253 3321 ἐστιν,
1301 3260 1397 3314 Ἐν
1416 3260 1497 3325 τῷ
1527 3262 1769 3331 ὀνόματι

190 3342 294 3395 τοῦ
352 3341 578 3410 Κυρίου
626 3339 798 3409 ἡμῶν
841 3341 1036 3407 Ἰησοῦ
1085 3344 1379 3411 Χριστοῦ;
1450 3346 1592 3398 ’Δντὶ
1647 3345 1766 3413 τοῦ,

190 3423 346 3477 Κατά
378 3422 536 3483 Θεδν,
569 3422 645 3494 μὴ
678 3421 994 3496 ἀνθρωπίνη
1042 3427 1443 3496 κατεχομένους
1477 3427 1764 3497 προλήψει.

187 3509 230 3559 Τ
234 3510 341 3572 avi;
362 3509 421 3562 δέ
447 3507 619 3571 οὕτως
642 3507 1093 3575 ἀναγινώσκουσι·
1122 3511 1232 3566 Τόν
1250 3512 1402 3566 οὕτω
1427 3512 1603 3567 τοῦτο
1632 3531 1769 3568 κατ-

184 3588 603 3656 εργασόμενον
654 3590 725 3643 ἐν
782 3589 861 3653 τῷ
915 3591 1156 3661 ὀνόματι
1198 3594 1303 3648 τοῦ
1344 3595 1566 3663 Κυρίου
1599 3596 1769 3664 ἡμῶν

199 3670 404 3735 Ἰησοῦ
426 3670 686 3737 Χριστοῦ
702 3688 715 3701 ·
741 3671 834 3723 καὶ
857 3672 1239 3736 ύττοστίξαντες
1262 3675 1517 3738 ἐνταῦθα,
1540 3678 1571 3739 ἢ
1594 3678 1765 3746 μέσην

185 3752 391 3815 θέντες,
414 3749 589 3813 οὕτως
604 3751 869 3818 ἐπάγουσι
884 3752 945 3805 τὸ
970 3752 1097 3821 ἑξῆς
1119 3754 1366 3820 λέγοντες
1385 3771 1399 3785 ·
1430 3756 1765 3823 Συναχθέν-

183 3852 300 3891 των
316 3832 487 3904 ὑμῶν
504 3832 724 3888 καὶτοῦ
746 3833 891 3902 ἐμοῦ
907 3836 1245 3903 πνεύματος
1266 3836 1637 3903 παραδοῦναι
1656 3838 1765 3891 τὸν

184 3922 464 3976 τοιοῦτον
488 3917 569 3985 τῷ
597 3917 851 3986 σατανᾷ.
888 3920 995 3974 Καί
1030 3937 1162 3989 φασι
1196 3921 1295 3990 τὴν
1322 3920 1527 3975 ἔννοιαν
1558 3924 1763 3998 ταύτην

183 4003 322 4057 εἶναι
358 4004 463 4073 τῆς
507 4003 761 4074 τοιαύτης
809 4004 1198 4072 ἀναγνώσεως·
1233 4005 1336 4059 Tbv
1367 4006 1525 4059 τοῦτο
1563 4025 1763 4080 κατερ-

182 4087 515 4157 γασάμενον,
535 4085 720 4155 φησὶν,
742 4088 799 4137 ἐν
830 4088 908 4157 τῷ
934 4087 1160 4157 ὀνόματι
1187 4088 1280 4141 τοῦ
1312 4090 1548 4159 Χριστοῦ
1580 4095 1760 4163 παρά-

180 4170 295 4223 δοτε
344 4169 424 4238 τῷ
484 4169 721 4237 σατανᾷ·
779 4169 1048 4234 τουτέστι,
1088 4169 1181 4223 τὸν
1222 4173 1303 4233 είς
1357 4173 1417 4226 τὸ
1464 4174 1632 4245 ὄνομα
1666 4177 1761 4229 τοῦ

181 4252 417 4322 Χριστοῦ
448 4250 831 4321 ἐνυϐρίσαντα,
868 4251 961 4303 τὸν
1004 4251 1140 4319 μετά
1187 4252 1245 4304 τὸ
1278 4254 1532 4320 γενέσθαι
1572 4260 1761 4312 πιστὸν

181 4337 269 4388 καὶ
294 4332 589 4401 ἐπώνυμον
618 4332 832 4403 ἐκείνης
856 4332 957 4401 τῆς
987 4335 1358 4406 προσηγορίας
1387 4337 1612 4391 τοιαῦτα
1640 4342 1761 4393 τολ-

183 4419 458 4488 μήσαντα,
506 4411 699 4467 τοῦτον
731 4415 1005 4485 παράδοτε
1058 4416 1137 4487 τῷ
1186 4419 1405 4489 σατανᾷ.
1452 4420 1604 4490 Ἐμοὶ
1635 4421 1755 4495 δὲή

178 4499 426 4570 προτέρα
482 4496 822 4568 ἀληθεστέρα
874 4498 1084 4564 έκδοσις
1130 4496 1271 4554 εἶναι
1321 4503 1485 4557 δοκεῖ.
1517 4506 1651 4561 Ποία
1694 4507 1757 4578 δὴ

180 4584 351 4652 vim};
396 4581 497 4635 Ἐν
523 4579 603 4645 τῷ
646 4582 888 4651 ὀνόματι
926 4583 1033 4638 τοῦ
1067 4585 1285 4652 Κυρίου
1330 4587 1759 4655 συναχθέντων

178 4663 382 4734 ὑμῶν·
426 4663 729 4726 τουτέστιν.
764 4665 939 4721 Αὐτοῦ
995 4666 1088 4720 τοῦ
1144 4668 1407 4737 ὀνόματος
1447 4669 1592 4739 ὑμᾶς
1632 4688 1756 4727 συν-

177 4750 427 4817 άγοντος,
460 4747 601 4817 ὑπὲρ
628 4740 691 4800 οἶ)
727 4747 1071 4818 συνέρχεσθε.
1104 4749 1212 4805 Καὶ
1250 4749 1357 4804 τοῦ
1390 4752 1535 4821 ἐμοῦ
1572 4758 1756 4809 πνεύ-

172 4848 381 4901 ματος.
424 4830 597 4884 Πάλιν
628 4830 927 4900 ἐπέστησεν
955 4833 1137 4901 αὐτοῖς
1178 4834 1386 4899 ἑαυτὸν,
1428 4836 1493 4889 ἵν’
1518 4839 1645 4893 ὅταν
1676 4840 1755 4893 δι-

175 4914 442 4978 κάζωσιν,
493 4913 569 4977 ὡς
612 4911 778 4967 αὐτοῦ
826 4914 1111 4984 παρόντος,
1164 4916 1337 4983 οὕτως
1365 4920 1526 4973 αὑτὸν
1556 4923 1753 4978 ἀποτέι

176 5013 346 5066 μωσιν,
368 4995 470 5049 καὶ
494 4995 680 5065 μηδεὶς
703 4995 949 5068 τολμήσῃ
970 4999 1298 5073 συγγνώμης
1319 5003 1481 5056 αὑτὸν
1502 5005 1753 5074 ἀξιῶσαι,

171 5079 327 5145 είδὼς
374 5077 459 5131 δτι
497 5076 713 5142 Παῦλος
764 5083 969 5139 εἵσεται
997 5082 1065 5135 τὰ
1097 5085 1385 5155 γενόμενα.
1426 5083 1559 5141 Εἶτα
1590 5091 1751 5159 φοϐε-

174 5162 415 5231 ρώτερον
448 5159 583 5213 αὐτὸ
623 5160 819 5225 ποιῶν,
870 5164 1040 5235 φησί·
1080 5165 1201 5222 Σὺν
1238 5167 1314 5235 τῇ
1357 5169 1604 5239 δυνάμει
1647 5175 1753 5228 τοῦ

173 5244 395 5315 Κυρίου
650 5243 845 5310 Ἰησοῦ
890 5248 1168 5315 Χριστοῦ,
1208 5252 1509 5317 τουτέστιν,
1550 5254 1583 5324 ἢ
1618 5256 1699 5309 ὅτι
1724 5258 1752 5309 ὁ

173 5324 413 5397 Χριστὸς
461 5323 685 5383 δύναται
740 5326 997 5399 τοιαύτην
1051 5330 1180 5401 ὑμῖν
1218 5333 1377 5404 χάριν
1431 5323 1634 5401 δοῦνάι⁹
1676 5339 1752 5403 ὡς

171 5408 433 5465 δύνασθαι
462 5406 540 5480 τῷ
573 5409 806 5478 διαϐόλῳ
847 5412 1222 5481 παραδιδόναι·
1260 5414 1293 5485 ἢ
1342 5417 1421 5472 δτι
1459 5420 1550 5472 καὶ
1588 5421 1750 5486 αὐτὸς

175 5490 288 5560 μεθ’
316 5490 479 5561 ὑμῶν
511 5492 635 5550 κατ’
658 5492 823 5546 αὑτοῦ
858 5494 1012 5565 φέρει
1039 5500 1140 5568 τὴν
1169 5498 1367 5569 ψῆφον.
1401 5504 1506 5557 Kal
1538 5505 1635 5557 οὐκ
1674 5502 1750 5558 εἷ-

173 5588 289 5656 πεν,
320 5572 601 5627 Ἐνδοῦναι
625 5575 718 5628 τὸν
744 5576 981 5630 τοιοῦτον
1002 5579 1081 5650 τῷ
1110 5585 1337 5656 σατανᾷ,
1364 5585 1517 5649 ἀλλά,
1552 5590 1748 5656 Παρα-

174 5654 401 5741 δοῦναι,
429 5657 665 5741 ἀνοίγων
693 5658 842 5741 cx:th
862 5660 961 5730 τῆς
987 5666 1273 5733 μετανοίας
1292 5654 1399 5732 ήτάς
1429 5657 1617 5741 θύρας,
1639 5654 1746 5726 -καὶ

175 5735 357 5807 ὥσπερ
409 5738 749 5810 παιδαγωγῷ
800 5741 893 5795 τὸν
939 5744 1181 5801 τοιοῦτον
1228 5735 1575 5821 παραδιδούς.
1605 5735 1745 5811 Καὶ

233 5906 257 5938 ⁸
283 5907 483 5971 Deerat,
510 5910 591 5959 καὶ
625 5914 959 5979 κριθησόμενα.

1280 338 1342 396 ΙΝ
1383 342 1599 397 ENST.
1639 344 1652 397 I
1692 345 1779 398 AD
1818 345 1975 403 COR.
2019 349 2255 412 HOMIL.
2297 356 2411 415 XV.

3370 373 3466 429 1ἓὶ

1899 468 2080 526 πάλιν.
2150 475 2263 529 Τὸν
2312 478 2604 546 τοιοῦτον,
2659 481 2752 534 καὶ
2802 481 3038 553 οὐδαμοῦ
3072 484 3322 557 ἀνέχεται
3372 487 3476 559 τῆς

1895 559 2264 627 προσηγορίας
2305 562 2469 616 αὑτοῦ
2502 563 2891 634 μνημονεῦσαι.
2940 569 3044 632 Είς
3079 569 3331 636 ὄλεθρον
3361 569 3473 639 τῆς

1899 642 2144 721 σαρκός.
2200 643 2412 717 Ὥσπερ
2454 648 2547 701 ἐπὶ
2597 648 2689 701 τοῦ
2729 648 2997 720 μακαρίου
3056 650 3176 702 Ἰὼϐ
3226 654 3469 721 γέγονεν,

1897 720 2012 807 ἀλλ’
2035 724 2132 794 οὐχ
2164 726 2304 798 ὑπὲρ
2335 733 2434 799 τῆς
2478 730 2648 802 αὐτῆς
2679 732 3005 795 ὑποθέσεως.
3048 733 3195 786 Ἐκεῖ
3222 720 3321 803 μὲν
3362 737 3472 807 γὰρ

1898 806 2038 876 ὑπὲρ
2102 811 2379 878 στεφάνων
2446 815 2602 884 λαμπ
2639 816 2862 887 οτέρων,
2923 816 3148 869 ἐνταῦθα
3210 818 3266 869 δὲ
3330 820 3473 889 ὑπὲρ

1898 876 2315 938 ἁμαρτημάτων
2340 882 2570 938 λύσεως.
2606 833 2695 938 ἵνα
2726 885 2958 938 uad-r1511
2998 887 3157 938 αὑτὸν
3191 886 3337 938 ἕλκει
3370 905 3471 938 πο-

1898 876 2315 959 ἁμαρτημάτων
2340 876 2570 947 λύσεως,
2606 876 2695 938 ἵνα
2725 876 2960 959 μαστίξῃ
2998 887 3157 940 αὑτὸν
3191 886 3337 940 ἕλκει
3370 876 3471 941 πό-

1896 958 2108 1031 νηρῷῆ
2159 964 2297 1034 νόσῳ
2344 967 2524 1037 ἑτέρᾳ.
2578 967 2690 1021 Kal
2737 966 2842 1038 μὴν
2889 958 3124 1039 ἀλλαχοῦ
3173 986 3357 1039 φησιν,
3387 970 3470 1022 ὅτι

1907 1041 2052 1097 Ὑπὸ
2104 1047 2212 1101 τοῦ
2268 1050 2490 1117 Κιιρίου
2548 1052 2887 1120 κρινόμεθα,
2916 1051 3090 1106 ταῦτα
3148 1052 3467 1122 πάσχοντες.

1908 1125 2048 1179 Ἀλλ’
2074 1130 2309 1186 ἐνταῦθα
2340 1133 2540 1203 μᾶλλον
2568 1133 2913 1203 καθάψασθαι
2941 1133 3129 1199 θέλων,
3161 1134 3240 1205 τῷ
3268 1134 3471 1204 σατανᾷ

1894 1210 2248 1278 παραδίδωσι.
2280 1215 2385 1267 Kal
2410 1216 2569 1269 τοῦτο
2606 1217 2663 1269 δέ
2690 1214 2808 1287 Θεῴ
2834 1215 3022 1269 δοκοῦν
3048 1217 3278 1284 ἐγίνετο,
3327 1216 3468 1270 ὥστε

1892 1292 2216 1358 κολάζεσθαι
2243 1296 2407 1351 αὑτοῦ
2453 1298 2551 1369 τὴν
2583 1300 2780 1371 σάρκα.
2828 1298 3044 1369 Ἐπειδὴ
3081 1298 3190 1367 γὰρ
3229 1299 3339 1353 ἀπὸ
3370 1301 3469 1370 τῆς

1893 1372 2202 1445 ἀδηφαγίας
2230 1380 2323 1433 καὶ
2348 1381 2450 1449 τῆς
2480 1382 2694 1451 τρυφῆς
2717 1382 2817 1451 τῆς
2847 1382 2990 1437 κατά
3019 1382 3116 1452 τὴν
3142 1382 3321 1451 σάρκα
3352 1385 3472 1435 ἐπι⁴

1894 1457 2087 1528 θυμίαι
2128 1461 2425 1527 τίκτονται,
2457 1464 2663 1535 ταύτην
2694 1464 2933 1527 κολάζει.
2972 1466 3105 1521 Ἵνα
3138 1467 3198 1519 τὸ
3234 1464 3472 1535 πνεῦμα

1892 1542 2060 1611 σωθῇ
2077 1545 2147 1597 ἐν
2184 1546 2259 1614 τῇ
2290 1548 2479 1616 ἡμέρᾳ
2502 1547 2608 1601 τοῦ
2637 1549 2856 1617 Κιφίου
2898 1547 3122 1616 Ἰησοῦ.
3158 1550 3466 1613 Τουτέστιν,

1894 1625 1925 1693 ή
1968 1624 2149 1698 ψυχή·
2180 1630 2278 1699 οὐχ
2315 1632 2391 1693 ὼς
2437 1630 2642 1701 ταύτης
2682 1630 2997 1702 σωζομένης
3028 1633 3217 1703 μόνης,
3252 1631 3367 1686 ἀλλ’
3392 1632 3467 1693 ὼς

1890 1708 2320 1782 ὁμολογουμένου
2346 1715 2560 1780 τούτου,
2594 1716 2675 1769 ὅτι
2707 1716 3021 1792 σωζομένης
3045 1716 3279 1787 ἐκείνης,
3304 1718 3466 1770 ἀναν-

1889 1794 2161 1863 τιρῤήτως
2201 1798 2294 1849 καὶ
2342 1798 2403 1850 τὸ
2458 1797 2617 1868 σῶμα
2661 1800 2981 1869 κοινωνήσει
3029 1798 3128 1869 τῆς
3171 1799 3464 1871 σωτηρίας.

1890 1876 2002 1929 Καὶ
2030 1877 2140 1949 γάρ
2174 1878 2366 1952 θνητὸν
2395 1881 2462 1935 δι’
2497 1882 2665 1953 αὐτὴν
2696 1882 2913 1951 ἐγένετο
2943 1880 3292 1952 ἁμαρτοῦσαν
3315 1902 3327 1914 ·
3364 1881 3467 1936 κᾶν

1889 1958 2029 2031 αὐτὴ
2075 1962 2536 2037 δικαιοπραγήσῃ,
2577 1965 2742 2032 πάλιν
2780 1965 2979 2035 πολλῆς
3030 1964 3123 2018 καὶ
3154 1964 3288 2019 αὐτὸ
3325 1967 3465 2019 ἀπο-

1888 2042 2145 2100 λαύσεται
2189 2048 2365 2120 δόξης.
2420 2050 2578 2114 Τινὲς
2632 2050 2690 2103 δὲ
2741 2048 2803 2104 τὸ
2858 2048 3073 2119 πνεῦμα
3113 2048 3174 2100 τὸ
3210 2048 3464 2119 χάρισμά

1887 2142 2073 2193 φασιν,
2116 2130 2252 2200 ὅπερ
2316 2131 2597 2185 σϐέννυται
2649 2133 3074 2203 ἁμαρτανόντων
3127 2128 3301 2201 ἡμῶν.
3368 2128 3465 2182 Ἰν⁹

1884 2203 1978 2261 οὖν
2009 2209 2169 2264 τοῦτο
2208 2213 2283 2284 μὴ
2311 2215 2558 2284 γένηται,
2590 2216 2745 2285 φησὶ,
2783 2212 3148 2285 τιμωρείσθω,
3180 2212 3265 2265 ἵνα
3291 2210 3467 2284 ταύτῃ

1887 2290 2113 2359 βελτίων
2153 2296 2465 2366 γενόμενος,
2502 2298 2875 2367 ἐπισπάσηται
2900 2297 2999 2367 τήν
3032 2296 3214 2369 χάριν,
3244 2294 3341 2349 καὶ
3370 2293 3465 2348 εὑ-

1888 2378 2015 2451 ρεθῇ
2050 2380 2196 2435 σὼαν
2224 2382 2394 2453 αὐτὴν
2434 2386 2491 2436 ἐν
2524 2386 2707 2455 ἐκείνῃ
2733 2387 2798 2453 τῇ
2847 2385 3033 2456 ἡμέρᾳ
3068 2384 3461 2455 παρεχόμενος.

1886 2459 2048 2513 Ὥστε
2100 2463 2395 2532 κηδομένου
2427 2466 2626 2535 μᾶλλόν
2666 2469 2783 2519 ἐστι
2814 2468 2908 2520 καὶ
2939 2466 3299 2537 ἰατρεύοντος.
3341 2464 3462 2534 οὐχὶ

1884 2541 2179 2606 κόπτοντος
2219 2545 2425 2610 ἀπλῶς,
2465 2548 2587 2601 οὐδὲ
2622 2548 2944 2613 κολάζοντος
2975 2551 3097 2618 είκῆ
3135 2549 3229 2602 καὶ
3261 2548 3461 2619 μάτην.

1883 2625 2083 2691 Μεῖζον
2112 2627 2220 2697 7&9
2241 2627 2302 2681 τὸ
2324 2628 2514 2699 κέρδος
2536 2630 2636 2700 τῆς
2662 2630 2953 2701 τιμωρίας·
2978 2632 3011 2700 ἡ
3036 2630 3137 2699 μὲν
3160 2630 3269 2699 γάρ
3296 2631 3465 2701 πρόσ-

1883 2725 2095 2781 καιρος,
2128 2710 2189 2763 τὸ
2224 2710 2280 2763 δέ
2310 2711 2579 2783 διηνεκές.
2611 2713 2722 2767 Kal
2752 2713 2849 2781 οὐχ
2884 2710 3034 2783 [128]
3065 2710 3251 2775 ἀπλῶς
3284 2707 3459 2776 εἶπεν,

1885 2791 2018 2844 Ἵνα
2040 2791 2104 2844 τὸ
2125 2794 2362 2862 πνεῦμα
2380 2793 2569 2863 σωθῇ,
2595 2794 2735 2858 ἀλλ’,
2770 2795 2874 2849 Ἐν
2908 2794 3110 2862 ἐκείνη
3138 2792 3213 2863 τῇ
3247 2792 3459 2863 ἡμέρᾳ.

1881 2873 2077 2938 Καλῶς
2130 2876 2327 2937 αὐτοὺς
2375 2876 2469 2930 καὶ
2521 2878 2795 2949 εὐκαίρως
2847 2878 2945 2948 τῆς
2978 2878 3193 2948 ἡμέρας
3245 2876 3462 2945 ἐκείνης

1880 2955 2308 3027 ἀναμιμνήσκει,
2346 2959 2431 3012 ῖνα
2462 2960 2558 3013 καὶ
2601 2960 2755 3012 αὐτοὶ
2795 2959 3201 3030 προθυμότερον
3233 2959 3461 3011 ἔλθωσιν

1880 3038 1973 3092 ἐπὶ
2006 3041 2104 3110 τὴν
2134 3042 2397 3113 ἰατρείαν,
2425 3044 2678 3107 κάκεῖνος
2710 3041 3074 3113 καταδέξηται
3112 3041 3329 3113 μᾶλλον,
3361 3043 3458 3111 οὐχ

1877 3120 1954 3185 ὡς
1984 3120 2155 3193 ὀργῆς
2183 3126 2404 3197 ῥήματα
2439 3127 2586 3187 ὅντα,
2615 3126 2732 3180 ἀλλ’
2754 3124 2829 3190 ὡς
2865 3126 3071 3197 πατρὸς
3097 3124 3456 3197 κηδεμονικοῦ

1878 3204 2155 3273 πρόνοιαν.
2205 3209 2304 3260 Διά
2360 3208 2470 3278 7&9
2508 3206 2688 3274 τοῦτο,
2738 3208 2848 3262 Καί
2904 3211 2992 3274 είς
3044 3210 3295 3279 ὄλεθρον
3347 3207 3460 3277 τῆς

1876 3288 2123 3361 σαρκὸς,
2158 3285 2314 3344 εἶπεν
2335 3308 2347 3319 ·
2378 3292 2482 3362 ἤδη
2519 3292 2597 3363 τῷ
2621 3292 2853 3361 διαϐόλῳ
2882 3292 3082 3363 νόμους
3125 3292 3316 3358 τιθεὶς,
3361 3290 3459 3344 καὶ

1876 3372 1977 3422 οὐκ
2022 3373 2182 3439 ἀφεὶς
2232 3375 2394 3428 αὐτὸν
2435 3378 2744 3447 περαιτέρω
2782 3376 3085 3447 προϐῆναι·
3120 3374 3310 3446 ὥσπερ
3363 3376 3459 3430 έπλΙ

1874 3454 1969 3508 τοῦ
2034 3455 2153 3508 Ἰὼϐ
2191 3457 2376 3527 ἔλεγεν
2427 3460 2457 3514 δ
2502 3460 2657 3525 Θεός·
2694 3460 2867 3527 Πλὴν
2893 3458 3004 3527 τῆς
3031 3457 3241 3529 ψυχῆς
3269 3460 3459 3516 αὐτοῦ

1868 3537 1956 3606 μὴ
1992 3537 2140 3608 ἅψη-

1946 3674 2015 3733 7'.
2038 3664 2168 3720 Εἶτα
2186 3668 2497 3740 ἀπαρτίσας
2524 3664 2625 3735 τὴν
2636 3670 2933 3739 ἀπόφασιν,
2959 3670 3056 3723 καὶ
3069 3670 3127 3721 ἐν
3150 3668 3343 3739 βραχεῖ
3359 3670 3457 3727 αὖ·

1871 3749 1972 3815 τὴν
2001 3748 2172 3799 εἰπὼν
2208 3753 2299 3801 καὶ
2334 3753 2436 3805 οὐκ
2466 3753 2831 3821 ἐνδιατρίψας,
2864 3753 3060 3820 ἐπάγει
3090 3751 3251 3806 πάλιν
3283 3753 3456 3807 ἐπιτίο

1873 3846 2061 3898 μησιν,
2108 3830 2241 3900 πρὸς
2282 3832 2526 3895 ἐκείνους
2560 3834 3017 3906 ἀποτεινόμενος·
3056 3839 3138 3891 Οὐ
3167 3836 3362 3891 καλὸν
3386 3837 3455 3890 τὸ

1872 3913 2152 3981 καύχημα
2184 3913 2375 3983 ὑμῶν·
2410 3916 2626 3983 δεικνὺς
2656 3919 2738 3974 δτι
2765 3919 2963 3975 ἐκεῖνοι
3002 3918 3165 3990 μέχρι
3202 3919 3294 3975 τοῦ
3322 3937 3457 3991 παρ-

1872 3997 2024 4060 όντος
2069 3999 2168 4050 οὐκ
2217 3999 2407 4053 εἴασαν
2457 4002 2620 4059 αὑτὸν
2678 4004 3034 4075 μετανοῆσαι,
3108 4002 3455 4073 καυχώμενοι

1870 4080 1957 4131 ἐπ’
1982 4080 2151 4149 αὐτῷ.
2183 4078 2316 4134 Εἶτα
2342 4084 2493 4152 δηλοῖ
2523 4087 2605 4137 ὅτι
2632 4085 2732 4137 ούκ
2764 4085 2975 4140 ἐκείνου
3005 4088 3322 4155 φειδόμενος
3358 4087 3454 4155 p.6-

1870 4180 1958 4214 νον
1992 4162 2151 4214 τοῦτο
2188 4165 2351 4229 ποιεῖ,
2403 4164 2540 4221 ἀλλὰ
2596 4166 2694 4220 καὶ
2738 4168 2916 4221 αὐτῶν
2962 4168 3199 4221 τούτων·
3236 4168 3315 4221 διὸ
3358 4168 3454 4221 καὶ

1869 4245 2096 4309 ἐπάγει·
2132 4246 2254 4299 Οὐκ
2301 4245 2501 4301 οἴδατε
2540 4246 2631 4301 ὅτι
2655 4252 2839 4319 μικρὰ
2873 4250 3019 4319 ζύμη
3059 4252 3207 4306 ὅλον
3234 4251 3302 4305 τὸ
3336 4254 3452 4321 φύ-

1860 4344 2027 4397 Ραμα
2051 4326 2253 4397 ζυμοῖἕ
2287 4331 2351 4383 Εἰ
2397 4331 2506 4403 γὰρ
2546 4332 2641 4385 καὶ
2666 4332 2875 4385 ἐκείνου
2907 4333 2966 4386 τὸ
2992 4333 3315 4405 ἁμάρτημα¹
3347 4351 3449 4405 φη-

1870 4412 1975 4473 σὶν,
2013 4412 2128 4465 ἀλλ’
2180 4414 2555 4485 ἀμελούμενον
2604 4416 2829 4469 δύναται
2869 4418 2963 4471 καὶ
3011 4417 3072 4470 τὸ
3118 4415 3302 4471 λοιπὸν
3352 4416 3449 4488 τῆς

1880 4494 2211 4567 Ἐκκλησίας
2240 4497 2401 4566 σῶμα
2433 4498 2798 4569 λυμήνασθαι.
2832 4500 3005 4553 Ὅταν
3037 4500 3145 4569 γὰρ
3175 4501 3202 4552 ὁ
3234 4498 3449 4571 πρῶτος

1868 4579 2130 4651 ἁμαρτὼν
2187 4580 2262 4650 μὴ
2312 4581 2387 4650 δῷ
2433 4580 2609 4652 δίκην,
2650 4582 2858 4652 ταχέως
2906 4586 3000 4637 καὶ
3055 4584 3231 4655 ἕτεροι
3274 4582 3447 4637 ταῦτα

1868 4662 2339 4733 πλημμελήσουσι.
2393 4664 2578 4718 Ταῦτα
2626 4664 2685 4717 δὲ
2733 4665 2900 4735 λέγει,
2930 4666 3143 4730 δεικνὺς
3173 4667 3256 4721 ὅτι
3306 4665 3447 4737 ὑπὲρ

1864 4748 1993 4815 ὅλης
2037 4744 2137 4813 τῆς
2175 4746 2523 4815 Ἐκκλησίας,
2554 4749 2651 4819 οὐχ
2690 4750 2828 4818 ὑπὲρ
2858 4750 2977 4813 ἐνὸς
3014 4751 3197 4812 αὐτοῖς
3236 4750 3383 4800 ἐστιν
3416 4750 3445 4800 ὀ

1863 4828 2013 4898 ἀγὼν
2043 4830 2136 4882 καὶ
2164 4832 2192 4883 ό
2226 4829 2501 4892 κίνδυνος·
2533 4831 2613 4884 διὸ
2642 4834 2736 4885 καὶ
2768 4832 2867 4899 τῆς
2894 4832 3099 4895 εἰκόνος
3124 4830 3315 4902 ἐδεήθη
3343 4831 3443 4901 τῆς

1864 4911 2063 4982 ζύμης.
2097 4912 2307 4984 Ὥσπερ
2335 4914 2441 4986 γὰρ
2480 4914 2687 4983 ἐκείνη,
2719 4914 2871 4982 φησὶ,
2908 4915 3001 4967 καὶ
3030 4914 3254 4989 βραχεῖα
3283 4908 3439 4977 οῦσα,

1862 4994 1981 5048 ὅλον
2026 4995 2165 5065 πρὸς
2204 4996 2403 5067 ἐαυτὴν
2433 4996 2758 5067 μεταϐάλλει
2786 4995 2847 5048 τὸ
2876 4995 3105 5067 φύραμα
3124 5012 3138 5025 ·
3174 4994 3317 5049 οὕτω
3348 4998 3442 5049 καὶ

1861 5070 2039 5145 οὗτος,
2103 5080 2169 5133 ἂν
2223 5078 2397 5149 ἀφεθῇ
2457 5078 2805 5150 ἀτιμώρητος
2866 5080 2957 5132 καὶ
3009 5079 3361 5150 ἀνεκδίκητος
3404 5083 3438 5151 ἡ

1861 5164 2108 5237 ἁμαρτία
2135 5164 2274 5235 αῦτη
2310 5164 2557 5234 γένηται,
2585 5166 2679 5219 καὶ
2719 5168 2830 5231 τοῖς
2859 5164 3063 5226 λοιποῖς
3098 5164 3437 5237 λυμανεῖται.

1872 5246 2265 5317 Ἑκκαθὰρατε
2319 5246 2433 5315 τὴν
2463 5246 2730 5304 παλαιὰν
2764 5247 2968 5317 ζύμην.
3018 5247 3297 5312 Τουτέστι,
3348 5249 3438 5302 τὸν

1859 5331 2093 5401 πονηρὸν
2137 5330 2357 5385 τοῦτον·
2413 5330 2613 5400 μᾶλλον
2652 5331 2708 5384 δὲ
2758 5332 2819 5385 ού
2872 5331 3005 5403 περὶ
3038 5332 3227 5385 τούτου
3278 5333 3439 5404 μόνον

1858 5416 2044 5486 φησὶν,
2085 5413 2221 5468 ἀλλὰ
2250 5414 2344 5471 καὶ
2370 5413 2563 5476 ἀλλους
2602 5413 2916 5469 αἰνίττεται.
2952 5415 3027 5468 Οὐ
3071 5415 3178 5486 γὰρ
3211 5417 3437 5489 πορνεία

1860 5502 2021 5570 μόνον
2050 5498 2259 5554 παλαιά
2288 5497 2460 5569 ζύμη,
2490 5498 2629 5551 ἀλλά
2666 5500 2762 5552 καὶ
2795 5502 2944 5553 πᾶσα
2971 5499 3160 5555 κακία.
3197 5501 3309 5557 Καὶ
3332 5501 3435 5557 οὐκ

1855 5581 1999 5648 εἷπε,
2048 5583 2365 5654 Καθάρατε,
2415 5584 2551 5648 ἀλλ’,
2594 5582 3022 5653 Ἐκκαθάρατε·
3072 5583 3210 5655 μετὰ
3267 5586 3431 5655 ἀκρι-

1854 5668 2006 5730 ϐείας
2053 5667 2351 5737 καθάρατε,
2410 5666 2549 5720 ὥστε
2590 5665 2725 5737 μηδὲ
2769 5665 3020 5735 λείψανον
3082 5665 3215 5736 μηδέ
3272 5668 3431 5721 σκιὰν

1852 5749 1993 5807 εἶναι
2027 5749 2300 5818 τοιαύτην.
2334 5749 2425 5819 Τῷ
2476 5750 2575 5819 μὶν
2607 5744 2699 5802 οὗν
2752 5751 2948 5813 εἰπεῖν,
3006 5748 3426 5817 Ἐκκαθὰρατε,

1849 5835 2122 5889 δείκνυσιν
2169 5832 2249 5890 ἔτι
2301 5832 2567 5901 πονηρίαν
2615 5832 2745 5903 παρ’
2796 5832 2976 5895 αὐτοῖς
3006 5826 3203 5886 οὖσαν·
3240 5832 3319 5902 τῷ
3370 5833 3427 5886 δὲ

1850 5927 2046 5991 εἰπεῖν,
2080 5926 2203 5981 Ἵνα
2231 5920 2333 5995 ἦτε
2356 5924 2496 5979 νέον
2520 5925 2785 5995 φύραμα,
2812 5922 3005 5992 καθώς
3030 5922 3168 5980 ἐστε
3190 5921 3419 5994 ἀζινμοι,
