4028 6208
160 384 274 440 [‘25

147 497 206 551 8.
240 497 414 564 Itaque
440 497 620 562 festum
646 491 947 546 celebremus
968 532 982 554 ,
1025 505 1124 540 non
1166 488 1219 539 in
1258 488 1499 552 fermento
1537 483 1687 535 veleri
1707 518 1722 541 ,

145 603 308 653 neque
346 585 398 635 in
446 587 688 651 fermento
734 581 941 633 malitia:
967 588 1014 632 et
1042 577 1310 644 nequitia,
1350 579 1434 627 sed
1459 572 1510 626 in
1539 571 1730 640 azymis

142 673 446 729 sinceritatis
485 681 531 724 et
570 671 806 724 veritatis.
858 668 946 723 Sic
988 667 1231 721 Christus
1279 665 1595 718 fermentum
1637 661 1733 714 do-

143 768 374 823 etrinam
400 765 623 818 vocavit.
658 763 772 828 Ipse
800 769 977 814 autem
1002 760 1053 812 in
1077 757 1386 825 metaphora
1414 763 1613 817 manet,
1642 768 1732 806 ve-

149 871 319 912 terem
352 857 625 910 historiam
658 853 858 922 ipsisin
889 852 1198 904 memoriam
1225 862 1499 907 revocans,
1526 859 1729 897 necnon

147 950 346 1021 pascha
374 959 428 1003 et
455 963 639 1020 azyma
672 957 725 997 et
752 943 1029 1004 beneficia,
1054 957 1174 1010 qua:
1206 950 1327 993 tunc
1353 946 1405 990 et
1441 952 1555 1006 qua:
1591 951 1731 989 nunc

147 1043 344 1098 collata
370 1051 514 1104 sunt,
544 1050 598 1094 et
624 1037 877 1106 supplicia
908 1049 1196 1105 pinnasque
1229 1032 1504 1101 irrogatas.

224 1133 529 1189 Christianis
561 1147 704 1183 autne
734 1141 924 1197 tempus
956 1127 1062 1179 dies
1086 1131 1241 1195 festus
1262 1133 1440 1176 est.-—-
1462 1122 1554 1174 Est
1592 1136 1720 1189 ergo

152 1225 257 1279 diei
297 1224 415 1278 {esti
463 1236 698 1290 praesens
737 1230 965 1287 tempus.
1013 1217 1144 1269 Cum
1177 1214 1317 1268 enim
1342 1213 1496 1276 dixit,
1532 1210 1734 1264 Festum

159 1317 465 1370 celebremus
484 1333 498 1379 ;
531 1329 635 1366 non
663 1312 802 1382 quod
835 1309 1064 1370 Pascha,
1095 1324 1200 1360 non
1250 1306 1389 1376 quod
1425 1307 1736 1360 Pentecoste

153 1407 389 1469 adesset,
437 1407 536 1458 hoc
585 1403 816 1466 dicebat,
856 1400 949 1454 sed
1001 1401 1289 1452 ostendens
1339 1408 1551 1466 tempus
1579 1412 1736 1450 omne

151 1497 260 1550 diei
285 1498 405 1549 t'esti
437 1505 643 1562 tempus
665 1507 788 1546 esse
819 1488 1165 1553 Christianis,
1192 1489 1261 1541 ob
1295 1488 1595 1541 ubertatem
1624 1487 1734 1539 col-

156 1588 389 1638 latorum
423 1585 705 1637 bonorum.
740 1581 869 1633 Nam
916 1580 1055 1648 quod
1105 1580 1302 1632 bonum
1345 1593 1450 1630 non
1481 1578 1687 1631 exstitit
1716 1578 1738 1630 ἶ)

157 1676 322 1728 Filius
361 1675 453 1726 Dei
501 1673 660 1725 homo
708 1672 879 1725 factus
921 1681 1000 1723 est
1036 1680 1253 1739 pr0pter
1287 1679 1377 1732 te;
1424 1678 1474 1722 te
1506 1685 1534 1722 a
1569 1678 1739 1722 morte

156 1768 428 1831 liberavit,
461 1766 525 1819 ad
555 1781 776 1835 regnum
809 1765 1038 1818 vocavit.
1078 1763 1156 1816 Tu
1189 1777 1316 1833 ergo
1339 1763 1425 1831 qui
1460 1763 1583 1814 talia
1613 1775 1740 1814 con-

157 1871 417 1930 sequutus
445 1876 504 1914 es
523 1869 575 1913 et
601 1859 970 1929 consequeris,
999 1856 1270 1926 quomodo
1297 1871 1400 1908 non
1434 1854 1630 1909 debeas
1648 1869 1742 1921 per

160 1965 335 2008 totam
380 1952 541 2005 vitam
571 1949 763 2005 festum
795 1950 993 2017 agere?
1043 1947 1207 2000 Nemo
1256 1948 1435 2016 itaque
1477 1946 1545 1998 sit
1578 1943 1744 1997 tristis

161 2055 386 2115 propter
440 2053 807 2113 paupertatem
853 2043 936 2096 vel
968 2042 1216 2094 morbum
1251 2041 1335 2093 vel
1366 2040 1584 2094 insidias
1611 2057 1622 2090 :
1647 2053 1742 2090 no-

159 2149 332 2191 strum
362 2137 504 2190 enim
563 2145 772 2203 tempus
819 2142 984 2186 totum
1031 2142 1113 2186 est
1150 2130 1472 2185 festivitatis.
1522 2128 1644 2183 ldeo
1673 2129 1746 2180 ait

163 2229 361 2283 Paulus
389 2244 401 2278 :
433 2225 659 2279 Gaudete
697 2228 750 2278 in
777 2224 997 2276 Domino
1024 2264 1037 2288 ,
1082 2222 1298 2292 gaudete
1323 2238 1338 2285 ;
1378 2225 1559 2274 iterum
1587 2219 1700 2271 dico
1727 2259 1742 2284 ,

163 2321 378 2388 gaudete
403 2316 660 2385 (Philipp.
692 2316 746 2369 4.
776 2317 858 2385 4).
879 2316 934 2367 lu
967 2314 1118 2367 festis
1154 2326 1309 2365 nemo
1338 2310 1566 2363 sordidis
1589 2308 1744 2360 indu-

167 2419 251 2461 tus
280 2417 362 2462 est
393 2407 648 2474 vestibus,
684 2421 858 2476 neque
905 2420 1003 2459 nos
1033 2406 1191 2458 etiam
1229 2423 1240 2455 :
1272 2401 1468 2468 nuptiae
1496 2399 1638 2454 enim
1670 2400 1745 2451 fa-

166 2509 268 2552 ctu:
298 2509 445 2565 sunt,
470 2501 665 2569 nuptias
700 2498 1024 2568 spirituales.
1061 2493 1413 2557 Simileenim,
1441 2491 1628 2560 inquit,
1665 2493 1746 2558 fa—

168 2601 305 2643 ctum
345 2601 414 2644 est
442 2607 654 2660 regnum
699 2589 941 2642 cwlorum
967 2588 1155 2640 homini
1186 2588 1288 2655 regi
1313 2625 1324 2646 ,
1353 2584 1434 2654 qui
1467 2582 1622 2635 voluit
1651 2597 1746 2633 uu-

172 2683 302 2750 ptias
331 2686 501 2751 facere
530 2682 639 2748 ﬁlio
657 2697 746 2733 suo
777 2679 989 2748 (Matth.
1013 2678 1100 2730 Ἡ.
1132 2678 1208 2745 2).
1240 2676 1338 2729 Ubi
1369 2692 1492 2728 vero
1525 2689 1616 2727 rex
1650 2689 1750 2724 nu-

171 2773 312 2841 ptias
340 2772 465 2825 facit
495 2780 548 2824 ct
577 2771 788 2839 nuptias
803 2770 910 2822 filio
935 2782 1054 2831 suo,
1075 2767 1199 2836 quid
1225 2766 1394 2832 majus
1425 2763 1584 2817 fuerit
1613 2765 1750 2816 festo

173 2864 312 2921 illo?
341 2864 510 2919 Nemo
538 2863 714 2933 itaque
759 2862 949 2932 pannis
996 2860 1186 2913 laceris
1233 2859 1447 2912 indutus
1497 2859 1748 2911 introeat.

173 2953 292 3009 Non
320 2957 387 3011 de
413 2954 746 3010 vestimentis
773 2954 928 3007 nobis
960 2968 1138 3007 sermo
1167 2960 1247 3005 est
1272 2993 1284 3014 ,
1316 2951 1408 3005 scd
1446 2951 1511 3004 de
1547 2950 1755 3003 actibus

177 3048 424 3116 impuris.
450 3046 505 3100 Si
534 3047 676 3100 enim
704 3060 822 3098 cum
843 3059 1029 3097 omnes
1057 3041 1350 3112 splendidis
1379 3041 1548 3095 induti
1581 3049 1758 3094 essent

178 3138 441 3204 vestibus,
469 3152 606 3191 unus
634 3138 779 3191 solus
810 3137 862 3189 in
893 3135 1090 3203 nuptiis
1124 3146 1392 3204 repertus,
1422 3133 1610 3188 laceris
1631 3149 1761 3202 pan-

178 3233 262 3287 nis
321 3233 565 3297 vestitus,
624 3232 865 3301 abjectus
919 3231 1015 3285 fuit
1061 3247 1180 3285 cum
1214 3231 1532 3300 ignominia;
1585 3230 1757 3298 cogita

178 3331 431 3391 quantam
463 3323 702 3391 requirat
721 3323 1113 3376 observantiam
1143 3331 1196 3376 et
1223 3324 1508 3391 puritatem
1542 3322 1752 3390 ingres-

181 3425 273 3465 sus
297 3412 348 3464 in
368 3413 580 3481 nuptias
599 3412 735 3469 illas.
758 3411 872 3466 Non
893 3412 1013 3466 ideo
1032 3423 1206 3466 autem
1230 3422 1430 3464 tantum
1454 3411 1557 3464 illis
1580 3423 1760 3479 azyma

184 3513 603 3567 commemorat;
625 3504 718 3557 sed
742 3504 1032 3558 ostendens
1057 3504 1262 3557 Veteris
1284 3502 1616 3555 Testamenti
1641 3517 1760 3554 cum

186 3591 332 3647 Novo
358 3595 756 3662 cognationem.
785 3594 1276 3663 demonstransque
1318 3609 1426 3645 non
1451 3593 1611 3647 licere
1649 3601 1766 3661 post

187 3701 371 3756 azyma
424 3687 473 3737 in
505 3685 790 3754 Egyptum
836 3687 1071 3753 ingredi;
1105 3687 1197 3739 sed
1226 3687 1268 3737 si
1299 3687 1419 3753 quis
1441 3686 1636 3738 reverti
1675 3699 1766 3735 vo-

191 3777 368 3839 luerit,
394 3776 580 3828 eadem
610 3790 889 3843 passurum
923 3789 1041 3827 esse
1072 3790 1189 3842 qum
1221 3774 1296 3825 illi
1323 3794 1336 3827 ;
1365 3774 1453 3824 illa
1485 3773 1625 3825 enim
1653 3787 1766 3822 um-

190 3866 282 3920 bra
308 3867 496 3919 horum
529 3876 676 3918 crant
698 3904 712 3928 ,
741 3864 945 3917 etiamsi
975 3862 1250 3932 impudens
1281 3862 1350 3915 sit
1370 3860 1606 3915 Juda'us.
1630 3861 1768 3924 Qua-

192 3968 413 4028 propter
441 3957 488 4011 si
534 3957 943 4027 interrogaveris
971 3971 1114 4019 cum,
1149 3953 1280 4009 nihil
1309 3968 1558 4023 magnum
1589 3951 1728 4006 dicet
1753 3969 1766 4016 ;

192 4049 301 4104 lmo
339 4064 586 4119 magnum
637 4048 905 4118 quidpiam
954 4047 1114 4109 dicet,
1170 4045 1264 4099 sed
1295 4045 1426 4098 nihil
1459 4043 1584 4108 tale,
1618 4042 1772 4111 quale

194 4158 329 4207 nos,
360 4142 483 4211 quia
515 4143 789 4194 veritatem
818 4155 922 4192 non
975 4139 1139 4193 novit.
1186 4137 1277 4190 ille
1329 4152 1556 4205 namque
1607 4135 1769 4202 dicet,

194 4235 334 4307 quod
363 4250 422 4290 se
443 4235 741 4288 detinentes
767 4231 1046 4302 Egyptios
1070 4231 1138 4281 ita
1163 4230 1385 4283 mutavit
1417 4229 1581 4293 Deus,
1601 4238 1658 4280 ut
1676 4228 1772 4297 ipsi

195 4341 294 4382 nos
323 4326 656 4395 depellerent
680 4363 694 4389 ,
727 4337 860 4391 quos
889 4329 1043 4374 antea
1069 4319 1119 4372 vi
1147 4319 1478 4382 detinebant,
1525 4334 1624 4372 nec
1656 4333 1776 4386 per-

195 4419 456 4473 miseraut
478 4431 575 4469 nos
593 4429 823 4468 massam
852 4412 1192 4466 fermentare.
1223 4411 1326 4465 Sed
1352 4410 1396 4463 si
1427 4411 1545 4479 quis
1566 4425 1650 4464 me
1693 4411 1776 4463 in-

200 4515 455 4578 terroget,
486 4521 590 4560 non
619 4505 907 4576 Egyptum
940 4504 1140 4571 audiet,
1164 4520 1266 4556 non
1293 4501 1647 4566 Pharaonem,
1682 4500 1777 4554 sed

201 4601 503 4656 libertatem
543 4599 609 4653 ab
657 4614 842 4653 errore
877 4597 1181 4652 daunonnm
1219 4605 1273 4651 et
1325 4610 1355 4648 a
1400 4593 1634 4648 tenebris
1676 4592 1782 4646 dia-

203 4693 309 4747 boli
337 4710 355 4756 ξ
395 4707 501 4746 ηοη
525 4691 782 4762 Moysem,
812 4689 905 4743 sed
937 4689 1031 4742 Dei
1060 4688 1251 4742 Filium
1279 4705 1294 4752 ;
1326 4703 1430 4742 non
1479 4702 1626 4741 mare
1666 4685 1780 4740 Ru-

203 4785 398 4849 brum,
430 4783 526 4839 sed
575 4782 837 4849 baptisma
890 4781 1184 4833 innumeris
1230 4780 1445 4848 plenum
1478 4779 1652 4841 bouis,
1693 4779 1780 4832 ubi

204 4885 358 4930 vetus
385 4874 546 4928 homo
567 4871 860 4926 suffocatus
887 4879 991 4925 est.
1025 4870 1230 4924 Rursus
1263 4871 1306 4924 si
1342 4870 1583 4924 Judaeum
1616 4870 1784 4924 inter-

206 4979 386 5034 roges,
419 4978 513 5016 cur
541 4978 606 5015 ex
653 4962 906 5016 omnibus
960 4959 1154 5013 finibus
1210 4959 1534 5015 fermentum
1568 4961 1782 5030 ejiciat;

207 5057 295 5111 hic
322 5065 378 5109 et
405 5053 582 5108 silebit
617 5062 671 5108 ct
714 5067 929 5107 causam
984 5068 1088 5107 non
1119 5051 1281 5106 dicet.
1327 5053 1460 5118 Quia
1487 5052 1630 5108 enim
1684 5053 1784 5106 alia

207 5147 424 5219 quidem
466 5156 619 5200 erant
649 5146 828 5216 figura:
859 5145 1178 5208 futurorum,
1221 5155 1278 5198 et
1306 5161 1495 5200 causas
1521 5145 1788 5200 habebant

209 5222 397 5292 eorum
425 5251 546 5305 quae
588 5235 754 5299 ﬁunt;
785 5235 886 5290 alia
930 5251 1058 5291 vero
1088 5251 1191 5289 non
1225 5236 1348 5289 item
1368 5278 1382 5300 ,
1407 5237 1591 5290 utnon
1624 5235 1783 5291 liceat

209 5329 412 5386 Iudaeis
447 5328 675 5397 maligne
700 5342 878 5396 agere,
913 5338 971 5381 ut
998 5343 1065 5382 ne
1092 5328 1163 5382 illi
1194 5339 1543 5396 permaneant
1571 5329 1623 5382 in
1673 5344 1790 5382 um-

208 5423 326 5477 bra.
379 5418 515 5488 Quid
545 5419 687 5473 enim
714 5461 730 5487 ,
763 5433 946 5489 quasso
970 5462 984 5485 ,
1016 5421 1116 5475 sibi
1149 5421 1279 5483 vult,
1332 5419 1646 5484 Masculum,
1683 5421 1792 5475 sine

208 5513 436 5578 macula,
489 5513 636 5565 unius
669 5513 828 5575 anui,
877 5519 932 5565 et
988 5512 1136 5577 illud,
1198 5512 1266 5564 0s
1298 5529 1396 5564 non
1427 5512 1792 5566 comminuetur

211 5603 408 5672 (Exod.
432 5603 518 5658 12.
550 5605 601 5659 5.
636 5605 764 5673 ιδῃ
785 5605 908 5674 quid
942 5605 1040 5658 sibi
1067 5606 1178 5659 vult
1209 5605 1411 5659 vicinos
1437 5605 1673 5660 vocare?
1703 5613 1793 5658 aut

210 5694 364 5762 illud,
387 5695 593 5762 stantes,
625 5707 716 5749 aut
745 5697 793 5748 in
824 5710 1045 5766 vespera
1074 5696 1397 5753 comedere?
1426 5697 1792 5766 autsanguine

209 5787 422 5844 munire
472 5786 735 5843 domum?
784 5786 921 5842 Nihil
972 5786 1112 5842 aliud
1161 5787 1302 5844 dicet
1330 5788 1439 5854 ille,
1497 5805 1655 5861 quam
1698 5806 1788 5846 sus

1199 373 1267 430 tu
1303 370 1514 428 ΕΡΙΞἸ.
1558 368 1576 422 l
1643 366 1734 423 AD
1772 363 1921 421 COll.
1966 363 2190 418 liOlllL.
2237 363 2349 418 XV.

3309 375 3415 430 {'26-

1840 482 2011 549 deque
2043 478 2326 549 .‘ljgyptuin
2358 499 2370 533 :
2403 494 2500 548 ego
2527 495 2651 532 vero
2695 481 2866 535 dica-m
2923 495 2974 538 et
3023 486 3148 555 quid
3201 491 3420 557 sanguis

1837 575 2121 646 signiﬁcet,
2151 573 2275 642 quid
2305 589 2546 644 vespera,
2579 576 2702 643 quid
2732 589 2916 631 omnes
2945 571 3231 640 comedere
3257 587 3413 640 simul

1838 684 2133 735 omnesque
2162 675 2383 720 stantes.

1908 765 1959 816 ti.
2009 763 2162 815 Prius
2213 774 2390 817 autem
2445 763 2680 818 dicamus
2733 782 2827 821 cur
2853 786 2914 822 ex
2945 771 3186 826 omnibu;
3222 773 3414 827 ﬁnibus

1837 853 2078 920 ejiciatur
2120 852 2460 906 fermentum.
2494 856 2774 919 Quodnam
2831 876 2957 929 ergo
3009 873 3089 914 est
3140 867 3413 931 aenigma?

1839 943 1991 997 Omni
2023 945 2255 1012 nequitia
2300 944 2523 998 liberum
2554 959 2606 998 et
2635 950 2870 1002 solutum
2901 963 3112 1020 oportet
3135 971 3254 1008 esse
3284 955 3412 1008 fide-

1841 1035 1962 1088 lem.
1996 1036 2143 1089 Sicut
2171 1037 2310 1090 enim
2341 1038 2428 1091 ille
2459 1038 2613 1105 perit,
2644 1040 2778 1103 apud
2810 1058 2965 1108 quem
2997 1044 3265 1099 inventum
3299 1047 3414 1100 fue-

1842 1127 1909 1179 rit
1941 1127 2422 1180 vetusfermeutum
2454 1132 2565 1184 :sic
2594 1141 2646 1181 et
2669 1133 2804 1195 apud
2839 1150 2935 1186 nos
2969 1136 3052 1187 ubi
3076 1139 3284 1190 inventa
3313 1139 3416 1192 fue-

1842 1218 1911 1270 rit
1942 1219 2193 1285 nequitia.
2227 1219 2338 1271 t‘iun
2363 1221 2505 1273 enim
2539 1222 2588 1274 in
2620 1223 2805 1274 umbra
2833 1233 2974 1275 tanta
2996 1224 3148 1278 fuerit
3183 1230 3418 1295 punitio;

1841 1309 1978 1378 apud
2011 1326 2104 1362 nos
2130 1320 2306 1364 autem
2339 1327 2441 1364 nou
2474 1315 2638 1366 muito
2670 1315 2857 1383 major.
2889 1316 3014 1368 Nam
3046 1321 3086 1370 si
3116 1319 3302 1376 domos
3343 1327 3420 1377 sic

1844 1410 2140 1468 expurgant
2171 1417 2200 1452 a
2258 1401 2543 1469 fermento,
2579 1408 2723 1461 etde
2773 1413 3000 1463 luntrium
3059 1413 3408 1469 foraminibus

1845 1498 1970 1542 sunt
1995 1491 2227 1552 solliciti,
2279 1494 2443 1546 [nullo
2477 1499 2641 1563 magis
2671 1515 2765 1551 nos
2814 1502 3044 1555 animum
3094 1511 3415 1571 perscrutari

1846 1589 2090 1646 oportet,
2121 1591 2174 1632 ut
2205 1596 2414 1635 omnem
2438 1585 2696 1652 impuram
2727 1589 3000 1656 ejiciamus
3023 1594 3416 1662 cogitationem.

1845 1670 2040 1725 Verum
2071 1672 2169 1726 hoc
2198 1675 2334 1743 apud
2361 1678 2477 1731 illos
2509 1694 2676 1746 nuper
2705 1680 2898 1735 factum
2922 1696 3000 1737 est
3027 1701 3040 1748 ;
3075 1704 3213 1743 nunc
3245 1700 3417 1745 autem

1849 1778 1951 1814 non
1985 1765 2213 1831 amplius
2250 1783 2260 1818 :
2297 1767 2492 1833 ubique
2533 1770 2673 1821 enim
2719 1771 3036 1827 fermentum
3082 1789 3182 1839 est,
3218 1782 3305 1833 ubi
3334 1794 3414 1835 est

1849 1853 2079 1905 Judams.
2130 1855 2184 1908 lu
2217 1856 2407 1910 mediis
2436 1861 2574 1911 enim
2609 1862 2911 1914 civitatibus
2952 1865 3080 1918 fiunt
3109 1882 3292 1938 azyma
3327 1890 3337 1924 :
3373 1873 3424 1925 id

1848 1944 1988 2011 quod
2010 1946 2115 2012 jam
2151 1949 2315 2017 magis
2347 1949 2542 2003 ludicra
2572 1967 2657 2004 res
2687 1963 2784 2016 est,
2822 1970 2976 2022 quam
3002 1956 3104 2010 lex.
3126 1959 3256 2022 Quia
3281 1966 3423 2016 enim

1854 2037 1994 2089 venit
2023 2040 2235 2104 veritas,
2263 2055 2363 2092 non
2391 2043 2526 2094 ultra
2558 2043 2729 2095 locum
2759 2045 2954 2099 habent
2982 2049 3108 2117 typi.
3139 2050 3315 2119 Itaque
3334 2070 3427 2120 per

1853 2125 1951 2179 hoc
1981 2143 2193 2196 quoque
2225 2133 2523 2199 exemplum
2577 2134 2807 2188 maxime
2855 2137 2998 2204 cjicit
3057 2154 3121 2192 ex
3179 2140 3421 2197 Ecclesia

1853 2220 2253 2275 fornicatorem.
2323 2224 2436 2277 Non
2485 2226 2656 2279 solum
2715 2227 2855 2279 enim
2885 2269 2898 2293 ,
2945 2230 3137 2298 inquit,
3182 2248 3420 2300 prmseus

1854 2309 1983 2362 nihil
2020 2311 2276 2379 prodest,
2321 2314 2416 2367 sed
2464 2315 2622 2368 etiam
2673 2327 2826 2368 nocet
2853 2357 2865 2380 ,
2907 2333 3186 2376 commune
3237 2340 3428 2393 corpus

1855 2399 2049 2455 deinde
2101 2417 2469 2471 corrumpens.
2515 2405 2692 2459 Nescit
2718 2409 2859 2460 enim
2899 2409 3071 2476 quivis
3097 2414 3238 2467 unde
3273 2415 3429 2470 {tutor

1856 2494 2076 2555 oriatur,
2103 2495 2146 2546 si
2176 2498 2441 2549 occultum
2466 2499 2533 2550 sit
2558 2497 2607 2549 id
2627 2499 2766 2567 quod
2791 2512 2869 2554 ρει
2896 2504 3184 2568 putridnm,
3215 2508 3306 2560 sed
3335 2510 3432 2562 toti

1856 2586 2014 2637 coetui
2046 2586 2192 2638 illum
2227 2587 2471 2654 imputat.
2512 2588 2635 2643 Ideo
2660 2589 2778 2642 illos
2810 2591 2959 2645 valde
2990 2607 3138 2662 urget
3164 2605 3430 2665 utexpur-

1857 2685 1982 2744 gent
2029 2675 2347 2729 fermentum
2377 2695 2387 2730 :
2418 2677 2484 2730 L’t
2532 2680 2639 2731 sitis
2663 2720 2676 2743 ,
2713 2680 2900 2748 inquit,
2934 2699 3063 2734 nova
3099 2689 3390 2754 t'onspersio
3414 2732 3429 2753 ,

1859 2766 1990 2817 sicut
2030 2767 2146 2818 estis
2201 2767 2366 2836 azymi
2395 2783 2412 2819 :
2441 2770 2621 2820 etenim
2654 2767 2854 2822 Pascha
2881 2781 3107 2824 nostrum
3143 2776 3432 2833 immolatus

1863 2873 1952 2924 pro
1983 2857 2123 2910 nobis
2171 2867 2241 2910 est
2273 2859 2521 2911 Christus.
2557 2860 2670 2914 Non
2715 2863 2846 2915 dixit
2871 2903 2885 2926 ,
2919 2863 3159 2919 Mortuus
3179 2877 3303 2933 est;
3338 2872 3430 2925 sed

1862 2949 2133 3019 proposito
2180 2951 2614 3015 convenientius,
2673 2951 2972 3006 lmmolatus
2994 2965 3085 3011 est.
3134 2957 3210 3010 Ne
3257 2975 3436 3027 quiere

1863 3040 2024 3109 igitur
2053 3056 2240 3112 azyma
2287 3042 2590 3109 huiusmodi
2622 3085 2635 3108 ,
2669 3047 2789 3113 quia
2821 3060 2993 3114 neque
3045 3063 3234 3116 agnum
3266 3049 3433 3105 habes

1866 3131 2022 3183 talem
2047 3148 2061 3183 :
2087 3147 2152 3186 ne
2179 3147 2385 3201 quaeras
2407 3133 2720 3188 fermentum
2747 3136 2867 3198 tale,
2888 3138 3008 3206 quia
3028 3154 3210 3210 azyma
3236 3150 3438 3196 tuanon

1869 3223 1989 3274 talia
2041 3231 2182 3276 sunt.
2228 3222 2283 3276 In
2330 3225 2569 3278 sensibili
2623 3226 2838 3295 quidem
2877 3227 3139 3283 fermento
3191 3247 3438 3302 azy'num

1868 3312 1983 3366 ﬁeri
2019 3324 2193 3383 potest
2223 3315 2642 3382 fermentatum;
2688 3318 3060 3372 fermentatum
3118 3337 3245 3375 vero
3290 3340 3443 3378 num-

1867 3422 2023 3476 quam
2052 3408 2218 3474 possit
2249 3408 2360 3462 fieri
2385 3424 2628 3479 azymqu
2663 3427 2675 3462 :
2708 3411 2791 3464 hic
2813 3421 2987 3463 autem
3013 3415 3340 3469 contrarium
3367 3432 3446 3472 re-

1872 3499 2109 3567 peritur;
2142 3500 2234 3553 sed
2267 3509 2445 3554 tamen
2476 3501 2578 3554 hoc
2608 3517 2710 3554 non
2745 3500 3017 3558 indicavit.

1944 3590 2098 3644 Pauli
2120 3593 2403 3661 prudentia.
2441 3624 2496 3631 —
2538 3594 2605 3646 Et
2635 3593 2752 3649 vide
2776 3595 3112 3662 prudentiam
3142 3617 3152 3648 :
3189 3600 3238 3652 in
3274 3601 3451 3668 priore

1872 3683 2098 3748 epistola
2134 3699 2282 3751 spem
2338 3685 2663 3737 reversionis
2713 3699 2814 3736 non
2846 3684 2937 3736 dat
2985 3685 3324 3756 fornicatori;
3355 3694 3452 3748 sed

1872 3772 2034 3822 vitam
2069 3780 2230 3823 totam
2266 3773 2430 3838 ipsius
2460 3773 2510 3824 in
2540 3773 2848 3839 pmnitentia
2874 3775 3024 3840 jubet
3052 3791 3200 3839 esse,
3231 3796 3298 3834 ne
3325 3797 3451 3848 pro-

1874 3859 2126 3914 missione
2179 3861 2329 3913 illum
2393 3862 2693 3929 segniorem
2744 3863 3013 3919 redderet.
3065 3867 3244 3937 Neque
3307 3875 3447 3927 enim

1876 3952 2030 4019 dixit,
2081 3953 2299 4008 Tradite
2350 3955 2498 4008 illum
2554 3967 2789 4022 satanre,
2825 3969 2878 4010 ut
2907 3976 3025 4011 cum
3077 3965 3445 4027 paenitentiam

1879 4047 2066 4112 egerit,
2101 4061 2282 4098 rursus
2313 4047 2568 4110 Ecclesia:
2599 4049 2836 4101 tradatur
2862 4066 2874 4112 ;
2905 4050 2998 4102 sed
3034 4051 3203 4120 quid?
3239 4055 3304 4109 Ut
3351 4060 3452 4110 sal-

1879 4153 1968 4189 vus
1996 4137 2057 4188 sit
2090 4135 2140 4188 in
2175 4136 2360 4188 ultimo
2414 4135 2520 4189 die.
2564 4137 2718 4191 Mittit
2749 4141 2918 4208 ipsum
2954 4143 3004 4195 in
3060 4153 3270 4214 tempus
3302 4149 3450 4210 illud,

1883 4234 1938 4277 ut
1987 4224 2277 4278 sollicitum
2305 4226 2555 4280 redderet
2591 4248 2601 4280 :
2631 4239 2681 4281 et
2713 4231 2854 4298 quod
2910 4245 3027 4299 post
3091 4237 3458 4302 pmnitentiam

1886 4315 2170 4385 largiturus
2194 4318 2288 4386 ipsi
2315 4327 2446 4380 erat,
2479 4334 2586 4372 non
2616 4321 2806 4388 aperit,
2844 4322 3123 4380 Dominum
3149 4343 3302 4382 suum
3331 4331 3452 4384 imi-

1886 4415 2023 4460 tans.
2079 4408 2535 4476 Quemadmodum
2571 4413 2709 4464 enim
2745 4413 2883 4467 Deus
2929 4415 3058 4468 dicit
3088 4457 3101 4479 ,
3154 4419 3332 4473 Adhuc
3363 4430 3463 4476 tres

1885 4496 2010 4558 dies,
2057 4507 2102 4549 et
2154 4496 2341 4550 Ninive
2385 4499 2693 4552 subvertetur
2734 4501 2942 4569 (Jonas
2999 4506 3050 4558 5.
3104 4509 3136 4558 4
3169 4508 3227 4574 );
3284 4527 3460 4582 neque

1887 4589 2107 4652 addidit,
2141 4590 2195 4644 Si
2249 4599 2424 4643 autem
2483 4595 2846 4660 pmnitentiam
2895 4598 3079 4661 egerit,
3114 4601 3457 4656 servabitur:

1888 4684 1964 4737 sic
1993 4696 2045 4737 et
2076 4684 2172 4735 iste
2203 4697 2307 4735 non
2336 4682 2488 4747 dixit,
2543 4683 2597 4737 Si
2649 4683 2806 4753 digne
2856 4689 3217 4755 paenitentiam
3270 4695 3464 4760 egerit,

1889 4773 2322 4829 conﬁrmabimus
2382 4774 2434 4826 in
2481 4776 2625 4828 illum
2684 4779 2990 4839 Garilalt'lll;
3049 4780 3140 4833 sed
3191 4796 3464 4850 exspectat

1893 4877 1948 4920 ut
1979 4867 2090 4933 ipse
2126 4879 2258 4934 opus
2310 4866 2437 4918 illud
2480 4865 2658 4931 faciat,
2699 4878 2753 4919 Ill.
2788 4878 2910 4920 tunc
2960 4872 3182 4936 gratiam
3211 4874 3456 4942 accipiat.

1890 4959 2021 5014 Nam
2073 4959 2116 5012 si
2172 4958 2239 5012 ab
2280 4959 2430 5012 initio
2473 4959 2572 5012 hoc
2626 4959 2878 5025 dixisset,
2922 4961 3057 5016 forte
3099 4975 3296 5019 metum
3349 4966 3462 5032 ejus

1894 5051 2141 5105 solvisset
2181 5068 2192 5102 :
2225 5059 2552 5119 quapropter
2577 5067 2680 5104 non
2717 5052 2874 5104 modo
2905 5069 3008 5105 non
3061 5054 3162 5109 hoc
3193 5056 3338 5123 facit,
3370 5060 3464 5112 sed

1896 5157 1990 5211 per
2017 5143 2317 5210 exemplum
2348 5140 2593 5195 fermeuti
2627 5158 2691 5195 ne
2719 5144 2846 5196 sinit
2877 5147 3087 5212 quidem
3119 5148 3287 5215 ipsum
3323 5153 3465 5203 redi-

1899 5245 2008 5288 tum
2041 5250 2276 5303 sperare,
2309 5236 2400 5288 sed
2429 5252 2547 5289 eum
2571 5235 2634 5289 ad
2662 5236 2799 5289 diem
2825 5237 2971 5290 illum
3001 5250 3239 5294 reservat
3263 5242 3469 5308 dicens,

1888 5324 2192 5395 Expurgate
2217 5337 2353 5379 vetus
2385 5330 2684 5397 fermentum
2712 5343 2728 5389 ;
2751 5335 2825 5392 et,
2862 5325 2945 5380 Ne
2970 5332 3152 5398 festum
3175 5331 3476 5386 celebremus

1899 5420 1950 5472 in
2010 5423 2254 5488 fermento
2297 5418 2464 5471 veteri.
2521 5419 2806 5485 Postquam
2856 5428 3034 5472 autem
3107 5423 3471 5488 pmuitentiam

1899 5511 2025 5579 egit,
2073 5525 2192 5564 cum
2235 5510 2381 5564 omni
2413 5509 2588 5564 studio
2631 5511 2777 5564 illum
2810 5510 3120 5565 introduxit.
3159 5512 3266 5566 Cur
3291 5526 3470 5567 autem

1901 5607 2052 5655 vetus
2099 5603 2294 5655 vocat?
2328 5601 2420 5655 Vel
2452 5602 2572 5672 quia
2622 5609 2771 5655 vetus
2825 5601 2926 5654 vita
2979 5612 3159 5656 nostra
3204 5614 3318 5658 erat
3367 5604 3467 5657 ltu-

1898 5694 2130 5762 jusmodi
2189 5711 2200 5745 :
2264 5694 2344 5747 vel
2396 5695 2516 5763 quia
2570 5703 2718 5747 vetus
2776 5693 2900 5747 illud
2954 5695 3249 5762 proximum
3306 5697 3469 5750 inter-

1906 5789 1996 5844 itui
2043 5799 2155 5855 est,
2204 5788 2439 5843 fmtidmn
2480 5796 2533 5840 et
2588 5798 2783 5855 turpe,
2822 5787 2976 5857 quale
3025 5797 3106 5841 est
3153 5797 3428 5859 peccatum
