4028 6208
518 342 618 400 121

517 475 690 529 neque
729 458 871 512 enim
905 455 1021 511 sine
1064 469 1223 510 causa
1271 466 1423 510 vetus
1452 456 1803 522 vituperatur.
1852 467 1952 506 nec
1978 451 2094 505 sine

516 566 674 606 causa
707 563 901 604 nnvum
953 546 1263 612 damnatur,
1312 545 1406 599 sed
1454 545 1659 598 ratione
1688 542 1865 596 habita
1908 556 2096 597 eurum

512 640 583 706 de
631 640 824 709 quibus
870 638 1065 707 agitur.
1133 635 1265 689 Nam
1306 634 1431 688 alibi
1485 633 1602 685 ait:
1649 630 1828 684 Vinum
1877 646 2092 697 novum,

515 747 670 786 novus
710 732 901 784 amicus
925 745 945 783 :
972 729 1015 783 si
1042 737 1209 781 autem
1253 725 1621 787 inveteraverit,
1669 734 1787 777 tunc
1812 740 1926 778 cum
1967 723 2096 777 (mti-

512 824 584 875 tia
628 824 761 878 bibes
809 823 977 891 ipsum
1024 818 1212 889 (Eccli.
1259 817 1312 872 9.
1372 816 1514 886 15);
1564 817 1617 870 in
1655 816 1886 870 amicitia
1929 814 2097 884 magis

511 915 736 969 laudans
760 922 1101 977 vetustatem,
1128 927 1286 982 quam
1314 912 1624 966 novitatem.
1660 910 1727 964 Et
1756 924 1960 975 rursus,
1991 908 2097 961 Au-

510 1008 679 1076 tiquns
702 1005 897 1058 dierum
940 1004 1142 1057 sedebat
1170 1000 1330 1073 (Dan.
1365 1002 1415 1055 7.
1450 1000 1555 1070 9);
1590 1000 1675 1055 hic
1701 1016 1917 1070 quoque
1941 1000 2097 1053 auti—

512 1112 678 1166 qnum
730 1110 948 1151 sumens
1003 1110 1098 1164 pro
1149 1094 1369 1164 majoris
1418 1092 1601 1163 gloriae
1653 1092 1921 1147 encomin.
1954 1091 2094 1145 Alibi

509 1197 687 1241 autem
715 1184 987 1255 Scriptura
1008 1186 1284 1254 antiquum
1310 1198 1406 1252 pro
1429 1183 1695 1251 vituperio
1719 1182 1930 1251 accipit.
1964 1180 2092 1234 Nam

509 1279 631 1347 quia
657 1293 746 1333 res
775 1277 936 1331 varia:
955 1290 1021 1330 ex
1053 1274 1234 1328 multis
1263 1274 1576 1343 compositas
1605 1282 1751 1337 sunt,
1780 1284 1835 1327 et
1862 1272 1915 1325 in
1942 1269 2095 1325 bonis

509 1379 563 1423 ct
594 1369 646 1422 in
678 1367 832 1421 malis
859 1364 1045 1420 iisdem
1074 1365 1258 1427 utitur,
1282 1379 1386 1419 non
1418 1363 1711 1418 secundum
1741 1361 1988 1415 eamdem
2010 1361 2086 1412 si-

509 1460 933 1530 gniﬁcationem.
954 1455 1099 1512 'Vide
1124 1471 1254 1525 ergo
1274 1465 1329 1511 et
1356 1455 1483 1508 alibi
1510 1463 1666 1507 vetus
1696 1451 1965 1522 vituperio
1995 1454 2093 1505 da-

519 1562 631 1605 tum
660 1569 673 1604 :
700 1546 1117 1603 [austeram-unt
1144 1555 1191 1599 et
1225 1546 1639 1599 claudicaverunt
1668 1559 1699 1596 a
1728 1543 1918 1608 sentitis
1942 1544 2046 1597 suis
2072 1560 2092 1608 ,-

508 1658 559 1699 et
587 1658 793 1705 rursus.
826 1641 1112 1695 lnveterari
1149 1640 1279 1693 inter
1307 1654 1479 1693 omnes
1506 1637 1739 1692 inimicos
1760 1652 1894 1689 meos
1920 1632 2091 1706 (Psal.

510 1738 596 1791 l7.
630 1736 720 1791 46.
759 1744 807 1789 et
843 1732 896 1788 6.
930 1732 984 1804 8)
1012 1748 1028 1797 ς
1052 1741 1108 1789 et
1133 1734 1348 1797 iterum,
1380 1730 1663 1785 lnocteratc
1708 1730 1903 1785 dierum
1928 1729 2093 1783 malo-

508 1847 621 1881 rum
654 1826 815 1897 (Dan.
849 1827 939 1881 l3.
966 1825 1079 1898 52).
1108 1825 1183 1881 lta
1204 1834 1259 1880 et
1285 1824 1606 1880 fermentum
1634 1837 1776 1892 saepe
1805 1836 1902 1891 pro
1930 1835 2093 1891 regno

509 1922 762 1974 cnslnrnm
797 1920 1081 1987 accipitur.
1111 1916 1319 1972 etiamsi
1344 1914 1431 1971 hic
1459 1915 1827 1985 vituperetur:
1856 1913 1952 1969 sed
1982 1912 2092 1968 illic

510 2012 576 2067 ad
600 2011 763 2073 aliud.
795 2008 973 2065 bic'ad
1002 2008 1145 2063 aliud
1174 2006 1421 2063 refertur.

579 2106 631 2160 5.
661 2102 887 2156 Avaritia
917 2112 1057 2155 vetus
1086 2105 1388 2171 ferrumtum
1416 2101 1690 2168 quomodo.
1709 2125 1781 2138 —
1800 2094 1925 2150 Mihi
1964 2108 2093 2149 vero

510 2195 742 2249 maxime
762 2192 973 2247 videtur
1005 2192 1077 2248 id.
1109 2189 1252 2260 quod
1280 2188 1351 2244 de
1376 2188 1647 2243 fermento
1676 2187 1894 2252 dicitur,
1927 2185 2087 2241 etiam

509 2284 575 2336 ad
608 2282 918 2337 sacerdotes
956 2280 1188 2344 referri,
1216 2280 1305 2350 qui
1360 2278 1545 2332 sinunt
1594 2276 1919 2331 intrinsecus
1971 2288 2093 2330 esse

510 2373 737 2426 multant
774 2371 1022 2424 fermenti
1054 2370 1275 2433 veteris,
1295 2383 1399 2422 non
1426 2376 1785 2439 expurgantes
1815 2382 1883 2423 ex
1909 2368 2093 2421 termi-

511 2466 618 2529 nis,
653 2462 702 2516 id
726 2470 830 2524 est,
858 2476 922 2515 ex
950 2460 1188 2514 Ecclesia
1212 2499 1228 2525 ,
1259 2472 1452 2512 avaros
1470 2498 1484 2519 ,
1522 2467 1768 2527 raptores
1791 2499 1808 2526 ,
1840 2468 1893 2512 et
1920 2457 2091 2527 quod-

506 2568 737 2624 cumque
766 2568 831 2608 ex
862 2566 1028 2623 regno
1042 2551 1295 2607 cazlorum
1317 2550 1572 2605 excludit.
1598 2549 1731 2605 Nam
1765 2552 1985 2604 avaritia
2009 2558 2093 2604 cst

508 2628 663 2699 vetus
703 2644 1062 2707 fermentum,
1086 2650 1141 2696 et
1169 2654 1507 2712 quocumque
1536 2640 1815 2705 ceciderit,
1848 2652 2008 2711 atque
2038 2642 2089 2695 in

505 2747 899 2804 quamcumque
928 2732 1145 2787 domum
1170 2730 1455 2796 inciderit,
1491 2730 1820 2786 immundam
1844 2732 1985 2786 illam
2014 2733 2093 2787 cf-

508 2825 647 2879 ﬁcit.
665 2824 883 2879 Etiamsi
914 2837 1075 2893 parva
1125 2838 1191 2877 ex
1222 2821 1481 2891 injustitia
1526 2821 1789 2888 lucreris,
1841 2823 1891 2876 id
1926 2832 2089 2878 totam

507 2928 653 2972 tuam
680 2916 1033 2973 substantiam
1065 2915 1427 2969 fermentavit.
1462 2912 1588 2969 Ideo
1609 2929 1754 2983 stepe
1779 2914 1998 2979 accidit,
2030 2924 2089 2969 ut

507 3011 714 3067 modica
744 3010 882 3065 male
906 3007 1143 3073 inducta,
1166 3007 1331 3062 multa
1355 3022 1474 3077 qua:
1503 3005 1642 3061 bene
1665 3005 1887 3061 collecta
1913 3005 2093 3076 jacent

507 3103 786 3175 ejeeerint.
836 3100 977 3157 Nihil
1016 3103 1161 3157 enim
1199 3112 1283 3156 est
1308 3101 1477 3171 magis
1506 3098 1780 3171 putridum
1822 3100 2048 3153 avaritia
2072 3138 2087 3153 .

505 3198 717 3254 etiamsi
791 3197 936 3252 enim
1000 3196 1152 3251 cella:
1200 3194 1471 3265 penuariae
1515 3193 1723 3247 clavem
1769 3191 2089 3257 induxeris,

508 3290 718 3345 etiamsi
744 3290 963 3359 januam
992 3297 1049 3344 et
1075 3298 1283 3344 vectem
1309 3328 1326 3354 ,
1354 3285 1551 3341 frustra
1590 3286 1706 3349 ha-e
1732 3284 1891 3349 facis,
1918 3284 2093 3339 avari-

510 3383 637 3435 tiam
666 3380 1181 3450 perniciosissimum
1225 3378 1397 3433 furem
1458 3378 1601 3431 intus
1650 3375 1930 3431 includens
1955 3415 1970 3439 ,
2001 3374 2093 3443 qui

509 3472 688 3527 omnia
715 3467 925 3523 auferre
947 3469 1137 3538 possit.
1156 3468 1294 3534 Quid
1326 3469 1504 3535 igitur,
1531 3467 1766 3535 inquies,
1793 3480 1915 3518 cum
1940 3462 2093 3517 multi

510 3564 657 3619 avari
703 3561 818 3616 lucc
840 3575 949 3616 non
1002 3558 1312 3629 patiantur?
1339 3557 1498 3612 Certe
1540 3557 1829 3625 patientur,
1855 3554 1957 3611 etsi
1985 3568 2093 3610 non

510 3658 689 3712 statim
743 3657 848 3711 illis
893 3654 1140 3710 accidat:
1174 3652 1219 3706 si
1269 3666 1397 3706 vero
1457 3664 1598 3704 nunc
1646 3648 1926 3719 effugiant,
1966 3655 2095 3704 tunc

514 3754 682 3817 magis
711 3751 936 3813 timeto;
973 3747 1040 3805 ad
1072 3746 1243 3815 majus
1270 3745 1415 3801 enim
1446 3742 1771 3813 supplicium
1799 3756 2091 3797 reservan-

516 3857 622 3895 tur.
653 3839 765 3893 lmo
781 3853 909 3892 vero
930 3840 975 3891 si
1007 3840 1107 3906 ipsi
1154 3836 1431 3904 eil‘ugiaut,
1474 3843 1529 3887 at
1555 3833 1782 3887 heredes
1814 3848 2001 3887 eorum
2031 3846 2095 3886 ea

516 3933 628 4001 ipsa
661 3930 949 4001 patientur.
977 3927 1041 3980 Et
1060 3925 1351 3995 quomodo,
1376 3924 1606 3991 inquies,
1633 3922 1737 3975 hoc
1752 3922 1954 3989 justum
1981 3920 2097 3975 fue-

515 4022 630 4079 rit?
661 4020 819 4076 Certe
844 4018 999 4072 valde
1020 4015 1245 4087 justum.
1278 4012 1410 4067 Nam
1440 4010 1531 4082 qui
1564 4010 1792 4081 excepit
1822 4009 2093 4066 heredita-

515 4125 623 4171 tem
652 4112 904 4185 injustitia
938 4109 1171 4180 plenam,
1194 4106 1404 4163 etiamsi
1434 4107 1547 4174 ipse
1578 4120 1682 4159 non
1713 4103 1991 4175 rapuerit,
2021 4113 2096 4157 at-

518 4218 691 4260 tamen
709 4206 879 4259 aliena
908 4203 1101 4257 retinet
1129 4217 1141 4253 :
1174 4209 1230 4256 et
1261 4198 1361 4253 hoc
1389 4197 1543 4268 plane
1568 4211 1885 4267 persuasum
1914 4195 2095 4260 habet,

519 4298 743 4365 ideoque
764 4311 977 4362 aequum
999 4301 1083 4346 est
1111 4302 1167 4343 ut
1197 4292 1447 4359 patiatur.
1469 4287 1524 4342 Si
1546 4289 1690 4341 enim
1720 4288 1810 4342 illo
1854 4288 2097 4358 rapiente

519 4399 576 4441 tu
595 4384 898 4453 acceperis,
930 4379 1233 4450 deindeque
1259 4378 1524 4433 accedens
1550 4378 1593 4429 is
1618 4378 1703 4444 cui
1737 4388 1947 4447 captum
1976 4379 2094 4444 fuit,

520 4478 570 4532 id
604 4484 807 4546 repetat
837 4490 851 4527 :
882 4488 1008 4527 num
1040 4471 1170 4526 satis
1195 4468 1363 4526 estad
1388 4468 1462 4522 tui
1494 4466 1887 4537 purgationem,
1909 4477 1959 4521 te
1991 4484 2097 4522 non

519 4567 804 4638 rapuisse?
854 4563 1260 4634 Minimezqnid
1315 4560 1458 4617 enim
1490 4600 1506 4626 ,
1563 4572 1767 4629 quwso,
1818 4569 2099 4613 accusatus

521 4662 722 4716 dixeris
743 4660 768 4711 ?
795 4656 939 4726 quod
967 4656 1104 4709 alius
1128 4652 1409 4723 spoliavit?
1432 4650 1527 4707 sed
1550 4660 1604 4704 tu
1633 4650 1835 4705 retines
1871 4665 1884 4703 :
1915 4648 2101 4702 ille'ra-

521 4753 666 4821 [ιιῑὶιῖ
720 4748 813 4803 sed
847 4755 903 4799 tu
935 4744 1151 4799 frueris.
1182 4743 1307 4797 Haec
1333 4758 1495 4812 porro
1537 4744 1699 4797 etiam
1724 4741 1900 4796 sciunt
1923 4750 2101 4794 exter-

521 4859 709 4899 ttnruut
736 4841 902 4909 leges,
943 4852 1063 4907 qua:
1104 4835 1169 4889 iis
1194 4834 1431 4899 dimissis
1452 4834 1542 4903 qui
1570 4842 1863 4904 rapuerunt
1888 4843 1941 4887 et
1969 4834 2097 4888 abso

524 4938 783 4997 tulerunt,
840 4931 908 4985 ab
960 4929 1064 4984 illis
1112 4926 1303 4994 jnbent
1352 4938 1626 4995 expetere,
1673 4926 1813 4997 apud
1840 4940 1975 4995 quos
2005 4940 2100 4980 sua

521 5026 698 5080 omnia
728 5022 970 5093 deposita
999 5018 1316 5090 repererint.
1348 5016 1403 5071 Si
1434 5032 1561 5086 ergo
1584 5018 1723 5072 nosti
1751 5030 1868 5081 eos,
1900 5016 1991 5085 qui
2018 5015 2100 5070 in-

515 5117 777 5188 justitiam
802 5112 941 5183 passi
969 5120 1116 5177 sunt,
1133 5109 1297 5169 redde
1316 5116 1369 5163 et
1394 5106 1475 5161 fac
1498 5108 1638 5177 quod
1669 5106 1792 5162 fecit
1813 5105 2103 5162 Zacchazns

520 5219 643 5261 cum
690 5204 856 5259 multa
906 5201 1215 5256 accessione
1250 5218 1264 5255 :
1294 5199 1339 5253 si
1380 5208 1559 5252 autem
1594 5198 1829 5267 ignoras,
1876 5198 2101 5252 alteram

528 5297 625 5352 tibi
658 5296 730 5351 do
759 5296 920 5359 viam,
949 5307 1047 5347 nec
1072 5289 1301 5347 excludo
1332 5296 1385 5344 te
1406 5304 1435 5343 a
1464 5288 1705 5345 remedio
1735 5306 1747 5342 :
1781 5288 1898 5344 haec
1922 5288 2104 5343 omnia

523 5386 858 5459 pauperibus
876 5383 1161 5451 distribue,
1186 5392 1240 5437 et
1260 5380 1339 5436 sic
1365 5382 1563 5434 malum
1594 5380 1830 5435 curabis.
1860 5379 2011 5446 Quod
2058 5379 2105 5435 si

519 5479 612 5549 qui
643 5478 759 5533 haec
798 5477 849 5531 in
884 5474 1022 5530 filios
1042 5484 1095 5529 et
1128 5474 1181 5528 in
1210 5482 1433 5542 nepotes
1460 5472 1896 5535 transmiserunt;
1925 5480 1982 5525 at
2000 5470 2102 5525 alia

523 5585 621 5642 pro
651 5569 735 5624 his
770 5567 911 5623 mala
959 5567 1099 5635 passi
1129 5572 1275 5619 sunt.
1310 5563 1510 5633 Ecquid
1555 5565 1745 5634 loquor
1766 5562 1834 5617 de
1866 5563 1951 5628 iis,
1982 5575 2103 5633 quas

523 5662 611 5716 hic
662 5658 950 5715 accidunt?
978 5656 1091 5712 Non
1145 5669 1288 5710 enim
1337 5655 1387 5709 in
1421 5654 1512 5708 illo
1541 5654 1628 5708 die
1668 5653 1784 5708 haec
1832 5652 2100 5719 dicentur,

522 5752 735 5821 quando
760 5751 918 5807 ambo
950 5748 1075 5805 nudi
1096 5744 1449 5818 apparebunt,
1470 5745 1502 5799 ii
1532 5745 1724 5815 quibus
1755 5752 1965 5815 raptum
1996 5753 2098 5811 est,

1220 339 1278 397 8.
1317 338 1591 396 JOANNIS
1625 332 2099 393 CllllYSUSTOMl
2137 332 2455 391 AllClllEl’.
2496 336 3026 395 CONS'IANTINOP.

3683 344 3786 402 {38

2207 459 2263 505 et
2290 450 2326 506 ii
2373 453 2462 523 qui
2495 464 2791 523 rapuerunt
2819 472 2833 509 :
2859 458 2967 510 imo
3012 471 3144 512 vero
3194 472 3297 513 non
3327 459 3571 516 similiter
3604 469 3774 519 nudi:

2203 555 2326 595 nam
2378 542 2621 615 pecuniis
2650 544 2811 599 ambo
2840 546 3039 615 pariter
3081 546 3206 600 nudi
3257 558 3452 614 erunt;
3488 551 3624 607 alter
3652 569 3779 608 veto

2201 631 2390 701 plenus
2418 635 2758 703 criminibus,
2781 652 2904 707 qua:
2928 652 2993 693 ex
3024 637 3090 693 iis
3118 648 3233 693 orta
3264 650 3408 695 sunt.
3460 643 3601 711 Quid
3652 660 3777 717 ergo

2202 722 2463 779 faciemus
2489 725 2585 781 illo
2608 727 2717 793 die,
2748 729 2964 798 quando
2998 738 3125 783 ante
3148 730 3382 786 tribunal
3400 733 3528 788 illud
3554 734 3778 792 horren-

2201 812 2325 867 dum
2356 815 2420 880 is,
2466 819 2555 887 qui
2583 818 2722 872 male
2748 833 2938 888 passus
2970 830 3054 875 est
3078 829 3133 875 et
3158 822 3337 875 omnia
3386 838 3482 878 sua
3510 828 3738 894 perdidit
3760 870 3777 892 .

2200 906 2495 962 adducetur
2522 910 2574 963 in
2606 909 2864 975 medium,
2896 920 2948 966 te
2977 912 3179 967 nullum
3211 913 3440 969 habente
3464 920 3782 984 patronum?

2200 1000 2325 1068 quid
2352 1000 2524 1056 Judici
2552 1002 2735 1056 dices?
2761 1002 2913 1058 Nunc
2938 1006 3081 1059 enim
3100 1004 3358 1074 judicium
3373 1007 3646 1065 hominum
3667 1027 3777 1067 enr-

2202 1104 2450 1160 rumpere
2479 1093 2699 1161 pnteris,
2729 1093 2857 1148 illud
2886 1109 3014 1148 vero
3039 1092 3300 1165 judicium
3332 1113 3439 1154 non
3481 1100 3606 1155 item
3634 1119 3647 1154 :
3673 1104 3780 1156 imo

2200 1197 2328 1235 vero
2359 1200 2529 1253 neque
2554 1200 2694 1240 nunc
2719 1202 2732 1249 ;
2765 1201 2904 1240 nunc
2927 1186 3070 1241 enim
3099 1204 3311 1258 quoque
3339 1191 3494 1245 adest
3518 1191 3777 1261 judicium

2201 1271 2351 1325 illud.
2380 1272 2511 1325 Nam
2547 1275 2687 1326 Deus
2715 1276 2892 1329 omnia
2922 1291 3040 1345 qua:
3059 1286 3319 1346 geruntur
3341 1280 3505 1341 videt.
3532 1290 3587 1335 et
3614 1296 3780 1351 prOpe

2199 1363 2321 1418 illos
2345 1374 2427 1418 est
2454 1366 2545 1435 qui
2574 1368 2765 1434 injuria
2806 1368 3132 1434 afﬁciuntur,
3161 1369 3371 1425 etiamsi
3401 1388 3504 1425 non
3534 1382 3778 1429 vocetur.

2199 1454 2331 1510 Nam
2362 1457 2453 1527 qui
2506 1459 2648 1512 mala
2679 1459 2928 1525 afficitur,
2962 1459 3169 1515 etiamsi
3201 1461 3449 1531 indignus
3476 1463 3545 1516 sit
3582 1465 3671 1535 qui
3702 1466 3783 1519 ul-

2199 1545 2399 1601 tionem
2431 1548 2805 1614 nanciscatur;
2829 1559 3065 1605 attamen
3092 1552 3213 1620 quia
3246 1568 3330 1607 res
3346 1564 3511 1622 gestm
3542 1553 3651 1609 Deo
3672 1569 3779 1610 non

2197 1637 2431 1706 placent,
2464 1638 2625 1693 habet
2651 1640 2740 1693 ille
2771 1650 2917 1693 certe
2949 1642 3195 1698 ultorem.
3222 1642 3502 1709 Quomodo
3521 1659 3670 1716 ergo,
3702 1648 3784 1701 in-

2196 1730 2371 1799 quies,
2402 1730 2494 1785 ille
2523 1730 2788 1799 quispiam
2835 1746 3091 1800 prospere
3137 1735 3276 1801 agit,
3311 1736 3434 1790 licet
3460 1737 3530 1791 sit
3560 1738 3733 1792 malus
3757 1740 3782 1791 ?

2198 1819 2304 1875 Sed
2334 1836 2440 1874 non
2470 1837 2643 1889 usque
2671 1820 2939 1877 in'finem.
2974 1822 3109 1875 Audi
3139 1823 3267 1893 quid
3297 1824 3441 1879 dicat
3468 1829 3731 1897 propheta
3762 1847 3776 1883 :

2199 1910 2328 1965 Noli
2364 1912 2597 1966 wntttlari
2647 1914 2697 1966 in
2735 1913 3135 1984 ntalignantibus
3160 1956 3175 1981 ,
3230 1917 3471 1985 quoniam
3526 1928 3784 1988 tamquam

2208 2006 2394 2075 fa'num
2421 2003 2655 2057 velociter
2684 2017 2909 2065 arescent
2938 2004 3111 2077 (Psul.
3145 2006 3234 2063 36.
3270 2008 3322 2061 l.
3350 2007 3432 2079 2).
3463 2008 3564 2066 Ubi
3594 2013 3737 2066 enim
3763 2053 3781 2077 ,

2195 2112 2398 2165 quaeso,
2428 2106 2511 2151 est
2560 2098 2605 2151 is
2632 2099 2723 2167 qui
2780 2099 2993 2167 rapuit,
3050 2108 3331 2170 postquam
3365 2100 3492 2157 hinc
3516 2102 3781 2159 abductus

2197 2185 2336 2242 fuit?
2368 2188 2455 2243 ubi
2486 2203 2610 2257 spes
2674 2189 3007 2259 conspicua?
3037 2190 3126 2245 ubi
3175 2190 3489 2249 honorabile
3542 2183 3783 2250 nomen?

2196 2293 2374 2333 annon
2410 2279 2590 2334 omnia
2624 2280 2999 2340 transierunt?
3026 2296 3204 2338 nonne
3236 2286 3415 2338 omnia
3451 2286 3602 2341 illum
3650 2302 3780 2358 spe-

2195 2372 2391 2426 ctantia
2414 2373 2681 2427 somnium
2710 2380 2836 2426 sunt
2856 2382 2911 2427 et
2934 2374 3121 2427 umbra
3143 2373 3168 2425 ?
3198 2374 3309 2430 Hoc
3330 2376 3501 2443 ipsum
3528 2386 3781 2447 exspecta

2194 2460 2263 2518 de
2292 2463 2520 2532 singulis
2546 2462 2636 2533 qui
2669 2462 2977 2532 hujusmodi
3008 2473 3155 2528 sunt,
3186 2464 3252 2518 de
3274 2465 3507 2532 vivente,
3531 2477 3585 2522 et
3610 2467 3680 2524 de
3709 2484 3777 2524 eo

2195 2553 2285 2622 qui
2342 2563 2463 2621 post
2512 2551 2722 2606 futurus
2751 2565 2855 2607 est.
2888 2553 2958 2607 At
2989 2553 3111 2607 talia
3142 2568 3247 2607 non
3302 2564 3426 2609 sunt
3450 2571 3513 2611 ea
3545 2571 3663 2628 qua:
3711 2558 3780 2614 ad

2196 2652 2412 2697 sanctos
2451 2641 2597 2697 viros
2617 2650 2900 2713 spectant;
2926 2659 3102 2713 neque
3132 2648 3334 2715 poteris
3359 2646 3546 2703 eadem
3578 2649 3647 2704 de
3674 2649 3781 2705 illis

2195 2738 2394 2799 dicere,
2423 2738 2565 2808 quod
2615 2754 2735 2808 qua:
2765 2737 2830 2792 ad
2876 2738 2996 2792 illus
3044 2739 3315 2806 pertinent
3365 2740 3550 2795 umbra
3579 2742 3687 2796 sint
3726 2752 3783 2796 et

2196 2830 2464 2883 somnium
2519 2838 2575 2884 et
2618 2829 2816 2883 fabula.
2850 2830 2914 2884 Et
2942 2830 2986 2884 si
3042 2829 3123 2883 vis
3152 2830 3300 2884 illum
3340 2832 3431 2900 qui
3474 2832 3587 2888 haec
3618 2832 3775 2898 dixit,

2198 2920 2550 2974 tentoriorum
2580 2920 2847 2989 opiﬁcem,
2872 2919 3115 2985 Cilicem,
3147 2920 3399 2987 cujusque
3431 2932 3645 2991 patrem
3658 2924 3781 2992 qui-

2194 3009 2317 3065 dem
2347 3020 2495 3065 certo
2521 3010 2873 3075 novimus,.in
2901 3010 3139 3065 medium
3164 3010 3516 3066 adducamus.
3552 3012 3617 3067 Et
3646 3029 3781 3086 quo-

2198 3103 2377 3169 modo,
2439 3102 2676 3172 inquies,
2731 3103 2848 3157 fieri
2907 3104 3078 3175 possit
3124 3113 3183 3159 ut
3233 3103 3452 3175 quidam
3491 3106 3615 3161 talis
3665 3108 3782 3164 sit?

2194 3189 2428 3246 Omnino
2482 3207 2614 3263 ergo
2662 3192 2978 3257 desideras,
3034 3195 3259 3249 omnino
3303 3195 3384 3249 vis
3439 3211 3562 3252 esse
3617 3197 3781 3252 talis?

2196 3283 2405 3350 Etiam,
2450 3285 2550 3338 ais.
2586 3284 2727 3354 Ergo
2758 3286 2895 3338 viam
2928 3284 3241 3355 ingredere,
3257 3301 3415 3356 quam
3440 3286 3529 3342 ille
3573 3288 3782 3358 ingres-

2195 3387 2288 3428 sus
2315 3384 2419 3439 est,
2446 3384 2500 3428 et
2523 3374 2614 3444 qui
2642 3388 2764 3427 cum
2793 3374 2884 3427 illo
2905 3384 3074 3428 erant.
3102 3373 3169 3428 Et
3189 3390 3346 3445 quam
3369 3377 3421 3430 in
3444 3377 3582 3431 viam
3607 3379 3783 3432 venit?

2197 3463 2289 3519 Ille
2308 3464 2525 3535 quidem
2561 3464 2669 3529 ait,-
2688 3463 2755 3517 In
2776 3468 2913 3535 fame
2936 3475 2982 3518 et
2998 3466 3084 3519 siti
3105 3475 3152 3520 et
3179 3468 3412 3522 nuditate
3436 3468 3511 3541 (Ξ.
3543 3468 3662 3525 Cor.
3690 3474 3780 3531 Η.

2196 3555 2289 3629 27)
2318 3572 2333 3621 ;
2365 3555 2457 3610 ille
2482 3569 2631 3620 vero,
2668 3556 2944 3627 Argentum
2970 3564 3015 3610 et
3049 3573 3233 3611 aurum
3263 3575 3363 3614 non
3389 3571 3461 3616 at
3485 3563 3609 3615 mihi
3635 3563 3776 3634 (Act.

2200 3651 2251 3706 '5.
2287 3648 2366 3721 6).
2390 3648 2481 3705 Sic
2503 3648 2580 3703 illl
2612 3646 2747 3704 nihil
2775 3647 3068 3718 habebant,
3098 3659 3154 3707 et
3177 3660 3355 3708 tamen
3381 3656 3562 3709 omnia
3607 3658 3782 3726 possi-

2200 3744 2412 3799 dehauL

2200 3848 2207 3855 '
2272 3833 2323 3887 6.
2358 3833 2497 3900 Quid
2522 3833 2622 3888 hac
2641 3847 2772 3887 voce
2799 3833 3212 3887 honorabilius?
3239 3835 3366 3902 quid
3395 3836 3603 3889 beatius
3633 3844 3686 3889 et
3712 3837 3785 3891 lo-

2201 3922 2513 3988 cupletius?
2538 3922 2669 3974 Nam
2698 3922 2788 3973 alii
2815 3921 3030 3989 quidem
3080 3922 3131 3973 in
3168 3924 3452 3977 contrariis
3478 3925 3785 3994 gloriaban-

2204 4020 2290 4064 tur
2316 4010 2557 4065 tlieentes
2586 4028 2600 4063 :
2634 4010 2819 4066 Habeo
2849 4019 2926 4066 tot
2955 4020 3009 4065 et
3037 4020 3112 4066 tot
3137 4013 3252 4067 auri
3285 4014 3502 4078 talenta,
3527 4018 3783 4088 etjngera

2207 4112 2363 4156 terra:
2416 4102 2675 4157 immensa
2698 4144 2713 4167 ,
2767 4114 2820 4158 et
2849 4104 3041 4160 domos
3070 4114 3126 4159 et
3158 4107 3419 4177 mancipia
3452 4126 3464 4162 :
3496 4108 3582 4165 hic
3612 4126 3741 4167 veru
3765 4153 3782 4177 ,

2203 4193 2344 4263 quod
2388 4194 2458 4248 sit
2508 4194 2756 4249 omnibus
2788 4196 3053 4251 nudatus:
3092 4212 3263 4269 neque
3317 4214 3376 4254 se
3430 4202 3665 4257 occultat
3716 4204 3787 4260 ob

2206 4297 2589 4358 paupertatem,
2618 4286 2759 4359 quod
2786 4291 2930 4345 stulti
2963 4288 3180 4358 faciunt,
3215 4308 3386 4363 neque
3416 4294 3578 4364 pudet
3614 4295 3783 4359 illum,

2204 4381 2297 4435 scd
2324 4382 2485 4436 etiam
2515 4381 2795 4451 gloriatur.
2824 4381 2926 4438 Ubi
2958 4392 3083 4437 sunt
3111 4400 3251 4440 nune
3280 4386 3500 4451 divites,
3534 4388 3627 4458 qui
3652 4404 3787 4444 usu-

2204 4488 2292 4527 ras
2309 4482 2613 4540 nmnerant,
2643 4483 2697 4527 et
2725 4487 2916 4527 usuras
2942 4487 3248 4539 usurarum,
3271 4477 3358 4547 qui
3378 4479 3615 4533 omnium
3646 4480 3785 4534 bona

2208 4562 2467 4617 invadunt
2493 4573 2548 4618 et
2575 4579 2863 4633 numquam
2918 4563 3219 4618 satiantur?
3266 4566 3491 4622 audistis
3520 4568 3665 4624 Petri
3696 4586 3790 4625 vo-

2206 4667 2347 4715 cem,
2378 4669 2497 4721 qua:
2527 4664 2889 4724 paupertatem
2919 4662 3181 4709 monstrat
3204 4653 3507 4709 divitiarum
3538 4670 3787 4727 matrem,

2208 4757 2327 4809 qua:
2358 4742 2492 4797 nihil
2523 4743 2723 4809 habet,
2770 4754 2824 4799 et
2873 4744 2939 4799 iis
2972 4743 3062 4815 qui
3090 4742 3392 4799 diademate
3435 4746 3791 4805 redimiuntur

2208 4832 2511 4901 opulentior
2553 4834 2675 4889 est?
2707 4834 2832 4889 Haec
2876 4832 3072 4905 quippe
3118 4831 3249 4886 nihil
3293 4833 3496 4890 habens
3547 4848 3790 4895 mortuos

2208 4923 2518 4991 suscitabat,
2541 4924 2761 4981 claudos
2788 4926 3046 4995 erigebat,
3075 4924 3348 4981 daemonas
3376 4927 3630 4998 pellebat,
3652 4941 3709 4986 et
3725 4946 3793 4986 ea

2209 5013 2553 5085 largiebatur,
2578 5033 2697 5086 qua:
2719 5018 2752 5071 ii
2784 5017 2872 5085 qui
2904 5030 3135 5085 purpura
3156 5017 3547 5077 amiciunturet
3567 5035 3790 5094 magnos

2210 5108 2627 5179 tremendosque
2658 5109 2931 5165 exercitus
2956 5106 3181 5179 ducunt,
3211 5127 3502 5184 numquam
3532 5124 3791 5188 pra-stara

2212 5207 2519 5266 potuerunt.
2579 5198 2706 5254 Hmc
2733 5214 2835 5253 vox
2865 5205 2948 5253 est
2994 5214 3202 5269 eorum,
3233 5204 3322 5275 qui
3349 5205 3459 5275 jam
3502 5207 3556 5262 in
3597 5208 3790 5263 etelum

2214 5290 2453 5344 translati
2502 5276 2672 5358 sunt,
2723 5301 2778 5346 et
2811 5292 3063 5347 verticem
3104 5294 3252 5350 illum
3304 5307 3654 5368 occuparunt.
3704 5298 3792 5356 Sic

2214 5387 2388 5448 potest
2418 5380 2464 5434 is
2494 5382 2583 5450 qui
2616 5382 2749 5435 nihil
2802 5381 3002 5449 habet,
3030 5386 3267 5439 omnium
3323 5401 3587 5459 occupare
3616 5389 3790 5455 bona;

2211 5480 2263 5524 et
2294 5484 2414 5541 qua:
2455 5480 2579 5526 sunt
2618 5472 2859 5526 onmium
2898 5474 3192 5542 possidere.
3226 5474 3281 5532 Si
3335 5492 3464 5532 vero
3509 5492 3572 5533 ea
3622 5480 3794 5547 possi-

2212 5560 2432 5615 deamus
2455 5576 2573 5630 qua:
2600 5572 2725 5615 sunt
2758 5560 3017 5629 omnium,
3045 5565 3295 5620 omnibus
3347 5566 3537 5636 privati
3582 5582 3790 5623 sumus.

2213 5650 2479 5707 Fortassis
2506 5651 2730 5722 aenigma
2762 5652 3005 5708 videatur
3044 5669 3163 5710 esse
3219 5655 3347 5711 illud
3374 5697 3389 5720 ,
3422 5655 3563 5727 quod
3590 5655 3793 5713 dictum

2220 5754 2339 5801 est.
2390 5743 2485 5801 sed
2531 5761 2637 5800 non
2699 5754 2801 5801 est.
2852 5745 2958 5802 Sed
2996 5746 3282 5817 quomodo,
3330 5746 3558 5818 inquies,
3605 5750 3651 5805 is
3703 5749 3793 5820 qui
