4028 6208
281 346 371 403 1Ξῦ

282 462 404 520 nihil
450 459 625 515 habet,
685 450 919 504 omnium
975 445 1114 500 bona
1158 443 1431 512 possidet?
1462 454 1637 494 annon
1689 436 1856 489 multo

280 553 444 623 magis
486 547 575 601 ille
622 542 708 612 qui
759 540 996 593 omnium
1044 536 1179 589 bona
1230 532 1422 586 habet?
1479 530 1854 597 Nequaquam;

292 618 387 701 sed
409 650 575 696 totum
605 634 951 690 contrarium.
979 629 1113 683 Nam
1153 629 1243 696 qui
1276 625 1404 679 nihil
1454 622 1610 676 habet
1637 661 1649 684 ,
1680 618 1853 670 enini-

285 740 375 790 luis
420 734 667 799 imperat,
702 733 757 778 ut
792 733 847 777 et
877 721 950 776 illi
989 720 1254 773 faciebant
1284 734 1295 770 :
1327 728 1514 768 omnes
1565 711 1708 766 enim
1764 724 1859 774 per

281 826 458 882 orbem
503 821 694 874 domus
743 815 1041 884 ipsiserant
1088 820 1326 879 apertae,
1378 806 1707 876 gratiamque
1755 802 1859 861 illis

286 916 549 972 habebant
588 912 676 980 qui
709 906 1045 976 excipiebant
1076 904 1219 971 ipsos
1250 942 1263 963 ,
1292 910 1346 954 et
1375 910 1638 966 tamquam
1669 894 1732 947 ad
1765 908 1857 945 co-

278 1012 463 1076 gnatos
507 1010 561 1057 et
604 1000 802 1053 amicos
859 995 1160 1049 veniebant.
1200 991 1575 1058 Veneruntque
1615 986 1681 1039 ad
1730 1000 1858 1053 pur-

286 1095 546 1163 purariam
570 1132 585 1157 ,
610 1100 662 1144 et
690 1089 777 1144 illa
809 1089 956 1157 quasi
982 1084 1172 1139 ancilla
1202 1097 1296 1135 sua
1321 1082 1449 1149 ipsis
1492 1078 1734 1147 apposuit
1760 1094 1773 1141 ;
1808 1086 1862 1130 et

283 1184 344 1241 ad
376 1183 610 1240 carceris
658 1180 933 1235 custodem
964 1219 979 1244 ,
1027 1186 1082 1230 et
1124 1176 1215 1230 ille
1264 1184 1426 1227 totam
1483 1171 1612 1239 ipsis
1645 1170 1861 1223 domum

287 1277 489 1344 aperuit
515 1291 530 1339 ;
562 1284 616 1329 et
644 1275 711 1328 ad
738 1273 870 1326 alios
902 1272 1229 1324 innumeros.
1262 1265 1349 1319 Sic
1376 1263 1554 1316 omnia
1574 1261 1861 1321 habebant.

290 1379 342 1423 et
391 1368 521 1423 nihil
554 1365 921 1436 possidebant.
955 1360 1097 1414 Nihil
1148 1357 1290 1411 enim
1322 1369 1541 1409 suorum
1589 1354 1692 1408 sibi
1740 1367 1865 1422 pro-

292 1462 462 1530 prium
488 1474 607 1513 esse
632 1456 920 1511 dicebant:
956 1452 1182 1519 ideoque
1210 1447 1388 1502 omnia
1421 1461 1514 1499 sua
1544 1454 1719 1499 erant.
1769 1444 1868 1510 Qui

292 1553 429 1605 enim
459 1552 633 1603 omnia
663 1544 968 1601 communia
998 1550 1171 1611 putat,
1204 1555 1307 1592 non
1349 1538 1461 1590 suis
1491 1546 1693 1589 tantum
1722 1576 1737 1599 ,
1774 1534 1869 1588 sed

288 1656 344 1695 ei
372 1639 561 1692 alienis
593 1645 773 1689 utetur
794 1642 851 1687 ut
890 1630 1123 1702 propriis
1154 1648 1165 1682 :
1192 1629 1282 1699 qui
1312 1636 1488 1681 autem
1518 1624 1789 1679 abscindit
1818 1631 1873 1677 et

290 1745 350 1785 se
375 1744 591 1783 suorum
621 1734 824 1780 tantum
855 1724 1130 1777 dominum
1161 1720 1307 1785 facit,
1343 1733 1517 1789 neque
1549 1716 1736 1769 horum
1768 1712 1867 1766 do-

293 1820 468 1876 minus
491 1818 615 1873 erit.
644 1818 708 1871 Et
735 1814 838 1870 hoc
863 1816 931 1870 ab
971 1812 1218 1883 exemplo
1245 1812 1434 1879 liquet.
1466 1807 1567 1874 Qui
1597 1804 1726 1859 nihil
1763 1819 1876 1857 Otil-

290 1912 418 1966 nino
445 1910 717 1980 possidet,
769 1921 943 1975 neqne
970 1906 1189 1957 domum
1236 1916 1407 1970 neque
1436 1913 1673 1953 mensam
1703 1910 1877 1965 neque

293 2003 614 2073 superfluam
648 2008 883 2061 vestem,
935 1996 1026 2049 sed
1055 2000 1271 2063 propter
1296 1992 1461 2045 Deum
1495 1988 1742 2042 omnibus
1773 1988 1878 2057 pri-

293 2083 468 2157 vatur,
495 2089 871 2145 communibus
904 2094 963 2139 ut
986 2085 1215 2155 propriis
1246 2082 1430 2142 utitur,
1456 2092 1508 2135 et
1535 2079 1601 2132 ab
1630 2079 1880 2131 omnibus

292 2179 644 2253 qumcnmque
672 2176 904 2230 voluerit
934 2176 1196 2242 accipiet:
1227 2182 1281 2227 et
1308 2173 1386 2227 sic
1418 2171 1507 2240 qui
1537 2169 1666 2223 nihil
1697 2167 1879 2231 habet,

295 2272 535 2329 omnium
570 2272 707 2324 bona
739 2269 1001 2340 possidet.
1032 2266 1130 2333 Qui
1165 2275 1342 2319 autem
1377 2264 1539 2318 habet
1568 2263 1743 2330 aliqua
1768 2302 1781 2321 .
1802 2258 1882 2314 'nc

297 2352 488 2420 horum
513 2362 729 2432 quidem
754 2354 1002 2414 dominus
1034 2358 1157 2412 erit.
1192 2355 1374 2426 Neque
1400 2341 1546 2409 enim
1574 2354 1721 2407 dabit
1766 2350 1884 2421 quis

298 2455 631 2527 possidenti;
660 2462 711 2508 et
740 2453 1008 2506 latronum
1038 2458 1092 2504 et
1138 2447 1313 2501 iurum
1350 2456 1404 2501 et
1434 2447 1883 2515 sycophantarum

300 2558 354 2601 et
375 2544 687 2599 mutationis
730 2556 932 2604 rerum,
974 2548 1029 2594 et
1054 2539 1293 2594 omnium
1350 2537 1522 2607 magis
1556 2550 1714 2603 quam
1745 2534 1887 2586 illius

301 2640 418 2694 hznc
439 2639 576 2690 bona
601 2644 779 2689 erunt.
811 2634 1004 2687 Totum
1033 2632 1179 2684 enim
1200 2631 1383 2684 orbem
1414 2628 1648 2697 pervasit
1668 2627 1885 2690 Paulus,

304 2729 435 2784 nihil
485 2741 667 2781 secum
698 2724 875 2778 ferens
902 2763 915 2787 ,
946 2737 1050 2776 non
1084 2720 1285 2773 amicos
1316 2718 1504 2772 adiens
1528 2756 1542 2778 ,
1591 2732 1697 2770 non
1745 2714 1892 2767 fami-

306 2823 499 2883 liares;
532 2828 647 2876 erat
678 2817 820 2872 enim
855 2816 906 2868 in
952 2813 1212 2883 principio
1242 2812 1492 2865 omnibus
1523 2809 1726 2863 hostis:
1756 2815 1891 2859 atta«

306 2930 429 2968 men
462 2913 736 2981 ingressus
780 2923 903 2961 cum
934 2914 1115 2971 esset,
1145 2904 1385 2958 omnium
1435 2901 1667 2956 habebat
1721 2900 1887 2952 bona.

309 3003 546 3058 Ananias
573 3015 700 3053 vero
726 3008 781 3053 et
807 2996 1092 3066 Sapphira,
1123 3005 1372 3049 curantes
1398 3002 1453 3047 ut
1483 2991 1744 3046 tantillum
1769 2986 1894 3058 quid

308 3110 374 3148 ex
400 3090 555 3147 bonis
588 3091 699 3144 suis
727 3088 831 3143 sibi
868 3086 1181 3151 retinerent,
1214 3086 1282 3139 ab
1308 3083 1560 3138 omnibus
1581 3080 1898 3137 exciderunt
1936 3070 1937 3073 “

324 3196 1895 3225 .———————-———-—-———-——-—J-_——___._

1301 324 1365 381 ΙΝ
1404 325 1614 383 El'lST.
1659 322 1676 377 l
1743 323 1831 377 AD
1870 310 1897 373 (ἶ

2011 361 2022 373 .
2067 318 2289 373 1101111ι.
2334 317 2469 372 XVl.
3242 320 3287 351 .ί

3445 320 3544 378 130

1964 444 2013 487 et
2040 447 2068 484 a
2102 431 2205 485 vita
2235 429 2412 483 simul.
2447 427 2699 482 Abscede
2720 427 2878 496 igitur
2908 442 2935 480 a
2970 428 3091 493 tuis,
3123 440 3177 483 ut
3221 428 3415 486 alienis
3437 445 3547 487 uta.

1966 526 2036 579 ris
2067 524 2215 594 quasi
2246 521 2493 591 propriis.
2526 521 2592 573 At
2620 520 2760 573 enim
2794 521 2972 574 nescio
2994 521 3265 593 quomodo
3303 524 3354 577 in
3398 523 3537 577 hanc

1965 614 2294 688 hyperbolen
2316 614 2527 667 delatus
2558 613 2678 674 sim,
2721 611 2963 665 homines
2984 611 3280 680 alloquens,
3314 614 3403 681 qui
3442 617 3544 668 uti-

1966 722 2085 761 nam
2115 707 2197 759 vel
2222 705 2483 758 tantillum
2516 718 2739 756 suorum
2770 712 3010 773 erogcnt.

2040 796 2386 865 Eleemosyna:
2413 796 2566 849 bona.
2598 826 2665 835 —
2690 794 2813 849 Ideo
2836 794 2949 850 hmc
2982 796 3384 864 perfectioribus
3407 796 3548 851 dicta

1968 905 1994 941 a
2028 888 2180 942 nobis
2209 896 2366 951 sunto
2393 902 2407 951 ;
2445 886 2929 955 imperiectioribus
2968 902 3095 941 vero
3143 887 3228 940 illa
3261 888 3500 943 dicamus
3532 907 3545 941 :

1970 980 2097 1033 Date
2143 975 2428 1047 egenis—ex
2472 977 2625 1031 bonis
2665 976 2875 1042 vestris,
2914 986 3104 1046 augete
3152 978 3427 1033 facultates
3466 993 3553 1032 ve-

1968 1077 2147 1122 stras:
2183 1065 2317 1120 Nam
2370 1067 2456 1131 qui
2496 1067 2583 1118 (lat
2638 1066 2882 1134 pauperi,
2917 1066 3107 1133 inquit,
3133 1071 3411 1139 {teneretur
3444 1067 3554 1124 Deo

1971 1162 1988 1229 (
2022 1160 2171 1212 Prov.
2208 1158 2292 1212 19.
2335 1159 2451 1227 17).
2481 1156 2533 1211 Si
2566 1166 2741 1211 autem
2782 1156 3021 1221 festinas,
3051 1168 3105 1211 et
3135 1174 3239 1211 non
3273 1170 3577 1229 exspectas

1973 1261 2181 1321 tempus
2210 1251 2612 1313 retributionis;
2654 1250 2825 1318 cogita
2858 1263 2953 1303 eos
2990 1252 3077 1318 qni
3113 1251 3363 1318 pecunias
3388 1253 3559 1305 1ιοιηί-

1974 1342 2130 1408 nibus
2153 1340 2479 1395 fmrnerantur
2508 1358 2521 1389 :
2554 1353 2650 1403 nec
2672 1339 2813 1393 enim
2849 1339 2900 1392 hi
2922 1338 3108 1393 volunt
3133 1340 3310 1393 statim
3344 1356 3558 1395 usuram

1975 1435 2238 1501 accipere,
2284 1432 2375 1486 sed
2431 1432 2649 1502 cupiunt
2690 1439 2745 1484 ut
2782 1439 2942 1500 caput
2981 1431 3171 1500 majori
3224 1441 3466 1501 tempore
3510 1435 3561 1487 iu

1978 1537 2165 1576 manus
2192 1523 2449 1576 debitoris
2469 1531 2701 1585 maneat,
2726 1523 2815 1591 qui
2844 1521 2909 1576 ad
2940 1520 3114 1577 {muns
3144 1523 3368 1592 accepit,
3401 1524 3563 1576 modo

1979 1622 2085 1667 tuta
2115 1615 2185 1668 sit
2210 1613 2439 1667 redditio
2468 1628 2566 1667 nec
2592 1622 2873 1682 suspectus
2905 1614 2972 1668 sit
3000 1616 3045 1668 is
3075 1614 3163 1685 qui
3193 1616 3415 1685 accepit.
3453 1616 3566 1670 line

1981 1705 2140 1773 igitur
2186 1704 2271 1758 hic
2302 1718 2516 1771 quoque
2556 1704 2645 1756 liat
2673 1720 2686 1755 :
2716 1702 2925 1756 dimitte
2956 1705 3044 1759 illa
3090 1705 3228 1773 apud
3276 1706 3441 1760 Deum
3464 1748 3479 1768 .
3511 1717 3569 1761 ut

1982 1796 2170 1853 reddat
2203 1795 2293 1849 tibi
2344 1794 2746 1863 multiplicatam
2796 1794 3121 1849 mercedem.
3164 1795 3239 1849 Nc
3283 1796 3369 1849 hic
3401 1806 3569 1850 totum

1981 1903 2191 1958 qnmras
2220 1906 2231 1941 :
2262 1887 2311 1940 si.
2347 1887 2489 1940 enim
2546 1886 2632 1939 hic
2662 1895 2827 1939 totum
2859 1886 3085 1955 recipias
3113 1927 3126 1950 ,
3160 1887 3430 1955 quomodo
3461 1888 3571 1941 illic

1986 1978 2247 2048 recipies?
2295 1976 2419 2030 ideo
2445 1984 2499 2029 et
2548 1976 2689 2030 Deus
2721 1976 2830 2036 illic
2872 1977 3203 2031 reconditum
3235 1987 3400 2044 tenet,
3428 1978 3572 2049 quod

1986 2072 2090 2123 vita
2124 2070 2237 2123 haec
2269 2068 2407 2122 ﬂuxa
2440 2069 2528 2121 sit.
2576 2069 2674 2121 Dat
2716 2080 2890 2123 tamen
2942 2080 2995 2124 et
3045 2071 3130 2123 hic
3176 2087 3389 2141 quoque
3433 2090 3445 2125 :
3502 2074 3575 2127 ait

1987 2161 2136 2213 enim
2166 2178 2177 2213 :
2214 2158 2441 2223 Quwrite
2486 2174 2693 2227 regnum
2724 2159 2987 2224 calorum,
3015 2170 3059 2211 et
3098 2160 3204 2212 Ita'c
3233 2164 3400 2214 omnia
3442 2162 3576 2234 adji-

1988 2253 2182 2305 cieutur
2200 2250 2335 2304 vobis
2355 2248 2567 2320 (Matth.
2591 2251 2643 2303 6.
2670 2251 2779 2321 55).
2805 2249 2908 2304 Sed
2934 2266 3031 2305 nos
3060 2251 3125 2305 ad
3156 2251 3285 2306 illud
3318 2256 3574 2324 respicia-

1990 2357 2129 2407 mus,
2161 2351 2215 2395 et
2246 2358 2311 2396 ne
2340 2342 2746 2397 festinemusad
2775 2344 3014 2396 omnium
3044 2344 3452 2399 retributionem
3479 2387 3495 2411 ,
3524 2355 3583 2400 ut

1992 2449 2059 2487 ne
2090 2434 2395 2485 miuuauius
2420 2432 2759 2497 mercedem;
2793 2434 2886 2488 sed
2932 2444 3143 2505 tempus
3180 2447 3578 2504 exspectemus.

1993 2523 2106 2579 Non
2139 2523 2281 2577 enim
2332 2523 2465 2577 tales
2496 2533 2620 2579 sunt
2652 2523 2732 2575 Ιιερ
2782 2538 2994 2599 usurae,
3047 2526 3143 2580 sed
3173 2528 3361 2598 quales
3402 2544 3429 2581 a
3464 2530 3575 2584 Deo

1995 2616 2108 2670 dari
2143 2630 2237 2685 par
2259 2624 2356 2669 est.
2385 2614 2477 2667 llis
2505 2614 2662 2683 igitur
2687 2630 2806 2666 cum
2830 2613 3072 2669 ubertate
3103 2631 3290 2685 magna
3322 2615 3587 2685 collectis,

1998 2707 2067 2759 ita
2094 2707 2216 2758 hinc
2238 2705 2513 2769 abeamus,
2544 2714 2601 2758 ut
2625 2715 2677 2757 et
2700 2705 2979 2773 praesentia
3002 2714 3053 2759 et
3084 2704 3260 2761 futura
3289 2722 3588 2779 consequa-

1999 2813 2120 2850 mur
2164 2797 2327 2859 bona,
2360 2798 2539 2865 gratia,
2564 2806 2621 2850 et
2643 2797 2973 2865 benignitate
3006 2800 3212 2853 Domini
3258 2804 3425 2855 nastri
3455 2802 3583 2857 Jesu

2002 2888 2219 2951 Christi,
2267 2890 2478 2956 quicum
2537 2887 2676 2941 Patri
2732 2898 2787 2942 et
2826 2903 2928 2941 una
2979 2890 3197 2958 Spiritui
3244 2902 3430 2945 sancto
3482 2894 3597 2963 glo-

2006 2978 2104 3041 riu,
2139 2980 2445 3048 imperium,
2476 2981 2665 3043 honor,
2702 2996 2843 3034 nunc
2870 2990 2923 3035 et
2952 2995 3192 3051 semper,
3226 2992 3278 3036 et
3310 2984 3361 3037 in
3404 2985 3597 3039 saecula

2011 3071 2355 3123 sazculorum.
2387 3073 2581 3125 Amen.

1966 3212 3605 3238 _____.___._____.___.______.____________

1696 3274 2042 3335 HOMILIA
2090 3275 2259 3335 XVI.

311 3422 441 3477 Ολρ.
485 3420 540 3475 5.
580 3433 629 3471 ν.
664 3416 717 3472 9.
748 3416 943 3483 Scripsi
970 3414 1106 3469 vobis
1131 3414 1182 3466 in
1209 3412 1421 3483 epistola
1450 3429 1469 3466 :
1498 3430 1559 3467 ne
1584 3416 1906 3468 commiscea-

389 3513 513 3565 mitti
558 3500 882 3578 [oruicizriis;
933 3505 1019 3561 10.
1068 3522 1169 3559 non
1213 3506 1381 3577 utique
1422 3506 1713 3577 fornicariis
1752 3507 1905 3575 hujus

392 3601 566 3653 mundi
592 3608 676 3651 aut
696 3599 862 3649 avaris
887 3607 975 3649 aut
990 3597 1257 3665 rapacibus
1278 3607 1364 3647 aut
1382 3598 1531 3649 idolis
1556 3599 1921 3651 servicntibusr

392 3689 583 3757 alioqui
608 3686 892 3739 debueratis
919 3700 981 3737 ea:
1010 3684 1199 3735 mundo
1227 3685 1407 3736 exisse.
1440 3684 1527 3736 11.
1562 3684 1611 3735 Ν
1618 3702 1714 3736 unc
1742 3695 1907 3736 autem

396 3778 575 3847 scripsi
604 3775 740 3830 vobis
783 3789 883 3827 nou
911 3772 1221 3827 commisceri
1246 3788 1267 3825 :
1298 3772 1340 3823 si
1366 3775 1409 3823 is
1429 3814 1443 3837 ,
1488 3773 1572 3841 qui
1614 3776 1772 3842 frater
1820 3789 1913 3824 uo-

394 3872 617 3923 minatur
640 3868 771 3921 inter
791 3882 896 3932 vos,
927 3874 998 3919 est
1021 3864 1304 3935 fornicator
1324 3873 1411 3917 aut
1439 3881 1620 3917 avarus
1651 3874 1736 3918 aut
1763 3864 1912 3918 idolis

397 3962 616 4016 serviens
645 3969 733 4012 aut
762 3956 984 4012 ebriosus
1018 3968 1103 4010 aut
1130 3955 1408 4010 maledicus
1435 3968 1521 4011 aut
1554 3974 1719 4027 rapax
1742 4000 1755 4025 ,
1801 3974 1915 4011 cum

400 4050 694 4123 hujusmodi
724 4065 812 4103 nec
854 4048 1018 4102 cibum
1052 4065 1270 4101 sumere.
1442 4033 1451 4041 ’

402 4145 455 4199 1.
496 4143 628 4210 Quia
660 4141 805 4195 enim
831 4140 1000 4201 dixit,
1036 4138 1158 4191 Non
1186 4139 1355 4207 potius
1400 4137 1590 4188 luctum
1632 4138 1877 4191 habuistis
1901 4178 1914 4199 ,

327 4247 386 4288 ut
414 4236 476 4288 de
518 4233 681 4285 medio
709 4230 919 4283 tollatur
943 4230 1028 4296 qui
1053 4236 1126 4279 est
1152 4226 1443 4293 Itujusmodi
1467 4240 1485 4287 ;
1516 4235 1589 4290 et,
1628 4225 1921 4296 Expurgate

328 4336 469 4381 vetus
506 4324 853 4391 fermentum;
898 4328 950 4372 et
981 4316 1269 4371 verisimile
1313 4323 1428 4369 erat
1473 4316 1729 4385 suspicari
1760 4317 1877 4371 illos
1904 4359 1919 4381 ,

331 4416 638 4488 fugiendum
666 4428 787 4469 esse
827 4412 894 4467 ab
922 4412 1171 4467 omnibus
1218 4410 1559 4476 fornicariis;
1613 4411 1655 4466 si
1687 4412 1829 4466 enim
1878 4412 1923 4466 is

329 4508 425 4579 qui
457 4504 696 4576 peccavit
734 4504 930 4558 malum
962 4518 1117 4563 suum
1146 4505 1402 4573 impertiit
1432 4505 1495 4559 iis
1524 4503 1639 4573 qui.
1659 4519 1765 4558 non
1795 4519 1924 4572 pec-

332 4605 629 4663 caverunt,
682 4596 852 4652 multo
894 4597 1061 4667 magis
1099 4606 1351 4651 externos
1394 4605 1605 4666 Oportet
1648 4595 1925 4651 aversari:

337 4707 462 4745 nam
491 4690 533 4743 si
566 4689 813 4744 familiari
859 4703 1080 4758 parcere
1111 4704 1215 4741 non
1248 4697 1453 4757 oportet
1481 4728 1494 4753 ,
1547 4685 1688 4757 quod
1723 4694 1927 4741 tantum

335 4772 431 4838 ille
461 4782 639 4837 damni
665 4781 875 4845 inferat,
902 4782 1069 4839 multo
1090 4780 1266 4833 minus
1288 4778 1407 4832 aliis
1433 4779 1755 4847 parcendum
1791 4794 1803 4827 :
1830 4778 1931 4833 hoc

342 4875 517 4945 posito
546 4881 964 4929 consentaneum
994 4877 1110 4923 erat
1134 4869 1370 4937 separari
1396 4869 1555 4923 etiam
1587 4884 1613 4921 a
1642 4868 1930 4922 fornicato-

346 4968 491 5020 :ibus
520 4964 609 5034 qui
638 4961 777 5031 apud
803 4950 1021 5015 Griecos
1050 4968 1221 5024 erant;
1253 4969 1308 5013 et
1344 4960 1389 5013 si
1432 4976 1490 5015 re
1510 4961 1577 5016 ad
1606 4960 1933 5030 impossibile

340 5057 582 5120 redacta,
608 5054 775 5123 magis
792 5068 933 5122 aegre
959 5051 1211 5107 tulissent
1239 5068 1251 5105 :
1284 5051 1381 5105 hac
1408 5055 1742 5107 correctione
1769 5053 1938 5105 utitur

339 5150 562 5203 dicens:
594 5145 791 5214 Scripsi
822 5145 978 5210 nobis,
996 5160 1057 5198 ne
1076 5143 1500 5198 commisceamini
1525 5142 1936 5215 foruicatoribus;

341 5250 391 5295 et
423 5254 523 5291 non
549 5237 722 5309 utique
762 5235 1151 5307 {oruicatoribus
1181 5234 1332 5300 huius
1359 5235 1572 5299 mundi;
1604 5233 1730 5287 illud
1757 5272 1773 5297 ,
1820 5230 1937 5286 Uti-

343 5345 464 5399 qua,
498 5328 649 5398 quasi
681 5328 734 5381 in
763 5322 1011 5380 confesso
1035 5340 1261 5395 ponens.
1291 5323 1366 5378 Ne
1392 5323 1535 5376 enim
1560 5332 1808 5392 putarent
1837 5321 1942 5378 huc

356 5421 537 5489 ipsum
584 5418 691 5473 illis
730 5432 837 5472 non
865 5416 1185 5486 praecepisse
1222 5415 1373 5485 quasi
1415 5415 1899 5485 imperfectioribus
1925 5455 1939 5479 ,

349 5521 413 5567 et
456 5525 526 5567 no
571 5510 673 5581 ipsi
704 5520 763 5566 ut
811 5508 1031 5580 perfecti
1080 5507 1211 5563 illud
1256 5507 1434 5563 facere
1482 5507 1900 5577 aggrederentur
1926 5547 1941 5571 ,

352 5602 591 5660 ostendit
618 5602 721 5659 hoc
751 5602 863 5659 fieri
890 5617 996 5656 non
1028 5615 1185 5666 posse
1208 5640 1225 5667 ,
1268 5598 1481 5657 etiamsi
1504 5600 1557 5655 id
1589 5600 1819 5654 maxime
1848 5614 1943 5653 ve-

356 5695 459 5751 lint
505 5703 829 5767 :oporterct
884 5694 1028 5750 enim
1072 5694 1231 5749 alium
1279 5705 1460 5763 quaere
1570 5693 1774 5747 orbem.
1819 5691 1945 5747 ideo

2008 3416 2309 3484 subiunxit:
2337 3415 2573 3473 Alioquin
2597 3417 2879 3470 debueratis
2903 3433 2964 3471 ex
2985 3422 3172 3471 mundo
3194 3420 3391 3475 exiisse.
3410 3420 3597 3475 Viden‘

2010 3522 2166 3575 quam
2194 3523 2297 3561 non
2322 3509 2576 3561 molestus
2592 3510 2658 3563 sit
2684 3549 2698 3573 ,
2723 3519 2774 3563 et
2794 3510 2986 3578 ubique
3009 3526 3113 3564 non
3135 3512 3293 3565 modo
3313 3514 3453 3581 quod
3493 3514 3605 3567 fieri

2012 3600 2213 3662 possit,
2238 3598 2327 3651 sed
2351 3600 2508 3650 etiam
2553 3598 2695 3665 quod
2730 3599 2883 3651 facile
2914 3600 2981 3650 sit
3014 3601 3067 3651 in
3100 3600 3216 3667 lege
3249 3602 3458 3653 ferenda
3490 3615 3604 3667 per-

2012 3685 2234 3750 Spiciat?
2260 3686 2537 3750 Quomodo
2557 3686 2697 3737 enim
2724 3694 2896 3752 potest
2920 3686 3101 3748 homo,
3124 3689 3314 3755 inquit,
3339 3689 3498 3759 quiet
3520 3688 3607 3743 do-

2013 3774 2121 3826 mui
2148 3782 2197 3826 et
2235 3774 2415 3827 liberis
2442 3776 2746 3841 praeﬁcitur,
2781 3784 2834 3829 et
2860 3776 3090 3829 civitatis
3113 3794 3333 3831 munera
3368 3791 3610 3848 prmstat,

2016 3876 2107 3921 aut
2128 3866 2217 3937 qui
2236 3867 2426 3922 artifex
2446 3868 2528 3923 vel
2548 3856 2701 3923 miles
2726 3870 2815 3933 sit,
2838 3885 2959 3924 cum
2982 3879 3085 3924 tam
3110 3871 3261 3925 multi
3284 3873 3389 3926 sint
3405 3872 3574 3928 Graeci
3596 3894 3631 3938 ,ε

2018 3958 2368 4013 fornicatores
2389 3962 2479 4028 qui
2504 3960 2698 4030 ubique
2724 3970 2847 4015 sunt
2868 3961 3082 4031 fugere?
3102 3962 3450 4019 fornicatores
3472 3966 3613 4019 enim

2020 4048 2201 4102 mundi
2228 4060 2382 4101 vocat
2406 4050 2553 4106 illos;
2571 4052 2657 4117 qui
2683 4052 2823 4117 apud
2841 4052 3056 4106 Grmeos
3082 4062 3255 4106 erant.
3280 4052 3435 4107 Nunc
3452 4066 3615 4107 autem

2024 4128 2201 4205 scripsi
2246 4138 2381 4190 vobis
2405 4179 2418 4201 ,
2467 4139 2510 4190 si
2563 4140 2672 4206 quis
2705 4132 2861 4207 frater
2890 4141 3008 4193 talis
3050 4143 3114 4191 si!
3140 4182 3152 4205 ,
3208 4153 3262 4194 ut
3289 4161 3402 4195 cum
3435 4146 3525 4197 illo
3556 4162 3618 4198 ne

2022 4228 2222 4295 quidem
2249 4228 2541 4281 comedetis.
2575 4229 2671 4283 llic
2705 4230 2906 4283 etalios
2934 4230 3231 4286 subindieat
3260 4233 3311 4286 in
3341 4234 3617 4303 iniquitate

2026 4321 2284 4376 viventes.
2314 4321 2379 4375 Et
2404 4322 2673 4392 quomodo
2704 4323 2869 4378 frater
2892 4339 3013 4377 cum
3045 4326 3142 4391 sit,
3179 4326 3461 4381 idololatra
3494 4341 3614 4383 esse

2025 4413 2243 4487 potest?
2286 4413 2352 4468 Ut
2394 4414 2532 4484 apud
2561 4415 2929 4469 Samaritanus
2966 4417 3189 4485 contigit
3229 4418 3398 4482 olim,
3429 4419 3519 4487 qui
3549 4434 3614 4473 ex

2028 4505 2245 4559 dimidia
2274 4514 2421 4573 parte
2449 4508 2585 4573 piam
2631 4505 2940 4573 religionem
2973 4507 3314 4559 seetaliaizzar
3339 4523 3350 4558 :
3380 4509 3617 4577 alioquin

2030 4598 2191 4651 etiam
2237 4596 2646 4667 fundamentum
2674 4596 2803 4663 jaeit
2847 4595 3006 4650 futuri
3045 4598 3312 4652 sermonis
3344 4598 3412 4653 de
3445 4598 3617 4655 idolo.

2031 4689 2195 4763 tbytis
2219 4729 2234 4748 ,
2288 4701 2441 4756 quem
2471 4687 2567 4739 sub
2594 4686 2709 4740 huc
2735 4687 3078 4742 instituimus
3116 4700 3215 4743 ωηι.
3258 4690 3361 4743 Aut
3406 4708 3617 4746 avarus.

2030 4780 2160 4835 Nam
2188 4778 2441 4832 adversus
2474 4778 2571 4831 hos
2600 4788 2901 4833 certaturus
2927 4792 3006 4834 est
3034 4797 3047 4844 ;
3096 4781 3321 4850 ideoque
3350 4781 3562 4837 dicebat
3591 4827 3605 4847 ,

2034 4870 2137 4924 Cur
2167 4885 2266 4921 non
2299 4869 2463 4937 potius
2489 4870 2734 4940 injuriam
2761 4871 3040 4938 patimini?
3064 4870 3166 4923 Cur
3194 4889 3292 4926 non
3324 4875 3624 4942 privantini.’

2034 4960 2122 5015 sed
2147 4976 2233 5015 vo:-
2263 4961 2504 5031 injuriam
2534 4961 2703 5027 facitis
2729 4972 2774 5014 et
2804 4958 3010 5029 privatis
3055 4962 3073 5031 (
3100 4973 3147 5016 t.
3182 4962 3301 5018 Cor.
3355 4965 3409 5019 6.
3443 4966 3497 5021 7.
3528 4966 3564 5021 8
3598 4970 3615 5037 )

2036 5052 2134 5104 Aut
2163 5051 2406 5105 ebriosus.
2450 5050 2578 5103 Nam
2610 5056 2706 5105 liae
2735 5067 2947 5123 quoque
2974 5052 3040 5107 de
3080 5068 3138 5108 re
3165 5066 3381 5110 accusat
3433 5057 3483 5112 in
3542 5075 3634 5113 sc-

2037 5143 2323 5213 qucntibus
2344 5184 2357 5207 ,
2410 5150 2468 5195 ut
2494 5158 2613 5196 cum
2641 5142 2771 5197 dieit
2818 5161 2832 5197 :
2866 5143 3009 5198 Alius
3037 5145 3237 5214 quidem
3270 5147 3423 5201 esurit
3450 5189 3467 5216 ,
3500 5151 3636 5205 alius

2039 5244 2203 5287 autem
2251 5234 2414 5289 ebrius
2444 5242 2519 5287 est
2553 5235 2571 5302 (
2600 5235 2625 5289 1
2675 5233 2795 5289 Cor.
2826 5235 2911 5288 ll.
2949 5235 3010 5289 2i
3041 5236 3061 5307 )
3096 5254 3109 5290 :
3141 5246 3194 5291 et
3214 5276 3228 5303 ,
3267 5236 3410 5291 Est
3430 5243 3591 5295 ventri
3619 5278 3637 5301 .

2042 5335 2086 5379 et
2115 5335 2283 5379 venter
2326 5326 2451 5379 escis
2484 5324 2582 5396 (1.
2625 5324 2747 5381 Cor.
2797 5325 2850 5380 6.
2905 5326 2970 5380 15
3082 5328 3183 5380 Aut
3234 5328 3511 5385 maledicus
3547 5348 3632 5384 am

2042 5435 2227 5489 rapax.
2279 5418 2411 5473 Nam
2442 5428 2495 5473 et
2523 5417 2622 5474 hos
2647 5434 2808 5490 supra
2836 5433 3048 5489 quoque
3074 5420 3387 5491 increpavit.
3433 5422 3653 5491 Deinde

2045 5510 2206 5565 etiam
2257 5508 2701 5575 cansamaddit,
2754 5510 2824 5564 ob
2875 5525 3032 5581 quam
3067 5525 3173 5564 non
3219 5510 3467 5580 prohibet
3514 5526 3636 5568 cum

2051 5600 2324 5666 externis,
2354 5599 2444 5671 qui
2474 5600 2609 5655 tales
2637 5600 2767 5666 sint,
2797 5599 3139 5665 commisceri
3164 5616 3181 5666 ;
3213 5601 3501 5657 ostendens
3530 5618 3635 5658 non

2048 5692 2209 5750 modo
2231 5692 2283 5750 id
2312 5707 2419 5747 non
2444 5691 2559 5749 fieri
2583 5706 2764 5760 posse.
2796 5690 2890 5747 sed
2918 5694 3081 5747 etiam
3108 5692 3434 5765 superﬂuum
3465 5709 3587 5751 esse
3614 5714 3625 5759 ;
