4028 6208
464 372 559 427 ιδι

468 482 554 537 IS.
598 478 733 549 Quid
786 472 919 534 enim
960 468 1082 523 mihi
1125 468 1187 521 de
1224 467 1286 520 iis
1313 466 1398 534 qui
1440 464 1566 531 {oris
1610 470 1725 514 sunt
1761 454 2047 526 judicare?

466 585 561 627 eos
587 567 679 640 qui
706 567 848 621 intus
885 572 939 618 et
968 561 1057 631 qui
1090 558 1217 613 foris
1254 563 1384 611 sunt
1408 551 1744 625 Christianos
1766 562 1967 601 means
1993 556 2053 599 et

467 660 681 719 Graecos
711 674 725 711 :
756 666 814 710 ut
857 662 911 709 et
954 649 1078 705 alibi
1119 649 1191 702 ait
1225 664 1237 700 :
1270 646 1482 716 Oportet
1516 652 1680 696 autem
1721 640 1866 693 illum
1898 648 1945 692 et
1975 645 2053 689 te-

470 748 760 805 stimonium
794 742 977 797 habere
1003 740 1186 792 bonum
1210 737 1273 790 ab
1299 735 1361 789 iis
1380 726 1465 804 qui
1494 732 1620 802 foris
1658 738 1774 784 sunt
1815 729 1890 798 (Ι.
1918 725 2051 780 Tim.

467 844 518 899 5.
558 843 591 896 ’1
618 843 659 911 ).
699 838 768 893 Ει
813 836 867 889 in
894 829 1119 903 epistola
1162 828 1229 883 ad
1275 823 1783 881 Thessalonicenses
1824 819 2053 888 idipsmn

472 933 601 989 dicit
650 922 736 983 liis
779 925 960 981 verbis
1006 920 1134 977 :Ne
1173 916 1596 974 commisceamini
1640 924 1775 967 cum
1800 912 1912 981 ipso
1938 952 1952 974 ,
2002 918 2057 962 ut

470 1005 811 1094 confundatur
840 1032 857 1071 :
889 1026 979 1081 et,
1015 1011 1188 1069 Nolite
1224 1020 1277 1063 ut
1313 1009 1570 1062 inimicum
1597 1005 1887 1060 existimare
1912 1038 1929 1066 ,
1970 996 2059 1053 sed

476 1092 743 1169 admonete
782 1118 836 1162 ut
884 1108 1089 1176 fratrem
1118 1103 1193 1172 (ἓ.
1222 1101 1403 1155 Thess.
1432 1098 1485 1152 5.
1520 1097 1604 1151 M.
1634 1096 1744 1164 l5).
1774 1092 1871 1148 llic
1896 1104 2060 1162 porro

475 1220 689 1263 causam
722 1218 826 1258 non
851 1202 1021 1272 ponit.
1048 1196 1249 1265 Quare?
1270 1192 1403 1260 Quia
1430 1191 1537 1245 illic
1557 1188 1769 1259 quidem
1792 1182 2059 1241 consolari

476 1298 723 1363 volebat,
772 1295 858 1350 hic
889 1307 1018 1347 vero
1048 1304 1154 1345 non
1197 1288 1347 1343 item.
1406 1283 1521 1339 Non
1566 1282 1708 1336 enim
1754 1278 1895 1334 idem
1919 1289 2062 1331 nunc

476 1401 749 1463 peccatum
793 1392 875 1441 est
917 1380 1060 1452 quod
1107 1379 1215 1434 illic
1244 1385 1397 1438 erat,
1442 1373 1537 1429 sed
1592 1373 1702 1426 illic
1733 1370 1910 1424 minus
1944 1385 1957 1421 :
1991 1367 2062 1422 de

477 1460 586 1539 otio
614 1480 755 1537 enim
784 1477 889 1531 illic
919 1475 1206 1529 accusabat
1230 1511 1246 1537 ,
1278 1469 1363 1523 hic
1383 1467 1453 1522 de
1483 1464 1835 1520 fornicatione
1861 1471 1913 1514 et
1942 1460 2063 1513 aliis

477 1573 806 1648 gravissimis
835 1566 1085 1638 peccatis.
1121 1564 1189 1618 Et
1213 1562 1259 1617 si
1301 1561 1421 1631 quis
1456 1557 1675 1613 (ἔκπλεως
1720 1553 1867 1608 adire
1896 1552 2060 1616 velit,

480 1643 585 1723 non
608 1664 856 1737 prohibet
882 1676 1001 1715 cum
1032 1658 1135 1713 illis
1160 1654 1445 1711 comedere
1467 1694 1481 1718 ,
1520 1651 1591 1704 ob
1640 1647 1883 1704 eamdem
1914 1643 2064 1700 vide-

480 1736 864 1814 liceticausam.
916 1753 1004 1806 Sic
1032 1760 1086 1803 et
1129 1764 1226 1803 nos
1256 1758 1468 1815 qunque
1514 1741 1735 1796 facimus
1770 1757 1782 1792 :
1817 1753 1914 1808 pro
1944 1736 2064 1790 filiis

481 1860 536 1906 et
564 1845 813 1901 fratribus
840 1842 968 1897 nihil
998 1855 1103 1894 non
1131 1839 1338 1905 agimus
1356 1853 1383 1899 ,λ
1419 1833 1718 1887 alienorum
1750 1838 1925 1881 autem
1959 1839 2066 1879 non

481 1952 725 2005 magnam
757 1935 1015 1989 rationem
1039 1929 1317 1983 habemus.
1346 1924 1482 1991 Quid
1507 1922 1660 1990 ergo?
1686 1927 1936 1974 externos
1960 1932 2067 1971 non

482 2023 702 2089 curabat
743 2024 975 2084 Paulus?
1015 2020 1293 2077 Curabat:
1344 2015 1440 2071 sed
1475 2023 1755 2085 postquam
1803 2008 2065 2079 prmdica-

485 2125 685 2181 tionem
710 2121 1045 2188 acceperant,
1080 2120 1134 2168 et
1156 2107 1357 2188 Christi
1383 2120 1504 2162 sese
1531 2105 1793 2159 doctrina:
1818 2100 2069 2168 subjece-

484 2230 640 2284 rant,
685 2224 812 2271 tunc
840 2186 961 2267 Villis
1001 2209 1147 2279 leges
1195 2186 1357 2260 dabat
1398 2219 1412 2256 :
1464 2198 1717 2269 quamdiu
1769 2206 1947 2251 autem
1996 2193 2069 2247 illi

485 2308 875 2380 despiciebant,
896 2298 1227 2370 superﬂuum
1246 2295 1452 2357 fuisset,
1474 2292 1578 2346 illis
1595 2296 1855 2359 przecepta
1870 2283 2068 2339 Christi

485 2374 727 2475 proferre
747 2439 761 2460 ,
793 2394 880 2465 qui
912 2407 979 2447 ne
1007 2389 1275 2446 Christum
1304 2383 1519 2456 quidem
1551 2386 1830 2435 noverant.
1885 2374 2073 2429 Nonne

485 2466 550 2549 de
575 2494 659 2554 iis,
683 2489 771 2560 qui
800 2488 935 2540 intus
960 2491 1097 2547 sunt,
1127 2495 1213 2533 vos
1231 2474 1524 2548 judicatis?
1556 2473 1639 2527 1'5.
1667 2469 1769 2524 Eos
1793 2477 1962 2521 autem
1986 2466 2072 2535 qui

488 2586 614 2659 foris
633 2556 748 2639 sunt
769 2578 907 2634 Deus
914 2572 1185 2647 judicabit.
1208 2568 1493 2638 Postquam
1512 2562 1655 2618 enim
1676 2561 1906 2626 dixerat,
1932 2556 2071 2623 Quid

486 2651 612 2731 inihi
636 2676 699 2729 de
723 2673 809 2737 iis,
835 2669 919 2737 qui
949 2665 1074 2736 {oris
1102 2670 1257 2725 sunt,
1293 2655 1575 2726 judicare?
1624 2668 1692 2707 ne
1716 2651 1837 2722 quis
1865 2655 2074 2719 putaret

487 2768 613 2824 illos
660 2761 949 2833 impunitos
989 2752 1259 2823 relinqui,
1299 2748 1442 2803 aliud
1476 2746 1582 2800 illis
1628 2744 1816 2799 statuit
1843 2737 2072 2795 tribunal

489 2854 750 2914 terribile.
778 2852 889 2912 lloc
915 2855 1094 2902 autem
1120 2842 1276 2907 dixit,
1306 2850 1415 2894 tum
1445 2846 1495 2890 ut
1524 2836 1644 2890 illos
1674 2839 1931 2895 terreret,
1962 2840 2073 2884 tum

488 2958 548 3005 ut
574 2947 673 3003 hos
713 2942 1081 2999 consolaretur
1107 2976 1121 3000 ,
1171 2944 1221 2989 et
1254 2929 1489 2987 ostendit
1537 2927 1678 2982 hanc
1723 2924 2074 2996 temporalem

490 3040 819 3113 punitionetn
868 3034 935 3088 ab
978 3039 1177 3085 :cterna
1207 3033 1263 3081 et
1290 3030 1543 3093 perpetua
1572 3019 1779 3088 eripere
1807 3033 1823 3083 ;
1852 3014 1994 3086 quod
2022 3021 2079 3070 et

490 3106 616 3188 alibi
642 3122 949 3184 declarabat
974 3120 1059 3175 his
1087 3116 1267 3172 verbis
1300 3131 1313 3167 :
1344 3112 1494 3167 Nunc
1520 3119 1688 3163 autent
1728 3106 1954 3178 judicati
1988 3121 2077 3158 ca-

499 3221 770 3291 stigamur,
802 3223 857 3268 ut
900 3229 1001 3266 non
1026 3227 1139 3263 cum
1165 3209 1355 3260 mundo
1380 3203 1677 3256 damnentur
1699 3200 1717 3270 (
1740 3200 1792 3252 1.
1834 3196 1953 3252 Cor.
1986 3196 2077 3253 ﬂ.

495 3284 605 3380 δι’)
634 3349 649 3373 .
679 3319 733 3363 ct
759 3346 775 3372 ,
818 3306 1025 3374 Auferte
1055 3302 1246 3356 malum
1273 3296 1489 3351 εωυοιει
1516 3290 1863 3363 ipsis(Deut.
1908 3284 2083 3355 47.7).

565 3377 622 3457 ξ.
666 3397 903 3453 Meminit
924 3395 1054 3448 dicti
1080 3393 1222 3461 quod
1254 3392 1308 3443 in
1338 3387 1505 3441 veteri
1530 3385 1672 3453 Lege
1699 3382 1888 3446 fertur,
1922 3377 2083 3434 simul

497 3488 783 3550 ostendens
812 3482 955 3555 quod
986 3482 1083 3550 ipsi
1106 3478 1332 3533 maxima
1360 3476 1470 3527 sint
1497 3472 1772 3533 lucraturi,
1800 3479 1908 3521 uta
1936 3474 2084 3535 peste

498 3581 722 3657 quadam
747 3564 890 3649 gravi
916 3569 1122 3627 liberati
1151 3586 1165 3633 ;
1199 3563 1356 3621 simul
1382 3558 1674 3617 ostendens
1698 3558 1798 3611 hoc
1825 3571 1928 3609 non
1958 3569 2083 3611 esse

501 3647 919 3733 innovationem,
940 3676 991 3719 et
1008 3670 1117 3735 jam
1143 3660 1270 3716 olim
1291 3673 1322 3712 a
1346 3654 1648 3725 legislatore
1669 3650 1837 3705 visum
1887 3647 2081 3713 fuisse,

501 3768 563 3821 ut
598 3764 684 3833 qui
713 3762 842 3820 tales
868 3766 1049 3812 essent
1091 3748 1530 3808 exscinderentur
1577 3763 1592 3800 :
1622 3742 1716 3798 sed
1743 3742 1849 3797 illic
1872 3739 2086 3811 quidem

502 3831 873 3911 vehementius
896 3887 913 3911 ,
954 3846 1039 3897 hic
1078 3856 1203 3896 vero
1231 3839 1576 3892 mansuetius.
1605 3836 1944 3900 Quapropter
1968 3831 2090 3911 jure

505 3949 710 4015 quaeat
735 3936 946 4006 aliquis,
978 3948 1073 3989 cur
1104 3940 1227 3983 tunc
1256 3926 1474 3996 quidem
1501 3938 1621 3977 eum
1649 3922 1739 3990 qui
1772 3910 2093 3988 peccaverat

511 4009 685 4107 puniri
715 4039 768 4084 et
797 4025 1025 4096 lapidari
1075 4019 1445 4091 permitteret;
1488 4013 1575 4067 hic
1603 4025 1731 4067 vero
1770 4026 1874 4064 non
1926 4009 2086 4073 item,

514 4099 610 4183 sed
638 4123 785 4178 illum
816 4118 881 4173 ad
913 4112 1274 4185 pmniteutiam
1306 4116 1483 4162 vocet.
1513 4104 1621 4161 Cur
1648 4118 1775 4173 ergo
1801 4101 1952 4156 aliter
1981 4099 2091 4166 illa,

511 4218 667 4272 aliter
712 4214 811 4267 ista
855 4204 1313 4265 effurmabantur?
1357 4201 1439 4257 0b
1481 4200 1612 4253 duas
1658 4197 1819 4252 hasce
1865 4208 2091 4260 causas;

518 4311 739 4379 primam
770 4305 888 4372 quia
922 4302 988 4354 ad
1034 4299 1205 4365 majus
1245 4303 1517 4349 certamen
1546 4291 1600 4344 hi
1628 4288 1958 4344 ducebantur
1983 4329 1999 4353 ,
2041 4294 2097 4341 et

517 4377 703 4465 majori
731 4394 911 4449 animo
940 4400 992 4445 et
1020 4386 1272 4458 patientia
1304 4395 1438 4451 opus
1469 4378 1732 4433 habebant
1758 4393 1775 4442 ;
1805 4377 2093 4430 secundam

518 4500 695 4545 autem
717 4485 999 4546 veriorem,
1022 4480 1144 4550 quia
1166 4477 1219 4531 hi
1238 4472 1452 4545 quidem
1472 4470 1540 4525 ab
1561 4467 1873 4537 impunitate
1897 4465 2099 4521 facilius

522 4578 925 4644 corrigebantur
987 4570 1051 4624 ad
1097 4564 1463 4639 ptenitentiam
1510 4560 1823 4621 venientes,
1856 4555 1928 4608 illi
1972 4569 2100 4609 vero

519 4671 584 4725 ad
626 4666 880 4736 majorem
910 4660 1199 4729 nequitiam
1230 4655 1481 4724 irrepturi
1510 4661 1683 4708 erant.
1716 4649 1846 4704 Nam
1877 4650 1924 4703 si
1953 4655 2100 4715 post-

518 4774 674 4831 quam
709 4757 909 4827 primos
938 4750 1150 4822 punitos
1177 4746 1421 4801 viderant
1449 4785 1462 4808 ,
1495 4745 1549 4798 in
1580 4743 1767 4798 iisdem
1798 4754 2103 4812 persevera-

521 4830 683 4915 bant;
711 4850 755 4903 si
789 4846 1054 4901 neminem
1086 4838 1325 4911 punitum
1353 4835 1640 4901 vidissent,
1670 4834 1837 4888 multo
1858 4833 2025 4904 magis
2050 4830 2103 4887 id

520 4940 710 4998 facturi
739 4946 912 4994 erant.
956 4935 1079 4989 ldeo
1111 4932 1218 5007 illic
1243 4928 1489 4983 adultero
1520 4936 1575 4980 et
1603 4925 1884 4981 homicida:
1921 4924 2101 4979 statim

522 5048 666 5091 mors
695 5031 951 5093 infertur;
987 5027 1073 5081 hic
1104 5038 1227 5079 vero
1251 5064 1264 5087 ,
1307 5028 1353 5075 si
1396 5034 1489 5090 per
1531 5020 1900 5089 pmnitentiam
1927 5016 2106 5072 absol-

520 5132 734 5187 vantur,
781 5118 1098 5189 supplicium
1144 5113 1462 5183 ell'ugerunt.
1511 5111 1771 5166 Caeterum
1814 5108 1974 5164 etiam
2018 5107 2106 5161 hic

522 5215 919 5273 vehementiora
943 5251 959 5276 ,
988 5218 1044 5263 et
1066 5208 1115 5261 in
1149 5207 1328 5261 Veteri
1359 5204 1573 5259 mitiora
1600 5203 1781 5258 videas
1806 5199 2061 5272 supplicia
2088 5240 2103 5264 ,

532 5317 591 5361 nt
612 5320 708 5376 per
734 5303 913 5357 omnia
946 5298 1258 5355 ostendatur
1284 5294 1601 5366 cognatione
1639 5294 1816 5365 juncta
1843 5307 1963 5347 esse
1999 5291 2105 5346 Te-

531 5404 793 5453 stamenta
807 5402 863 5448 et
883 5394 1037 5446 unius
1058 5388 1548 5459 ejusdemqueesse
1571 5385 1887 5456 legislatoris
1910 5401 1923 5448 ;
1952 5392 2109 5450 atque

524 5498 578 5545 et
610 5488 696 5542 hic
720 5495 773 5541 et
800 5485 906 5539 illic
931 5482 1187 5553 supplicia
1210 5495 1241 5535 e
1268 5479 1491 5550 vestigio
1512 5479 1689 5548 sequi;
1718 5491 1969 5546 saepeque
1993 5485 2112 5546 post

526 5580 754 5637 multum
795 5575 1051 5645 temporis
1078 5574 1132 5627 in
1165 5582 1387 5641 utroque
1414 5612 1428 5635 ,
1475 5585 1619 5638 saepe
1659 5570 1819 5624 etiam
1850 5585 1957 5622 non
1993 5576 2112 5637 post

527 5671 748 5724 multum
789 5666 1077 5737 temporis;
1129 5662 1222 5716 sed
1265 5664 1430 5716 Deum
1474 5660 1783 5731 pmuitentia
1812 5659 1927 5715 sola
1971 5673 2108 5713 eou—

530 5766 733 5813 tsutum
763 5774 895 5812 esse.
934 5757 1064 5810 Nam
1093 5756 1142 5808 in
1174 5752 1351 5807 Veteri
1376 5768 1495 5807 cum
1527 5752 1688 5807 David
1712 5754 1763 5808 in
1789 5752 2111 5808 adulterium

1168 356 1224 411 S.
1265 348 1539 409 JOANNIS
1575 340 2045 404 CllllYSOSTOlII
2087 338 2403 395 AlltllllEP.
2443 333 2974 395 CONSTANTINOP.

3644 331 3738 388 I32

2167 452 2441 507 incidisset
2464 462 2519 508 et
2545 450 2749 504 eadem
2780 458 3042 519 patrath
3063 490 3079 517 ,
3113 464 3209 521 per
3238 449 3603 520 pmmtemlam
3629 464 3747 504 ser-

2162 554 2315 598 vatus
2344 553 2464 608 est;
2512 551 2569 598 et
2615 542 2668 595 iu
2716 540 2895 605 Novo,
2947 555 3071 595 cum
3102 554 3265 607 pauea
3312 556 3377 597 ex
3422 542 3533 612 agri
3576 541 3747 611 pretio

2162 634 2541 689 substraxisset
2582 632 2855 697 Ananias,
2900 645 3025 686 cum
3070 644 3235 685 uxore
3263 631 3443 700 periit.
3497 629 3651 698 Quod
3701 630 3745 684 si

2162 726 2465 795 hujusmodi
2496 726 2648 796 plura
2673 725 3027 780 observantur
3058 724 3115 778 in
3143 720 3361 788 Veteri,
3388 730 3445 779 et
3469 722 3742 803 eputraria

2162 819 2314 889 plura
2352 818 2405 873 in
2430 816 2580 872 Novo
2607 857 2623 883 ,
2674 814 2976 871 d.fferentia
3010 827 3364 884 personarum
3388 811 3748 869 dih‘erentiam

2167 914 2284 968 talis
2311 910 2627 968 teconomim
2649 908 2817 964 efficit
2839 908 3124 981 (Cap.6).l.
3144 906 3311 960 Audet
3323 905 3507 976 aliquis
3530 915 3750 960 uestrum

2164 1004 2403 1057 adversus
2420 1006 2628 1073 fratrem
2651 1016 2795 1053 suum
2819 999 3004 1053 habens
3028 998 3284 1070 negotium
3302 1038 3317 1056 .
3364 996 3590 1070 iudicari
3608 996 3750 1065 apud

2164 1094 2381 1165 iniquos,
2408 1103 2455 1148 et
2481 1110 2582 1147 non
2603 1092 2741 1162 apud
2769 1100 2969 1144 sanctos
2986 1089 3012 1142 .’
3037 1088 3136 1144 Hic
3160 1095 3322 1144 etiam
3352 1088 3747 1143 amusationem

2168 1185 2369 1241 inducit
2416 1199 2601 1240 eorum
2651 1198 2771 1254 qua:
2815 1182 2869 1236 in
2894 1178 3140 1235 confesso
3174 1188 3345 1234 erant.
3392 1179 3600 1235 Etenim
3642 1176 3751 1231 illic

2167 1278 2377 1334 diccbat
2404 1295 2416 1331 :
2450 1276 2670 1331 Omnino
2694 1274 2903 1330 auditur
2927 1273 2981 1327 in
3007 1271 3144 1326 vobis
3169 1271 3480 1339 fornicatio;
3525 1280 3581 1326 et
3620 1270 3706 1324 hic
3730 1311 3747 1334 ,

2168 1368 2333 1423 Audet
2359 1368 2472 1437 quis
2496 1367 2550 1421 in
2577 1365 2759 1420 vobis?
2783 1364 2959 1420 statim
2987 1360 3016 1417 a
3043 1361 3305 1433 principio
3324 1360 3456 1414 iram
3485 1360 3747 1431 indicans,

2169 1470 2224 1516 et
2245 1458 2536 1514 ostendens
2562 1457 2734 1511 audax
2766 1466 2822 1510 et
2862 1455 3101 1524 iniquum
3141 1467 3263 1509 esse
3291 1449 3519 1506 facinus.
3565 1451 3625 1503 Et
3653 1464 3750 1504 cur

2169 1552 2350 1623 injecit
2375 1565 2678 1608 sermonem
2728 1548 2795 1603 de
2843 1547 3065 1604 avaritia
3105 1554 3161 1601 et
3202 1542 3345 1616 quod
3373 1558 3477 1598 non
3505 1551 3753 1613 Oporteat

2169 1645 2299 1701 foris
2321 1642 2583 1713 judicari?
2625 1640 2785 1696 Suam
2834 1637 3063 1707 impleas
3109 1637 3282 1706 legem
3313 1653 3328 1691 :
3355 1649 3477 1690 nam
3516 1648 3634 1689 mos
3678 1633 3750 1686 illi

2169 1746 2288 1793 crat
2331 1751 2391 1791 ea
2440 1749 2557 1805 qua:
2604 1730 2908 1787 incidebant
2949 1727 3279 1792 emendare;
3327 1734 3387 1780 ut
3425 1724 3637 1795 quando
3683 1724 3751 1779 de

2170 1817 2545 1885 commlinihus
2570 1823 2770 1879 mensis
2794 1822 3086 1885 disserens,
3121 1818 3173 1872 in
3199 1830 3511 1875 sermonem
3537 1815 3605 1870 de
3634 1830 3752 1885 my-

2172 1921 2357 1975 steriis
2389 1918 2659 1990 digressus
2687 1925 2788 1971 est.
2824 1914 2892 1969 Et
2935 1913 3020 1967 hic
3069 1910 3230 1982 igitur
3255 1951 3273 1975 ,
3321 1909 3443 1979 quia
3476 1907 3544 1962 de
3577 1912 3752 1962 avaris

2172 2011 2426 2067 fratribus
2462 2008 2789 2063 mentionem
2832 2004 2978 2069 fecit,
3012 2003 3229 2058 fervens
3254 1999 3325 2054 ob
3350 2013 3532 2055 curam
3561 2013 3755 2053 emen-

2173 2101 2403 2157 dationis
2433 2106 2797 2169 peccatorum,
2825 2095 3068 2151 ordinem
3092 2108 3310 2150 servare
3341 2106 3447 2146 non
3478 2090 3749 2153 sustinet;

2174 2196 2267 2251 sed
2296 2193 2438 2264 quod
2483 2207 2547 2246 ex
2586 2190 2934 2261 consequenti
2979 2189 3033 2244 in
3073 2186 3308 2244 medium
3339 2184 3626 2240 adductum
3670 2195 3755 2240 est

2176 2295 2471 2359 peccatum,
2499 2300 2684 2340 rursus
2703 2281 2974 2346 emendat,
2998 2288 3054 2337 et
3073 2280 3155 2335 sic
3174 2277 3242 2333 ad
3273 2276 3421 2346 prius
3444 2276 3753 2331 revertitur.

2175 2378 2470 2434 Audiamus
2493 2392 2622 2447 ergo
2658 2375 2785 2447 quid
2810 2374 2877 2430 de
2905 2372 3007 2429 hoc
3037 2372 3198 2428 etiam
3229 2368 3374 2426 dicat
3404 2386 3418 2422 :
3463 2368 3629 2422 Audet
3652 2368 3755 2421 ali-

2174 2472 2286 2545 quis
2314 2480 2530 2526 uestrum
2558 2469 2744 2523 habens
2770 2467 3026 2538 negotium
3049 2463 3291 2518 adversus
3318 2466 3529 2533 patrem
3556 2501 3571 2524 ,
3612 2461 3757 2533 judi-

2177 2565 2283 2618 cari
2309 2562 2451 2633 apud
2476 2562 2709 2630 iniquos,
2757 2567 2805 2613 et
2832 2574 2933 2613 non
2966 2556 3109 2627 apud
3148 2553 3398 2611 sanctos?
3435 2552 3651 2608 Interim
3686 2568 3754 2606 ex

2177 2653 2479 2709 nominibus
2507 2664 2623 2706 rem
2648 2649 2848 2721 aperit,
2877 2658 2932 2703 et
2968 2649 3162 2703 avertit
3204 2655 3262 2701 et
3302 2650 3541 2701 accusat.
3581 2642 3649 2698 Et
3688 2642 3756 2696 ab

2178 2745 2329 2800 initio
2354 2742 2568 2814 quidem
2608 2756 2721 2797 non
2760 2740 2952 2797 evertit
2994 2738 3247 2808 judicium
3270 2779 3286 2804 ,
3333 2736 3475 2808 quod
3520 2734 3578 2790 lit
3614 2734 3755 2804 apud

2178 2836 2365 2893 fideles
2397 2852 2412 2888 :
2444 2842 2721 2905 postquam
2750 2842 2928 2887 autem
2956 2830 3077 2887 illos
3104 2824 3287 2885 multis
3311 2828 3600 2891 exterruit,
3630 2835 3759 2882 tunc

2179 2928 2403 2983 omnino
2412 2924 2672 2997 judicium
2692 2920 2998 2992 huiusmodi
3018 2919 3261 2976 abstulit.
3279 2916 3507 2974 Maxime
3520 2916 3757 2989 quidem,

2180 3019 2372 3091 inquit,
2397 3018 2443 3072 si
2462 3015 2702 3088 judicare
2720 3021 2953 3085 oportet,
2968 3011 3118 3083 apud
3138 3010 3350 3081 iniquos
3372 3024 3476 3065 non
3500 3009 3760 3079 oportuit;

2180 3111 2400 3168 omnino
2422 3119 2599 3165 autem
2628 3123 2733 3162 non
2779 3114 2993 3176 Oportet
3017 3102 3268 3176 judicari.
3290 3102 3414 3158 ’Sed
3446 3102 3549 3158 hoc
3575 3106 3763 3173 postea

2180 3198 2338 3271 ponit
2365 3216 2381 3255 :
2409 3198 2622 3253 interim
2654 3212 2779 3252 vero
2808 3197 2981 3267 primo
3011 3193 3160 3250 id.de
3191 3193 3369 3249 medio
3400 3192 3536 3248 tollit
3562 3234 3579 3260 ,
3612 3202 3668 3245 ut
3699 3207 3767 3247 ne

2181 3288 2310 3347 foris
2330 3289 2656 3360 iudicentur.
2679 3286 2959 3356 Quomodo
2979 3286 3124 3341 enim
3147 3299 3251 3339 non
3276 3281 3566 3338 absurdum
3585 3282 3764 3342 fuerit.

2185 3380 2442 3436 adversus
2488 3380 2717 3433 amicum
2756 3376 3168 3445 disceptantem,
3209 3373 3479 3427 inimicum
3526 3373 3768 3441 accipere

2187 3470 2587 3524 conciliatorem
2612 3507 2629 3533 ,
2674 3465 2879 3533 inquit?
2922 3463 3193 3533 quomodo
3236 3476 3343 3516 non
3388 3472 3440 3517 te
3468 3460 3632 3533 pudet
3667 3477 3768 3517 nec

2190 3559 2460 3615 erubescis
2482 3596 2499 3625 ,
2530 3572 2652 3612 cum
2677 3556 2895 3612 Graecus
2920 3554 3073 3610 sedet
3094 3550 3454 3609 Christianum
3477 3550 3722 3622 judicans
3747 3552 3773 3605 ἲ

2190 3654 2244 3709 Si
2273 3662 2446 3709 autem
2469 3652 2536 3707 de
2557 3650 2715 3707 rebus
2737 3648 2957 3721 privatis
2982 3663 3088 3705 non
3108 3656 3322 3721 oportet
3343 3664 3372 3703 a
3398 3647 3601 3705 Graecis
3616 3648 3769 3719 judi-

2191 3747 2336 3813 cari,
2381 3743 2649 3816 quomodo
2680 3743 2807 3813 ipsis
2836 3757 2923 3798 res
2964 3741 3194 3810 majores
3232 3739 3667 3795 commutemus?
3706 3738 3775 3792 Et

2193 3836 2314 3890 vide
2340 3834 2609 3904 quomodo
2636 3834 2883 3901 loquatur
2912 3848 2926 3883 :
2961 3845 3069 3883 non
3093 3828 3231 3883 dixit
3248 3870 3265 3891 ,
3298 3828 3453 3897 Apud
3485 3826 3728 3880 inﬁdeles
3752 3867 3771 3890 ,

2196 3926 2290 3979 sed
2315 3966 2329 3989 ,
2360 3924 2510 3992 Apud
2536 3923 2731 3989 iniquos
2754 3960 2771 3985 ,
2815 3934 2949 3975 voce
2975 3919 3065 3973 illa
3093 3931 3219 3973 usus
3245 3932 3347 3987 qua
3376 3918 3608 3971 maxime
3638 3931 3776 3985 onus

2198 4016 2423 4070 habebat
2454 4015 2506 4068 in
2536 4010 2810 4084 preposito
2839 4019 3155 4080 argumento
3176 4050 3191 4075 ,
3220 4019 3277 4063 ut
3316 4018 3577 4063 averteret
3605 4008 3780 4063 abdu-

2198 4118 2464 4178 ceretque.
2506 4105 2643 4174 Quia
2669 4105 2810 4161 enim
2841 4104 2908 4158 de
2930 4103 3133 4173 judicio
3155 4116 3335 4157 sermo
3366 4101 3463 4172 ipsi
3494 4110 3610 4156 erat
3635 4118 3649 4165 ;
3683 4102 3778 4171 qui

2201 4215 2328 4255 vero
2344 4199 2649 4269 iudicantur
2676 4196 2803 4251 nihil
2834 4195 2972 4250 adeo
3004 4192 3283 4265 requirunt
3302 4235 3317 4261 ,
3345 4210 3503 4265 quam
3532 4205 3587 4247 ut
3613 4193 3781 4248 multa

2197 4293 2323 4363 justi
2352 4307 2480 4346 cura
2502 4299 2558 4344 et
2582 4290 2718 4342 ratio
2738 4288 2995 4342 habeatur
3022 4302 3052 4338 a
3075 4285 3436 4355 judicantibus
3470 4301 3483 4337 :
3512 4286 3638 4341 inde
3659 4286 3783 4341 illus

2201 4381 2426 4445 avertit,
2472 4375 2857 4448 propemodum
2901 4374 3087 4428 dicens
3131 4375 3298 4442 :Quo
3335 4376 3513 4445 pergis
3560 4385 3616 4431 et
3656 4374 3783 4445 quid

2204 4471 2371 4534 facis,
2424 4469 2605 4532 homo,
2638 4464 2977 4521 contrarium,
3007 4465 3213 4531 patiens
3250 4479 3435 4519 eorum
3477 4480 3595 4534 qua:
3638 4465 3787 4518 (tesi-

2204 4562 2360 4616 deras
2383 4601 2398 4626 ,
2427 4558 2479 4615 et
2500 4568 2557 4613 ut
2575 4558 2834 4627 justitiam
2855 4554 3178 4624 assequaris,
3203 4553 3271 4606 ad
3299 4554 3509 4624 iniquus
3537 4558 3787 4610 homines

2208 4665 2259 4708 te
2286 4651 2593 4707 convertis?
2622 4651 2684 4704 Et
2710 4650 2831 4718 quia
2861 4646 3038 4701 statim
3066 4646 3347 4700 molestum
3375 4644 3566 4701 fuisset
3595 4649 3789 4702 audire

2208 4758 2316 4798 non
2360 4742 2557 4812 judicio
2602 4737 3003 4809 disceptandum
3084 4750 3243 4801 esse,
3310 4750 3416 4790 non
3454 4737 3634 4790 statim
3690 4737 3794 4794 hoc

2210 4835 2455 4900 induxit,
2508 4834 2602 4889 sed
2682 4830 2983 4901 judicantes
3038 4828 3212 4883 solum
3268 4828 3530 4891 umtavit,
3585 4827 3654 4881 ah
3693 4841 3792 4881 ex-

2214 4928 2377 4982 ternis
2407 4928 2459 4981 in
2479 4922 2774 4979 Ecclesium
2800 4922 3055 4977 inducens
3076 4937 3171 4976 eos
3195 4918 3286 4990 qui
3308 4918 3583 4989 judicaudi
3613 4928 3784 4973 erant.

2212 5018 2414 5073 Deinde
2439 5016 2561 5085 quia
2589 5022 2897 5083 contemptu
2922 5015 3138 5084 dignum
3166 5010 3443 5066 videbatur
3467 5026 3606 5079 esse,
3640 5012 3792 5067 abiis

2211 5112 2301 5181 qui
2330 5110 2472 5164 intus
2498 5116 2650 5163 erant
2672 5105 2898 5175 judicari
2923 5146 2939 5171 ,
2967 5116 3023 5160 et
3053 5114 3181 5158 tunc
3211 5103 3441 5159 maxime
3474 5102 3620 5175 (non
3643 5103 3796 5159 enim

2212 5212 2366 5257 erant
2404 5200 2643 5255 fortassis
2680 5198 2853 5253 idonei
2896 5196 2962 5253 ad
2995 5210 3108 5253 rem
3156 5195 3549 5268 intelligendam
3577 5237 3594 5263 ,
3627 5208 3817 5265 neque

2216 5295 2349 5349 tales
2373 5292 2559 5362 quales
2598 5299 2751 5347 erant
2790 5290 2998 5345 externi
3038 5287 3280 5358 iudices,
3324 5289 3501 5359 legum
3546 5288 3703 5358 periti
3746 5299 3811 5341 et

2216 5386 2433 5452 diserti,
2461 5393 2647 5454 utpote
2670 5382 2759 5453 qui
2797 5396 2861 5439 ex
2895 5381 3118 5451 privatis
3157 5388 3214 5435 et
3243 5380 3474 5436 indoctis
3509 5380 3795 5451 quamplu-

2218 5478 2337 5533 rimi
2364 5477 2583 5544 essent)
2616 5488 2633 5530 :
2668 5474 2789 5529 vide
2818 5472 3089 5543 quomodo
3110 5471 3232 5529 illos
3260 5471 3363 5527 fide
3385 5472 3576 5543 dignos
3602 5472 3802 5538 faciat,

2219 5570 2448 5640 primum
2472 5575 2684 5622 sanctos
2705 5580 2919 5620 vocans.
2946 5563 3053 5619 Sed
3069 5564 3192 5635 quia
3214 5564 3315 5618 hoc
3337 5564 3461 5619 vite
3484 5562 3801 5633 puritatem,

2220 5658 2314 5715 sed
2369 5674 2473 5713 non
2517 5665 2820 5712 accuratam
2870 5654 3229 5725 cognitionem
3300 5651 3367 5706 ad
3426 5651 3749 5708 audiendum
3779 5688 3798 5713 ,

2225 5748 2638 5813 testiﬁcabatur;
2687 5744 2807 5801 vids
2852 5742 3123 5815 quomodo
3165 5742 3303 5797 hanc
3349 5757 3557 5814 quoque
3601 5747 3809 5811 partem
