  <div class='ocr_page' id='page_1' title='image "/cluster/home/n/w/nwhite01/storage/ocr_20150623/61/nnc1.0022379681/140.png"; bbox 0 0 4028 6208; ppageno 0'>
   <div class='ocr_carea' id='block_1_1' title="bbox 236 320 318 376">
    <p class='ocr_par' dir='ltr' id='par_1_1' title="bbox 236 320 318 376">
     <span class='ocr_line' id='line_1_1' title="bbox 236 320 318 376; baseline -0.012 -1"><span class='ocrx_word' id='word_1_1' title='bbox 236 320 318 376; x_wconf 66' lang='lat' dir='ltr'>NH</span> 
     </span>
    </p>
   </div>
   <div class='ocr_carea' id='block_1_2' title="bbox 230 422 1780 501">
    <p class='ocr_par' dir='ltr' id='par_1_2' title="bbox 230 422 1780 501">
     <span class='ocr_line' id='line_1_2' title="bbox 230 422 1780 501; baseline -0.005 -20"><span class='ocrx_word' id='word_1_2' title='bbox 230 431 339 483; x_wconf 76' lang='grc' dir='ltr'>Ὂτι</span> <span class='ocrx_word' id='word_1_3' title='bbox 365 432 479 483; x_wconf 80' lang='grc' dir='ltr'>ἐκεῖ</span> <span class='ocrx_word' id='word_1_4' title='bbox 516 429 613 501; x_wconf 76' lang='grc' dir='ltr'>μὲν</span> <span class='ocrx_word' id='word_1_5' title='bbox 646 424 1143 499; x_wconf 66' lang='grc' dir='ltr'>παραμυθήσασθαι</span> <span class='ocrx_word' id='word_1_6' title='bbox 1175 426 1447 491; x_wconf 86' lang='grc' dir='ltr'>ἐϐούλετο,</span> <span class='ocrx_word' id='word_1_7' title='bbox 1470 422 1698 478; x_wconf 81' lang='grc' dir='ltr'>ἐνταῦθα</span> <span class='ocrx_word' id='word_1_8' title='bbox 1724 422 1780 475; x_wconf 74' lang='grc' dir='ltr'>δὲ</span> 
     </span>
    </p>
   </div>
   <div class='ocr_carea' id='block_1_3' title="bbox 226 509 1779 585">
    <p class='ocr_par' dir='ltr' id='par_1_3' title="bbox 226 509 1779 585">
     <span class='ocr_line' id='line_1_3' title="bbox 226 509 1779 585; baseline -0.006 -14"><span class='ocrx_word' id='word_1_9' title='bbox 226 517 410 570; x_wconf 73' lang='grc' dir='ltr'>ούκίτι.</span> <span class='ocrx_word' id='word_1_10' title='bbox 434 518 508 569; x_wconf 72' lang='grc' dir='ltr'>Οὐ</span> <span class='ocrx_word' id='word_1_11' title='bbox 536 515 645 584; x_wconf 99' lang='lat'>7&amp;9</span> <span class='ocrx_word' id='word_1_12' title='bbox 672 515 736 568; x_wconf 72' lang='grc' dir='ltr'>τὸ</span> <span class='ocrx_word' id='word_1_13' title='bbox 757 515 1066 585; x_wconf 79' lang='grc' dir='ltr'>ἁμάρτημα</span> <span class='ocrx_word' id='word_1_14' title='bbox 1094 512 1327 568; x_wconf 87' lang='grc' dir='ltr'>ἐνταῦθα</span> <span class='ocrx_word' id='word_1_15' title='bbox 1356 515 1514 567; x_wconf 82' lang='grc' dir='ltr'>κάκεῖ</span> <span class='ocrx_word' id='word_1_16' title='bbox 1535 512 1596 564; x_wconf 79' lang='grc' dir='ltr'>τὸ</span> <span class='ocrx_word' id='word_1_17' title='bbox 1627 509 1779 573; x_wconf 76' lang='grc' dir='ltr'>αὐτὸ,</span> 
     </span>
    </p>
   </div>
   <div class='ocr_carea' id='block_1_4' title="bbox 227 598 1783 675">
    <p class='ocr_par' dir='ltr' id='par_1_4' title="bbox 227 598 1783 675">
     <span class='ocr_line' id='line_1_4' title="bbox 227 598 1783 675; baseline -0.005 -16"><span class='ocrx_word' id='word_1_18' title='bbox 227 604 331 659; x_wconf 79' lang='grc' dir='ltr'>ἀλλ’</span> <span class='ocrx_word' id='word_1_19' title='bbox 350 606 462 657; x_wconf 82' lang='grc' dir='ltr'>ἐκεί</span> <span class='ocrx_word' id='word_1_20' title='bbox 497 604 717 658; x_wconf 78' lang='grc' dir='ltr'>ἐλαττον</span> <span class='ocrx_word' id='word_1_21' title='bbox 747 619 761 634; x_wconf 96' lang='grc'>·</span> <span class='ocrx_word' id='word_1_22' title='bbox 802 601 1001 675; x_wconf 89' lang='grc' dir='ltr'>ἀργίαν</span> <span class='ocrx_word' id='word_1_23' title='bbox 1027 601 1138 673; x_wconf 86' lang='lat'>7&amp;9</span> <span class='ocrx_word' id='word_1_24' title='bbox 1171 600 1394 670; x_wconf 82' lang='grc' dir='ltr'>ἐγκαλεῖ</span> <span class='ocrx_word' id='word_1_25' title='bbox 1420 616 1433 629; x_wconf 90' lang='grc'>·</span> <span class='ocrx_word' id='word_1_26' title='bbox 1466 599 1700 654; x_wconf 88' lang='grc' dir='ltr'>ἐνταῦθα</span> <span class='ocrx_word' id='word_1_27' title='bbox 1725 598 1783 651; x_wconf 74' lang='grc' dir='ltr'>δὲ</span> 
     </span>
    </p>
   </div>
   <div class='ocr_carea' id='block_1_5' title="bbox 228 684 1783 761">
    <p class='ocr_par' dir='ltr' id='par_1_5' title="bbox 228 684 1783 761">
     <span class='ocr_line' id='line_1_5' title="bbox 228 684 1783 761; baseline -0.005 -16"><span class='ocrx_word' id='word_1_28' title='bbox 228 689 461 761; x_wconf 75' lang='grc' dir='ltr'>πορνείαν</span> <span class='ocrx_word' id='word_1_29' title='bbox 496 692 591 745; x_wconf 81' lang='grc' dir='ltr'>καὶ</span> <span class='ocrx_word' id='word_1_30' title='bbox 640 690 805 761; x_wconf 69' lang='grc' dir='ltr'>ἔτερα</span> <span class='ocrx_word' id='word_1_31' title='bbox 838 688 1199 760; x_wconf 76' lang='grc' dir='ltr'>χαλεπώτατα</span> <span class='ocrx_word' id='word_1_32' title='bbox 1240 688 1632 761; x_wconf 80' lang='grc' dir='ltr'>ἀμαρτήματα.</span> <span class='ocrx_word' id='word_1_33' title='bbox 1675 684 1783 739; x_wconf 79' lang='lat' dir='ltr'>Kal</span> 
     </span>
    </p>
   </div>
   <div class='ocr_carea' id='block_1_6' title="bbox 226 770 1782 849">
    <p class='ocr_par' dir='ltr' id='par_1_6' title="bbox 226 770 1782 849">
     <span class='ocr_line' id='line_1_6' title="bbox 226 770 1782 849; baseline -0.006 -19"><span class='ocrx_word' id='word_1_34' title='bbox 226 777 348 849; x_wconf 83' lang='grc' dir='ltr'>πρὸς</span> <span class='ocrx_word' id='word_1_35' title='bbox 370 776 638 847; x_wconf 83' lang='grc' dir='ltr'>Ἕλληνας</span> <span class='ocrx_word' id='word_1_36' title='bbox 663 776 767 846; x_wconf 69' lang='grc' dir='ltr'>μὲν</span> <span class='ocrx_word' id='word_1_37' title='bbox 785 777 835 829; x_wconf 88' lang='grc' dir='ltr'>εἰ</span> <span class='ocrx_word' id='word_1_38' title='bbox 864 773 1107 845; x_wconf 80' lang='grc' dir='ltr'>βούλοιτό</span> <span class='ocrx_word' id='word_1_39' title='bbox 1130 789 1215 838; x_wconf 88' lang='grc' dir='ltr'>τις</span> <span class='ocrx_word' id='word_1_40' title='bbox 1235 774 1474 832; x_wconf 80' lang='grc' dir='ltr'>ἀπιέναι,</span> <span class='ocrx_word' id='word_1_41' title='bbox 1498 772 1557 826; x_wconf 85' lang='grc' dir='ltr'>ού</span> <span class='ocrx_word' id='word_1_42' title='bbox 1583 770 1782 824; x_wconf 78' lang='grc' dir='ltr'>κωλύει</span> 
     </span>
    </p>
   </div>
   <div class='ocr_carea' id='block_1_7' title="bbox 225 857 1784 934">
    <p class='ocr_par' dir='ltr' id='par_1_7' title="bbox 225 857 1784 934">
     <span class='ocr_line' id='line_1_7' title="bbox 225 857 1784 934; baseline -0.004 -17"><span class='ocrx_word' id='word_1_43' title='bbox 225 864 527 928; x_wconf 83' lang='grc' dir='ltr'>συνεσθίειν,</span> <span class='ocrx_word' id='word_1_44' title='bbox 550 862 640 917; x_wconf 82' lang='grc' dir='ltr'>διὰ</span> <span class='ocrx_word' id='word_1_45' title='bbox 662 862 762 934; x_wconf 83' lang='grc' dir='ltr'>τὴν</span> <span class='ocrx_word' id='word_1_46' title='bbox 788 861 957 933; x_wconf 82' lang='grc' dir='ltr'>αὐτὴν</span> <span class='ocrx_word' id='word_1_47' title='bbox 982 861 1148 915; x_wconf 89' lang='grc' dir='ltr'>πάλιν</span> <span class='ocrx_word' id='word_1_48' title='bbox 1177 861 1377 915; x_wconf 87' lang='grc' dir='ltr'>αίτίαν.</span> <span class='ocrx_word' id='word_1_49' title='bbox 1411 858 1567 914; x_wconf 75' lang='grc' dir='ltr'>Οὕτω</span> <span class='ocrx_word' id='word_1_50' title='bbox 1591 858 1647 911; x_wconf 86' lang='grc' dir='ltr'>δέ</span> <span class='ocrx_word' id='word_1_51' title='bbox 1687 857 1784 911; x_wconf 82' lang='grc' dir='ltr'>καὶ</span> 
     </span>
    </p>
   </div>
   <div class='ocr_carea' id='block_1_8' title="bbox 222 946 1782 1025">
    <p class='ocr_par' dir='ltr' id='par_1_8' title="bbox 222 946 1782 1025">
     <span class='ocr_line' id='line_1_8' title="bbox 222 946 1782 1025; baseline -0.005 -19"><span class='ocrx_word' id='word_1_52' title='bbox 222 954 368 1025; x_wconf 65' lang='grc' dir='ltr'>ἡμεῖς</span> <span class='ocrx_word' id='word_1_53' title='bbox 410 952 692 1023; x_wconf 74' lang='grc' dir='ltr'>ποιοῦμεν,</span> <span class='ocrx_word' id='word_1_54' title='bbox 730 952 871 1023; x_wconf 76' lang='grc' dir='ltr'>ὑπὲρ</span> <span class='ocrx_word' id='word_1_55' title='bbox 905 952 1006 1023; x_wconf 87' lang='grc' dir='ltr'>μὲν</span> <span class='ocrx_word' id='word_1_56' title='bbox 1048 951 1157 1005; x_wconf 88' lang='grc' dir='ltr'>τῶν</span> <span class='ocrx_word' id='word_1_57' title='bbox 1185 949 1316 1003; x_wconf 87' lang='grc' dir='ltr'>υἰῶν</span> <span class='ocrx_word' id='word_1_58' title='bbox 1360 950 1589 1005; x_wconf 74' lang='grc' dir='ltr'>καὶτῶν</span> <span class='ocrx_word' id='word_1_59' title='bbox 1628 946 1782 1001; x_wconf 82' lang='grc' dir='ltr'>ἀδελ-</span> 
     </span>
    </p>
   </div>
   <div class='ocr_carea' id='block_1_9' title="bbox 224 1036 1782 1111">
    <p class='ocr_par' dir='ltr' id='par_1_9' title="bbox 224 1036 1782 1111">
     <span class='ocr_line' id='line_1_9' title="bbox 224 1036 1782 1111; baseline -0.004 -17"><span class='ocrx_word' id='word_1_60' title='bbox 224 1039 331 1111; x_wconf 79' lang='grc' dir='ltr'>φῶν</span> <span class='ocrx_word' id='word_1_61' title='bbox 358 1041 534 1095; x_wconf 87' lang='grc' dir='ltr'>πάντα</span> <span class='ocrx_word' id='word_1_62' title='bbox 562 1039 912 1111; x_wconf 83' lang='grc' dir='ltr'>πράττοντες,</span> <span class='ocrx_word' id='word_1_63' title='bbox 941 1040 1050 1094; x_wconf 91' lang='grc' dir='ltr'>τῶν</span> <span class='ocrx_word' id='word_1_64' title='bbox 1080 1038 1138 1091; x_wconf 77' lang='grc' dir='ltr'>δὲ</span> <span class='ocrx_word' id='word_1_65' title='bbox 1170 1036 1468 1110; x_wconf 76' lang='grc' dir='ltr'>ἀλλοτρίων</span> <span class='ocrx_word' id='word_1_66' title='bbox 1502 1036 1563 1090; x_wconf 78' lang='grc' dir='ltr'>οὐ</span> <span class='ocrx_word' id='word_1_67' title='bbox 1613 1036 1782 1089; x_wconf 78' lang='grc' dir='ltr'>πολὺν</span> 
     </span>
    </p>
   </div>
   <div class='ocr_carea' id='block_1_10' title="bbox 226 1121 1785 1199">
    <p class='ocr_par' dir='ltr' id='par_1_10' title="bbox 226 1121 1785 1199">
     <span class='ocr_line' id='line_1_10' title="bbox 226 1121 1785 1199; baseline -0.006 -16"><span class='ocrx_word' id='word_1_68' title='bbox 226 1126 511 1199; x_wconf 78' lang='grc' dir='ltr'>ποιούμεθα</span> <span class='ocrx_word' id='word_1_69' title='bbox 535 1127 713 1197; x_wconf 84' lang='grc' dir='ltr'>λόγον.</span> <span class='ocrx_word' id='word_1_70' title='bbox 743 1126 810 1182; x_wconf 89' lang='grc' dir='ltr'>Τί</span> <span class='ocrx_word' id='word_1_71' title='bbox 855 1123 984 1193; x_wconf 84' lang='grc' dir='ltr'>οῦν;</span> <span class='ocrx_word' id='word_1_72' title='bbox 1020 1126 1121 1181; x_wconf 83' lang='grc' dir='ltr'>οὐκ</span> <span class='ocrx_word' id='word_1_73' title='bbox 1155 1126 1381 1197; x_wconf 79' lang='grc' dir='ltr'>ἐκήδετο</span> <span class='ocrx_word' id='word_1_74' title='bbox 1405 1124 1500 1178; x_wconf 68' lang='grc' dir='ltr'>καὶ</span> <span class='ocrx_word' id='word_1_75' title='bbox 1526 1123 1635 1177; x_wconf 88' lang='grc' dir='ltr'>τῶν</span> <span class='ocrx_word' id='word_1_76' title='bbox 1657 1121 1785 1187; x_wconf 76' lang='grc' dir='ltr'>ἔξω·</span> 
     </span>
    </p>
   </div>
   <div class='ocr_carea' id='block_1_11' title="bbox 224 1209 1783 1286">
    <p class='ocr_par' dir='ltr' id='par_1_11' title="bbox 224 1209 1783 1286">
     <span class='ocr_line' id='line_1_11' title="bbox 224 1209 1783 1286; baseline -0.003 -18"><span class='ocrx_word' id='word_1_77' title='bbox 224 1214 308 1269; x_wconf 92' lang='grc' dir='ltr'>θεν</span> <span class='ocrx_word' id='word_1_78' title='bbox 331 1213 567 1281; x_wconf 81' lang='grc' dir='ltr'>Παῦλος;</span> <span class='ocrx_word' id='word_1_79' title='bbox 607 1214 862 1286; x_wconf 73' lang='grc' dir='ltr'>Ἐκήδετο</span> <span class='ocrx_word' id='word_1_80' title='bbox 892 1213 1015 1286; x_wconf 84' lang='grc' dir='ltr'>μέν,</span> <span class='ocrx_word' id='word_1_81' title='bbox 1038 1212 1177 1270; x_wconf 88' lang='grc' dir='ltr'>ἀλλά</span> <span class='ocrx_word' id='word_1_82' title='bbox 1203 1211 1343 1283; x_wconf 88' lang='grc' dir='ltr'>μετά</span> <span class='ocrx_word' id='word_1_83' title='bbox 1363 1211 1425 1265; x_wconf 75' lang='grc' dir='ltr'>τὸ</span> <span class='ocrx_word' id='word_1_84' title='bbox 1446 1210 1699 1277; x_wconf 77' lang='grc' dir='ltr'>δέξασθαι</span> <span class='ocrx_word' id='word_1_85' title='bbox 1722 1209 1783 1263; x_wconf 77' lang='grc' dir='ltr'>τὸ</span> 
     </span>
    </p>
   </div>
   <div class='ocr_carea' id='block_1_12' title="bbox 224 1295 1781 1375">
    <p class='ocr_par' dir='ltr' id='par_1_12' title="bbox 224 1295 1781 1375">
     <span class='ocr_line' id='line_1_12' title="bbox 224 1295 1781 1375; baseline -0.004 -19"><span class='ocrx_word' id='word_1_86' title='bbox 224 1304 469 1375; x_wconf 82' lang='grc' dir='ltr'>κήρυγμα</span> <span class='ocrx_word' id='word_1_87' title='bbox 504 1303 596 1357; x_wconf 73' lang='grc' dir='ltr'>καὶ</span> <span class='ocrx_word' id='word_1_88' title='bbox 622 1302 955 1367; x_wconf 73' lang='grc' dir='ltr'>ὑπευθύνους</span> <span class='ocrx_word' id='word_1_89' title='bbox 1001 1302 1225 1372; x_wconf 83' lang='grc' dir='ltr'>ποιῆσαι</span> <span class='ocrx_word' id='word_1_90' title='bbox 1251 1303 1318 1371; x_wconf 75' lang='grc' dir='ltr'>τῇ</span> <span class='ocrx_word' id='word_1_91' title='bbox 1345 1300 1662 1369; x_wconf 74' lang='grc' dir='ltr'>διδασκαλία</span> <span class='ocrx_word' id='word_1_92' title='bbox 1686 1295 1781 1351; x_wconf 83' lang='grc' dir='ltr'>τοῦ</span> 
     </span>
    </p>
   </div>
   <div class='ocr_carea' id='block_1_13' title="bbox 224 1386 1782 1461">
    <p class='ocr_par' dir='ltr' id='par_1_13' title="bbox 224 1386 1782 1461">
     <span class='ocr_line' id='line_1_13' title="bbox 224 1386 1782 1461; baseline -0.003 -17"><span class='ocrx_word' id='word_1_93' title='bbox 224 1389 447 1461; x_wconf 77' lang='grc' dir='ltr'>Χριστοῦ</span> <span class='ocrx_word' id='word_1_94' title='bbox 482 1429 496 1455; x_wconf 94' lang='grc'>,</span> <span class='ocrx_word' id='word_1_95' title='bbox 524 1390 646 1444; x_wconf 89' lang='grc' dir='ltr'>τότε</span> <span class='ocrx_word' id='word_1_96' title='bbox 676 1390 861 1453; x_wconf 82' lang='grc' dir='ltr'>αὐτοῖς</span> <span class='ocrx_word' id='word_1_97' title='bbox 907 1387 1216 1460; x_wconf 74' lang='grc' dir='ltr'>ἐνομοθέτει</span> <span class='ocrx_word' id='word_1_98' title='bbox 1243 1405 1257 1419; x_wconf 95' lang='grc'>·</span> <span class='ocrx_word' id='word_1_99' title='bbox 1296 1387 1403 1452; x_wconf 84' lang='grc' dir='ltr'>ἐως</span> <span class='ocrx_word' id='word_1_100' title='bbox 1438 1386 1497 1440; x_wconf 82' lang='grc' dir='ltr'>δὲ</span> <span class='ocrx_word' id='word_1_101' title='bbox 1529 1387 1616 1441; x_wconf 83' lang='grc' dir='ltr'>ὅτε</span> <span class='ocrx_word' id='word_1_102' title='bbox 1646 1403 1782 1440; x_wconf 89' lang='grc' dir='ltr'>κατ-</span> 
     </span>
    </p>
   </div>
   <div class='ocr_carea' id='block_1_14' title="bbox 224 1472 1782 1550">
    <p class='ocr_par' dir='ltr' id='par_1_14' title="bbox 224 1472 1782 1550">
     <span class='ocr_line' id='line_1_14' title="bbox 224 1472 1782 1550; baseline -0.003 -17"><span class='ocrx_word' id='word_1_103' title='bbox 224 1479 493 1550; x_wconf 85' lang='grc' dir='ltr'>εφρόνουν,</span> <span class='ocrx_word' id='word_1_104' title='bbox 536 1478 787 1549; x_wconf 81' lang='grc' dir='ltr'>περιττὸν</span> <span class='ocrx_word' id='word_1_105' title='bbox 824 1472 890 1548; x_wconf 77' lang='grc' dir='ltr'>ἦν</span> <span class='ocrx_word' id='word_1_106' title='bbox 910 1474 980 1530; x_wconf 84' lang='grc' dir='ltr'>τὰ</span> <span class='ocrx_word' id='word_1_107' title='bbox 1004 1476 1403 1547; x_wconf 79' lang='grc' dir='ltr'>προστάγματα</span> <span class='ocrx_word' id='word_1_108' title='bbox 1422 1474 1515 1529; x_wconf 90' lang='grc' dir='ltr'>τοῦ</span> <span class='ocrx_word' id='word_1_109' title='bbox 1544 1474 1782 1546; x_wconf 80' lang='grc' dir='ltr'>Χριστοῦ</span> 
     </span>
    </p>
   </div>
   <div class='ocr_carea' id='block_1_15' title="bbox 222 1562 1784 1635">
    <p class='ocr_par' dir='ltr' id='par_1_15' title="bbox 222 1562 1784 1635">
     <span class='ocr_line' id='line_1_15' title="bbox 222 1562 1784 1635; baseline -0.002 -17"><span class='ocrx_word' id='word_1_110' title='bbox 222 1565 387 1635; x_wconf 79' lang='grc' dir='ltr'>λέγειν</span> <span class='ocrx_word' id='word_1_111' title='bbox 412 1569 523 1629; x_wconf 82' lang='grc' dir='ltr'>τοῖς</span> <span class='ocrx_word' id='word_1_112' title='bbox 544 1565 707 1619; x_wconf 77' lang='grc' dir='ltr'>αὐτὸν</span> <span class='ocrx_word' id='word_1_113' title='bbox 732 1564 833 1618; x_wconf 84' lang='grc' dir='ltr'>οὐκ</span> <span class='ocrx_word' id='word_1_114' title='bbox 857 1563 1023 1617; x_wconf 88' lang='grc' dir='ltr'>εἰδόσι</span> <span class='ocrx_word' id='word_1_115' title='bbox 1055 1562 1148 1617; x_wconf 80' lang='grc' dir='ltr'>τὸν</span> <span class='ocrx_word' id='word_1_116' title='bbox 1179 1563 1435 1634; x_wconf 82' lang='grc' dir='ltr'>Χριστόν.</span> <span class='ocrx_word' id='word_1_117' title='bbox 1463 1564 1610 1631; x_wconf 74' lang='grc' dir='ltr'>Οὐχί</span> <span class='ocrx_word' id='word_1_118' title='bbox 1639 1562 1784 1628; x_wconf 83' lang='grc' dir='ltr'>τοὺς</span> 
     </span>
    </p>
   </div>
   <div class='ocr_carea' id='block_1_16' title="bbox 215 1648 1781 1721">
    <p class='ocr_par' dir='ltr' id='par_1_16' title="bbox 215 1648 1781 1721">
     <span class='ocr_line' id='line_1_16' title="bbox 215 1648 1781 1721; baseline -0.002 -14"><span class='ocrx_word' id='word_1_119' title='bbox 215 1652 333 1707; x_wconf 61' lang='grc' dir='ltr'>ἔσω</span> <span class='ocrx_word' id='word_1_120' title='bbox 368 1650 533 1721; x_wconf 81' lang='grc' dir='ltr'>ὑμεῖς</span> <span class='ocrx_word' id='word_1_121' title='bbox 568 1652 833 1717; x_wconf 68' lang='grc' dir='ltr'>κρίνετες</span> <span class='ocrx_word' id='word_1_122' title='bbox 873 1650 1014 1717; x_wconf 80' lang='grc' dir='ltr'>τοὺς</span> <span class='ocrx_word' id='word_1_123' title='bbox 1066 1649 1137 1704; x_wconf 80' lang='grc' dir='ltr'>δὲ</span> <span class='ocrx_word' id='word_1_124' title='bbox 1172 1650 1288 1714; x_wconf 74' lang='grc' dir='ltr'>ἔξω</span> <span class='ocrx_word' id='word_1_125' title='bbox 1330 1653 1363 1704; x_wconf 88' lang='lat' dir='ltr'><strong>d</strong></span> <span class='ocrx_word' id='word_1_126' title='bbox 1392 1650 1537 1715; x_wconf 81' lang='grc' dir='ltr'>Θεὸς</span> <span class='ocrx_word' id='word_1_127' title='bbox 1574 1648 1781 1718; x_wconf 76' lang='grc' dir='ltr'>κρινεῖ.</span> 
     </span>
    </p>
   </div>
   <div class='ocr_carea' id='block_1_17' title="bbox 229 1732 1782 1809">
    <p class='ocr_par' dir='ltr' id='par_1_17' title="bbox 229 1732 1782 1809">
     <span class='ocr_line' id='line_1_17' title="bbox 229 1732 1782 1809; baseline -0.001 -18"><span class='ocrx_word' id='word_1_128' title='bbox 229 1738 438 1809; x_wconf 81' lang='grc' dir='ltr'>Ἐπειδὴ</span> <span class='ocrx_word' id='word_1_129' title='bbox 467 1736 573 1809; x_wconf 90' lang='lat'>7&amp;9</span> <span class='ocrx_word' id='word_1_130' title='bbox 610 1732 753 1804; x_wconf 77' lang='grc' dir='ltr'>εἷπε,</span> <span class='ocrx_word' id='word_1_131' title='bbox 782 1739 842 1793; x_wconf 85' lang='grc' dir='ltr'>Τί</span> <span class='ocrx_word' id='word_1_132' title='bbox 858 1756 963 1809; x_wconf 81' lang='grc' dir='ltr'>μοι</span> <span class='ocrx_word' id='word_1_133' title='bbox 990 1737 1134 1804; x_wconf 80' lang='grc' dir='ltr'>τοὺς</span> <span class='ocrx_word' id='word_1_134' title='bbox 1156 1736 1274 1801; x_wconf 78' lang='grc' dir='ltr'>ἔξω</span> <span class='ocrx_word' id='word_1_135' title='bbox 1298 1736 1529 1805; x_wconf 79' lang='grc' dir='ltr'>κρίνειν</span> <span class='ocrx_word' id='word_1_136' title='bbox 1547 1753 1567 1801; x_wconf 90' lang='grc'><strong><em>;</em></strong></span> <span class='ocrx_word' id='word_1_137' title='bbox 1587 1738 1674 1790; x_wconf 85' lang='grc' dir='ltr'>ἴνα</span> <span class='ocrx_word' id='word_1_138' title='bbox 1707 1738 1782 1808; x_wconf 82' lang='grc' dir='ltr'>μή</span> 
     </span>
    </p>
   </div>
   <div class='ocr_carea' id='block_1_18' title="bbox 217 1821 1785 1899">
    <p class='ocr_par' dir='ltr' id='par_1_18' title="bbox 217 1821 1785 1899">
     <span class='ocr_line' id='line_1_18' title="bbox 217 1821 1785 1899; baseline -0.002 -19"><span class='ocrx_word' id='word_1_139' title='bbox 217 1842 300 1890; x_wconf 90' lang='grc' dir='ltr'>τις</span> <span class='ocrx_word' id='word_1_140' title='bbox 317 1826 513 1899; x_wconf 76' lang='grc' dir='ltr'>νομίσῃ</span> <span class='ocrx_word' id='word_1_141' title='bbox 543 1826 924 1897; x_wconf 80' lang='grc' dir='ltr'>ἀτιμωρήτους</span> <span class='ocrx_word' id='word_1_142' title='bbox 952 1823 1175 1887; x_wconf 80' lang='grc' dir='ltr'>τούτους</span> <span class='ocrx_word' id='word_1_143' title='bbox 1194 1821 1476 1893; x_wconf 75' lang='grc' dir='ltr'>ἀφίεσθαι,</span> <span class='ocrx_word' id='word_1_144' title='bbox 1505 1822 1691 1895; x_wconf 69' lang='grc' dir='ltr'>ἕτερον</span> <span class='ocrx_word' id='word_1_145' title='bbox 1707 1824 1785 1877; x_wconf 81' lang='grc' dir='ltr'>δι-</span> 
     </span>
    </p>
   </div>
   <div class='ocr_carea' id='block_1_19' title="bbox 218 1906 1782 1985">
    <p class='ocr_par' dir='ltr' id='par_1_19' title="bbox 218 1906 1782 1985">
     <span class='ocr_line' id='line_1_19' title="bbox 218 1906 1782 1985; baseline -0.001 -18"><span class='ocrx_word' id='word_1_146' title='bbox 218 1914 505 1985; x_wconf 78' lang='grc' dir='ltr'>καστήριον</span> <span class='ocrx_word' id='word_1_147' title='bbox 533 1912 814 1982; x_wconf 89' lang='grc' dir='ltr'>ἐφίστησιν</span> <span class='ocrx_word' id='word_1_148' title='bbox 847 1912 1030 1974; x_wconf 74' lang='grc' dir='ltr'>αὐτοῖς</span> <span class='ocrx_word' id='word_1_149' title='bbox 1050 1911 1299 1982; x_wconf 89' lang='grc' dir='ltr'>φοϐερόν.</span> <span class='ocrx_word' id='word_1_150' title='bbox 1328 1908 1500 1965; x_wconf 91' lang='grc' dir='ltr'>Τοῦτο</span> <span class='ocrx_word' id='word_1_151' title='bbox 1529 1911 1586 1965; x_wconf 87' lang='grc' dir='ltr'>δέ</span> <span class='ocrx_word' id='word_1_152' title='bbox 1607 1906 1782 1979; x_wconf 71' lang='grc' dir='ltr'>εἶπεν,</span> 
     </span>
    </p>
   </div>
   <div class='ocr_carea' id='block_1_20' title="bbox 214 1996 1787 2073">
    <p class='ocr_par' dir='ltr' id='par_1_20' title="bbox 214 1996 1787 2073">
     <span class='ocr_line' id='line_1_20' title="bbox 214 1996 1787 2073; baseline -0.003 -17"><span class='ocrx_word' id='word_1_153' title='bbox 214 2000 346 2073; x_wconf 84' lang='grc' dir='ltr'>ὁμοῦ</span> <span class='ocrx_word' id='word_1_154' title='bbox 379 2001 477 2068; x_wconf 77' lang='grc' dir='ltr'>μὲν</span> <span class='ocrx_word' id='word_1_155' title='bbox 510 2001 749 2063; x_wconf 75' lang='grc' dir='ltr'>ἐκείνους</span> <span class='ocrx_word' id='word_1_156' title='bbox 779 1999 977 2069; x_wconf 76' lang='grc' dir='ltr'>φοϐῶν,</span> <span class='ocrx_word' id='word_1_157' title='bbox 1017 1997 1152 2069; x_wconf 75' lang='grc' dir='ltr'>ὁμοῦ</span> <span class='ocrx_word' id='word_1_158' title='bbox 1182 1998 1238 2051; x_wconf 74' lang='grc' dir='ltr'>δέ</span> <span class='ocrx_word' id='word_1_159' title='bbox 1274 1996 1497 2061; x_wconf 81' lang='grc' dir='ltr'>τούτους</span> <span class='ocrx_word' id='word_1_160' title='bbox 1529 2015 1787 2070; x_wconf 76' lang='grc' dir='ltr'>παραμυ-</span> 
     </span>
    </p>
   </div>
   <div class='ocr_carea' id='block_1_21' title="bbox 215 2083 1784 2160">
    <p class='ocr_par' dir='ltr' id='par_1_21' title="bbox 215 2083 1784 2160">
     <span class='ocr_line' id='line_1_21' title="bbox 215 2083 1784 2160; baseline -0.003 -17"><span class='ocrx_word' id='word_1_161' title='bbox 215 2090 490 2160; x_wconf 86' lang='grc' dir='ltr'>θούμενος,</span> <span class='ocrx_word' id='word_1_162' title='bbox 524 2089 616 2141; x_wconf 75' lang='grc' dir='ltr'>καὶ</span> <span class='ocrx_word' id='word_1_163' title='bbox 654 2088 864 2151; x_wconf 75' lang='grc' dir='ltr'>δεικνὺς</span> <span class='ocrx_word' id='word_1_164' title='bbox 905 2088 986 2139; x_wconf 84' lang='grc' dir='ltr'>ὅτι</span> <span class='ocrx_word' id='word_1_165' title='bbox 1025 2086 1058 2155; x_wconf 76' lang='grc' dir='ltr'><strong>ἡ</strong></span> <span class='ocrx_word' id='word_1_166' title='bbox 1100 2084 1319 2151; x_wconf 88' lang='grc' dir='ltr'>κόλασις</span> <span class='ocrx_word' id='word_1_167' title='bbox 1362 2083 1500 2157; x_wconf 86' lang='grc' dir='ltr'>αῦτη</span> <span class='ocrx_word' id='word_1_168' title='bbox 1537 2087 1569 2156; x_wconf 80' lang='grc' dir='ltr'>ἡ</span> <span class='ocrx_word' id='word_1_169' title='bbox 1612 2087 1784 2158; x_wconf 87' lang='grc' dir='ltr'>πρόσ-</span> 
     </span>
    </p>
   </div>
   <div class='ocr_carea' id='block_1_22' title="bbox 214 2171 1787 2249">
    <p class='ocr_par' dir='ltr' id='par_1_22' title="bbox 214 2171 1787 2249">
     <span class='ocr_line' id='line_1_22' title="bbox 214 2171 1787 2249; baseline -0.003 -17"><span class='ocrx_word' id='word_1_170' title='bbox 214 2195 421 2249; x_wconf 75' lang='grc' dir='ltr'>καιρος,</span> <span class='ocrx_word' id='word_1_171' title='bbox 440 2182 539 2247; x_wconf 76' lang='grc' dir='ltr'>τῆς</span> <span class='ocrx_word' id='word_1_172' title='bbox 562 2175 832 2230; x_wconf 82' lang='grc' dir='ltr'>ἀθανάτου</span> <span class='ocrx_word' id='word_1_173' title='bbox 850 2174 944 2228; x_wconf 75' lang='grc' dir='ltr'>καὶ</span> <span class='ocrx_word' id='word_1_174' title='bbox 976 2172 1256 2243; x_wconf 83' lang='grc' dir='ltr'>διηνεκοῦς</span> <span class='ocrx_word' id='word_1_175' title='bbox 1288 2171 1609 2244; x_wconf 81' lang='grc' dir='ltr'>ἐξαρπάζει·</span> <span class='ocrx_word' id='word_1_176' title='bbox 1639 2174 1667 2227; x_wconf 84' lang='grc' dir='ltr'><strong>ὂ</strong></span> <span class='ocrx_word' id='word_1_177' title='bbox 1693 2175 1787 2228; x_wconf 72' lang='grc' dir='ltr'>καὶ</span> 
     </span>
    </p>
   </div>
   <div class='ocr_carea' id='block_1_23' title="bbox 212 2262 1784 2337">
    <p class='ocr_par' dir='ltr' id='par_1_23' title="bbox 212 2262 1784 2337">
     <span class='ocr_line' id='line_1_23' title="bbox 212 2262 1784 2337; baseline -0.002 -17"><span class='ocrx_word' id='word_1_178' title='bbox 212 2266 443 2337; x_wconf 76' lang='grc' dir='ltr'>ἀλλαχοῦ</span> <span class='ocrx_word' id='word_1_179' title='bbox 490 2266 661 2336; x_wconf 82' lang='grc' dir='ltr'>δηλῶν</span> <span class='ocrx_word' id='word_1_180' title='bbox 708 2265 859 2334; x_wconf 82' lang='grc' dir='ltr'>ἐλεγε</span> <span class='ocrx_word' id='word_1_181' title='bbox 877 2280 891 2295; x_wconf 94' lang='grc'>·</span> <span class='ocrx_word' id='word_1_182' title='bbox 937 2262 1089 2318; x_wconf 78' lang='grc' dir='ltr'>Νυνὶ</span> <span class='ocrx_word' id='word_1_183' title='bbox 1133 2262 1200 2315; x_wconf 74' lang='grc' dir='ltr'>δὲ</span> <span class='ocrx_word' id='word_1_184' title='bbox 1249 2264 1606 2331; x_wconf 75' lang='grc' dir='ltr'>κρινόμενοι,</span> <span class='ocrx_word' id='word_1_185' title='bbox 1646 2279 1784 2317; x_wconf 82' lang='grc' dir='ltr'>παι-</span> 
     </span>
    </p>
   </div>
   <div class='ocr_carea' id='block_1_24' title="bbox 212 2348 1784 2425">
    <p class='ocr_par' dir='ltr' id='par_1_24' title="bbox 212 2348 1784 2425">
     <span class='ocr_line' id='line_1_24' title="bbox 212 2348 1784 2425; baseline -0.003 -18"><span class='ocrx_word' id='word_1_186' title='bbox 212 2355 520 2425; x_wconf 66' lang='grc' dir='ltr'>δανόμεθα,</span> <span class='ocrx_word' id='word_1_187' title='bbox 552 2354 654 2408; x_wconf 77' lang='grc' dir='ltr'>ἵνα</span> <span class='ocrx_word' id='word_1_188' title='bbox 692 2352 779 2423; x_wconf 81' lang='grc' dir='ltr'>μὴ</span> <span class='ocrx_word' id='word_1_189' title='bbox 810 2352 940 2406; x_wconf 81' lang='grc' dir='ltr'>σὺν</span> <span class='ocrx_word' id='word_1_190' title='bbox 966 2350 1046 2417; x_wconf 84' lang='grc' dir='ltr'>τῷ</span> <span class='ocrx_word' id='word_1_191' title='bbox 1074 2353 1281 2420; x_wconf 80' lang='grc' dir='ltr'>κόσμῳ</span> <span class='ocrx_word' id='word_1_192' title='bbox 1320 2348 1784 2420; x_wconf 67' lang='grc' dir='ltr'>κατακριθῶμεν·</span> 
     </span>
    </p>
   </div>
   <div class='ocr_carea' id='block_1_25' title="bbox 214 2436 1641 2523">
    <p class='ocr_par' dir='ltr' id='par_1_25' title="bbox 214 2436 1641 2523">
     <span class='ocr_line' id='line_1_25' title="bbox 214 2436 1641 2523; baseline -0.002 -25"><span class='ocrx_word' id='word_1_193' title='bbox 214 2445 327 2508; x_wconf 76' lang='grc' dir='ltr'>καὶ,</span> <span class='ocrx_word' id='word_1_194' title='bbox 362 2441 658 2523; x_wconf 77' lang='grc' dir='ltr'>Ἐξᾳρεῒτε</span> <span class='ocrx_word' id='word_1_195' title='bbox 690 2442 796 2497; x_wconf 83' lang='grc' dir='ltr'>τὸν</span> <span class='ocrx_word' id='word_1_196' title='bbox 830 2440 1101 2509; x_wconf 77' lang='grc' dir='ltr'>πονηρὸν</span> <span class='ocrx_word' id='word_1_197' title='bbox 1126 2439 1195 2504; x_wconf 77' lang='grc' dir='ltr'>ἐξ</span> <span class='ocrx_word' id='word_1_198' title='bbox 1231 2436 1403 2509; x_wconf 78' lang='grc' dir='ltr'>ὑμῶν</span> <span class='ocrx_word' id='word_1_199' title='bbox 1420 2436 1641 2495; x_wconf 79' lang='grc' dir='ltr'>αὐτῶν.</span> 
     </span>
    </p>
   </div>
   <div class='ocr_carea' id='block_1_26' title="bbox 283 2611 1786 2691">
    <p class='ocr_par' dir='ltr' id='par_1_26' title="bbox 283 2611 1786 2691">
     <span class='ocr_line' id='line_1_26' title="bbox 283 2611 1786 2691; baseline -0.005 -18"><span class='ocrx_word' id='word_1_200' title='bbox 283 2620 352 2691; x_wconf 76' lang='grc' dir='ltr'>β’.</span> <span class='ocrx_word' id='word_1_201' title='bbox 396 2620 798 2690; x_wconf 81' lang='grc' dir='ltr'>Ἐμνημόνευσε</span> <span class='ocrx_word' id='word_1_202' title='bbox 828 2619 1036 2689; x_wconf 78' lang='grc' dir='ltr'>ρήπως</span> <span class='ocrx_word' id='word_1_203' title='bbox 1061 2617 1119 2669; x_wconf 90' lang='grc' dir='ltr'>ἐν</span> <span class='ocrx_word' id='word_1_204' title='bbox 1140 2617 1206 2686; x_wconf 76' lang='grc' dir='ltr'>τῇ</span> <span class='ocrx_word' id='word_1_205' title='bbox 1242 2613 1455 2684; x_wconf 78' lang='grc' dir='ltr'>Παλαιᾷ</span> <span class='ocrx_word' id='word_1_206' title='bbox 1503 2611 1786 2684; x_wconf 74' lang='grc' dir='ltr'>κειμένης,</span> 
     </span>
    </p>
   </div>
   <div class='ocr_carea' id='block_1_27' title="bbox 210 2698 1791 2780">
    <p class='ocr_par' dir='ltr' id='par_1_27' title="bbox 210 2698 1791 2780">
     <span class='ocr_line' id='line_1_27' title="bbox 210 2698 1791 2780; baseline -0.007 -18"><span class='ocrx_word' id='word_1_207' title='bbox 210 2708 350 2780; x_wconf 74' lang='grc' dir='ltr'>ὁμοῦ</span> <span class='ocrx_word' id='word_1_208' title='bbox 381 2707 479 2777; x_wconf 79' lang='grc' dir='ltr'>μὲν</span> <span class='ocrx_word' id='word_1_209' title='bbox 516 2705 748 2766; x_wconf 78' lang='grc' dir='ltr'>δεικνὺς,</span> <span class='ocrx_word' id='word_1_210' title='bbox 783 2706 865 2757; x_wconf 86' lang='grc' dir='ltr'>ὅτι</span> <span class='ocrx_word' id='word_1_211' title='bbox 913 2703 1008 2757; x_wconf 75' lang='grc' dir='ltr'>καὶ</span> <span class='ocrx_word' id='word_1_212' title='bbox 1040 2702 1198 2754; x_wconf 77' lang='grc' dir='ltr'>αὐτοὶ</span> <span class='ocrx_word' id='word_1_213' title='bbox 1226 2701 1295 2753; x_wconf 82' lang='grc' dir='ltr'>τά</span> <span class='ocrx_word' id='word_1_214' title='bbox 1332 2699 1565 2769; x_wconf 85' lang='grc' dir='ltr'>μέγιστα</span> <span class='ocrx_word' id='word_1_215' title='bbox 1592 2698 1791 2767; x_wconf 84' lang='grc' dir='ltr'>κερδα-</span> 
     </span>
    </p>
   </div>
   <div class='ocr_carea' id='block_1_28' title="bbox 211 2784 1787 2869">
    <p class='ocr_par' dir='ltr' id='par_1_28' title="bbox 211 2784 1787 2869">
     <span class='ocr_line' id='line_1_28' title="bbox 211 2784 1787 2869; baseline -0.008 -20"><span class='ocrx_word' id='word_1_216' title='bbox 211 2794 417 2857; x_wconf 87' lang='grc' dir='ltr'>νοῦσιν,</span> <span class='ocrx_word' id='word_1_217' title='bbox 447 2792 636 2869; x_wconf 82' lang='grc' dir='ltr'>ῶσπερ</span> <span class='ocrx_word' id='word_1_218' title='bbox 686 2789 875 2859; x_wconf 88' lang='grc' dir='ltr'>λοιμοῦ</span> <span class='ocrx_word' id='word_1_219' title='bbox 907 2805 1051 2852; x_wconf 87' lang='grc' dir='ltr'>τινος</span> <span class='ocrx_word' id='word_1_220' title='bbox 1080 2785 1490 2855; x_wconf 80' lang='grc' dir='ltr'>ἀπαλλαγέντες</span> <span class='ocrx_word' id='word_1_221' title='bbox 1522 2784 1787 2855; x_wconf 84' lang='grc' dir='ltr'>χαλεποῦ,</span> 
     </span>
    </p>
   </div>
   <div class='ocr_carea' id='block_1_29' title="bbox 215 2872 1790 2957">
    <p class='ocr_par' dir='ltr' id='par_1_29' title="bbox 215 2872 1790 2957">
     <span class='ocr_line' id='line_1_29' title="bbox 215 2872 1790 2957; baseline -0.008 -20"><span class='ocrx_word' id='word_1_222' title='bbox 215 2880 367 2957; x_wconf 75' lang='grc'>[156]</span> <span class='ocrx_word' id='word_1_223' title='bbox 410 2880 547 2951; x_wconf 76' lang='grc' dir='ltr'>ἐμοῦ</span> <span class='ocrx_word' id='word_1_224' title='bbox 585 2880 642 2933; x_wconf 81' lang='grc' dir='ltr'>δὲ</span> <span class='ocrx_word' id='word_1_225' title='bbox 672 2878 871 2949; x_wconf 89' lang='grc' dir='ltr'>δηλῶν,</span> <span class='ocrx_word' id='word_1_226' title='bbox 901 2877 984 2930; x_wconf 84' lang='grc' dir='ltr'>ὅτι</span> <span class='ocrx_word' id='word_1_227' title='bbox 1020 2877 1083 2930; x_wconf 85' lang='grc' dir='ltr'>ού</span> <span class='ocrx_word' id='word_1_228' title='bbox 1138 2874 1464 2945; x_wconf 79' lang='grc' dir='ltr'>καινοτομία</span> <span class='ocrx_word' id='word_1_229' title='bbox 1510 2873 1572 2926; x_wconf 82' lang='grc' dir='ltr'>τὸ</span> <span class='ocrx_word' id='word_1_230' title='bbox 1609 2872 1790 2927; x_wconf 84' lang='grc' dir='ltr'>τοιοῦ-</span> 
     </span>
    </p>
   </div>
   <div class='ocr_carea' id='block_1_30' title="bbox 210 2958 1793 3033">
    <p class='ocr_par' dir='ltr' id='par_1_30' title="bbox 210 2958 1793 3033">
     <span class='ocr_line' id='line_1_30' title="bbox 210 2958 1793 3033; baseline -0.007 -9"><span class='ocrx_word' id='word_1_231' title='bbox 210 2988 326 3033; x_wconf 88' lang='grc' dir='ltr'>τον,</span> <span class='ocrx_word' id='word_1_232' title='bbox 354 2969 489 3023; x_wconf 86' lang='grc' dir='ltr'>ἀλλά</span> <span class='ocrx_word' id='word_1_233' title='bbox 517 2968 614 3021; x_wconf 78' lang='grc' dir='ltr'>καὶ</span> <span class='ocrx_word' id='word_1_234' title='bbox 645 2965 852 3021; x_wconf 84' lang='grc' dir='ltr'>ἀνωθεν</span> <span class='ocrx_word' id='word_1_235' title='bbox 885 2965 1062 3019; x_wconf 88' lang='grc' dir='ltr'>ἐδόκει</span> <span class='ocrx_word' id='word_1_236' title='bbox 1090 2962 1251 3017; x_wconf 89' lang='grc' dir='ltr'>τοῦτο</span> <span class='ocrx_word' id='word_1_237' title='bbox 1273 2961 1351 3032; x_wconf 86' lang='grc' dir='ltr'>τῷ</span> <span class='ocrx_word' id='word_1_238' title='bbox 1376 2958 1643 3031; x_wconf 80' lang='grc' dir='ltr'>νομοθέτῃ</span> <span class='ocrx_word' id='word_1_239' title='bbox 1664 2961 1793 3023; x_wconf 76' lang='grc' dir='ltr'>τοὺς</span> 
     </span>
    </p>
   </div>
   <div class='ocr_carea' id='block_1_31' title="bbox 208 3047 1791 3124">
    <p class='ocr_par' dir='ltr' id='par_1_31' title="bbox 208 3047 1791 3124">
     <span class='ocr_line' id='line_1_31' title="bbox 208 3047 1791 3124; baseline -0.008 -13"><span class='ocrx_word' id='word_1_240' title='bbox 208 3056 493 3118; x_wconf 72' lang='grc' dir='ltr'>τοιούτους</span> <span class='ocrx_word' id='word_1_241' title='bbox 525 3052 919 3124; x_wconf 75' lang='grc' dir='ltr'>ἐκτέμνεσθαι·</span> <span class='ocrx_word' id='word_1_242' title='bbox 953 3051 1067 3104; x_wconf 79' lang='grc' dir='ltr'>ἀλλ’</span> <span class='ocrx_word' id='word_1_243' title='bbox 1116 3052 1233 3103; x_wconf 78' lang='grc' dir='ltr'>ἐκεῖ</span> <span class='ocrx_word' id='word_1_244' title='bbox 1279 3049 1376 3120; x_wconf 83' lang='grc' dir='ltr'>μὲν</span> <span class='ocrx_word' id='word_1_245' title='bbox 1413 3047 1791 3118; x_wconf 88' lang='grc' dir='ltr'>σφοδρότερον,</span> 
     </span>
    </p>
   </div>
   <div class='ocr_carea' id='block_1_32' title="bbox 212 3134 1795 3211">
    <p class='ocr_par' dir='ltr' id='par_1_32' title="bbox 212 3134 1795 3211">
     <span class='ocr_line' id='line_1_32' title="bbox 212 3134 1795 3211; baseline -0.007 -13"><span class='ocrx_word' id='word_1_246' title='bbox 212 3142 454 3198; x_wconf 74' lang='grc' dir='ltr'>ἐνταῦθα</span> <span class='ocrx_word' id='word_1_247' title='bbox 479 3140 536 3194; x_wconf 88' lang='grc' dir='ltr'>δέ</span> <span class='ocrx_word' id='word_1_248' title='bbox 566 3139 936 3211; x_wconf 75' lang='grc' dir='ltr'>ἡμερώτερον.</span> <span class='ocrx_word' id='word_1_249' title='bbox 983 3138 1184 3207; x_wconf 81' lang='grc' dir='ltr'>Διόπερ</span> <span class='ocrx_word' id='word_1_250' title='bbox 1224 3137 1319 3191; x_wconf 73' lang='grc' dir='ltr'>καὶ</span> <span class='ocrx_word' id='word_1_251' title='bbox 1361 3135 1587 3200; x_wconf 76' lang='grc' dir='ltr'>εἰκότως</span> <span class='ocrx_word' id='word_1_252' title='bbox 1618 3134 1685 3187; x_wconf 83' lang='grc' dir='ltr'>ἀν</span> <span class='ocrx_word' id='word_1_253' title='bbox 1711 3148 1795 3199; x_wconf 88' lang='grc' dir='ltr'>τις</span> 
     </span>
    </p>
   </div>
   <div class='ocr_carea' id='block_1_33' title="bbox 208 3221 1797 3301">
    <p class='ocr_par' dir='ltr' id='par_1_33' title="bbox 208 3221 1797 3301">
     <span class='ocr_line' id='line_1_33' title="bbox 208 3221 1797 3301; baseline -0.007 -14"><span class='ocrx_word' id='word_1_254' title='bbox 208 3230 591 3301; x_wconf 78' lang='grc' dir='ltr'>διαπορήσειε,</span> <span class='ocrx_word' id='word_1_255' title='bbox 624 3228 679 3280; x_wconf 88' lang='grc' dir='ltr'>τί</span> <span class='ocrx_word' id='word_1_256' title='bbox 713 3227 915 3298; x_wconf 84' lang='grc' dir='ltr'>δήποτε</span> <span class='ocrx_word' id='word_1_257' title='bbox 954 3227 1072 3279; x_wconf 79' lang='grc' dir='ltr'>ἐκεί</span> <span class='ocrx_word' id='word_1_258' title='bbox 1108 3224 1207 3294; x_wconf 81' lang='grc' dir='ltr'>μὲν</span> <span class='ocrx_word' id='word_1_259' title='bbox 1238 3222 1535 3294; x_wconf 82' lang='grc' dir='ltr'>συνεχώρει</span> <span class='ocrx_word' id='word_1_260' title='bbox 1567 3221 1797 3286; x_wconf 85' lang='grc' dir='ltr'>κολάζε-</span> 
     </span>
    </p>
   </div>
   <div class='ocr_carea' id='block_1_34' title="bbox 217 3308 1798 3386">
    <p class='ocr_par' dir='ltr' id='par_1_34' title="bbox 217 3308 1798 3386">
     <span class='ocr_line' id='line_1_34' title="bbox 217 3308 1798 3386; baseline -0.006 -14"><span class='ocrx_word' id='word_1_261' title='bbox 217 3319 350 3375; x_wconf 83' lang='grc' dir='ltr'>σθαι</span> <span class='ocrx_word' id='word_1_262' title='bbox 372 3317 464 3371; x_wconf 75' lang='grc' dir='ltr'>τὸν</span> <span class='ocrx_word' id='word_1_263' title='bbox 496 3314 858 3386; x_wconf 78' lang='grc' dir='ltr'>ἡμαρτηκότα</span> <span class='ocrx_word' id='word_1_264' title='bbox 894 3314 988 3366; x_wconf 83' lang='grc' dir='ltr'>καὶ</span> <span class='ocrx_word' id='word_1_265' title='bbox 1029 3309 1449 3373; x_wconf 83' lang='grc' dir='ltr'>καταλεύεσθαι,</span> <span class='ocrx_word' id='word_1_266' title='bbox 1481 3308 1717 3363; x_wconf 82' lang='grc' dir='ltr'>ἐνταῦθα</span> <span class='ocrx_word' id='word_1_267' title='bbox 1740 3309 1798 3362; x_wconf 70' lang='grc' dir='ltr'>δὲ</span> 
     </span>
    </p>
   </div>
   <div class='ocr_carea' id='block_1_35' title="bbox 210 3396 1797 3473">
    <p class='ocr_par' dir='ltr' id='par_1_35' title="bbox 210 3396 1797 3473">
     <span class='ocr_line' id='line_1_35' title="bbox 210 3396 1797 3473; baseline -0.008 -12"><span class='ocrx_word' id='word_1_268' title='bbox 210 3406 425 3469; x_wconf 79' lang='grc' dir='ltr'>οὐκέτι,</span> <span class='ocrx_word' id='word_1_269' title='bbox 481 3404 594 3457; x_wconf 86' lang='grc' dir='ltr'>ἀλλ’</span> <span class='ocrx_word' id='word_1_270' title='bbox 644 3403 737 3456; x_wconf 70' lang='grc' dir='ltr'>ἐπὶ</span> <span class='ocrx_word' id='word_1_271' title='bbox 795 3402 1080 3473; x_wconf 88' lang='grc' dir='ltr'>μετάνοιαν</span> <span class='ocrx_word' id='word_1_272' title='bbox 1111 3398 1276 3454; x_wconf 75' lang='grc' dir='ltr'>αὑτὸν</span> <span class='ocrx_word' id='word_1_273' title='bbox 1315 3398 1462 3465; x_wconf 81' lang='grc' dir='ltr'>ἀγει.</span> <span class='ocrx_word' id='word_1_274' title='bbox 1514 3396 1580 3450; x_wconf 88' lang='grc' dir='ltr'>Τί</span> <span class='ocrx_word' id='word_1_275' title='bbox 1608 3396 1797 3467; x_wconf 85' lang='grc' dir='ltr'>δήποτ’</span> 
     </span>
    </p>
   </div>
   <div class='ocr_carea' id='block_1_36' title="bbox 211 3482 1797 3563">
    <p class='ocr_par' dir='ltr' id='par_1_36' title="bbox 211 3482 1797 3563">
     <span class='ocr_line' id='line_1_36' title="bbox 211 3482 1797 3563; baseline -0.006 -15"><span class='ocrx_word' id='word_1_276' title='bbox 211 3491 312 3549; x_wconf 78' lang='grc' dir='ltr'>οῦν</span> <span class='ocrx_word' id='word_1_277' title='bbox 345 3493 551 3563; x_wconf 79' lang='grc' dir='ltr'>ἐτέρως</span> <span class='ocrx_word' id='word_1_278' title='bbox 586 3490 685 3561; x_wconf 80' lang='grc' dir='ltr'>μὲν</span> <span class='ocrx_word' id='word_1_279' title='bbox 709 3492 915 3554; x_wconf 83' lang='grc' dir='ltr'>ἐκεῖνα,</span> <span class='ocrx_word' id='word_1_280' title='bbox 940 3486 1143 3559; x_wconf 82' lang='grc' dir='ltr'>ἐτέρως</span> <span class='ocrx_word' id='word_1_281' title='bbox 1166 3485 1223 3539; x_wconf 82' lang='grc' dir='ltr'>δὲ</span> <span class='ocrx_word' id='word_1_282' title='bbox 1256 3483 1427 3539; x_wconf 89' lang='grc' dir='ltr'>ταῦτα</span> <span class='ocrx_word' id='word_1_283' title='bbox 1447 3482 1797 3550; x_wconf 78' lang='grc' dir='ltr'>διετυποῦτος</span> 
     </span>
    </p>
   </div>
   <div class='ocr_carea' id='block_1_37' title="bbox 211 3570 1800 3646">
    <p class='ocr_par' dir='ltr' id='par_1_37' title="bbox 211 3570 1800 3646">
     <span class='ocr_line' id='line_1_37' title="bbox 211 3570 1800 3646; baseline -0.007 -11"><span class='ocrx_word' id='word_1_284' title='bbox 211 3580 321 3636; x_wconf 83' lang='grc' dir='ltr'>Διά</span> <span class='ocrx_word' id='word_1_285' title='bbox 345 3580 440 3634; x_wconf 89' lang='grc' dir='ltr'>δύο</span> <span class='ocrx_word' id='word_1_286' title='bbox 465 3578 674 3642; x_wconf 90' lang='grc' dir='ltr'>ταύτας</span> <span class='ocrx_word' id='word_1_287' title='bbox 718 3576 933 3640; x_wconf 79' lang='grc' dir='ltr'>αἰτίας·</span> <span class='ocrx_word' id='word_1_288' title='bbox 996 3574 1126 3646; x_wconf 90' lang='grc' dir='ltr'>μίαν</span> <span class='ocrx_word' id='word_1_289' title='bbox 1165 3575 1283 3644; x_wconf 79' lang='grc' dir='ltr'>μὲν,</span> <span class='ocrx_word' id='word_1_290' title='bbox 1311 3573 1397 3627; x_wconf 80' lang='grc' dir='ltr'>ὅτι</span> <span class='ocrx_word' id='word_1_291' title='bbox 1444 3571 1537 3625; x_wconf 77' lang='grc' dir='ltr'>ἐπὶ</span> <span class='ocrx_word' id='word_1_292' title='bbox 1575 3570 1800 3642; x_wconf 82' lang='grc' dir='ltr'>μείζονα</span> 
     </span>
    </p>
   </div>
   <div class='ocr_carea' id='block_1_38' title="bbox 212 3657 1801 3736">
    <p class='ocr_par' dir='ltr' id='par_1_38' title="bbox 212 3657 1801 3736">
     <span class='ocr_line' id='line_1_38' title="bbox 212 3657 1801 3736; baseline -0.006 -14"><span class='ocrx_word' id='word_1_293' title='bbox 212 3667 411 3736; x_wconf 83' lang='grc' dir='ltr'>ἀγῶνα</span> <span class='ocrx_word' id='word_1_294' title='bbox 442 3657 588 3718; x_wconf 67' lang='grc' dir='ltr'>οὗτοι</span> <span class='ocrx_word' id='word_1_295' title='bbox 640 3665 861 3732; x_wconf 75' lang='grc' dir='ltr'>ἡγοντο,</span> <span class='ocrx_word' id='word_1_296' title='bbox 903 3662 997 3716; x_wconf 80' lang='lat' dir='ltr'>xal</span> <span class='ocrx_word' id='word_1_297' title='bbox 1036 3660 1281 3722; x_wconf 85' lang='grc' dir='ltr'>πλείονος</span> <span class='ocrx_word' id='word_1_298' title='bbox 1314 3658 1527 3713; x_wconf 89' lang='grc' dir='ltr'>ἐδέοντο</span> <span class='ocrx_word' id='word_1_299' title='bbox 1565 3660 1667 3729; x_wconf 83' lang='grc' dir='ltr'>τῆς</span> <span class='ocrx_word' id='word_1_300' title='bbox 1699 3675 1801 3730; x_wconf 90' lang='grc' dir='ltr'>μα-</span> 
     </span>
    </p>
   </div>
   <div class='ocr_carea' id='block_1_39' title="bbox 213 3741 1801 3826">
    <p class='ocr_par' dir='ltr' id='par_1_39' title="bbox 213 3741 1801 3826">
     <span class='ocr_line' id='line_1_39' title="bbox 213 3741 1801 3826; baseline -0.006 -16"><span class='ocrx_word' id='word_1_301' title='bbox 213 3752 561 3826; x_wconf 74' lang='grc' dir='ltr'>κροθυμίας·</span> <span class='ocrx_word' id='word_1_302' title='bbox 618 3750 814 3821; x_wconf 84' lang='grc' dir='ltr'>ἐτέραν</span> <span class='ocrx_word' id='word_1_303' title='bbox 863 3749 921 3802; x_wconf 76' lang='grc' dir='ltr'>δέ</span> <span class='ocrx_word' id='word_1_304' title='bbox 971 3748 1069 3820; x_wconf 82' lang='grc' dir='ltr'>τὴν</span> <span class='ocrx_word' id='word_1_305' title='bbox 1099 3748 1496 3819; x_wconf 80' lang='grc' dir='ltr'>ἀληθεστέραν,</span> <span class='ocrx_word' id='word_1_306' title='bbox 1533 3748 1619 3800; x_wconf 81' lang='grc' dir='ltr'>ότι</span> <span class='ocrx_word' id='word_1_307' title='bbox 1654 3741 1801 3801; x_wconf 73' lang='grc' dir='ltr'>οὗτοι</span> 
     </span>
    </p>
   </div>
   <div class='ocr_carea' id='block_1_40' title="bbox 216 3831 1804 3913">
    <p class='ocr_par' dir='ltr' id='par_1_40' title="bbox 216 3831 1804 3913">
     <span class='ocr_line' id='line_1_40' title="bbox 216 3831 1804 3913; baseline -0.006 -17"><span class='ocrx_word' id='word_1_308' title='bbox 216 3842 327 3913; x_wconf 66' lang='grc' dir='ltr'>μιν</span> <span class='ocrx_word' id='word_1_309' title='bbox 354 3841 465 3895; x_wconf 72' lang='grc' dir='ltr'>ἀπὸ</span> <span class='ocrx_word' id='word_1_310' title='bbox 508 3839 610 3907; x_wconf 82' lang='grc' dir='ltr'>τῆς</span> <span class='ocrx_word' id='word_1_311' title='bbox 656 3834 1039 3907; x_wconf 85' lang='grc' dir='ltr'>ἀτιμωρησίας</span> <span class='ocrx_word' id='word_1_312' title='bbox 1076 3834 1449 3905; x_wconf 78' lang='grc' dir='ltr'>εὐκολώτερον</span> <span class='ocrx_word' id='word_1_313' title='bbox 1477 3831 1804 3905; x_wconf 87' lang='grc' dir='ltr'>διωρθοῦντο</span> 
     </span>
    </p>
   </div>
   <div class='ocr_carea' id='block_1_41' title="bbox 211 3920 1802 4001">
    <p class='ocr_par' dir='ltr' id='par_1_41' title="bbox 211 3920 1802 4001">
     <span class='ocr_line' id='line_1_41' title="bbox 211 3920 1802 4001; baseline -0.008 -17"><span class='ocrx_word' id='word_1_314' title='bbox 211 3930 316 3984; x_wconf 75' lang='grc' dir='ltr'>ἐπὶ</span> <span class='ocrx_word' id='word_1_315' title='bbox 353 3928 645 4001; x_wconf 87' lang='grc' dir='ltr'>μετάνοιαν</span> <span class='ocrx_word' id='word_1_316' title='bbox 681 3924 988 4001; x_wconf 86' lang='grc' dir='ltr'>ἐρχόμενοι,</span> <span class='ocrx_word' id='word_1_317' title='bbox 1016 3925 1215 3977; x_wconf 82' lang='grc' dir='ltr'>ἐκεῖνοι</span> <span class='ocrx_word' id='word_1_318' title='bbox 1239 3922 1296 3976; x_wconf 78' lang='grc' dir='ltr'>δὲ</span> <span class='ocrx_word' id='word_1_319' title='bbox 1317 3921 1411 3975; x_wconf 71' lang='grc' dir='ltr'>ἐπὶ</span> <span class='ocrx_word' id='word_1_320' title='bbox 1443 3920 1645 3974; x_wconf 86' lang='grc' dir='ltr'>κακίαν</span> <span class='ocrx_word' id='word_1_321' title='bbox 1680 3920 1802 3989; x_wconf 68' lang='grc' dir='ltr'>μείς-</span> 
     </span>
    </p>
   </div>
   <div class='ocr_carea' id='block_1_42' title="bbox 211 3999 1806 4086">
    <p class='ocr_par' dir='ltr' id='par_1_42' title="bbox 211 3999 1806 4086">
     <span class='ocr_line' id='line_1_42' title="bbox 211 3999 1806 4086; baseline -0.008 -12"><span class='ocrx_word' id='word_1_322' title='bbox 211 3999 365 4086; x_wconf 79' lang='grc' dir='ltr'>ζονα</span> <span class='ocrx_word' id='word_1_323' title='bbox 388 4014 612 4086; x_wconf 70' lang='grc' dir='ltr'>ἔμελλον</span> <span class='ocrx_word' id='word_1_324' title='bbox 660 3999 873 4086; x_wconf 71' lang='grc' dir='ltr'>ἕρπειν.</span> <span class='ocrx_word' id='word_1_325' title='bbox 902 4014 966 4067; x_wconf 81' lang='grc' dir='ltr'>Εἰ</span> <span class='ocrx_word' id='word_1_326' title='bbox 994 4012 1106 4082; x_wconf 89' lang='lat'>7&amp;9</span> <span class='ocrx_word' id='word_1_327' title='bbox 1131 4012 1260 4075; x_wconf 75' lang='grc' dir='ltr'>τοὺς</span> <span class='ocrx_word' id='word_1_328' title='bbox 1282 4010 1535 4083; x_wconf 82' lang='grc' dir='ltr'>πρώτους</span> <span class='ocrx_word' id='word_1_329' title='bbox 1577 4007 1806 4073; x_wconf 84' lang='grc' dir='ltr'>κολαζο-</span> 
     </span>
    </p>
   </div>
   <div class='ocr_carea' id='block_1_43' title="bbox 212 4096 1807 4176">
    <p class='ocr_par' dir='ltr' id='par_1_43' title="bbox 212 4096 1807 4176">
     <span class='ocr_line' id='line_1_43' title="bbox 212 4096 1807 4176; baseline -0.006 -18"><span class='ocrx_word' id='word_1_330' title='bbox 212 4105 425 4176; x_wconf 76' lang='grc' dir='ltr'>μένους</span> <span class='ocrx_word' id='word_1_331' title='bbox 453 4100 688 4172; x_wconf 82' lang='grc' dir='ltr'>δρῶντες</span> <span class='ocrx_word' id='word_1_332' title='bbox 714 4101 829 4162; x_wconf 84' lang='grc' dir='ltr'>τοῖς</span> <span class='ocrx_word' id='word_1_333' title='bbox 859 4100 1043 4162; x_wconf 79' lang='grc' dir='ltr'>αὐτοῖς</span> <span class='ocrx_word' id='word_1_334' title='bbox 1071 4098 1349 4168; x_wconf 77' lang='grc' dir='ltr'>ἐνέμενον,</span> <span class='ocrx_word' id='word_1_335' title='bbox 1380 4100 1428 4151; x_wconf 89' lang='grc' dir='ltr'>εἰ</span> <span class='ocrx_word' id='word_1_336' title='bbox 1456 4096 1592 4168; x_wconf 86' lang='grc' dir='ltr'>μηδὲ</span> <span class='ocrx_word' id='word_1_337' title='bbox 1619 4096 1807 4150; x_wconf 87' lang='grc' dir='ltr'>ἐκολά-</span> 
     </span>
    </p>
   </div>
   <div class='ocr_carea' id='block_1_44' title="bbox 210 4184 1808 4261">
    <p class='ocr_par' dir='ltr' id='par_1_44' title="bbox 210 4184 1808 4261">
     <span class='ocr_line' id='line_1_44' title="bbox 210 4184 1808 4261; baseline -0.006 -14"><span class='ocrx_word' id='word_1_338' title='bbox 210 4193 382 4261; x_wconf 78' lang='grc' dir='ltr'>ζοντό</span> <span class='ocrx_word' id='word_1_339' title='bbox 443 4208 606 4254; x_wconf 84' lang='grc' dir='ltr'>τινες,</span> <span class='ocrx_word' id='word_1_340' title='bbox 647 4188 826 4261; x_wconf 81' lang='grc' dir='ltr'>πολλῷ</span> <span class='ocrx_word' id='word_1_341' title='bbox 880 4187 1079 4259; x_wconf 75' lang='grc' dir='ltr'>μᾶλλον</span> <span class='ocrx_word' id='word_1_342' title='bbox 1119 4186 1279 4240; x_wconf 90' lang='grc' dir='ltr'>τοῦτο</span> <span class='ocrx_word' id='word_1_343' title='bbox 1333 4185 1400 4240; x_wconf 81' lang='grc' dir='ltr'>ἂν</span> <span class='ocrx_word' id='word_1_344' title='bbox 1454 4185 1674 4240; x_wconf 80' lang='grc' dir='ltr'>ἐπαθον.</span> <span class='ocrx_word' id='word_1_345' title='bbox 1707 4184 1808 4238; x_wconf 88' lang='grc' dir='ltr'>Διά</span> 
     </span>
    </p>
   </div>
   <div class='ocr_carea' id='block_1_45' title="bbox 208 4271 1810 4347">
    <p class='ocr_par' dir='ltr' id='par_1_45' title="bbox 208 4271 1810 4347">
     <span class='ocr_line' id='line_1_45' title="bbox 208 4271 1810 4347; baseline -0.007 -12"><span class='ocrx_word' id='word_1_346' title='bbox 208 4280 386 4336; x_wconf 76' lang='grc' dir='ltr'>τοῦτο</span> <span class='ocrx_word' id='word_1_347' title='bbox 418 4280 533 4332; x_wconf 77' lang='grc' dir='ltr'>ἐκεῖ</span> <span class='ocrx_word' id='word_1_348' title='bbox 570 4278 666 4347; x_wconf 76' lang='grc' dir='ltr'>μὲν</span> <span class='ocrx_word' id='word_1_349' title='bbox 693 4274 773 4345; x_wconf 83' lang='grc' dir='ltr'>τῷ</span> <span class='ocrx_word' id='word_1_350' title='bbox 810 4273 984 4346; x_wconf 88' lang='grc' dir='ltr'>μοιχῷ</span> <span class='ocrx_word' id='word_1_351' title='bbox 1012 4275 1107 4328; x_wconf 79' lang='grc' dir='ltr'>καὶ</span> <span class='ocrx_word' id='word_1_352' title='bbox 1135 4271 1214 4339; x_wconf 84' lang='grc' dir='ltr'>τῷ</span> <span class='ocrx_word' id='word_1_353' title='bbox 1242 4272 1554 4343; x_wconf 76' lang='grc' dir='ltr'>ἀνδροφόνῳ</span> <span class='ocrx_word' id='word_1_354' title='bbox 1578 4271 1810 4336; x_wconf 88' lang='grc' dir='ltr'>θάνατος</span> 
     </span>
    </p>
   </div>
   <div class='ocr_carea' id='block_1_46' title="bbox 210 4359 1809 4433">
    <p class='ocr_par' dir='ltr' id='par_1_46' title="bbox 210 4359 1809 4433">
     <span class='ocr_line' id='line_1_46' title="bbox 210 4359 1809 4433; baseline -0.003 -16"><span class='ocrx_word' id='word_1_355' title='bbox 210 4368 433 4429; x_wconf 80' lang='grc' dir='ltr'>εὐθέως</span> <span class='ocrx_word' id='word_1_356' title='bbox 483 4366 784 4433; x_wconf 76' lang='grc' dir='ltr'>ἐπάγεται·</span> <span class='ocrx_word' id='word_1_357' title='bbox 826 4362 1063 4416; x_wconf 84' lang='grc' dir='ltr'>ἐνταῦθα</span> <span class='ocrx_word' id='word_1_358' title='bbox 1089 4360 1167 4427; x_wconf 86' lang='grc' dir='ltr'>δέ,</span> <span class='ocrx_word' id='word_1_359' title='bbox 1216 4361 1314 4414; x_wconf 88' lang='grc' dir='ltr'>ἐάν</span> <span class='ocrx_word' id='word_1_360' title='bbox 1368 4359 1461 4413; x_wconf 85' lang='grc' dir='ltr'>διὰ</span> <span class='ocrx_word' id='word_1_361' title='bbox 1515 4359 1809 4429; x_wconf 88' lang='grc' dir='ltr'>μετανοίας</span> 
     </span>
    </p>
   </div>
   <div class='ocr_carea' id='block_1_47' title="bbox 212 4446 1810 4520">
    <p class='ocr_par' dir='ltr' id='par_1_47' title="bbox 212 4446 1810 4520">
     <span class='ocr_line' id='line_1_47' title="bbox 212 4446 1810 4520; baseline -0.004 -12"><span class='ocrx_word' id='word_1_362' title='bbox 212 4453 636 4508; x_wconf 83' lang='grc' dir='ltr'>ἀπολούσωνται</span> <span class='ocrx_word' id='word_1_363' title='bbox 698 4461 747 4513; x_wconf 76' lang='grc' dir='ltr'>ι,</span> <span class='ocrx_word' id='word_1_364' title='bbox 798 4448 1055 4520; x_wconf 75' lang='grc' dir='ltr'>διέφυγον</span> <span class='ocrx_word' id='word_1_365' title='bbox 1104 4449 1204 4520; x_wconf 84' lang='grc' dir='ltr'>τὴν</span> <span class='ocrx_word' id='word_1_366' title='bbox 1241 4447 1483 4502; x_wconf 84' lang='grc' dir='ltr'>κόλασιν.</span> <span class='ocrx_word' id='word_1_367' title='bbox 1537 4446 1685 4519; x_wconf 79' lang='grc' dir='ltr'>Πλὴν</span> <span class='ocrx_word' id='word_1_368' title='bbox 1714 4447 1810 4501; x_wconf 76' lang='grc' dir='ltr'>καὶ</span> 
     </span>
    </p>
   </div>
   <div class='ocr_carea' id='block_1_48' title="bbox 212 4530 1812 4609">
    <p class='ocr_par' dir='ltr' id='par_1_48' title="bbox 212 4530 1812 4609">
     <span class='ocr_line' id='line_1_48' title="bbox 212 4530 1812 4609; baseline -0.004 -15"><span class='ocrx_word' id='word_1_369' title='bbox 212 4539 467 4593; x_wconf 80' lang='grc' dir='ltr'>ἐνταῦθα</span> <span class='ocrx_word' id='word_1_370' title='bbox 502 4536 887 4609; x_wconf 75' lang='grc' dir='ltr'>σφοδροτέρας,</span> <span class='ocrx_word' id='word_1_371' title='bbox 920 4536 1015 4590; x_wconf 72' lang='grc' dir='ltr'>καὶ</span> <span class='ocrx_word' id='word_1_372' title='bbox 1053 4536 1111 4589; x_wconf 89' lang='grc' dir='ltr'>ἐν</span> <span class='ocrx_word' id='word_1_373' title='bbox 1162 4537 1227 4605; x_wconf 75' lang='grc' dir='ltr'>τῇ</span> <span class='ocrx_word' id='word_1_374' title='bbox 1260 4530 1478 4605; x_wconf 78' lang='grc' dir='ltr'>Παλαιᾷ</span> <span class='ocrx_word' id='word_1_375' title='bbox 1523 4534 1812 4604; x_wconf 78' lang='grc' dir='ltr'>ἡμερωτέ-</span> 
     </span>
    </p>
   </div>
   <div class='ocr_carea' id='block_1_49' title="bbox 217 4621 1808 4697">
    <p class='ocr_par' dir='ltr' id='par_1_49' title="bbox 217 4621 1808 4697">
     <span class='ocr_line' id='line_1_49' title="bbox 217 4621 1808 4697; baseline -0.003 -19"><span class='ocrx_word' id='word_1_376' title='bbox 217 4642 329 4697; x_wconf 83' lang='grc' dir='ltr'>ρας</span> <span class='ocrx_word' id='word_1_377' title='bbox 371 4625 475 4678; x_wconf 71' lang='grc' dir='ltr'>ἴδοι</span> <span class='ocrx_word' id='word_1_378' title='bbox 501 4641 586 4687; x_wconf 91' lang='grc' dir='ltr'>τις</span> <span class='ocrx_word' id='word_1_379' title='bbox 640 4624 707 4677; x_wconf 78' lang='grc' dir='ltr'>ἂν</span> <span class='ocrx_word' id='word_1_380' title='bbox 733 4621 1028 4691; x_wconf 87' lang='grc' dir='ltr'>τιμωρίας,</span> <span class='ocrx_word' id='word_1_381' title='bbox 1056 4622 1144 4674; x_wconf 81' lang='grc' dir='ltr'>ἵνα</span> <span class='ocrx_word' id='word_1_382' title='bbox 1194 4621 1379 4693; x_wconf 83' lang='grc' dir='ltr'>δειχθῇ</span> <span class='ocrx_word' id='word_1_383' title='bbox 1432 4622 1519 4675; x_wconf 89' lang='grc' dir='ltr'>διά</span> <span class='ocrx_word' id='word_1_384' title='bbox 1564 4622 1808 4685; x_wconf 85' lang='grc' dir='ltr'>πάντων,</span> 
     </span>
    </p>
   </div>
   <div class='ocr_carea' id='block_1_50' title="bbox 210 4709 1809 4782">
    <p class='ocr_par' dir='ltr' id='par_1_50' title="bbox 210 4709 1809 4782">
     <span class='ocr_line' id='line_1_50' title="bbox 210 4709 1809 4782; baseline -0.003 -13"><span class='ocrx_word' id='word_1_385' title='bbox 210 4715 308 4769; x_wconf 77' lang='grc' dir='ltr'>ὅτι</span> <span class='ocrx_word' id='word_1_386' title='bbox 340 4715 629 4782; x_wconf 81' lang='grc' dir='ltr'>συγγενεῖς</span> <span class='ocrx_word' id='word_1_387' title='bbox 679 4712 737 4766; x_wconf 86' lang='grc' dir='ltr'>αἰ</span> <span class='ocrx_word' id='word_1_388' title='bbox 783 4711 1040 4782; x_wconf 79' lang='grc' dir='ltr'>διαθῆκαι</span> <span class='ocrx_word' id='word_1_389' title='bbox 1098 4711 1195 4765; x_wconf 80' lang='grc' dir='ltr'>καὶ</span> <span class='ocrx_word' id='word_1_390' title='bbox 1221 4711 1340 4774; x_wconf 86' lang='grc' dir='ltr'>ἐνὸς</span> <span class='ocrx_word' id='word_1_391' title='bbox 1382 4712 1479 4765; x_wconf 73' lang='grc' dir='ltr'>καὶ</span> <span class='ocrx_word' id='word_1_392' title='bbox 1514 4711 1608 4765; x_wconf 90' lang='grc' dir='ltr'>τοῦ</span> <span class='ocrx_word' id='word_1_393' title='bbox 1642 4709 1809 4764; x_wconf 83' lang='grc' dir='ltr'>αὐτοῦ</span> 
     </span>
    </p>
   </div>
   <div class='ocr_carea' id='block_1_51' title="bbox 142 4797 1812 4873">
    <p class='ocr_par' dir='ltr' id='par_1_51' title="bbox 142 4797 1812 4873">
     <span class='ocr_line' id='line_1_51' title="bbox 142 4797 1812 4873; baseline -0.004 -16"><span class='ocrx_word' id='word_1_394' title='bbox 142 4816 147 4819; x_wconf 88' lang='grc'><strong>’</strong></span> <span class='ocrx_word' id='word_1_395' title='bbox 213 4802 563 4873; x_wconf 79' lang='grc' dir='ltr'>νομοθέτου·</span> <span class='ocrx_word' id='word_1_396' title='bbox 597 4802 693 4854; x_wconf 81' lang='grc' dir='ltr'>καὶ</span> <span class='ocrx_word' id='word_1_397' title='bbox 748 4800 898 4869; x_wconf 83' lang='grc' dir='ltr'>παρά</span> <span class='ocrx_word' id='word_1_398' title='bbox 948 4799 1118 4863; x_wconf 87' lang='grc' dir='ltr'>πόδας</span> <span class='ocrx_word' id='word_1_399' title='bbox 1163 4801 1260 4853; x_wconf 75' lang='grc' dir='ltr'>καὶ</span> <span class='ocrx_word' id='word_1_400' title='bbox 1308 4802 1427 4853; x_wconf 78' lang='grc' dir='ltr'>ἐκεῖ</span> <span class='ocrx_word' id='word_1_401' title='bbox 1456 4800 1550 4852; x_wconf 69' lang='grc' dir='ltr'>καὶ</span> <span class='ocrx_word' id='word_1_402' title='bbox 1577 4797 1812 4851; x_wconf 86' lang='grc' dir='ltr'>ἐνταῦθα</span> 
     </span>
    </p>
   </div>
   <div class='ocr_carea' id='block_1_52' title="bbox 212 4885 1813 4959">
    <p class='ocr_par' dir='ltr' id='par_1_52' title="bbox 212 4885 1813 4959">
     <span class='ocr_line' id='line_1_52' title="bbox 212 4885 1813 4959; baseline -0.003 -16"><span class='ocrx_word' id='word_1_403' title='bbox 212 4890 328 4953; x_wconf 71' lang='grc' dir='ltr'>τὰς</span> <span class='ocrx_word' id='word_1_404' title='bbox 373 4886 669 4959; x_wconf 88' lang='grc' dir='ltr'>τιμωρίας,</span> <span class='ocrx_word' id='word_1_405' title='bbox 708 4886 805 4939; x_wconf 76' lang='grc' dir='ltr'>καί</span> <span class='ocrx_word' id='word_1_406' title='bbox 845 4886 984 4955; x_wconf 90' lang='grc' dir='ltr'>μετά</span> <span class='ocrx_word' id='word_1_407' title='bbox 1017 4885 1184 4939; x_wconf 78' lang='grc' dir='ltr'>πολὺν</span> <span class='ocrx_word' id='word_1_408' title='bbox 1231 4886 1423 4956; x_wconf 87' lang='grc' dir='ltr'>χρόνον</span> <span class='ocrx_word' id='word_1_409' title='bbox 1453 4886 1718 4949; x_wconf 78' lang='grc' dir='ltr'>πολλάκις</span> <span class='ocrx_word' id='word_1_410' title='bbox 1754 4886 1813 4938; x_wconf 83' lang='grc' dir='ltr'>ἐν</span> 
     </span>
    </p>
   </div>
   <div class='ocr_carea' id='block_1_53' title="bbox 214 4971 1814 5045">
    <p class='ocr_par' dir='ltr' id='par_1_53' title="bbox 214 4971 1814 5045">
     <span class='ocr_line' id='line_1_53' title="bbox 214 4971 1814 5045; baseline -0.003 -16"><span class='ocrx_word' id='word_1_411' title='bbox 214 4976 496 5045; x_wconf 69' lang='grc' dir='ltr'>ἑκατέρᾳ,</span> <span class='ocrx_word' id='word_1_412' title='bbox 526 4975 618 5027; x_wconf 80' lang='grc' dir='ltr'>καὶ</span> <span class='ocrx_word' id='word_1_413' title='bbox 638 4972 761 5027; x_wconf 79' lang='grc' dir='ltr'>οὐδὲ</span> <span class='ocrx_word' id='word_1_414' title='bbox 791 4972 931 5043; x_wconf 87' lang='grc' dir='ltr'>μετά</span> <span class='ocrx_word' id='word_1_415' title='bbox 954 4973 1121 5026; x_wconf 77' lang='grc' dir='ltr'>πολὺν</span> <span class='ocrx_word' id='word_1_416' title='bbox 1146 4972 1337 5043; x_wconf 86' lang='grc' dir='ltr'>χρόνον</span> <span class='ocrx_word' id='word_1_417' title='bbox 1364 4972 1644 5035; x_wconf 78' lang='grc' dir='ltr'>πολλάκις,</span> <span class='ocrx_word' id='word_1_418' title='bbox 1679 4971 1814 5025; x_wconf 88' lang='grc' dir='ltr'>άλλά</span> 
     </span>
    </p>
   </div>
   <div class='ocr_carea' id='block_1_54' title="bbox 216 5059 1812 5135">
    <p class='ocr_par' dir='ltr' id='par_1_54' title="bbox 216 5059 1812 5135">
     <span class='ocr_line' id='line_1_54' title="bbox 216 5059 1812 5135; baseline -0.002 -19"><span class='ocrx_word' id='word_1_419' title='bbox 216 5063 499 5135; x_wconf 77' lang='grc' dir='ltr'>μετανοίᾳ</span> <span class='ocrx_word' id='word_1_420' title='bbox 527 5061 665 5133; x_wconf 76' lang='grc' dir='ltr'>μόνῃ</span> <span class='ocrx_word' id='word_1_421' title='bbox 709 5059 1049 5133; x_wconf 87' lang='grc' dir='ltr'>ἀρκούμενον</span> <span class='ocrx_word' id='word_1_422' title='bbox 1080 5060 1173 5113; x_wconf 79' lang='grc' dir='ltr'>τὸν</span> <span class='ocrx_word' id='word_1_423' title='bbox 1199 5060 1352 5113; x_wconf 87' lang='grc' dir='ltr'>Θεόν.</span> <span class='ocrx_word' id='word_1_424' title='bbox 1388 5062 1499 5113; x_wconf 80' lang='grc' dir='ltr'>Καὶ</span> <span class='ocrx_word' id='word_1_425' title='bbox 1531 5061 1639 5129; x_wconf 88' lang='lat'>7&amp;9</span> <span class='ocrx_word' id='word_1_426' title='bbox 1666 5061 1722 5113; x_wconf 85' lang='grc' dir='ltr'>ἐν</span> <span class='ocrx_word' id='word_1_427' title='bbox 1746 5062 1812 5132; x_wconf 81' lang='grc' dir='ltr'>τῇ</span> 
     </span>
    </p>
   </div>
   <div class='ocr_carea' id='block_1_55' title="bbox 213 5136 1816 5221">
    <p class='ocr_par' dir='ltr' id='par_1_55' title="bbox 213 5136 1816 5221">
     <span class='ocr_line' id='line_1_55' title="bbox 213 5136 1816 5221; baseline -0.004 -17"><span class='ocrx_word' id='word_1_428' title='bbox 213 5148 455 5221; x_wconf 55' lang='lat' dir='ltr'><strong>Halat;</strong></span> <span class='ocrx_word' id='word_1_429' title='bbox 488 5147 784 5220; x_wconf 86' lang='grc' dir='ltr'>μοιχεύσας</span> <span class='ocrx_word' id='word_1_430' title='bbox 821 5136 916 5201; x_wconf 78' lang='grc' dir='ltr'>καὶ</span> <span class='ocrx_word' id='word_1_431' title='bbox 944 5145 1211 5215; x_wconf 87' lang='grc' dir='ltr'>φονεύσας</span> <span class='ocrx_word' id='word_1_432' title='bbox 1247 5148 1276 5199; x_wconf 88' lang='grc' dir='ltr'>ό</span> <span class='ocrx_word' id='word_1_433' title='bbox 1314 5146 1499 5211; x_wconf 80' lang='grc' dir='ltr'>Δαυίδ,</span> <span class='ocrx_word' id='word_1_434' title='bbox 1526 5147 1614 5199; x_wconf 85' lang='grc' dir='ltr'>διὰ</span> <span class='ocrx_word' id='word_1_435' title='bbox 1647 5163 1816 5217; x_wconf 90' lang='grc' dir='ltr'>μετα-</span> 
     </span>
    </p>
   </div>
   <div class='ocr_carea' id='block_1_56' title="bbox 214 5234 1812 5307">
    <p class='ocr_par' dir='ltr' id='par_1_56' title="bbox 214 5234 1812 5307">
     <span class='ocr_line' id='line_1_56' title="bbox 214 5234 1812 5307; baseline -0.004 -15"><span class='ocrx_word' id='word_1_436' title='bbox 214 5236 385 5299; x_wconf 72' lang='grc' dir='ltr'>νοίας</span> <span class='ocrx_word' id='word_1_437' title='bbox 415 5234 619 5307; x_wconf 83' lang='grc' dir='ltr'>ἐσώθη,</span> <span class='ocrx_word' id='word_1_438' title='bbox 647 5234 743 5288; x_wconf 73' lang='grc' dir='ltr'>καὶ</span> <span class='ocrx_word' id='word_1_439' title='bbox 764 5235 821 5287; x_wconf 83' lang='grc' dir='ltr'>ἐν</span> <span class='ocrx_word' id='word_1_440' title='bbox 843 5235 909 5305; x_wconf 76' lang='grc' dir='ltr'>τῇ</span> <span class='ocrx_word' id='word_1_441' title='bbox 950 5235 1127 5305; x_wconf 81' lang='grc' dir='ltr'>Καινῇ</span> <span class='ocrx_word' id='word_1_442' title='bbox 1158 5234 1333 5304; x_wconf 86' lang='grc' dir='ltr'>μικρά</span> <span class='ocrx_word' id='word_1_443' title='bbox 1360 5234 1471 5287; x_wconf 86' lang='grc' dir='ltr'>ἀπὸ</span> <span class='ocrx_word' id='word_1_444' title='bbox 1498 5234 1698 5304; x_wconf 85' lang='grc' dir='ltr'>χωρίου</span> <span class='ocrx_word' id='word_1_445' title='bbox 1726 5250 1812 5286; x_wconf 88' lang='grc' dir='ltr'>τι-</span> 
     </span>
    </p>
   </div>
   <div class='ocr_carea' id='block_1_57' title="bbox 218 5318 1818 5395">
    <p class='ocr_par' dir='ltr' id='par_1_57' title="bbox 218 5318 1818 5395">
     <span class='ocr_line' id='line_1_57' title="bbox 218 5318 1818 5395; baseline -0.015 -1"><span class='ocrx_word' id='word_1_446' title='bbox 218 5322 345 5395; x_wconf 70' lang='grc' dir='ltr'>μῆς</span> <span class='ocrx_word' id='word_1_447' title='bbox 385 5320 717 5391; x_wconf 69' lang='grc' dir='ltr'>ὑφελόμενος</span> <span class='ocrx_word' id='word_1_448' title='bbox 744 5322 773 5374; x_wconf 81' lang='grc'>6</span> <span class='ocrx_word' id='word_1_449' title='bbox 808 5320 1058 5383; x_wconf 76' lang='grc' dir='ltr'>Ἀνανίας</span> <span class='ocrx_word' id='word_1_450' title='bbox 1090 5321 1228 5391; x_wconf 82' lang='grc' dir='ltr'>μετά</span> <span class='ocrx_word' id='word_1_451' title='bbox 1272 5319 1373 5391; x_wconf 83' lang='grc' dir='ltr'>τῆς</span> <span class='ocrx_word' id='word_1_452' title='bbox 1422 5318 1685 5387; x_wconf 82' lang='grc' dir='ltr'>γυναικὸς</span> <span class='ocrx_word' id='word_1_453' title='bbox 1717 5318 1818 5375; x_wconf 87' lang='grc' dir='ltr'>ἀπ-</span> 
     </span>
    </p>
   </div>
   <div class='ocr_carea' id='block_1_58' title="bbox 212 5406 1814 5477">
    <p class='ocr_par' dir='ltr' id='par_1_58' title="bbox 212 5406 1814 5477">
     <span class='ocr_line' id='line_1_58' title="bbox 212 5406 1814 5477; baseline -0.002 -14"><span class='ocrx_word' id='word_1_454' title='bbox 212 5410 430 5464; x_wconf 80' lang='grc' dir='ltr'>ώλετο.</span> <span class='ocrx_word' id='word_1_455' title='bbox 459 5408 522 5462; x_wconf 80' lang='grc' dir='ltr'>Εἰ</span> <span class='ocrx_word' id='word_1_456' title='bbox 554 5408 611 5460; x_wconf 83' lang='grc' dir='ltr'>δέ</span> <span class='ocrx_word' id='word_1_457' title='bbox 653 5408 939 5473; x_wconf 79' lang='grc' dir='ltr'>πλεονάζει</span> <span class='ocrx_word' id='word_1_458' title='bbox 991 5407 1165 5462; x_wconf 89' lang='grc' dir='ltr'>ταῦτα</span> <span class='ocrx_word' id='word_1_459' title='bbox 1197 5410 1254 5462; x_wconf 89' lang='grc' dir='ltr'>ἐν</span> <span class='ocrx_word' id='word_1_460' title='bbox 1280 5409 1346 5477; x_wconf 81' lang='grc' dir='ltr'>τῇ</span> <span class='ocrx_word' id='word_1_461' title='bbox 1396 5406 1632 5477; x_wconf 78' lang='grc' dir='ltr'>Παλαιᾷ,</span> <span class='ocrx_word' id='word_1_462' title='bbox 1658 5408 1726 5459; x_wconf 83' lang='grc' dir='ltr'>τὰ</span> <span class='ocrx_word' id='word_1_463' title='bbox 1756 5408 1814 5460; x_wconf 75' lang='grc' dir='ltr'>δὲ</span> 
     </span>
    </p>
   </div>
   <div class='ocr_carea' id='block_1_59' title="bbox 213 5493 1818 5566">
    <p class='ocr_par' dir='ltr' id='par_1_59' title="bbox 213 5493 1818 5566">
     <span class='ocr_line' id='line_1_59' title="bbox 213 5493 1818 5566; baseline -0.002 -15"><span class='ocrx_word' id='word_1_464' title='bbox 213 5496 461 5552; x_wconf 65' lang='grc' dir='ltr'>ἐναντία</span> <span class='ocrx_word' id='word_1_465' title='bbox 491 5497 549 5550; x_wconf 90' lang='grc' dir='ltr'>ἐν</span> <span class='ocrx_word' id='word_1_466' title='bbox 576 5496 642 5566; x_wconf 77' lang='grc' dir='ltr'>τῇ</span> <span class='ocrx_word' id='word_1_467' title='bbox 672 5496 872 5565; x_wconf 73' lang='grc' dir='ltr'>Καινῇ,</span> <span class='ocrx_word' id='word_1_468' title='bbox 903 5497 935 5565; x_wconf 78' lang='grc' dir='ltr'>η</span> <span class='ocrx_word' id='word_1_469' title='bbox 974 5494 1211 5566; x_wconf 86' lang='grc' dir='ltr'>διαφορά</span> <span class='ocrx_word' id='word_1_470' title='bbox 1235 5494 1343 5548; x_wconf 87' lang='grc' dir='ltr'>τῶν</span> <span class='ocrx_word' id='word_1_471' title='bbox 1372 5493 1682 5564; x_wconf 81' lang='grc' dir='ltr'>προσώπων</span> <span class='ocrx_word' id='word_1_472' title='bbox 1719 5494 1818 5565; x_wconf 81' lang='grc' dir='ltr'>τὴν</span> 
     </span>
    </p>
   </div>
   <div class='ocr_carea' id='block_1_60' title="bbox 212 5578 1819 5653">
    <p class='ocr_par' dir='ltr' id='par_1_60' title="bbox 212 5578 1819 5653">
     <span class='ocr_line' id='line_1_60' title="bbox 212 5578 1819 5653; baseline 0.002 -21"><span class='ocrx_word' id='word_1_473' title='bbox 212 5582 508 5653; x_wconf 74' lang='grc' dir='ltr'>διαφορὰν</span> <span class='ocrx_word' id='word_1_474' title='bbox 533 5582 631 5653; x_wconf 82' lang='grc' dir='ltr'>τῆς</span> <span class='ocrx_word' id='word_1_475' title='bbox 652 5578 906 5650; x_wconf 87' lang='grc' dir='ltr'>τοιαύτης</span> <span class='ocrx_word' id='word_1_476' title='bbox 934 5581 1245 5653; x_wconf 89' lang='grc' dir='ltr'>οἰκονομίας</span> <span class='ocrx_word' id='word_1_477' title='bbox 1268 5581 1584 5653; x_wconf 76' lang='grc' dir='ltr'>ἐργάζεται.</span> <span class='ocrx_word' id='word_1_478' title='bbox 1625 5581 1819 5650; x_wconf 72' lang='grc' dir='ltr'>Τολμᾷ</span> 
     </span>
    </p>
   </div>
   <div class='ocr_carea' id='block_1_61' title="bbox 215 5666 1813 5740">
    <p class='ocr_par' dir='ltr' id='par_1_61' title="bbox 215 5666 1813 5740">
     <span class='ocr_line' id='line_1_61' title="bbox 215 5666 1813 5740; baseline -0.002 -14"><span class='ocrx_word' id='word_1_479' title='bbox 215 5687 331 5738; x_wconf 72' lang='grc' dir='ltr'>τις</span> <span class='ocrx_word' id='word_1_480' title='bbox 356 5669 551 5739; x_wconf 80' lang='grc' dir='ltr'>ὑμῶν,</span> <span class='ocrx_word' id='word_1_481' title='bbox 567 5670 716 5740; x_wconf 76' lang='grc' dir='ltr'>πρὸς</span> <span class='ocrx_word' id='word_1_482' title='bbox 737 5670 842 5724; x_wconf 79' lang='grc' dir='ltr'>τὸν</span> <span class='ocrx_word' id='word_1_483' title='bbox 867 5666 1134 5738; x_wconf 71' lang='grc' dir='ltr'>ἀδελφὸν</span> <span class='ocrx_word' id='word_1_484' title='bbox 1163 5670 1351 5725; x_wconf 82' lang='grc' dir='ltr'>αὑτοῦ</span> <span class='ocrx_word' id='word_1_485' title='bbox 1376 5668 1615 5740; x_wconf 77' lang='grc' dir='ltr'>πρᾶγμα</span> <span class='ocrx_word' id='word_1_486' title='bbox 1638 5671 1813 5739; x_wconf 74' lang='grc' dir='ltr'>ἔχων,</span> 
     </span>
    </p>
   </div>
   <div class='ocr_carea' id='block_1_62' title="bbox 316 5873 1011 5939">
    <p class='ocr_par' dir='ltr' id='par_1_62' title="bbox 316 5873 1011 5939">
     <span class='ocr_line' id='line_1_62' title="bbox 316 5873 1011 5939; baseline -0.006 -10"><span class='ocrx_word' id='word_1_487' title='bbox 316 5877 344 5909; x_wconf 79' lang='grc'><strong>⁸</strong></span> <span class='ocrx_word' id='word_1_488' title='bbox 376 5873 640 5939; x_wconf 70' lang='lat' dir='ltr'>legebatur</span> <span class='ocrx_word' id='word_1_489' title='bbox 659 5876 1011 5925; x_wconf 78' lang='grc' dir='ltr'>άπολύσωνται.</span> 
     </span>
    </p>
   </div>
   <div class='ocr_carea' id='block_1_63' title="bbox 1251 300 2421 361">
    <p class='ocr_par' dir='ltr' id='par_1_63' title="bbox 1251 300 2421 361">
     <span class='ocr_line' id='line_1_63' title="bbox 1251 300 2421 361; baseline -0.001 0"><span class='ocrx_word' id='word_1_490' title='bbox 1251 306 1317 361; x_wconf 72' lang='grc' dir='ltr'>ΙΝ</span> <span class='ocrx_word' id='word_1_491' title='bbox 1365 301 1587 360; x_wconf 74' lang='lat' dir='ltr'>ENST.</span> <span class='ocrx_word' id='word_1_492' title='bbox 1627 304 1641 357; x_wconf 88' lang='grc'><strong>1</strong></span> <span class='ocrx_word' id='word_1_493' title='bbox 1684 301 1771 356; x_wconf 83' lang='lat' dir='ltr'>AD</span> <span class='ocrx_word' id='word_1_494' title='bbox 1810 300 1966 357; x_wconf 76' lang='lat' dir='ltr'>COR.</span> <span class='ocrx_word' id='word_1_495' title='bbox 2011 302 2245 361; x_wconf 71' lang='grc' dir='ltr'>ΙῘΟΜΙΙ..</span> <span class='ocrx_word' id='word_1_496' title='bbox 2282 306 2421 361; x_wconf 73' lang='grc' dir='ltr'>ΧΠ.</span> 
     </span>
    </p>
   </div>
   <div class='ocr_carea' id='block_1_64' title="bbox 3362 314 3460 370">
    <p class='ocr_par' dir='ltr' id='par_1_64' title="bbox 3362 314 3460 370">
     <span class='ocr_line' id='line_1_64' title="bbox 3362 314 3460 370; baseline 0.051 -5"><span class='ocrx_word' id='word_1_497' title='bbox 3362 314 3460 370; x_wconf 67' lang='grc' dir='ltr'>ιτς</span> 
     </span>
    </p>
   </div>
   <div class='ocr_carea' id='block_1_65' title="bbox 1887 425 3465 499">
    <p class='ocr_par' dir='ltr' id='par_1_65' title="bbox 1887 425 3465 499">
     <span class='ocr_line' id='line_1_65' title="bbox 1887 425 3465 499; baseline 0.006 -24"><span class='ocrx_word' id='word_1_498' title='bbox 1887 425 2194 491; x_wconf 79' lang='grc' dir='ltr'>κρίνεσθαι</span> <span class='ocrx_word' id='word_1_499' title='bbox 2237 427 2337 480; x_wconf 76' lang='grc' dir='ltr'>ἐπὶ</span> <span class='ocrx_word' id='word_1_500' title='bbox 2388 428 2505 481; x_wconf 82' lang='grc' dir='ltr'>τῶν</span> <span class='ocrx_word' id='word_1_501' title='bbox 2562 428 2805 495; x_wconf 73' lang='grc' dir='ltr'>ἀδίκων,</span> <span class='ocrx_word' id='word_1_502' title='bbox 2867 430 2966 483; x_wconf 77' lang='grc' dir='ltr'>καί</span> <span class='ocrx_word' id='word_1_503' title='bbox 3026 429 3164 499; x_wconf 72' lang='grc' dir='ltr'>οὐχί</span> <span class='ocrx_word' id='word_1_504' title='bbox 3212 429 3311 483; x_wconf 72' lang='grc' dir='ltr'>ἐπὶ</span> <span class='ocrx_word' id='word_1_505' title='bbox 3346 430 3465 485; x_wconf 78' lang='grc' dir='ltr'>τῶν</span> 
     </span>
    </p>
   </div>
   <div class='ocr_carea' id='block_1_66' title="bbox 1889 511 3465 591">
    <p class='ocr_par' dir='ltr' id='par_1_66' title="bbox 1889 511 3465 591">
     <span class='ocr_line' id='line_1_66' title="bbox 1889 511 3465 591; baseline 0.006 -28"><span class='ocrx_word' id='word_1_506' title='bbox 1889 511 2111 579; x_wconf 74' lang='grc' dir='ltr'>ἀτίων;</span> <span class='ocrx_word' id='word_1_507' title='bbox 2172 515 2281 567; x_wconf 82' lang='lat' dir='ltr'>Kal</span> <span class='ocrx_word' id='word_1_508' title='bbox 2319 515 2555 571; x_wconf 79' lang='grc' dir='ltr'>ἐνταῦθα</span> <span class='ocrx_word' id='word_1_509' title='bbox 2594 518 2755 571; x_wconf 83' lang='grc' dir='ltr'>πάλιν</span> <span class='ocrx_word' id='word_1_510' title='bbox 2790 518 2867 583; x_wconf 87' lang='grc' dir='ltr'>ὠς</span> <span class='ocrx_word' id='word_1_511' title='bbox 2895 517 2989 571; x_wconf 73' lang='grc' dir='ltr'>ἐπὶ</span> <span class='ocrx_word' id='word_1_512' title='bbox 3025 518 3465 591; x_wconf 72' lang='grc' dir='ltr'>ὡμολογημένων</span> 
     </span>
    </p>
   </div>
   <div class='ocr_carea' id='block_1_67' title="bbox 1893 601 3465 677">
    <p class='ocr_par' dir='ltr' id='par_1_67' title="bbox 1893 601 3465 677">
     <span class='ocr_line' id='line_1_67' title="bbox 1893 601 3465 677; baseline 0.006 -26"><span class='ocrx_word' id='word_1_513' title='bbox 1893 602 2127 653; x_wconf 79' lang='grc' dir='ltr'>ποιεῖται</span> <span class='ocrx_word' id='word_1_514' title='bbox 2190 601 2291 674; x_wconf 79' lang='grc' dir='ltr'>τὴν</span> <span class='ocrx_word' id='word_1_515' title='bbox 2344 604 2700 675; x_wconf 82' lang='grc' dir='ltr'>κατηγορίαν.</span> <span class='ocrx_word' id='word_1_516' title='bbox 2757 606 2867 659; x_wconf 83' lang='lat' dir='ltr'>Kal</span> <span class='ocrx_word' id='word_1_517' title='bbox 2922 605 3032 677; x_wconf 85' lang='lat'>7&amp;9</span> <span class='ocrx_word' id='word_1_518' title='bbox 3087 608 3208 659; x_wconf 75' lang='grc' dir='ltr'>ἐκεῖ</span> <span class='ocrx_word' id='word_1_519' title='bbox 3276 622 3465 676; x_wconf 89' lang='grc' dir='ltr'>φησιν,</span> 
     </span>
    </p>
   </div>
   <div class='ocr_carea' id='block_1_68' title="bbox 1890 687 3465 761">
    <p class='ocr_par' dir='ltr' id='par_1_68' title="bbox 1890 687 3465 761">
     <span class='ocr_line' id='line_1_68' title="bbox 1890 687 3465 761; baseline 0.003 -22"><span class='ocrx_word' id='word_1_520' title='bbox 1890 687 2081 753; x_wconf 79' lang='grc' dir='ltr'>Ὀλως</span> <span class='ocrx_word' id='word_1_521' title='bbox 2132 688 2412 743; x_wconf 77' lang='grc' dir='ltr'>ἀκούεται</span> <span class='ocrx_word' id='word_1_522' title='bbox 2454 691 2525 745; x_wconf 78' lang='grc' dir='ltr'>ἐν</span> <span class='ocrx_word' id='word_1_523' title='bbox 2558 690 2702 760; x_wconf 77' lang='grc' dir='ltr'>ὑμῖν</span> <span class='ocrx_word' id='word_1_524' title='bbox 2732 693 3011 761; x_wconf 75' lang='grc' dir='ltr'>πορνεία·</span> <span class='ocrx_word' id='word_1_525' title='bbox 3064 692 3160 746; x_wconf 83' lang='grc' dir='ltr'>καὶ</span> <span class='ocrx_word' id='word_1_526' title='bbox 3208 691 3465 757; x_wconf 86' lang='grc' dir='ltr'>ἐνταῦθα,</span> 
     </span>
    </p>
   </div>
   <div class='ocr_carea' id='block_1_69' title="bbox 1894 770 3469 849">
    <p class='ocr_par' dir='ltr' id='par_1_69' title="bbox 1894 770 3469 849">
     <span class='ocr_line' id='line_1_69' title="bbox 1894 770 3469 849; baseline 0.004 -24"><span class='ocrx_word' id='word_1_527' title='bbox 1894 770 2095 841; x_wconf 67' lang='grc' dir='ltr'>Τολμᾷ</span> <span class='ocrx_word' id='word_1_528' title='bbox 2123 790 2215 841; x_wconf 81' lang='grc' dir='ltr'>τις</span> <span class='ocrx_word' id='word_1_529' title='bbox 2258 774 2426 846; x_wconf 79' lang='grc' dir='ltr'>ὑμῶν</span> <span class='ocrx_word' id='word_1_530' title='bbox 2444 792 2465 841; x_wconf 86' lang='grc'><strong><em>;</em></strong></span> <span class='ocrx_word' id='word_1_531' title='bbox 2496 780 2563 832; x_wconf 86' lang='grc' dir='ltr'>ἐκ</span> <span class='ocrx_word' id='word_1_532' title='bbox 2594 778 2898 849; x_wconf 88' lang='grc' dir='ltr'>προοιμίων</span> <span class='ocrx_word' id='word_1_533' title='bbox 2923 778 3132 843; x_wconf 74' lang='grc' dir='ltr'>εὐθέως</span> <span class='ocrx_word' id='word_1_534' title='bbox 3159 778 3252 832; x_wconf 80' lang='grc' dir='ltr'>τὸν</span> <span class='ocrx_word' id='word_1_535' title='bbox 3293 776 3469 849; x_wconf 76' lang='grc' dir='ltr'>θυμὸν</span> 
     </span>
    </p>
   </div>
   <div class='ocr_carea' id='block_1_70' title="bbox 1891 859 3469 936">
    <p class='ocr_par' dir='ltr' id='par_1_70' title="bbox 1891 859 3469 936">
     <span class='ocr_line' id='line_1_70' title="bbox 1891 859 3469 936; baseline 0.004 -24"><span class='ocrx_word' id='word_1_536' title='bbox 1891 859 2324 931; x_wconf 84' lang='grc' dir='ltr'>ἐνδεικνύμενος,</span> <span class='ocrx_word' id='word_1_537' title='bbox 2341 863 2437 916; x_wconf 80' lang='grc' dir='ltr'>καὶ</span> <span class='ocrx_word' id='word_1_538' title='bbox 2456 864 2671 928; x_wconf 80' lang='grc' dir='ltr'>δεικνὺς</span> <span class='ocrx_word' id='word_1_539' title='bbox 2700 866 2783 919; x_wconf 80' lang='grc' dir='ltr'>ὅτι</span> <span class='ocrx_word' id='word_1_540' title='bbox 2807 865 3017 936; x_wconf 80' lang='grc' dir='ltr'>τόλμης</span> <span class='ocrx_word' id='word_1_541' title='bbox 3045 866 3163 918; x_wconf 83' lang='grc' dir='ltr'>ἐστὶ</span> <span class='ocrx_word' id='word_1_542' title='bbox 3191 865 3251 919; x_wconf 79' lang='grc' dir='ltr'>τὸ</span> <span class='ocrx_word' id='word_1_543' title='bbox 3284 867 3469 936; x_wconf 79' lang='grc' dir='ltr'>πρᾶγ-</span> 
     </span>
    </p>
   </div>
   <div class='ocr_carea' id='block_1_71' title="bbox 1893 947 3466 1023">
    <p class='ocr_par' dir='ltr' id='par_1_71' title="bbox 1893 947 3466 1023">
     <span class='ocr_line' id='line_1_71' title="bbox 1893 947 3466 1023; baseline 0.004 -25"><span class='ocrx_word' id='word_1_544' title='bbox 1893 962 1970 1016; x_wconf 90' lang='grc' dir='ltr'>μα</span> <span class='ocrx_word' id='word_1_545' title='bbox 2016 947 2111 1000; x_wconf 72' lang='grc' dir='ltr'>καὶ</span> <span class='ocrx_word' id='word_1_546' title='bbox 2144 949 2511 1020; x_wconf 83' lang='grc' dir='ltr'>παρανομίας.</span> <span class='ocrx_word' id='word_1_547' title='bbox 2538 952 2648 1005; x_wconf 82' lang='lat' dir='ltr'>Kal</span> <span class='ocrx_word' id='word_1_548' title='bbox 2677 952 2731 1005; x_wconf 94' lang='grc' dir='ltr'>τί</span> <span class='ocrx_word' id='word_1_549' title='bbox 2756 952 2957 1023; x_wconf 80' lang='grc' dir='ltr'>δήποτε</span> <span class='ocrx_word' id='word_1_550' title='bbox 2991 952 3085 1005; x_wconf 83' lang='grc' dir='ltr'>τὸν</span> <span class='ocrx_word' id='word_1_551' title='bbox 3118 953 3247 1022; x_wconf 84' lang='grc' dir='ltr'>περὶ</span> <span class='ocrx_word' id='word_1_552' title='bbox 3274 952 3466 1005; x_wconf 85' lang='grc' dir='ltr'>πλεον-</span> 
     </span>
    </p>
   </div>
   <div class='ocr_carea' id='block_1_72' title="bbox 1890 1034 3465 1111">
    <p class='ocr_par' dir='ltr' id='par_1_72' title="bbox 1890 1034 3465 1111">
     <span class='ocr_line' id='line_1_72' title="bbox 1890 1034 3465 1111; baseline 0.003 -25"><span class='ocrx_word' id='word_1_553' title='bbox 1890 1034 2042 1100; x_wconf 80' lang='grc' dir='ltr'>εξίας</span> <span class='ocrx_word' id='word_1_554' title='bbox 2104 1037 2201 1089; x_wconf 76' lang='grc' dir='ltr'>καὶ</span> <span class='ocrx_word' id='word_1_555' title='bbox 2243 1036 2339 1091; x_wconf 87' lang='grc' dir='ltr'>τοῦ</span> <span class='ocrx_word' id='word_1_556' title='bbox 2387 1038 2463 1109; x_wconf 81' lang='grc' dir='ltr'>μὴ</span> <span class='ocrx_word' id='word_1_557' title='bbox 2509 1039 2620 1092; x_wconf 86' lang='grc' dir='ltr'>δεῖν</span> <span class='ocrx_word' id='word_1_558' title='bbox 2651 1038 2755 1107; x_wconf 75' lang='grc' dir='ltr'>ἐξω</span> <span class='ocrx_word' id='word_1_559' title='bbox 2796 1039 3081 1111; x_wconf 88' lang='grc' dir='ltr'>κρίνεσθαι</span> <span class='ocrx_word' id='word_1_560' title='bbox 3127 1038 3465 1111; x_wconf 78' lang='grc' dir='ltr'>παρενέϐαλε</span> 
     </span>
    </p>
   </div>
   <div class='ocr_carea' id='block_1_73' title="bbox 1890 1122 3468 1199">
    <p class='ocr_par' dir='ltr' id='par_1_73' title="bbox 1890 1122 3468 1199">
     <span class='ocr_line' id='line_1_73' title="bbox 1890 1122 3468 1199; baseline 0.003 -24"><span class='ocrx_word' id='word_1_561' title='bbox 1890 1122 2082 1192; x_wconf 85' lang='grc' dir='ltr'>λόγον;</span> <span class='ocrx_word' id='word_1_562' title='bbox 2132 1125 2346 1180; x_wconf 83' lang='grc' dir='ltr'>Οἰκείον</span> <span class='ocrx_word' id='word_1_563' title='bbox 2375 1127 2542 1199; x_wconf 86' lang='grc' dir='ltr'>νόμον</span> <span class='ocrx_word' id='word_1_564' title='bbox 2572 1126 2818 1199; x_wconf 88' lang='grc' dir='ltr'>πληρῶν.</span> <span class='ocrx_word' id='word_1_565' title='bbox 2874 1127 2985 1181; x_wconf 80' lang='grc' dir='ltr'>Καὶ</span> <span class='ocrx_word' id='word_1_566' title='bbox 3016 1128 3126 1196; x_wconf 93' lang='lat'>7&amp;9</span> <span class='ocrx_word' id='word_1_567' title='bbox 3164 1126 3287 1190; x_wconf 79' lang='grc' dir='ltr'>ἐθος</span> <span class='ocrx_word' id='word_1_568' title='bbox 3317 1128 3468 1197; x_wconf 76' lang='grc' dir='ltr'>αὐτῷ</span> 
     </span>
    </p>
   </div>
   <div class='ocr_carea' id='block_1_74' title="bbox 1888 1206 3469 1287">
    <p class='ocr_par' dir='ltr' id='par_1_74' title="bbox 1888 1206 3469 1287">
     <span class='ocr_line' id='line_1_74' title="bbox 1888 1206 3469 1287; baseline 0.002 -24"><span class='ocrx_word' id='word_1_569' title='bbox 1888 1211 1960 1266; x_wconf 89' lang='grc' dir='ltr'>τά</span> <span class='ocrx_word' id='word_1_570' title='bbox 1990 1212 2450 1283; x_wconf 82' lang='grc' dir='ltr'>παρεμπίπτοντα</span> <span class='ocrx_word' id='word_1_571' title='bbox 2483 1214 2754 1284; x_wconf 87' lang='grc' dir='ltr'>διορθοῦν,</span> <span class='ocrx_word' id='word_1_572' title='bbox 2789 1213 2974 1287; x_wconf 82' lang='grc' dir='ltr'>ῶσπερ</span> <span class='ocrx_word' id='word_1_573' title='bbox 3008 1215 3171 1286; x_wconf 77' lang='grc' dir='ltr'>ἡνίκα</span> <span class='ocrx_word' id='word_1_574' title='bbox 3201 1214 3331 1285; x_wconf 72' lang='grc' dir='ltr'>περὶ</span> <span class='ocrx_word' id='word_1_575' title='bbox 3359 1206 3469 1267; x_wconf 87' lang='grc' dir='ltr'>τῶν</span> 
     </span>
    </p>
   </div>
   <div class='ocr_carea' id='block_1_75' title="bbox 1890 1298 3467 1372">
    <p class='ocr_par' dir='ltr' id='par_1_75' title="bbox 1890 1298 3467 1372">
     <span class='ocr_line' id='line_1_75' title="bbox 1890 1298 3467 1372; baseline 0.001 -20"><span class='ocrx_word' id='word_1_576' title='bbox 1890 1298 2086 1353; x_wconf 84' lang='grc' dir='ltr'>κοινῶν</span> <span class='ocrx_word' id='word_1_577' title='bbox 2133 1300 2426 1371; x_wconf 74' lang='grc' dir='ltr'>τραπεζῶν</span> <span class='ocrx_word' id='word_1_578' title='bbox 2469 1300 2872 1372; x_wconf 83' lang='grc' dir='ltr'>διαλεγόμενος,</span> <span class='ocrx_word' id='word_1_579' title='bbox 2929 1304 3007 1364; x_wconf 86' lang='grc' dir='ltr'>εἰς</span> <span class='ocrx_word' id='word_1_580' title='bbox 3062 1301 3154 1355; x_wconf 82' lang='grc' dir='ltr'>τὸν</span> <span class='ocrx_word' id='word_1_581' title='bbox 3188 1302 3317 1371; x_wconf 75' lang='grc' dir='ltr'>περὶ</span> <span class='ocrx_word' id='word_1_582' title='bbox 3355 1301 3467 1354; x_wconf 88' lang='grc' dir='ltr'>τῶν</span> 
     </span>
    </p>
   </div>
   <div class='ocr_carea' id='block_1_76' title="bbox 1893 1387 3465 1460">
    <p class='ocr_par' dir='ltr' id='par_1_76' title="bbox 1893 1387 3465 1460">
     <span class='ocr_line' id='line_1_76' title="bbox 1893 1387 3465 1460; baseline 0.001 -21"><span class='ocrx_word' id='word_1_583' title='bbox 1893 1387 2208 1458; x_wconf 87' lang='grc' dir='ltr'>μυστηρίων</span> <span class='ocrx_word' id='word_1_584' title='bbox 2235 1387 2398 1460; x_wconf 78' lang='grc' dir='ltr'>ἐξέϐη</span> <span class='ocrx_word' id='word_1_585' title='bbox 2435 1388 2612 1459; x_wconf 91' lang='grc' dir='ltr'>λόγον.</span> <span class='ocrx_word' id='word_1_586' title='bbox 2648 1388 2760 1444; x_wconf 78' lang='lat' dir='ltr'><strong>Kal</strong></span> <span class='ocrx_word' id='word_1_587' title='bbox 2790 1388 3024 1443; x_wconf 90' lang='grc' dir='ltr'>ἐνταῦθα</span> <span class='ocrx_word' id='word_1_588' title='bbox 3051 1388 3255 1453; x_wconf 89' lang='grc' dir='ltr'>τοίνυν,</span> <span class='ocrx_word' id='word_1_589' title='bbox 3276 1388 3465 1442; x_wconf 58' lang='grc' dir='ltr'>ἐπειδὴ</span> 
     </span>
    </p>
   </div>
   <div class='ocr_carea' id='block_1_77' title="bbox 1891 1472 3465 1548">
    <p class='ocr_par' dir='ltr' id='par_1_77' title="bbox 1891 1472 3465 1548">
     <span class='ocr_line' id='line_1_77' title="bbox 1891 1472 3465 1548; baseline 0 -21"><span class='ocrx_word' id='word_1_590' title='bbox 1891 1472 2230 1529; x_wconf 85' lang='grc' dir='ltr'>πλεονεκτῶν</span> <span class='ocrx_word' id='word_1_591' title='bbox 2253 1474 2495 1545; x_wconf 87' lang='grc' dir='ltr'>ἀδελφῶν</span> <span class='ocrx_word' id='word_1_592' title='bbox 2523 1476 2919 1548; x_wconf 81' lang='grc' dir='ltr'>ἐμνημόνευσε,</span> <span class='ocrx_word' id='word_1_593' title='bbox 2950 1475 3089 1541; x_wconf 82' lang='grc' dir='ltr'>ζέων</span> <span class='ocrx_word' id='word_1_594' title='bbox 3118 1479 3186 1548; x_wconf 75' lang='grc' dir='ltr'>τῇ</span> <span class='ocrx_word' id='word_1_595' title='bbox 3218 1476 3465 1546; x_wconf 82' lang='grc' dir='ltr'>φροντίδι</span> 
     </span>
    </p>
   </div>
   <div class='ocr_carea' id='block_1_78' title="bbox 1888 1561 3467 1635">
    <p class='ocr_par' dir='ltr' id='par_1_78' title="bbox 1888 1561 3467 1635">
     <span class='ocr_line' id='line_1_78' title="bbox 1888 1561 3467 1635; baseline 0.001 -21"><span class='ocrx_word' id='word_1_596' title='bbox 1888 1564 1989 1633; x_wconf 77' lang='grc' dir='ltr'>τῆς</span> <span class='ocrx_word' id='word_1_597' title='bbox 2045 1561 2386 1634; x_wconf 84' lang='grc' dir='ltr'>διορθώσεως</span> <span class='ocrx_word' id='word_1_598' title='bbox 2428 1562 2535 1618; x_wconf 92' lang='grc' dir='ltr'>τῶν</span> <span class='ocrx_word' id='word_1_599' title='bbox 2588 1563 3014 1635; x_wconf 82' lang='grc' dir='ltr'>ἁμαρτανόντων</span> <span class='ocrx_word' id='word_1_600' title='bbox 3058 1564 3158 1619; x_wconf 77' lang='grc' dir='ltr'>οὐκ</span> <span class='ocrx_word' id='word_1_601' title='bbox 3213 1562 3467 1633; x_wconf 82' lang='grc' dir='ltr'>ἀνέχεται</span> 
     </span>
    </p>
   </div>
   <div class='ocr_carea' id='block_1_79' title="bbox 1890 1648 3468 1722">
    <p class='ocr_par' dir='ltr' id='par_1_79' title="bbox 1890 1648 3468 1722">
     <span class='ocr_line' id='line_1_79' title="bbox 1890 1648 3468 1722; baseline -0.002 -20"><span class='ocrx_word' id='word_1_602' title='bbox 1890 1648 2217 1721; x_wconf 84' lang='grc' dir='ltr'>διατηρῆσαι</span> <span class='ocrx_word' id='word_1_603' title='bbox 2241 1649 2397 1717; x_wconf 81' lang='grc' dir='ltr'>τάξιν</span> <span class='ocrx_word' id='word_1_604' title='bbox 2414 1666 2427 1680; x_wconf 89' lang='grc'>·</span> <span class='ocrx_word' id='word_1_605' title='bbox 2478 1650 2616 1704; x_wconf 85' lang='grc' dir='ltr'>ἀλλά</span> <span class='ocrx_word' id='word_1_606' title='bbox 2644 1651 2705 1703; x_wconf 82' lang='grc' dir='ltr'>τὸ</span> <span class='ocrx_word' id='word_1_607' title='bbox 2729 1652 2795 1705; x_wconf 86' lang='grc' dir='ltr'>ἐκ</span> <span class='ocrx_word' id='word_1_608' title='bbox 2820 1650 2919 1722; x_wconf 79' lang='grc' dir='ltr'>τῆς</span> <span class='ocrx_word' id='word_1_609' title='bbox 2944 1648 3268 1711; x_wconf 83' lang='grc' dir='ltr'>ἀκολουθίας</span> <span class='ocrx_word' id='word_1_610' title='bbox 3301 1649 3468 1719; x_wconf 82' lang='grc' dir='ltr'>ἀχθὲν</span> 
     </span>
    </p>
   </div>
   <div class='ocr_carea' id='block_1_80' title="bbox 1891 1736 3466 1808">
    <p class='ocr_par' dir='ltr' id='par_1_80' title="bbox 1891 1736 3466 1808">
     <span class='ocr_line' id='line_1_80' title="bbox 1891 1736 3466 1808; baseline -0.001 -19"><span class='ocrx_word' id='word_1_611' title='bbox 1891 1737 1971 1800; x_wconf 88' lang='grc' dir='ltr'>εἰς</span> <span class='ocrx_word' id='word_1_612' title='bbox 2008 1736 2171 1808; x_wconf 89' lang='grc' dir='ltr'>μέσον</span> <span class='ocrx_word' id='word_1_613' title='bbox 2205 1736 2506 1808; x_wconf 81' lang='grc' dir='ltr'>ἁμάρτημα</span> <span class='ocrx_word' id='word_1_614' title='bbox 2552 1736 2857 1808; x_wconf 87' lang='grc' dir='ltr'>διορθοῦται</span> <span class='ocrx_word' id='word_1_615' title='bbox 2913 1736 3103 1802; x_wconf 87' lang='grc' dir='ltr'>πάλιν,</span> <span class='ocrx_word' id='word_1_616' title='bbox 3145 1737 3238 1790; x_wconf 82' lang='grc' dir='ltr'>καὶ</span> <span class='ocrx_word' id='word_1_617' title='bbox 3290 1736 3466 1799; x_wconf 81' lang='grc' dir='ltr'>οὕτως</span> 
     </span>
    </p>
   </div>
   <div class='ocr_carea' id='block_1_81' title="bbox 1892 1819 3467 1896">
    <p class='ocr_par' dir='ltr' id='par_1_81' title="bbox 1892 1819 3467 1896">
     <span class='ocr_line' id='line_1_81' title="bbox 1892 1819 3467 1896; baseline -0.002 -18"><span class='ocrx_word' id='word_1_618' title='bbox 1892 1825 1985 1878; x_wconf 81' lang='grc' dir='ltr'>ἐπὶ</span> <span class='ocrx_word' id='word_1_619' title='bbox 2053 1823 2145 1878; x_wconf 76' lang='grc' dir='ltr'>τὸν</span> <span class='ocrx_word' id='word_1_620' title='bbox 2188 1826 2452 1896; x_wconf 87' lang='grc' dir='ltr'>πρότερον</span> <span class='ocrx_word' id='word_1_621' title='bbox 2510 1825 2809 1879; x_wconf 86' lang='grc' dir='ltr'>ἐπάνεισιν.</span> <span class='ocrx_word' id='word_1_622' title='bbox 2866 1824 3213 1893; x_wconf 83' lang='grc' dir='ltr'>Ἀκούσωμεν</span> <span class='ocrx_word' id='word_1_623' title='bbox 3270 1819 3363 1876; x_wconf 77' lang='grc' dir='ltr'>οὖν</span> <span class='ocrx_word' id='word_1_624' title='bbox 3414 1822 3467 1875; x_wconf 91' lang='grc' dir='ltr'>τί</span> 
     </span>
    </p>
   </div>
   <div class='ocr_carea' id='block_1_82' title="bbox 1894 1909 3470 1982">
    <p class='ocr_par' dir='ltr' id='par_1_82' title="bbox 1894 1909 3470 1982">
     <span class='ocr_line' id='line_1_82' title="bbox 1894 1909 3470 1982; baseline -0.003 -18"><span class='ocrx_word' id='word_1_625' title='bbox 1894 1929 2026 1982; x_wconf 89' lang='grc' dir='ltr'>φησι</span> <span class='ocrx_word' id='word_1_626' title='bbox 2053 1916 2146 1966; x_wconf 83' lang='grc' dir='ltr'>καὶ</span> <span class='ocrx_word' id='word_1_627' title='bbox 2180 1913 2308 1982; x_wconf 81' lang='grc' dir='ltr'>περί</span> <span class='ocrx_word' id='word_1_628' title='bbox 2345 1912 2568 1967; x_wconf 83' lang='grc' dir='ltr'>τούτου·</span> <span class='ocrx_word' id='word_1_629' title='bbox 2610 1911 2803 1982; x_wconf 64' lang='grc' dir='ltr'>Τολμᾷ</span> <span class='ocrx_word' id='word_1_630' title='bbox 2839 1928 2930 1979; x_wconf 82' lang='grc' dir='ltr'>τις</span> <span class='ocrx_word' id='word_1_631' title='bbox 2974 1909 3144 1981; x_wconf 77' lang='grc' dir='ltr'>ὑμῶν</span> <span class='ocrx_word' id='word_1_632' title='bbox 3184 1910 3334 1978; x_wconf 77' lang='grc' dir='ltr'>πρὸς</span> <span class='ocrx_word' id='word_1_633' title='bbox 3360 1910 3470 1963; x_wconf 79' lang='grc' dir='ltr'>τὸν</span> 
     </span>
    </p>
   </div>
   <div class='ocr_carea' id='block_1_83' title="bbox 1891 1996 3469 2072">
    <p class='ocr_par' dir='ltr' id='par_1_83' title="bbox 1891 1996 3469 2072">
     <span class='ocr_line' id='line_1_83' title="bbox 1891 1996 3469 2072; baseline -0.002 -19"><span class='ocrx_word' id='word_1_634' title='bbox 1891 1998 2160 2068; x_wconf 63' lang='grc' dir='ltr'>ἀδελφὸν</span> <span class='ocrx_word' id='word_1_635' title='bbox 2188 1999 2374 2055; x_wconf 84' lang='grc' dir='ltr'>αὑτοῦ</span> <span class='ocrx_word' id='word_1_636' title='bbox 2402 1997 2642 2072; x_wconf 76' lang='grc' dir='ltr'>πρᾶγμα</span> <span class='ocrx_word' id='word_1_637' title='bbox 2668 2001 2845 2070; x_wconf 77' lang='grc' dir='ltr'>ἔχων,</span> <span class='ocrx_word' id='word_1_638' title='bbox 2874 2001 3181 2069; x_wconf 80' lang='grc' dir='ltr'>κρίνεσθαι</span> <span class='ocrx_word' id='word_1_639' title='bbox 3225 1999 3323 2052; x_wconf 73' lang='grc' dir='ltr'>ἐπὶ</span> <span class='ocrx_word' id='word_1_640' title='bbox 3350 1996 3469 2052; x_wconf 76' lang='grc' dir='ltr'>τῶν</span> 
     </span>
    </p>
   </div>
   <div class='ocr_carea' id='block_1_84' title="bbox 1893 2085 3467 2158">
    <p class='ocr_par' dir='ltr' id='par_1_84' title="bbox 1893 2085 3467 2158">
     <span class='ocr_line' id='line_1_84' title="bbox 1893 2085 3467 2158; baseline -0.003 -16"><span class='ocrx_word' id='word_1_641' title='bbox 1893 2087 2140 2150; x_wconf 73' lang='grc' dir='ltr'>ἀδίκων,</span> <span class='ocrx_word' id='word_1_642' title='bbox 2183 2089 2279 2142; x_wconf 80' lang='grc' dir='ltr'>καί</span> <span class='ocrx_word' id='word_1_643' title='bbox 2332 2089 2468 2158; x_wconf 81' lang='grc' dir='ltr'>οὺχί</span> <span class='ocrx_word' id='word_1_644' title='bbox 2525 2088 2624 2142; x_wconf 71' lang='grc' dir='ltr'>ἐπὶ</span> <span class='ocrx_word' id='word_1_645' title='bbox 2677 2087 2798 2141; x_wconf 77' lang='grc' dir='ltr'>τῶν</span> <span class='ocrx_word' id='word_1_646' title='bbox 2835 2088 3056 2157; x_wconf 81' lang='grc' dir='ltr'>άτίων;</span> <span class='ocrx_word' id='word_1_647' title='bbox 3088 2087 3235 2149; x_wconf 82' lang='grc' dir='ltr'>Τέως</span> <span class='ocrx_word' id='word_1_648' title='bbox 3269 2088 3332 2139; x_wconf 88' lang='grc' dir='ltr'>ἐκ</span> <span class='ocrx_word' id='word_1_649' title='bbox 3358 2085 3467 2137; x_wconf 79' lang='grc' dir='ltr'>τῶν</span> 
     </span>
    </p>
   </div>
   <div class='ocr_carea' id='block_1_85' title="bbox 1892 2174 3473 2248">
    <p class='ocr_par' dir='ltr' id='par_1_85' title="bbox 1892 2174 3473 2248">
     <span class='ocr_line' id='line_1_85' title="bbox 1892 2174 3473 2248; baseline 0.001 -22"><span class='ocrx_word' id='word_1_650' title='bbox 1892 2175 2172 2246; x_wconf 80' lang='grc' dir='ltr'>ὀνομάτων</span> <span class='ocrx_word' id='word_1_651' title='bbox 2202 2178 2402 2247; x_wconf 83' lang='grc' dir='ltr'>γυμνοῖ</span> <span class='ocrx_word' id='word_1_652' title='bbox 2444 2177 2539 2229; x_wconf 75' lang='grc' dir='ltr'>καὶ</span> <span class='ocrx_word' id='word_1_653' title='bbox 2590 2174 2915 2248; x_wconf 78' lang='grc' dir='ltr'>ἀποτρέπει,</span> <span class='ocrx_word' id='word_1_654' title='bbox 2948 2176 3042 2229; x_wconf 75' lang='grc' dir='ltr'>καὶ</span> <span class='ocrx_word' id='word_1_655' title='bbox 3083 2174 3324 2243; x_wconf 83' lang='grc' dir='ltr'>ἐγκαλεῖ.</span> <span class='ocrx_word' id='word_1_656' title='bbox 3357 2174 3473 2227; x_wconf 84' lang='lat' dir='ltr'>Kal</span> 
     </span>
    </p>
   </div>
   <div class='ocr_carea' id='block_1_86' title="bbox 1892 2261 3470 2335">
    <p class='ocr_par' dir='ltr' id='par_1_86' title="bbox 1892 2261 3470 2335">
     <span class='ocr_line' id='line_1_86' title="bbox 1892 2261 3470 2335; baseline -0.001 -20"><span class='ocrx_word' id='word_1_657' title='bbox 1892 2264 1957 2315; x_wconf 89' lang='grc' dir='ltr'>ἐκ</span> <span class='ocrx_word' id='word_1_658' title='bbox 1994 2263 2295 2333; x_wconf 84' lang='grc' dir='ltr'>προοιμίων</span> <span class='ocrx_word' id='word_1_659' title='bbox 2325 2263 2425 2332; x_wconf 88' lang='grc' dir='ltr'>μέν</span> <span class='ocrx_word' id='word_1_660' title='bbox 2449 2263 2548 2316; x_wconf 82' lang='grc' dir='ltr'>οὐκ</span> <span class='ocrx_word' id='word_1_661' title='bbox 2580 2262 2877 2335; x_wconf 83' lang='grc' dir='ltr'>ἀνατρέπει</span> <span class='ocrx_word' id='word_1_662' title='bbox 2906 2261 3002 2333; x_wconf 81' lang='grc' dir='ltr'>τὴν</span> <span class='ocrx_word' id='word_1_663' title='bbox 3032 2262 3217 2332; x_wconf 86' lang='grc' dir='ltr'>κρίσιν</span> <span class='ocrx_word' id='word_1_664' title='bbox 3248 2261 3348 2332; x_wconf 72' lang='grc' dir='ltr'>τὴν</span> <span class='ocrx_word' id='word_1_665' title='bbox 3375 2263 3470 2314; x_wconf 62' lang='grc' dir='ltr'>ἐ-ι</span> 
     </span>
    </p>
   </div>
   <div class='ocr_carea' id='block_1_87' title="bbox 1891 2347 3469 2420">
    <p class='ocr_par' dir='ltr' id='par_1_87' title="bbox 1891 2347 3469 2420">
     <span class='ocr_line' id='line_1_87' title="bbox 1891 2347 3469 2420; baseline 0.001 -20"><span class='ocrx_word' id='word_1_666' title='bbox 1891 2347 2001 2401; x_wconf 90' lang='grc' dir='ltr'>τῶν</span> <span class='ocrx_word' id='word_1_667' title='bbox 2042 2347 2279 2402; x_wconf 79' lang='grc' dir='ltr'>πιστῶν·</span> <span class='ocrx_word' id='word_1_668' title='bbox 2321 2349 2409 2401; x_wconf 83' lang='grc' dir='ltr'>ὅτε</span> <span class='ocrx_word' id='word_1_669' title='bbox 2454 2349 2511 2402; x_wconf 79' lang='grc' dir='ltr'>δέ</span> <span class='ocrx_word' id='word_1_670' title='bbox 2540 2350 2735 2414; x_wconf 82' lang='grc' dir='ltr'>αὐτοὺς</span> <span class='ocrx_word' id='word_1_671' title='bbox 2770 2348 3082 2420; x_wconf 71' lang='grc' dir='ltr'>κατέπληξε</span> <span class='ocrx_word' id='word_1_672' title='bbox 3110 2348 3202 2403; x_wconf 79' lang='grc' dir='ltr'>διά</span> <span class='ocrx_word' id='word_1_673' title='bbox 3235 2348 3469 2411; x_wconf 80' lang='grc' dir='ltr'>πολλῶν,</span> 
     </span>
    </p>
   </div>
   <div class='ocr_carea' id='block_1_88' title="bbox 1892 2434 3471 2509">
    <p class='ocr_par' dir='ltr' id='par_1_88' title="bbox 1892 2434 3471 2509">
     <span class='ocr_line' id='line_1_88' title="bbox 1892 2434 3471 2509; baseline -0.001 -19"><span class='ocrx_word' id='word_1_674' title='bbox 1892 2437 2014 2490; x_wconf 83' lang='grc' dir='ltr'>τότε</span> <span class='ocrx_word' id='word_1_675' title='bbox 2079 2438 2176 2491; x_wconf 73' lang='grc' dir='ltr'>καὶ</span> <span class='ocrx_word' id='word_1_676' title='bbox 2224 2436 2284 2489; x_wconf 79' lang='grc' dir='ltr'>τὸ</span> <span class='ocrx_word' id='word_1_677' title='bbox 2341 2436 2476 2499; x_wconf 84' lang='grc' dir='ltr'>ὅλως</span> <span class='ocrx_word' id='word_1_678' title='bbox 2531 2434 2684 2509; x_wconf 73' lang='grc' dir='ltr'>[ιε-ι]</span> <span class='ocrx_word' id='word_1_679' title='bbox 2747 2437 3029 2509; x_wconf 84' lang='grc' dir='ltr'>κρίνεσθαι</span> <span class='ocrx_word' id='word_1_680' title='bbox 3087 2435 3287 2491; x_wconf 79' lang='grc' dir='ltr'>ἀνεῖλε.</span> <span class='ocrx_word' id='word_1_681' title='bbox 3346 2435 3471 2489; x_wconf 80' lang='grc' dir='ltr'>Μά-</span> 
     </span>
    </p>
   </div>
   <div class='ocr_carea' id='block_1_89' title="bbox 1893 2522 3473 2596">
    <p class='ocr_par' dir='ltr' id='par_1_89' title="bbox 1893 2522 3473 2596">
     <span class='ocr_line' id='line_1_89' title="bbox 1893 2522 3473 2596; baseline -0.003 -17"><span class='ocrx_word' id='word_1_682' title='bbox 1893 2527 2050 2580; x_wconf 87' lang='grc' dir='ltr'>λιστα</span> <span class='ocrx_word' id='word_1_683' title='bbox 2102 2526 2201 2595; x_wconf 83' lang='grc' dir='ltr'>μὲν</span> <span class='ocrx_word' id='word_1_684' title='bbox 2253 2526 2364 2596; x_wconf 86' lang='grc' dir='ltr'>γάρ</span> <span class='ocrx_word' id='word_1_685' title='bbox 2420 2526 2468 2577; x_wconf 89' lang='grc' dir='ltr'>εἰ</span> <span class='ocrx_word' id='word_1_686' title='bbox 2517 2525 2599 2578; x_wconf 79' lang='grc' dir='ltr'>δεῖ</span> <span class='ocrx_word' id='word_1_687' title='bbox 2646 2524 2949 2596; x_wconf 87' lang='grc' dir='ltr'>κρίνεσθαι,</span> <span class='ocrx_word' id='word_1_688' title='bbox 2999 2526 3185 2595; x_wconf 75' lang='grc' dir='ltr'>φησὶν,</span> <span class='ocrx_word' id='word_1_689' title='bbox 3223 2522 3315 2577; x_wconf 72' lang='grc' dir='ltr'>ἐπὶ</span> <span class='ocrx_word' id='word_1_690' title='bbox 3362 2523 3473 2576; x_wconf 85' lang='grc' dir='ltr'>τῶν</span> 
     </span>
    </p>
   </div>
   <div class='ocr_carea' id='block_1_90' title="bbox 1896 2611 3472 2683">
    <p class='ocr_par' dir='ltr' id='par_1_90' title="bbox 1896 2611 3472 2683">
     <span class='ocr_line' id='line_1_90' title="bbox 1896 2611 3472 2683; baseline -0.004 -13"><span class='ocrx_word' id='word_1_691' title='bbox 1896 2615 2097 2671; x_wconf 86' lang='grc' dir='ltr'>ἀδίκων</span> <span class='ocrx_word' id='word_1_692' title='bbox 2133 2615 2233 2667; x_wconf 79' lang='grc' dir='ltr'>οὐκ</span> <span class='ocrx_word' id='word_1_693' title='bbox 2268 2613 2403 2667; x_wconf 74' lang='grc' dir='ltr'>ἔδει·</span> <span class='ocrx_word' id='word_1_694' title='bbox 2440 2613 2575 2678; x_wconf 83' lang='grc' dir='ltr'>ὅλως</span> <span class='ocrx_word' id='word_1_695' title='bbox 2602 2614 2660 2667; x_wconf 86' lang='grc' dir='ltr'>δέ</span> <span class='ocrx_word' id='word_1_696' title='bbox 2688 2614 2808 2667; x_wconf 82' lang='grc' dir='ltr'>ούδέ</span> <span class='ocrx_word' id='word_1_697' title='bbox 2834 2612 3135 2683; x_wconf 69' lang='grc' dir='ltr'>κρίνεσθαι</span> <span class='ocrx_word' id='word_1_698' title='bbox 3162 2613 3263 2668; x_wconf 73' lang='grc' dir='ltr'>δεῖ.</span> <span class='ocrx_word' id='word_1_699' title='bbox 3310 2611 3472 2664; x_wconf 82' lang='grc' dir='ltr'>Ἀλλά</span> 
     </span>
    </p>
   </div>
   <div class='ocr_carea' id='block_1_91' title="bbox 1897 2699 3472 2773">
    <p class='ocr_par' dir='ltr' id='par_1_91' title="bbox 1897 2699 3472 2773">
     <span class='ocr_line' id='line_1_91' title="bbox 1897 2699 3472 2773; baseline -0.003 -18"><span class='ocrx_word' id='word_1_700' title='bbox 1897 2702 2056 2756; x_wconf 90' lang='grc' dir='ltr'>τοῦτο</span> <span class='ocrx_word' id='word_1_701' title='bbox 2091 2703 2189 2773; x_wconf 84' lang='grc' dir='ltr'>μέν</span> <span class='ocrx_word' id='word_1_702' title='bbox 2219 2701 2444 2773; x_wconf 75' lang='grc' dir='ltr'>ὕστερον</span> <span class='ocrx_word' id='word_1_703' title='bbox 2475 2702 2693 2773; x_wconf 87' lang='grc' dir='ltr'>τίθησι·</span> <span class='ocrx_word' id='word_1_704' title='bbox 2754 2702 2890 2765; x_wconf 81' lang='grc' dir='ltr'>τέως</span> <span class='ocrx_word' id='word_1_705' title='bbox 2928 2701 2985 2755; x_wconf 86' lang='grc' dir='ltr'>δέ</span> <span class='ocrx_word' id='word_1_706' title='bbox 3020 2700 3082 2754; x_wconf 80' lang='grc' dir='ltr'>τὸ</span> <span class='ocrx_word' id='word_1_707' title='bbox 3112 2700 3329 2771; x_wconf 88' lang='grc' dir='ltr'>πρῶτον</span> <span class='ocrx_word' id='word_1_708' title='bbox 3356 2699 3472 2752; x_wconf 80' lang='grc' dir='ltr'>δια-</span> 
     </span>
    </p>
   </div>
   <div class='ocr_carea' id='block_1_92' title="bbox 1899 2788 3477 2861">
    <p class='ocr_par' dir='ltr' id='par_1_92' title="bbox 1899 2788 3477 2861">
     <span class='ocr_line' id='line_1_92' title="bbox 1899 2788 3477 2861; baseline -0.002 -18"><span class='ocrx_word' id='word_1_709' title='bbox 1899 2790 2153 2860; x_wconf 88' lang='grc' dir='ltr'>καθαίρει</span> <span class='ocrx_word' id='word_1_710' title='bbox 2189 2789 2252 2842; x_wconf 68' lang='lat' dir='ltr'><strong>to</strong></span> <span class='ocrx_word' id='word_1_711' title='bbox 2289 2791 2363 2861; x_wconf 79' lang='grc' dir='ltr'>μὴ</span> <span class='ocrx_word' id='word_1_712' title='bbox 2399 2789 2505 2854; x_wconf 80' lang='grc' dir='ltr'>ἐξω</span> <span class='ocrx_word' id='word_1_713' title='bbox 2535 2790 2875 2855; x_wconf 86' lang='grc' dir='ltr'>δικάζεσθαι.</span> <span class='ocrx_word' id='word_1_714' title='bbox 2923 2788 3049 2853; x_wconf 80' lang='grc' dir='ltr'>Πῶς</span> <span class='ocrx_word' id='word_1_715' title='bbox 3078 2788 3187 2859; x_wconf 87' lang='lat'>7&amp;9</span> <span class='ocrx_word' id='word_1_716' title='bbox 3219 2788 3320 2842; x_wconf 78' lang='grc' dir='ltr'>οὑκ</span> <span class='ocrx_word' id='word_1_717' title='bbox 3345 2790 3477 2843; x_wconf 79' lang='grc' dir='ltr'>ἀτοο</span> 
     </span>
    </p>
   </div>
   <div class='ocr_carea' id='block_1_93' title="bbox 1899 2877 3478 2948">
    <p class='ocr_par' dir='ltr' id='par_1_93' title="bbox 1899 2877 3478 2948">
     <span class='ocr_line' id='line_1_93' title="bbox 1899 2877 3478 2948; baseline -0.003 -17"><span class='ocrx_word' id='word_1_718' title='bbox 1899 2878 2169 2948; x_wconf 81' lang='grc' dir='ltr'>πον-πρὸς</span> <span class='ocrx_word' id='word_1_719' title='bbox 2213 2882 2308 2930; x_wconf 87' lang='grc' dir='ltr'>τὸν</span> <span class='ocrx_word' id='word_1_720' title='bbox 2360 2878 2513 2945; x_wconf 84' lang='grc' dir='ltr'>φίλον</span> <span class='ocrx_word' id='word_1_721' title='bbox 2563 2877 3006 2948; x_wconf 65' lang='grc' dir='ltr'>μικροῲυχοῦντα</span> <span class='ocrx_word' id='word_1_722' title='bbox 3053 2877 3104 2940; x_wconf 68' lang='grc' dir='ltr'>δ,</span> <span class='ocrx_word' id='word_1_723' title='bbox 3147 2878 3241 2931; x_wconf 79' lang='grc' dir='ltr'>τὸν</span> <span class='ocrx_word' id='word_1_724' title='bbox 3285 2877 3478 2947; x_wconf 74' lang='grc' dir='ltr'>ἐχθρὸν</span> 
     </span>
    </p>
   </div>
   <div class='ocr_carea' id='block_1_94' title="bbox 1903 2963 3480 3036">
    <p class='ocr_par' dir='ltr' id='par_1_94' title="bbox 1903 2963 3480 3036">
     <span class='ocr_line' id='line_1_94' title="bbox 1903 2963 3480 3036; baseline -0.003 -16"><span class='ocrx_word' id='word_1_725' title='bbox 1903 2965 2279 3033; x_wconf 87' lang='grc' dir='ltr'>καταλλάκτην</span> <span class='ocrx_word' id='word_1_726' title='bbox 2306 2964 2628 3036; x_wconf 87' lang='grc' dir='ltr'>λαμϐάνειν,</span> <span class='ocrx_word' id='word_1_727' title='bbox 2656 2965 2829 3035; x_wconf 88' lang='grc' dir='ltr'>φησί;</span> <span class='ocrx_word' id='word_1_728' title='bbox 2879 2964 2999 3027; x_wconf 90' lang='grc' dir='ltr'>πῶς</span> <span class='ocrx_word' id='word_1_729' title='bbox 3029 2963 3085 3016; x_wconf 77' lang='grc' dir='ltr'>δέ</span> <span class='ocrx_word' id='word_1_730' title='bbox 3116 2964 3218 3017; x_wconf 85' lang='grc' dir='ltr'>οὐκ</span> <span class='ocrx_word' id='word_1_731' title='bbox 3243 2963 3480 3036; x_wconf 78' lang='grc' dir='ltr'>αἰσχύνῃ</span> 
     </span>
    </p>
   </div>
   <div class='ocr_carea' id='block_1_95' title="bbox 1900 3051 3478 3126">
    <p class='ocr_par' dir='ltr' id='par_1_95' title="bbox 1900 3051 3478 3126">
     <span class='ocr_line' id='line_1_95' title="bbox 1900 3051 3478 3126; baseline -0.003 -17"><span class='ocrx_word' id='word_1_732' title='bbox 1900 3055 2021 3109; x_wconf 86' lang='grc' dir='ltr'>οὐδέ</span> <span class='ocrx_word' id='word_1_733' title='bbox 2049 3054 2330 3126; x_wconf 82' lang='grc' dir='ltr'>ἐρυθριᾷς,</span> <span class='ocrx_word' id='word_1_734' title='bbox 2360 3054 2489 3107; x_wconf 80' lang='grc' dir='ltr'>ὅταν</span> <span class='ocrx_word' id='word_1_735' title='bbox 2512 3053 2711 3124; x_wconf 84' lang='grc' dir='ltr'>Ἕλλην</span> <span class='ocrx_word' id='word_1_736' title='bbox 2736 3053 2815 3124; x_wconf 79' lang='grc' dir='ltr'>τῷ</span> <span class='ocrx_word' id='word_1_737' title='bbox 2841 3054 3153 3123; x_wconf 77' lang='grc' dir='ltr'>Χριστιανῷ</span> <span class='ocrx_word' id='word_1_738' title='bbox 3177 3051 3478 3123; x_wconf 87' lang='grc' dir='ltr'>καθέζηται</span> 
     </span>
    </p>
   </div>
   <div class='ocr_carea' id='block_1_96' title="bbox 1901 3138 3479 3215">
    <p class='ocr_par' dir='ltr' id='par_1_96' title="bbox 1901 3138 3479 3215">
     <span class='ocr_line' id='line_1_96' title="bbox 1901 3138 3479 3215; baseline -0.002 -20"><span class='ocrx_word' id='word_1_739' title='bbox 1901 3142 2173 3208; x_wconf 86' lang='grc' dir='ltr'>δικάζων;</span> <span class='ocrx_word' id='word_1_740' title='bbox 2210 3142 2273 3193; x_wconf 84' lang='grc' dir='ltr'>Εἰ</span> <span class='ocrx_word' id='word_1_741' title='bbox 2304 3142 2360 3193; x_wconf 88' lang='grc' dir='ltr'>δέ</span> <span class='ocrx_word' id='word_1_742' title='bbox 2390 3142 2531 3211; x_wconf 82' lang='grc' dir='ltr'>ὑπὲρ</span> <span class='ocrx_word' id='word_1_743' title='bbox 2561 3140 2844 3194; x_wconf 88' lang='grc' dir='ltr'>ἰδιωτικῶν</span> <span class='ocrx_word' id='word_1_744' title='bbox 2870 3142 2931 3193; x_wconf 79' lang='grc' dir='ltr'>οὐ</span> <span class='ocrx_word' id='word_1_745' title='bbox 2954 3140 3061 3212; x_wconf 72' lang='grc' dir='ltr'>χρὴ</span> <span class='ocrx_word' id='word_1_746' title='bbox 3090 3141 3227 3215; x_wconf 35' lang='grc' dir='ltr'>παρ’,</span> <span class='ocrx_word' id='word_1_747' title='bbox 3250 3138 3479 3210; x_wconf 82' lang='grc' dir='ltr'>Ἕλλησι</span> 
     </span>
    </p>
   </div>
   <div class='ocr_carea' id='block_1_97' title="bbox 1903 3229 3481 3301">
    <p class='ocr_par' dir='ltr' id='par_1_97' title="bbox 1903 3229 3481 3301">
     <span class='ocr_line' id='line_1_97' title="bbox 1903 3229 3481 3301; baseline -0.002 -16"><span class='ocrx_word' id='word_1_748' title='bbox 1903 3230 2244 3295; x_wconf 80' lang='grc' dir='ltr'>δικάζεσθαι,</span> <span class='ocrx_word' id='word_1_749' title='bbox 2295 3230 2412 3293; x_wconf 88' lang='grc' dir='ltr'>πῶς</span> <span class='ocrx_word' id='word_1_750' title='bbox 2470 3230 2656 3292; x_wconf 82' lang='grc' dir='ltr'>αὐτοῖς</span> <span class='ocrx_word' id='word_1_751' title='bbox 2702 3229 3072 3300; x_wconf 73' lang='grc' dir='ltr'>ἐπιτρέψομεν</span> <span class='ocrx_word' id='word_1_752' title='bbox 3106 3230 3245 3301; x_wconf 78' lang='grc' dir='ltr'>ὑπὲρ</span> <span class='ocrx_word' id='word_1_753' title='bbox 3279 3229 3481 3300; x_wconf 81' lang='grc' dir='ltr'>ἐτέρων</span> 
     </span>
    </p>
   </div>
   <div class='ocr_carea' id='block_1_98' title="bbox 1908 3312 3486 3392">
    <p class='ocr_par' dir='ltr' id='par_1_98' title="bbox 1908 3312 3486 3392">
     <span class='ocr_line' id='line_1_98' title="bbox 1908 3312 3486 3392; baseline -0.001 -19"><span class='ocrx_word' id='word_1_754' title='bbox 1908 3320 2208 3392; x_wconf 77' lang='grc' dir='ltr'>μειζόνωνς</span> <span class='ocrx_word' id='word_1_755' title='bbox 2245 3320 2357 3373; x_wconf 80' lang='lat' dir='ltr'><strong>Kal</strong></span> <span class='ocrx_word' id='word_1_756' title='bbox 2383 3319 2488 3388; x_wconf 83' lang='grc' dir='ltr'>ὅρα</span> <span class='ocrx_word' id='word_1_757' title='bbox 2519 3317 2636 3382; x_wconf 88' lang='grc' dir='ltr'>πῶς</span> <span class='ocrx_word' id='word_1_758' title='bbox 2664 3312 2850 3371; x_wconf 78' lang='grc' dir='ltr'>εἶπεν·</span> <span class='ocrx_word' id='word_1_759' title='bbox 2879 3318 2979 3372; x_wconf 85' lang='grc' dir='ltr'>ούκ</span> <span class='ocrx_word' id='word_1_760' title='bbox 3005 3313 3180 3383; x_wconf 79' lang='grc' dir='ltr'>εἶπεν,</span> <span class='ocrx_word' id='word_1_761' title='bbox 3228 3319 3349 3371; x_wconf 82' lang='grc' dir='ltr'>Ἑπί</span> <span class='ocrx_word' id='word_1_762' title='bbox 3376 3319 3486 3371; x_wconf 82' lang='grc' dir='ltr'>τῶν</span> 
     </span>
    </p>
   </div>
   <div class='ocr_carea' id='block_1_99' title="bbox 1906 3398 3488 3475">
    <p class='ocr_par' dir='ltr' id='par_1_99' title="bbox 1906 3398 3488 3475">
     <span class='ocr_line' id='line_1_99' title="bbox 1906 3398 3488 3475; baseline -0.002 -15"><span class='ocrx_word' id='word_1_763' title='bbox 1906 3407 2175 3470; x_wconf 86' lang='grc' dir='ltr'>ἀπίστων,</span> <span class='ocrx_word' id='word_1_764' title='bbox 2212 3406 2351 3472; x_wconf 76' lang='grc' dir='ltr'>ἀλλ’,</span> <span class='ocrx_word' id='word_1_765' title='bbox 2387 3404 2520 3459; x_wconf 80' lang='grc' dir='ltr'>Ἐπί</span> <span class='ocrx_word' id='word_1_766' title='bbox 2574 3403 2696 3458; x_wconf 81' lang='grc' dir='ltr'>τῶν</span> <span class='ocrx_word' id='word_1_767' title='bbox 2750 3403 2995 3471; x_wconf 77' lang='grc' dir='ltr'>ἀδίκων,</span> <span class='ocrx_word' id='word_1_768' title='bbox 3034 3403 3195 3470; x_wconf 80' lang='grc' dir='ltr'>λέξιν</span> <span class='ocrx_word' id='word_1_769' title='bbox 3236 3404 3372 3468; x_wconf 75' lang='grc' dir='ltr'>θεὶς,</span> <span class='ocrx_word' id='word_1_770' title='bbox 3416 3398 3488 3475; x_wconf 78' lang='grc' dir='ltr'>ἧς</span> 
     </span>
    </p>
   </div>
   <div class='ocr_carea' id='block_1_100' title="bbox 1911 3491 3483 3567">
    <p class='ocr_par' dir='ltr' id='par_1_100' title="bbox 1911 3491 3483 3567">
     <span class='ocr_line' id='line_1_100' title="bbox 1911 3491 3483 3567; baseline -0.002 -19"><span class='ocrx_word' id='word_1_771' title='bbox 1911 3495 2146 3567; x_wconf 88' lang='grc' dir='ltr'>μάλιστα</span> <span class='ocrx_word' id='word_1_772' title='bbox 2176 3494 2365 3567; x_wconf 88' lang='grc' dir='ltr'>χρείαν</span> <span class='ocrx_word' id='word_1_773' title='bbox 2398 3491 2544 3565; x_wconf 74' lang='grc' dir='ltr'>εῖχεν</span> <span class='ocrx_word' id='word_1_774' title='bbox 2572 3495 2651 3557; x_wconf 89' lang='grc' dir='ltr'>εἰς</span> <span class='ocrx_word' id='word_1_775' title='bbox 2678 3493 2778 3564; x_wconf 83' lang='grc' dir='ltr'>τὴν</span> <span class='ocrx_word' id='word_1_776' title='bbox 2804 3491 3177 3564; x_wconf 86' lang='grc' dir='ltr'>προκειμένην</span> <span class='ocrx_word' id='word_1_777' title='bbox 3205 3492 3483 3556; x_wconf 83' lang='grc' dir='ltr'>ὑπόθεσιν,</span> 
     </span>
    </p>
   </div>
   <div class='ocr_carea' id='block_1_101' title="bbox 1908 3578 3489 3654">
    <p class='ocr_par' dir='ltr' id='par_1_101' title="bbox 1908 3578 3489 3654">
     <span class='ocr_line' id='line_1_101' title="bbox 1908 3578 3489 3654; baseline -0.003 -17"><span class='ocrx_word' id='word_1_778' title='bbox 1908 3584 2050 3637; x_wconf 82' lang='grc' dir='ltr'>ὥστε</span> <span class='ocrx_word' id='word_1_779' title='bbox 2081 3580 2387 3654; x_wconf 79' lang='grc' dir='ltr'>ἀποτρέψαι</span> <span class='ocrx_word' id='word_1_780' title='bbox 2444 3582 2538 3635; x_wconf 75' lang='grc' dir='ltr'>καὶ</span> <span class='ocrx_word' id='word_1_781' title='bbox 2566 3582 2896 3649; x_wconf 82' lang='grc' dir='ltr'>ἀπαγαγεῖν.</span> <span class='ocrx_word' id='word_1_782' title='bbox 2926 3580 3145 3651; x_wconf 75' lang='grc' dir='ltr'>Ἐπειδὴ</span> <span class='ocrx_word' id='word_1_783' title='bbox 3199 3580 3308 3649; x_wconf 91' lang='lat'>7&amp;9</span> <span class='ocrx_word' id='word_1_784' title='bbox 3358 3578 3489 3650; x_wconf 76' lang='grc' dir='ltr'>περὶ</span> 
     </span>
    </p>
   </div>
   <div class='ocr_carea' id='block_1_102' title="bbox 1908 3660 3486 3744">
    <p class='ocr_par' dir='ltr' id='par_1_102' title="bbox 1908 3660 3486 3744">
     <span class='ocr_line' id='line_1_102' title="bbox 1908 3660 3486 3744; baseline -0.005 -16"><span class='ocrx_word' id='word_1_785' title='bbox 1908 3673 2066 3744; x_wconf 85' lang='grc' dir='ltr'>δίκης</span> <span class='ocrx_word' id='word_1_786' title='bbox 2093 3660 2243 3742; x_wconf 81' lang='grc' dir='ltr'>αὐτῷ</span> <span class='ocrx_word' id='word_1_787' title='bbox 2283 3672 2312 3723; x_wconf 88' lang='grc' dir='ltr'>ὁ</span> <span class='ocrx_word' id='word_1_788' title='bbox 2344 3669 2501 3739; x_wconf 88' lang='grc' dir='ltr'>λόγος</span> <span class='ocrx_word' id='word_1_789' title='bbox 2541 3665 2630 3740; x_wconf 73' lang='grc' dir='ltr'>ἦν,</span> <span class='ocrx_word' id='word_1_790' title='bbox 2663 3672 2711 3723; x_wconf 90' lang='grc' dir='ltr'>οἰ</span> <span class='ocrx_word' id='word_1_791' title='bbox 2744 3668 3091 3739; x_wconf 84' lang='grc' dir='ltr'>δικαζόμενοι</span> <span class='ocrx_word' id='word_1_792' title='bbox 3122 3670 3179 3723; x_wconf 82' lang='grc' dir='ltr'>δὲ</span> <span class='ocrx_word' id='word_1_793' title='bbox 3218 3668 3369 3722; x_wconf 81' lang='grc' dir='ltr'>ούδέν</span> <span class='ocrx_word' id='word_1_794' title='bbox 3392 3668 3486 3722; x_wconf 86' lang='grc' dir='ltr'>οῦ-</span> 
     </span>
    </p>
   </div>
   <div class='ocr_carea' id='block_1_103' title="bbox 1906 3752 3486 3829">
    <p class='ocr_par' dir='ltr' id='par_1_103' title="bbox 1906 3752 3486 3829">
     <span class='ocr_line' id='line_1_103' title="bbox 1906 3752 3486 3829; baseline -0.005 -15"><span class='ocrx_word' id='word_1_795' title='bbox 1906 3777 2017 3824; x_wconf 87' lang='grc' dir='ltr'>τως</span> <span class='ocrx_word' id='word_1_796' title='bbox 2046 3758 2416 3829; x_wconf 87' lang='grc' dir='ltr'>ἐπιζητοῦσιν,</span> <span class='ocrx_word' id='word_1_797' title='bbox 2454 3757 2529 3820; x_wconf 83' lang='grc' dir='ltr'>ὡς</span> <span class='ocrx_word' id='word_1_798' title='bbox 2572 3757 2637 3809; x_wconf 80' lang='grc' dir='ltr'>τὸ</span> <span class='ocrx_word' id='word_1_799' title='bbox 2683 3756 2885 3827; x_wconf 83' lang='grc' dir='ltr'>πολλὴν</span> <span class='ocrx_word' id='word_1_800' title='bbox 2919 3752 3057 3808; x_wconf 81' lang='grc' dir='ltr'>εἶναι</span> <span class='ocrx_word' id='word_1_801' title='bbox 3098 3756 3353 3825; x_wconf 88' lang='grc' dir='ltr'>πρόνοιαν</span> <span class='ocrx_word' id='word_1_802' title='bbox 3390 3754 3486 3807; x_wconf 87' lang='grc' dir='ltr'>τοῦ</span> 
     </span>
    </p>
   </div>
   <div class='ocr_carea' id='block_1_104' title="bbox 1909 3841 3488 3916">
    <p class='ocr_par' dir='ltr' id='par_1_104' title="bbox 1909 3841 3488 3916">
     <span class='ocr_line' id='line_1_104' title="bbox 1909 3841 3488 3916; baseline -0.004 -14"><span class='ocrx_word' id='word_1_803' title='bbox 1909 3846 2120 3902; x_wconf 86' lang='grc' dir='ltr'>δικαίου</span> <span class='ocrx_word' id='word_1_804' title='bbox 2154 3845 2305 3916; x_wconf 91' lang='grc' dir='ltr'>παρά</span> <span class='ocrx_word' id='word_1_805' title='bbox 2337 3846 2450 3907; x_wconf 84' lang='grc' dir='ltr'>τοῖς</span> <span class='ocrx_word' id='word_1_806' title='bbox 2475 3843 2809 3908; x_wconf 83' lang='grc' dir='ltr'>δικάζουσιν,</span> <span class='ocrx_word' id='word_1_807' title='bbox 2836 3841 3088 3896; x_wconf 89' lang='grc' dir='ltr'>ἐντεῦθεν</span> <span class='ocrx_word' id='word_1_808' title='bbox 3120 3842 3322 3904; x_wconf 78' lang='grc' dir='ltr'>αὐτοὺς</span> <span class='ocrx_word' id='word_1_809' title='bbox 3348 3842 3488 3895; x_wconf 82' lang='grc' dir='ltr'>ἀπο-</span> 
     </span>
    </p>
   </div>
   <div class='ocr_carea' id='block_1_105' title="bbox 1910 3930 3487 4007">
    <p class='ocr_par' dir='ltr' id='par_1_105' title="bbox 1910 3930 3487 4007">
     <span class='ocr_line' id='line_1_105' title="bbox 1910 3930 3487 4007; baseline -0.005 -18"><span class='ocrx_word' id='word_1_810' title='bbox 1910 3935 2124 4007; x_wconf 85' lang='grc' dir='ltr'>τρέπει,</span> <span class='ocrx_word' id='word_1_811' title='bbox 2159 3932 2442 4005; x_wconf 79' lang='grc' dir='ltr'>μονονουχὶ</span> <span class='ocrx_word' id='word_1_812' title='bbox 2491 3932 2665 4001; x_wconf 75' lang='grc' dir='ltr'>λέγων</span> <span class='ocrx_word' id='word_1_813' title='bbox 2762 3931 2862 3983; x_wconf 84' lang='grc' dir='ltr'>Ποῖ</span> <span class='ocrx_word' id='word_1_814' title='bbox 2916 3931 3059 4003; x_wconf 81' lang='grc' dir='ltr'>φέρῃ</span> <span class='ocrx_word' id='word_1_815' title='bbox 3087 3930 3181 3983; x_wconf 75' lang='grc' dir='ltr'>καὶ</span> <span class='ocrx_word' id='word_1_816' title='bbox 3206 3930 3256 3981; x_wconf 90' lang='grc' dir='ltr'>τί</span> <span class='ocrx_word' id='word_1_817' title='bbox 3291 3932 3487 3993; x_wconf 83' lang='grc' dir='ltr'>ποιεῖς,</span> 
     </span>
    </p>
   </div>
   <div class='ocr_carea' id='block_1_106' title="bbox 1912 4013 3493 4092">
    <p class='ocr_par' dir='ltr' id='par_1_106' title="bbox 1912 4013 3493 4092">
     <span class='ocr_line' id='line_1_106' title="bbox 1912 4013 3493 4092; baseline -0.006 -12"><span class='ocrx_word' id='word_1_818' title='bbox 1912 4024 2187 4092; x_wconf 77' lang='grc' dir='ltr'>ἄνθρωπε,</span> <span class='ocrx_word' id='word_1_819' title='bbox 2246 4022 2554 4075; x_wconf 82' lang='grc' dir='ltr'>τούναντίον</span> <span class='ocrx_word' id='word_1_820' title='bbox 2606 4021 2853 4091; x_wconf 86' lang='grc' dir='ltr'>πάσχων,</span> <span class='ocrx_word' id='word_1_821' title='bbox 2907 4013 2982 4074; x_wconf 81' lang='grc' dir='ltr'>ῶν</span> <span class='ocrx_word' id='word_1_822' title='bbox 3030 4019 3342 4088; x_wconf 86' lang='grc' dir='ltr'>ἐπιθυμεῖς,</span> <span class='ocrx_word' id='word_1_823' title='bbox 3397 4018 3493 4072; x_wconf 70' lang='grc' dir='ltr'>καὶ⁴</span> 
     </span>
    </p>
   </div>
   <div class='ocr_carea' id='block_1_107' title="bbox 1915 4107 3493 4183">
    <p class='ocr_par' dir='ltr' id='par_1_107' title="bbox 1915 4107 3493 4183">
     <span class='ocr_line' id='line_1_107' title="bbox 1915 4107 3493 4183; baseline -0.005 -18"><span class='ocrx_word' id='word_1_824' title='bbox 1915 4112 2055 4183; x_wconf 82' lang='grc' dir='ltr'>ὑπὲρ</span> <span class='ocrx_word' id='word_1_825' title='bbox 2106 4110 2201 4163; x_wconf 88' lang='grc' dir='ltr'>τοῦ</span> <span class='ocrx_word' id='word_1_826' title='bbox 2252 4108 2361 4162; x_wconf 88' lang='grc' dir='ltr'>τῶν</span> <span class='ocrx_word' id='word_1_827' title='bbox 2410 4108 2637 4161; x_wconf 86' lang='grc' dir='ltr'>δικαίων</span> <span class='ocrx_word' id='word_1_828' title='bbox 2694 4110 2876 4177; x_wconf 79' lang='grc' dir='ltr'>τυχεῖν</span> <span class='ocrx_word' id='word_1_829' title='bbox 2914 4107 3122 4169; x_wconf 88' lang='grc' dir='ltr'>ἀδίκοις</span> <span class='ocrx_word' id='word_1_830' title='bbox 3177 4107 3493 4177; x_wconf 83' lang='grc' dir='ltr'>ἐπιτρέπων</span> 
     </span>
    </p>
   </div>
   <div class='ocr_carea' id='block_1_108' title="bbox 1915 4188 3491 4272">
    <p class='ocr_par' dir='ltr' id='par_1_108' title="bbox 1915 4188 3491 4272">
     <span class='ocr_line' id='line_1_108' title="bbox 1915 4188 3491 4272; baseline -0.006 -17"><span class='ocrx_word' id='word_1_831' title='bbox 1915 4198 2257 4272; x_wconf 81' lang='grc' dir='ltr'>ἀνθρώποις;</span> <span class='ocrx_word' id='word_1_832' title='bbox 2291 4198 2403 4251; x_wconf 83' lang='lat' dir='ltr'>Kal</span> <span class='ocrx_word' id='word_1_833' title='bbox 2427 4195 2613 4267; x_wconf 82' lang='grc' dir='ltr'>ἐπειδὴ</span> <span class='ocrx_word' id='word_1_834' title='bbox 2648 4194 2849 4256; x_wconf 84' lang='grc' dir='ltr'>εὐθέως</span> <span class='ocrx_word' id='word_1_835' title='bbox 2876 4193 3133 4263; x_wconf 78' lang='grc' dir='ltr'>φορτικὸν</span> <span class='ocrx_word' id='word_1_836' title='bbox 3162 4188 3231 4264; x_wconf 81' lang='grc' dir='ltr'>ἦν</span> <span class='ocrx_word' id='word_1_837' title='bbox 3258 4192 3491 4246; x_wconf 85' lang='grc' dir='ltr'>ἀκοῦσαι</span> 
     </span>
    </p>
   </div>
   <div class='ocr_carea' id='block_1_109' title="bbox 1916 4279 3495 4359">
    <p class='ocr_par' dir='ltr' id='par_1_109' title="bbox 1916 4279 3495 4359">
     <span class='ocr_line' id='line_1_109' title="bbox 1916 4279 3495 4359; baseline -0.004 -19"><span class='ocrx_word' id='word_1_838' title='bbox 1916 4287 1977 4340; x_wconf 76' lang='grc' dir='ltr'>τὸ</span> <span class='ocrx_word' id='word_1_839' title='bbox 2009 4287 2084 4359; x_wconf 80' lang='grc' dir='ltr'>μὴ</span> <span class='ocrx_word' id='word_1_840' title='bbox 2115 4285 2455 4351; x_wconf 85' lang='grc' dir='ltr'>δικάζεσθαι,</span> <span class='ocrx_word' id='word_1_841' title='bbox 2484 4285 2583 4337; x_wconf 84' lang='grc' dir='ltr'>οὑκ</span> <span class='ocrx_word' id='word_1_842' title='bbox 2617 4282 2823 4345; x_wconf 79' lang='grc' dir='ltr'>εὐθέως</span> <span class='ocrx_word' id='word_1_843' title='bbox 2850 4279 3008 4334; x_wconf 84' lang='grc' dir='ltr'>τοῦτο</span> <span class='ocrx_word' id='word_1_844' title='bbox 3031 4280 3331 4349; x_wconf 85' lang='grc' dir='ltr'>ἐπήγαγεν,</span> <span class='ocrx_word' id='word_1_845' title='bbox 3357 4280 3495 4334; x_wconf 75' lang='grc' dir='ltr'>ἀλλά</span> 
     </span>
    </p>
   </div>
   <div class='ocr_carea' id='block_1_110' title="bbox 1916 4365 3495 4442">
    <p class='ocr_par' dir='ltr' id='par_1_110' title="bbox 1916 4365 3495 4442">
     <span class='ocr_line' id='line_1_110' title="bbox 1916 4365 3495 4442; baseline -0.005 -15"><span class='ocrx_word' id='word_1_846' title='bbox 1916 4375 2043 4438; x_wconf 85' lang='grc' dir='ltr'>τοὺς</span> <span class='ocrx_word' id='word_1_847' title='bbox 2071 4373 2391 4438; x_wconf 88' lang='grc' dir='ltr'>δικάζοντας</span> <span class='ocrx_word' id='word_1_848' title='bbox 2428 4370 2631 4442; x_wconf 77' lang='grc' dir='ltr'>ἠμειψε</span> <span class='ocrx_word' id='word_1_849' title='bbox 2681 4369 2863 4440; x_wconf 87' lang='grc' dir='ltr'>μόνον,</span> <span class='ocrx_word' id='word_1_850' title='bbox 2894 4365 3095 4431; x_wconf 72' lang='grc' dir='ltr'>ἔξωθεν</span> <span class='ocrx_word' id='word_1_851' title='bbox 3128 4368 3207 4429; x_wconf 88' lang='grc' dir='ltr'>εἰς</span> <span class='ocrx_word' id='word_1_852' title='bbox 3235 4366 3332 4437; x_wconf 84' lang='grc' dir='ltr'>τὴν</span> <span class='ocrx_word' id='word_1_853' title='bbox 3369 4367 3495 4420; x_wconf 80' lang='grc' dir='ltr'>Ἐκ-</span> 
     </span>
    </p>
   </div>
   <div class='ocr_carea' id='block_1_111' title="bbox 1918 4451 3495 4529">
    <p class='ocr_par' dir='ltr' id='par_1_111' title="bbox 1918 4451 3495 4529">
     <span class='ocr_line' id='line_1_111' title="bbox 1918 4451 3495 4529; baseline -0.004 -14"><span class='ocrx_word' id='word_1_854' title='bbox 1918 4461 2147 4515; x_wconf 60' lang='grc' dir='ltr'>κλτκσίαν</span> <span class='ocrx_word' id='word_1_855' title='bbox 2192 4460 2427 4529; x_wconf 87' lang='grc' dir='ltr'>εἰσάγων</span> <span class='ocrx_word' id='word_1_856' title='bbox 2477 4459 2607 4521; x_wconf 82' lang='grc' dir='ltr'>τοὺς</span> <span class='ocrx_word' id='word_1_857' title='bbox 2652 4455 3059 4525; x_wconf 74' lang='grc' dir='ltr'>δικαζομένους.</span> <span class='ocrx_word' id='word_1_858' title='bbox 3109 4451 3266 4518; x_wconf 77' lang='grc' dir='ltr'>Εἶτα,</span> <span class='ocrx_word' id='word_1_859' title='bbox 3301 4456 3495 4526; x_wconf 77' lang='grc' dir='ltr'>ἐπειδὴ</span> 
     </span>
    </p>
   </div>
   <div class='ocr_carea' id='block_1_112' title="bbox 1920 4541 3498 4624">
    <p class='ocr_par' dir='ltr' id='par_1_112' title="bbox 1920 4541 3498 4624">
     <span class='ocr_line' id='line_1_112' title="bbox 1920 4541 3498 4624; baseline -0.004 -16"><span class='ocrx_word' id='word_1_860' title='bbox 1920 4554 2393 4624; x_wconf 66' lang='grc' dir='ltr'>εὐκαταφρόνητον</span> <span class='ocrx_word' id='word_1_861' title='bbox 2420 4547 2563 4606; x_wconf 75' lang='grc' dir='ltr'>εἶναι</span> <span class='ocrx_word' id='word_1_862' title='bbox 2592 4550 2765 4604; x_wconf 88' lang='grc' dir='ltr'>ἐδόκει</span> <span class='ocrx_word' id='word_1_863' title='bbox 2792 4550 2852 4601; x_wconf 84' lang='grc' dir='ltr'>τὸ</span> <span class='ocrx_word' id='word_1_864' title='bbox 2886 4549 3039 4618; x_wconf 88' lang='grc' dir='ltr'>παρά</span> <span class='ocrx_word' id='word_1_865' title='bbox 3074 4541 3187 4612; x_wconf 82' lang='grc' dir='ltr'>τοῖς</span> <span class='ocrx_word' id='word_1_866' title='bbox 3225 4548 3372 4601; x_wconf 79' lang='grc' dir='ltr'>ἔνδον</span> <span class='ocrx_word' id='word_1_867' title='bbox 3417 4549 3498 4601; x_wconf 87' lang='grc' dir='ltr'>δι-</span> 
     </span>
    </p>
   </div>
   <div class='ocr_carea' id='block_1_113' title="bbox 1920 4632 3497 4710">
    <p class='ocr_par' dir='ltr' id='par_1_113' title="bbox 1920 4632 3497 4710">
     <span class='ocr_line' id='line_1_113' title="bbox 1920 4632 3497 4710; baseline -0.006 -14"><span class='ocrx_word' id='word_1_868' title='bbox 1920 4643 2205 4708; x_wconf 88' lang='grc' dir='ltr'>κάζεσθαι,</span> <span class='ocrx_word' id='word_1_869' title='bbox 2236 4643 2330 4696; x_wconf 70' lang='grc' dir='ltr'>καὶ</span> <span class='ocrx_word' id='word_1_870' title='bbox 2357 4639 2591 4710; x_wconf 86' lang='grc' dir='ltr'>μάλιστα</span> <span class='ocrx_word' id='word_1_871' title='bbox 2620 4639 2739 4692; x_wconf 88' lang='grc' dir='ltr'>τότε</span> <span class='ocrx_word' id='word_1_872' title='bbox 2771 4638 2853 4707; x_wconf 89' lang='grc' dir='ltr'>(ού</span> <span class='ocrx_word' id='word_1_873' title='bbox 2895 4635 3004 4707; x_wconf 85' lang='grc' dir='ltr'>γὰρ</span> <span class='ocrx_word' id='word_1_874' title='bbox 3037 4632 3178 4708; x_wconf 78' lang='grc' dir='ltr'>ἦσαν</span> <span class='ocrx_word' id='word_1_875' title='bbox 3214 4637 3344 4698; x_wconf 76' lang='grc' dir='ltr'>ἴσως</span> <span class='ocrx_word' id='word_1_876' title='bbox 3377 4637 3497 4688; x_wconf 82' lang='grc' dir='ltr'>ἱκα-</span> 
     </span>
    </p>
   </div>
   <div class='ocr_carea' id='block_1_114' title="bbox 1919 4720 3497 4802">
    <p class='ocr_par' dir='ltr' id='par_1_114' title="bbox 1919 4720 3497 4802">
     <span class='ocr_line' id='line_1_114' title="bbox 1919 4720 3497 4802; baseline -0.007 -16"><span class='ocrx_word' id='word_1_877' title='bbox 1919 4734 2002 4787; x_wconf 86' lang='lat' dir='ltr'>vol</span> <span class='ocrx_word' id='word_1_878' title='bbox 2047 4732 2280 4802; x_wconf 79' lang='grc' dir='ltr'>πρᾶγμα</span> <span class='ocrx_word' id='word_1_879' title='bbox 2335 4728 2587 4791; x_wconf 83' lang='grc' dir='ltr'>συνιδεῖν,</span> <span class='ocrx_word' id='word_1_880' title='bbox 2635 4724 2759 4779; x_wconf 71' lang='grc' dir='ltr'>οὔτε</span> <span class='ocrx_word' id='word_1_881' title='bbox 2813 4724 3047 4777; x_wconf 82' lang='grc' dir='ltr'>τοιοῦτοι</span> <span class='ocrx_word' id='word_1_882' title='bbox 3085 4720 3188 4777; x_wconf 73' lang='grc' dir='ltr'>οἷοι</span> <span class='ocrx_word' id='word_1_883' title='bbox 3218 4724 3266 4789; x_wconf 83' lang='grc' dir='ltr'>οἱ</span> <span class='ocrx_word' id='word_1_884' title='bbox 3296 4722 3497 4785; x_wconf 75' lang='grc' dir='ltr'>ἔξωθεν</span> 
     </span>
    </p>
   </div>
   <div class='ocr_carea' id='block_1_115' title="bbox 1919 4808 3499 4886">
    <p class='ocr_par' dir='ltr' id='par_1_115' title="bbox 1919 4808 3499 4886">
     <span class='ocr_line' id='line_1_115' title="bbox 1919 4808 3499 4886; baseline -0.007 -15"><span class='ocrx_word' id='word_1_885' title='bbox 1919 4819 2170 4873; x_wconf 74' lang='grc' dir='ltr'>δικασταὶ</span> <span class='ocrx_word' id='word_1_886' title='bbox 2194 4816 2375 4886; x_wconf 86' lang='grc' dir='ltr'>νόμων</span> <span class='ocrx_word' id='word_1_887' title='bbox 2402 4818 2657 4886; x_wconf 75' lang='grc' dir='ltr'>ἔμπειροι</span> <span class='ocrx_word' id='word_1_888' title='bbox 2682 4815 2775 4867; x_wconf 74' lang='grc' dir='ltr'>καὶ</span> <span class='ocrx_word' id='word_1_889' title='bbox 2802 4813 3112 4884; x_wconf 77' lang='grc' dir='ltr'>ῥητορείας,</span> <span class='ocrx_word' id='word_1_890' title='bbox 3143 4810 3237 4865; x_wconf 71' lang='lat' dir='ltr'><strong>am</strong></span> <span class='ocrx_word' id='word_1_891' title='bbox 3265 4808 3323 4876; x_wconf 81' lang='grc' dir='ltr'>ἐξ</span> <span class='ocrx_word' id='word_1_892' title='bbox 3355 4809 3499 4861; x_wconf 66' lang='grc' dir='ltr'>ἰδιωσ</span> 
     </span>
    </p>
   </div>
   <div class='ocr_carea' id='block_1_116' title="bbox 1920 4896 3498 4971">
    <p class='ocr_par' dir='ltr' id='par_1_116' title="bbox 1920 4896 3498 4971">
     <span class='ocr_line' id='line_1_116' title="bbox 1920 4896 3498 4971; baseline -0.006 -14"><span class='ocrx_word' id='word_1_893' title='bbox 1920 4904 2029 4959; x_wconf 90' lang='grc' dir='ltr'>τῶν</span> <span class='ocrx_word' id='word_1_894' title='bbox 2060 4907 2108 4957; x_wconf 89' lang='grc' dir='ltr'>οί</span> <span class='ocrx_word' id='word_1_895' title='bbox 2135 4904 2354 4965; x_wconf 88' lang='grc' dir='ltr'>πλείους</span> <span class='ocrx_word' id='word_1_896' title='bbox 2402 4902 2600 4970; x_wconf 82' lang='grc' dir='ltr'>ϐντες)·</span> <span class='ocrx_word' id='word_1_897' title='bbox 2636 4902 2737 4971; x_wconf 83' lang='grc' dir='ltr'>ὅρα</span> <span class='ocrx_word' id='word_1_898' title='bbox 2780 4900 2899 4962; x_wconf 88' lang='grc' dir='ltr'>πῶς</span> <span class='ocrx_word' id='word_1_899' title='bbox 2924 4900 3123 4963; x_wconf 80' lang='grc' dir='ltr'>αὐτοὺς</span> <span class='ocrx_word' id='word_1_900' title='bbox 3150 4896 3498 4962; x_wconf 83' lang='grc' dir='ltr'>ἀξιοπίστους</span> 
     </span>
    </p>
   </div>
   <div class='ocr_carea' id='block_1_117' title="bbox 1922 4984 3500 5063">
    <p class='ocr_par' dir='ltr' id='par_1_117' title="bbox 1922 4984 3500 5063">
     <span class='ocr_line' id='line_1_117' title="bbox 1922 4984 3500 5063; baseline -0.005 -18"><span class='ocrx_word' id='word_1_901' title='bbox 1922 4995 2088 5055; x_wconf 80' lang='grc' dir='ltr'>ποιεῖ,</span> <span class='ocrx_word' id='word_1_902' title='bbox 2120 4990 2335 5063; x_wconf 88' lang='grc' dir='ltr'>πρῶτον</span> <span class='ocrx_word' id='word_1_903' title='bbox 2368 4990 2558 5058; x_wconf 76' lang='grc' dir='ltr'>ἁγίους</span> <span class='ocrx_word' id='word_1_904' title='bbox 2606 4988 2863 5050; x_wconf 87' lang='grc' dir='ltr'>καλέσας.</span> <span class='ocrx_word' id='word_1_905' title='bbox 2902 4987 3042 5039; x_wconf 77' lang='grc' dir='ltr'>Ἀλλ’</span> <span class='ocrx_word' id='word_1_906' title='bbox 3094 4984 3280 5055; x_wconf 83' lang='grc' dir='ltr'>ἐπειδὴ</span> <span class='ocrx_word' id='word_1_907' title='bbox 3340 4984 3500 5039; x_wconf 86' lang='grc' dir='ltr'>τοῦτο</span> 
     </span>
    </p>
   </div>
   <div class='ocr_carea' id='block_1_118' title="bbox 1924 5070 3499 5150">
    <p class='ocr_par' dir='ltr' id='par_1_118' title="bbox 1924 5070 3499 5150">
     <span class='ocr_line' id='line_1_118' title="bbox 1924 5070 3499 5150; baseline -0.005 -17"><span class='ocrx_word' id='word_1_908' title='bbox 1924 5079 2040 5150; x_wconf 85' lang='grc' dir='ltr'>βίου</span> <span class='ocrx_word' id='word_1_909' title='bbox 2067 5078 2441 5149; x_wconf 79' lang='grc' dir='ltr'>καθαρότητα,</span> <span class='ocrx_word' id='word_1_910' title='bbox 2495 5076 2681 5129; x_wconf 79' lang='grc' dir='ltr'>οὐκέτι</span> <span class='ocrx_word' id='word_1_911' title='bbox 2708 5074 2766 5127; x_wconf 84' lang='grc' dir='ltr'>δὲ</span> <span class='ocrx_word' id='word_1_912' title='bbox 2795 5073 3077 5145; x_wconf 87' lang='grc' dir='ltr'>ἀκρίϐειαν</span> <span class='ocrx_word' id='word_1_913' title='bbox 3106 5070 3205 5140; x_wconf 86' lang='grc' dir='ltr'>τὴν</span> <span class='ocrx_word' id='word_1_914' title='bbox 3238 5072 3366 5142; x_wconf 76' lang='grc' dir='ltr'>περὶ</span> <span class='ocrx_word' id='word_1_915' title='bbox 3400 5074 3499 5143; x_wconf 74' lang='grc' dir='ltr'>τὴν</span> 
     </span>
    </p>
   </div>
   <div class='ocr_carea' id='block_1_119' title="bbox 1922 5158 3501 5238">
    <p class='ocr_par' dir='ltr' id='par_1_119' title="bbox 1922 5158 3501 5238">
     <span class='ocr_line' id='line_1_119' title="bbox 1922 5158 3501 5238; baseline -0.006 -17"><span class='ocrx_word' id='word_1_916' title='bbox 1922 5167 2185 5238; x_wconf 84' lang='grc' dir='ltr'>ἀκρόασιν</span> <span class='ocrx_word' id='word_1_917' title='bbox 2212 5167 2394 5228; x_wconf 77' lang='grc' dir='ltr'>αὐτοῖς</span> <span class='ocrx_word' id='word_1_918' title='bbox 2428 5162 2748 5235; x_wconf 85' lang='grc' dir='ltr'>ἐμαρτύρει,</span> <span class='ocrx_word' id='word_1_919' title='bbox 2779 5163 2882 5234; x_wconf 83' lang='grc' dir='ltr'>δρα</span> <span class='ocrx_word' id='word_1_920' title='bbox 2912 5162 3028 5223; x_wconf 85' lang='grc' dir='ltr'>πῶς</span> <span class='ocrx_word' id='word_1_921' title='bbox 3057 5159 3152 5212; x_wconf 74' lang='grc' dir='ltr'>καὶ</span> <span class='ocrx_word' id='word_1_922' title='bbox 3182 5158 3342 5212; x_wconf 82' lang='grc' dir='ltr'>τοῦτο</span> <span class='ocrx_word' id='word_1_923' title='bbox 3371 5161 3501 5230; x_wconf 87' lang='grc' dir='ltr'>μεθ-</span> 
     </span>
    </p>
   </div>
   <div class='ocr_carea' id='block_1_120' title="bbox 1923 5247 3500 5325">
    <p class='ocr_par' dir='ltr' id='par_1_120' title="bbox 1923 5247 3500 5325">
     <span class='ocr_line' id='line_1_120' title="bbox 1923 5247 3500 5325; baseline -0.006 -17"><span class='ocrx_word' id='word_1_924' title='bbox 1923 5254 2098 5309; x_wconf 91' lang='grc' dir='ltr'>οδεύει</span> <span class='ocrx_word' id='word_1_925' title='bbox 2128 5255 2191 5307; x_wconf 84' lang='grc' dir='ltr'>τὸ</span> <span class='ocrx_word' id='word_1_926' title='bbox 2232 5255 2417 5325; x_wconf 88' lang='grc' dir='ltr'>μέρος,</span> <span class='ocrx_word' id='word_1_927' title='bbox 2453 5252 2625 5319; x_wconf 84' lang='grc' dir='ltr'>λέγων</span> <span class='ocrx_word' id='word_1_928' title='bbox 2669 5250 2862 5313; x_wconf 78' lang='grc' dir='ltr'>οὕτως·</span> <span class='ocrx_word' id='word_1_929' title='bbox 2895 5251 2962 5303; x_wconf 79' lang='grc' dir='ltr'>Ἡ</span> <span class='ocrx_word' id='word_1_930' title='bbox 3007 5250 3120 5302; x_wconf 81' lang='grc' dir='ltr'>οὐκ</span> <span class='ocrx_word' id='word_1_931' title='bbox 3164 5247 3367 5301; x_wconf 79' lang='grc' dir='ltr'>οτδίιτε</span> <span class='ocrx_word' id='word_1_932' title='bbox 3412 5248 3500 5300; x_wconf 84' lang='grc' dir='ltr'>ὅτι</span> 
     </span>
    </p>
   </div>
   <div class='ocr_carea' id='block_1_121' title="bbox 1924 5339 2893 5411">
    <p class='ocr_par' dir='ltr' id='par_1_121' title="bbox 1924 5339 2893 5411">
     <span class='ocr_line' id='line_1_121' title="bbox 1924 5339 2893 5411; baseline -0.006 -15"><span class='ocrx_word' id='word_1_933' title='bbox 1924 5345 1977 5396; x_wconf 80' lang='grc' dir='ltr'>οι</span> <span class='ocrx_word' id='word_1_934' title='bbox 2013 5341 2168 5411; x_wconf 77' lang='grc' dir='ltr'>ἅγιοι</span> <span class='ocrx_word' id='word_1_935' title='bbox 2196 5341 2301 5395; x_wconf 74' lang='grc' dir='ltr'>τὸν·</span> <span class='ocrx_word' id='word_1_936' title='bbox 2326 5344 2561 5409; x_wconf 78' lang='grc' dir='ltr'>κόσμον</span> <span class='ocrx_word' id='word_1_937' title='bbox 2587 5339 2893 5409; x_wconf 80' lang='grc' dir='ltr'>κρινοῦσι;</span> 
     </span>
    </p>
   </div>
   <div class='ocr_carea' id='block_1_122' title="bbox 2010 5618 3498 5685">
    <p class='ocr_par' dir='ltr' id='par_1_122' title="bbox 2010 5618 3498 5685">
     <span class='ocr_line' id='line_1_122' title="bbox 2010 5618 3498 5685; baseline -0.003 -15"><span class='ocrx_word' id='word_1_938' title='bbox 2010 5622 2332 5684; x_wconf 62' lang='grc' dir='ltr'>ὓδωρὶεείηιε</span> <span class='ocrx_word' id='word_1_939' title='bbox 2378 5625 2507 5685; x_wconf 80' lang='lat' dir='ltr'>apud</span> <span class='ocrx_word' id='word_1_940' title='bbox 2551 5624 2837 5685; x_wconf 66' lang='lat' dir='ltr'>scriptores,</span> <span class='ocrx_word' id='word_1_941' title='bbox 2882 5618 3498 5685; x_wconf 43' lang='lat' dir='ltr'><strong>maximegcclesiaslioos,</strong></span> 
     </span>
    </p>
   </div>
   <div class='ocr_carea' id='block_1_123' title="bbox 1930 5682 3499 5747">
    <p class='ocr_par' dir='ltr' id='par_1_123' title="bbox 1930 5682 3499 5747">
     <span class='ocr_line' id='line_1_123' title="bbox 1930 5682 3499 5747; baseline -0.001 -16"><span class='ocrx_word' id='word_1_942' title='bbox 1930 5682 2237 5747; x_wconf 70' lang='grc' dir='ltr'>μικροψυχία,</span> <span class='ocrx_word' id='word_1_943' title='bbox 2272 5682 2605 5740; x_wconf 68' lang='lat' dir='ltr'>estsiinullas.</span> <span class='ocrx_word' id='word_1_944' title='bbox 2650 5682 2919 5742; x_wconf 65' lang='lat' dir='ltr'>dissensio;</span> <span class='ocrx_word' id='word_1_945' title='bbox 2956 5682 3275 5747; x_wconf 64' lang='grc' dir='ltr'>μικρόψυχος,</span> <span class='ocrx_word' id='word_1_946' title='bbox 3301 5682 3499 5747; x_wconf 66' lang='grc' dir='ltr'>όίεείιιία</span> 
     </span>
    </p>
   </div>
   <div class='ocr_carea' id='block_1_124' title="bbox 1933 5744 3500 5809">
    <p class='ocr_par' dir='ltr' id='par_1_124' title="bbox 1933 5744 3500 5809">
     <span class='ocr_line' id='line_1_124' title="bbox 1933 5744 3500 5809; baseline -0.003 -17"><span class='ocrx_word' id='word_1_947' title='bbox 1933 5744 2321 5809; x_wconf 63' lang='grc' dir='ltr'>νειΙέϋιιυΙιειεε</span> <span class='ocrx_word' id='word_1_948' title='bbox 2337 5760 2596 5805; x_wconf 71' lang='grc' dir='ltr'>ειιυιιουιιε,</span> <span class='ocrx_word' id='word_1_949' title='bbox 2620 5752 2673 5794; x_wconf 77' lang='lat' dir='ltr'>et</span> <span class='ocrx_word' id='word_1_950' title='bbox 2693 5745 3015 5809; x_wconf 78' lang='grc' dir='ltr'>μικροψυχεῖν,</span> <span class='ocrx_word' id='word_1_951' title='bbox 3038 5744 3301 5802; x_wconf 61' lang='lat' dir='ltr'>dissidere,</span> <span class='ocrx_word' id='word_1_952' title='bbox 3332 5744 3500 5809; x_wconf 69' lang='grc' dir='ltr'>εἰηιυι-</span> 
     </span>
    </p>
   </div>
   <div class='ocr_carea' id='block_1_125' title="bbox 1933 5806 3503 5869">
    <p class='ocr_par' dir='ltr' id='par_1_125' title="bbox 1933 5806 3503 5869">
     <span class='ocr_line' id='line_1_125' title="bbox 1933 5806 3503 5869; baseline -0.001 -14"><span class='ocrx_word' id='word_1_953' title='bbox 1933 5816 2082 5855; x_wconf 72' lang='lat' dir='ltr'><strong>talem</strong></span> <span class='ocrx_word' id='word_1_954' title='bbox 2128 5820 2237 5855; x_wconf 88' lang='lat' dir='ltr'>cum</span> <span class='ocrx_word' id='word_1_955' title='bbox 2261 5808 2423 5869; x_wconf 84' lang='lat' dir='ltr'><strong>aliquo</strong></span> <span class='ocrx_word' id='word_1_956' title='bbox 2451 5806 2707 5865; x_wconf 55' lang='lat' dir='ltr'>exercere;</span> <span class='ocrx_word' id='word_1_957' title='bbox 2734 5806 3030 5867; x_wconf 33' lang='lat' dir='ltr'>di&#39;scép’tare,</span> <span class='ocrx_word' id='word_1_958' title='bbox 3071 5810 3125 5851; x_wconf 79' lang='lat' dir='ltr'>ut</span> <span class='ocrx_word' id='word_1_959' title='bbox 3148 5815 3211 5851; x_wconf 79' lang='lat' dir='ltr'><strong>ex</strong></span> <span class='ocrx_word' id='word_1_960' title='bbox 3254 5807 3384 5853; x_wconf 70' lang='lat' dir='ltr'>serie</span> <span class='ocrx_word' id='word_1_961' title='bbox 3412 5806 3503 5853; x_wconf 68' lang='lat' dir='ltr'>hoc</span> 
     </span>
    </p>
   </div>
   <div class='ocr_carea' id='block_1_126' title="bbox 1935 5868 3093 5931">
    <p class='ocr_par' dir='ltr' id='par_1_126' title="bbox 1935 5868 3093 5931">
     <span class='ocr_line' id='line_1_126' title="bbox 1935 5868 3093 5931; baseline -0.003 -14"><span class='ocrx_word' id='word_1_962' title='bbox 1935 5882 2041 5917; x_wconf 76' lang='grc' dir='ltr'>ιυιό</span> <span class='ocrx_word' id='word_1_963' title='bbox 2072 5868 2402 5931; x_wconf 71' lang='lat' dir='ltr'>perspicuum.</span> <span class='ocrx_word' id='word_1_964' title='bbox 2434 5869 2497 5919; x_wconf 69' lang='lat' dir='ltr'><strong>lia</strong></span> <span class='ocrx_word' id='word_1_965' title='bbox 2523 5870 2583 5918; x_wconf 76' lang='lat' dir='ltr'>de</span> <span class='ocrx_word' id='word_1_966' title='bbox 2608 5884 2663 5918; x_wconf 79' lang='lat' dir='ltr'>re</span> <span class='ocrx_word' id='word_1_967' title='bbox 2691 5872 2781 5931; x_wconf 74' lang='lat' dir='ltr'>iam</span> <span class='ocrx_word' id='word_1_968' title='bbox 2803 5870 3093 5919; x_wconf 75' lang='lat' dir='ltr'><strong>monuimus.</strong></span> 
     </span>
    </p>
   </div>
  </div>
