4028 6208
273 377 375 431 133

265 500 482 557 tractet,
516 492 584 546 ita
610 489 796 546 dicens
818 506 833 544 :
855 490 911 545 Ξ.
938 492 1017 544 An
1040 491 1238 546 nescitis
1263 492 1399 559 quod
1424 492 1585 545 sancti
1607 491 1851 543 mundum

267 581 566 637 iudicabunt
582 584 608 637 .’

336 673 388 727 ὅ.
420 672 500 728 Tu
528 691 677 745 ergo,
706 673 798 745 qui
826 674 943 730 illos
964 673 1247 745 aliquando
1265 672 1594 743 judicaturus
1616 688 1695 735 es,
1714 686 1850 742 quo-

264 764 429 819 modo
447 766 679 821 sustines
696 782 837 822 nunc
857 767 924 822 ab
954 769 1058 822 illis
1085 766 1355 837 judicari?
1394 766 1717 823 iudicabunt
1756 781 1848 820 auo

262 868 397 917 tem.
426 873 531 913 non
579 860 676 927 ipsi
705 859 953 914 sedentes
997 869 1052 913 et
1089 861 1348 913 rationem
1380 866 1683 926 repetentes
1705 898 1722 923 ,
1753 857 1846 913 sed

259 949 719 1003 condemnabuut.
749 950 859 1003 lloc
884 950 1028 1005 enim
1073 950 1315 1004 indicans
1340 950 1553 1004 dicebat
1583 968 1596 1004 :
1628 949 1694 1003 Et
1722 952 1768 1004 si
1793 952 1847 1004 in

260 1040 401 1092 vobis
420 1042 684 1111 judicatur
709 1041 926 1094 mundus
946 1082 961 1107 ,
989 1043 1186 1111 indigni
1215 1044 1330 1097 estis
1356 1043 1576 1096 minimis
1595 1044 1805 1113 judiciis
1824 1045 1849 1097 .9

262 1129 381 1184 Non
405 1133 545 1185 enim
571 1132 723 1197 dixit,
752 1135 792 1185 A
819 1133 988 1196 vobis,
1012 1132 1127 1197 sed,
1153 1132 1295 1187 Inter
1322 1150 1442 1198 vos;
1473 1144 1527 1187 ut
1545 1150 1668 1189 cum
1696 1134 1843 1199 dicit,

262 1222 459 1286 Regina
478 1224 650 1278 Austri
664 1235 853 1295 surget,
874 1236 920 1280 et
940 1226 1286 1280 condemnabit
1306 1230 1671 1297 generationem
1692 1228 1846 1292 hanc;

258 1324 312 1366 et
345 1312 450 1366 Viri
477 1314 721 1369 Ninivita:
745 1325 982 1385 surgent,
1003 1327 1046 1370 et
1061 1318 1461 1371 condemnabnnt
1478 1323 1844 1390 generationem

258 1407 393 1457 hanc
428 1406 638 1477 (Matth.
667 1407 753 1460 12.
781 1408 871 1462 45.
898 1409 959 1462 ιι
978 1410 1016 1471 ).
1058 1408 1281 1475 Quando
1305 1410 1447 1463 enim
1476 1412 1725 1466 eumdem
1752 1427 1842 1465 so-

258 1498 365 1552 lem
390 1498 652 1563 videntes,
671 1500 1048 1554 etearumdem
1072 1516 1248 1557 rerum
1271 1504 1507 1557 omnium
1530 1506 1837 1575 participes,

261 1603 361 1641 nos
386 1590 599 1656 quidem
625 1588 919 1645 credidisse
942 1591 1139 1644 inventi
1168 1590 1445 1658 fuerimus,
1479 1595 1553 1649 illi
1580 1610 1710 1649 vero
1737 1612 1838 1651 nou

254 1680 573 1747 credidisse,
605 1696 709 1735 non
761 1691 1010 1750 poterunt
1035 1683 1101 1736 ad
1150 1683 1503 1753 ignorantiam
1529 1687 1836 1757 confugere:

254 1786 358 1825 nos
378 1770 520 1825 enim
566 1773 686 1827 illos
730 1774 1100 1829 accusabimus
1132 1792 1227 1843 per
1267 1793 1327 1831 ea
1358 1794 1427 1846 qu
1448 1796 1475 1830 e
1503 1780 1742 1835 fecimus.
1774 1782 1840 1836 Et

255 1861 423 1917 multa
454 1863 556 1935 alia
584 1866 703 1933 quis
734 1865 967 1921 inveniet
995 1867 1299 1936 ibijudicia.
1328 1870 1525 1925 Deinde
1547 1888 1613 1925 ne
1630 1873 1837 1928 videre-

252 1962 341 2007 tur
370 1954 599 2022 cuipiam
643 1953 710 2009 de
742 1956 866 2009 aliis
908 1956 1119 2022 dicere,
1154 1958 1274 2014 vide
1303 1961 1570 2029 quomodo
1599 1978 1838 2017 commu-

254 2060 378 2098 nem
428 2046 581 2099 faciat
610 2062 912 2101 sermonem
941 2068 955 2101 :
983 2048 1051 2101 Et
1075 2052 1120 2103 si
1140 2052 1189 2103 in
1233 2054 1367 2105 vobis
1396 2055 1663 2123 judicatur
1687 2075 1836 2111 num-

251 2137 375 2201 dus,
406 2138 601 2206 indigni
626 2140 743 2192 estis
769 2141 989 2193 minimis
1007 2144 1257 2209 judiciis?
1286 2144 1546 2200 Pudorem
1581 2150 1728 2203 vobis
1751 2166 1837 2205 res

250 2226 429 2291 aﬂ'ert,
477 2228 669 2296 inquit,
709 2239 763 2283 ct
811 2230 1079 2287 ineffabile
1116 2233 1368 2288 dedecus.
1416 2237 1543 2291 Nam
1588 2243 1731 2309 quia,
1781 2252 1836 2296 ut

250 2317 543 2373 verisimile
564 2329 667 2382 est,
696 2319 927 2389 pudebat
945 2337 1039 2377 eos
1060 2322 1127 2377 ab
1158 2326 1219 2378 iis
1243 2326 1334 2395 qui
1363 2327 1499 2381 intus
1523 2341 1671 2383 erant
1692 2330 1832 2399 judi-

247 2410 361 2463 cari
387 2426 399 2462 :
451 2425 482 2465 e
520 2414 793 2467 contrario
817 2424 996 2469 autem
1024 2418 1174 2471 vobis
1216 2428 1297 2473 est
1322 2419 1587 2500 dedecus,
1618 2439 1739 2478 cum
1765 2425 1833 2478 ab

248 2499 316 2554 iis
340 2503 426 2568 qui
459 2502 591 2557 foris
614 2515 738 2559 sunt
761 2506 1079 2576 judicamini
1110 2527 1123 2563 :
1175 2511 1260 2565 illa
1287 2499 1679 2569 enim’minima
1708 2528 1834 2571 sunt

244 2592 467 2661 judicia,
488 2611 592 2648 uou
611 2595 744 2651 haec.
768 2598 821 2652 ὅ.
852 2597 1073 2655 Nescitis
1094 2604 1213 2672 quia
1229 2605 1433 2674 angelos
1448 2608 1834 2675 jndicabimus?

243 2694 437 2749 quanto
459 2689 619 2755 magis
638 2690 903 2741 δαείω-ἔα
920 2692 946 2741 2
964 2692 1189 2755 Quidam
1212 2695 1395 2747 dicunt
1418 2697 1502 2750 hic
1526 2698 1832 2753 sacerdotes

247 2775 579 2831 subiudieari
604 2793 617 2831 :
641 2778 734 2845 sed
758 2794 945 2848 apage;
966 2797 1085 2833 nam
1108 2782 1175 2836 de
1192 2782 1522 2839 d:en:ouibus
1543 2787 1669 2857 agit.
1699 2787 1830 2841 Nam

244 2858 293 2911 si
324 2857 394 2912 de
414 2863 681 2930 corruptis
710 2863 1081 2919 sacerdotibus
1109 2865 1371 2929 dixisset,
1402 2885 1560 2937 supra
1594 2870 1830 2924 subindi-

244 2960 423 3005 casset
472 2952 594 3006 illos
631 2968 751 3007 cum
792 2953 969 3009 dixit:
1017 2955 1084 3010 In
1130 2958 1546 3027 vobisjudicatur
1572 2964 1829 3028 mundus;

243 3044 386 3099 solet
413 3044 851 3114 ettiancriptura
882 3048 1152 3116 improbos
1174 3066 1384 3119 quoque
1414 3054 1655 3107 homines
1678 3072 1829 3110 mun-

242 3132 373 3185 dum
418 3149 647 3189 vocare:
701 3152 874 3207 neque
911 3138 1101 3192 iterum
1135 3140 1235 3195 hoc
1264 3143 1435 3210 ip~um
1464 3144 1705 3206 dixisset,
1738 3162 1829 3200 ne-

240 3238 349 3292 que
374 3236 430 3277 ut
457 3226 628 3294 majus
648 3228 921 3297 quidpiam
941 3230 1123 3285 dicens
1147 3231 1319 3301 ipsum
1336 3244 1515 3301 postea
1543 3236 1823 3302 posuisset.

240 3315 349 3369 Sed
370 3316 437 3370 de
456 3317 558 3369 illis
586 3318 818 3388 loquitur
844 3322 1069 3391 angelis,
1097 3322 1164 3377 de
1193 3324 1387 3392 quibus
1408 3327 1535 3380 dicit
1556 3327 1822 3384 Christus:

241 3404 326 3457 Ite
362 3410 413 3458 in
441 3408 605 3477 ignem
654 3420 886 3477 paratum
924 3415 1125 3467 diabolo
1153 3426 1201 3468 et
1229 3417 1419 3485 angelis
1447 3419 1553 3485 ejus
1601 3420 1823 3490 (Matth.

239 3495 332 3551 25.
366 3499 426 3551 41
454 3501 505 3568 );
534 3509 587 3553 et
636 3500 854 3566 Paulus,
895 3504 1075 3573 Angeli
1104 3507 1211 3576 ejus
1242 3509 1671 3577 transﬁgurantur
1701 3522 1830 3565 tam-

240 3604 391 3656 quam
419 3592 634 3644 ministri
646 3595 863 3661 justitice
888 3595 964 3663 (2.
993 3596 1109 3649 Cor.
1138 3598 1224 3652 11.
1252 3599 1375 3667 15).
1404 3599 1534 3653 Cum
1558 3605 1698 3657 enim
1723 3603 1827 3659 Po-

241 3688 462 3732 testates
489 3680 594 3734 illa:
624 3683 955 3751 incorporeas
984 3686 1211 3741 iuventte
1242 3689 1440 3743 fuerint
1468 3694 1643 3747 minus
1666 3694 1828 3750 babe-

240 3786 299 3823 re
324 3782 481 3839 quam
517 3786 614 3825 nos
637 3814 650 3834 ,
682 3774 768 3842 qui
798 3789 959 3828 carne
988 3776 1155 3831 induti
1181 3793 1363 3834 sumus
1386 3822 1401 3845 ,
1431 3782 1706 3850 graviores
1729 3786 1826 3839 da-

240 3860 372 3915 bunt
395 3877 598 3931 pinnas.
632 3864 783 3930 Quod
815 3867 857 3920 si
886 3866 1060 3923 adhuc
1086 3870 1298 3939 quidam
1324 3873 1653 3931 contendunt
1679 3877 1825 3933 illum

238 3953 309 4008 de
336 3956 705 4011 sacerdotibus
732 3958 899 4027 loqui,
928 3960 1397 4031 interrogabimus,
1424 3981 1559 4035 quos
1579 3970 1829 4024 sacerdo-

238 4054 321 4099 tes
337 4045 363 4097 ?
388 4045 616 4099 Omnino
636 4062 732 4101 eos
751 4050 840 4117 qui
862 4052 1105 4105 saeculari
1126 4069 1274 4108 more
1295 4055 1561 4111 vixerunt.
1592 4060 1823 4125 Quomo-

235 4136 309 4188 do
331 4150 483 4205 ergo,
534 4138 761 4208 inquies,
807 4140 1024 4209 Angelos
1046 4144 1412 4213 judicabimus,
1454 4160 1640 4217 quanto
1669 4156 1828 4223 magis

234 4229 509 4282 scalaria
526 4230 550 4283 .’
570 4245 764 4302 nempe
784 4231 850 4285 ad
879 4232 1233 4289 differentiam
1259 4239 1592 4295 saecularium
1624 4260 1825 4312 ponens

238 4317 484 4386 angelos,
514 4330 566 4374 et
596 4321 828 4376 merito:
857 4324 976 4391 quia
1001 4336 1151 4378 estra
1179 4342 1366 4381 eorum
1397 4345 1549 4384 usum
1594 4347 1718 4387 sunt
1758 4339 1825 4391 nb

234 4408 607 4465 excellentiam
632 4421 851 4467 naturae.
886 4414 939 4468 4.
961 4414 1243 4470 ,ςαξεαιατὶα
1270 4420 1422 4489 igitur
1439 4423 1637 4487 judicia
1663 4428 1708 4477 si
1734 4427 1826 4480 Ita-

235 4496 467 4564 bueritis,
489 4503 887 4574 contemptibiles
914 4507 998 4575 qui
1020 4516 1133 4559 sunt
1154 4509 1207 4560 in
1237 4506 1483 4577 Ecclesia,
1502 4513 1616 4568 illos
1634 4520 1823 4570 consti-

235 4590 363 4642 tuite
398 4592 467 4643 ad
500 4593 862 4661 judicandum.
898 4596 1094 4652 Volens
1124 4614 1245 4653 cum
1280 4600 1569 4670 hyperbole
1596 4622 1693 4660 nos
1722 4609 1820 4661 do-

234 4695 363 4735 cere
388 4721 403 4747 ,
439 4684 815 4754 quodcumque
847 4688 1057 4743 tandem
1090 4689 1247 4744 fuerit
1268 4733 1283 4755 ,
1316 4707 1419 4745 non
1447 4706 1695 4763 oportere
1724 4715 1821 4754 nos

235 4776 472 4827 externis
492 4777 827 4833 committere
848 4821 863 4842 ,
890 4796 1011 4834 cum
1043 4780 1404 4849 objectionem
1418 4787 1513 4869 fel
1554 4805 1671 4856 qute
1702 4791 1821 4847 talis

233 4880 356 4919 esse
370 4866 668 4934 videbatur,
693 4873 950 4926 movisset
970 4890 983 4926 :
1010 4873 1156 4941 prius
1174 4874 1315 4926 illam
1332 4862 1520 4930 solvit:
1544 4876 1655 4934 Hoc
1674 4880 1817 4937 enim

233 4957 347 5008 vult
385 4958 685 5026 signiﬁcare
720 4980 733 5015 :
782 4961 1035 5017 Fortasse
1072 4954 1221 5018 dicet.
1261 4969 1524 5035 quispiam
1550 5009 1565 5031 .
1616 4973 1817 5027 nullum

229 5061 357 5100 esse
370 5050 508 5116 apud
535 5065 628 5103 νος
648 5053 967 5119 sapientem,
993 5070 1165 5123 neque.
1182 5056 1245 5107 ad
1264 5056 1522 5124 judicium
1540 5061 1814 5118 ferendum

226 5145 416 5207 aptum
451 5180 467 5205 ,
517 5142 610 5196 sed
662 5147 1094 5214 contemptibiles
1152 5162 1358 5203 omnes.
1414 5151 1478 5205 Et
1507 5154 1631 5222 quid
1678 5154 1816 5209 hoc?

230 5232 456 5285 Etiamsi
479 5234 623 5287 enim
648 5238 824 5293 nullus
854 5240 922 5292 sit
949 5241 1163 5307 sapiens
1187 5281 1201 5303 ,
1236 5241 1424 5310 inquit,
1460 5259 1551 5297 vos
1581 5247 1815 5302 minimis

230 5325 545 5391 permittite.
574 5325 625 5379 5.
654 5325 765 5382 Hoc
792 5342 958 5385 autem
986 5334 1053 5385 ad
1079 5336 1429 5390 verecundiam
1446 5350 1658 5393 uestram
1678 5343 1809 5395 dico.

231 5416 331 5471 Est
370 5415 662 5471 refellentis
705 5418 911 5477 illorutn
961 5425 1316 5494 objectionem
1343 5471 1357 5491 ,
1391 5438 1445 5482 ut
1478 5448 1596 5499 qua:
1623 5448 1813 5501 snper-

227 5505 371 5559 fluus
393 5508 463 5561 sit
485 5506 733 5577 obtentus
762 5524 773 5561 :
804 5509 1030 5580 ideoque
1051 5516 1322 5584 subjnnxit
1347 5538 1358 5570 :
1386 5520 1474 5573 Sic
1504 5538 1602 5575 non
1632 5534 1703 5575 est
1724 5540 1813 5575 sa-

231 5596 376 5660 piens
399 5599 452 5652 in
482 5602 621 5654 vobis
646 5602 905 5671 quicquam
922 5602 948 5655 .’
973 5603 1210 5665 Tantane
1235 5622 1337 5675 est,
1369 5613 1556 5682 inquit,
1591 5614 1764 5682 inopia
1788 5616 1811 5669 ?

234 5693 450 5743 tantane
510 5695 649 5760 apud
702 5709 793 5749 vos
844 5695 1034 5751 raritas
1075 5699 1306 5754 virorum
1361 5705 1809 5775 intelligentium?

228 5778 383 5845 Quod
414 5792 591 5835 autem
622 5786 909 5855 subjungit.
943 5788 1194 5850 majorem
1227 5792 1384 5845 infert
1414 5796 1616 5863 plagam
1646 5817 1655 5850 ;
1687 5813 1805 5851 cum

572 5883 833 5947 PATROL
885 5898 996 5946 hu.
1058 5892 1207 5949 LXI.

1295 377 1363 434 ΙΝ
1402 378 1610 433 EPIST.
1655 378 1673 430 l
1741 377 1830 431 AD
1859 375 2017 430 ουκ.
2062 375 2285 432 IIOMIL.
2328 377 2464 434 XVI.

3422 392 3541 448 13L

1964 488 2107 541 enim
2136 486 2382 552 dixisset,
2405 488 2522 545 Non
2551 500 2632 546 est
2660 496 2874 562 sapiens
2909 497 2962 551 in
2993 497 3141 555 vobis
3168 515 3339 573 neque
3361 512 3542 561 unus?

1956 578 2272 646 subjunxit:
2322 579 2426 646 Qui
2463 584 2621 652 possit
2652 586 2893 655 judicare
2930 589 3060 643 inter
3098 592 3309 661 fratrem
3350 601 3540 653 suum?

1956 668 2088 722 Cum
2116 671 2256 725 enim
2290 671 2454 727 frater
2494 689 2616 729 cum
2658 675 2823 732 fratre
2846 678 3049 747 judicio
3082 686 3360 742 contendit
3381 728 3399 756 ,
3430 706 3539 746 non

1957 776 2145 831 magna
2176 762 2524 832 intelligentia
2556 776 2610 821 et
2638 768 2859 824 solertia
2903 782 2987 826 est
3012 788 3146 843 opus
3178 776 3284 831 litis
3314 779 3539 847 arbitro,

1954 853 2147 907 alfectu
2172 866 2226 907 et
2249 859 2566 924 cognatione
2590 875 2837 929 magnam
2866 878 3019 931 opem
3047 865 3302 926 afferente
3324 872 3390 926 ad
3412 890 3541 930 con-

1958 944 2206 999 tentiouis
2251 946 2371 998 talis
2408 949 2752 1004 solutionem.
2800 952 2852 1005 6.
2898 953 3005 1009 Sed
3032 959 3194 1025 frater
3236 977 3352 1014 cum
3377 964 3540 1028 fratrs

1943 1036 2140 1103 judicio
2157 1040 2428 1101 contendit,
2450 1050 2494 1093 et
2518 1042 2613 1094 ltoc
2628 1044 2769 1110 apud
2788 1045 3038 1112 inﬁdeles.
3060 1048 3250 1105 Videu’
3268 1058 3542 1123 quomodo

1955 1127 2006 1180 iu
2041 1130 2299 1198 principio
2326 1131 2539 1199 quidem
2571 1134 2773 1189 utiliter
2802 1136 3075 1193 incusabat
3096 1155 3189 1196 eos
3216 1145 3306 1213 qui
3331 1146 3538 1215 judica-

1953 1228 2090 1283 rent,
2124 1222 2333 1288 Iniqnos
2361 1238 2591 1283 vocans:
2626 1225 2712 1280 hic
2734 1238 2912 1281 autem
2947 1237 3005 1283 ut
3032 1230 3156 1286 illos
3185 1236 3390 1303 pudore
3418 1239 3537 1295 affi-

1951 1311 2076 1371 ciat,
2108 1311 2293 1366 dicens
2326 1314 2604 1368 infideles?
2634 1316 2841 1371 Etenim
2866 1319 3155 1378 admodum
3180 1334 3333 1397 turpe
3357 1340 3460 1398 est,
3490 1336 3536 1389 si

1949 1416 2016 1453 ne
2046 1400 2301 1457 fratribus
2328 1405 2540 1473 quidem
2567 1410 3012 1467 reconciliationis
3034 1430 3193 1471 causa
3218 1422 3390 1491 possit
3415 1439 3539 1483 esse

1948 1492 2199 1545 sacerdos
2222 1509 2236 1554 ;
2262 1496 2353 1547 sed
2388 1512 2610 1551 necesse
2640 1499 2707 1552 sit
2728 1499 2793 1553 ad
2812 1512 3065 1559 externos
3090 1521 3395 1568 accurrere.
3428 1516 3533 1572 Ita-

1946 1595 2047 1648 que
2073 1598 2192 1635 cum
2216 1584 2350 1637 dixit
2376 1585 2803 1654 Contemptibiles,
2831 1608 2933 1647 non
2959 1594 3060 1650 hoc
3092 1602 3354 1671 praecipue
3378 1606 3530 1674 dixit,

1946 1671 2087 1739 quod
2116 1674 2355 1741 abjectos
2380 1677 2571 1732 sedere
2592 1680 2801 1747 judices
2822 1698 3089 1753 oporteat,
3118 1692 3211 1746 sed
3257 1695 3378 1752 illos
3420 1671 3534 1769 per-

1944 1764 2369 1833 stringensNam
2387 1769 2525 1837 quod
2548 1769 2723 1839 iis,qtti
2738 1772 3044 1833 discernere
3059 1764 3534 1849 possint,cominit-

1946 1862 2061 1910 tere
2110 1869 2376 1925 oporteat,
2418 1862 2735 1929 signiﬁcavit
2763 1865 2949 1921 dicens
2983 1886 2996 1921 :
3034 1870 3125 1925 Sic
3152 1892 3253 1929 non
3298 1890 3373 1933 est
3402 1883 3529 1939 inter

1943 1961 2029 1998 vos
2056 1950 2258 2016 sapiens
2285 1952 2594 2019 quisquam?
2620 1964 2672 2008 et
2711 1971 2774 2009 ex
2798 1959 3087 2017 abundanti
3116 1981 3177 2020 os
3202 1969 3489 2032 obstruens
3512 2022 3527 2041 ,

1942 2047 1997 2092 et
2026 2039 2212 2094 dicens
2243 2061 2255 2096 :
2288 2043 2431 2112 quod
2482 2047 2688 2099 etiamsi
2722 2050 2901 2104 nullus
2930 2064 3072 2109 esset
3104 2060 3319 2128 sapiens
3346 2066 3396 2120 in
3428 2039 3529 2126 vo;

1943 2128 2043 2195 bis,
2078 2132 2453 2201 insipientibus
2487 2140 2662 2205 potius
2700 2144 3079 2199 committenda
3116 2165 3275 2206 causa
3304 2155 3525 2227 fuisset,

1941 2236 2099 2289 quam
2123 2228 2380 2281 externis.
2412 2229 2694 2294 Quomodo
2720 2234 2992 2289 enimnon
3025 2240 3315 2301 absurdum
3345 2250 3524 2311 fuerit.

1939 2327 2058 2366 cum
2110 2314 2253 2369 domi
2294 2317 2358 2371 lis
2385 2321 2578 2385 oritur,
2602 2334 2881 2379 externum
2906 2332 3173 2388 nemiuem
3202 2342 3403 2409 vocari,
3432 2347 3533 2401 sed.

1941 2402 2143 2470 pudore
2187 2406 2363 2471 affici,
2407 2410 2450 2463 si
2483 2426 2603 2480 qua:
2655 2413 2797 2470 intus
2844 2418 2975 2473 fiunt
3015 2424 3143 2478 foris
3172 2402 3522 2502 evulgeutur;

1939 2492 2024 2545 ubi
2053 2504 2230 2547 autem
2264 2496 2502 2552 Ecclesia
2532 2512 2636 2565 est,
2664 2520 2983 2562 arcanorum
3006 2492 3381 2583 mysteriorum
3403 2492 3526 2583 the;

1938 2598 2147 2647 saurus,
2181 2589 2356 2641 omnia
2388 2601 2537 2643 extra
2561 2592 2778 2647 elTerri?
2807 2598 2912 2651 Sed
2932 2605 3092 2669 frater
3118 2622 3233 2660 cum
3257 2609 3418 2677 fratre
3426 2616 3523 2682 ju-

1937 2674 2070 2727 dicio
2101 2680 2377 2744 contendit,
2408 2691 2451 2733 et
2482 2682 2574 2735 hoc
2604 2688 2743 2752 apud
2775 2688 3022 2755 inﬁdeles.
3064 2674 3272 2763 Duples
3304 2712 3384 2755 est
3413 2674 3531 2758 eri;

1938 2780 2057 2818 men
2079 2806 2092 2828 ,
2141 2778 2189 2821 et
2234 2772 2373 2837 quod
2400 2772 2676 2838 judicetur
2699 2818 2712 2840 ,
2744 2788 2795 2831 et
2827 2783 2968 2848 qUod
3002 2786 3141 2852 apud
3172 2788 3434 2847 iulidelos.
3466 2796 3522 2851 Si

1935 2858 2079 2910 enim
2108 2874 2204 2927 per
2234 2877 2290 2913 se
2323 2875 2599 2929 peceatum
2629 2878 2709 2919 est
2741 2884 2861 2922 cum
2896 2873 3282 2944 fmtrejudicio
3302 2897 3523 2941 conten-

1935 2946 2084 3011 dere,
2120 2950 2168 3002 id
2219 2953 2356 3018 apud
2389 2964 2642 3009 externos
2684 2956 2859 3013 facere
2886 2978 3042 3029 quam
3076 2969 3281 3024 veniam
3311 2988 3523 3031 merea-

1939 3042 2064 3093 tur?
2088 3041 2139 3094 7.
2170 3041 2291 3095 Jam
2313 3046 2514 3112 quidem
2537 3050 2741 3101 omnino
2771 3051 3010 3106 delictum
3035 3056 3107 3108 est
3134 3061 3185 3113 in
3206 3062 3362 3132 vobis,
3384 3070 3523 3135 quod

1934 3134 2127 3199 iudicia
2156 3136 2348 3189 habetis
2374 3138 2503 3190 inter
2531 3156 2637 3193 vos.
2665 3140 2851 3195 V'iden’
2880 3145 3093 3203 ubinam
3123 3150 3250 3206 illud
3278 3134 3519 3214 reserva-

1935 3224 2041 3276 rit?
2067 3234 2289 3293 etquam
2316 3241 2613 3296 opportune
2644 3230 2743 3285 hoc
2774 3237 3039 3291 sustulerit
3062 3239 3083 3290 ?
3112 3240 3359 3301 Nondum
3378 3252 3520 3306 enim

1934 3314 2077 3380 dico,
2129 3316 2319 3384 inquit,
2351 3320 2540 3388 aliquis
2570 3322 2813 3389 injuriunt
2848 3325 2993 3403 facit,
3033 3332 3227 3401 aliquis
3272 3338 3522 3405 injuriatu

1935 3408 2130 3475 patitur
2161 3427 2174 3461 :
2222 3409 2431 3463 interim
2456 3428 2520 3465 eo
2546 3414 2680 3481 ipso,
2714 3418 2854 3485 quod
2888 3420 3088 3487 judicio
3128 3432 3518 3503 contendatur,

1934 3508 2159 3567 uterque
2175 3502 2521 3570 improbatur,
2544 3515 2596 3558 et
2616 3507 2664 3558 in
2688 3507 2785 3559 hoc
2806 3525 2910 3563 nou
2927 3522 3008 3565 est
3034 3516 3169 3571 alius
3185 3520 3291 3574 alio
3307 3502 3515 3583 melior.

2006 3595 2059 3647 4.
2092 3595 2147 3647 Si
2179 3604 2360 3650 autem
2388 3600 2530 3665 juSte
2574 3602 2652 3652 vel
2690 3602 2884 3671 injuste
2906 3605 3109 3675 judicio
3154 3618 3518 3685 contenditur,

1933 3683 2035 3737 hoc
2063 3686 2128 3739 ad
2169 3686 2327 3740 aliam
2377 3692 2609 3755 pertinet
2643 3692 3082 3760 disputationem.
3115 3702 3193 3757 No
3235 3706 3415 3779 itaque
3440 3683 3521 3767 di;

1932 3789 2043 3838 ens,
2070 3776 2276 3845 Aliquis
2306 3778 2496 3847 injuria
2520 3780 2696 3835 affecit
2727 3801 2738 3835 :
2774 3784 2896 3840 hinc
2918 3790 3058 3843 enim
3079 3792 3191 3859 jam
3223 3806 3274 3853 te
3298 3776 3517 3872 damno,

1932 3867 2072 3936 quod
2091 3868 2292 3936 judicio
2312 3872 2625 3927 contendas.
2652 3875 2705 3928 Si
2731 3888 2909 3934 autem
2930 3881 3177 3951 injuriam
3202 3867 3517 3951 inferentem

1935 3957 2074 4012 ferre
2103 3975 2206 4012 nou
2246 3977 2405 4031 posse
2441 3965 2645 4019 crimen
2693 3976 2795 4030 est,
2835 3969 3081 4039 injurium
3118 3976 3295 4036 facere
3320 3996 3539 4053 quanta

1930 4049 2146 4118 dignum
2185 4053 2289 4105 erit
2323 4056 2701 4112 accusatione?
2750 4060 2919 4126 Quare
2956 4081 3055 4119 non
3087 4071 3246 4140 magis
3274 4049 3517 4142 iniuriam

1930 4140 2207 4207 accipitis?
2236 4158 2391 4210 quare
2421 4160 2521 4197 non
2552 4150 2711 4217 magis
2742 4150 2977 4216 fraudem
3026 4160 3297 4224 patimini!
3409 4166 3518 4223 Sed

1930 4244 2014 4281 vos
2042 4231 2282 4299 injuriam
2314 4233 2479 4299 facitis
2504 4245 2547 4287 et
2576 4237 2809 4301 frondent
2831 4244 2981 4296 etiam
3008 4248 3273 4313 fratribus.
3308 4254 3516 4315 Rursus

1930 4322 2147 4391 duplum
2196 4325 2399 4378 crimen
2426 4344 2438 4389 ;
2490 4328 2598 4382 imo
2638 4330 2774 4386 forte
2804 4335 3019 4405 triplqu
3051 4350 3103 4395 et
3133 4344 3511 4417 quadruplum.

1930 4413 2104 4468 Umnn
2126 4416 2341 4485 quidem
2372 4419 2618 4488 injuriam
2646 4423 2962 4481 inferentem
2994 4429 3135 4488 ferre
3163 4413 3399 4505 nescire;
3430 4459 3516 4500 se-

1929 4507 2159 4561 cundum
2188 4520 2388 4574 autem,
2417 4513 2575 4567 etiam
2609 4516 2853 4586 injuriatu
2886 4521 3110 4589 inferre;
3143 4530 3378 4596 tertium,
3408 4536 3512 4591 iui-

1928 4599 2048 4666 quis
2085 4599 2341 4667 judicium
2388 4603 2454 4658 de
2490 4604 2572 4659 his
2596 4611 2965 4675 committere;
3010 4628 3278 4687 quartum,
3330 4622 3432 4679 hoc
3460 4628 3511 4682 iu

1930 4688 2149 4743 fratrem
2180 4691 2381 4747 facere.
2413 4694 2597 4765 Neque
2623 4700 2765 4752 enim
2794 4703 3040 4759 similiter
3068 4708 3137 4762 de
3168 4716 3401 4779 peccatis
3422 4718 3510 4787 ju-

1926 4779 2153 4845 dicatur,
2184 4798 2305 4837 cum
2328 4784 2681 4842 admittuntur
2699 4792 2749 4843 in
2773 4797 3015 4861 quemvis
3040 4800 3277 4869 obvium,
3308 4816 3364 4861 et
3390 4779 3511 4866 cum

1927 4870 1977 4923 in
2008 4862 2280 4941 pr0prium
2310 4878 2632 4931 membrum.
2668 4881 2779 4935 Hoc
2804 4885 2944 4939 enim
2974 4890 3095 4958 quis
3111 4893 3274 4950 audet
3295 4914 3359 4952 ex
3394 4918 3512 4955 ma-

1919 4960 2022 5028 jori
2053 4965 2344 5033 petulantia
2378 4985 2389 5019 :
2431 4977 2483 5022 et
2514 4970 2623 5025 illic
2654 4973 2868 5043 quidem
2913 4983 3259 5040 conculcatur
3288 4992 3404 5045 ευΙει
3436 4999 3510 5048 rei

1924 5063 2109 5108 natura
2131 5096 2145 5117 ,
2177 5056 2263 5110 hic
2303 5073 2433 5111 vero
2461 5060 2623 5115 etiam
2666 5080 2911 5133 persona:
2937 5072 3187 5137 qualitas.
3223 5078 3511 5152 Postquam

1924 5144 2080 5214 igitur
2098 5145 2354 5216 pudorem
2374 5150 2551 5205 intulit
2566 5168 2595 5206 a
2609 5159 2983 5215 communibus
3003 5166 3317 5235 rationibus,
3340 5144 3396 5228 et
3416 5191 3515 5229 an-

1924 5245 1975 5289 te
2004 5237 2121 5291 lnec
2164 5254 2192 5291 a
2230 5242 2517 5310 propositis
2547 5249 2813 5313 prtemiis,
2845 5256 3262 5316 comminatione
3291 5268 3507 5320 conclu—

1922 5327 1996 5381 dit
2031 5329 2495 5399 adhortationem,
2529 5339 2981 5399 vehementiorem
3037 5351 3268 5408 reddens
3299 5373 3507 5412 sermo-

1922 5437 2042 5476 nem
2069 5423 2148 5475 his
2178 5428 2353 5481 verbis
2380 5447 2391 5481 :
2428 5430 2481 5483 9.
2505 5432 2582 5483 An
2600 5436 2802 5489 nescitis
2830 5439 2964 5511 quod
2986 5440 3146 5511 iniqui
3176 5462 3384 5515 regnum
3410 5450 3507 5506 Dei

1920 5529 2020 5565 non
2051 5517 2420 5581 possidebunt?
2448 5519 2624 5575 Nolite
2652 5541 2823 5580 errare
2853 5543 2871 5581 :
2902 5546 3061 5601 neque
3107 5536 3388 5604 fornicarii,
3419 5558 3509 5595 ne-

1916 5624 2011 5675 que
2033 5607 2183 5660 idolis
2214 5613 2482 5669 seruientes
2505 5657 2518 5679 ,
2551 5633 2709 5685 neque
2736 5621 2978 5691 adulteri,
3008 5642 3165 5696 neque
3184 5630 3359 5685 molles
3376 5675 3392 5699 ,
3418 5652 3503 5688 ne-

1916 5717 2010 5769 que
2052 5706 2393 5760 masculorum
2436 5713 2801 5780 concubitores,
2854 5717 2920 5772 l0
2972 5735 3129 5786 neque
3155 5723 3314 5788 avari,
3350 5742 3509 5797 neque

1920 5799 2077 5865 frors,
2119 5813 2273 5865 ncque
2312 5803 2513 5867 ebriosi,
2550 5823 2705 5873 nepte
2729 5811 2979 5873 nmlcdit‘i,
3013 5828 3399 5883 neqncrnpares
3425 5840 3513 5877 re.

3146 5904 3186 5969 9
