4028 6208
487 373 590 427 σεδ

483 509 645 565 gnum
671 492 761 546 Dei
792 491 1136 558 possidebunt.
1167 489 1311 557 Quid
1329 488 1501 544 dicis?
1526 488 1594 542 de
1619 488 1798 542 avaris
1823 488 2070 557 loquens,

490 583 877 639 sceleratorum
928 580 1205 638 hominum
1247 590 1449 635 tantam
1491 577 1749 633 induxisti
1776 576 1932 632 nobis
1956 585 2073 631 tur~

485 675 645 729 ham?
666 673 860 735 Etiam,
892 673 1065 743 inquit
1088 689 1102 726 :
1125 671 1224 729 sed
1264 686 1371 726 non
1402 668 1742 726 confundens
1769 668 2074 722 orationem

488 766 592 819 hoc
624 764 765 819 facio
788 805 803 829 ,
829 762 925 819 Sed
952 775 1007 820 et
1046 764 1241 820 ordine
1266 762 1587 834 procedens.
1613 760 2074 828 Quemadmodum

486 855 631 909 enim
659 853 731 909 de
757 854 1176 909 fornicatoribus
1203 854 1429 924 loquens
1452 894 1469 921 ,
1497 853 1740 908 omnium
1766 850 1926 906 simul
1958 865 2075 905 me-

486 947 642 1002 minit
666 965 681 1000 :
710 948 782 1001 ita
811 961 1025 1001 rursum
1047 960 1266 1001 avarum
1292 958 1729 1001 commemorans
1753 983 1768 1007 ,
1802 957 1993 997 omnes
2023 943 2075 995 iu

483 1038 725 1093 medium
759 1036 977 1092 adducit
1016 1037 1085 1092 ad
1103 1036 1553 1107 reprehensiones
1574 1033 1944 1090 assuefaciens
1957 1047 2073 1095 eos,

480 1131 574 1199 qui
621 1132 810 1184 horum
849 1138 905 1184 et
945 1128 1202 1183 similium
1238 1128 1338 1183 sibi
1383 1128 1585 1183 conscii
1634 1136 1781 1182 sunt.
1833 1126 1965 1181 Nam
2024 1126 2077 1178 in

482 1220 709 1275 aliorum
756 1219 1272 1274 commemoratione"
1313 1217 1623 1287 frequenter
1646 1217 1837 1271 audire
1863 1231 2076 1285 pinnam

483 1311 550 1363 iis
579 1312 893 1379 repositam,
930 1308 983 1363 id
1005 1308 1174 1363 el'licit
1194 1316 1253 1362 ut
1278 1308 1485 1362 facilius
1508 1308 1759 1362 audiatur
1783 1308 2081 1376 reprehen-

483 1404 588 1466 sio,
619 1416 741 1456 cum
787 1402 1052 1457 adversus
1094 1415 1192 1455 sua
1243 1400 1471 1470 quisque
1496 1409 1718 1468 peccata
1748 1408 2079 1471 pugnaturus

484 1510 544 1549 se
600 1503 844 1565 apparat.
885 1493 1072 1562 Neque
1113 1492 1257 1546 enim
1300 1491 1415 1545 haec
1450 1500 1722 1561 tamquam
1761 1492 1939 1547 sciens
1972 1490 2080 1545 illis

482 1595 832 1654 competere,
863 1598 1040 1653 neque
1076 1591 1327 1652 tanquam
1375 1582 1812 1651 reprehendens,
1853 1582 2079 1637 commi-

489 1688 645 1730 natur
670 1694 683 1729 :
708 1676 852 1745 quod
880 1675 1114 1729 maxime
1142 1672 1629 1743 potestauditorcm
1656 1674 1891 1729 retinere
1906 1673 2077 1728 etim-

486 1765 669 1835 pcdire
689 1783 755 1822 ne
787 1764 1010 1829 resiliat.
1043 1781 1166 1821 cum
1194 1769 1367 1821 oratio
1396 1766 1547 1819 illum
1577 1782 1685 1820 non
1714 1767 1956 1835 respicit,
1980 1766 2077 1821 sed

490 1854 903 1913 iudeterminate
961 1860 1191 1926 prolata,
1242 1857 1362 1925 ejus
1410 1855 1799 1911 conscientiam
1850 1856 2081 1911 latenter

485 1949 689 2018 pungit.
715 1946 888 2002 Nolite
900 1964 1089 2001 errare.
1111 1946 1208 2000 llic
1219 1945 1520 2000 subindieat
1536 1945 1798 2015 quosdam
1813 1944 2076 2011 dicentes,

482 2040 626 2107 quod
647 2055 787 2095 nunc
799 2038 1167 2102 multidicunt,
1187 2038 1457 2108 Benignus
1474 2052 1595 2092 cum
1619 2037 1689 2090 sit
1718 2036 1858 2091 Deus
1884 2046 1937 2091 et
1963 2036 2074 2092 cle-

486 2144 661 2195 mens,
691 2129 887 2183 delicta
920 2142 1027 2183 non
1060 2128 1339 2183 ulciscitur
1370 2147 1382 2181 :
1414 2143 1480 2182 ne
1514 2127 1833 2191 timeamus;
1860 2142 1981 2180 nam
2008 2127 2079 2193 de

487 2221 630 2276 nulla
673 2235 733 2275 re
776 2235 806 2274 a
853 2221 1072 2276 nemine
1115 2234 1365 2289 umquam
1396 2233 1609 2289 penam
1639 2219 1835 2290 exiget.
1861 2219 1926 2273 Et
1954 2234 2078 2289 pro-

488 2324 667 2383 pterea
693 2312 844 2378 dicit,
899 2312 1078 2367 Nolite
1122 2328 1311 2366 errare.
1359 2312 1526 2367 Error
1552 2312 1697 2367 enim
1723 2322 1996 2367 extremus
2020 2320 2077 2367 et

489 2407 696 2463 fallacia
726 2417 806 2462 est
827 2447 843 2473 ,
871 2424 992 2459 rum
1030 2407 1169 2461 bona
1190 2421 1399 2475 speres,
1426 2407 1695 2461 contraria
1716 2406 1995 2476 consequi,
2021 2416 2077 2461 et

486 2500 616 2555 illud
660 2500 728 2555 de
768 2501 880 2569 Ben
919 2500 1217 2568 suspicari,
1262 2515 1381 2569 qua:
1428 2514 1495 2555 ne
1519 2500 1589 2555 de
1619 2501 1836 2556 homine
1859 2501 2073 2570 quidem

483 2593 765 2661 quisquam
808 2592 1147 2660 cogitaverit.
1192 2591 1553 2659 Quamobrem
1592 2593 1668 2645 ait
1704 2592 1965 2663 propheta
2010 2608 2074 2647 ex

483 2697 710 2752 persona
743 2684 894 2752 ejus:
928 2681 1248 2737 Existimasti
1270 2683 1608 2751 iniquitatem,
1640 2682 1779 2751 quod
1804 2698 1891 2741 ero
1919 2682 2077 2735 tuisi—

482 2773 657 2827 milis:
710 2790 925 2843 arguam
973 2784 1021 2826 te
1063 2783 1111 2826 et
1158 2783 1379 2826 statuant
1404 2783 1582 2827 contra
1609 2775 1792 2845 facient
1816 2784 1956 2828 tuam
1983 2776 2074 2828 ini-

480 2867 692 2932 quitates
739 2872 851 2917 tuas
889 2861 1076 2934 (Psal.
1126 2863 1216 2918 t9.
1247 2863 1336 2918 ΞΙ.
1367 2866 1415 2933 );
1439 2874 1492 2918 et
1533 2863 1731 2919 Paulus
1758 2866 1865 2929 hic,
1900 2864 2075 2919 Nolite

480 2971 651 3010 errare
677 2973 694 3020 ;
738 2966 897 3025 neque
934 2956 1267 3025 fornicatores
1311 2959 1329 3021 (
1357 2971 1503 3017 eum,
1534 2956 1624 3023 qui
1651 2956 1761 3024 jam
1790 2955 2073 3009 damnatus

483 3045 678 3113 fuerat,
707 3047 938 3115 primum
970 3045 1117 3112 ponit
1142 3045 1161 3113 )
1184 3084 1197 3108 ,
1231 3061 1391 3114 neque
1414 3045 1654 3109 adulteri,
1682 3061 1841 3114 neque
1862 3046 2037 3099 molles
2055 3086 2071 3109 ,

482 3154 641 3205 neque
668 3136 869 3199 ebriosi,
913 3151 1073 3203 neque
1097 3135 1333 3188 maledici
1358 3150 1570 3205 regnum
1597 3130 1696 3189 Dei
1724 3135 2069 3203 possidebunt.

550 3229 741 3283 Contra
784 3228 1083 3282 maledicos.
1111 3257 1184 3268 —
1214 3226 1364 3281 Multi
1395 3227 1536 3283 hunc
1566 3227 1743 3281 locum
1774 3228 2072 3296 reprehen-

479 3322 697 3387 derunt,
738 3328 1010 3389 tamquam
1054 3319 1212 3374 valde
1247 3333 1521 3391 asperum,
1572 3321 1616 3373 si
1665 3318 1881 3389 quidem
1922 3322 2073 3388 ponit

478 3412 747 3467 ebriosum
776 3420 830 3465 ct
878 3408 1202 3465 maledicum
1247 3424 1370 3464 cum
1420 3409 1667 3463 adultero
1694 3419 1750 3463 et
1787 3410 2069 3465 muliebria

480 3516 639 3571 passo
685 3511 741 3557 et
786 3502 1147 3556 masculorum
1201 3499 1569 3553 concubitore.
1599 3499 1759 3569 Atqui
1790 3515 1896 3554 non
1922 3501 2070 3570 paria

477 3600 607 3649 sunt
644 3592 875 3655 scelera,
924 3589 1197 3659 quomodo
1242 3603 1371 3659 ergo
1423 3588 1566 3657 paria
1610 3589 2069 3658 suppliciaiQuid

476 3699 609 3755 ergo
632 3682 911 3739 dicemus?
938 3682 1090 3749 Quod
1116 3691 1265 3736 certe
1294 3696 1399 3734 non
1431 3695 1592 3749 parva
1625 3696 1710 3735 res
1739 3684 1809 3736 sit
1834 3682 2069 3739 ebrietas

476 3787 534 3832 et
558 3776 900 3831 maledictum
924 3793 937 3829 :
968 3772 1183 3844 quando
1204 3772 1420 3843 quidem
1447 3772 1691 3827 Christus
1712 3788 1833 3827 eum
1852 3775 1941 3843 qui
1964 3774 2068 3828 fra-

478 3883 616 3925 trem
658 3884 813 3924 suum
844 3867 1047 3920 fatuum
1078 3866 1331 3931 vocavit,
1356 3866 1617 3934 gehennae
1648 3865 1886 3919 tradidit.
1913 3865 2068 3935 Saepe

474 3964 622 4019 enim
646 3962 772 4017 hinc
793 3967 1280 4028 morsconsequuta
1298 3965 1384 4012 est
1404 3974 1418 4011 :
1441 3956 1822 4011 etiudzeorum
1837 3958 2066 4027 populus

476 4070 541 4108 ex
570 4053 830 4109 ebrietate
862 4048 1174 4120 gravissima
1214 4047 1432 4102 admisit
1444 4056 1679 4117 peccata.
1710 4048 1911 4103 Deinde
1959 4065 2065 4104 non

477 4146 545 4201 de
560 4144 821 4215 supplicio
840 4144 926 4196 hic
945 4156 1246 4195 sermonem
1268 4137 1447 4205 habet,
1472 4138 1565 4193 sed
1587 4138 1654 4193 de
1673 4140 1961 4194 amissione
1976 4155 2064 4195 re-

472 4238 582 4308 gni.
597 4239 636 4289 A
653 4247 815 4306 regno
832 4235 989 4303 igitur
1003 4243 1149 4287 certe
1166 4231 1412 4287 similiter
1424 4239 1480 4286 et
1500 4231 1586 4286 hic
1601 4239 1655 4284 et
1674 4230 1765 4285 ille
1786 4232 2062 4288 excidunt:

482 4329 527 4379 si
552 4340 679 4379 tero
708 4326 761 4378 iu
791 4324 1034 4394 gehenna
1053 4323 1285 4391 aliquam
1304 4321 1414 4375 sint
1433 4320 1662 4375 habituri
1681 4320 2062 4383 differentiam,

478 4432 583 4469 non
628 4424 743 4470 erat
786 4413 1066 4483 praesentis
1114 4412 1371 4481 temporis
1410 4411 1743 4479 disquirere;
1786 4428 1890 4466 non
1917 4414 2061 4466 enim

461 4510 581 4564 'ltoc
613 4507 943 4577 propositum
968 4505 1121 4559 nobis
1150 4513 1251 4559 est.
1280 4505 1365 4558 ll.
1398 4501 1466 4556 Et
1492 4504 1599 4557 [nec
1619 4505 1824 4573 quidam
1855 4505 2062 4574 fuistis:

474 4602 563 4656 sed
583 4600 743 4655 abluti
760 4603 898 4661 estis,
929 4598 1016 4652 sed
1044 4596 1348 4663 sanctiﬁcati
1377 4596 1513 4649 estis.
1539 4596 1784 4664 Magnum
1810 4596 2061 4665 ingerens

474 4694 733 4764 pudorem
761 4689 1038 4757 subjunxit
1059 4686 1246 4739 dicens
1273 4704 1289 4740 :
1320 4686 1560 4756 Cogitate
1586 4701 1651 4740 ex
1684 4689 1904 4755 quantis
1940 4702 2055 4742 ma-

470 4785 537 4840 lis
586 4800 683 4838 vos
718 4780 978 4849 eripuerit
1028 4778 1193 4841 Deus,
1240 4789 1494 4845 quantant
1524 4777 1675 4831 vobis
1718 4777 2059 4847 benignitatis

470 4894 582 4933 sua:
599 4874 889 4946 praebuerit
907 4870 1293 4940 experientiam
1319 4878 1374 4922 et
1394 4868 1903 4923 demonstrationem
1924 4887 1939 4935 ;
1965 4886 2060 4925 ne-

469 4987 575 5041 que
598 4969 666 5024 ad
710 4969 879 5021 solam
926 4964 1297 5019 liberationem
1329 4960 1633 5015 mercedem
1666 4964 1924 5027 extendit,
1961 4964 2056 5019 sed

466 5065 623 5131 longe
651 5058 883 5127 amplius
922 5054 1239 5110 beneﬁcium
1278 5053 1463 5107 auxit:
1497 5053 1696 5107 etenim
1723 5054 1978 5108 mundum
2002 5066 2059 5111 et

468 5169 658 5224 purum
690 5131 835 5206 fecit.
865 5149 1000 5203 Num
1030 5146 1133 5203 hoc
1180 5145 1427 5200 tantum?
1470 5145 1835 5216 Nequaquam.
1878 5149 1969 5202 sed
2001 5159 2058 5203 et

465 5242 852 5307 sanetillcavit;
879 5254 1052 5308 neque
1078 5237 1176 5291 ltoe
1203 5238 1399 5300 solum,
1424 5237 1517 5290 sed
1541 5239 1700 5291 etiam
1718 5237 2050 5305 justillcavit.

465 5336 628 5407 Atqui
680 5334 761 5387 vel
807 5347 835 5385 a
886 5331 1116 5401 peccatis
1163 5330 1377 5383 liberari
1419 5344 1667 5398 magnum
1696 5340 1780 5384 est
1804 5332 2051 5386 donum:

465 5442 609 5489 nunc
638 5433 818 5479 autem
849 5432 901 5475 te
928 5421 1223 5474 innumeris
1248 5420 1473 5487 replevit
1500 5420 1675 5474 bonis.
1709 5421 1775 5474 Et
1820 5422 1925 5477 hoc
1971 5422 2051 5477 fa-

462 5528 606 5573 ctum
634 5524 733 5576 est,
768 5512 832 5566 In
863 5512 1068 5564 nomine
1109 5509 1311 5562 Domini
1338 5512 1499 5562 nostri
1519 5509 1643 5565 Jesu
1676 5512 1865 5566 (.‘Im'm
1892 5528 1913 5567 ε
1945 5529 2049 5566 non

1282 372 1339 427 S.
1377 370 1657 429 JOANNIS
1691 370 2170 429 CHRYSOSTOW
2209 372 2527 432 ARCﬂlEP.
2558 374 3095 437 CONS‘I'AN‘IINOP.

3672 393 3773 450 '36

2192 499 2407 554 ventes,
2432 514 2437 517 ν
2460 490 2531 545 ab
2559 489 2627 546 iis
2660 494 2911 551 omnibus
2934 513 3057 567 quas
3082 510 3391 557 enumerata
3420 515 3544 560 sunt
3568 510 3769 575 meridi,

2189 586 2245 631 et
2271 578 2559 635 tribunalia
2583 581 2873 653 fugiamus,
2905 602 3025 657 qua:
3047 599 3171 643 sunt
3200 591 3253 645 in
3278 596 3513 651 externis
3538 597 3693 667 loris,
3718 610 3774 657 et

2187 668 2515 725 nobilitatem
2556 689 2718 743 quam
2762 677 2921 731 nobis
2964 679 3107 734 Deus
3142 680 3365 750 largitus
3388 694 3474 741 est
3506 689 3773 746 custodia-

2187 774 2326 854 mus.
2353 759 2540 834 Cogita
2568 767 2736 828 enim,
2764 779 2982 837 quantae
3007 772 3079 827 sit
3104 774 3472 847 turpitudinis,
3514 780 3611 839 tibi
3652 784 3770 854 jura

2186 850 2455 907 dicentem
2485 856 2681 912 sedere
2702 857 2974 917 Grzccum.
3332 864 3345 879 ‘

2254 945 2310 1035 ii.
2352 944 2487 1010 Quid
2519 963 2683 1018 ergo,
2726 949 2935 1017 inquies
2959 994 2975 1017 ,
3008 953 3055 1007 si
3085 956 3130 1008 is
3160 957 3249 1027 qui
3281 958 3426 1015 intus
3449 972 3533 1017 est
3574 964 3753 1035 inique

2179 1033 2427 1103 judicet?
2464 1034 2608 1102 Cur,
2635 1044 2862 1106 quaeso?
2892 1045 3186 1098 secundum
3216 1062 3351 1116 quas
3380 1050 3527 1120 leges
3568 1033 3776 1123 judirat

2185 1123 2423 1190 Gm'cus,
2446 1136 2503 1180 et
2526 1130 2819 1183 secundum
2840 1148 2972 1201 quas
2995 1134 3333 1192 Christianus
3352 1138 3378 1192 ἲ
3394 1155 3573 1195 annon
3600 1141 3770 1211 palam

2185 1226 2269 1267 est
2294 1214 2541 1270 (inventu
2572 1219 2867 1273 secundum
2900 1222 3046 1292 leges
3076 1225 3351 1283 hominum
3371 1270 3387 1294 ,
3430 1240 3486 1285 et
3510 1232 3769 1287 Christia-

2188 1321 2313 1358 num
2348 1307 2652 1394 secundum
2699 1312 2841 1382 leges
2883 1315 3014 1368 Dei?
3069 1317 3166 1371 llic
3194 1335 3325 1388 ergo
3363 1325 3531 1392 magis
3568 1324 3769 1394 justitia

2187 1392 2470 1459 reperitur,
2496 1396 2619 1464 quia
2648 1398 2794 1466 leges
2816 1413 2882 1451 ex
2908 1400 3043 1454 caelo
3072 1412 3200 1456 sunt
3227 1405 3426 1460 missae.
3459 1406 3515 1461 lit
3536 1392 3774 1465 externis

2185 1478 2329 1534 enim
2358 1494 2555 1551 prteter
2582 1501 2645 1540 ea
2688 1503 2809 1557 quae
2850 1488 2992 1545 dicta
3030 1501 3194 1559 sunt,
3223 1493 3328 1549 alia
3355 1507 3479 1552 sunt
3522 1512 3770 1570 suspecta

2186 1572 2372 1640 multa,
2392 1585 2667 1633 oratorum
2694 1580 2774 1635 vis
2794 1581 3005 1637 dicendi
3037 1625 3052 1647 ,
3078 1586 3692 1662 priueipnmcorruptio,
3717 1608 3771 1650 ot

2185 1662 2349 1716 multa
2378 1665 2483 1719 alia
2508 1684 2630 1735 quae
2665 1670 2929 1737 justitiam
2972 1674 3334 1733 labefactant:
3362 1679 3450 1735 hic
3480 1697 3611 1737 vero
3638 1685 3771 1742 nihil

2186 1751 2378 1846 horum
2406 1767 2512 1818 est.
2534 1757 2671 1823 Quid
2695 1775 2824 1828 ergo
2844 1803 2859 1823 ,
2899 1764 3109 1831 inquies
3127 1807 3141 1829 ,
3164 1767 3210 1820 si
3233 1768 3571 1827 adversarius
3596 1773 3771 1846 dyna-

2185 1853 2265 1896 sta
2308 1845 2426 1901 sit?
2465 1847 2529 1902 Et
2574 1849 2696 1904 ideo
2728 1853 2962 1908 maxime
3002 1855 3091 1909 hic
3123 1856 3370 1925 judicare
3409 1845 3681 1931 oportet:
3716 1869 3772 1923 in

2184 1937 2423 2027 externis
2448 1941 2709 1996 enimille
2746 1943 2965 2012 judiciis
3007 1956 3058 2002 te
3098 1948 3202 2003 erit
3242 1954 3464 2008 omnino
3506 1960 3771 2027 superior.

2184 2026 2240 2082 Si
2264 2038 2444 2085 autem
2470 2033 2561 2088 ille
2587 2050 2692 2088 non
2734 2038 3061 2107 acquiescit,
3091 2050 3146 2094 et
3173 2042 3216 2096 si
3246 2042 3298 2096 id
3329 2046 3474 2114 quod
3519 2026 3663 2103 intus
3690 2062 3774 2106 est

2177 2124 2437 2193 judicium
2467 2127 2697 2196 despicit
2723 2139 2777 2183 ct
2822 2129 2965 2185 foras
3004 2134 3053 2185 vi
3096 2135 3302 2189 trahit?
3343 2137 3532 2193 Melius
3570 2151 3655 2195 e‘t
3697 2143 3769 2204 id.

2181 2216 2323 2285 quod
2351 2232 2419 2273 ex
2448 2220 2771 2276 necessitate
2802 2238 3059 2293 passurus
3092 2240 3155 2281 es
3178 2266 3195 2289 ,
3227 2239 3279 2282 te
3325 2230 3576 2286 libentem
3608 2236 3773 2289 susti-

2185 2322 2314 2361 nerc
2329 2310 2662 2377 etjudicimn
2690 2329 2794 2366 non
2820 2314 3025 2379 subire,
3051 2324 3110 2369 ut
3138 2325 3192 2371 et
3219 2321 3524 2377 mercedem
3552 2324 3770 2379 habeas.

2182 2397 2316 2452 Natu
2348 2398 2431 2465 Si,
2465 2402 2657 2470 inquit,
2688 2404 2802 2471 quis
2822 2405 2940 2458 velit
2962 2416 3123 2459 tecum
3158 2409 3212 2461 in
3230 2408 3429 2477 judicio
3450 2417 3769 2481 contendere,

2183 2500 2229 2542 et
2247 2490 2471 2543 tunicam
2490 2502 2631 2544 tuam
2642 2494 2889 2562 accipere,
2914 2497 3135 2552 dimittes
3155 2499 3234 2552 illi
3258 2502 3408 2553 etiam
3426 2505 3639 2572 pallium
3656 2522 3677 2570 ;
3694 2518 3770 2574 et,

2185 2579 2272 2633 Sis
2297 2580 2563 2637 berterolus
2592 2584 2880 2638 adversario
2908 2596 2996 2640 tuo
3017 2590 3117 2642 cito
3136 2632 3152 2652 ,
3179 2590 3341 2644 donec
3379 2608 3433 2647 es
3468 2596 3523 2647 in
3548 2598 3628 2651 ria
3654 2614 3772 2654 cum

2181 2674 2272 2727 illo
2298 2674 2510 2745 (lauit.
2543 2678 2597 2731 5.
2624 2678 2712 2732 40.
2736 2678 2849 2746 25).
2880 2680 3082 2749 Ecquid
3110 2694 3290 2738 nostra
3314 2686 3493 2742 dicere
3510 2705 3641 2758 opus
3663 2694 3771 2747 est?

2182 2782 2303 2820 nam
2327 2769 2424 2836 ipsi
2453 2786 2668 2839 quoque
2691 2784 3035 2827 externorum
3064 2776 3404 2847 tribunalium
3423 2784 3634 2845 patroni
3657 2784 3773 2839 hate

2180 2860 2478 2929 turpissime
2504 2862 2710 2925 dicunt,
2746 2864 2937 2917 melius
2966 2880 3087 2920 esse
3118 2866 3248 2921 foris
3272 2869 3392 2925 lites
3420 2886 3767 2941 componere.

2253 2953 2598 3007 Pecuninrutn
2635 2972 2781 3009 amor
2807 2958 2976 3008 omnia
3002 2958 3263 3012 subvertit.
3291 2989 3364 3001 ——
3382 2961 3488 3017 Sed
3505 3004 3521 3028 ,
3547 2978 3584 3018 o
3611 2980 3772 3033 pecu-

2181 3044 2327 3097 nias!
2360 3045 2468 3097 imo
2499 3047 2695 3114 potius,
2726 3061 2760 3098 o
2787 3047 3077 3102 absurdum
3106 3052 3453 3118 pecuniarum
3481 3069 3721 3113 amorem
3750 3061 3768 3113 !

2178 3133 2268 3201 qui
2313 3134 2490 3188 omnia
2524 3136 2790 3190 subvertit
2829 3148 2885 3192 et
2912 3139 3149 3206 dejecit;
3181 3158 3443 3212 nugaeque
3472 3155 3528 3200 et
3568 3147 3765 3204 fabulae

2182 3223 2364 3277 multis
2389 3237 2513 3278 sunt
2555 3227 2733 3280 omnia
2767 3239 2985 3296 propter
3013 3231 3285 3297 pecunias.
3314 3232 3381 3287 Et
3405 3236 3546 3303 quod
3578 3238 3646 3302 ii,
3675 3241 3768 3309 qui

2178 3314 2524 3371 saecularibus
2548 3318 2889 3383 sintaddieti,
2921 3319 2972 3373 in
3000 3321 3357 3379 tribunalibus
3378 3324 3500 3381 lites
3518 3339 3765 3383 commo-

2178 3416 2354 3471 veant,
2380 3408 2511 3462 nihil
2535 3410 2727 3462 mirum
2753 3426 2767 3474 ;
2796 3408 2939 3478 quod
2961 3420 3139 3465 autem
3168 3413 3318 3466 multi
3341 3430 3406 3468 ex
3436 3416 3524 3479 iis,
3544 3420 3632 3487 qui
3659 3437 3766 3474 ste-

2176 3498 2299 3552 culo
2325 3499 2770 3553 abrenuntiarunt
2795 3540 2810 3563 ,
2840 3500 3029 3555 eadem
3058 3501 3173 3569 ipsa
3205 3502 3397 3557 faciant
3421 3545 3438 3570 ,
3469 3508 3573 3563 hoc
3617 3521 3768 3568 certe

2176 3598 2256 3642 est
2282 3599 2434 3643 extra
2462 3591 2673 3643 veniam
2695 3604 2930 3644 omnem.
2961 3590 3094 3644 Nam
3125 3592 3169 3645 si
3195 3594 3277 3647 vis
3298 3594 3481 3653 videre
3505 3612 3765 3668 quantum

2177 3688 2231 3733 te
2249 3681 2442 3735 abesse
2470 3684 2539 3734 ab
2563 3680 2663 3735 hoc
2684 3697 2809 3747 usu,
2844 3699 3036 3754 nempe
3053 3686 3417 3755 tribunalium,
3451 3698 3767 3763 prmeeperit

2172 3769 2443 3839 Scriptura
2467 3813 2483 3837 ,
2511 3782 2567 3826 et
2591 3771 2803 3828 discere
2834 3774 3153 3843 quibusnam
3193 3776 3342 3846 leges
3394 3783 3583 3849 posita:
3610 3786 3716 3840 sint
3741 3828 3761 3851 ,

2173 3863 2295 3915 audi
2325 3863 2448 3929 quid
2474 3864 2618 3917 dicat
2647 3864 2841 3919 Paulus
2871 3884 2884 3919 :
2914 3866 3063 3919 Iusto
3083 3868 3167 3921 lea:
3207 3886 3308 3922 non
3345 3882 3417 3923 est
3445 3875 3629 3942 posita,
3671 3879 3766 3930 sed

2172 3953 2439 4020 injustiset
2460 3970 2562 4007 non
2590 3956 2806 4009 subditis
2828 3958 2846 4026 (
2874 3959 2924 4010 i.
2951 3956 3087 4012 Tim.
3122 3961 3173 4012 1.
3197 3960 3232 4013 9
3252 3960 3291 4028 ).
3319 3961 3472 4027 Quod
3499 3966 3543 4018 si
3574 3966 3663 4021 ille
3690 3969 3763 4024 de

2171 4041 2397 4095 Mosaica
2441 4042 2541 4097 hoc
2568 4042 2695 4098 dicit
2715 4086 2730 4109 ,
2761 4046 2928 4099 multo
2955 4049 3123 4119 magis
3150 4049 3219 4104 de
3261 4053 3498 4108 externis
3527 4055 3759 4126 legibus.

2171 4131 2226 4185 Si
2254 4146 2384 4201 ergo
2415 4132 2661 4202 injuriam
2701 4137 2893 4191 feceris
2917 4178 2932 4203 ,
2967 4140 3141 4206 palam
3172 4149 3257 4194 est
3286 4150 3341 4194 te
3380 4159 3487 4198 non
3526 4160 3647 4202 esse
3668 4148 3761 4217 ju-

2170 4230 2347 4287 stum;
2394 4224 2437 4276 si
2483 4234 2659 4278 autem
2700 4226 2889 4296 injuria
2920 4227 3171 4285 afﬁciaris
3198 4241 3247 4284 et
3276 4228 3415 4285 feras
3446 4234 3585 4305 (hoc
3608 4239 3757 4293 enim

2171 4316 2403 4370 maxime
2428 4316 2559 4384 justi
2582 4319 2738 4389 est),
2764 4334 2871 4372 non
2906 4335 3041 4390 opus
3069 4321 3235 4376 habes
3260 4328 3497 4380 externis
3524 4329 3749 4399 legibus.

2171 4410 2237 4464 Et
2261 4410 2549 4478 quomodo,
2571 4410 2800 4478 inquies,
2828 4412 3015 4478 injuria
3041 4411 3201 4466 hesus
3231 4412 3371 4469 ferre
3402 4428 3585 4485 potero
3603 4420 3629 4473 2
3654 4423 3756 4475 Αι..

2169 4501 2257 4571 qui
2299 4499 2546 4554 Christus
2594 4500 2793 4571 aliquid
2832 4504 2992 4556 etiam
3045 4503 3275 4571 amplius
3324 4507 3596 4577 praecepit.
3632 4510 3756 4566 Non

2168 4595 2329 4647 modo
2365 4595 2508 4649 enim
2556 4594 2743 4663 injuria
2798 4599 2981 4651 hesutn
3034 4598 3175 4654 ferre
3202 4600 3404 4667 jussit,
3445 4603 3537 4657 sed
3588 4606 3756 4661 etiam

2166 4685 2368 4739 all'atim
2393 4700 2615 4755 erogare
2638 4688 2687 4741 ei
2713 4690 2800 4757 qui
2826 4688 2947 4741 facit
2977 4688 3249 4755 injuriam,
3273 4700 3327 4744 et
3357 4692 3592 4759 patiendi
3614 4694 3755 4751 ale-

2167 4788 2256 4832 ctu
2285 4788 2341 4832 et
2377 4779 2841 4849 animosuperare
2880 4781 3230 4848 cupiditatem
3272 4785 3413 4837 mala
3442 4784 3751 4843 inferentis.

2166 4870 2282 4925 Non
2306 4871 2448 4924 enim
2469 4870 2626 4938 dixit,
2660 4873 2720 4927 Ei
2742 4873 2834 4943 qui
2853 4874 2979 4927 velit
3008 4881 3182 4926 tecum
3214 4874 3265 4927 in
3287 4874 3492 4943 judicio
3517 4890 3750 4934 conten-

2166 4962 2296 5017 dere
2319 4973 2373 5016 et
2396 4965 2627 5018 tunicam
2658 4974 2800 5019 tuam
2832 4965 3043 5019 aulene
3063 5006 3079 5031 ,
3107 4964 3317 5022 dimitte
3348 4970 3581 5032 tunicam
3606 4987 3623 5037 ;
3652 4969 3752 5027 sed

2165 5069 2285 5106 cum
2320 5054 2405 5106 illa
2445 5064 2503 5109 et
2536 5056 2753 5125 pallium
2778 5057 2924 5111 dato.
2956 5055 3125 5109 Vince
3152 5055 3300 5112 illum
3322 5098 3337 5119 .
3367 5060 3531 5130 inquit
3558 5102 3575 5125 ,
3608 5060 3752 5115 male

2164 5145 2414 5213 patiendo
2437 5188 2450 5209 ,
2484 5163 2588 5200 non
2630 5149 2769 5202 male
2796 5148 3040 5202 faciendo
3070 5167 3084 5201 :
3109 5148 3225 5204 haec
3252 5160 3327 5205 est
3355 5153 3498 5207 enim
3522 5155 3669 5209 clara
3688 5160 3751 5209 et

2162 5240 2441 5307 splendida
2494 5242 2735 5297 victoria.
2809 5242 3037 5311 Ideoque
3088 5256 3269 5310 postea
3318 5244 3446 5300 dicit
3498 5246 3742 5303 Paulus:

2160 5329 2192 5382 ,1
2199 5347 2281 5382 am
2301 5332 2433 5383 enim
2458 5334 2695 5386 delictum
2722 5342 2793 5386 cst
2817 5334 2952 5385 vobis
2971 5374 2987 5396 ,
3014 5334 3151 5401 quod
3168 5334 3368 5403 judicia
3391 5338 3584 5390 habetis
3614 5338 3757 5391 inter

2160 5437 2247 5476 vos
2276 5438 2295 5476 :
2315 5431 2361 5475 et
2385 5439 2477 5476 cur
2505 5440 2605 5477 non
2632 5425 2799 5493 potius
2836 5423 3081 5491 injuriam
3107 5425 3382 5494 accipitis?
3418 5424 3571 5490 Quod
3597 5427 3747 5479 enim

2161 5513 2205 5566 is
2227 5515 2313 5583 qui
2348 5513 2537 5583 injuria
2563 5514 2813 5577 afficitur,
2846 5514 3013 5584 magis
3053 5516 3246 5578 vincat,
3279 5530 3439 5584 quam
3470 5515 3514 5567 is
3542 5515 3632 5582 qui
3664 5516 3748 5567 in.

464 5612 516 5665 in
544 5611 645 5663 hoc
666 5609 751 5663 vel
785 5608 836 5660 in
863 5604 973 5670 illo,
1007 5602 1100 5657 sed
1146 5601 1209 5654 Et
1256 5602 1307 5655 iu
1354 5602 1552 5670 Spiritu
1601 5603 1693 5657 Dei
1717 5608 1895 5659 nostri.
1929 5607 2052 5660 Ilme
2154 5602 2351 5672 juriam
2380 5619 2485 5658 non
2518 5604 2641 5670 fert,
2668 5603 2771 5657 hoc
2797 5603 2946 5659 vobis
2970 5606 3142 5677 palam
3164 5605 3352 5659 faciam
3406 5603 3632 5659 Etiamsi
3651 5608 3749 5675 qui

462 5716 590 5768 ergo
616 5716 736 5755 cum
763 5700 1017 5759 sciamus,
1067 5694 1272 5760 dilecti,
1304 5703 1358 5747 et
1395 5695 1598 5762 accepti
1640 5696 1882 5750 beneficii
1932 5712 2049 5750 ma-

462 5792 791 5865 gnitudinem
848 5790 1167 5859 cogitantes,
1218 5800 1529 5840 maneamus
1577 5796 1937 5856 temperanter
1967 5792 2046 5842 vi-

2159 5693 2407 5765 injuriam
2440 5712 2543 5751 non
2577 5694 2677 5748 fert
2704 5694 2755 5749 in
2777 5696 3035 5766 judicium
3056 5696 3298 5760 traxerit,
3330 5696 3541 5752 etiamsi
3573 5713 3743 5768 supe-

2160 5790 2311 5854 rarit,
2371 5802 2494 5844 tunc
2539 5791 2772 5844 maxime
2814 5792 3062 5845 vincitur.
3115 5789 3267 5856 Quod
3310 5789 3453 5845 enim
3505 5788 3746 5859 uolebat,
