3986 6206
520 303 617 355 137

516 420 839 485 νενίκηκας;
877 415 927 466 τί
955 416 1010 469 δὲ
1039 417 1121 468 ὅτι
1161 417 1229 470 τά
1253 418 1508 488 χρήματα
1533 415 1805 476 ἀπέλαϐες
1840 415 2055 467 ᾶπαντα
2080 425 2094 472 ;

511 501 648 567 ὅπερ
675 499 773 550 οὐκ
800 498 1018 552 ἐϐούλου
1044 499 1181 562 τέως
1210 501 1527 568 ὑπέμεινας,
1555 496 1918 563 ἀναγκασθεὶς
1941 494 2094 547 δικά-

514 580 727 635 σασθαι.
758 583 851 634 Ἂν
873 582 928 635 δὲ
963 582 1196 652 ἐνέγκῃς
1225 582 1323 651 τὴν
1351 580 1585 641 ἀδικίαν,
1617 581 1774 648 νικᾷς
1801 579 2099 649 χρημάτων

514 664 611 731 μὲν
636 665 1127 735 ἀποστερούμενος,
1155 665 1254 732 τῆς
1284 664 1341 716 δὲ
1371 663 1549 731 νίκης,
1568 663 1751 715 οὐκέτι
1778 662 1875 731 τῆς
1911 662 2002 712 ἐπὶ
2031 661 2098 729 τῇ

512 747 794 817 φιλοσοφίᾳ
831 747 1021 818 ταύτῃ·
1058 747 1115 798 οὐ
1151 747 1259 815 γάρ
1301 746 1486 814 ῐσχυσέ
1534 761 1592 797 σε
1621 745 1926 810 ἀναγκάσαι
1954 745 2098 794 ἐκεῖ·

512 846 617 892 νος,
655 831 790 899 ὅπερ
825 830 924 880 οὐκ
960 827 1205 890 ἐϐούλου,
1238 827 1481 897 ποιῆσαι.
1517 828 1626 880 Ka‘L
1655 828 1737 880 ὃτι
1761 825 1918 877 τοῦτό
1954 827 2100 876 ἐστιν

511 911 728 981 ἀληθὲς,
761 911 880 962 εἰπέ
921 927 1031 979 μοι,
1079 911 1161 972 τίς
1201 911 1475 979 ἐνίκησεν,
1511 911 1540 960 6
1581 909 1870 978 βάσκανος,
1894 909 1927 977 ἣ
1951 909 1979 959 6
2007 906 2102 960 ἐπὶ

510 994 608 1060 τῆς
640 993 906 1062 κοπρίαςς
944 994 1027 1053 τίς
1062 992 1292 1063 ήττήθη,
1328 994 1356 1044 ό
1383 992 1560 1044 πάντα
1589 989 1907 1060 ἀφαιριθεὶς
1953 987 2096 1054 Ἰὼϐ,

510 1077 542 1144 ἢ
585 1077 613 1126 ὁ
648 1075 822 1127 πάντα
855 1074 1185 1144 ἀφελόμενος
1224 1070 1506 1138 διάϐολος;
1541 1073 1710 1142 Δῆλον
1749 1073 1832 1125 ὅτι
1869 1074 1897 1123 6
1924 1071 2101 1124 πάντα

511 1159 839 1226 ἀφελόμενος
861 1158 1124 1219 διάϐολος.
1150 1157 1283 1210 Τίνα
1305 1153 1397 1210 οὖν
1415 1155 1770 1225 θαυμάζομεν
1798 1154 1896 1224 τῆς
1922 1156 2098 1224 νίκης,

510 1241 600 1292 τὸν
628 1240 872 1293 διάϐολον
900 1241 991 1291 τὸν
1026 1239 1322 1309 πλήξαντα,
1347 1238 1380 1310 ἢ
1408 1238 1497 1290 τὸν
1527 1236 1646 1290 Ἰὼϐ
1675 1238 1766 1290 τὸν
1789 1237 2096 1308 πληγέντα;

513 1323 678 1393 Δῆλον
707 1324 789 1375 ὅτι
820 1323 908 1375 τὸν
942 1321 1062 1374 Ἰώϐ
1084 1337 1098 1351 ·
1142 1321 1317 1376 καίτοι
1350 1340 1414 1389 γε
1459 1323 1559 1376 οὐκ
1602 1324 1789 1392 ίσχυσε
1838 1324 2100 1392 χρήματα

509 1406 857 1476 ἀπολλύμενα
907 1408 1223 1475 κατασχεῖν,
1265 1407 1326 1458 οὐ
1359 1405 1532 1458 σῶσαι
1564 1406 1693 1467 τοὺς
1733 1405 1928 1468 παῖδας
1978 1407 2101 1468 τοὺς

509 1491 697 1544 αὐτοῦ.
747 1491 859 1544 Καὶ
910 1489 962 1542 τί
1015 1488 1158 1556 λέγω
1196 1489 1454 1558 χρήματα
1485 1490 1579 1541 καὶ
1615 1489 1848 1550 παῖδας;
1879 1488 1977 1558 τήν
2006 1488 2099 1541 τοῦ

510 1572 762 1642 σώματος
787 1572 887 1624 οὐκ
920 1571 1108 1640 ἴσχυσε
1134 1570 1596 1642 περιποιήσασθαι
1625 1571 1921 1640 σωτηρίαν.
1959 1569 2099 1622 Ἀλλ’

506 1657 653 1724 ὅμως
693 1647 848 1717 οὗτός
880 1655 1026 1706 ἐστιν
1067 1656 1096 1708 ό
1135 1655 1386 1724 νικήσας,
1415 1657 1443 1708 6
1471 1655 1649 1708 πάντα
1689 1655 1757 1708 τά
1789 1654 1916 1706 ὄντα
1961 1655 2098 1705 ἀπο-

507 1735 704 1791 ϐαλών.
735 1737 1008 1806 Χρήματα
1048 1737 1145 1806 μέν
1178 1738 1286 1806 γάρ
1313 1737 1412 1788 οὐκ
1443 1737 1632 1806 ίσχυσε
1659 1739 1972 1805 κατασχεῖν,
2000 1735 2098 1805 τὴν

505 1820 560 1869 δὲ
594 1819 876 1870 εὐσέϐειαν
909 1819 1145 1887 κατέσχε
1180 1817 1316 1888 μετά
1351 1818 1636 1889 ἀκριϐείας
1664 1819 1902 1886 ἀπάσης.
1939 1816 2100 1869 Ἀλλά

509 1901 696 1953 παισὶν
727 1901 827 1952 οὐκ
856 1901 1135 1970 ἐπήμυνεν
1165 1900 1580 1970 ἀπολλυμένοις.
1635 1902 1746 1954 Καὶ
1785 1900 1838 1952 τί
1900 1898 2056 1951 τοῦτο
2082 1917 2096 1964 ;

509 1983 601 2033 καὶ
633 1982 742 2052 γάρ
770 1982 1010 2043 ἐκείνους
1059 1981 1478 2053 λαμπροτέρους
1513 1983 1738 2050 ἐποίησε
1768 1982 1830 2034 τὸ
1860 1981 2095 2052 συμϐάν,

509 2065 600 2115 καὶ
631 2062 806 2131 ἐαυτῷ
836 2062 892 2114 δέ
919 2063 1094 2126 οὕτως
1122 2065 1326 2135 ἡμυνεν
1355 2064 1803 2135 ἐπηρεαζομένῳ.
1841 2065 1903 2116 El
1937 2064 1992 2116 δέ
2022 2064 2098 2134 μὴ

508 2149 690 2208 κακῶς
721 2145 887 2219 ἔπαθε
927 2148 1022 2198 καὶ
1049 2147 1280 2216 ἠδικήθη
1314 2148 1464 2216 παρὰ
1489 2149 1582 2200 τοῦ
1607 2148 1878 2210 διαϐόλου,
1907 2149 2008 2201 οὐκ
2033 2149 2099 2200 ἀν

506 2230 722 2296 ἐνίκησε
753 2212 862 2296 ’τήν
893 2212 1150 2298 λαμπρὰν
1184 2212 1340 2300 νίκην
1378 2212 1614 2300 ἐκείνην.
1644 2231 1707 2282 El
1756 2229 1994 2300 πονηρὸν
2030 2225 2099 2298 ἦν

506 2312 566 2363 τὸ
597 2311 920 2374 ἀδικεῖσθαι,
973 2312 1071 2362 οὐκ
1117 2311 1185 2362 ἀν
1216 2314 1351 2381 ήμῐν
1385 2312 1516 2365 αὐτὸ
1564 2311 1826 2375 ἐπέταξεν
1874 2315 1904 2364 6
1942 2311 2095 2374 Θεός⁸

506 2394 720 2462 πονηρά
754 2393 861 2461 γὰρ
893 2395 920 2445 6
950 2393 1082 2456 Θεὸς
1122 2394 1221 2446 οὐκ
1273 2393 1570 2448 ἐπιτάττει·
1623 2393 1657 2463 ἢ
1709 2393 1809 2446 οὐκ
1855 2395 1990 2455 ῐστε,
2016 2395 2098 2447 ὅτι

507 2477 667 2538 αὐτός
715 2479 862 2527 ἐστιν
907 2478 934 2526 6
981 2475 1113 2538 Θεὸς
1145 2477 1241 2544 τῆς
1278 2476 1471 2546 δόξης;
1501 2478 1595 2529 καὶ
1625 2477 1726 2528 οὐκ
1771 2477 1836 2530 ἂν
1866 2478 2097 2548 αἰσχύνη

508 2559 601 2608 καὶ
644 2559 836 2624 γέλωτι
883 2558 978 2609 καὶ
1027 2556 1200 2628 ζημία
1250 2559 1566 2629 περιϐαλεῖν
1616 2562 1762 2631 ἡμᾶς
1808 2558 2095 2630 ἠθέλησεν,

508 2641 641 2691 ἀλλὰ
695 2640 950 2692 τάναντία
993 2639 1342 2710 προξενῆσαι.
1378 2642 1476 2694 Διά
1517 2641 1674 2695 τοῦτο
1712 2641 1921 2695 κελεύει
1950 2646 2097 2713 ήμάς

509 2723 831 2784 ἀδικεῖσθαι,
854 2723 947 2774 καὶ
969 2722 1148 2776 πάντα
1171 2723 1422 2793 πράττει,
1441 2722 1581 2776 ὥστε
1613 2725 1919 2795 ἀποστῆσαι
1950 2728 2098 2796 ἡμᾶς

507 2806 616 2854 τῶν
646 2805 930 2874 βιωτικῶν,
965 2807 1058 2857 καὶ
1086 2809 1272 2861 πεῖσαι
1297 2808 1348 2861 τί
1375 2807 1502 2873 δόξα
1536 2809 1630 2862 καὶ
1663 2809 1716 2862 τί
1759 2810 2014 2881 αίσχύνη,
2044 2813 2096 2865 τί

509 2888 683 2956 ζημία
714 2889 808 2941 καί¹
839 2888 892 2940 τί
924 2888 1134 2957 κέρδος.

583 3033 635 3096 ς’
676 3033 837 3086 Ἀλλά
855 3033 1024 3086 δεινὸν
1049 3034 1108 3086 τὸ
1121 3034 1420 3089 ἀδικεῖσθαι
1441 3038 1532 3090 καὶ
1547 3037 1969 3109 ἐπηρεάζεσθαι.
1985 3041 2098 3094 Οὐκ

516 3119 629 3170 ἔστι
670 3117 858 3180 δεινὸν,
894 3118 994 3170 οὐκ
1034 3117 1200 3182 ἐστιν,
1245 3118 1517 3189 ἄνθρωπε.
1556 3121 1734 3190 Μέχρι
1783 3122 1926 3184 τίνος
1961 3124 2099 3193 πρὸς

508 3200 576 3251 τὰ
604 3199 847 3270 παρόντα
877 3201 1137 3268 ἐπτόησαι
1162 3220 1175 3266 ;
1202 3201 1335 3253 Οὐδὲ
1363 3201 1473 3271 γάρ
1515 3203 1580 3255 ἂν
1608 3203 1870 3267 ἐπέταξεν
1907 3206 2038 3258 αὐτὸ
2072 3207 2098 3258 6

505 3283 659 3344 θεὸς,
715 3285 764 3334 εί
810 3283 979 3336 δεινὸν
1007 3279 1093 3353 ἦν.
1125 3284 1327 3335 Σκόπει
1365 3282 1442 3335 δέ·
1493 3285 1551 3336 '0
1583 3285 1859 3353 ⁴1ἰδικηκὼς
1888 3287 2096 3356 ἀπῆλθε

513 3365 766 3433 χρήματα
794 3364 951 3434 ἔχων,
986 3364 1121 3416 ἀλλά
1158 3366 1252 3417 καὶ
1280 3363 1518 3427 συνειδὸς
1555 3368 1811 3435 πονηρόν·
1839 3369 1868 3418 6
1903 3369 1959 3419 δὲ
1986 3368 2099 3436 ηδι-

507 3447 764 3517 κημένος,
797 3445 1098 3513 χρημάτων
1136 3445 1233 3512 μὲν
1281 3445 1751 3513 ἀπεστερημένος,
1786 3449 2099 3516 παρρησίαν

507 3535 564 3584 δὲ
594 3530 928 3599 κεκτημένος
966 3527 1103 3597 πρὸς
1139 3527 1229 3579 τὸν
1254 3525 1406 3589 Θεὸν,
1432 3526 1622 3596 κτῆμα
1653 3530 1864 3598 μυρίων
1890 3529 2099 3599 Θησαυ-

511 3615 620 3683 ρῶν
659 3613 1000 3682 τιμιώτερον.
1042 3608 1205 3661 Ταῦτ’
1240 3605 1332 3662 οὖν
1365 3608 1587 3673 ειδότες,
1619 3610 1996 3681 φιλοσοφῶμεν
2037 3615 2100 3664 ἐκ

509 3698 905 3764 προαιρέσεως,
952 3695 1044 3747 καὶ
1082 3693 1156 3763 μὴ
1189 3694 1489 3762 πάσχωμεν
1524 3697 1592 3745 1‘1
1615 3694 1720 3746 τῶν
1748 3697 2010 3766 ἀνοήτων,
2047 3700 2096 3752 οἳ

508 3779 631 3828 τότε
667 3779 948 3844 νομίζουσι
981 3778 1055 3844 μὴ
1082 3778 1405 3837 ἀδικεῖσθαι,
1434 3779 1562 3828 ὅταν
1600 3779 1710 3829 ἀπὸ
1746 3779 2099 3849 δικαστηρίου

509 3859 670 3910 10510
696 3858 928 3909 πάθωσι.
963 3854 1111 3924 [MS]
1140 3854 1464 3907 Τούναντίον
1489 3856 1544 3907 δέ
1580 3857 1724 3909 ἀπαν
1747 3858 1897 3909 ἐστὶν
1934 3862 1970 3928 ή
2003 3877 2098 3928 με·

512 3943 672 4008 γίστη
709 3939 898 4010 ζημία,
932 3940 1023 3990 καὶ
1051 3937 1185 3998 ὅλως
1221 3937 1348 3989 ὅταν
1385 3938 1459 4006 μὴ
1489 3938 1704 4000 ἑκόντες
1736 3937 1912 3991 ταῦτα
1947 3940 2098 4008 φιλο-

513 4024 788 4093 σοφῶμεν,
819 4021 934 4075 ἀλλ’
963 4019 1287 4090 ήττηθέντες
1319 4019 1546 4073 ἐκεῖθεν.
1575 4021 1740 4075 Οὐδὲν
1777 4023 1883 4096 γάρ
1912 4024 2099 4096 κέρδος

512 4110 619 4159 ἀπὸ
665 4105 1016 4176 δικαστηρίου
1062 4103 1360 4173 ἡττηθέντα
1395 4105 1676 4171 ἐνεγκεῖν·
1706 4099 1799 4159 καὶ
1849 4106 1956 4178 γάρ
2001 4107 2100 4178 τῆς

513 4191 758 4256 ἀνάγκης
793 4190 851 4239 τὸ
885 4190 1113 4256 πρᾶγμα
1150 4197 1168 4214 ⁸
1193 4186 1401 4251 γίνεται
1427 4186 1628 4239 λοιπόν.
1666 4189 1763 4250 Τίς
1791 4185 1883 4243 οὖν
1909 4191 1941 4258 ή
1970 4189 2102 4258 λαμ-

515 4271 629 4337 πρᾰι
660 4272 820 4335 νίκη;
855 4269 1021 4319 ’Ὅταν
1060 4268 1122 4317 σύ
1153 4269 1591 4336 καταφρονήσῃς,
1616 4269 1745 4318 ὅταν
1777 4270 1850 4338 μή
1879 4269 2097 4342 δικάσῃ.

519 4350 584 4402 Ί“ί
619 4351 724 4417 φής
747 4347 1083 4418 ;Ἀφῃρέθην
1123 4347 1336 4398 ἅπαντα
1359 4347 1426 4397 τά
1456 4345 1605 4407 ὅντα,
1638 4349 1792 4417 φησι,
1823 4352 1917 4402 καὶ
1944 4355 2100 4418 σιγᾷν

517 4432 793 4497 κελεύεις;
824 4431 1192 4502 ἐπηρεάσθην,
1220 4430 1312 4482 καὶ
1340 4429 1524 4499 φέρειν
1559 4431 1747 4500 πράως
1777 4435 2098 4500 παραινεῖς;

517 4519 610 4568 καὶ
650 4515 763 4576 πῶς
798 4516 1127 4582 δυνήσομαις
1167 4513 1367 4582 Ῥᾷστα
1411 4513 1508 4582 μὲν
1537 4509 1651 4578 οὖν,
1682 4513 1746 4566 ἂν
1778 4515 1856 4576 είς
1889 4513 1980 4565 τὸν
2009 4514 2099 4565 οὐ-

521 4598 679 4666 ρανὸν
713 4596 1042 4667 ἀναϐλέψῃς,
1087 4598 1149 4646 ἂν
1189 4593 1302 4664 ἴδῃς
1337 4594 1396 4647 16
1427 4596 1619 4659 κάλλος
1653 4595 1830 4659 τοῦτο,
1875 4596 1968 4649 καὶ
1997 4596 2100 4649 ποῦ

519 4696 577 4730 σε
613 4679 974 4744 ἐπηγγείλατο
1001 4676 1254 4740 δέξασθαι
1275 4677 1302 4726 6
1322 4676 1452 4738 Θεὸς
1478 4679 1708 4747 φέροντα
1732 4680 1947 4733 ἀδικίαν
1975 4695 2099 4748 75v-

520 4762 702 4821 ναίως.
729 4760 897 4811 Τοῦτο
924 4759 1100 4810 τοίνυν
1126 4757 1287 4820 ποίει,
1321 4760 1414 4810 καὶ
1451 4761 1757 4828 ἀναϐλέψας
1787 4764 1866 4825 είς
1891 4765 1982 4816 τὸν
2006 4765 2098 4816 οὐ·

523 4846 704 4915 ρανὸν,
726 4843 976 4912 ἐννόησον
997 4843 1078 4893 ὅτι
1102 4843 1178 4908 τῷ
1197 4844 1309 4893 ἐκεῖ
1334 4843 1625 4912 καθημένῳ
1645 4845 1737 4896 ἐπὶ
1760 4846 1865 4898 τῶν
1890 4847 2098 4919 Χερου-

521 4931 624 4998 ϐὶμ
654 4928 879 4995 γέγονας
912 4927 1112 4994 ὅμοιος.
1148 4925 1254 4976 Καὶ
1301 4925 1408 4994 γάρ
1474 4929 1567 4978 καὶ
1620 4929 1825 4989 ἐκεῖνος
1871 4929 2099 4999 ὑϐρίσθη

521 5014 615 5064 καὶ
661 5013 878 5078 ἤνεγκε,
940 5010 1031 5059 καὶ
1073 5008 1359 5079 ὼνειδίσθη
1404 5009 1496 5060 καὶ
1541 5011 1638 5062 οὐκ
1677 5012 1943 5079 ἠμύνατο,
2009 5016 2102 5077 καὶ,

523 5093 762 5160 ἐπτύσθη
794 5093 819 5130 b
851 5091 944 5142 καὶ
971 5092 1068 5141 οὐκ
1099 5090 1414 5158 ἐπεξῆλθεν·
1440 5092 1576 5143 ἀλλά
1599 5094 1692 5145 καὶ
1713 5096 1822 5156 τοῖς
1841 5097 2101 5159 ἐναντίοις

523 5175 794 5246 ἠμείψατο
826 5175 1164 5239 εὐεργεσίαις
1214 5175 1434 5242 μυρίαις
1475 5177 1601 5238 τοὺς
1636 5177 1705 5229 τά
1747 5177 1970 5230 τοιαῦτα
2005 5196 2098 5230 πεο

525 5257 840 5330 ποιηκότας.
884 5256 977 5306 καὶ
1017 5258 1162 5325 ἡμᾶς
1211 5256 1453 5324 μιμητὰς
1500 5257 1663 5310 αὐτοῦ
1697 5259 1949 5326 γενέσθαι
1980 5261 2102 5314 ἐκέ-

527 5339 734 5392 λευσεν.
785 5337 1063 5405 Ἐννόησον
1089 5340 1169 5390 ὃτι
1199 5338 1402 5407 γυμνὸς
1432 5339 1651 5408 ἐξῆλθες
1673 5343 1736 5395 ἐκ
1763 5343 1970 5406 κοιλίας
1994 5361 2100 5415 μη-

525 5421 652 5492 τρός
684 5438 796 5472 σου·
828 5420 1030 5488 γυμνὸς
1065 5422 1156 5473 καὶ
1183 5420 1456 5494 άπελεύσῃ
1512 5424 1604 5475 καὶ
1658 5426 1721 5476 σὺ
1777 5426 2024 5488 κάκεῖνος
2075 5427 2103 5478 ὁ

597 5648 618 5674 ε
641 5648 807 5713 Dea-ut-
834 5650 887 5692 τὸ
911 5654 1115 5713 πρᾶγμα.
1188 5639 1214 5676 h
1239 5648 1426 5704 .\lurel.,
1457 5651 1535 5713 καὶ
1580 5650 1803 5707 ἐπτύσθη,
1829 5667 1974 5713 quam
1998 5656 2095 5707 lec-

533 5708 883 5768 tionemihabel
905 5710 1058 5754 Sum.
1088 5712 1133 5754 in
1180 5712 1411 5768 margine.
1465 5712 1594 5757 Idem
1621 5714 1768 5758 Savil.
1797 5708 2006 5763 iu'texlu
2050 5725 2103 5766 cl

529 5765 683 5814 codex
717 5767 856 5826 Reg,
881 5770 959 5814 καί
985 5769 1230 5824 ἐτυπτήθη.
1262 5765 1474 5828 Utraque
1505 5772 1652 5818 lectio
1676 5774 1900 5832 quadrat.

1190 304 1248 356 S.
1297 298 1581 358 JOA‘NNIS
1618 294 2102 352 CHRYSOSTOMI
2144 291 2458 350 ARCIIIEP.
2498 296 3054 372 CONSTANTINUB“

3680 299 3784 350 £58

2203 409 2496 479 ἠδικηκώς·
2534 411 2733 480 μᾶλλον
2761 411 2817 463 δὲ
2858 413 3063 472 ἐκεῖνος
3091 410 3190 478 μὲν
3220 409 3358 482 μετά
3388 411 3597 480 μυρίων
3621 425 3786 480 τραυ-

2213 494 2398 560 μάτων
2425 494 2681 565 σκώληκα
2709 496 3018 548 τικτόντων.
3059 494 3338 564 Ἐννόησον
3362 495 3444 548 ὃτι
3472 493 3786 564 πρόσκαιρα

2202 576 2270 627 1‘1
2314 579 2576 647 παρόντα,
2608 579 2848 647 λόγισαι
2897 577 3022 640 τοὺς
3069 576 3273 644 τάφους
3320 577 3426 630 τῶν
3477 578 3784 648 προγόνων,

2203 660 2488 729 κατάμαθε
2521 662 2588 715 τά
2625 662 2966 731 γεγενημένα
3004 661 3210 729 σαφῶς,
3241 662 3334 712 καὶ
3362 659 3483 727 δψει
3514 661 3596 713 ὅτι
3628 662 3786 728 ίσχυ-

2205 743 2425 810 ρότερόν
2455 760 2512 795 σε
2547 745 2802 814 ἐποίησεν
2834 748 2862 798 6
2888 744 3172 814 ἀδικήσας.
3203 743 3280 794 Τὸ
3327 742 3427 811 μὲν
3471 744 3580 811 γὰρ
3615 740 3783 796 αὐτοῦ

2209 825 2372 888 πάθος
2401 827 2780 896 χαλεπώτερον
2807 827 3053 898 ἐποίησε,
3082 827 3182 896 τὴν
3215 825 3582 894 φιλαργυρίαν
3610 825 3776 892 λέγω·

2200 905 2260 959 16
2299 909 2358 960 δὲ
2399 910 2490 961 σὸν
2520 909 2929 980 ἀσθενέστερον,
2965 910 3144 967 λαϐὼν
3174 908 3272 978 τὴν
3308 907 3516 976 τροφὴν
3559 908 3650 959 τοῦ
3686 909 3787 976 0":

2203 992 2340 1061 ρίου.
2378 995 2488 1047 Καὶ
2529 995 2607 1047 ἔτι
2655 995 2790 1064 πρὸς
2816 994 3026 1057 τούτοις
3057 992 3334 1063 ἀπήλλαξέ
3371 1008 3430 1042 σε
3462 990 3781 1060 φροντίδων,

2201 1077 2460 1142 ἀγωνίας,
2496 1077 2792 1146 βασκανίας
2819 1077 3192 1145 συκοφαντῶν,
3228 1075 3482 1147 θορύϐου,
3514 1076 3781 1143 ταραχῆς,

2202 1159 2369 1226 φόϐου
2396 1161 2696 1231 διηνεκοῦς·
2727 1161 2820 1214 καὶ
2848 1161 2940 1213 τὸν
2963 1160 3193 1229 φορυτὸν
3215 1159 3324 1211 τῶν
3353 1156 3538 1210 κακῶν
3570 1155 3782 1208 ἐπεσώ-

2206 1258 2395 1311 ρευσεν
2436 1244 2528 1296 ἐπὶ
2571 1244 2669 1313 τὴν
2712 1243 2907 1296 ἐαυτοῦ
2952 1241 3216 1311 κεφαλήν.
3259 1241 3324 1292 Τί
3355 1238 3470 1303 οὐν,
3513 1239 3606 1291 ἐὰν
3636 1238 3786 1308 λιμῷ

2203 1326 2472 1388 παλαίσω,
2505 1329 2636 1394 φησί
2665 1345 2679 1390 ;
2707 1328 2862 1380 Μετά
2886 1327 3099 1384 Παύλου
3131 1325 3285 1377 τοῦτο
3315 1325 3545 1392 πάσχεις
3573 1323 3666 1375 105
3692 1323 3785 1378 λέτ

2202 1428 2410 1478 γοντος·
2445 1412 2616 1478 Ἀχρι
2651 1411 2760 1477 τῆς
2784 1411 2911 1480 ἄρτι
2942 1410 3098 1478 ὧρας
3131 1408 3226 1459 καί
3258 1404 3550 1474 πεινῶμεν
3570 1406 3667 1458 καί
3691 1405 3784 1455 δι-

2200 1491 2410 1562 ψῶμεν
2459 1493 2556 1548 καί
2604 1495 3069 1563 γυμνητεύομεν.
3125 1490 3260 1543 Ἀλλ’
3305 1491 3508 1551 ἐκεῖνος
3562 1487 3645 1540 διὰ
3670 1487 3784 1540 ,τὸν

2200 1575 2360 1638 Θεὸν,
2395 1576 2551 1644 φησί.
2584 1577 2694 1629 Καὶ
2739 1578 2803 1630 σὺ
2841 1577 2928 1630 διά
2965 1577 3057 1629 τὸν
3092 1574 3242 1627 Θεόν·
3275 1573 3403 1626 ὅταν
3438 1571 3547 1642 γάρ
3578 1570 3652 1641 μὴ
3683 1571 3786 1623 ἐπ-

2200 1657 2444 1728 εξέλθῃς,
2475 1657 2562 1710 διά
2589 1657 2678 1708 τὸν
2707 1657 2838 1709 Θεὸν
2861 1657 3020 1710 τοῦτο
3047 1659 3240 1717 ποιεῖς.
3279 1653 3424 1708 Ἀλλ’
3447 1656 3476 1708 6
3503 1651 3786 1723 ἠδικηκὼς

2203 1739 2344 1809 μετά
2387 1739 2495 1792 τῶν
2540 1738 2914 1792 πλουτούντων
2949 1740 3147 1807 τρυφᾷ.
3180 1736 3397 1790 Μᾶλλον
3424 1737 3480 1789 δέ
3517 1736 3652 1804 μετὰ
3681 1735 3780 1788 τοῦ

2198 1821 2466 1874 διαϐόλου·
2498 1819 2631 1873 ἀλλά
2663 1821 2724 1873 σύ
2751 1821 2888 1889 μετά
2914 1820 3125 1874 Παύλου
3161 1817 3541 1886 στεφανοῦσαι.
3569 1817 3657 1887 Μή
3677 1817 3784 1868 τοί-

2200 1922 2296 1956 νυν
2326 1903 2491 1958 δέδιθι
2517 1903 2692 1973 λιμόν·
2726 1907 2807 1956 οὐ
2842 1905 2949 1972 γὰρ
2979 1899 3400 1971 luteum-ﬁas:
3427 1902 3638 1966 Κύριος
3662 1903 3784 1967 ψυ-

2200 1986 2313 2055 χὰς
2341 1987 2603 2039 δικαίων.
2633 1987 2740 2038 Καί
2771 1988 2954 2056 ἕτερός
3002 2001 3134 2054 φησι
3178 1985 3336 2038 πάλιν
3367 2002 3381 2015 ·
3426 1985 3783 2052 Ἑπίρῤιψον

2199 2071 2295 2120 ἐπί
2329 2069 2548 2135 Κύριον
2577 2068 2692 2133 τὴν
2721 2068 3015 2136 μέριμνάν
3036 2084 3174 2130 σου,
3209 2067 3307 2119 καί
3347 2068 3526 2130 αὐτός
3558 2083 3632 2119 σε
3653 2066 3780 2119 δια-

2199 2151 2425 2218 θρέψει.
2478 2151 2541 2202 El
2581 2153 2688 2220 γάρ
2730 2153 2799 2203 τά
2843 2151 3098 2220 στρουθία
3140 2149 3232 2203 τοῦ
3277 2147 3445 2220 ἀγροῦ
3473 2149 3776 2218 διατρέφει,

2202 2233 2316 2296 πῶς
2345 2233 2402 2285 σὲ
2441 2233 2499 2285 οὐ
2535 2233 2848 2304 διαθρέψεις
2889 2235 2979 2303 Μὴ
3014 2233 3294 2303 γινώμεθα
3320 2232 3499 2284 τοίνυν
3538 2231 3782 2297 ὀλιγόπι-

2200 2333 2314 2368 στοι
2365 2315 2501 2386 μηδέ
2547 2315 2879 2385 ὀλιγόψυχοι,
2923 2315 3220 2384 ἀγαπητοί.
3261 2314 3319 2366 Ὀ
3357 2314 3466 2385 γὰρ
3500 2313 3783 2383 βασιλείαν

2197 2400 2444 2472 οὐρανῶν
2495 2400 2963 2469 ἐπαγγειλάμενος
3018 2397 3115 2456 καὶ⁵
3175 2396 3410 2451 τοσαῦτα
3463 2395 3665 2464 ἀγαθά,
3706 2396 3780 2449 τά

2199 2483 2440 2554 παρόντα
2473 2481 2590 2543 πῶς
2628 2482 2689 2534 οὐ
2728 2480 2926 2547 δώσει;
2959 2479 3051 2551 Μή
3087 2479 3356 2551 περιττῶν
3399 2477 3778 2549 ἐπιθυμῶμεν,

2197 2564 2312 2617 ἀλλ’
2336 2564 2669 2636 αὐταρκείας
2690 2562 2962 2634 ἐχώμεθα,
2990 2563 3083 2616 καὶ
3113 2563 3201 2616 ἀεὶ
3240 2561 3634 2633 πλουτήσομεν·
3659 2579 3782 2614 σκεο

2198 2648 2464 2717 πάσματα
2489 2646 2740 2717 ζητῶμεν
2769 2647 2862 2702 καὶ
2893 2648 3122 2718 τροφὰς,
3145 2648 3238 2701 καὶ
3269 2647 3487 2700 πάντων
3511 2645 3780 2715 ἐπιληψόο

2201 2731 2342 2802 μεθα
2399 2733 2492 2785 καὶ
2532 2732 2738 2786 τούτων
2785 2731 2880 2784 καὶ
2926 2729 3036 2783 τῶν
3072 2729 3248 2800 πολλῷ
3295 2729 3572 2799 μειζόνων.
3616 2731 3677 2782 El
3721 2729 3780 2784 δὲ

2197 2817 2381 2883 ἀλγεῖς
2443 2815 2524 2868 ἐτι
2582 2817 2673 2868 καὶ
2720 2817 2868 2868 κάτω
2911 2814 3158 2878 κύπτεις,
3216 2811 3523 2882 ἠϐουλόμην
3570 2829 3649 2866 σοι
3679 2812 3780 2866 τοῦ

2196 2898 2515 2968 ἠδικηκότος
2554 2899 2690 2968 μετά
2710 2901 2808 2967 τὴν
2841 2898 2996 2966 νίκην
3017 2897 3183 2963 δεῖξαι
3210 2895 3306 2966 τὴν
3331 2895 3527 2964 ψυχήν,
3555 2896 3670 2957 πῶς
3693 2897 3785 2948 τέ-

2199 2998 2309 3051 φρα
2346 2983 2573 3049 γίνεται.
2610 2982 2718 3034 Καὶ
2759 2983 2926 3050 γάρή
2963 2982 3210 3052 ἁμαρτία
3251 2976 3509 3031 τοιοῦτον·
3546 2980 3648 3041 ἕως
3678 2980 3783 3048 μὲν

2197 3064 2264 3116 ἂν
2295 3065 2561 3134 ἐργασθῇ,
2591 3065 2822 3132 παρέχει
2855 3065 2973 3116 τινὰ
3013 3064 3229 3130 ήδονήν·
3258 3061 3412 3133 [1M]
3449 3062 3575 3113 ὅταν
3607 3062 3662 3112 δὲ
3692 3077 3784 3115 τε·

2197 3147 2384 3218 λεσθῇ.
2421 3151 2541 3201 τότε
2569 3152 2602 3218 ή
2633 3149 2804 3218 μικρά
2829 3147 2989 3219 ήδονὴ
3014 3149 3384 3211 ὑπεξίσταται,
3403 3145 3783 3214 ἐπεισέρχεται

2196 3232 2251 3281 δὲ
2282 3231 2507 3300 ἀθυμία.
2543 3233 2725 3284 Ταῦτα
2757 3233 2852 3284 καὶ
2878 3234 3004 3284 ὅταν
3035 3231 3346 3300 ὐϐρίζωμέν
3384 3247 3535 3291 τινας
3571 3229 3784 3297 πάσχο-

2203 3330 2319 3382 μεν·
2370 3315 2592 3385 ὖστερον
2621 3315 2750 3381 γοῦν
2782 3315 2988 3366 ἐαυτῶν
3024 3313 3456 3384 κατηγοροῦμεν.
3502 3312 3656 3367 Οὕτω
3687 3313 3784 3362 καὶ

2199 3398 2327 3448 ὃταν
2379 3397 2887 3464 πλεονεκτήσωμεν,
2952 3396 3234 3464 χαίρομενο
3303 3397 3440 3465 μετά
3499 3395 3554 3446 δὲ
3606 3394 3785 3462 ταῦτα

2200 3475 2536 3546 κεντούμεθα
2575 3476 2678 3528 ὐπὸ
2701 3475 2792 3528 τοῦ
2819 3476 3134 3537 συνειδότος.

2287 3622 2448 3692 Ὁρᾷς
2481 3621 2632 3690 παρὰ
2661 3621 2738 3692 τῷ
2765 3623 2896 3675 δεῖνι
2927 3623 3024 3694 τὴν
3049 3624 3226 3676 οίκίαν
3254 3624 3346 3676 τοῦ
3379 3624 3646 3688 πένητος;
3684 3625 3787 3677 Δά·

2199 3722 2419 3776 κρυσον,
2461 3706 2536 3775 μὴ
2567 3705 2656 3757 τὸν
2693 3706 3160 3775 ἀπεστερημένον,
3203 3707 3338 3758 ἀλλά
3371 3707 3463 3758 τὸν
3495 3707 3780 3773 εἰληφότα·

2198 3791 2258 3840 οὐ
2287 3789 2396 3857 γάρ
2445 3789 2665 3848 ἔδωκεν,
2695 3788 2811 3840 ἀλλ’
2840 3790 2997 3840 ἔλαϐε
3028 3791 3213 3840 κακόν.
3261 3790 3497 3839 Ἐκεῖνον
3543 3789 3641 3857 μέν
3669 3789 3784 3858 γάρ

2199 3869 2308 3920 τῶν
2348 3871 2635 3938 παρόντων
2682 3869 3077 3937 ἀπεστέρησεν,
3117 3870 3308 3921 ἐαυτὸν
3332 3869 3388 3919 δέ
3422 3869 3531 3919 τῶν
3555 3869 3783 3935 ἀφάτων

2200 3950 2420 4017 ἀγαθῶν
2460 3949 2734 4014 ἐξέϐαλεν.
2767 3950 2826 4000 El
2870 3950 2977 4017 γὰρ
3012 3951 3038 4000 6
3076 3952 3148 4019 μὴ
3175 3951 3296 4012 δοὺς
3344 3954 3452 4014 τοῖς
3483 3951 3781 4020 δεομένοις,

2199 4039 2276 4096 εἰς
2304 4035 2527 4102 γέενναν
2573 4034 2808 4092 ἄπεισιν,
2845 4036 2872 4086 6
2906 4033 3197 4102 λαμϐάνων
3236 4035 3303 4087 τά
3334 4034 3442 4088 τῶν
3481 4035 3780 4105 δεομένων,

2198 4117 2249 4170 τί
2279 4117 2560 4179 adamat;
2589 4117 2695 4169 Καὶ
2720 4117 2769 4168 τί
2801 4117 2858 4169 τὸ
2879 4117 3087 4185 κέρδος,
3119 4119 3302 4186 φησὶν,
3337 4119 3464 4171 ὅταν
3487 4117 3597 4186 ἐγὼ
3620 4117 3783 4172 πάθω

2199 4199 2417 4264 κακῶς;
2447 4201 2605 4267 Μέγα
2644 4199 2741 4270 μέν
2767 4197 2860 4253 οὖν
2890 4201 2949 4253 τὸ
2972 4200 3182 4271 κέρδος.
3215 4202 3288 4254 Οὐ
3320 4202 3428 4272 γάρ
3449 4205 3512 4272 τῇ
3535 4202 3781 4272 τιμωρίᾳ

2199 4283 2290 4337 105
2335 4285 2520 4346 κακῶς
2555 4283 2910 4353 πεποιηκότος
2953 4285 3131 4351 ἵστησί
3180 4301 3262 4336 σοι
3307 4284 3405 4354 τήν
3442 4284 3706 4338 ἀντίδοσιν
3751 4288 3783 4337 ὁ

2199 4366 2349 4427 Θεόςο
2382 4368 2504 4416 ἐπεὶ
2535 4365 2690 4416 οὐδὲν
2719 4364 2783 4415 ἂν
2807 4359 2875 4430 ἦν
2906 4364 3066 4430 μέγα.
3106 4363 3170 4415 Τί
3202 4366 3308 4436 γὰρ
3342 4367 3552 4434 ὄφελος,
3585 4369 3714 4420 ὅταν
3751 4380 3780 4409 ι

2200 4446 2311 4514 ἐγὼ
2339 4447 2497 4499 πάθω
2520 4446 2727 4508 κακῶς,
2762 4448 3012 4507 κάκεῖνος
3046 4447 3230 4516 πάσχῃ
3257 4450 3480 4514 κακῶς;
3512 4451 3682 4504 καίτοι
3712 4467 3782 4519 γε

2201 4529 2428 4590 πολλοὺς
2465 4523 2584 4580 οἶδα
2615 4528 2878 4597 μεγίστην
2915 4529 3268 4597 παραμυθίαν
3301 4531 3503 4599 ταύτην
3539 4533 3783 4601 ἡγουμι-

2200 4629 2344 4675 νους,
2385 4611 2479 4662 καὶ
2505 4610 2565 4662 16
2591 4611 2698 4663 πᾶν
2728 4610 3086 4680 ἀπειληφέναι
3114 4608 3450 4679 νομίζοντας,
3489 4611 3619 4664 ὅταν
3654 4615 3784 4678 τοὺς

2201 4694 2612 4764 ἐπηρεάσαντας
2641 4694 2789 4746 ίδωσι
2811 4692 3226 4760 κολαζομένους.
3259 4692 3398 4744 Ἀλλ’
3421 4693 3570 4762 ὅμως
3597 4695 3624 4744 6
3644 4694 3782 4758 Θεὸς

2200 4777 2298 4829 οὐκ
2326 4777 2382 4829 ἐν
2403 4776 2609 4839 τούτοις
2641 4777 2821 4845 ἵστησι
2847 4776 2944 4846 τὴν
2965 4775 3217 4845 ἀμοιϐήν.
3261 4774 3422 4828 Ἀλλά
3451 4774 3627 4842 βούλει
3666 4792 3778 4844 μα-

2201 4861 2313 4912 θεῖν
2362 4862 2459 4913 ὄσα
2502 4862 2569 4913 τὰ
2615 4859 2796 4928 ἀγαθά
2833 4878 2890 4912 σε
2928 4857 3256 4922 διαδέξεται;
3285 4858 3388 4910 Τὸν
3425 4857 3650 4927 οὐρανόν
3691 4874 3778 4910 σοι

2203 4945 2376 4997 πάντα
2407 4945 2630 5011 ἀνοίγει,
2663 4944 2772 4996 τῶν
2809 4944 2978 5010 ἁγίων
3010 4942 3152 4992 ποιεῖ
3179 4940 3533 5011 συμπολίτην,
3579 4943 3658 5004 είς
3683 4941 3782 4994 τὸν

2201 5027 2380 5078 αὐτῶν
2413 5028 2571 5096 χορὸν
2602 5026 2775 5078 τελεῖν
2807 5042 2864 5077 σε
2899 5023 3330 5092 παρασκευάζει,
3361 5025 3780 5095 ἁμαρτημάτων

2201 5110 2446 5171 ἀπολύει,
2477 5110 2793 5182 δικαιοσύνῃ
2821 5110 3090 5176 στεφανοῖ.
3131 5107 3197 5162 El
3218 5108 3325 5178 γὰρ
3357 5111 3404 5160 οί
3441 5112 3552 5172 τοῖς
3598 5110 3768 5178 ήμαρ-

2200 5195 2422 5260 τὴκόσιν
2449 5192 2699 5260 ἀφιέντες
2723 5192 3081 5261 τυγχάνουσιν
3124 5192 3392 5262 ἀφέσεως,
3426 5194 3476 5244 οί
3507 5193 3581 5263 μὴ
3614 5191 3780 5261 μόνον

2201 5275 2473 5342 ἀφιέντες,
2514 5275 2649 5328 ἀλλά
2701 5276 2794 5328 καὶ
2827 5272 3346 5342 ἐπιδαψιλευόμενοι,
3381 5274 3524 5335 τίνος
3558 5275 3618 5326 οὐ
3653 5274 3780 5326 τεύ-

2201 5358 2380 5420 ξονται
2416 5357 2663 5423 εὐλογίας
2688 5357 2738 5421 ὶ>;
2768 5356 2862 5426 Μή
2888 5357 3064 5409 τοίνυν
3086 5357 3324 5422 ἀγεννῶς
3354 5356 3601 5426 ἐνέγκῃς,
3637 5353 3782 5408 ἀλλά

2201 5440 2296 5491 καὶ
2347 5436 2501 5503 εὖξαι
2539 5439 2682 5504 ὺπέρ
2728 5438 2822 5491 105
2865 5437 3205 5507 ἠδικηκότος·
3250 5439 3390 5508 ὑπὲρ
3437 5439 3550 5507 γὰρ
3575 5436 3779 5489 σαυτοῦ

2267 5657 2288 5681 ³
2329 5653 2602 5719 ιιεθεῡᾳιιιν,
2628 5653 2684 5708 εἰ,
2709 5651 2894 5719 solata.
2919 5713 2930 5719 ἑ
2966 5652 2990 5690 b
3009 5650 3161 5719 Sayil.
3220 5650 3272 5698 εί
3313 5650 3507 5719 λίπει..
3543 5649 3776 5719 εὐλργιας,

2202 5718 2348 5823 Regi.
2390 5710 2665 5773 ἀπολογίας,
2711 5719 2765 5760 el.
2806 5716 2877 5760 sic
2919 5712 3330 5773 legitfnterpres.
3372 5711 3588 5772 Ulraquc
3624 5710 3776 5757 lucu:-

2202 5792 2310 5838 quat
2337 5784 2426 5822 rat.
