4028 6208
222 394 324 449 157

222 524 410 582 passus
446 512 528 559 est
558 519 573 555 :
603 501 751 555 illum
779 497 921 552 enim
952 495 1129 565 coegit
1170 493 1507 547 adversarius
1538 486 1804 582 etdolere

219 575 276 655 et
311 593 514 667 judicio
538 589 882 646 contendere.
922 587 1058 655 Quid
1086 585 1227 640 enim
1271 582 1410 652 quod
1441 577 1651 632 vicisti?
1682 575 1806 643 quid

219 687 367 760 quod
395 685 671 740 universas
695 682 949 752 accepisti
978 679 1229 749 pecunias
1250 675 1274 728 ?
1295 673 1445 740 Quod
1471 671 1690 724 nolebas
1723 669 1804 722 in-

224 780 384 834 terim
430 792 620 847 passus
649 790 709 830 es
731 816 748 840 ,
776 783 833 828 ut
856 780 1074 829 coactus
1103 769 1154 821 in
1189 766 1389 837 judicio
1432 765 1805 817 contenderes.

221 868 280 923 Si
328 884 459 923 vero
496 866 828 936 iniquitatem
871 863 1030 925 feras,
1064 858 1237 912 vincis
1276 855 1508 926 privatus
1544 853 1806 922 pecuniis,

218 961 320 1017 sed
352 976 457 1016 non
487 957 708 1014 victoria
739 971 859 1027 quae
885 963 967 1008 est
1005 951 1073 1006 ob
1115 959 1313 1004 tantam
1367 946 1759 1017 philosophiam
1794 962 1805 998 :

221 1066 328 1106 non
360 1049 529 1120 potuit
563 1050 708 1104 enim
742 1047 830 1101 ille
861 1054 911 1100 te
937 1058 1130 1114 cogere
1157 1040 1220 1093 ad
1246 1039 1296 1094 id
1320 1037 1643 1100 faciendum,
1666 1033 1806 1105 quod

222 1139 464 1196 nolebas.
492 1139 647 1207 Quod
677 1147 858 1193 autem
885 1135 988 1190 hoc
1013 1134 1085 1188 sit
1112 1147 1298 1188 verum
1321 1172 1335 1196 ,
1365 1129 1452 1184 dic
1479 1128 1608 1183 tuihi
1636 1143 1650 1184 :
1680 1127 1810 1193 Quis

221 1231 350 1285 vicit
374 1270 391 1298 ,
434 1228 757 1293 invidusne,
797 1242 866 1281 an
895 1227 955 1292 is,
993 1224 1083 1295 qui
1121 1221 1332 1292 jacebat
1359 1220 1410 1273 in
1437 1216 1809 1288 sterquilinio?

219 1323 347 1391 quis
373 1331 657 1391 superatus
684 1327 768 1375 est
792 1359 806 1383 ,
835 1335 903 1373 an
930 1317 1055 1380 Job,
1083 1315 1169 1370 cui
1195 1314 1373 1368 omnia
1414 1312 1634 1382 abrepta
1660 1319 1808 1373 sunt,

219 1428 292 1467 an
331 1414 421 1483 qui
447 1414 626 1467 omnia
652 1412 767 1484 ipse
787 1411 1004 1466 abstulit
1023 1408 1264 1463 diabolus
1284 1408 1306 1460 ?
1326 1406 1682 1476 Conspicuam
1705 1415 1808 1469 est,

218 1505 365 1577 quod
395 1507 440 1560 is
465 1507 554 1576 qui
582 1506 763 1560 omnia
786 1505 889 1573 ipsi
915 1501 1134 1557 abstulit
1159 1500 1422 1555 diabolus.
1451 1501 1619 1567 Quem
1651 1497 1812 1553 mira-

221 1612 347 1649 mur
371 1597 440 1650 ob
467 1595 744 1650 victoriam
766 1636 782 1659 ,
825 1593 1170 1648 diabolumne
1195 1593 1282 1661 qui
1313 1591 1593 1659 percussit,
1624 1605 1692 1642 an
1717 1589 1812 1643 Jo-

219 1685 348 1737 bnm
381 1685 734 1753 percussum?
765 1684 946 1737 Palam
972 1693 1074 1749 est,
1104 1682 1243 1753 qttod
1272 1681 1485 1737 Jobuui.
1516 1681 1674 1750 Atqui
1702 1695 1808 1733 non

221 1773 398 1842 potuit
436 1783 725 1845 pereuntes
755 1775 1009 1842 pecunias
1055 1775 1293 1826 retinere
1320 1813 1334 1834 ,
1368 1787 1472 1824 non
1499 1770 1639 1823 lilios
1678 1783 1806 1823 suos

218 1878 462 1919 servare.
494 1864 697 1934 Ecquid
726 1865 847 1919 dico
873 1864 1127 1934 pecunias
1153 1874 1208 1918 et
1254 1864 1434 1917 lilios?
1461 1862 1704 1931 corporis
1731 1861 1809 1914 sui

218 1955 454 2010 salutem
495 1970 716 2011 servare
744 1970 853 2010 non
896 1955 1088 2024 potuit.
1121 1956 1370 2008 Attamen
1399 1953 1486 2007 hic
1512 1963 1592 2008 est
1620 1954 1708 2021 qui
1739 1951 1814 2004 vi-

217 2051 301 2103 cit
336 2049 426 2119 qui
464 2037 642 2102 omnia
671 2063 766 2102 sua
808 2048 1008 2102 amisit.
1041 2047 1300 2101 Pecunias
1325 2046 1538 2114 quidem
1580 2045 1814 2099 retinere

219 2157 334 2194 non
363 2141 533 2209 potuit
556 2180 571 2202 ,
603 2140 852 2207 pietatem
883 2155 1010 2193 vero
1038 2153 1158 2192 cum
1188 2139 1332 2192 omni
1362 2138 1704 2192 accuratione
1733 2152 1815 2190 rc-

224 2231 409 2285 tinttit.
441 2229 544 2283 Sed
575 2231 919 2298 pereuntibus
950 2231 1068 2283 liliis
1098 2247 1201 2282 non
1231 2245 1386 2298 opem
1419 2229 1557 2283 tulit.
1588 2230 1653 2282 Et
1680 2229 1806 2298 quid

221 2321 330 2375 hoc
349 2321 373 2374 τ
401 2334 522 2374 nam
546 2320 666 2374 illos
688 2320 803 2388 ipse
827 2335 984 2374 casus
1005 2320 1394 2389 splendidiores
1415 2318 1647 2372 reddidit
1673 2336 1688 2383 ;
1713 2319 1814 2371 sibi

220 2428 442 2483 quoque
472 2412 629 2466 malis
656 2411 848 2467 allecto
887 2412 1136 2467 similiter
1161 2427 1317 2482 opem
1363 2413 1502 2466 tulit.
1547 2410 1658 2465 Nisi
1688 2427 1816 2465 vero

222 2506 370 2560 male
399 2519 590 2574 passus
616 2513 672 2558 et
696 2504 888 2573 injuria
917 2503 1139 2558 affectus
1168 2519 1196 2556 a
1225 2502 1440 2557 diabolo
1470 2502 1676 2564 fuisset,
1709 2518 1816 2554 non

222 2594 562 2663 splendidam
595 2595 738 2649 illam
769 2594 1040 2649 retulisset
1069 2593 1365 2648 victoriam.
1395 2594 1450 2649 Si
1474 2595 1674 2648 malum
1703 2602 1818 2648 erat

226 2684 425 2752 injuria
447 2683 610 2748 afﬁci,
640 2699 747 2736 non
777 2683 827 2737 id
855 2682 1009 2736 nobis
1024 2683 1271 2751 jussisset
1299 2684 1440 2737 Deus
1471 2699 1484 2737 :
1517 2684 1651 2735 mala
1672 2684 1815 2737 enim

228 2777 375 2830 Deus
422 2792 528 2828 non
551 2775 705 2844 jubet
735 2793 747 2828 :
778 2791 844 2827 an
875 2775 1096 2828 nescitis
1138 2775 1279 2844 quod
1311 2775 1425 2844 ipse
1451 2776 1521 2828 sit
1550 2775 1687 2829 Deus
1713 2777 1821 2846 glo-

223 2867 368 2921 riae?
397 2881 494 2921 nec
543 2883 642 2923 nos
681 2867 940 2922 voluisset
982 2866 1311 2937 turpitudine
1336 2907 1351 2932 ,
1383 2869 1494 2921 risu
1521 2878 1576 2922 et
1619 2868 1820 2923 damno

225 2961 547 3024 involvere,
594 2960 688 3016 sed
730 2959 1000 3014 contraria
1040 2960 1352 3015 conciliare.
1403 2960 1820 3029 ldeojubetnos

224 3052 480 3122 injuriam
509 3053 638 3122 pati,
669 3052 907 3120 nihilque
934 3066 1040 3105 non
1069 3052 1175 3121 agit
1206 3063 1263 3105 ut
1291 3067 1389 3106 nos
1415 3068 1446 3107 a
1473 3054 1821 3108 Saecularibus

221 3143 529 3210 abstrahat,
556 3153 612 3199 et
654 3142 973 3214 persuadeat
1015 3142 1145 3212 quid
1179 3144 1246 3197 sit
1269 3144 1462 3214 gloria,
1490 3145 1616 3216 quid
1657 3145 1822 3215 turpi-

224 3237 385 3299 tudo,
415 3236 544 3306 quid
569 3236 846 3302 damnum,
874 3225 1000 3303 quid
1028 3235 1254 3289 lucrum.

305 3329 360 3383 6.
392 3327 498 3384 Sed
526 3327 723 3384 durum
749 3336 836 3383 est
861 3326 1056 3396 injuria
1082 3336 1137 3380 et
1166 3327 1363 3380 damno
1388 3325 1577 3381 allici?
1600 3326 1718 3382 Non
1742 3338 1825 3383 est

225 3421 450 3485 durmn,
507 3435 612 3474 non
658 3429 761 3483 est,
808 3436 842 3472 o
887 3419 1081 3473 homo!
1133 3417 1420 3488 Usquequo
1473 3420 1825 3489 prmsentibus

228 3512 452 3566 inhias?
479 3509 661 3579 Neque
690 3511 833 3565 enim
857 3510 958 3565 hoc
984 3511 1339 3580 praecepisset
1361 3511 1519 3578 Deus,
1549 3512 1594 3567 si
1623 3513 1822 3566 malum

227 3615 400 3658 esset.
446 3599 739 3656 Considera
796 3612 973 3654 autem
1016 3619 1030 3656 :
1072 3603 1163 3667 qui
1210 3602 1455 3669 injuriam
1495 3604 1637 3663 fecit,
1695 3605 1824 3658 abiit

230 3693 490 3766 pecunias
524 3691 748 3756 habens,
794 3690 890 3743 sed
922 3691 1116 3742 malam
1147 3706 1359 3758 quoque
1385 3695 1768 3746 conscientiam
1805 3711 1818 3746 :

226 3785 324 3855 qui
354 3792 531 3837 autem
564 3781 753 3848 injuria
787 3781 942 3833 lzcsus
971 3789 1092 3843 est,
1130 3782 1371 3848 pecuniis
1395 3781 1610 3850 quidem
1646 3799 1823 3850 priva-

231 3886 325 3930 tus
352 3873 446 3929 fuit
475 3915 492 3939 ,
522 3871 614 3927 sed
645 3872 892 3926 lidttciam
933 3870 1073 3939 apud
1103 3870 1266 3924 Deum
1301 3870 1461 3926 habet
1488 3912 1503 3936 ,
1529 3875 1825 3941 possessio-

231 3969 539 4034 neminille
570 3966 836 4022 thesauris
863 3964 1254 4034 pretiosiorem.
1279 3963 1404 4018 Hinc
1427 3979 1546 4018 cum
1568 3965 1821 4032 sciamus,

228 4075 304 4114 ex
334 4057 611 4128 pr0posi’to
642 4056 932 4110 voluntatis
979 4055 1417 4125 pbilosmphemur
1439 4094 1455 4121 ,
1502 4071 1599 4110 nec
1638 4057 1822 4109 eadem

228 4165 359 4218 qua:
388 4147 536 4201 stulti
567 4148 857 4215 patiamur,
885 4147 974 4215 qui
1023 4155 1150 4198 tunc
1193 4159 1254 4198 se
1295 4161 1400 4198 non
1439 4145 1631 4214 injuria
1669 4148 1825 4201 lassas

231 4247 431 4307 putant
455 4277 469 4299 ,
500 4251 620 4288 cum
653 4235 754 4288 hoc
782 4235 885 4304 illis
912 4250 942 4287 a
963 4233 1166 4302 judicio
1195 4235 1408 4287 accidit.
1441 4237 1670 4289 Prorsus
1701 4251 1826 4290 vero

229 4346 267 4384 ε
291 4325 566 4380 contrario
594 4325 721 4379 illud
753 4334 836 4378 est
874 4324 1126 4377 damnqu
1159 4324 1447 4378 maximum
1473 4365 1488 4391 ,
1530 4335 1586 4379 et
1617 4327 1827 4380 univer-

230 4421 342 4473 sim
374 4417 589 4486 quando
620 4432 726 4470 non
759 4416 1204 4487 philosophamur
1236 4428 1426 4486 sponte
1474 4427 1651 4472 nostra
1672 4459 1686 4478 ,
1731 4417 1826 4472 sed

235 4508 370 4564 inde
404 4509 660 4577 superati.
693 4507 833 4560 Nihil
875 4509 1016 4563 enitn
1051 4509 1181 4562 lucri
1211 4512 1453 4563 relerunt
1482 4509 1568 4576 qui
1592 4509 1826 4577 superati

236 4617 271 4651 ει
303 4597 506 4665 judicio
530 4638 547 4662 ,
575 4596 628 4651 id
658 4600 933 4666 patiuntur
969 4618 981 4653 :
1013 4617 1133 4654 nam
1167 4609 1291 4654 tunc
1330 4603 1544 4653 demum
1585 4600 1715 4653 illud
1759 4617 1826 4654 ex

237 4689 568 4742 necessitate
603 4692 677 4743 lit.
703 4693 957 4755 Qua-nam
986 4708 1114 4760 ergo
1143 4691 1420 4759 Splendida
1455 4690 1674 4744 victoria
1703 4693 1827 4746 est?

234 4779 471 4846 Quando
493 4789 548 4834 tu
576 4781 625 4834 id
655 4781 986 4848 despexeris,
1014 4784 1226 4850 quando
1245 4783 1447 4850 judicio
1473 4799 1578 4835 non
1605 4793 1796 4836 conten
1819 4813 1830 4821 -

235 4874 415 4928 deris.
445 4872 582 4939 Quid
621 4873 794 4925 dicis?
833 4873 1014 4925 omnia
1044 4871 1171 4924 inihi
1218 4875 1393 4926 ablata
1429 4875 1566 4927 bona
1596 4885 1739 4938 sunt,
1778 4885 1832 4928 et

235 4968 410 5023 silere
439 4964 630 5031 iubes?
672 4963 868 5016 damno
898 4965 1123 5017 all‘ectus
1152 4977 1267 5016 sum
1290 5004 1306 5028 ,
1355 4975 1414 5019 ut
1443 4951 1724 5021 mansuete
1751 4968 1830 5021 le-

235 5075 362 5116 ram
394 5057 676 5111 hortaris?
721 5067 775 5111 et
809 5058 1077 5128 quomodo
1119 5056 1247 5110 illud
1290 5060 1514 5126 potero?
1561 5059 1835 5114 Facillime

236 5155 459 5223 utique,
487 5153 532 5206 si
568 5153 620 5206 in
659 5153 850 5206 c;elutn
877 5153 1181 5222 respexeris
1210 5194 1222 5215 ,
1253 5151 1297 5205 si
1329 5150 1529 5205 videris
1557 5152 1694 5205 hanc
1719 5154 1834 5221 pul-

231 5243 609 5304 chritudinem
630 5253 684 5297 et
706 5245 796 5298 ubi
829 5256 881 5299 te
906 5255 1278 5313 suscepturum
1310 5258 1431 5297 esse
1465 5244 1601 5297 Dens
1633 5246 1837 5312 pollici-

236 5352 338 5394 tus
359 5337 454 5399 sit,
485 5335 529 5388 si
567 5335 812 5406 injuriam
832 5351 1096 5406 generose
1127 5336 1284 5389 lcras.
1320 5334 1430 5389 lloc
1454 5336 1631 5404 itaque
1653 5336 1832 5408 facito,

232 5440 304 5486 et
331 5436 614 5498 postquam
639 5427 828 5479 celum
861 5425 1178 5494 reSpcxeris,
1212 5426 1385 5493 cogita
1415 5433 1466 5478 te
1489 5425 1718 5477 similem
1748 5425 1838 5476 la—

233 5531 400 5577 etum
431 5532 550 5572 esse
569 5516 640 5581 ei,
673 5517 768 5585 qui,
793 5515 901 5569 illic
921 5530 1083 5586 super
1107 5513 1397 5569 Cherubim
1427 5515 1600 5568 sedet.
1624 5513 1756 5568 Nam
1783 5525 1837 5570 et

239 5611 345 5667 ille
371 5607 697 5663 contumelia
724 5606 946 5663 allectus
971 5616 1076 5674 est,
1103 5615 1159 5661 et
1179 5605 1232 5659 id
1259 5606 1415 5670 tulit;
1445 5615 1499 5660 et
1529 5606 1738 5675 probris
1757 5618 1839 5661 est

237 5701 500 5768 affectus,
532 5714 630 5754 nec
659 5713 779 5752 sese
809 5707 892 5752 est
922 5698 1100 5762 ultus;
1127 5697 1296 5765 sputis
1319 5695 1704 5751 dehonestatus
1732 5706 1834 5761 est,

239 5807 311 5854 et
341 5813 447 5851 non
477 5808 595 5850 sese
623 5793 911 5848 vindicavit
939 5832 951 5858 ,
984 5792 1075 5846 sed
1122 5791 1404 5846 contrariis
1437 5793 1794 5847 renumeravit
1819 5832 1833 5860 ,

1249 376 1312 430 IN
1353 371 1570 432 EPIST.
1612 372 1631 426 l
1696 370 1787 424 AD
1825 366 1981 421 C0“.
2026 364 2251 420 lIOMIL.
2295 363 2431 418 XVI.

3397 366 3500 419 4Z8

1925 482 2223 536 innumeris
2262 481 2499 533 alliciens
2528 480 2795 533 henclieiis
2823 496 2915 535 eos
2963 482 3051 550 qui
3088 485 3210 539 talia
3243 484 3495 552 fecerant,

1913 584 1968 628 et
2006 588 2102 626 nos
2130 575 2294 642 lpsins
2325 573 2621 626 imitatores
2661 588 2778 626 esse
2800 573 2976 642 jussit.
3005 575 3187 645 Cogita
3218 588 3267 633 te
3297 582 3498 634 nudum

1914 664 2108 718 exiissc
2139 680 2204 717 ex
2236 674 2387 716 utero
2434 664 2616 717 matris
2660 673 2801 728 tuze;
2839 666 3011 718 nudus
3046 673 3334 725 reverteris
3358 682 3411 726 et
3443 684 3496 727 tn

1914 766 1968 809 ct
1990 753 2077 824 qui
2110 765 2160 808 te
2179 753 2352 808 aﬂ'ecit
2383 754 2608 823 injuria;
2640 755 2746 810 itno
2779 772 2904 811 vero
2936 758 3025 812 ille
3050 775 3169 812 ctnn
3203 763 3495 818 innumeris

1917 846 2224 900 vulneribus
2248 885 2264 909 ,
2300 862 2419 915 quae
2451 862 2660 901 verntcs
2691 849 2926 916 gignant.
2957 851 3139 919 Cogita
3181 855 3319 923 quod
3352 865 3491 907 tein-

1918 953 2150 1009 poranea
2180 938 2285 991 sint
2313 939 2598 1003 praesentia
2631 958 2645 993 :
2681 947 2852 995 tecum
2886 954 3071 1011 reputt
3115 948 3356 1014 sepulcra
3381 965 3494 1000 ma-

1910 1029 2109 1097 jorutn.
2165 1028 2320 1084 Disce
2356 1037 2540 1098 aperte
2577 1043 2638 1084 ea
2685 1047 2804 1101 qua:
2838 1032 2971 1086 facta
3005 1045 3172 1102 sunt,
3213 1049 3268 1094 et
3297 1039 3500 1094 videbis

1921 1137 2036 1172 eum
2059 1119 2147 1189 qui
2179 1129 2230 1174 te
2261 1119 2452 1189 injuria
2483 1119 2657 1175 all'ecit
2682 1163 2696 1183 ,
2723 1132 2774 1178 te
2797 1124 3067 1180 fortiorem
3106 1128 3297 1185 fecisse
3325 1151 3339 1186 :
3383 1149 3503 1201 pas-

1916 1211 2122 1264 sionem
2164 1225 2394 1281 namque
2439 1226 2591 1267 suam
2625 1216 2926 1283 graviorem
2953 1207 3219 1286 reddidit;
3261 1238 3500 1280 amorem

1919 1302 2157 1370 pecunia:
2179 1301 2332 1367 dico;
2363 1315 2506 1358 tuam
2537 1321 2665 1361 vero
2693 1307 3096 1366 imbecilliorem
3127 1355 3141 1376 ,
3169 1315 3346 1368 ablato
3372 1315 3502 1371 fera:

1920 1393 2058 1446 illius
2087 1393 2363 1449 alimento.
2397 1396 2476 1449 Ad
2511 1396 2626 1450 [nec
2652 1413 2779 1452 vero
2812 1410 2861 1452 te
2888 1401 3130 1474 liberavit
3162 1421 3189 1458 a
3224 1409 3366 1460 cinis
3393 1451 3405 1470 .
3435 1413 3503 1463 ah

1917 1483 2078 1536 animi
2105 1500 2326 1554 angore,
2349 1485 2417 1540 ab
2447 1487 2644 1542 invidia
2675 1490 3124 1561 sycophantarum
3151 1536 3164 1558 ,
3192 1512 3220 1548 a
3254 1501 3405 1553 turba
3427 1543 3442 1566 ,
3472 1521 3500 1554 ει

1919 1575 2166 1640 tumultu,
2197 1591 2226 1628 a
2260 1589 2518 1646 perpetuo
2546 1590 2723 1647 ntetu;
2753 1593 2806 1637 et
2837 1587 3099 1640 malorum
3131 1591 3414 1647 colluviem
3450 1597 3499 1649 in

1916 1675 2075 1733 Caput
2101 1682 2254 1719 suum
2284 1671 2574 1738 congessit.
2607 1671 2743 1735 Quid
2778 1674 2956 1743 igitur,
2993 1679 3036 1731 si
3066 1694 3186 1733 cum
3222 1685 3382 1748 fame,
3419 1688 3499 1740 in-

1918 1758 2088 1822 quies,
2117 1762 2463 1812 enncertcm?
2500 1762 2634 1815 Cum
2680 1764 2846 1817 Paulo
2878 1767 2976 1821 hoc
3016 1772 3234 1836 pateris,
3263 1777 3350 1844 qni
3382 1779 3454 1831 ait
3486 1799 3498 1832 :

1923 1845 2089 1915 Usque
2112 1848 2163 1899 in
2189 1848 2318 1901 limae
2345 1849 2520 1902 horam
2544 1863 2588 1904 ct
2617 1855 2866 1908 currimus
2889 1867 2936 1910 ct
2961 1860 3158 1915 animus
3187 1875 3232 1915 et
3264 1868 3388 1919 nudi
3417 1886 3503 1921 su-

1920 1954 2030 1990 mus
2060 1940 2136 2007 (l.
2170 1940 2289 1993 Cor.
2322 1942 2374 1995 4.
2409 1942 2464 1995 ll
2491 1942 2533 2011 ).
2569 1945 2636 1996 At
2665 1945 2772 2008 ille,
2804 1947 3032 2017 inquies,
3067 1963 3284 2024 propter
3313 1959 3495 2015 Deum.

1921 2030 1986 2083 Et
2016 2042 2068 2083 tu
2114 2047 2323 2100 quoque
2367 2045 2583 2101 pmpter
2629 2036 2792 2090 Deum
2826 2057 2844 2096 :
2875 2044 3088 2109 quando
3131 2048 3271 2102 enim
3315 2067 3420 2105 non
3455 2064 3507 2108 te

1921 2122 2062 2174 ultus
2091 2121 2279 2187 fueris,
2308 2139 2523 2192 preptcr
2558 2127 2723 2181 Deum
2757 2131 2806 2184 id
2837 2131 3027 2187 fecisti.
3058 2138 3162 2192 Sed
3189 2143 3277 2209 qui
3307 2159 3392 2196 me
3420 2147 3502 2198 in-

1917 2211 2055 2278 juria
2084 2213 2279 2277 all'ecit,
2314 2229 2433 2267 cmn
2463 2215 2715 2272 divitibus
2739 2219 2790 2273 in
2814 2223 3020 2278 deliciis
3041 2227 3203 2298 degit.
3240 2231 3347 2286 lmo
3375 2249 3511 2290 vero

1921 2316 2042 2355 cum
2067 2302 2282 2356 diabolo
2317 2321 2328 2356 :
2362 2305 2454 2359 sed
2487 2315 2540 2358 tu
2575 2322 2696 2361 cum
2741 2309 2906 2366 l‘aulo
2935 2321 3229 2374 coronaris.
3261 2321 3339 2377 Ne
3373 2310 3507 2392 ergo

1922 2392 2115 2447 famem
2153 2394 2379 2450 timeas:
2419 2397 2537 2451 Non
2574 2401 2705 2452 εηίυι
2732 2403 2867 2470 [ωηο
2906 2408 3098 2460 necabit
3135 2409 3266 2464 Deus
3304 2415 3504 2470 animus

1913 2488 2172 2555 juslornm
2218 2489 2236 2559 (
2264 2487 2416 2542 Prov.
2447 2491 2532 2544 10.
2559 2493 2590 2544 5
2610 2501 2652 2563 ).
2684 2493 2751 2548 Et
2787 2496 2924 2551 alius
2955 2515 3164 2556 rursum
3195 2508 3266 2559 ait
3313 2525 3326 2560 :
3354 2507 3505 2562 locta

1921 2596 2073 2646 super
2105 2580 2374 2634 Dominum
2403 2599 2578 2636 curam
2608 2595 2767 2650 tuam,
2801 2600 2849 2641 et
2877 2591 2984 2657 ipse
3011 2603 3058 2645 le
3082 2600 3292 2652 enutrio!
3314 2602 3330 2669 (
3356 2600 3502 2656 Paul.

1924 2672 2012 2726 54.
2052 2673 2122 2726 25
2144 2675 2185 2742 ).
2219 2674 2276 2727 Si
2303 2675 2446 2728 enim
2475 2691 2722 2745 passeres
2765 2683 2876 2750 agri
2910 2688 3114 2753 nutrit,
3156 2695 3423 2758 quomodo
3454 2696 3504 2749 te

1925 2781 2028 2817 nun
2060 2765 2256 2818 nutriet
2275 2766 2295 2817 ἲ
2314 2765 2392 2820 Ne
2420 2768 2588 2822 simus
2611 2785 2738 2840 ergo
2769 2773 2990 2828 modica:
3017 2777 3136 2832 lidei
3169 2820 3184 2843 ,
3215 2799 3385 2852 neque
3414 2803 3508 2853 pu-

1925 2854 2234 2914 sillanimes,
2259 2870 2291 2907 ο
2320 2855 2523 2909 dilecti.
2547 2858 2647 2923 Qui
2675 2860 2820 2913 enim
2845 2880 3068 2934 regnum
3095 2871 3351 2926 caelorum
3384 2891 3504 2943 pro-

1928 2947 2072 2998 tni~it
2104 2956 2157 2999 et
2184 2954 2326 2999 tanta
2353 2945 2494 3000 bona
2515 2987 2535 3012 ,
2575 2953 2858 3018 prmsentia
2888 2959 3159 3024 quomodo
3187 2977 3292 3016 non
3320 2966 3464 3020 dabit
3487 2971 3507 3022 ?

1926 3035 2000 3090 Nc
2027 3037 2292 3107 superflua
2310 3037 2697 3103 desideremus,
2721 3042 2813 3096 sed
2836 3046 2979 3112 quod
2999 3049 3247 3121 sufﬁciat,
3280 3065 3331 3110 et
3360 3076 3505 3113 sem-

1928 3141 2022 3195 per
2046 3128 2239 3182 divites
2277 3128 2478 3184 erimus
2528 3145 2543 3182 :
2590 3139 2953 3201 tegumentum
2992 3155 3294 3210 qureramus
3330 3157 3384 3202 et
3413 3153 3509 3206 ali-

1930 3228 2129 3285 menta,
2157 3229 2211 3274 et
2236 3221 2414 3276 omnia
2444 3222 2785 3292 accipiemus,
2815 3235 2870 3280 et
2900 3227 3014 3284 haec
3033 3241 3086 3286 et
3104 3234 3506 3309 multomajora.

1930 3313 1987 3366 Si
2032 3323 2213 3370 autem
2254 3316 2430 3371 adhuc
2468 3316 2620 3371 doles
2657 3329 2710 3372 et
2747 3319 2998 3377 deorsum
3029 3329 3286 3398 respicis,
3317 3336 3506 3391 vellem

1933 3407 2024 3461 tibi
2053 3407 2171 3476 ejus
2194 3408 2284 3477 qui
2327 3417 2380 3462 te
2410 3408 2600 3476 injuria
2622 3408 2798 3464 all'ccit
2824 3413 3054 3469 animam
3086 3433 3208 3486 post
3236 3425 3510 3483 victoriam

1908 3499 2238 3564 nostendere,
2267 3500 2535 3568 quomodo
2563 3502 2700 3555 cinis
2729 3502 2866 3558 facta
2895 3507 2984 3561 sit.
3018 3508 3144 3565 Tale
3178 3529 3407 3585 namque
3429 3533 3511 3574 est

1932 3600 2209 3660 peccatum
2239 3610 2250 3644 :
2283 3591 2536 3659 quamdiu
2564 3604 2825 3660 patratur,
2855 3603 3141 3665 quamdam
3185 3607 3507 3674 voluptati-ni

1930 3684 2113 3752 :illbrt;
2137 3685 2349 3749 quando
2365 3692 2544 3735 autem
2571 3697 2999 3740 consununatum
3019 3700 3120 3755 est,
3151 3702 3276 3749 tunc
3297 3701 3507 3756 modica

1931 3771 2017 3822 illa
2038 3771 2278 3838 voluptas
2300 3770 2496 3836 avolat,
2516 3772 2754 3826 succedit
2773 3784 2949 3829 autem
2967 3780 3129 3834 animi
3152 3801 3370 3843 imm-or.
3390 3792 3515 3848 una;

1935 3879 2091 3946 porro
2127 3861 2379 3931 patimur,
2412 3876 2531 3916 cum
2572 3864 2830 3932 quosdam
2861 3874 3181 3929 contumelia
3208 3879 3509 3950 aflicimns;

1936 3966 2117 4025 postea
2158 3971 2282 4009 vero
2319 3971 2415 4008 nos
2439 3956 2584 4024 ipsos
2617 3971 2952 4014 accusamus.
2975 3964 3063 4017 Sic
3086 3969 3242 4021 etiam
3272 3985 3396 4025 cum
3422 3993 3511 4028 ra-

1934 4049 2127 4115 pimus,
2154 4047 2467 4114 gaudemus;
2483 4047 2674 4101 deinde
2687 4064 2812 4103 vero
2824 4067 2852 4104 a
2867 4056 3185 4112 conscientia
3209 4065 3514 4133 pungiuiur.

2007 4137 2108 4201 Qui
2142 4137 2308 4204 egenis
2331 4151 2430 4188 non
2479 4136 2845 4207 eleemosynam
2881 4157 3089 4215 erogat,
3131 4150 3186 4203 in
3233 4155 3516 4222 gehennam

1935 4229 2165 4278 mittitur.
2192 4252 2262 4264 —-
2290 4225 2450 4280 Vides
2473 4227 2615 4296 apud
2646 4233 2948 4298 quempiam
2985 4235 3202 4292 domum
3229 4248 3518 4315 pauperis?

1936 4322 2082 4375 bene
2105 4360 2120 4385 ,
2151 4336 2256 4374 non
2285 4335 2406 4374 eum
2432 4321 2520 4391 qui
2543 4321 2780 4392 privatus
2809 4325 2906 4378 fuit
2929 4367 2948 4390 ,
2968 4329 3060 4382 sed
3091 4347 3210 4386 eunt
3243 4338 3332 4405 qui
3359 4353 3516 4395 acce-

1939 4411 2049 4478 pit;
2087 4427 2192 4465 non
2221 4411 2364 4465 enim
2405 4411 2573 4477 dedit,
2606 4413 2698 4467 sed
2725 4417 2930 4483 accepit
2960 4419 3177 4474 malum.
3202 4423 3332 4480 Nam
3361 4429 3516 4484 illum

1937 4504 2150 4575 quidem
2179 4505 2534 4572 pra-sentibus
2556 4505 2831 4571 spoliavit,
2859 4523 2916 4560 se
2946 4524 3074 4564 vero
3101 4529 3163 4565 ex
3189 4517 3346 4572 bonis
3374 4523 3507 4577 inef

1940 4596 2185 4649 labilibns
2212 4595 2387 4662 ejecit.
2427 4593 2558 4646 Nam
2592 4595 2635 4646 si
2667 4597 2709 4646 is
2731 4637 2744 4656 ,
2778 4597 2865 4665 qui
2897 4607 3077 4668 egenis
3106 4621 3209 4657 non
3237 4609 3513 4680 elargitur,

1941 4689 1990 4741 in
2021 4687 2319 4755 gehennam
2351 4686 2488 4748 abit;
2517 4685 2604 4754 qui
2638 4687 2720 4739 illa
2757 4704 2876 4757 qua:
2902 4707 3192 4760 egenorum
3223 4714 3348 4755 sunt
3373 4710 3484 4760 acet
3504 4738 3516 4749 -

1941 4782 2036 4846 pit,
2074 4778 2198 4845 quid
2230 4778 2500 4846 patietur?
2533 4778 2597 4831 Et
2637 4794 2878 4848 quantam
2911 4784 3110 4840 utilitas
3135 4829 3147 4851 ,
3197 4791 3436 4861 inquies,
3471 4801 3516 4851 si

1940 4887 2036 4939 ego
2075 4870 2214 4925 male
2247 4870 2452 4940 patiar?
2481 4871 2663 4941 Magna
2692 4885 2837 4927 certe
2863 4877 3082 4932 utilitas.
3114 4879 3227 4935 Non
3262 4901 3355 4952 per
3388 4904 3519 4957 sup-

1944 4967 2158 5032 plicium
2204 4965 2322 5030 ejus
2349 5003 2362 5026 ,
2395 4965 2484 5031 qui
2517 4974 2567 5018 te’
2595 4966 2736 5018 malo
2783 4967 2979 5034 all'ecit,
3031 4980 3518 5036 remunerationem

1943 5055 2035 5109 tibi
2061 5055 2340 5110 constituit
2368 5054 2540 5120 Deus;
2572 5071 2691 5108 nam
2731 5057 2855 5110 illud
2883 5075 2988 5113 non
3020 5079 3205 5132 magna
3238 5084 3324 5123 res
3353 5086 3517 5127 esset.

1943 5151 2071 5214 Quae
2091 5148 2233 5202 enim
2265 5147 2462 5200 utilitas
2484 5188 2498 5211 ,
2527 5148 2571 5200 si
2614 5158 2668 5202 et
2709 5164 2808 5218 ego
2837 5161 2891 5203 et
2919 5153 3008 5207 ille
3039 5157 3180 5210 mala
3212 5163 3523 5227 patiamur?

1942 5259 2266 5313 quamquam
2295 5243 2492 5296 multos
2518 5243 2667 5305 novi,
2697 5245 2784 5310 qui
2811 5243 2909 5296 hoc
2937 5262 3035 5312 pro
3064 5251 3295 5306 tnaxima
3326 5254 3524 5312 habent

1943 5337 2330 5401 consolatione.
2357 5345 2410 5390 et
2432 5344 2602 5390 totum
2628 5351 2687 5390 se
2706 5338 2982 5406 accepisse
3011 5344 3365 5412 arbitrantur,
3396 5364 3518 5404 eum

1944 5445 2036 5483 eos
2065 5431 2153 5499 qui
2182 5429 2282 5483 sibi
2312 5437 2608 5481 nocuerunt
2636 5429 2821 5497 plexos
2860 5431 3056 5484 vident.
3099 5435 3347 5491 Attamen
3385 5441 3523 5496 Deus

1948 5542 2055 5582 non
2084 5526 2170 5579 hic
2197 5523 2338 5578 sistit
2363 5522 2869 5576 remunerationem.
2900 5522 3006 5578 Sed
3036 5527 3113 5581 vis
3139 5529 3279 5585 scire
3313 5543 3446 5600 quot.
3473 5545 3524 5588 te

1950 5621 2084 5672 bona
2113 5622 2398 5683 exceptura
2429 5611 2574 5666 sint?
2600 5611 2793 5665 Totum
2823 5613 2923 5666 sibi
2964 5617 3154 5670 caelum
3179 5623 3370 5688 aperit,
3399 5639 3524 5680 san-

1948 5725 2152 5769 ctorum
2188 5711 2464 5764 concivem
2494 5707 2639 5771 facit,
2671 5710 2722 5761 in
2749 5709 2936 5763 eodem
2964 5711 3131 5766 choro
3156 5724 3213 5767 ut
3239 5714 3312 5769 sis
3339 5716 3524 5780 efllcit,

1953 5827 1983 5864 a
2013 5805 2244 5879 peccatis
2273 5801 2534 5865 absolvit,
2567 5801 2768 5871 justitia
2797 5811 3036 5857 coronat.
3069 5803 3123 5860 Si
3151 5810 3292 5864 enim
3326 5812 3410 5883 qus
3443 5827 3527 5869 re-
