4028 6208
564 338 669 393 159

562 460 786 509 mittunt
826 454 917 519 iis,
967 455 1057 525 qui
1104 466 1487 527 peccaverunt,
1534 458 1911 514 remissionem
1955 474 2147 514 euase-

555 556 796 616 quuntur
817 564 833 611 ;
858 546 947 616 qui
971 564 1078 603 non
1107 548 1268 603 modo
1288 549 1605 614 remittunt,
1632 550 1731 604 sed
1774 550 1906 618 ipsis
1931 550 2145 606 abunde

564 640 865 709 largiuntur
882 680 898 702 .
923 657 1083 711 quam
1112 658 1219 696 non
1246 652 1652 711 consequentur
1675 643 2101 700 benedictionem
2122 646 2147 698 ‘l

559 730 639 786 Ne
681 733 862 803 itaque
914 734 1109 802 pusillo
1135 734 1318 788 animo
1354 733 1497 789 teras
1521 776 1539 801 ,
1583 734 1680 790 sed
1708 738 1868 789 etiam
1924 751 2148 806 precare

556 838 657 893 pro
680 840 749 879 eo
774 825 867 895 qui
898 835 951 880 te
973 826 1133 880 laesit.
1160 826 1419 881 Pecunias
1446 833 1567 881 tuas
1590 826 1839 896 accepit?
1860 827 1957 881 sed
1981 828 2144 882 etiam

556 929 800 987 peccata,
829 929 888 973 ut
917 919 969 972 in
999 917 1274 973 Necmano
1298 929 1353 974 et
1375 919 1523 975 Giezi
1551 919 1766 975 accidit.
1793 920 2031 987 Quantas
2057 935 2150 990 per

553 1011 742 1064 cuitias
767 1025 876 1064 non
892 1009 1024 1065 dare
1044 1011 1330 1077 voluisses,
1354 1020 1414 1066 ut
1441 1020 1660 1082 peuata
1692 1013 1786 1066 tibi
1808 1013 2149 1067 remittet-en-

554 1108 646 1155 tur
661 1100 690 1154 ἲ
716 1099 830 1155 lioc
858 1102 1038 1172 itaque
1063 1117 1207 1156 nunc
1224 1103 1387 1157 etiam
1410 1117 1510 1157 usu
1529 1104 1675 1157 venit
1704 1119 1718 1156 :
1748 1103 1793 1157 si
1820 1104 1964 1158 enim
1989 1119 2149 1173 gene-

553 1205 679 1247 rose
720 1192 884 1259 feras,
929 1209 1030 1249 nec
1069 1194 1382 1258 maledicas,
1430 1194 1715 1265 splendida
1765 1196 2048 1251 redimitus
2085 1212 2147 1252 es

529 1298 772 1364 corona.
813 1284 929 1340 Non
954 1299 1112 1340 meus
1149 1295 1234 1341 est
1257 1302 1440 1342 sermo
1462 1327 1479 1353 ,
1507 1288 1604 1343 sed
1647 1289 1843 1343 audisti
1869 1288 2144 1344 Christum

549 1375 822 1429 dicentmu
870 1392 885 1429 :
933 1374 1095 1431 Orate
1130 1394 1223 1448 pro
1261 1378 1327 1432 iis
1365 1380 1453 1449 qui
1480 1379 1618 1435 vobis
1645 1381 1927 1435 molestiam
1951 1392 2143 1437 neunt.

549 1467 619 1523 Et
636 1470 812 1537 cogita
840 1477 1096 1539 quantum
1116 1470 1209 1526 ‘sit
1232 1476 1514 1540 praemium
1535 1514 1552 1538 ,
1583 1471 1653 1527 Ut
1672 1474 1784 1527 sitis
1806 1473 2000 1530 similes
2032 1473 2139 1528 Pa-

1338 344 1396 401 S.
1434 344 1711 402 JOANNlS
1744 346 2217 403 CllllYSOSTOll
2255 350 2570 408 ARCilIEl’.
2609 355 3137 423 CUNSTAN‘I'LVOP.

3739 370 3834 429 N0

2255 466 2520 556 trisqgvatri
2540 466 2632 535 qui
2656 476 2730 521 est
2761 468 2815 521 in
2858 471 2983 523 cit-lo
3015 468 3239 543 (Matth.
3277 474 3333 528 5.
3379 480 3468 533 45.
3497 482 3626 554 ιθ).
3661 484 3833 556 Itaque

2263 554 2412 607 nullo
2454 556 2692 625 privatus
2714 573 2809 621 es,
2851 560 2947 613 sed
2986 561 3150 615 etiam
3178 567 3435 634 accepisti
3462 584 3479 634 ;
3512 587 3619 626 non
3647 554 3835 643 injuria

2252 644 2499 737 allectus,
2531 648 2628 704 sed
2654 661 2952 706 coronatus
2976 668 3061 719 es,
3089 655 3273 709 animo
3295 661 3464 730 magis
3485 664 3830 737 philosophus

2251 736 2474 793 eilectus
2502 741 2723 811 Deoque
2748 743 2945 798 similis
2963 785 2979 807 ,
3008 748 3354 814 pecuniarum
3379 764 3510 805 cura
3540 736 3794 814 liberatus
3817 798 3834 824 ,

2253 845 2481 900 regnum
2508 833 2765 888 catlornm
2791 848 3139 907 asseqquns.
3170 841 3295 897 llaec
3318 845 3502 913 itaque
3527 853 3708 913 omnis
3732 868 3824 907 uo-

2254 922 2460 977 biscum
2487 933 2816 994 reputantes,
2848 928 2899 982 in
2925 928 3137 999 injuriis
3153 932 3614 1006 philosophemur,
3635 938 3833 1007 dilecti,

2254 1027 2308 1068 ut
2338 1023 2393 1069 et
2419 1030 2451 1070 a
2491 1018 2774 1087 praesentis
2800 1019 2927 1073 vitm
2968 1025 3375 1091 perturbatione
3410 1028 3702 1085 liberemur
3724 1073 3741 1096 ,
3781 1044 3830 1087 et

2252 1105 2493 1161 inutilem
2521 1124 2811 1164 merorem
2839 1109 3154 1179 abjiciamus
3174 1157 3191 1180 ,
3219 1114 3563 1188 futurumque
3589 1120 3833 1190 gaudium

2251 1212 2682 1268 consequamur,
2724 1202 2896 1272 gratia
2942 1213 2997 1259 et
3044 1202 3389 1276 benignitate
3419 1210 3628 1268 Domini
3671 1216 3833 1271 nostri

2251 1288 2378 1344 Jesu
2407 1289 2626 1356 Christi,
2656 1295 2873 1363 quicum
2900 1295 3047 1350 Patri
3069 1305 3124 1351 et
3146 1312 3247 1350 una
3265 1297 3486 1369 Spiritui
3504 1312 3693 1359 sancto
3714 1308 3833 1375 glo-

2252 1382 2353 1444 ria,
2387 1382 2692 1450 imperium,
2726 1387 2920 1447 honor.
2960 1401 3102 1446 nunc
3127 1396 3185 1443 et
3210 1402 3448 1460 semper,
3477 1400 3533 1446 et
3558 1393 3616 1447 in
3643 1398 3835 1451 saecula

2258 1476 2604 1530 surculorum.
2632 1477 2828 1532 Amen.

1883 1680 2227 1743 HOMILIA
2267 1678 2475 1745 XVII.

548 1824 661 1880 Car
729 1823 783 1879 6.
829 1840 881 1876 v.
916 1823 1001 1878 12.
1049 1821 1241 1877 Omnia
1280 1823 1405 1876 mihi
1456 1824 1644 1889 licent,
1684 1824 1777 1876 sed
1814 1840 1917 1877 non
1969 1826 2140 1878 omnia

617 1915 937 1985 expediunt:
959 1915 1132 1968 οικιιεσ
1156 1897 1281 1967 milii
1342 1914 1531 1980 licent,
1558 1914 1649 1969 sed
1676 1931 1769 1985 ego
1817 1915 1910 1969 sub
1950 1916 2143 1970 nullius

618 2008 825 2077 redigar
851 2013 1118 2073 potestate.

623 2100 678 2154 ι.
706 2098 997 2153 llelltiones
1043 2096 1133 2152 hic
1154 2096 1486 2153 subindicat.
1514 2098 1649 2165 Quia
1692 2098 1835 2154 enim
1864 2113 2053 2154 rursus
2074 2099 2141 2155 ad

548 2189 930 2245 formatorem
954 2198 1039 2244 est
1066 2187 1362 2255 redi-turus,
1392 2188 1678 2243 fornicatio
1718 2200 1897 2243 autem
1938 2205 2004 2244 ex
2047 2190 2144 2245 de-

548 2281 692 2361 liciis
704 2290 781 2337 et
800 2278 1166 2336 immoderate
1191 2279 1317 2337 cibo
1340 2276 1543 2346 Oritur,
1575 2281 1927 2338 vehementer
1950 2283 2138 2339 vitium

547 2371 683 2428 illud
705 2370 954 2442 castigat.
995 2369 1184 2438 Neque
1208 2371 1356 2426 enim
1398 2374 1466 2427 de
1492 2370 1781 2441 prohibitis
1807 2372 1925 2438 hare
1969 2373 2141 2436 dicit;

561 2464 654 2519 illa
684 2478 916 2533 namque
940 2478 1048 2516 non
1075 2462 1244 2517 licent
1267 2479 1283 2527 ;
1310 2462 1406 2518 sed
1434 2460 1503 2516 de
1548 2462 1615 2517 iis
1643 2481 1764 2535 qua:
1789 2464 2143 2520 indin‘erentia

548 2568 672 2611 esse
697 2554 965 2610 videntur.
996 2552 1241 2623 Exempli
1261 2567 1419 2608 causa
1449 2572 1468 2609 :
1490 2553 1618 2609 licet
1642 2597 1658 2618 ,
1708 2554 1919 2625 inquit,
1966 2571 2147 2611 come-

548 2652 681 2701 dere
709 2654 766 2701 et
794 2645 1017 2707 bibere;
1063 2644 1160 2700 sed
1183 2660 1307 2700 cum
1352 2643 1510 2712 copia
1552 2644 1719 2699 nimia
1750 2661 1857 2700 nun
1904 2646 2142 2715 expedit,

548 2736 812 2807 Qumlque
835 2738 1033 2791 mirum
1078 2736 1615 2805 inexspectatuqu
1642 2745 1763 2800 est,
1793 2738 1935 2807 quod
1967 2747 2144 2790 tatnen

554 2827 735 2882 facere
746 2820 895 2897 saepe
906 2821 1045 2881 solet
1060 2826 1116 2880 in
1129 2825 1462 2881 contrarium
1471 2836 1799 2880 convertens
1820 2837 1935 2879 orat
1944 2826 2143 2890 iuueni,

555 2915 645 2971 hic
666 2932 882 2987 quoque
912 2915 1041 2970 illud
1068 2917 1416 2984 exsequitur;
1442 2923 1499 2968 et
1517 2913 1754 2969 ostendit
1768 2915 1908 2985 quod
1929 2915 1980 2969 iu
1999 2925 2150 2985 pote-

552 3016 695 3063 state
721 3008 932 3072 facere,
961 3022 1071 3061 non
1110 3007 1285 3067 solum
1327 3020 1433 3058 non
1475 3004 1754 3073 expediat,
1785 3006 1881 3059 sed
1924 3020 2022 3061 nec
2048 3021 2145 3076 po-

555 3099 769 3155 testatis
819 3098 1043 3169 quidem
1088 3098 1209 3163 sit,
1277 3112 1461 3153 verum
1508 3096 1807 3151 servitutis.
1856 3098 1923 3152 Et
1974 3098 2148 3167 primo

553 3188 775 3257 quidem
802 3190 1001 3245 avertit
1025 3189 1095 3242 ab
1119 3203 1188 3243 eo
1206 3229 1223 3254 ,
1252 3188 1394 3258 quod
1450 3202 1555 3242 non
1608 3189 1895 3257 expediat,
1918 3188 2146 3244 dicens:

558 3278 686 3334 Non
713 3281 990 3349 expediunt
1013 3296 1033 3345 ;
1056 3279 1295 3334 secundo
1322 3287 1501 3331 autem
1528 3292 1559 3331 a
1602 3280 1876 3333 contrario
1896 3320 1912 3343 ,
1943 3279 2148 3343 dicens,

556 3368 676 3440 Ego
733 3371 828 3424 sub
876 3371 1073 3425 nullius
1131 3370 1335 3439 redigar
1376 3378 1639 3435 potestate.
1670 3370 1781 3425 lloc
1823 3382 2002 3426 autem
2047 3373 2147 3426 sibi

561 3461 721 3516 vult:
750 3460 923 3524 Penes
951 3469 1006 3515 te
1061 3470 1142 3514 est
1194 3459 1555 3521 manducare.
1602 3460 1806 3528 inquit:
1832 3468 1960 3531 ergo
1992 3478 2150 3517 mane

559 3553 616 3607 in
648 3552 738 3607 illa
772 3559 1039 3621 potestate
1060 3590 1078 3616 ,
1108 3557 1164 3604 et
1208 3564 1341 3603 cave
1395 3564 1463 3603 ne
1512 3548 1669 3619 hujus
1697 3550 1916 3604 aﬂ'ectus
1963 3566 2150 3605 servus

564 3642 843 3697 efllciaris.
887 3640 1022 3697 Nam
1074 3641 1165 3711 qui
1214 3649 1274 3694 ιιι
1319 3640 1572 3695 convenit
1622 3640 1715 3693 illo
1762 3642 1965 3705 utitur,
2012 3643 2151 3695 illius

562 3733 817 3786 dominus
861 3744 980 3795 est;
1027 3734 1119 3800 qui
1169 3744 1349 3786 autem
1391 3746 1700 3785 mensuram
1748 3734 1991 3793 excedit,
2044 3752 2147 3787 non

564 3825 703 3875 ultra
726 3821 979 3873 dominus
1007 3829 1091 3873 est
1114 3861 1130 3883 ,
1159 3821 1254 3874 sed
1280 3836 1469 3873 servus
1493 3822 1613 3886 ejus
1654 3824 1886 3874 elticitur
1906 3863 1919 3881 ,
1948 3824 2068 3889 gula
2099 3825 2148 3874 iu

564 3914 684 3982 ipso
721 3909 1059 3982 tyrannidem
1112 3918 1430 3963 exercente.
1462 3908 1651 3961 Viden’
1693 3910 1961 3975 quomodo
1987 3926 2109 3964 eum
2132 3953 2147 3974 ,

562 4003 654 4075 qui
679 4018 744 4058 se
770 4009 1090 4073 potestatem
1121 4000 1319 4054 habere
1346 4000 1587 4069 putabat,
1616 4000 1716 4054 sub
1746 4011 2004 4067 potestate
2031 4017 2151 4057 esse

565 4094 850 4152 ostendat?
869 4092 1018 4149 Solet
1042 4094 1186 4149 enim
1216 4093 1412 4147 Paulus
1444 4093 1544 4147 hoc
1571 4093 1771 4158 facere,
1801 4106 1856 4147 ut
1879 4095 1989 4163 jam
2017 4095 2145 4159 dixi,

567 4190 622 4243 in
648 4190 976 4243 contrarium
1004 4187 1337 4255 obiectiones
1385 4195 1594 4241 vertere
1626 4204 1639 4239 :
1669 4186 1812 4255 quod
1862 4188 1946 4241 hic
1990 4189 2149 4241 etiam

568 4280 712 4333 fecit.
739 4280 1121 4333 Animadverte
1149 4286 1328 4330 autem
1359 4294 1374 4330 :
1408 4277 1632 4343 quisque
1673 4292 1858 4330 eortim
1906 4278 2113 4332 dicebat
2133 4320 2150 4344 ,

569 4371 719 4425 Licet
748 4370 878 4427 mihi
904 4369 1143 4423 deliciari
1176 4385 1190 4421 :
1224 4368 1315 4420 ille
1345 4381 1473 4420 vero
1500 4367 1650 4430 dicit,
1680 4366 1795 4419 Non
1846 4368 1947 4421 huc
1988 4378 2060 4421 tu’
2080 4371 2149 4423 ita

568 4462 703 4518 facis
730 4461 900 4530 utqui
946 4459 999 4513 id
1029 4459 1223 4512 habeas
1263 4458 1315 4511 iit
1364 4465 1626 4526 potestate
1651 4498 1665 4519 ,
1709 4457 1802 4509 sed
1858 4464 1915 4508 ut
1961 4458 2050 4524 qui
2080 4458 2154 4508 sis

568 4554 624 4625 ip
651 4568 684 4608 e
714 4552 959 4608 redactus
985 4551 1084 4603 sub
1114 4552 1249 4603 hanc
1278 4560 1613 4617 potestatein.
1646 4545 1827 4615 Neque
1852 4546 1993 4599 enim
2025 4561 2153 4599 ven-

571 4647 667 4701 tris
695 4653 1010 4713 potestatem
1042 4642 1207 4695 habes
1235 4683 1248 4704 ,
1281 4641 1533 4709 quamdiu
1580 4640 1745 4694 lueris
1794 4640 1964 4693 ventri
1995 4639 2155 4693 nimis

570 4736 873 4803 indulgens,
904 4733 997 4787 sed
1028 4733 1141 4799 ipse
1170 4745 1220 4785 te
1245 4733 1296 4784 in
1326 4741 1589 4799 potestate
1616 4733 1796 4786 habet.
1834 4734 1944 4786 lloc
1971 4745 2148 4787 autem

570 4830 640 4882 de
668 4825 911 4895 pecuniis
935 4826 1096 4880 etiam
1142 4823 1316 4890 deque
1356 4823 1472 4876 aliis
1516 4824 1619 4877 dici
1662 4834 1854 4893 potest.
1889 4827 1976 4881 l5.
2011 4827 2156 4880 Esca:

572 4920 755 4973 ventri.
786 4917 1039 4973 Ventrem
1095 4914 1182 4969 hic
1227 4930 1333 4968 non
1386 4924 1665 4981 ventrem,
1720 4914 1813 4968 sed
1864 4916 2154 4985 ingluviem

573 5021 731 5065 vocat
784 5027 800 5063 :
846 5018 907 5064 ut
947 5025 1069 5063 cum
1121 5007 1252 5063 dicit
1307 5025 1321 5059 :
1380 5006 1607 5072 Quorum
1660 5006 1784 5061 deus
1833 5019 2001 5061 venter
2082 5022 2152 5062 est

572 5102 834 5174 (Philipp.
862 5103 916 5156 5.
939 5100 1066 5169 i9);
1097 5115 1201 5153 non
1228 5099 1295 5153 de
1322 5098 1425 5151 hoc
1472 5098 1714 5151 membro
1756 5098 1983 5167 loquens
2002 5138 2019 5163 ,
2060 5100 2153 5153 sed

571 5195 639 5249 de
667 5192 974 5246 voracitate.
1004 5191 1157 5259 Quod
1184 5192 1326 5244 enim
1354 5191 1425 5243 ita
1453 5189 1545 5255 sit,
1576 5188 1701 5243 audi
1729 5189 2007 5257 sequentia
2040 5208 2054 5243 :
2086 5190 2155 5242 Et

568 5295 740 5339 uenter
763 5283 889 5336 escis
933 5297 953 5335 .'
981 5299 1163 5349 corpus
1202 5291 1374 5333 autem
1399 5296 1501 5334 non
1554 5280 1899 5350 fornicationi,
1931 5280 2019 5334 sed
2046 5279 2155 5333 Do-

570 5377 731 5430 mino.
768 5373 928 5442 Atqui
981 5379 1173 5426 venter
1211 5386 1425 5441 quoque
1464 5381 1546 5425 est
1592 5385 1809 5441 corpus.
1856 5371 1961 5426 Sed
2016 5371 2152 5427 duas

574 5466 755 5536 posuit
776 5463 1203 5532 coniunctiones.
1230 5477 1385 5518 escas
1408 5471 1464 5517 et
1490 5462 1778 5534 ingluviem
1804 5505 1820 5529 ,
1848 5479 2011 5532 quam
2039 5465 2156 5534 qui-

570 5559 693 5613 dum
721 5566 964 5611 ventrem
994 5556 1224 5618 vocavit.
1254 5552 1528 5609 Christum
1554 5563 1610 5608 et
1634 5569 1852 5622 corpus.
1882 5554 2017 5620 Quid
2049 5556 2151 5609 sibi

571 5651 683 5703 vult
710 5648 859 5711 illud,
892 5646 1035 5701 Esca
1062 5648 1223 5701 ventri
1249 5647 1276 5701 .’
1301 5646 1476 5712 Escae,
1509 5647 1701 5718 inquit,
1725 5648 2017 5701 amicitiam
2048 5648 2146 5701 ha-

572 5743 700 5797 bent
727 5757 850 5796 cum
880 5740 1109 5807 ingluvie
1131 5783 1146 5809 ,
1177 5749 1232 5796 et
1280 5740 1394 5795 haec
1417 5754 1538 5796 cum
1591 5746 1797 5797 ventre.
1830 5739 1943 5794 Non
1974 5749 2152 5811 potest

2247 1840 2377 1894 ergo
2403 1826 2470 1880 ad
2494 1825 2768 1882 Christum
2790 1844 2897 1885 nos
2920 1829 3143 1897 dueere,
3162 1828 3341 1885 sedad
3360 1831 3475 1888 haec
3498 1834 3681 1890 trahit.
3695 1836 3833 1893 (ἕως

2249 1918 2331 1972 vis
2356 1920 2502 1973 enim
2528 1928 2585 1973 et
2615 1918 2851 1975 bellttina
2891 1932 2976 1977 est
3019 1920 3201 1992 passio
3225 1937 3518 1994 servosque
3544 1925 3755 1992 reddit,
3779 1936 3837 1983 et

2250 2016 2309 2062 ut
2334 2008 2434 2062 sibi
2480 2010 2747 2066 serviatur
2790 2010 3109 2067 elﬁcit.Cur
3153 2026 3287 2084 ergo
3328 2014 3567 2070 alimenti
3621 2015 3830 2081 inhias,

2247 2116 2283 2155 ο
2309 2101 2517 2157 homo?
2540 2102 2688 2158 illius
2714 2120 2949 2175 namque
2990 2104 3277 2160 ministerii
3302 2106 3426 2161 talis
3474 2114 3575 2162 est'
3601 2106 3757 2171 linis,
3781 2117 3836 2163 et

2251 2193 2382 2249 nihil
2405 2194 2637 2265 amplius
2660 2195 2971 2261 exhibebit;
3000 2196 3095 2250 sed
3121 2205 3395 2265 tamquam
3421 2196 3580 2251 alicui
3606 2197 3836 2252 domina:

2249 2285 2582 2351 mittistrans,
2612 2294 2792 2340 manet
2818 2284 2958 2339 hanc
2984 2284 3226 2340 retinens
3252 2287 3569 2341 servitutem
3596 2328 3614 2354 ,
3664 2303 3839 2357 neque

2252 2376 2476 2430 ulterius
2502 2374 2780 2446 procedit;
2812 2375 3125 2443 nullumque
3152 2374 3295 2434 aliud
3322 2390 3458 2444 opus
3508 2375 3709 2439 habet,
3737 2375 3835 2430 sed

2251 2466 2527 2522 bucinant:
2547 2466 2925 2521 ministerium.
2948 2464 3017 2518 Et
3042 2464 3202 2518 ambo
3221 2475 3409 2520 mutuo
3420 2476 3837 2532 connectuntur,

2250 2567 2307 2613 et
2325 2557 2486 2612 simul
2514 2556 2882 2622 dissolvuntur
2916 2566 3250 2611 venter‘cum
3277 2559 3435 2619 escis,
3464 2569 3519 2612 et
3544 2573 3684 2613 esca:
3712 2574 3837 2614 cum

2252 2659 2462 2713 ventre,
2484 2661 2701 2702 cursum
2725 2646 3010 2716 quemdam
3033 2648 3124 2717 qui
3140 2660 3430 2718 numquam
3458 2648 3638 2702 linitur
3664 2649 3838 2704 invol-

2253 2746 2462 2802 ventes,
2480 2752 2544 2791 ae
2569 2739 2616 2791 si
2641 2752 2673 2790 a
2695 2747 2952 2807 corrupto
2971 2752 3202 2806 corpore
3226 2749 3515 2793 nascantur
3534 2754 3762 2803 vermes,
3783 2749 3840 2793 ct

2252 2842 2438 2882 rursus
2459 2844 2491 2881 a
2509 2827 2780 2882 vermibus
2791 2843 2987 2896 corpus
2997 2839 3376 2891 consumatur;
3396 2830 3480 2883 vel
3491 2830 3840 2898 quemadmo-

2252 2920 2381 2973 dum
2409 2919 2454 2972 si
2475 2919 2669 2973 tinctus
2694 2919 2746 2971 in
2771 2932 3041 2972 summum
3060 2918 3303 2973 sublatus
3330 2918 3675 2983 dissolvatur,
3706 2920 3838 2972 nihil

2256 3009 2389 3067 ultra
2407 3007 2598 3064 efﬁcit.
2614 3007 2737 3062 Haec
2751 3022 2911 3077 porro
2923 3022 3029 3063 non
3041 3007 3109 3062 de
3120 3023 3244 3062 esca
3259 3017 3317 3063 et
3326 3007 3394 3062 de
3420 3024 3652 3076 ουηκιτε
3674 3008 3837 3073 dicit;

2254 3102 2347 3155 sed
2372 3102 2515 3171 gulae
2532 3101 2724 3156 vitium
2766 3110 2821 3154 et
2847 3102 3027 3155 cibum
3056 3100 3470 3156 immoderatum
3499 3101 3749 3167 traducit,
3782 3111 3845 3156 ut

2256 3193 2538 3262 sequentia
2560 3191 2852 3246 ostendunt
2880 3209 2895 3246 :
2918 3191 3191 3261 subiungit
3213 3192 3359 3246 enim
3384 3210 3399 3246 :
3430 3191 3570 3246 Deus
3586 3201 3757 3246 autem
3782 3204 3835 3247 et

2257 3287 2391 3339 hunc
2415 3292 2464 3338 et
2488 3285 2598 3337 hoc
2625 3283 2868 3337 destruet.
2896 3281 3013 3336 Non
3043 3322 3046 3324 ν
3056 3290 3303 3344 ventrem
3333 3282 3496 3345 dicit,
3524 3280 3619 3336 sed
3650 3282 3846 3336 immo-

2257 3374 2495 3429 deratam
2522 3373 3012 3439 concupiscentiam
3042 3388 3057 3424 :
3088 3387 3194 3425 non
3223 3385 3402 3425 escam
3428 3412 3444 3436 ,
3473 3370 3567 3424 sed
3596 3370 3841 3426 delicias.

2257 3462 2441 3531 Neque
2467 3462 2612 3515 enim
2639 3461 2783 3514 illam
2810 3476 2955 3529 aegre
2980 3460 3079 3515 fert
3100 3502 3119 3525 ,
3147 3459 3243 3514 sed
3293 3461 3361 3513 de
3404 3460 3506 3513 illis
3532 3461 3700 3529 legem
3727 3470 3845 3514 sta-

2261 3553 2361 3606 tuit
2381 3554 2460 3607 sic
2484 3553 2714 3622 loquens
2741 3570 2755 3605 :
2788 3552 3043 3606 Habentes
3072 3552 3319 3605 alimenta
3344 3562 3391 3605 et
3423 3562 3733 3621 tegumenta,
3763 3556 3847 3609 his

2256 3645 2478 3698 contenti
2514 3660 2689 3699 sumus
2720 3644 2797 3713 (ί.
2823 3643 2961 3697 Tim.
2988 3642 3044 3698 6.
3069 3644 3161 3714 8);
3193 3643 3287 3697 sed
3321 3643 3421 3696 hac
3466 3645 3676 3697 ratione
3727 3660 3846 3697 rem

2260 3736 2549 3805 improbat,
2575 3736 2699 3805 ejus
2721 3734 3161 3809 emendationem
3187 3744 3309 3803 post
3335 3734 3618 3789 consilium
3657 3734 3849 3786 datum

2259 3828 2487 3881 orationi
2541 3828 2879 3893 relinquens.
2925 3826 3155 3889 Quidam
3201 3838 3330 3876 vero
3374 3824 3592 3883 dicunt,
3640 3821 3849 3873 dictum

2261 3914 2391 3968 illud
2438 3930 2559 3967 esse
2608 3914 2977 3981 prophetiam,
3024 3927 3148 3981 quae
3197 3919 3395 3963 statum
3444 3910 3604 3964 futuri
3658 3910 3848 3964 saeculi

2259 4006 2519 4069 declarat,
2548 4005 2601 4059 in
2629 4019 2738 4073 quo
2764 4018 2870 4056 non
2900 4002 3037 4055 ultra
3062 3999 3470 4055 manducabitur
3495 3998 3849 4054 velabibetur.

2260 4096 2315 4152 Si
2341 4104 2523 4150 autem
2554 4094 2862 4149 moderatus
2878 4108 3005 4148 usus
3033 4092 3194 4147 linem
3224 4090 3461 4157 habebit,
3480 4089 3650 4145 multo
3675 4096 3851 4160 magis

2260 4192 2329 4245 ab
2369 4188 2723 4244 immoderato
2759 4184 3158 4242 abstinendum.
3195 4183 3396 4239 Deinde
3438 4198 3505 4238 ne
3547 4183 3665 4252 quis
3699 4194 3853 4252 putet

2263 4282 2736 4350 reprehensionem
2766 4278 2819 4333 id
2847 4293 2967 4333 esse
2995 4275 3238 4346 corporis
3257 4317 3273 4342 ,
3317 4291 3454 4329 neve
3481 4274 3610 4328 illud
3657 4275 3846 4343 suspi—

2261 4381 2435 4435 cetur,
2461 4371 2606 4438 quod
2634 4386 2827 4438 nempe
2854 4385 2883 4421 a
2912 4378 3064 4437 parte
3091 4376 3260 4421 totum
3288 4366 3657 4430 damnaverit,
3709 4382 3859 4419 neve

2263 4461 2405 4512 dirat
2449 4462 2692 4528 corporis
2720 4468 2963 4511 naturam
3008 4472 3225 4510 causam
3274 4473 3394 4511 esse
3436 4455 3852 4518 fornicationis;

2262 4551 2385 4603 audi
2412 4550 2688 4618 sequentia
2722 4567 2736 4600 :
2763 4548 2877 4599 Non
2900 4548 3040 4598 enim
3065 4547 3307 4612 corporis
3346 4557 3588 4599 naturam
3607 4588 3624 4612 ,
3649 4548 3858 4615 inquit,

2264 4654 2481 4704 accuso,
2509 4638 2604 4691 sed
2635 4637 3036 4690 immoderatam
3088 4636 3249 4687 animi
3275 4635 3616 4702 cupiditatem
3646 4654 3661 4689 :
3693 4637 3855 4689 ideo-

2264 4745 2369 4799 que
2414 4729 2596 4797 adjicit
2648 4746 2663 4779 :
2712 4727 2907 4795 Corpus
2959 4736 3125 4779 autent
3173 4741 3277 4776 non
3329 4724 3652 4792 fornicationi
3683 4765 3699 4788 ,
3758 4728 3865 4778 sed

2264 4822 2504 4876 Domino.
2528 4819 2643 4874 Non
2676 4819 2818 4873 enim
2848 4819 2968 4871 ideo
2995 4819 3279 4871 formatum
3327 4813 3422 4866 fuit
3452 4855 3467 4877 ,
3501 4822 3557 4867 ut
3601 4813 3745 4866 luxui
3805 4829 3867 4869 ei,

2263 4912 2603 4967 fornicationi
2659 4925 2879 4979 operam
2923 4908 3114 4970 daret,
3166 4915 3223 4958 ut
3254 4920 3425 4973 neque
3466 4912 3649 4957 venter
3674 4912 3733 4955 ut
3766 4904 3867 4954 in-

2260 5007 2579 5077 gurgiletur,
2608 5004 2705 5060 sed
2736 5012 2793 5056 ut
2826 5001 3098 5056 Christum
3128 5006 3285 5065 caput
3316 5007 3609 5067 sequatur,
3639 5005 3697 5050 et
3744 4994 3870 5049 Do-

2262 5089 2444 5151 minus
2474 5097 2784 5165 imponatur
2810 5090 3043 5160 corpori.
3076 5088 3460 5153 Revereamur,
3484 5090 3810 5142 hutreamus
3844 5127 3857 5147 ,

2262 5190 2404 5260 quod
2432 5199 2580 5244 tanto
2606 5190 2810 5243 honore
2839 5183 3041 5254 dignati
3068 5225 3083 5247 ,
3116 5191 3174 5235 ut
3204 5182 3343 5236 illius
3389 5198 3546 5253 supra
3592 5179 3860 5235 collocat:

2262 5281 2501 5333 membra
2528 5278 2847 5341 efﬁciamur,
2882 5284 2962 5328 tot
2989 5273 3145 5327 malis
3171 5289 3270 5328 nos
3311 5274 3683 5342 deturpeinus.
3711 5271 3859 5325 Cum

2260 5385 2390 5439 ergo
2416 5370 2696 5424 helluones
2722 5368 2855 5423 satis
2886 5364 3195 5433 carpsisset,
3223 5365 3519 5419 futurorum
3564 5362 3726 5417 etiam
3752 5376 3860 5431 spe

2263 5465 2330 5517 ah
2359 5464 2459 5516 hac
2490 5463 2725 5531 nequitia
2752 5458 2989 5521 abducit,
3019 5456 3204 5512 dicens
3232 5474 3246 5508 :
3280 5457 3366 5510 14.
3402 5456 3538 5511 Deus
3576 5465 3746 5507 autem
3809 5466 3861 5509 et

2264 5554 2540 5607 Dominum
2580 5553 2843 5611 suscitauit
2874 5592 2890 5617 ,
2933 5560 2980 5602 et
3035 5566 3126 5601 nos
3176 5547 3434 5603 suscitabit
3485 5562 3573 5616 per
3614 5545 3865 5599 uirtutem

2262 5662 2427 5699 suam.

2336 5732 2661 5789 S.‘Vidistin'
2694 5750 2902 5788 rursum
2936 5731 3251 5803 sapientiam
3296 5729 3689 5800 apostolicam?
3724 5743 3861 5781 nam
