4028 6208
495 313 591 366 ιιι
692 357 694 359 .

480 425 758 490 σκευάζει,
808 423 904 476 καὶ
937 424 1170 494 μάλιστα
1217 421 1333 476 νῦν.
1366 422 1430 477 Εἰ
1461 422 1572 492 γάρ
1609 423 1672 471 τὸ
1714 420 1872 491 σῶμα
1912 419 2068 490 ἡμῶν

480 510 640 581 μέλος
666 507 762 560 τοῦ
791 506 1048 579 Χριστοῦ,
1072 507 1273 576 ἀνέστη
1293 507 1349 559 δὲ
1371 509 1398 558 6
1424 504 1678 577 Χριστὸς,
1707 503 1881 556 καὶτὸ
1907 503 2068 573 σῶμα

475 596 697 654 πάντως
743 591 929 661 ἕψεται
959 595 1024 662 τῇ
1063 591 1294 661 κεφαλῇ.
1329 592 1430 644 Διά
1460 590 1571 656 τῆς
1605 587 1911 657 δυνάμεως
1957 589 2066 640 αὑ-

474 676 602 730 τοῦ.
637 674 855 744 Ἐπειδὴ
885 674 994 744 γάρ
1016 671 1138 728 εἷπε
1176 676 1409 744 πρᾶγμα
1442 673 1841 742 ἀπιστούμενον
1867 672 1958 724 καὶ
1979 671 2067 722 λο-

474 763 695 830 γισμοῖς
715 762 774 811 οὐ
801 759 1100 830 δυνάμενον
1125 759 1492 828 ὑπονοηθῆναι
1513 770 1563 823 δ,
1589 757 1667 827 τῷ
1701 755 2070 825 άκαταλήπτῳ

473 846 572 915 τῆς
619 845 902 906 δυνάμεως
953 841 1120 896 αὐτοῦ
1179 842 1541 912 παρεχώρησε
1588 841 1657 893 16
1695 841 1796 910 τῆς
1843 838 2069 893 ἀναστά-

477 947 616 991 σεως
653 929 748 983 τοῦ
796 925 1060 999 Χριστοῦ,
1099 926 1158 979 οὐ
1196 926 1398 996 μικρὰν
1439 929 1559 978 κατ’
1587 925 1764 978 αὐτῶν
1794 919 2069 986 ἀπόδειξιν

477 1016 572 1068 καὶ
603 1013 808 1082 ταύτην
839 1011 1235 1083 παρεχόμενος.
1286 1011 1395 1063 Καὶ
1434 1011 1527 1064 ἐπὶ
1567 1010 1666 1079 μὲν
1700 1008 1800 1078 τῆς
1836 1006 2071 1059 ἀναστά-

477 1093 617 1159 σεως
656 1097 750 1150 τοῦ
785 1094 1023 1167 Χριστοῦ
1054 1095 1114 1146 οὐ
1146 1094 1392 1146 τέθεικεν
1421 1092 1574 1145 αὐτόν
1608 1092 1728 1145 οὐδὲ
1758 1091 1864 1159 γάρ
1892 1085 2066 1150 εἶπεν,

486 1183 548 1233 '0
577 1181 630 1232 δὲ
665 1180 795 1241 Θεὸς
842 1179 935 1231 καὶ
977 1176 1068 1230 τὸν
1112 1176 1316 1246 Κύριον
1356 1176 1616 1246 ἐξεγερεῖ·
1647 1174 1805 1244 ἐξέϐη
1849 1171 1958 1241 γὰρ
2008 1171 2069 1223 16

475 1270 729 1334 πρᾶγμαν
780 1261 916 1314 ἀλλά
962 1259 1114 1322 πῶς;
1161 1261 1216 1310 '0
1255 1259 1324 1312 δὲ
1379 1259 1524 1322 Θεὸς
1563 1256 1658 1309 καὶ
1703 1255 1809 1307 τὸν
1851 1256 2070 1320 Κύριον

471 1347 689 1415 ἤγειρε·
743 1345 836 1398 καὶ
876 1345 974 1397 οὐκ
1028 1343 1198 1394 ἐδεῖτο
1256 1341 1616 1410 κατασκευῆς.
1658 1338 1807 1410 [147]
1858 1337 1982 1389 Ἐπὶ
2011 1337 2067 1389 δὲ

472 1432 571 1499 τῆς
606 1429 879 1500 ἡμετέρας
930 1425 1302 1486 ἀναστάσεως,
1337 1423 1524 1493 ἐπειδὴ
1566 1423 1778 1474 οὐδέπω
1822 1422 2065 1488 γέγονεν,

473 1515 572 1583 οὐχ
602 1513 777 1574 οῦτως
807 1507 982 1569 εἶπεν,
1009 1507 1146 1560 ἀλλά
1179 1507 1329 1572 πῶς;
1363 1506 1472 1561 Καὶ
1502 1504 1662 1574 ἡμᾶς
1689 1504 1953 1572 ἐξεγερεῖ
1972 1502 2069 1556 διὰ

477 1595 584 1661 τῆς
613 1595 925 1663 δυνάμεως
955 1591 1161 1646 αὑτοῦ·
1192 1593 1258 1660 τῇ
1284 1589 1598 1658 ἀξιοπιστίᾳ
1620 1589 1718 1657 τῆς
1743 1587 1836 1639 τοῦ
1860 1587 2070 1639 ποιοῦν-

473 1697 566 1742 τος
602 1678 782 1748 ίσχύος
812 1680 938 1740 τοὺς
968 1675 1357 1741 ἀντιλέγοντας
1382 1672 1772 1740 ἐπιστομίζων.
1813 1673 1875 1723 ΕΞ
1901 1672 1957 1724 δέ
1990 1671 2068 1740 τῷ

476 1764 654 1833 Πατρὶ⁹
690 1765 790 1832 τὴν
830 1764 1128 1814 ἀνάστασιν
1169 1758 1446 1825 λογίζεται
1479 1755 1573 1807 τοῦ
1607 1755 1866 1826 Χριστοῦ,
1904 1756 2068 1825 μηδέν

475 1866 535 1900 σε
567 1847 864 1918 θορυὸείτω
887 1844 1066 1897 τοῦτο.
1109 1842 1187 1896 Οὐ
1217 1841 1324 1910 γάρ
1357 1841 1431 1902 ὡς
1462 1838 1776 1900 ἀτονοῦντος
1804 1837 1901 1890 τοῦ
1935 1841 2066 1907 Χρι-

476 1932 628 1992 στοῦ,
655 1931 813 1983 τοῦτο
839 1928 1103 1982 τέθεικεν
1141 1925 1303 1987 αὐτὸς
1342 1923 1450 1992 γάρ
1481 1925 1629 1974 ἐστιν
1655 1922 1683 1971 6
1710 1921 1906 1987 λέγων·
1948 1922 2062 1974 Λύ-

472 2033 622 2069 σατε
673 2015 781 2067 τὸν
829 2012 981 2066 ναὸν
1022 2008 1264 2068 τοῦτον,
1309 2006 1403 2058 καί
1459 2005 1528 2055 ἑνν
1576 2005 1776 2069 τρισίν
1824 2005 2069 2070 ἡμέραις

473 2097 655 2167 ἑγῖρῶ
703 2096 909 2149 αὐτόν’
964 2093 1059 2145 καὶ
1106 2089 1290 2148 πάλιν,
1342 2087 1667 2150 Ἐξουσιαν
1709 2086 1830 2155 ἔχω
1884 2087 2069 2140 θεῖναι

472 2185 593 2249 τὴν
616 2179 830 2249 ψυχήν
852 2196 995 2248 μου,
1021 2175 1119 2229 καὶ
1155 2175 1448 2238 ἐξουσίαν
1488 2173 1605 2239 ἕχω
1637 2171 1824 2223 πάλιν
1860 2170 2070 2223 λαϐεῗν

472 2264 686 2328 αὐτήν·
719 2264 812 2314 καὶ
843 2265 871 2314 6
903 2262 1119 2322 Λουκᾶς
1145 2257 1199 2309 δὲ
1233 2259 1290 2308 ἐν
1318 2259 1435 2317 ταῖς
1475 2254 1713 2323 Πράξεσί
1754 2270 1935 2322 φησιν’
1967 2249 2069 2319 Οἷς

473 2347 574 2402 καί
603 2346 990 2414 παρέστησεν
1019 2342 1239 2394 ἑαυτὸν
1276 2338 1481 2398 ζῶντα.
1512 2338 1667 2399 Τίνος
1695 2332 1788 2389 οὖν
1821 2338 2009 2390 ἕνεκεν
2042 2340 2070 2389 6

475 2430 686 2491 Παῦλος
716 2428 858 2479 οῦτω
898 2424 1092 2493 φησίν;
1123 2424 1245 2475 Ὅτι
1275 2423 1368 2474 καὶ
1394 2421 1463 2472 τά
1491 2419 1586 2471 τοῦ
1617 2418 1746 2471 Υίοῦ
1785 2419 1863 2489 τῷ
1894 2420 2070 2487 Πατρὶ

475 2513 772 2580 λογίζεται,
815 2511 910 2561 καὶ
961 2506 1030 2559 16
1068 2505 1162 2557 τοῦ
1209 2503 1421 2574 Πατρδς
1465 2503 1544 2570 τῷ
1574 2501 1710 2571 Υίῷο
1749 2503 1816 2555 Ἃ
1851 2502 1959 2570 γάρ
1994 2502 2070 2554 ἂν

474 2595 706 2659 ἐκεῖνος
755 2591 921 2659 ποιῇ,
980 2590 1152 2659 φησίΓ
1188 2587 1374 2640 ταῦτα
1423 2586 1521 2659 κατι
1568 2588 1600 2637 ὁ
1663 2585 1795 2647 Υἱὸς
1853 2587 2069 2650 ὁμοίως

474 2678 650 2732 ποιεῖ.
687 2676 902 2747 Σφόδρα
928 2674 986 2728 δὲ
1019 2672 1291 2741 εὐκαίρως
1320 2669 1555 2721 ἐνταῦθα
1586 2668 1686 2736 τῆς
1719 2667 2069 2729 ἀναστάσεως

474 2764 768 2832 ἀνέμνησε,
814 2762 938 2820 ταῖς
982 2755 1195 2807 ἐλπίσιν
1243 2752 1480 2813 ἐκείναις
1539 2749 1922 2832 καταστέλλων
1970 2749 2069 2818 τῆς

474 2831 784 2915 ἀδηφαγίας
842 2839 941 2910 τὴν
998 2836 1307 2907 τυραννίδα,
1361 2835 1455 2887 καὶ
1521 2834 1806 2902 μονονουχὶ
1870 2831 2065 2899 λέγων’

477 2930 738 2997 Ἔφαγες·
797 2923 948 2986 ἐπιες
1009 2919 1255 2983 ἀσώτως,
1293 2920 1388 2971 καὶ
1435 2917 1488 2969 τί
1541 2916 1600 2969 τὸ
1639 2917 1848 2985 πέρας;
1894 2915 2071 2978 οὐδὲν,

474 3013 591 3068 ἀλλ’
642 3012 677 3081 ἢ
725 3008 904 3079 φθορά
947 3005 1127 3076 μόνον.
1163 3001 1535 3069 Συνεζεύχθης
1571 2998 1651 3067 τῷ
1692 2997 1936 3068 Χριστῷ,
1979 2997 2072 3049 καὶ

475 3097 526 3149 τί
558 3096 619 3148 τὸ
658 3094 867 3163 πέρας;
904 3091 1062 3155 Μέγα
1093 3088 1186 3140 καὶ
1211 3083 1525 3152 θαυμαστὸν
1558 3084 1590 3150 ἡ
1627 3081 1898 3150 μέλλουσα
1941 3081 2073 3133 ἀνά-

477 3194 686 3239 στασις,
733 3177 768 3247 η
823 3172 1030 3237 ἔνδοξος
1084 3169 1267 3236 ἐκείνη
1310 3169 1408 3218 καὶ
1441 3167 1619 3217 πάντα
1651 3164 2063 3234 ὑπερϐαίνουσα

476 3263 654 3331 λόγον.

549 3405 758 3476 Μηδεὶς
787 3403 968 3456 τοίνυν
997 3396 1349 3452 διαπιστείτω
1379 3399 1446 3466 τῇ
1476 3395 1791 3448 ἀναστάσει·
1826 3397 1874 3446 εί
1900 3393 1957 3446 δέ
1991 3411 2072 3457 τις

477 3491 724 3552 ἀπιστεῖ,
765 3484 1016 3539 ἐννοείτω
1064 3483 1204 3535 πόσα
1251 3479 1309 3544 ἐξ
1351 3479 1451 3530 οὐκ
1493 3479 1661 3530 ὄντων
1701 3476 1947 3546 ἐποίησε,
1979 3479 2072 3530 καὶ

477 3574 716 3645 δεχέσθω
745 3571 840 3624 καὶ
862 3568 989 3638 περὶ
1017 3565 1233 3633 ἐκείνης
1261 3559 1557 3623 ἀπόδειξιν.
1711 3560 1818 3632 γάρ
1847 3561 1945 3629 ἤδη
1980 3577 2073 3628 γε-

478 3643 682 3730 νόμενα
731 3651 1140 3725 παραδοξότερα
1180 3645 1380 3730 πολλῷ,
1435 3647 1527 3697 καὶ
1573 3643 1758 3714 θαῦμα
1792 3647 2072 3715 ἀμήχανον

480 3729 695 3812 ἔχοντα.
746 3738 947 3790 Σκόπει
981 3734 1070 3786 δέ·
1106 3731 1215 3812 ἦν
1247 3729 1427 3784 λαόὼν
1473 3729 1663 3800 ἕφυρε,
1689 3730 1788 3782 καὶ
1817 3731 2073 3812 ἐποίησεν

385 3848 388 3850 ·
481 3809 788 3895 ἄνθρωπον,
816 3821 922 3890 γῆν
954 3818 1053 3870 οὐκ
1081 3811 1247 3868 οὖσαν
1280 3814 1385 3884 πρὸ
1409 3812 1621 3866 τούτου.
1639 3812 1781 3895 ’Πῶς
1811 3809 1903 3866 οὖν
1942 3816 1974 3883 ἡ
2001 3813 2071 3882 γῆ

480 3891 706 3976 γέγονεν
729 3905 1016 3974 ἄνθρωπος
1041 3915 1057 3961 ;
1082 3898 1200 3960 πῶς
1221 3897 1278 3948 δὲ
1308 3895 1447 3965 αὐτη
1478 3896 1578 3948 οὐκ
1606 3891 1740 3946 οὖσα
1762 3898 2073 3965 παρήγετος

480 3988 600 4052 πῶς
629 3989 687 4040 δὲ
729 3987 800 4039 τά
824 3986 883 4050 ἐξ
915 3983 1086 4051 αὐτῆς
1116 3981 1352 4042 ἅπαντα,
1393 3979 1460 4031 τά
1488 3977 1596 4029 τῶν
1623 3977 1832 4046 ἀλόγων
1870 3979 2075 4047 ἄπειρα

481 4077 638 4142 γένη,
671 4072 739 4123 τά
764 4070 872 4122 τῶν
903 4067 1256 4136 σπερμάτων,
1279 4064 1349 4115 16
1379 4062 1488 4114 τῶν
1514 4060 1716 4130 φυτῶν,
1742 4062 1842 4115 οὐκ
1870 4063 2074 4114 ὠδίνων

485 4159 572 4212 ἐπ’
602 4155 826 4209 ἐκείνων
873 4148 1262 4222 ἡγησαμένων,
1306 4146 1403 4216 οὐχ
1435 4146 1607 4198 ὑετῶν
1641 4146 2073 4215 κατενεχθέντων

484 4242 578 4294 ἐπὶ⁵
622 4238 848 4300 τούτων,
873 4234 993 4304 οὐχὶ
1021 4231 1296 4302 γεωργίας
1331 4229 1614 4299 φανείσης,
1662 4231 1724 4281 οὐ
1766 4229 1922 4298 βοῶν,
1973 4230 2074 4281 οὐκ

389 4345 392 4348 ·
481 4324 736 4395 ἀρότρου,
762 4322 861 4372 οὐκ
890 4317 1051 4370 ἀλλου
1075 4314 1288 4374 οὐδενὸς
1322 4312 1699 4373 συντελοῦντος
1737 4313 1816 4372 είς
1852 4311 1951 4381 τὴν
1980 4313 2073 4378 γέ-

483 4393 630 4460 νεσιν
656 4405 863 4459 τούτων
891 4419 905 4467 ;
942 4399 1040 4451 Διά
1065 4397 1224 4449 τοῦτο
1255 4396 1362 4464 γάρ
1394 4397 1458 4447 ἐκ
1489 4396 1591 4462 γῆς
1618 4393 1825 4463 ἀψύχου
1855 4395 1946 4446 καὶ
1978 4399 2070 4446 ἀν-

484 4492 746 4561 αισθήτου
781 4483 1020 4539 τοσαῦτα
1049 4482 1106 4532 ἐν
1139 4481 1281 4550 ἀρχῇ
1312 4478 1445 4547 γένη
1489 4479 1582 4529 καὶ
1610 4477 1792 4544 φυτῶν
1831 4477 1922 4529 καὶ
1948 4478 2073 4529 ἀλό-

485 4593 596 4643 γων
624 4560 778 4637 ζώων
812 4569 1036 4637 ἀνῆκεν,
1077 4565 1164 4617 ἵνα
1206 4562 1411 4616 ἄνωθέν
1466 4577 1524 4611 σε
1557 4560 1822 4630 παιδεύσῃ
1855 4561 1946 4613 τὸν
1976 4561 2073 4630 τῆς

484 4655 833 4714 ἀναστάσεως
857 4650 1034 4716 λόγον.
1055 4647 1224 4699 Τοῦτο
1245 4648 1352 4716 γὰρ
1367 4645 1465 4714 τῆς
1488 4644 1834 4706 ἀναστάσεως
1858 4644 2050 4715 ἀπορώ

484 4757 663 4812 τερον.
695 4738 770 4791 Οὐ
818 4734 928 4804 γάρ
972 4734 1118 4784 ἐστιν
1147 4730 1260 4781 ἴσον
1283 4728 1582 4812 ,σϐεσθέντα
1620 4728 1821 4796 ἀνάψαι
1858 4719 2072 4798 λύχνον,

488 4811 583 4877 καὶ
615 4820 877 4893 μηδαμῶς
908 4815 1230 4886 φαινόμενον
1272 4811 1440 4874 δεῖξαι
1482 4813 1611 4880 πῦρ·
1642 4813 1742 4864 οὐκ
1783 4812 1929 4864 ἐστιν
1963 4813 2074 4864 ἴσον

487 4904 905 4974 κατενεχθεῖσαν
947 4899 1124 4953 οἰκίαν
1154 4895 1480 4964 ἀναστῆσαι,
1512 4895 1606 4947 καὶ
1647 4895 1780 4965 μηδὲ
1809 4897 1943 4958 ὅλως
1975 4898 2076 4963 ὐφ-

490 4989 736 5044 εστῶσαν
768 4985 1131 5057 παραγαγεῖν.
1179 4977 1443 5032 Ἐνταῦθα
1479 4979 1576 5048 μὲν
1609 4979 1738 5049 γάρ,
1764 4979 1811 5030 εἱ
1843 4981 1936 5031 καὶ
1973 4998 2075 5049 μη-

491 5075 578 5127 δὲν
616 5072 763 5135 ἄλλο,
796 5070 912 5122 ἀλλ’
941 5070 974 5138 ἡ
1009 5067 1107 5134 ῦλη
1139 5064 1413 5116 ὑπέκειτοο
1445 5064 1562 5115 ἐκεῖ
1601 5061 1655 5114 δὲ
1704 5062 1826 5115 οὐδὲ
1858 5065 1889 5133 ἡ
1920 5064 2074 5116 οὐσία

491 5156 763 5225 ἐφαίνετο.
816 5152 917 5206 Διά
946 5149 1104 5202 τοῦτο
1152 5146 1212 5199 τὸ
1256 5144 1656 5215 δυσκολώτερον
1701 5141 1840 5198 εἶναι
1888 5146 2074 5198 δοκοῦν

491 5238 717 5308 ἐποίησε
772 5237 1056 5306 πρότερον,
1106 5231 1191 5282 ’ίνα
1243 5231 1308 5280 ἐκ
1356 5228 1546 5281 τούτου
1600 5229 1660 5281 τὸ
1711 5230 2074 5300 εὐκολώτερον

492 5319 797 5393 παραδέξῃ.
854 5314 1264 5384 Δυσκολώτερον
1322 5311 1378 5363 δὲ
1425 5308 1600 5373 εἷπον,
1653 5315 1774 5383 οὐχὶ
1817 5314 1894 5385 τῷ
1933 5315 2073 5384 Θεῷ,

493 5408 631 5462 ἀλλά
659 5406 802 5458 κατά
830 5402 928 5471 τὴν
964 5399 1072 5452 τῶν
1101 5397 1382 5467 ἡμετέρων
1423 5394 1700 5465 λογισμῶν
1731 5399 2072 5452 ἀκολουθίανο

491 5489 612 5560 Θεῷ
661 5488 769 5559 γὰρ
814 5482 1072 5538 δύσκολον
1101 5479 1286 5532 οὐδέν·
1343 5477 1455 5529 ἀλλ’
1500 5477 1689 5550 ὥσπερ
1734 5482 2022 5553 ζωγράφος
2049 5484 2077 5534 6

499 5574 626 5642 μίαν
675 5569 846 5625 ποιῶν
887 5566 1090 5630 εἰκόνα,
1128 5561 1329 5633 μυρίας
1371 5561 1608 5625 εὐκόλως
1654 5565 1888 5635 ποιήσει,
1937 5565 2080 5618 οὕτω

496 5659 589 5708 καὶ
627 5654 745 5725 Θεῷ
776 5652 958 5726 ῥᾴδιον
1000 5647 1227 5721 μυρίους
1255 5645 1476 5716 ποιῆσαι
1514 5646 1751 5717 κόσμους
1797 5651 1888 5702 καὶ
1927 5649 2079 5703 ama-

556 5832 574 5854 '
592 5833 715 5897 Reg.
728 5827 1094 5894 ,ὐποδληθῆναπ

1246 307 1303 356 S.
1341 302 1632 357 JOANMS
1672 297 2163 357 CHIH’SOSTOMI
2207 302 2532 358 ARCIIIEP.
2580 305 3136 360 CONS’I'ANI‘I'NOP.

3655 306 3752 359 ΗΞ

2180 436 2327 489 ρους·
2369 422 2571 490 μᾶλλον
2599 421 2681 487 δὲ,
2722 417 2911 492 ὥσπερ
2944 421 3164 474 εῦκολον
3206 422 3454 492 ἐννοῆσαί
3493 438 3552 474 σε
3603 422 3757 474 πόλιν

2175 506 2268 555 καὶ
2315 506 2554 574 κόσμους
2604 507 2888 577 ἀπείρους,
2919 507 3062 560 οὕτω
3094 506 3316 577 ποιῆσαι
3359 504 3481 574 Θεῷ
3513 503 3756 566 εὗκολον,

2173 588 2373 656 μᾶλλον
2410 589 2467 640 δὲ
2498 589 2591 641 καὶ
2613 589 2806 643 τούτου
2842 591 3031 660 πολλῷ
3065 590 3227 643 πάλιν
3266 587 3646 656 εὐκολώτερον.
3683 588 3755 640 Σὺ

2173 671 2273 740 μὲν
2300 671 2413 741 γὰρ
2448 672 2548 724 κᾶν
2583 672 2788 744 βραχὺν
2817 675 3006 744 χρόνον
3029 671 3339 732 ἀναλίσκεις
3375 673 3432 723 ἐν
3458 674 3524 741 τῇ
3554 669 3756 740 ἐννοίαο

2169 757 2196 806 6
2217 755 2271 805 δὲ
2298 755 2428 816 Θεὸς
2449 756 2570 808 οὐδὲ
2601 756 2777 818 τοῦτο,
2809 757 2924 809 ἀλλ’
2949 759 3057 825 ὅσῳ
3086 756 3197 809 τῶν
3223 755 3564 823 κουφοτάτων
3588 753 3755 816 τινὸς,

2173 836 2320 908 [MS]
2355 838 2554 907 μᾶλλον
2573 839 2630 892 δὲ
2659 839 2754 892 καὶ
2777 839 2869 892 τοῦ
2902 841 2994 893 νοῦ
3021 839 3113 892 τοῦ
3135 839 3398 910 ἡμετέρου
3420 839 3469 890 οί
3497 838 3635 891 λίθοι
3662 835 3760 905 βα-

2172 927 2409 998 ρύτεροι,
2438 928 2679 1000 τοσούτῳ
2715 931 2747 982 6
2776 930 2900 994 νοῦς
2930 930 3087 1000 ἡμῶν
3116 930 3215 998 τῆς
3241 927 3540 998 ταχύτητος
3566 929 3669 998 τῆς
3700 931 3760 982 ἐν

2168 1010 2245 1079 τῷ
2278 1014 2449 1062 ποιεῖν
2476 1011 2918 1081 ἀπολιμπάνεται
2949 1010 3042 1066 τοῦ
3069 1011 3228 1065 Θεοῦ.
3279 1010 3626 1081 Ἐθαύμασας
3657 1012 3758 1064 αὐ-

2169 1094 2262 1146 τοῦ
2293 1095 2389 1165 τὴν
2419 1095 2648 1165 δύναμιν
2689 1096 2782 1148 ἐπί
2813 1097 2914 1165 τῆς
2957 1099 3090 1167 γῆς;
3131 1095 3414 1166 Ἐννόησον
3444 1094 3605 1147 πάλιν
3641 1093 3761 1154 πῶς

2169 1180 2197 1230 6
2246 1179 2470 1249 οὐρανὸς
2513 1181 2736 1248 γέγονεν
2785 1181 2886 1232 οὐκ
2915 1179 3014 1242 ὢν,
3044 1177 3162 1241 πῶς
3201 1178 3269 1231 16
3309 1181 3513 1248 ἄπειρα
3558 1177 3758 1246 ἀστρα,

2172 1261 2287 1322 πῶς
2331 1263 2358 1312 6
2403 1262 2576 1330 ἥλιος,
2613 1262 2730 1324 πῶς
2756 1264 2790 1332 ἡ
2833 1263 3052 1333 σελήνηο
3085 1263 3179 1314 καὶ
3224 1261 3401 1314 ταῦτα
3435 1261 3614 1314 πάντα
3659 1259 3761 1310 οὐκ

2169 1345 2319 1396 ὄντα.
2353 1345 2544 1410 Πάλιν,
2563 1347 2683 1398 είπέ
2712 1362 2823 1415 μοι,
2854 1346 2970 1407 πῶς
3015 1345 3155 1413 μετά
3176 1344 3237 1396 τὸ
3258 1343 3515 1411 γενέσθαι
3533 1342 3758 1411 ἐστηκε,

2171 1428 2265 1479 καὶ
2290 1427 2380 1479 ἐπὶ
2409 1427 2553 1490 τίνος
2579 1445 2595 1493 ;
2630 1428 2789 1480 ποίαν
2815 1427 3132 1498 ὐποὸάθραν
3155 1428 3290 1497 ἔχει,
3319 1429 3352 1497 ἡ
3385 1427 3459 1497 γῆ
3480 1427 3539 1480 δὲ
3566 1426 3758 1489 ποίαν;

2170 1511 2263 1562 καὶ
2287 1510 2337 1561 τί
2375 1510 2514 1578 μετὰ
2548 1512 2646 1581 τὴν
2669 1512 2771 1580 γῆν
2795 1528 2808 1575 ;
2835 1512 2931 1563 καὶ
2957 1512 3073 1580 μετ’
3096 1511 3276 1563 ἐκεῖνο
3308 1509 3475 1562 πάλιν
3513 1509 3576 1562 τὸ
3622 1510 3762 1578 μετά

2169 1593 2265 1662 τὴν
2288 1593 2413 1662 γῆν,
2441 1594 2522 1658 τίς
2552 1595 2716 1664 Ὀρᾷς
2739 1595 2818 1656 εἰς
2841 1595 3005 1646 πόσον
3032 1593 3270 1661 ἴλλιγγον
3295 1589 3552 1647 ἐκπίπτει
3579 1610 3671 1646 σου
3699 1592 3763 1644 τὸ

2169 1677 2270 1746 τῆς
2300 1678 2540 1740 διανοίας
2586 1679 2761 1748 ὄμμα,
2815 1678 2880 1729 ἀν
2934 1678 3008 1746 μὴ
3053 1679 3263 1748 ταχέως
3311 1679 3406 1732 ἐπὶ
3445 1677 3546 1748 τὴν
3578 1676 3762 1728 πίστιν

2171 1760 2528 1831 καταδράμῃς
2558 1762 2651 1812 καὶ
2678 1760 2775 1829 τὴν
2801 1760 3188 1827 ἀκατάληπτον
3215 1759 3444 1829 δύναμιν
3474 1759 3567 1812 τοῦ
3598 1760 3760 1830 ποιή-

2173 1860 2398 1909 σαντο;;
2433 1844 2495 1895 Εἰ
2526 1843 2586 1901 ,δὲ
2627 1842 2808 1912 βούλει
2839 1842 2932 1895 καὶ
2966 1842 3074 1895 ἀπὸ
3105 1841 3214 1894 τῶν
3252 1843 3607 1912 ἀνθρωπίνων
3643 1859 3761 1895 010-

2171 1925 2453 1995 χάζεσθαι,
2492 1925 2695 1996 δυνήσῃ
2747 1925 2889 1977 κατά
2946 1924 3142 1998 μικρὸν
3193 1925 3471 1995 πτερῶσαί
3520 1942 3615 1977 σου
3662 1925 3761 1994 τὴν

2168 2011 2430 2063 διάνοιαν.
2473 2010 2648 2062 Ποίων
2675 2008 3069 2078 ἀνθρωπίνων;
3112 2008 3300 2078 φησίν.
3339 2009 3450 2079 Ούχ
3477 2009 3610 2079 ὁρᾷς
3638 2011 3763 2071 τοὺς

2172 2094 2477 2163 κεραμέας,
2509 2092 2626 2154 πῶς
2654 2093 2715 2144 τὸ
2737 2090 3064 2145 διακλασθὲν
3085 2092 3179 2144 καὶ
3202 2092 3492 2160 γενόμενον
3515 2092 3763 2162 ἀμορφον

2169 2175 2550 2228 διαπλάττουσι
2591 2173 2819 2239 σκεῦος;
2849 2175 2975 2237 τοὺς
3002 2174 3101 2246 τὴν
3133 2175 3462 2246 μεταλλικὴν
3495 2176 3764 2244 χωνεύονο

2169 2277 2271 2322 τας
2313 2260 2437 2328 γῆν,
2478 2257 2595 2319 πῶς
2655 2257 2753 2328 τὴν
2805 2252 2908 2328 γῆν
2967 2257 3190 2328 χρυσίον
3235 2257 3616 2325 ἀποφαίνουσι,
3669 2257 3766 2308 καὶ

2173 2343 2390 2412 σίδηρον
2439 2342 2536 2394 καὶ
2562 2341 2800 2411 χαλκόν;
2842 2341 3002 2393 πάλιν
3034 2341 3254 2410 ἐτέρους
3273 2343 3400 2402 τοὺς
3436 2351 3456 2370 ⁵
3477 2340 3575 2411 τὴν
3608 2339 3765 2392 ῦελον

2172 2424 2600 2495 ἐργαζομένους,
2631 2422 2748 2484 πῶς
2773 2424 2872 2493 τὴν
2901 2423 3085 2493 ἀμμον
3125 2426 3206 2485 εἰς
3239 2425 3298 2474 ἓν
3341 2423 3499 2492 σῶμα
3540 2422 3766 2491 συνεχὲς

2171 2508 2273 2560 καὶ
2289 2507 2504 2572 διαυγὲς
2542 2505 3044 2575 μετασκευάζουσι;
3077 2506 3230 2558 Εἴπω
3254 2505 3379 2568 τοὺς
3407 2504 3761 2572 σκυτοδέψας,

2171 2592 2297 2652 τοὺς
2335 2589 2402 2642 16
2449 2589 2691 2659 ἀλουργά
2739 2588 3027 2658 ἐσθήματα
3065 2588 3392 2658 βάπτοντας,
3431 2588 3547 2650 πῶς
3576 2587 3767 2657 ἕτερον

2171 2672 2288 2725 ἀνθ’
2334 2672 2521 2742 ἐτέρου
2559 2673 2618 2724 16
2650 2670 2945 2742 δεξάμενον
2983 2671 3082 2741 τὴν
3115 2671 3295 2742 βαφὴν
3336 2669 3766 2739 ἀποφαίνουσιν;

2171 2757 2312 2808 εῐπω
2343 2757 2440 2825 τὴν
2467 2757 2723 2824 γέννησιν
2752 2755 2849 2824 τὴν
2877 2755 3194 2825 ἡμετέραν;
3234 2755 3295 2807 οὐ
3323 2755 3546 2825 σπέρμα
3585 2753 3764 2824 βραχύ

2173 2841 2388 2912 πρῶτον
2409 2841 2656 2910 ἄμορφον
2682 2840 2774 2892 καὶ
2796 2840 3083 2893 ἀτύπωτον
3103 2839 3314 2912 ’ἐνίεται
3339 2841 3418 2899 εἰς
3445 2841 3544 2908 τὴν
3573 2837 3766 2890 ὑποδε-

2171 2925 2409 2995 χομένην
2436 2926 2650 2993 μήτραν
2673 2925 2838 2986 αὐτός
2872 2921 3035 2974 πόθεν
3068 2905 3162 2975 οῦν
3189 2923 3221 2991 ἡ
3251 2921 3488 2990 τοσαύτη
3507 2921 3601 2973 τοῦ
3623 2920 3767 2984 ζώου

2171 3007 2494 3069 διάπλασις;
2531 3007 2597 3057 Τί
2637 3005 2693 3058 δὲ
2731 3008 2758 3058 6
2785 3008 2959 3069 0210;;
2989 3005 3050 3056 ού
3079 3005 3275 3066 κόκκος
3314 3005 3518 3074 γυμνὸς
3547 3006 3626 3066 είς
3663 3005 3766 3074 τὴν

2173 3094 2277 3162 γῆν
2315 3089 2713 3144 καταϐάλλεται
2741 3106 2755 3155 ;
2796 3089 2856 3141 οὐ
2895 3087 3123 3156 μετάτὸ
3153 3087 3561 3158 καταϐληθῆναι
3593 3088 3767 3158 σήπε-

2171 3193 2264 3228 ται
2292 3192 2308 3240 ;
2336 3173 2497 3226 πόθεν
2527 3173 2766 3243 ἄσταχυς
2798 3171 2892 3224 καὶ
2920 3170 3203 3239 ἀνθέρικες
3258 3171 3350 3223 καὶ
3399 3170 3622 3242 καλάμη
3668 3172 3768 3225 καὶ

2171 3259 2243 3312 τά
2280 3258 2418 3313 ἀλλα
2463 3258 2677 3320 πάντα;
2715 3256 2774 3307 οὐ
2815 3254 3040 3325 κεγχρὶς
3087 3254 3253 3306 σύκου
3298 3256 3471 3325 μικρά
3504 3253 3766 3318 πολλάκις

2173 3341 2492 3412 ἐμπεσοῦσα
2521 3343 2600 3402 είς
2625 3340 2750 3408 γῆν,
2788 3338 2888 3390 καὶ
2915 3337 3070 3407 ῥίζαν
3111 3338 3203 3390 καὶ
3232 3337 3462 3400 κλάδους
3488 3338 3584 3390 καὶ
3613 3354 3766 3407 καρ-

2175 3425 2276 3476 πὸν
2311 3426 2541 3494 ἡνεγκεν
2569 3439 2584 3486 ;
2618 3419 2748 3473 Εἶτα
2781 3420 2987 3472 τούτων
3019 3420 3117 3489 μὲν
3147 3420 3376 3472 ἕκαστον
3414 3418 3544 3490 δέχῃ
3578 3423 3673 3472 καὶ
3702 3422 3766 3473 οὐ

2176 3507 2537 3578 περιεργάζῃ,
2576 3507 2667 3556 τὸν
2709 3505 2766 3556 δὲ
2822 3503 2956 3554 Θεὸν
3003 3503 3163 3572 μόνον
3218 3505 3471 3564 ἀπαιτεῖς
3533 3503 3766 3567 εὐθύνας

2178 3590 2658 3662 μετασκευάςοντα
2688 3587 2847 3660 ημῶν
2871 3586 2932 3638 16
2966 3585 3159 3656 σῶμα;
3192 3587 3286 3638 καὶ
3316 3585 3418 3639 ποῦ
3442 3585 3617 3640 ταῦτα
3639 3587 3768 3653 ἀξια

2178 3676 2506 3746 συγγνώμης
2523 3693 2538 3740 ;

2247 3856 2316 3916 γ’.
2347 3847 2534 3900 Ταῦτα
2561 3843 2697 3914 πρὸς
2719 3842 2988 3917 Ἕλληνας
3013 3841 3262 3910 λέγωμεν
3288 3840 3378 3892 καὶ
3403 3840 3473 3891 τά
3510 3839 3755 3907 τοιαῦτα·

2177 3915 2313 4004 πρὸς
2341 3931 2450 4002 γὰρ
2478 3929 2604 3989 τοὺς
2633 3928 2756 3999 ταῖς
2782 3915 3026 3994 Ῑξραφαίς
3061 3923 3418 3992 πειθομένους
3451 3922 3569 3974 οὐδέ
3599 3921 3765 3990 λόγου

2180 4033 2270 4084 μοι
2311 4015 2412 4065 δεῖ.
2461 4013 2524 4063 Εί
2569 4012 2680 4080 γὰρ
2716 4008 2931 4077 μέλλοις
2981 4006 3444 4077 περιεργάζεσθαι
3489 4006 3665 4059 πάντα
3698 4009 3768 4060 τὰ

2177 4101 2416 4160 ἐκείνου,
2447 4097 2500 4147 τί
2537 4095 2700 4147 πλέον
2724 4092 2836 4156 ἔξει
2863 4093 2972 4145 τῶν
2999 4092 3304 4163 ἀνθρώπων
3335 4093 3363 4143 6
3394 4091 3560 4156 Θεόςς
3587 4091 3764 4142 καίτοι

2177 4204 2238 4254 γε
2273 4184 2367 4236 καὶ
2403 4180 2724 4249 ἀνθρώπους
2762 4179 2992 4242 πολλοὺς
3035 4180 3094 4232 οὐ
3149 4176 3651 4248 περιεργαζόμεθα.
3700 4178 3765 4228 Et

2176 4269 2228 4320 δὲ
2252 4269 2276 4307 b
2302 4267 2388 4319 ἐπ’
2421 4263 2725 4334 ἀνθρώπων
2752 4263 2909 4314 τοῦτο
2942 4261 3224 4332 ποιοῦμεν,
3255 4262 3349 4312 καὶ
3382 4260 3443 4312 οὐ
3475 4276 3765 4330 περιεργα-

2177 4350 2402 4420 ζόμεθα,
2426 4346 2607 4416 πολλῷ
2634 4342 2726 4398 οῦν
2753 4345 2951 4415 μᾶλλον
2979 4345 3077 4413 τὴν
3099 4343 3194 4396 τοῦ
3218 4343 3355 4396 Θεοῦ
3381 4343 3572 4410 σοφίαν
3600 4343 3764 4395 πολυ-

2177 4435 2515 4503 πραγμονεῖν
2548 4432 2607 4483 οὐ
2641 4430 2747 4500 χρὴ
2771 4429 2892 4482 οὐδὲ
2914 4427 3211 4496 λογισμοὺς
3239 4428 3514 4478 ἀπαιτεῑν’
3544 4425 3763 4496 πρῶτον

2181 4521 2278 4587 μὲν
2299 4558 2312 4579 ,
2346 4519 2426 4569 ὅτι
2459 4515 2773 4579 ἀξιόπιστος
2819 4516 2847 4566 6
2885 4510 3357 4580 ἀποφαινόμενος,
3391 4507 3644 4580 δεύτερον
3680 4510 3761 4574 δὲ,

2177 4604 2258 4654 ὃτι
2288 4603 2348 4654 οὐ
2380 4602 2595 4669 δέχεται
2639 4597 2916 4668 λογισμῶν
2959 4596 3184 4666 ἔρευναν
3217 4592 3285 4647 τά
3330 4593 3652 4663 πράγματα.
3686 4593 3760 4645 Οὐ

2178 4687 2286 4753 γὰρ
2332 4684 2475 4735 οὕτω
2523 4681 2735 4750 πτωχὸς
2769 4683 2796 4732 6
2845 4680 2997 4743 Θεὸς,
3030 4679 3106 4740 ὡς
3162 4675 3386 4729 τοιαῦτα
3431 4674 3762 4744 ἐργάξεσθαι

2182 4770 2340 4837 μόνα,
2391 4767 2426 4820 ἀ
2473 4770 2539 4836 τῇ
2578 4766 2686 4818 τῶν
2730 4764 3007 4838 λογισμῶν
3054 4760 3308 4831 ἀσθενείᾳ
3363 4759 3762 4830 περιληφθῆναι

2178 4851 2400 4904 δύναται
2423 4851 2529 4920 τῶν
2555 4850 2684 4903 σῶν.
2712 4850 2776 4903 Et
2801 4850 2910 4919 γάρ
2932 4847 3184 4906 τέκτονος
3211 4843 3371 4915 ἔργον
3399 4845 3458 4896 οὐ
3483 4844 3764 4911 καταλαμο

2181 4937 2388 4998 ϐάνεις,
2441 4933 2622 5005 πολλῷ
2669 4933 2871 5004 μᾶλλον
2911 4931 3007 4984 τοῦ
3037 4931 3422 4998 ἀριστοτέχνου
3464 4928 3623 4981 Θεοῦ.
3669 4928 3760 4997 Μὴ

2179 5023 2456 5072 ἀπιστεῖτε
2491 5019 2668 5070 τοίνυν
2709 5022 2780 5088 τῇ
2812 5015 3145 5070 ἀναστάσει·
3177 5014 3299 5065 ἐπεὶ
3333 5013 3510 5082 πολλῷ
3545 5014 3762 5082 μακρὰν

2179 5103 2278 5173 τῆς
2307 5102 2520 5164 ἐλπίδος
2547 5101 2737 5153 ἔσεσθε
2759 5101 2859 5169 τῆς
2892 5096 3214 5168 μελλούσης.
3251 5096 3410 5148 Ἀλλά
3432 5097 3484 5148 τί
3513 5096 3574 5147 τὸ
3601 5095 3763 5163 σοφὸν

2180 5186 2290 5238 τῶν
2330 5185 2750 5252 ἀντιλεγόντων,
2807 5182 3009 5253 μᾶλλον
3054 5180 3220 5233 δὲτὸ
3262 5180 3468 5250 σφόδρα
3500 5178 3760 5247 ἀνόητον;

2183 5279 2293 5332 Καὶ
2324 5277 2460 5344 πῶς,
2490 5279 2619 5330 ὅταν
2645 5274 2920 5346 ἀναμιχθῇ
2947 5273 3008 5325 τὸ
3043 5272 3204 5344 σῶμα
3226 5277 3290 5346 τῇ
3313 5276 3382 5345 γῇ
3415 5275 3508 5326 καὶ
3537 5272 3764 5338 γένηται

2181 5365 2273 5432 γῆ,
2324 5362 2417 5413 καὶ
2481 5359 2628 5432 [149]
2663 5359 2800 5428 αῦτη
2842 5357 3004 5410 πάλιν
3037 5358 3237 5430 ἑτέρως
3269 5356 3595 5428 μτενεχθῇ,
3628 5354 3760 5405 ἀνα-

2183 5447 2461 5514 στήσεται,
2498 5443 2664 5514 φησί;
2696 5443 2787 5495 Σοὶ
2810 5440 2970 5494 τοῦτο
3005 5441 3210 5513 ἄπορον
3237 5453 3261 5482 ο
3288 5437 3616 5496 εἶναιδοκεῖ,
3648 5433 3764 5489 ἀλλ’

2267 5645 2283 5666 ⁸
2319 5647 2384 5694 lla
2412 5647 2558 5707 κως..
2584 5647 2787 5706 optime.
2829 5643 2955 5694 ἰεῖόὶιὶ
3010 5659 3146 5701 vero.
3198 5631 3338 5690 πάλιν
3385 5641 3566 5707 ἑτέραν,
3613 5640 3760 5707 τηειρ.

2188 5707 2213 5744 δ
2245 5707 2328 5769 llic
2379 5702 2800 5769 τιιιειῖίιιιηίηηὶςδδ
2850 5709 2908 5754 δι’
2951 5710 3308 5769 ὁμοιοτελεντον
3350 5717 3410 5748 ex
3435 5702 3556 5769 ﬂcg.
3595 5703 3764 5769 θοάζω

2187 5765 2524 5833 ῐθξιίιυίιιίιῑιιτ.
2598 5773 2619 5800 ο
2649 5768 2795 5822 Εάιιὶ,
2819 5769 3175 5831 άπορον,ίῖες.,
3212 5768 3419 5826 ἀπειρον.
3447 5765 3664 5826 L'lraque
3690 5766 3769 5814 le-

2191 5832 2287 5877 (ιω
2311 5832 2496 5880 admitti
2523 5845 2666 5894 pusae
2690 5833 2902 5881 Πάριαι.
