4028 6208
522 270 547 287 <1

231 348 325 403 ιιι

230 466 337 520 ﬁde
364 463 575 534 dignam
616 456 1067 513 resurrectionem
1116 466 1237 509 esse
1278 468 1305 504 a
1338 450 1551 505 Christo
1598 465 1810 518 semper

234 556 443 625 probat,
469 555 701 607 maxime
731 564 857 603 vero
886 561 1044 600 nunc.
1070 543 1125 599 Si
1153 544 1296 598 enim
1326 558 1522 609 corpus
1570 551 1810 593 ucstrunt

233 648 537 701 membrum
596 653 678 698 est
725 641 958 703 Christi,
1001 638 1243 693 Christus
1294 651 1422 690 vero
1469 634 1809 693 resurrexit,

227 740 389 793 etiam
419 752 614 806 corpus
642 732 862 788 omnino
912 740 1070 798 caput
1114 738 1383 798 sequetur.
1422 727 1520 779 Per
1570 728 1808 780 virtutem

228 847 397 889 suam.
426 830 558 896 Quia
587 828 730 881 enim
762 842 873 877 rem
898 823 1053 888 dixit,
1083 836 1201 891 quae
1236 836 1340 873 non
1368 820 1603 873 creditur
1647 828 1697 871 et
1728 834 1811 871 ra-

230 922 463 976 tiociniis
489 919 686 990 percipi
734 934 839 971 non
868 926 1039 986 potest
1067 957 1084 980 ,
1108 917 1224 983 ejus
1256 914 1466 967 virtutis
1506 914 1811 980 incompre-

229 1012 575 1066 hcnsibilitati
606 1010 871 1063 concessit
900 1022 985 1072 ea,
1019 1022 1136 1074 quze
1154 1006 1812 1060 Christirewrrectionem

226 1111 493 1170 spectant,
515 1116 620 1156 non
647 1115 861 1170 parvam
890 1098 1012 1151 hinc
1033 1108 1219 1151 contra
1238 1095 1541 1149 incredulos
1569 1093 1818 1163 prarbens

225 1190 772 1245 démonstrationem.
799 1190 864 1243 Et
884 1189 934 1242 in
962 1186 1160 1241 Christi
1186 1184 1399 1255 quidem
1420 1186 1816 1253 resurrectione

228 1281 402 1350 ipsam
432 1296 538 1335 non
570 1281 789 1350 posuit:
824 1293 997 1348 neque
1022 1276 1165 1331 enim
1211 1276 1346 1330 dixit
1397 1292 1411 1328 :
1446 1275 1586 1329 Dens
1635 1286 1813 1327 autem

226 1374 395 1427 etiam
429 1373 713 1427 Dominum
741 1369 1018 1425 suscitabit
1046 1385 1061 1434 ;
1093 1382 1181 1423 res
1211 1368 1352 1421 enim
1396 1366 1509 1437 jam
1562 1367 1815 1435 contigit;

227 1465 326 1519 sed
351 1463 622 1535 quomodo
644 1465 665 1518 ἲ
691 1463 832 1518 Deus
852 1477 969 1516 vero
997 1470 1042 1515 et
1070 1460 1344 1513 Dominum
1382 1459 1645 1513 suscitavit
1670 1477 1689 1525 ;
1717 1475 1818 1513 nec

227 1571 370 1624 opus
418 1555 602 1609 habuit
661 1553 998 1622 probatione.
1043 1552 1120 1605 De
1174 1562 1352 1605 nostra
1400 1561 1578 1604 autent
1635 1566 1815 1605 resur—

228 1646 512 1709 rectione,
558 1645 680 1712 quia
726 1643 961 1698 nondum
1006 1641 1223 1703 evenit,
1257 1658 1363 1694 non
1397 1642 1466 1693 ita
1516 1641 1689 1705 dixit,
1723 1642 1817 1695 sed

230 1734 550 1804 quomodo?
584 1732 647 1785 Et
693 1750 784 1787 nos
831 1732 1091 1788 suscitabit
1122 1748 1211 1801 per
1253 1731 1485 1785 uirtutem
1522 1747 1711 1792 suam;
1753 1748 1818 1785 ex

230 1843 303 1881 eo
333 1827 477 1896 quod
508 1826 611 1880 ﬁde
650 1827 806 1895 digna
855 1826 924 1878 sit
949 1825 1069 1891 ejus
1110 1825 1199 1891 qui
1233 1826 1777 1897 suseitavitpotestas
1800 1865 1818 1889 ,

228 1933 296 1973 os
344 1917 631 1971 obstructis
683 1915 1197 1971 contradicentibus.
1227 1915 1283 1970 Si
1325 1925 1503 1969 autem
1536 1916 1677 1969 Patri
1723 1916 1819 1969 ad-

229 2009 423 2063 scribit
470 2007 667 2062 Christi
700 2010 1155 2062 resurrectionem
1184 2048 1197 2070 ,
1230 2007 1361 2060 nihil
1414 2017 1466 2061 te
1514 2009 1817 2061 conturbet.

230 2102 353 2157 Non
378 2102 517 2155 enim
549 2102 689 2169 quod
735 2100 983 2154 Christus
1014 2115 1121 2153 non
1168 2108 1392 2167 posset,
1448 2099 1550 2153 hoc
1598 2101 1772 2166 posuit
1807 2120 1820 2153 :

230 2194 351 2261 ipse
379 2206 607 2260 namque
654 2190 897 2245 Christus
933 2190 1066 2243 dixit
1104 2190 1337 2244 :Solvite
1362 2191 1604 2257 templum
1639 2191 1822 2253 Iwr,et

230 2284 288 2336 in
316 2282 474 2335 tribus
505 2281 677 2335 diebus
706 2281 934 2335 excitabo
966 2281 1111 2334 illud
1142 2280 1319 2349 (Joau.
1346 2280 1403 2333 2.
1440 2280 1531 2350 l9)
1557 2297 1571 2344 ;
1602 2292 1655 2334 et
1698 2298 1789 2335 rur

229 2388 362 2436 sus,
419 2370 722 2425 Potestatem
775 2372 933 2425 habeo
983 2372 1204 2441 ponendi
1249 2371 1477 2423 animam
1526 2389 1723 2434 meam,
1778 2380 1821 2424 et

232 2475 529 2533 potestatem
565 2467 720 2520 habeo
750 2468 932 2521 iterum
958 2467 1194 2521 sumendi
1216 2484 1325 2521 eam
1350 2467 1532 2537 (Joan.
1572 2470 1657 2522 l0.
1685 2470 1773 2538 18)
1802 2487 1816 2533 ;

232 2567 290 2611 et
343 2557 513 2610 Lucas
566 2557 619 2611 in
670 2557 893 2612 Actibus
944 2558 1052 2621 ait,
1090 2556 1285 2622 Quibus
1334 2559 1559 2612 exhibuit
1606 2561 1821 2627 seipsnm

233 2652 405 2700 uirum
428 2650 566 2717 (Act.
594 2650 646 2703 1.
674 2649 866 2718 ὅ).(]υι·
894 2664 1022 2719 ergo
1046 2650 1241 2703 Paulus
1266 2652 1344 2705 sic
1372 2652 1607 2720 loquitur
1626 2652 1651 2703 ?
1676 2653 1811 2717 Quia

232 2753 357 2805 qm:
400 2736 517 2789 Filii
546 2746 689 2801 sunt,
721 2737 864 2791 Patri
893 2738 1172 2803 adscribit,
1198 2748 1250 2791 et
1270 2754 1388 2805 qua:
1415 2739 1609 2797 Patris.
1643 2741 1777 2793 Filio
1808 2760 1822 2793 :

234 2842 361 2880 nam
393 2825 519 2892 Qua:
563 2827 649 2882 ille
694 2827 855 2893 facit,
899 2828 1101 2897 inquit,
1136 2838 1181 2881 et
1213 2826 1382 2880 Filius
1427 2828 1659 2882 similiter
1702 2820 1822 2898 facit

234 2918 294 2987 (J
303 2936 423 2971 oon.
449 2921 506 2974 5.
530 2919 639 2987 19).
665 2918 981 2990 Opportune
1008 2930 1185 2975 autem
1215 2919 1503 2974 admodum
1534 2921 1621 2975 hic
1646 2937 1821 2975 resur-

234 3009 533 3063 rectionem
564 3020 845 3076 tnetuorat,
876 3020 927 3065 et
953 3011 1041 3065 tali
1080 3026 1177 3080 spc
1204 3010 1343 3080 gula:
1373 3007 1706 3081 tyranni-Jour
1738 3027 1823 3066 re-

235 3102 506 3169 primens,
535 3110 589 3155 et
620 3109 824 3155 tantum
872 3118 977 3155 non
1026 3102 1213 3157 dicens
1245 3119 1257 3154 :
1288 3102 1578 3157 Comedisti
1599 3142 1613 3164 ,
1644 3101 1821 3157 bibisti

232 3195 357 3248 sine
392 3208 641 3247 mensura
667 3235 683 3259 ,
712 3205 765 3247 et
793 3195 913 3263 quis
958 3194 1059 3250 erit
1090 3194 1257 3249 ﬁnis?
1288 3195 1503 3259 nullus,
1552 3196 1653 3249 nisi
1702 3210 1825 3249 cor-

233 3287 415 3354 ruptio
444 3295 671 3340 tantum.
701 3286 1035 3356 Conjunctus
1064 3303 1124 3342 es
1173 3287 1394 3343 Christo
1414 3330 1429 3353 ,
1477 3296 1531 3344 et
1572 3289 1693 3358 quis
1720 3288 1824 3342 erit

234 3378 397 3431 ﬁnis?
426 3394 647 3447 magnus
691 3372 745 3433 et
789 3380 1049 3434 mirabilis
1068 3420 1083 3445 ,
1110 3379 1287 3435 futura
1344 3379 1671 3435 resurrectio
1702 3380 1823 3450 glo—

238 3468 379 3522 riosa
410 3471 518 3534 illa,
543 3484 844 3525 sermonem
874 3488 1090 3526 onmem
1119 3487 1407 3541 superans.
1769 3459 1772 3463 ’

315 3560 639 3614 Rexunectio
668 3563 845 3631 futura
874 3564 997 3632 prob
1016 3574 1134 3617 .tur.
1158 3593 1230 3603 —
1255 3563 1421 3617 Nemo
1448 3562 1625 3632 itaque
1646 3576 1825 3617 reSur-

238 3652 467 3706 rectioni
516 3651 674 3705 ﬁdem
716 3663 876 3723 neget
917 3656 1007 3708 :si
1053 3656 1173 3723 quis
1223 3662 1399 3709 autem
1443 3672 1547 3708 non
1600 3656 1821 3719 credat,

238 3742 438 3811 cogitet
464 3752 658 3810 quanta
688 3758 751 3795 ex
782 3742 950 3795 nihilo
980 3743 1330 3811 produxerit,
1358 3752 1413 3796 et
1457 3744 1579 3797 hinc
1626 3745 1693 3798 de
1737 3746 1823 3798 illa

238 3830 755 3886 demonstrationem
781 3833 1027 3903 accipiat.
1054 3832 1186 3887 Nam
1212 3849 1331 3903 qua:
1354 3833 1464 3902 jam
1495 3832 1631 3887 facta
1662 3845 1819 3901 sunt,

241 3924 411 3975 multo
451 3932 578 3977 sunt
604 3923 931 3995 mirabiliora
958 3964 973 3987 ,
1021 3932 1074 3977 et
1102 3924 1291 3994 ingens
1320 3924 1636 3978 miraculum
1670 3926 1825 3979 exhi-

237 4013 443 4066 bemia.
479 4012 858 4067 Animadverte
887 4024 1064 4067 autem
1097 4030 1109 4066 :
1137 4023 1335 4067 terram
1359 4013 1567 4082 accepit
1611 4022 1665 4067 et
1716 4015 1823 4067 mi-

244 4104 409 4167 scuit,
445 4104 822 4173 hominemque
851 4105 1013 4166 fecit;
1048 4114 1269 4171 terram,
1296 4106 1537 4174 inquam,
1572 4122 1691 4175 qua:
1721 4122 1825 4158 non

240 4209 397 4250 antea
451 4204 585 4249 erat.
630 4195 908 4263 Quomodo
955 4211 1084 4266 ergo
1130 4206 1269 4252 terra
1295 4197 1433 4251 facta
1485 4208 1568 4251 est
1618 4201 1826 4259 homo?

241 4289 519 4356 quonmdo
549 4289 661 4359 ipsa
692 4304 815 4343 eum
844 4303 951 4343 non
984 4296 1165 4354 esset,
1219 4288 1476 4359 producta
1507 4289 1648 4342 fuit?
1697 4307 1831 4360 quo-

248 4386 413 4440 modo
436 4400 557 4453 qua:
578 4400 641 4437 ex
667 4385 781 4451 ipsa
814 4384 949 4437 tiunt
969 4385 1174 4449 omnia,
1197 4385 1457 4437 immensa
1480 4399 1679 4452 genera
1702 4384 1833 4438 bru-

249 4487 454 4539 toruat,
476 4492 767 4537 seminum,
792 4476 1122 4544 plantarum,
1151 4477 1318 4529 nullis
1344 4484 1531 4545 partus
1552 4475 1832 4549 doloribus

250 4567 571 4637 praemissis,
603 4581 710 4622 non
758 4568 957 4637 pluviis
1002 4568 1054 4620 in
1090 4569 1178 4620 illa
1208 4568 1493 4630 demissis,
1524 4567 1670 4619 nulla
1708 4582 1830 4621 cum

250 4660 619 4731 agricultura,
674 4674 781 4713 non
829 4660 1025 4721 bobus,
1056 4667 1240 4711 aratro
1282 4659 1361 4711 vel
1407 4658 1513 4710 alio
1550 4658 1616 4709 ad
1650 4667 1831 4711 ortum

249 4748 466 4803 illorum
511 4749 874 4803 administro?
918 4749 1037 4801 Ideo
1076 4764 1219 4801 enim
1250 4764 1313 4801 ex
1343 4756 1485 4799 terra
1536 4747 1831 4803 inanimata

253 4843 305 4882 et
332 4830 629 4884 insensibili
658 4841 734 4885 tot
763 4832 813 4885 in
847 4832 1110 4902 principio
1157 4849 1357 4903 genera
1382 4843 1433 4887 et
1466 4835 1762 4902 plantarum
1784 4846 1836 4890 et

251 4923 534 4976 hrutorum
561 4922 873 4977 animalium
917 4933 1032 4979 orta
1063 4935 1206 4985 sunt,
1238 4935 1297 4978 ut
1332 4936 1381 4979 te
1420 4927 1531 4991 jam
1578 4925 1707 4979 olim
1752 4944 1839 4981 re-

251 5014 602 5077 surrectionis
660 5015 922 5070 rationem
986 5018 1226 5071 doceret.
1286 5016 1415 5070 lllud
1463 5017 1607 5071 enim
1659 5033 1839 5071 resur-

252 5107 496 5161 rectione
541 5108 771 5177 cogitatu
800 5108 1068 5162 difﬁcilius
1093 5117 1194 5163 est.
1220 5107 1334 5190 Non
1366 5109 1514 5177 paria
1539 5108 1682 5161 enim
1711 5120 1838 5163 sunt

249 5198 572 5251 exstinctam
617 5195 886 5253 lucernam
930 5200 1264 5264 accendere,
1294 5208 1349 5253 et
1392 5198 1627 5252 n0ndum
1668 5214 1837 5268 appa-

252 5296 464 5341 rentem
511 5288 685 5357 ignem
744 5289 1003 5345 exhibere
1049 5310 1062 5345 :
1108 5306 1212 5344 non
1258 5290 1404 5359 paria
1433 5298 1559 5342 sunt
1604 5288 1834 5345 dirutam

250 5377 472 5432 domum
500 5377 825 5435 remdiﬁcare
845 5422 860 5443 ,
890 5390 942 5435 et
972 5381 1123 5435 nullo
1152 5380 1310 5433 modo
1338 5380 1685 5432 exsistentem
1715 5394 1838 5448 pro-

253 5469 473 5531 ducere.
505 5466 602 5520 Hic
627 5468 802 5533 enim,
854 5469 957 5524 etsi
1002 5470 1135 5525 nihil
1166 5469 1307 5523 aliud
1327 5510 1340 5533 ,
1384 5476 1440 5521 at
1469 5467 1687 5521 materia
1716 5471 1840 5523 sub-

250 5558 392 5629 jecta
418 5567 576 5612 erat:
603 5556 714 5612 illic
742 5570 873 5611 vero
922 5573 990 5612 ne
1020 5560 1317 5613 substantia
1361 5557 1576 5626 quidem
1616 5575 1840 5628 appare-

251 5649 368 5703 bat.
400 5650 632 5723 ldeoque
672 5648 813 5721 quod
844 5646 1115 5703 difﬁcilius
1164 5664 1285 5704 esse
1321 5647 1635 5713 videbatur,
1669 5650 1839 5717 primo

255 5738 402 5809 fecit,
436 5752 491 5798 ut
532 5759 597 5801 ex
640 5742 740 5800 hoc
766 5740 906 5815 quod
933 5741 1138 5797 facilius
1163 5748 1279 5797 erat
1321 5739 1649 5796 admitteres.
1684 5741 1829 5798 Diﬂi-

1258 336 1320 389 IN
1361 335 1577 391 EPIST.
1622 336 1639 389 1
1706 334 1799 392 AD
1832 337 1995 394 (ΞΟΠ.
2037 337 2265 394 HOMIL.
2306 338 2468 393 XVII.

3401 338 3503 391 ΗΞ

1919 454 2075 505 cilius
2104 463 2287 508 autem
2310 455 2422 509 dixi
2449 497 2469 521 ,
2515 472 2619 510 non
2654 455 2785 523 Deo,
2824 456 2917 513 sed
2944 464 3237 513 secundm“
3278 458 3493 511 ratioci-

1920 543 2127 595 nierum
2182 555 2484 599 nostrorum
2547 549 2985 617 consequentiam
3037 567 3050 603 :
3105 548 3216 604 Deo
3266 563 3498 617 namque

1918 635 2137 689 difﬁcile
2184 638 2311 690 nihil
2342 650 2457 703 est;
2506 639 2599 692 sed
2644 628 3092 707 quemadmodum
3151 640 3355 709 pictor,
3402 640 3498 709 qui

1920 741 2079 779 unam
2122 726 2246 781 facit
2289 729 2573 795 imaginem
2603 769 2621 795 ,
2650 729 2956 785 innumeras
2979 729 3135 784 facile
3177 728 3376 785 faciet:
3409 731 3491 784 sie

1918 828 1972 871 et
1997 819 2104 871 Deo
2126 818 2343 873 facilius
2370 820 2489 884 fuit,
2519 820 2829 875 innumeros
2868 820 3043 875 facere
3080 820 3312 875 mundos
3336 829 3502 889 θυμω

1920 908 2155 961 inﬁnitos
2188 927 2202 963 :
2234 910 2339 963 imo
2388 912 2599 979 potius,
2660 921 2718 965 ut
2771 911 2925 966 facile
2955 910 3045 965 tibi
3091 921 3173 966 est
3216 912 3399 964 urbem
3445 920 3505 965 et

1921 999 2155 1054 inﬁnitos
2207 1002 2443 1068 cogitare
2488 1002 2753 1067 mundos,
2808 1003 2877 1056 ita
2934 1003 3044 1056 Deo
3095 1003 3215 1057 illos
3268 1002 3502 1055 condere

1922 1090 2073 1145 facile
2098 1085 2199 1154 est,
2233 1092 2339 1145 imo
2368 1094 2527 1162 longe
2549 1092 2777 1149 facilius.
2810 1094 2889 1149 Tu
2916 1095 3060 1149 enim
3092 1110 3281 1164 parum
3309 1094 3499 1148 saltem

1922 1183 2180 1251 temporis
2201 1182 2253 1237 in
2284 1183 2385 1237 hac
2413 1185 2737 1253 cogitatione
2766 1186 3027 1250 insumis;
3059 1186 3199 1239 Dens
3244 1200 3371 1239 vero
3395 1200 3502 1239 non

1922 1274 2046 1327 item
2074 1292 2085 1326 :
2119 1290 2240 1327 nam
2261 1286 2462 1346 quanto
2497 1292 2555 1331 re
2593 1276 2824 1345 quadam
2873 1277 3140 1332 levissima
3162 1319 3176 1340 ,
3202 1278 3310 1331 imo
3340 1277 3503 1330 etiam

1923 1374 2103 1419 mente
2129 1378 2310 1420 nostra
2336 1409 2351 1432 ,
2383 1368 2657 1437 graviores
2684 1368 2890 1437 lapides
2934 1379 3059 1425 sunt
3083 1385 3099 1433 ;
3134 1379 3281 1423 tanto
3308 1370 3504 1423 mentis

1923 1470 2120 1514 nostra:
2149 1460 2397 1537 celeritas
2422 1476 2451 1514 a
2485 1462 2596 1517 Deo
2626 1462 2676 1515 in
2704 1463 2939 1516 creando
2984 1472 3285 1529 superatur.
3313 1462 3500 1515 Admi—

1924 1560 2070 1604 ratus
2120 1565 2178 1605 es
2230 1551 2346 1621 ejus
2397 1551 2451 1604 in
2507 1562 2647 1606 terra
2704 1551 2997 1626 virtutem?
3045 1552 3228 1621 Cogita
3280 1567 3495 1605 rursum

1923 1640 2193 1708 quomodo
2228 1642 2415 1695 caelum
2446 1642 2641 1697 factum
2670 1645 2737 1697 sit
2763 1658 2885 1697 cum
2909 1658 3015 1696 non
3038 1651 3203 1705 esset,
3235 1642 3506 1711 quomodo

1924 1732 2093 1785 stellae
2118 1732 2533 1788 innumerabiles
2553 1773 2567 1793 ,
2598 1733 2870 1802 quomodo
2893 1735 2970 1787 sol
2994 1776 3009 1799 ,
3037 1733 3308 1804 quomodo
3337 1735 3461 1787 luna
3491 1751 3504 1795 ;

1924 1833 1979 1877 et
2019 1822 2135 1876 inec
2178 1823 2353 1876 omnia
2376 1863 2391 1889 ,
2439 1839 2563 1878 cum
2606 1839 2709 1877 non
2737 1833 2895 1877 antea
2925 1835 3128 1878 essent.
3150 1823 3388 1885 Rursus,
3421 1823 3510 1877 dic

1925 1914 2077 1973 mihi,
2109 1913 2378 1982 quomodo
2410 1922 2688 1983 poStquam
2718 1912 2854 1968 facta
2901 1923 3025 1967 sunt
3064 1922 3336 1968 steterunt
3363 1922 3418 1967 et
3454 1915 3506 1966 in

1926 2005 2071 2073 quo?
2117 2004 2255 2073 quod
2291 2004 2489 2058 habeot
2528 2005 2791 2069 fulcrum,
2840 2004 3108 2074 quodnam
3152 2004 3337 2057 terra?
3379 2005 3507 2073 quid

1928 2106 2045 2165 post
2075 2097 2314 2149 terram?
2345 2105 2398 2149 et
2424 2106 2545 2165 post
2570 2096 2699 2150 illud
2730 2111 2940 2148 rursum
2986 2094 3127 2165 quod
3164 2104 3282 2163 post
3311 2106 3505 2147 terram

1926 2198 2040 2248 est,
2095 2185 2265 2253 quid?
2317 2185 2479 2238 Vides
2526 2186 2583 2238 in
2633 2184 3251 2254 quantamvertiginem
3296 2184 3511 2238 decidat

1930 2279 2124 2329 mentis
2153 2286 2255 2328 tua:
2282 2277 2491 2339 oculus,
2526 2275 2627 2330 nisi
2658 2276 2836 2328 statim
2873 2275 2938 2329 ad
2975 2275 3135 2329 ﬁdem
3181 2290 3431 2329 accurras
3458 2285 3511 2328 et

1926 2368 1989 2426 ad
2021 2368 2615 2436 incomprehensibiletn
2648 2369 2921 2439 operantis
2965 2369 3215 2425 virtutem
3241 2370 3263 2420 ?
3291 2366 3345 2423 Si
3380 2367 3511 2421 velis

1928 2470 2101 2514 autem
2134 2461 2292 2513 etiam
2321 2476 2387 2514 ex
2421 2460 2675 2513 humanis
2703 2460 3066 2529 conjecturam
3098 2459 3300 2526 facere,
3324 2460 3515 2529 paula-

1929 2553 2021 2604 tim
2069 2552 2266 2620 poteris
2317 2562 2548 2604 mentem
2603 2560 2745 2603 tuam
2798 2566 2897 2605 ceu
2946 2551 3045 2604 alis
3090 2551 3376 2605 instruere.
3427 2550 3507 2603 Ex

1927 2646 2139 2714 quibus,
2174 2644 2401 2711 inquies,
2452 2643 2739 2697 humanis?
2766 2643 2880 2696 Non
2930 2643 3081 2696 rides
3122 2643 3333 2711 ﬁgulus,
3375 2658 3511 2710 quo.

1930 2738 2088 2789 modo
2116 2737 2336 2792 fractum
2386 2745 2440 2787 et
2490 2736 2606 2788 sine
2630 2733 2799 2787 forma
2834 2733 3030 2787 factum
3084 2748 3177 2785 vas
3209 2732 3510 2799 efﬁngunt?

1927 2843 2024 2881 eos
2062 2828 2148 2895 qui
2184 2828 2500 2879 metallicam
2531 2839 2726 2880 terram
2757 2826 2982 2893 fodiunt,
3015 2826 3282 2895 quomodo
3310 2834 3503 2879 terram

1928 2934 2115 2972 aurum
2162 2933 2279 2971 eSse
2326 2926 2663 2982 monstrent,
2687 2927 2737 2971 et
2786 2920 2981 2972 ferrum
3010 2928 3171 2988 atque
3211 2934 3286 2971 ars
3326 2934 3510 2971 rursus

1926 3011 2083 3063 alia?
2135 3009 2224 3078 qui
2269 3009 2463 3061 vitrum
2510 3009 2834 3071 conﬁciunt,
2884 3010 3154 3077 quomodo
3196 3026 3414 3063 arenam
3456 3009 3509 3063 in

1926 3115 2125 3169 corpus
2148 3099 2377 3154 solidum
2407 3109 2461 3153 et
2477 3099 2796 3168 pellucidum
2821 3099 3235 3154 transformeut?
3257 3100 3511 3154 Dieamne

1926 3195 2205 3257 coriarios,
2238 3209 2331 3247 eos
2361 3194 2447 3263 qui
2480 3208 2745 3261 purpurea
2778 3194 3089 3248 vestimenta
3113 3195 3351 3263 tingunt,
3374 3209 3510 3261 quo-

1928 3288 2088 3343 modo
2128 3285 2257 3339 illud
2302 3285 2443 3355 quod
2497 3286 2781 3339 tincturam
2835 3288 3045 3356 excepit
3076 3286 3218 3339 aliud
3270 3302 3367 3355 pro
3404 3286 3511 3340 alio

1929 3379 2237 3433 monstret?
2295 3378 2539 3431 dicamne
2578 3379 2974 3446 generationem
3022 3379 3302 3431 nostram?
3334 3394 3510 3432 nonne

1929 3470 2195 3524 tnodicum
2237 3484 2424 3524 semen
2454 3468 2685 3523 informe
2729 3478 2783 3522 et
2819 3468 2938 3523 sine
2965 3469 3130 3537 ﬁgura
3159 3470 3209 3522 in
3238 3468 3508 3535 excipien-

1930 3573 2036 3614 tcm
2090 3561 2297 3613 \'ul\‘alll
2354 3560 2689 3629 ingreditur?
2718 3559 2858 3615 unde
2904 3576 3035 3630 ergo
3082 3569 3224 3615 tanta
3264 3561 3510 3614 animalis

1929 3652 2269 3708 etformatio?
2298 3651 2433 3717 Quid
2479 3666 2608 3705 vero
2654 3650 3023 3706 frumentum?
3072 3666 3249 3705 nonne
3286 3666 3507 3719 granum

1931 3744 2129 3795 nudum
2151 3743 2200 3793 in
2235 3751 2429 3793 terram
2454 3740 2917 3807 injicitur?noune
2948 3752 3223 3811 postquam
3254 3742 3506 3811 injectum

1931 3844 2013 3887 est
2067 3833 2363 3902 putrescit?
2415 3832 2555 3887 unde
2612 3833 2806 3902 spicae.
2887 3833 3064 3886 arista:
3108 3873 3123 3896 ,
3204 3834 3394 3888 calami
3458 3845 3513 3888 et

1930 3935 2124 3979 ca:lera
2153 3924 2328 3976 omnia
2353 3922 2375 3976 ?
2404 3938 2581 3977 nonne
2612 3940 2831 3991 parvum
2861 3923 2945 3977 ﬁci
2997 3926 3221 3996 granum
3275 3930 3419 3993 saepe
3456 3927 3508 3979 in

1934 4029 2129 4072 terram
2156 4017 2373 4079 cadens,
2406 4025 2461 4069 et
2489 4016 2720 4070 radicem
2743 4026 2797 4069 et
2826 4006 3001 4071 ramos
3029 4026 3089 4073 et
3108 4016 3334 4073 .‘ructunt
3361 4016 3512 4069 tulit?

1933 4111 2075 4165 Sane
2137 4110 2554 4179 unumquodque
2619 4109 2806 4162 horum
2856 4110 3094 4163 admittis
3149 4125 3249 4164 nec
3300 4110 3512 4163 curiose

1936 4201 2183 4269 inquiris,
2235 4217 2261 4251 a
2315 4202 2423 4253 lico
2451 4210 2629 4253 autem
2677 4200 2792 4253 solo
2841 4210 3080 4254 nostrum
3117 4216 3307 4268 corpus
3339 4210 3513 4254 trans-

1946 4292 2214 4345 formantc
2265 4290 2500 4344 rationes
2544 4290 2749 4361 exigis?
2794 4300 2848 4344 et
2897 4291 3166 4359 quomodo
3215 4291 3328 4345 haec
3362 4292 3512 4344 venia

1934 4384 2095 4455 digna
2126 4382 2367 4437 fuerint?

2006 4475 2059 4528 3.
2100 4474 2223 4527 Haec
2252 4482 2308 4527 et
2339 4473 2457 4525 talia
2485 4472 2685 4528 Grtrcis
2723 4472 2961 4527 dicamus
2993 4490 3005 4525 :
3046 4489 3166 4527 nam
3203 4472 3339 4550 apud
3382 4488 3473 4527 COS
3502 4509 3513 4529 ι

1935 4565 2024 4634 qtti
2052 4565 2339 4632 Scripturis
2362 4565 2747 4632 obsequuntur,
2778 4581 2841 4616 ne
2866 4579 3113 4618 sermone
3142 4563 3358 4632 quidem
3382 4579 3518 4632 Opus

1937 4666 2021 4709 est
2044 4655 2194 4709 mihi.
2240 4655 2297 4709 Si
2325 4656 2465 4707 enim
2497 4655 2637 4707 illius
2664 4655 2840 4706 omnia
2870 4656 3081 4708 curiose
3111 4655 3335 4709 scrutari
3364 4655 3518 4719 velis,

1938 4746 2062 4816 quid
2100 4746 2214 4813 plus
2256 4746 2470 4799 habebit
2506 4746 2643 4799 Dens
2682 4760 2839 4813 quam
2886 4745 3172 4799 homines?
3198 4761 3519 4816 quamquam

1942 4854 2040 4891 nec
2066 4838 2131 4889 de
2153 4838 2332 4891 multis
2354 4838 2565 4906 quidem
2584 4837 2885 4891 hominibus
2911 4840 3120 4893 curiose
3146 4839 3518 4908 perquirimus.

1939 4927 2089 4995 Quod
2121 4927 2163 4979 si
2190 4928 2240 4979 in
2271 4927 2572 5003 hominibus
2596 4929 2695 4981 hoc
2715 4928 2955 4989 facimus,
2984 4944 3083 4981 nec
3111 4930 3321 4982 curiose
3350 4931 3527 4998 inqui-

1942 5020 2143 5081 rimus;
2175 5020 2338 5071 multo
2367 5021 2543 5072 minus
2576 5019 2665 5073 Dei
2695 5020 3011 5086 sapientiam
3042 5016 3267 5074 scrutari
3284 5031 3524 5090 oportet,

1939 5110 2022 5161 vel
2055 5109 2287 5163 rationes
2310 5109 2376 5160 ab
2404 5110 2489 5162 illa
2513 5122 2781 5177 expetere.
2809 5111 2988 5164 Primo
3011 5112 3246 5180 quidem,
3271 5113 3393 5181 quia
3422 5112 3525 5165 ﬁde

1941 5199 2132 5268 dignus
2167 5208 2249 5256 est
2297 5201 2342 5253 is
2388 5201 2475 5269 qui
2523 5203 2913 5269 pronuntiavit;
2961 5203 3231 5269 secundo,
3283 5206 3404 5273 quia
3438 5219 3523 5257 res

1944 5291 2073 5358 ipsa:
2112 5292 2513 5345 ratiociniorum
2553 5296 3029 5361 perscrutationem
3072 5311 3175 5349 non
3219 5294 3524 5349 admittunt.

1943 5381 2057 5435 Non
2089 5383 2232 5435 enim
2261 5382 2396 5436 adeo
2423 5398 2620 5451 egenus
2642 5394 2721 5436 est
2761 5385 2927 5446 Deus,
2959 5395 3013 5438 ut
3042 5403 3101 5439 ea
3136 5388 3305 5441 solum
3337 5400 3526 5453 opere-

1948 5483 2050 5538 tur,
2091 5488 2210 5539 quze
2244 5474 2645 5527 ratiociniorum
2678 5486 2886 5529 tuorum
2920 5480 3279 5534 imbecillitate
3309 5490 3534 5547 p0ssunt

1945 5565 2345 5635 comprehendi.
2376 5568 2431 5621 Si
2461 5567 2603 5622 enim
2636 5568 2768 5623 fabri
2798 5586 2933 5641 opus
2961 5589 3066 5627 non
3095 5573 3521 5640 comprehendis,

1947 5656 2115 5711 multo
2139 5657 2312 5711 minus
2336 5658 2425 5711 Dei
2450 5661 2877 5728 praestantissimi
2901 5664 3136 5716 artificis.
3167 5663 3243 5717 Nc
3265 5665 3422 5717 ﬁdem
3447 5682 3533 5719 er-

1949 5765 2016 5820 go
2062 5749 2266 5821 negetis
2291 5751 2662 5807 resurrectioni
2695 5772 2706 5807 :
2739 5770 2859 5809 nam
2892 5770 2917 5809 a
2942 5770 3036 5826 spe
3062 5753 3363 5813 futurorum
3383 5758 3536 5826 longe
