4028 6208
560 252 670 307 ιιδ

561 369 805 422 aberitis.
832 368 938 423 Sed
964 384 1206 438 quaenam
1242 378 1325 423 est
1351 368 1613 438 sapientia
1639 364 2144 427 contradicentium,

562 457 674 512 imo
694 458 882 529 ingens
903 460 1125 514 stultitia
1145 461 1170 512 ?
1197 459 1263 514 Et
1289 460 1586 530 quomodo,
1621 457 1872 528 inquiunt
1891 497 1906 520 ,
1934 453 2148 525 quando

560 561 758 617 corpus
785 557 942 603 terra:
972 550 1324 605 commixtum
1350 558 1438 603 est
1461 558 1517 605 et
1544 550 1741 604 factum
1767 555 1851 603 est
1875 558 2014 607 terra
2033 586 2050 611 ,
2091 553 2147 599 et

555 639 682 695 hac
711 655 925 696 rursum
963 643 1071 696 alio
1096 644 1355 697 translata
1376 641 1573 707 fuerit,
1599 649 1842 711 resurget
1868 650 2047 694 tamen
2077 637 2145 691 il-

558 729 695 784 lud?
726 730 839 787 lloc
863 731 958 787 tibi
983 733 1207 788 dubium
1232 734 1443 788 videtur
1469 746 1624 799 esse,
1654 731 1751 787 sed
1780 746 1887 785 non
1914 730 2143 784 insomni

550 818 633 873 Illi
659 822 819 875 oculo
863 840 879 877 :
920 823 1027 892 ipsi
1068 824 1214 878 enim
1253 822 1533 878 manifesta
1569 822 1746 877 omnia
1792 831 1936 875 sunt.
1985 820 2049 873 Et
2089 829 2144 872 tu

553 913 772 983 quidem
797 928 905 970 non
934 916 1085 971 vides
1117 915 1436 971 divisionem
1454 933 1576 987 quas
1599 925 1683 971 est
1709 916 1763 970 in
1788 914 2141 978 confusione;

555 1004 651 1059 ille
673 1018 802 1059 vero
829 1006 1006 1059 omnia
1034 1006 1219 1061 novit:
1249 1006 1679 1076 quandoquidem
1726 1015 1780 1060 tu
1813 1005 2028 1074 ignoras
2053 1002 2143 1057 illa

552 1110 676 1163 qua
726 1096 777 1149 in
802 1095 965 1151 corde
992 1098 1220 1166 proximi
1259 1106 1418 1158 sunt;
1451 1097 1540 1151 ille
1584 1110 1714 1150 vero
1755 1097 1933 1149 omnia
1971 1093 2139 1148 novit.

556 1185 614 1239 Si
644 1201 793 1256 ergo,
820 1188 943 1256 quia
973 1188 1190 1258 ignoras
1219 1188 1493 1258 quomodo
1512 1188 1798 1242 resuscitet
1836 1187 1997 1250 Deus,
2032 1200 2139 1239 non

550 1276 730 1331 credis
761 1277 904 1347 quod
936 1280 1256 1345 resuscitet,
1290 1294 1397 1333 non
1436 1278 1624 1333 credes
1668 1278 1830 1331 etiam
1854 1315 1871 1342 ,
1902 1275 2045 1346 quod
2076 1290 2140 1330 ea

549 1382 670 1436 qua:
708 1366 761 1422 in
790 1378 972 1426 mente
997 1380 1125 1424 sunt
1152 1379 1340 1424 noscat
1362 1388 1376 1424 :
1402 1386 1524 1424 nam
1554 1384 1729 1439 neque
1747 1369 1835 1423 illa
1857 1379 2137 1439 apparent.

547 1457 711 1528 Atqui
740 1457 794 1512 in
833 1473 1065 1529 corpore
1105 1462 1328 1515 materia
1369 1460 1587 1529 quidem
1630 1472 1712 1515 est
1742 1459 1997 1523 visibilis,
2037 1459 2139 1514 etsi

545 1547 916 1615 dissolvatur;
966 1550 1075 1604 illa
1100 1566 1230 1605 vero
1268 1551 1620 1620 cogitationes
1659 1551 1955 1605 invisibiles
1989 1559 2137 1605 sunt.

547 1638 651 1703 Qui
676 1653 807 1708 ergo
832 1639 1116 1695 invisibilia
1141 1656 1264 1695 cunt
1286 1642 1433 1694 omni
1458 1642 1799 1697 accuratione
1825 1642 1991 1706 novit,
2014 1642 2141 1696 visi-

544 1724 672 1780 bilia
697 1742 803 1782 non
832 1729 1052 1795 videbit,
1080 1746 1181 1785 nec
1213 1730 1374 1786 facile
1396 1746 1595 1801 corpus
1631 1732 1871 1787 dividet?
1902 1734 1996 1787 Est
2014 1733 2135 1786 cui-

544 1819 628 1873 vis
649 1820 1013 1889 perspicuum.
1039 1822 1118 1877 Ne
1145 1824 1309 1892 igitur
1328 1825 1716 1878 resurrectioni
1743 1822 1902 1877 iidem
1932 1839 2097 1893 neges
2120 1842 2135 1877 :

541 1920 628 1964 est
653 1912 854 1981 quippe
898 1913 1092 1984 dogma
1129 1914 1479 1971 diabolicum.
1524 1915 1637 1968 lloc
1674 1913 1925 1968 diabolus
1949 1924 2135 1984 curat,

542 2017 649 2056 non
666 2003 828 2057 modo
849 2012 908 2058 ut
927 2006 1306 2060 resurrectioni
1330 2021 1439 2060 non
1459 2005 1729 2070 credatur,
1751 2007 1843 2061 sed
1864 2014 1920 2061 et
1938 2017 1993 2061 ut
2023 2008 2135 2062 vir,

542 2097 673 2151 tutis
694 2112 859 2167 opera
897 2098 1263 2153 dissolvantur
1291 2108 1346 2153 et
1374 2107 1617 2167 pereant.
1658 2099 1833 2153 Homo
1869 2099 2011 2154 enim
2042 2101 2134 2170 qui

540 2203 651 2245 non
675 2198 955 2258 exspectat
978 2204 1042 2244 se
1082 2198 1550 2253 resurrecturum,
1582 2199 1636 2243 et
1662 2204 1884 2260 operum
1913 2206 2133 2246 suorum

542 2281 806 2335 rationem
832 2280 1195 2345 redditurum,
1219 2298 1326 2336 non
1361 2284 1472 2336 cito
1499 2282 1751 2338 virtutem
1778 2283 1982 2349 adibit;
2026 2286 2134 2339 vir-

541 2372 642 2425 tuti
669 2386 799 2427 vero
842 2388 951 2427 non
998 2373 1136 2427 dans
1177 2389 1398 2443 operam
1422 2416 1438 2439 ,
1476 2389 1663 2428 rursus
1703 2392 1809 2430 non
1856 2376 2041 2432 credet
2068 2392 2129 2432 se

538 2470 967 2517 resurrecturum
999 2482 1012 2516 :
1042 2464 1205 2518 ambo
1241 2464 1388 2519 enim
1432 2464 1661 2519 alterum
1689 2466 1758 2520 ab
1790 2467 1961 2520 altero
2005 2482 2131 2535 pro-

538 2551 755 2617 bantur,
784 2553 1023 2622 nequitia
1058 2554 1128 2608 ab
1152 2554 1565 2618 incredulitate,
1605 2566 1660 2608 et
1706 2555 2053 2611 incredulitas
2100 2572 2131 2610 a

536 2643 795 2713 nequitia.
818 2644 1156 2699 Conscientia
1172 2645 1318 2699 enim
1348 2645 1533 2699 multis
1561 2646 1719 2714 plena
1736 2646 1918 2712 malis,
1938 2648 2132 2702 timens

534 2751 603 2791 ac
629 2745 871 2791 tremens
885 2736 1120 2791 futuram
1149 2736 1433 2801 ultionem,
1466 2737 1589 2805 quia
1616 2752 1726 2791 non
1753 2738 1866 2792 vult
1893 2753 1923 2791 a
1952 2750 2131 2793 muta-

537 2827 687 2881 tione
708 2828 779 2881 ad
800 2829 1025 2883 meliora
1050 2829 1475 2884 consolationem
1501 2830 1739 2899 assequi,
1763 2831 1832 2885 ab
1874 2832 2124 2887 incredu-

540 2916 693 2972 litate
733 2919 848 2971 vult
892 2919 1127 2986 quietem
1162 2919 1409 2988 adipisci.
1439 2919 1517 2973 Te
1555 2920 1701 2974 enim
1747 2936 1846 2975 nec
1888 2937 2129 2977 resurre-

533 3010 734 3065 tiouem
760 3010 973 3065 dicente
998 3026 1100 3065 nec
1125 3011 1407 3080 judicium,
1430 3011 1519 3064 ille
1538 3026 1751 3080 quoque
1774 3009 1913 3067 diuet
1936 3029 1951 3066 :
1984 3013 2127 3084 Ergo

534 3116 710 3170 neque
734 3116 836 3170 ego
865 3101 1132 3156 scelerum
1176 3103 1443 3157 rationem
1476 3101 1637 3156 dabo.
1676 3101 1781 3157 Sed
1826 3104 1952 3172 quid
1996 3104 2128 3161 dicit

529 3190 780 3245 Christus
806 3210 820 3245 :
848 3192 1070 3258 Erratis,
1120 3195 1397 3247 nescientes
1426 3192 1725 3263 Scripturas
1764 3210 1924 3264 neque
1966 3198 2126 3250 virtu-

532 3290 633 3335 tem
664 3281 755 3335 Dei
783 3281 994 3357 (Matth.
1023 3282 1113 3336 22.
1135 3283 1251 3351 29).
1274 3282 1455 3352 Neque
1481 3286 1625 3338 enim
1656 3293 1763 3339 tam
1789 3287 1952 3341 multa
1982 3286 2126 3343 Deus

534 3382 681 3428 esset
707 3384 981 3443 operatus,
1012 3376 1112 3428 nisi
1137 3390 1237 3429 nos
1258 3376 1674 3430 resnscitaturus
1699 3385 1864 3440 esset,
1888 3377 1984 3432 sed
2012 3378 2125 3432 dis-

532 3465 805 3519 soluturus
842 3476 897 3520 et
925 3467 976 3519 in
1009 3466 1233 3521 nihilum
1262 3466 1576 3521 redacturus
1604 3484 1618 3520 :
1643 3483 1749 3522 non
1780 3478 1982 3523 tantum
2010 3486 2120 3525 ca:-

532 3557 641 3611 lum
667 3556 1021 3622 ostendisset,
1047 3572 1153 3611 non
1182 3567 1379 3611 terram
1422 3558 1702 3612 stravisset
1726 3600 1741 3622 ,
1774 3575 1878 3614 non
1927 3570 2119 3617 caetera

530 3648 711 3702 omnia
743 3663 838 3717 pro
869 3649 969 3703 hae
1012 3650 1186 3704 solum
1232 3648 1381 3704 brevi
1410 3652 1515 3703 vita
1564 3651 1799 3705 fecisset.
1835 3652 1891 3707 Si
1938 3663 2119 3707 autem

531 3737 649 3793 haec
674 3737 801 3793 fecit
832 3755 929 3809 pro
953 3741 1227 3809 praesenti,
1256 3740 1385 3810 quid
1413 3756 1517 3795 non
1559 3740 1722 3797 faciet
1770 3758 1868 3810 pro
1899 3743 2118 3800 futura?

528 3831 586 3886 Si
614 3846 742 3886 vero
772 3832 920 3886 nulla
970 3834 1041 3887 sit
1079 3833 1280 3898 futura,
1340 3833 1445 3898 iis,
1476 3850 1596 3903 qua:
1646 3850 1742 3901 pro
1783 3836 1937 3889 nobis
1978 3838 2115 3890 facta

524 3933 671 3993 sunt,
696 3926 853 3992 longe
877 3941 1063 3979 sumus
1087 3926 1325 3979 viliores.
1358 3925 1486 3979 Nam
1515 3926 1728 3991 catlum,
1765 3937 1938 3993 terra,
1968 3945 2115 3987 mare

530 4027 586 4068 et
618 3991 847 4069 flumina
876 4028 1003 4071 sunt
1026 4018 1180 4071 nobis
1205 4018 1501 4082 stabiliora,
1535 4034 1742 4073 necnon
1779 4010 2112 4090 britta‘quze-

434 4089 438 4093 ’
528 4108 651 4161 dum
679 4125 692 4159 :
723 4124 847 4161 nam
873 4119 923 4163 et
944 4109 1128 4163 cornix
1150 4119 1203 4164 et
1222 4109 1626 4178 elephantorum
1650 4126 1839 4181 genus,
1866 4123 1921 4166 et
1947 4117 2111 4170 multa

526 4200 629 4253 alia
657 4200 990 4256 diuturniore
1011 4204 1118 4257 vita
1165 4205 1416 4271 praesenti
1457 4204 1721 4258 fruuntur.
1754 4204 1919 4259 Nobis
1948 4206 2109 4261 etiam

525 4302 580 4343 et
606 4291 781 4346 brevis
810 4303 865 4347 ct
890 4295 1151 4348 laboriosa
1198 4306 1281 4349 est
1310 4296 1450 4357 vita;
1501 4296 1595 4349 sed
1637 4311 1743 4349 nou
1800 4297 1942 4351 illis:
1986 4313 2107 4353 nam

527 4387 681 4453 longa
719 4400 907 4440 eorum
940 4389 1044 4441 vita
1077 4396 1193 4452 est,
1245 4404 1309 4443 ac
1350 4388 1671 4445 mmmribns
1708 4389 1959 4459 curisque
2008 4408 2107 4445 va-

522 4492 646 4531 cua.
672 4477 806 4542 Quid
846 4493 975 4548 ergo
995 4522 1009 4543 ,
1037 4480 1123 4534 dic
1149 4480 1282 4533 mihi
1302 4522 1318 4546 ,
1346 4496 1607 4535 servosne
1635 4481 1876 4535 melioris
1915 4483 2105 4537 condi-

525 4568 688 4621 tionis
718 4568 838 4623 fecit
866 4586 1023 4639 quant
1068 4572 1353 4625 dominos?
1380 4573 1476 4638 Ne,
1498 4587 1703 4641 quaeso,
1738 4587 1804 4625 ne
1836 4572 1959 4626 talia
1989 4574 2105 4629 exi-

522 4658 754 4712 stimes:
812 4675 984 4729 neque
1031 4661 1104 4714 sis
1154 4669 1332 4714 mente
1383 4662 1576 4729 inops,
1629 4677 1665 4716 ο
1724 4662 1919 4726 homo,
1972 4679 2106 4717 neve

521 4751 733 4818 ignores
761 4751 973 4807 divitias
1002 4753 1092 4805 Dei
1119 4795 1134 4817 ,
1185 4768 1306 4806 eum
1338 4753 1495 4806 talem
1545 4752 1742 4807 habeas
1796 4755 2101 4809 Dominum.

522 4839 655 4893 Nam
682 4841 751 4894 ab
778 4842 926 4896 initio
960 4844 1098 4896 Deus
1122 4854 1173 4897 te
1195 4843 1551 4898 immortalem
1576 4843 1753 4899 facere
1778 4846 1939 4901 voluit
1964 4864 1979 4903 ;
2006 4846 2103 4899 sed

527 4940 584 4983 ttt
617 4932 851 4986 noluisti.
883 4932 1304 4987 lnnnortalitatis
1329 4934 1471 4987 enim
1497 4936 1779 5003 :enigmata
1812 4946 1964 4988 erant
1989 4936 2098 5001 illa,

518 5021 844 5087 colloquium
871 5038 992 5077 cunt
1040 5024 1150 5079 Deo
1175 5067 1189 5087 ,
1222 5026 1329 5079 vita
1364 5040 1471 5077 non
1522 5023 1826 5090 laboriosa,
1878 5026 2100 5079 liberum

515 5126 640 5165 esse
660 5127 690 5165 a
718 5112 935 5179 dolore,
970 5130 1099 5169 cura
1125 5126 1288 5185 atque
1318 5116 1591 5171 laboribus
1617 5115 1844 5183 aliisque
1888 5124 2098 5183 tempo-

517 5205 718 5259 raucis.
750 5203 934 5273 Neque
970 5209 1113 5261 enint
1153 5218 1302 5263 veste
1330 5223 1467 5276 opus
1498 5208 1727 5261 habebat
1752 5208 1921 5261 Adam
1943 5250 1957 5271 ,
1993 5222 2097 5263 non

515 5307 679 5363 tecto,
710 5312 815 5351 non
837 5297 943 5352 alio
968 5301 1157 5367 quovis
1188 5302 1348 5355 simili
1370 5312 1658 5368 apparatu;
1689 5299 1780 5353 sed
1810 5301 1978 5369 magis
2001 5316 2088 5354 an-

514 5391 648 5457 gelis
688 5391 877 5444 similis
912 5400 1061 5455 erat,
1115 5394 1279 5446 multa
1310 5393 1606 5447 futurorum
1650 5392 2004 5461 praesciebat,
2044 5402 2100 5446 et

518 5483 773 5548 sapientia
819 5495 935 5538 erat
965 5484 1129 5537 multa
1161 5486 1369 5554 plenus.
1409 5485 1472 5538 Et
1502 5485 1642 5555 quod
1688 5485 1916 5539 latenter
1960 5486 2098 5539 Dens

515 5570 638 5625 fecit
663 5615 676 5635 ,
709 5575 759 5628 id
790 5575 875 5629 ille
897 5578 1179 5645 cognovit,
1213 5576 1356 5629 circa
1381 5575 1657 5629 mulierem
1702 5575 1945 5638 scilicet;
1977 5574 2097 5630 ideo

510 5662 719 5720 dicebat
743 5684 755 5719 ε
793 5666 903 5722 Iloe
933 5686 1065 5724 nunc
1096 5686 1150 5723 os
1171 5685 1233 5723 ex
1262 5668 1453 5723 ossibus
1484 5670 1622 5737 meis,
1649 5678 1691 5719 et
1720 5683 1837 5719 caro
1860 5683 1921 5721 ea:
1943 5683 2093 5721 carne

1235 255 1294 313 s.
1332 250 1611 310 JOANNIS
1642 246 2121 308 cuuvsosrout
2160 243 2477 303 ARCHIEP.
2516 248 3049 308 consumma.
3506 230 3531 249 “
3736 258 3824 315 ut

2260 377 2372 414 utea
2401 361 2556 432 (lien.
2587 365 2644 420 ς.
2671 366 2790 434 25).
2844 366 3021 421 Labor
3075 376 3253 424 autem
3303 378 3484 443 postea
3525 379 3677 427 ortus
3717 386 3822 439 est,

2253 448 2450 506 deinde
2463 453 2651 519 sudor,
2672 468 2855 525 postea
2878 458 3052 526 pudor
3070 469 3128 513 et
3153 459 3314 514 timor
3333 470 3387 515 et
3407 461 3571 517 libere
3585 463 3824 533 loquendi

2251 540 2542 599 difficultas
2575 562 2589 598 :
2638 554 2768 601 tunc
2789 549 2935 602 enim
2987 565 3092 604 non
3124 565 3345 618 moror,
3371 568 3475 607 non
3501 553 3677 618 dolor,
3728 572 3826 612 non

2254 633 2506 702 gemitus.
2538 633 2644 691 Sed
2673 638 2725 691 in
2754 638 3016 705 dignitate
3043 641 3134 695 illa
3165 658 3272 696 non
3301 643 3516 699 mansit.

2323 722 2378 777 4.
2409 724 2549 790 Quid
2595 741 2757 797 ergo,
2816 731 3062 798 inquies,
3094 731 3285 788 faciam
3311 733 3455 804 ego?
3504 746 3726 807 propter
3768 740 3826 792 il-

2254 812 2436 870 lumne
2463 820 2715 886 peream?
2738 819 2856 875 Non
2880 835 3010 876 sane
3032 820 3252 893 propter
3274 824 3423 879 illum
3452 841 3469 881 :
3500 843 3675 897 neque
3688 830 3823 883 enim

2252 914 2307 959 tu
2338 907 2456 962 sine
2503 918 2726 977 peccato
2765 913 3166 975 mansisti,sed
3192 916 3403 972 etiamsi
3454 934 3561 972 nou
3602 920 3823 989 idipsum

2252 1008 2531 1066 peccatum
2554 1039 2568 1063 ,
2600 1000 2744 1055 aliud
2775 1002 2960 1071 utique
2985 1004 3273 1063 admisisti.
3302 1006 3554 1078 Alioquin
3600 1019 3774 1066 autem
3796 1029 3825 1065 a

2250 1087 2529 1155 punitione
2558 1105 2665 1144 non
2695 1091 2951 1146 damnum
2982 1096 3277 1165 accepisti,
3331 1097 3427 1152 sed
3473 1098 3710 1156 lucratus
3746 1117 3823 1157 es.

2247 1174 2379 1229 Nam
2407 1179 2451 1230 si
2480 1178 2763 1236 debuisses
2784 1197 3000 1252 semper
3028 1186 3271 1241 mortalis
3302 1203 3521 1244 manere
3539 1232 3554 1254 ,
3598 1191 3825 1263 aliquam

2247 1266 2386 1323 forte
2413 1270 2675 1325 rationem
2708 1272 2933 1328 haberet
2956 1273 3006 1327 id
3024 1275 3165 1345 quod
3193 1276 3393 1331 dictum
3419 1288 3502 1334 est
3526 1298 3541 1334 :
3569 1297 3709 1336 nunc
3731 1300 3825 1337 au-

2249 1365 2357 1411 tem
2389 1360 2704 1415 immortalis
2734 1376 2814 1423 es,
2864 1373 2919 1417 et
2939 1365 2984 1417 si
3017 1365 3150 1419 velis
3174 1407 3190 1431 ,
3241 1367 3362 1435 plus
3400 1385 3561 1435 quant
3588 1373 3667 1425 sol
3718 1373 3827 1441 ipse

2245 1448 2530 1515 splendere
2558 1451 2781 1518 poteris.
2826 1454 2930 1508 Sed
2959 1456 3061 1509 nisi
3089 1459 3319 1512 mortale
3344 1474 3543 1528 corpus
3587 1466 3825 1533 accepis-

2244 1555 2383 1604 sem,
2416 1543 2628 1613 inquies
2650 1585 2665 1606 ,
2700 1559 2807 1598 non
2847 1560 3177 1614 peccassem.
3207 1550 3346 1614 Quid
3373 1565 3539 1621 ergo,
3583 1568 3653 1607 an
3700 1556 3787 1610 ille
3809 1598 3825 1621 ,

2243 1648 2462 1700 quaeso,
2518 1636 2749 1690 mortale
2798 1650 2997 1705 corpus
3041 1638 3245 1695 habens
3298 1645 3583 1712 peccavit?
3621 1644 3828 1715 Nequa-

2242 1738 2404 1790 quam
2439 1742 2451 1775 :
2483 1740 2609 1779 nam
2636 1726 2681 1779 si
2712 1727 2943 1781 mortale
2973 1727 3191 1793 fuisset,
3227 1746 3333 1785 non
3375 1742 3558 1802 postea
3585 1738 3826 1805 supplicii

2243 1812 2363 1868 loco
2402 1825 2632 1869 mortem
2687 1831 2902 1883 passum
2953 1828 3121 1874 esset.
3170 1820 3326 1889 Quod
3374 1832 3555 1879 autem
3609 1829 3829 1882 mortale

2242 1918 2441 1972 Corpus
2470 1919 2575 1957 non
2608 1906 2679 1959 sit
2724 1906 3166 1975 impedimentum
3207 1911 3274 1965 ad
3307 1913 3591 1982 virtutem,
3640 1917 3736 1972 sed
3775 1930 3831 1973 et

2241 2004 2631 2063 temperantem
2663 1998 2851 2053 reddat
2870 2010 2924 2055 et
2950 2002 3176 2056 multum
3201 2004 3465 2073 conferat,
3498 2007 3626 2063 hinc
3655 2010 3825 2079 palam

2239 2096 2341 2141 est.
2372 2087 2431 2142 Si
2456 2088 2598 2141 enim
2644 2090 3061 2147 inmortalitatis
3108 2098 3445 2164 exspectatio
3470 2101 3647 2157 solum
3691 2105 3827 2157 Ada-

2240 2196 2385 2234 tnnm
2415 2189 2619 2235 tantum
2643 2185 2862 2249 extulit;
2895 2186 2939 2239 si
2963 2202 3150 2243 revera
3176 2190 3494 2247 immortalis
3519 2197 3826 2261 mansisset,

2238 2272 2292 2326 in
2319 2286 2575 2341 quautam
2604 2278 2968 2345 arrogantiam
3003 2295 3115 2334 non
3159 2267 3550 2351 processisset?
3578 2290 3646 2343 Et
3687 2305 3831 2344 nunc

2235 2368 2452 2434 quidem
2484 2377 2603 2435 post
2634 2380 2913 2437 peceatum
2943 2382 3098 2440 potes
3130 2385 3345 2442 peccata
3397 2380 3612 2435 solvere
3634 2421 3651 2445 ,
3704 2398 3829 2437 cum

2235 2472 2433 2524 corpus
2452 2458 2523 2511 sit
2543 2459 2765 2525 humile,
2785 2460 3057 2531 abiectum
3078 2472 3132 2518 et
3151 2464 3469 2521 dissolutum
3489 2486 3505 2534 ;
3530 2470 3614 2525 ha:
3632 2477 3831 2542 quippe

2234 2548 2587 2616 cogitationes
2612 2558 2835 2617 possunt
2863 2558 3255 2621 temperantem
3282 2556 3547 2613 reddere:
3571 2560 3617 2613 si
3644 2573 3827 2617 autem

2235 2652 2514 2706 peccasses
2555 2638 2609 2692 iu
2657 2639 2983 2704 immortali,
3011 2643 3289 2698 stabiliora
3331 2645 3558 2702 fortasse
3600 2650 3828 2705 fuissent

2233 2740 2471 2800 peccata,
2498 2730 2619 2785 Non
2646 2747 2777 2802 ergo
2803 2734 3052 2788 mortalis
3079 2745 3271 2789 natura
3300 2752 3463 2791 causa
3490 2740 3692 2807 peccati
3716 2752 3824 2807 est,

2233 2836 2301 2875 ne
2324 2834 2581 2885 accuses;
2604 2821 2705 2875 sed
2731 2822 2928 2876 malum
2952 2823 3239 2878 voluntatis
3266 2828 3600 2894 prepositum
3624 2839 3710 2884 est
3735 2847 3793 2884 ra
3814 2861 3827 2872 -

2231 2912 2320 2965 dix
2373 2911 2661 2965 malorum.
2688 2913 2798 2966 Cur
2826 2910 2971 2967 enim
3020 2912 3241 2969 Abelent
3270 2930 3469 2985 corpus
3508 2909 3613 2972 non
3643 2920 3828 2975 laesit?

2231 3016 2328 3055 cur
2348 3001 2482 3055 nihil
2507 3001 2704 3071 profuit
2728 3003 3083 3070 dientonibus,
3111 3006 3254 3074 quod
3279 3016 3461 3061 essent
3482 3008 3827 3080 incorporei?

2231 3092 2326 3148 Vis
2354 3095 2496 3151 seire
2522 3094 2794 3165 quomodo
2823 3110 3023 3165 corpus
3050 3096 3280 3151 mortale
3325 3113 3433 3153 non
3462 3099 3662 3156 laeserit
3680 3142 3698 3169 ,
3724 3104 3824 3159 sed

2227 3186 2387 3239 etiam
2424 3185 2610 3255 iuvet?
2652 3186 2779 3241 audi
2799 3197 2996 3256 quanta
3042 3186 3169 3241 hinc
3219 3188 3478 3257 lucreris,
3529 3192 3573 3245 si
3609 3192 3822 3262 vigiles.

2226 3277 2547 3333 Muneribus
2567 3319 2583 3343 ,
2612 3278 2889 3333 doloribus
2918 3289 3079 3348 atque
3112 3279 3387 3359 laboribus
3412 3279 3640 3351 aliisque
3665 3282 3821 3337 sinti-

2228 3370 2369 3423 libus
2399 3379 2452 3423 te
2481 3370 2707 3426 retrahit
2734 3378 2789 3423 et
2817 3369 3000 3423 avellit
3028 3383 3057 3421 a
3085 3370 3235 3423 vitio.
3264 3369 3371 3425 Sed
3400 3371 3561 3425 etiam
3590 3372 3659 3426 ad
3708 3374 3822 3426 for-

2227 3460 2577 3525 nicationem,
2603 3459 2839 3528 inquies,
2871 3459 3079 3514 trahit?
3103 3460 3222 3514 Non
3253 3475 3472 3529 corpus,
3504 3462 3602 3517 sed
3629 3464 3823 3518 incon-

2226 3553 2451 3606 tinentia
2479 3570 2493 3607 :
2532 3551 2648 3607 haec
2676 3554 2877 3623 quippe
2902 3553 3104 3619 omnia,
3133 3568 3254 3622 qua:
3280 3553 3414 3619 dixi,
3441 3557 3661 3609 omnino
3694 3572 3822 3610 cor-

2224 3645 2373 3714 poris
2400 3653 2547 3699 sunt.
2575 3646 2913 3714 Quapropter
2942 3646 3058 3699 fieri
3088 3646 3277 3715 nequit
3319 3655 3380 3700 ut
3406 3648 3567 3702 homo
3593 3653 3647 3703 in
3676 3649 3823 3706 banc

2222 3736 2383 3789 vitam
2412 3737 2633 3790 veniens
2658 3752 2765 3788 tton
2791 3735 3008 3802 doleat,
3056 3736 3266 3791 laboret
3302 3747 3355 3791 et
3390 3750 3655 3805 mereat;
3706 3756 3819 3795 non

2221 3828 2473 3881 fornicari
2499 3841 2628 3882 vero
2673 3835 2867 3894 potest.
2898 3825 3082 3894 Itaque
3109 3828 3154 3879 si
3203 3836 3412 3881 natura:
3439 3830 3685 3899 corporis
3725 3846 3821 3885 es-

2218 3930 2340 3975 sent
2365 3934 2452 3978 ea,
2481 3934 2602 3987 qua:
2634 3917 2701 3970 ad
2732 3918 2855 3970 vitia
2887 3918 3195 3987 pertinent,
3229 3920 3549 3975 universalia
3579 3935 3769 3979 essent
3799 3944 3813 3977 :

2220 4010 2344 4063 talia
2372 4008 2517 4063 enim
2546 4008 2808 4061 naturalia
2834 4019 2994 4071 sunt;
3025 4018 3078 4062 at
3115 4025 3220 4064 non
3248 4011 3367 4064 talis
3395 4027 3483 4067 res
3526 4024 3608 4068 est
3639 4017 3816 4070 forni-
3864 4024 3883 4039 ί

2215 4101 2327 4155 cari
2355 4116 2368 4152 :
2401 4100 2589 4153 dolere
2618 4099 2740 4153 inde
2767 4099 3033 4167 provenit,
3067 4101 3317 4156 fornicari
3357 4113 3537 4159 autem
3575 4121 3641 4161 ex
3674 4122 3808 4177 pro-

2216 4194 2391 4262 posito
2421 4191 2728 4245 voluntatis.
2755 4191 2831 4245 Ne
2858 4207 2987 4263 ergo
3011 4208 3207 4260 corpus
3238 4209 3496 4262 accuses,
3529 4212 3597 4253 ne
3634 4200 3811 4253 hono-

2216 4303 2329 4340 rem
2361 4285 2454 4338 tihi
2483 4285 2689 4338 auferat
2710 4285 2955 4339 diabolus
2976 4326 2992 4350 ,
3038 4302 3199 4354 quem
3232 4287 3323 4341 tibi
3352 4289 3501 4343 dedit
3526 4290 3709 4345 -Deus.
3747 4293 3811 4347 Si

2212 4379 2355 4430 enim
2397 4376 2623 4429 velimus
2652 4416 2667 4439 ,
2696 4377 2953 4443 optimum
3010 4374 3217 4428 frenum
3248 4378 3351 4430 erit
3388 4392 3585 4447 corpus
3606 4419 3623 4444 ,
3655 4383 3809 4449 quod

2210 4468 2405 4521 animae
2428 4466 2655 4519 insultus
2680 4476 2949 4531 coerceat,
2978 4468 3335 4533 arrogantiam
3357 4469 3573 4534 avellat,
3603 4472 3808 4527 fastum

2211 4558 2505 4626 reprimat,
2552 4566 2607 4610 et
2639 4557 2690 4610 itt
2721 4558 2991 4625 praeclaris
3036 4558 3289 4624 aperibns
3317 4558 3474 4611 nobis
3507 4561 3805 4617 ministret.

2210 4648 2286 4702 Ne
2310 4647 2438 4700 mibi
2463 4647 2696 4701 furentes
2723 4648 2983 4717 quosdam
3014 4648 3163 4702 dicas
3193 4666 3207 4701 :
3238 4664 3362 4702 nam
3389 4665 3533 4721 su-pe
3556 4653 3810 4710 videmus

2210 4754 2377 4808 equos
2403 4739 2638 4807 aurigam
2681 4739 3027 4793 deturbantes
3056 4754 3177 4792 eum
3209 4737 3362 4794 freno
3388 4749 3444 4795 et
3474 4757 3569 4811 per
3609 4746 3809 4811 praei-

2212 4831 2337 4898 pitia
2384 4844 2507 4883 sese
2551 4828 2775 4895 dantes;
2809 4830 2901 4884 sed
2953 4830 3161 4883 frenum
3194 4846 3299 4883 non
3328 4831 3639 4902 culpamus;
3685 4852 3805 4912 non

2208 4925 2351 4977 enim
2387 4923 2512 4976 illud
2558 4922 2823 4991 abjectum
2876 4924 2927 4976 itt
2971 4937 3132 4976 causa
3159 4932 3260 4986 est,
3295 4924 3391 4977 sed
3436 4927 3655 4996 auriga,
3699 4928 3804 4997 qui

2210 5031 2316 5068 non
2347 5014 2582 5077 retinnit,
2610 5015 2787 5067 omnia
2814 5014 3068 5082 perdidit.
3099 5013 3173 5066 Ita
3206 5012 3291 5065 hic
3317 5030 3531 5085 quoque
3554 5026 3744 5085 reputa
3785 5035 3802 5071 :

2192 5106 2251 5158 ‘si
2301 5105 2499 5159 videris
2552 5100 2805 5171 juvenem
2843 5106 3182 5173 orphantttn,
3227 5114 3282 5159 et
3325 5107 3463 5160 mala
3510 5108 3805 5164 innumera

2208 5207 2638 5264 perpetrantem,
2673 5214 2738 5251 ne
2790 5212 2987 5265 corpus
3034 5196 3270 5261 incuses,
3301 5196 3396 5251 sed
3415 5200 3653 5268 aurigam
3698 5201 3801 5267 qui

2208 5288 2452 5347 trahitur,
2475 5304 2667 5357 nempe
2704 5290 2989 5343 rationem.
3018 5286 3166 5341 Sicut
3192 5288 3334 5341 enim
3376 5287 3525 5343 frena
3554 5305 3661 5343 non
3691 5303 3802 5341 ne-

2203 5390 2405 5457 gotium
2426 5388 2625 5441 faciunt
2646 5389 2866 5457 aurigm,
2894 5384 2989 5439 sed
3013 5385 3101 5440 ille
3120 5388 3360 5441 omnium
3384 5400 3543 5440 causa
3567 5394 3672 5447 est,
3696 5384 3801 5451 qui

2208 5480 2443 5534 habenas
2481 5495 2584 5532 non
2633 5479 2800 5549 probe
2835 5477 3067 5541 retinet;
3113 5477 3341 5547 ideoque
3381 5475 3450 5528 ab
3481 5475 3571 5525 illo
3602 5485 3802 5541 passas

2207 5580 2475 5640 repetunt,
2506 5588 2629 5624 cum
2665 5570 2755 5623 illo
2781 5569 3113 5636 complicato:
3142 5568 3362 5623 habena:
3388 5576 3442 5619 et
3467 5579 3591 5618 eum
3616 5572 3800 5617 aura—-

2211 5662 2341 5717 bunt
2371 5673 2423 5721 ω
2450 5670 2646 5733 cogunt
2674 5675 2791 5716 esse
2817 5661 3129 5733 participem
3162 5656 3433 5715 infortunii
3462 5656 3544 5713 sui
3570 5672 3584 5709 :
3614 5656 3685 5709 ita
3738 5664 3802 5711 es
