4028 6208
458 344 481 397 Ι
502 348 559 399 53
1188 349 1245 402 S.
1285 347 1571 402 JOANNIS
1610 348 1745 403 Cllll
1757 350 2049 406 \‘SOS'IOL

2151 350 2454 406 \RCHIEP.
2494 351 2626 406 CON
2636 351 3038 409 STANTINOP.
3624 362 3721 413 Ηίο

454 461 511 514 δὲ
538 458 680 527 ἀφῇς
711 457 903 520 αὐτάς,
928 459 1197 526 ὴφάνισας
1229 461 1323 511 καὶ
1350 460 1637 524 ἀπώλεσας
1660 461 1895 514 ᾶπαντα.
1921 464 2034 514 Σω-
2140 479 2258 529 γει,
2300 464 2437 532 πρὸς
2481 463 2572 516 τὸν
2605 463 2736 515 Θεὸν
2766 464 2825 516 τὸ
2873 464 3025 535 ὄμμα
3066 470 3163 537 τῆς
3207 468 3443 531 διανοίας
3486 472 3715 526 τείνατε.

458 552 749 623 φρονῶμεν
778 552 974 616 τοίνυν,
1000 554 1094 604 καὶ
1119 555 1193 623 μὴ
1223 554 1616 624 κατηγορῶμεν
1645 556 1737 608 τοῦ
1764 556 2033 627 σώματος,
2154 558 2239 608 Ἐν
2271 558 2371 627 μὲν
2403 557 2511 627 γὰρ
2537 560 2649 621 τοῖς
2684 557 2864 621 ἄλλοις
2900 559 3050 612 οὐδὲν
3074 562 3102 612 ὁ
3127 562 3216 613 τὸν
3245 563 3432 630 ἀγῶνα
3462 563 3572 629 θεὶς
3603 568 3721 618 είσ·

457 649 595 703 ἀλλά
631 650 729 719 τῆς
779 652 1019 719 πονηρᾶς
1054 650 1308 713 διανοίας.
1343 652 1453 704 Kal
1498 651 1607 721 γάρ
1649 650 1741 703 τοῦ
1786 652 2034 706 διαϐόλου
2140 654 2319 723 φέρει,
2363 654 2478 707 ἀλλ’
2508 656 2773 724 ἀναμένει
2812 654 2870 706 τὸ
2902 655 3081 718 τέλος·
3125 659 3357 712 ἐνταῦθα
3402 661 3459 713 δὲ
3507 662 3567 714 τὸ
3612 665 3728 714 πᾶν

458 746 619 816 ἔργον
666 744 844 799 τοῦτο.
888 746 1105 797 πάντων
1141 745 1342 813 μᾶλλον
1383 748 1555 796 ποιεῖν
1604 746 1730 808 τοὺς
1774 748 2037 815 ἀνοήτους
2137 748 2532 821 όάγωνοθέτης
2557 751 2673 803 ἐστὶ
2697 751 2848 813 Θεός.
2879 748 3080 803 Τοῦτον
3104 750 3283 804 τοίνυν
3304 754 3518 825 [χωμεν
3538 756 3718 819 ἵλεων,

457 842 805 913 κατηγορεῖν,
833 842 928 893 καὶ
956 840 1206 909 σώματος
1236 842 1329 893 καὶ
1357 840 1451 893 τοῦ
1480 840 1616 893 Θεοῦ
1650 843 1753 909 καὶ,
1769 840 1863 893 τοῦ
1898 841 2037 909 πληο
2138 842 2231 895 καὶ
2281 846 2499 907 πάντως
2542 844 2937 913 ἐπιτευξόμεθα
2987 845 3097 898 τῶν
3136 847 3439 915 μελλόντων
3478 851 3719 920 ἀγαθῶν,

458 938 593 1001 σίον,
618 938 650 1007 ἢ
677 938 775 1007 τῆς
811 936 1215 1005 διεφθαρμένης
1242 935 1485 1006 γνώμης·
1520 937 1605 988 ⁸ἱνα
1636 935 1710 1006 μὴ
1738 937 1837 1005 τὴν
1861 936 2039 989 αἰτίαν
2138 937 2322 1008 χάριτι
2361 940 2456 992 καὶ
2508 940 2892 1011 φιλανθρωπίᾳ
2946 940 3041 994 τοῦ
3098 942 3301 1012 Κυρίου
3339 945 3497 1013 ἡμῶν
3544 946 3722 1015 Ἰησοῦ

457 1036 713 1106 εὑρόντες
740 1033 1098 1101 ἀπαλλαγῶσι
1136 1037 1238 1105 τῆς
1274 1032 1428 1104 ῥίζης
1471 1032 1579 1086 τῶν
1626 1032 1833 1085 κακῶν.
1896 1031 2035 1084 Ἀλλ’

457 1131 618 1201 ὑμεῖς
651 1130 749 1199 τὴν
786 1130 1077 1201 ἐπιϐουλὴν
1116 1130 1436 1191 συνειδότες,
1459 1128 1551 1182 τὸν
1577 1128 1747 1199 θυμὸν
1783 1130 1904 1182 κατ’
1934 1128 2036 1181 αὐο

457 1226 553 1279 τοῦ
582 1226 871 1294 στρέψατε,
908 1226 1001 1278 καὶ
1030 1225 1123 1277 τὸν
1150 1225 1367 1295 ἡνίοχον
1396 1223 1790 1292 ἐπιστήσαντες
1810 1222 1887 1291 τῷ
1916 1219 2039 1287 ζεύ-

2143 1033 2416 1101 Χριστοῦ,
2451 1034 2569 1104 μεθ’
2592 1029 2651 1089 οῦ
2678 1035 2757 1105 τῷ
2789 1036 2963 1105 Πατρὶ
3001 1036 3118 1107 ἅμα
3158 1036 3237 1106 τῷ
3271 1038 3409 1107 ἀγίῳ
3444 1039 3722 1110 Πνεύματι

2143 1126 2289 1195 δόξα,
2322 1129 2544 1199 κράτος,
2568 1130 2725 1200 τιμὴ,
2752 1128 2847 1184 νῦν
2868 1133 2963 1186 καὶ
2993 1134 3101 1198 ἀεὶ,
3128 1134 3222 1187 καὶ
3256 1136 3335 1196 είς
3363 1135 3491 1198 τοὺς
3520 1133 3723 1197 αίῶνας

2145 1222 2255 1275 τῶν
2286 1224 2518 1279 αίώνων.
2554 1227 2750 1297 Ἀμήν.

3277 1507 3666 1522 -——-—_I

1935 1634 2182 1687 ΟΜΙΛΙΛ
2227 1638 2341 1689 IH'.

456 1750 581 1802 Οὐκ
613 1747 816 1801 οἷδατε
853 1748 941 1800 ὅτι
988 1748 1060 1799 τὰ
1100 1746 1344 1812 σώματα
1386 1745 1553 1814 ὑμῶν
1579 1745 1735 1814 μέλη
1771 1744 1877 1797 τοῦ
1911 1746 2045 1809 Xm-

531 1818 683 1871 στοῦ
730 1820 918 1880 είσιν;
955 1816 1103 1883 ἄρας
1134 1815 1249 1871 οὖν
1301 1818 1373 1869 τὰ
1399 1816 1557 1883 μέλη
1603 1815 1708 1867 τοῦ
1760 1815 2043 1883 Χριστοῦ,

532 1887 772 1953 ποιήσω
799 1888 1028 1955 πόρνης
1056 1887 1248 1955 μέλπῃ
1280 1886 1377 1953 Μὴ
1410 1884 1660 1954 γένοιτο.

534 2000 605 2055 α’.
622 2000 756 2053 Ἀπὸ
789 1999 885 2053 τοῦ
911 1999 1343 2067 πεπορνευκότος
1367 1996 1457 2049 ἐπ)⁵
1476 1995 1567 2048 τὸν
1595 1995 1923 2065 πλεονέκτην
1948 2013 2047 2065 με·

461 2084 655 2147 ταϐἀς,
677 2084 840 2137 πάλιν
867 2084 975 2136 ἀπὸ
993 2085 1183 2135 τούτου
1216 2082 1351 2151 πρὸς
1368 2082 1573 2133 ἐκεῖνον
1601 2079 1839 2149 ἔρχεται,
1862 2079 2046 2131 οὐκέτι

392 2181 401 2189 ‘
461 2170 647 2221 λοιπὸν
697 2168 832 2239 πρὸς
864 2165 1026 2219 αὐτὸν
1078 2166 1476 2234 διαλεγόμενος,
1528 2163 1663 2215 ἀλλά
1693 2166 1803 2224 τοῖς
1855 2162 2041 2224 ἄλλοις

461 2255 576 2314 τοῖς
610 2251 685 2320 μὴ
735 2249 1134 2321 πεπορνευκόσι
1159 2265 1172 2277 ·
1207 2248 1301 2300 καὶ
1338 2244 1562 2307 τούτους
1615 2244 2046 2313 ἀσφαλιζόμενος

466 2337 675 2404 μήποτε
711 2333 1049 2407 περιπέσωσι
1085 2333 1195 2392 τοῖς
1236 2331 1440 2391 αὐτοῖς,
1472 2330 1679 2381 ἐκείνου
1708 2328 2045 2380 καθάπτεται

463 2416 649 2468 πάλιν.
689 2416 747 2467 ὐ
782 2416 890 2484 γάρ
923 2412 1279 2483 ἡμαρτηκὼς,
1313 2412 1415 2464 κᾶν
1447 2412 1581 2481 πρὸς
1616 2411 1802 2480 ἕτερον
1833 2410 2047 2461 ἀποτεί-

464 2516 561 2570 νῃς
592 2499 684 2549 τὸν
729 2498 905 2564 λόγον,
942 2498 1209 2549 κεντεῖται
1244 2497 1339 2547 καὶ
1391 2494 1551 2555 οὓτω,
1602 2492 1697 2544 τοῦ
1748 2492 2047 2554 συνειδότος

463 2580 869 2649 διεγειρομένου
904 2580 995 2631 καὶ
1029 2577 1421 2647 μαστιγοῦντος
1460 2576 1641 2627 αὐτόν.
1706 2575 1911 2637 Ἱκανὸς
1949 2575 2047 2643 μὲν

464 2658 560 2716 οὖν
586 2663 681 2713 καὶ
702 2662 810 2713 ἀπὸ
834 2662 932 2729 τῆς
959 2660 1225 2729 τιμωρίας
1252 2659 1414 2725 φόϐος
1435 2653 1502 2726 ἦν
1530 2657 1725 2717 αὐτοὺς
1752 2660 2048 2725 κατασχεῖν

466 2745 559 2797 ἐπὶ
591 2742 694 2811 τῆς
741 2742 1132 2811 σωφροσύνηςο
1173 2738 1361 2807 ἐπειδὴ
1405 2738 1463 2789 δὲ
1506 2738 1567 2789 οὐ
1602 2736 1848 2805 βούλεται
1897 2738 2048 2808 φόϐῳ

470 2834 634 2899 μόνον
660 2827 727 2878 τά
755 2825 905 2897 [ιῦἳ]
940 2825 1162 2877 τοιαῦτα
1193 2821 1515 2892 κατορθοῦν,
1550 2822 1643 2873 καὶ
1678 2822 1911 2884 ἀπειλάς
1952 2822 2049 2875 καὶ

465 2910 763 2980 λογισμοὺς
814 2908 1046 2978 τίθησιν.
1119 2907 1267 2958 Ἐκεῖ
1335 2906 1434 2973 μὶν
1485 2900 1577 2957 οὖν
1626 2904 1687 2956 τὸ
1741 2905 2049 2974 ἁμάρτημα

466 2992 658 3055 ειπὼν,
708 2993 802 3045 καὶ
854 2992 952 3062 τὴν
988 2990 1262 3061 τιμωρίαν
1310 2988 1522 3057 ὁρίσας,
1562 2988 1656 3041 καὶ
1700 2989 1801 3057 τὴν
1842 2986 2047 3057 βλάϐην

464 3074 644 3139 δείξας
690 3074 792 3145 τὴν
848 3073 914 3125 ἐκ
956 3071 1056 3141 τῆς
1117 3071 1403 3133 συνουσίας
1456 3069 1552 3121 τοῦ
1614 3070 2048 3143 πεπορνευκότος

467 3158 837 3227 ἐγγενομένην
865 3156 1089 3218 ἀπασιν,
1112 3152 1426 3221 ἀπηλλάγη,
1456 3151 1550 3203 καὶ
1577 3151 1713 3221 πρὸς
1740 3153 1839 3219 τὴν
1866 3150 2049 3202 πλεον-

467 3240 615 3303 εξῐαν
641 3238 1019 3311 μετέστη,νκαὶ¹
1043 3237 1142 3307 τὴν
1165 3237 1435 3288 ἔκπτωσιν
1460 3234 1560 3305 τῆς
1591 3234 1867 3303 βασιλείας
1893 3236 2049 3287 ἀπειο
2095 3243 2101 3246 ’

467 3322 639 3392 λήσας
665 3322 839 3390 τούτῳ
866 3322 959 3372 καὶ
987 3322 1099 3383 τοῖς
1130 3319 1336 3381 λοιποῖς
1362 3318 1586 3380 ἅπασιν,
1619 3312 1701 3379 οἷς
1737 3315 2043 3381 κατέλεξεν,

467 3405 611 3457 οὓτω
640 3406 727 3458 τὸν
769 3406 929 3473 λόγον
973 3405 1303 3475 ἀπήρτισεν*
1344 3402 1578 3454 ἐνταῦθα
1621 3402 1678 3453 δέ
1712 3401 1804 3452 καὶ
1836 3417 2047 3470 φρικω-

468 3485 721 3555 δέστερον
753 3487 1119 3555 μεταχειρίζει
1164 3488 1265 3553 τὴν
1295 3483 1633 3553 παραίνεσιν.
1666 3484 1734 3535 Ὀ
1762 3499 1819 3534 τε
1848 3483 1955 3551 γὰρ
1988 3481 2049 3532 τὸ

471 3570 777 3639 ἁμάρτημα
819 3568 1062 3629 κολάζων
1113 3567 1293 3635 μόνον,
1329 3568 1424 3616 καὶ
1475 3564 1549 3633 μὴ
1593 3564 1809 3623 δεικνὺς
1844 3563 2048 3631 σφόδρα

472 3650 937 3723 παρανομώτατον
959 3648 1039 3709 ὃν,
1070 3648 1222 3700 οὐδὲν
1243 3646 1495 3699 τοσοῦτον
1516 3645 1623 3697 ἀπὸ
1650 3645 1749 3712 τῆς
1779 3642 2049 3711 τιμωρίας

470 3736 799 3805 είργάσατο·
853 3734 880 3786 ὅ
921 3750 977 3785 τε
1034 3731 1199 3784 πάλιν
1252 3728 1530 3800 ἐντρέπων
1592 3728 1772 3796 μόνον,
1827 3726 1920 3777 καὶ
1974 3725 2047 3795 μὴ

472 3818 655 3882 φοϐῶν
681 3818 767 3870 διά
788 3818 886 3885 τῆς
920 3814 1213 3877 κολάσεως,
1234 3814 1295 3866 οὐ
1328 3812 1533 3881 σφόδρα
1572 3810 1910 3864 καθάπτεται
1939 3810 2048 3862 τῶν

470 3900 811 3969 ἀναισθήτως
861 3899 1239 3964 διακειμένων.
1306 3897 1504 3965 Διόπερ
1561 3896 1846 3962 ἀμφότερα
1908 3896 2051 3946 ποιεῖ

472 3979 704 4041 Παῦλος,
750 3979 844 4030 καὶ
870 3978 1121 4050 ἐντρέπει
1151 3976 1346 4041 λέγων’
1372 3976 1493 4025 Οὐκ
1529 3974 1726 4024 amata
1755 3973 1843 4022 ὅτι
1875 3972 2047 4037 ἀττέ-

471 4066 624 4124 λους
653 4060 1005 4127 κρινοῦμεν;
1041 4057 1133 4110 καὶ
1165 4054 1323 4125 φοϐεῖ
1359 4054 1552 4120 λέγων’
1583 4056 1706 4106 Οὐκ
1736 4051 1937 4105 οῖδατε
1961 4051 2049 4106 ὅτι

472 4142 830 4209 πλεονέκται
854 4140 1186 4205 ,βασιλείαν
1214 4136 1360 4190 Θεοῦ
1383 4138 1454 4189 οὐ
1482 4134 2050 4202 κληρονομήσουσι;

472 4226 585 4280 Kal
619 4226 712 4277 ἐπὶ
733 4223 827 4275 τοῦ
854 4222 1285 4294 πεπορνευκότος
1318 4219 1480 4272 πάλιν
1513 4218 1653 4270 οῦτω
1681 4219 1945 4289 κέχρηται
1972 4217 2051 4291 τῷ

474 4309 617 4378 λόγῳ
637 4327 649 4339 ’
686 4309 777 4360 καὶ
803 4307 910 4376 γάρ
938 4307 1179 4375 φοϐήσας
1205 4303 1272 4355 δι’
1303 4296 1377 4353 ὦν
1412 4301 1721 4370 ἔμπροσθεν
1748 4297 1923 4367 εἶπεν,
1959 4303 2051 4355 ἐκ·
2088 4350 2093 4353 .

474 4392 655 4461 τεμών
678 4408 737 4442 τε
756 4391 917 4442 αὐτὸν
940 4389 1028 4439 καὶ
1050 4387 1129 4455 τῷ
1142 4386 1355 4452 Σατανᾷ
1378 4384 1674 4452 παραδοὺς,
1697 4384 1907 4453 καὶτῆς
1931 4386 2052 4455 μελ.

474 4477 674 4544 λούσης
713 4474 1034 4543 ἀναμνήσας
1078 4471 1321 4539 ἡμέρας,
1366 4468 1613 4536 ἐντρέπει
1659 4469 1819 4521 πάλιν
1850 4470 2045 4537 λέγων·

478 4562 603 4612 Οὐκ
624 4557 823 4609 οἴδατε
845 4555 932 4608 ὅτι
950 4554 1018 4607 τὰ
1034 4551 1279 4621 σώματα
1299 4547 1466 4618 ὑμῶν
1487 4550 1645 4618 μέλη
1667 4548 1770 4602 τοῦ
1794 4553 2049 4617 Χριστοῦ

472 4644 681 4704 ἐστιν;
703 4640 778 4702 ὠς
804 4638 939 4709 πρὸς
966 4636 1161 4696 παῖδας
1184 4632 1367 4686 λοιπὸν
1388 4633 1626 4700 εὐγενεῖς
1650 4632 2048 4702 διαλεγόμενος.

486 4726 706 4795 Ἐπειδὴ
733 4726 843 4794 γάρ
872 4719 1015 4784 εῐπε,
1042 4720 1118 4777 Τὸ
1143 4719 1211 4772 δὲ
1237 4717 1407 4785 σῶμα
1432 4716 1512 4783 τῷ
1537 4719 1749 4784 Κυρίῳ,
1784 4717 2050 4785 σαφέστε-

478 4826 570 4878 ρον
593 4807 724 4859 αὐτὸ
746 4806 984 4857 δείκνυσι
1007 4802 1103 4854 νῦν
1125 4819 1139 4831 ο
1178 4802 1270 4853 καὶ
1299 4800 1532 4870 ἀλλαχοῦ
1563 4800 1619 4852 δὲ
1646 4802 1707 4853 τὸ
1741 4801 1873 4854 αὐτὸ
1895 4800 2052 4853 τοῦτο

474 4892 623 4943 ποιεῖ
656 4889 851 4954 λέγων’
906 4883 1101 4952 ’Υμεῖς
1148 4882 1215 4934 δέ
1242 4883 1383 4934 ἐστε
1428 4881 1599 4949 σῶμα
1624 4883 1915 4949 Χριστοῦ,
1951 4882 2051 4936 καὶ

470 4974 631 5042 μέλη
664 4971 732 5023 ἐκ
761 4967 995 5037 μέρους.
1041 4967 1153 5020 Kal
1178 4966 1239 5019 τὸ
1269 4966 1399 5017 αὐτὸ
1433 4965 1739 5033 ὑπόδειγμα
1779 4965 2049 5038 πολλαχοῦ

476 5053 713 5123 τίθησιν,
748 5054 849 5105 οὐκ
898 5052 989 5103 ἐπὶ
1032 5048 1139 5102 τῶν
1185 5048 1385 5109 αὐτῶν,
1424 5046 1558 5099 ἀλλά
1594 5047 1723 5099 ποτέ
1760 5048 1859 5117 μὲν
1910 5049 2050 5101 ὥστε

476 5137 577 5207 τὴν
609 5137 829 5203 ἀγάπην
850 5134 1041 5197 δεῖξαι,
1073 5133 1201 5185 ποτέ
1228 5131 1283 5183 δέ
1310 5130 1449 5183 ὥστε
1476 5130 1567 5181 τὸν
1596 5129 1759 5199 φόϐον
1788 5130 2045 5201 αὐξῆσαν

480 5220 717 5272 ἐνταῦθα
748 5219 804 5271 δὲ
850 5216 1217 5285 δεδιττόμενος
1260 5216 1393 5267 abi:
1434 5213 1667 5273 τέθεικε,
1702 5213 1795 5263 καὶ
1838 5214 2047 5279 φοϐῶνο

484 5305 658 5371 Ἄρας
679 5297 792 5356 οὖν
826 5301 897 5353 τὰ
918 5300 1072 5367 μέλη
1102 5298 1208 5350 τοῦ
1249 5296 1526 5363 Χριστοῦ,
1561 5294 1796 5362 ποιήσω
1825 5297 2051 5363 πόρνης

475 5386 668 5455 μέλω
700 5383 795 5451 Μὴ
820 5382 1066 5453 γένοιτο.
1096 5380 1263 5434 Οὐδὲν
1288 5376 1715 5448 φρικωδέστερον
1737 5378 1836 5447 τῆς
1856 5378 2051 5443 λέξεως

479 5469 707 5539 ταύτης.
742 5467 850 5521 Kal
872 5467 971 5518 οὐκ
994 5462 1167 5531 εῐπεν,
1206 5466 1378 5534 Ἀρας
1410 5460 1503 5515 οὖν
1533 5462 1602 5515 τά
1629 5462 1765 5532 μέλη
1793 5462 1886 5514 τοῦ
1916 5466 2051 5533 Χρι-

483 5553 633 5617 στοῦ,
691 5551 911 5620 συνάψω
941 5552 1005 5620 τῇ
1057 5552 1265 5620 πόρνῃ·
1309 5547 1443 5600 ἀλλά
1488 5547 1538 5599 τί
1554 5563 1569 5611 ;
1614 5546 1853 5611 Ποιήσω
1895 5547 2049 5615 μέλη

481 5637 747 5703 πόρνης;
771 5637 907 5706 ὅπερ
934 5630 1000 5703 ἦν
1048 5631 1511 5702 πληκτικὼτερον.
1554 5624 1687 5681 Εἶτα
1711 5631 2051 5682 κατασκευά-

484 5721 567 5785 ζει
599 5720 713 5782 πῶς
738 5719 893 5772 τοῦτο
925 5718 1128 5785 γίνεται
1159 5719 1186 5769 ό
1219 5714 1519 5787 πορνεύων,
1551 5710 1693 5765 οὕτω
1729 5711 1904 5779 λέγων
1924 5730 1936 5742 ·
1972 5710 2053 5769 Ἠ

486 5805 599 5857 οὐκ
627 5803 825 5858 οῖδατε
866 5803 954 5856 ὅτι
984 5805 1015 5855 o'
1049 5800 1424 5869 κολλώμενος
1450 5796 1523 5863 τῇ
1550 5798 1761 5863 πόρνη,
1788 5794 1856 5848 ἓν
1882 5797 2053 5867 σῶμά

2148 1747 2312 1813 ἐστι;
2362 1751 2532 1804 Πόθεν
2576 1752 2765 1823 δῆλονς
2811 1753 3095 1809 Ἔσονται
3140 1755 3270 1824 γὰρ,
3304 1760 3487 1826 φησὶν,
3523 1761 3577 1811 oi
3614 1760 3724 1812 δύο

2147 1836 2235 1898 εἰς
2264 1833 2462 1902 σάρκα
2492 1835 2659 1901 μίαν.
2706 1835 2759 1885 '0
2790 1834 2857 1887 δὲ
2889 1836 3269 1905 κολλώμενος
3300 1839 3379 1903 τῷ
3409 1842 3622 1908 Κυρίῳ,
3653 1842 3724 1894 ἐν

2148 1916 2382 1986 πνεῦμά
2412 1918 2601 1969 ἐστιν.
2629 1918 2826 1971 Οὐκέτι
2855 1919 2964 1988 γὰρ
2992 1920 3216 1987 ἀφίησιν
3252 1922 3285 1988 ἡ
3320 1926 3573 1975 συνουσία
3597 1925 3724 1985 τοὺς

2146 2004 2241 2057 δύο
2278 2001 2415 2057 εἶναι
2460 2005 2573 2067 δύο,
2614 2006 2727 2058 ἀλλ’
2762 2007 2820 2059 ἓν
2868 2007 3210 2076 ἀμφοτέρους
3260 2008 3571 2077 ἐργάζεται.
3614 2011 3724 2061 Καὶ

2147 2088 2250 2156 ὅρα
2301 2090 2463 2142 πάλιν
2495 2091 2613 2151 πῶς
2641 2090 2729 2141 διὰ
2758 2089 2867 2141 τῶν
2916 2090 3196 2159 ὀνομάτων
3233 2092 3454 2161 γυμνῶν
3486 2092 3722 2162 πρόεισι,

2146 2170 2233 2223 διὰ
2261 2170 2362 2238 τῆς
2392 2171 2597 2241 πόρνης
2631 2174 2725 2225 καὶ
2758 2172 2847 2224 διὰ
2892 2173 2986 2223 τοῦ
3026 2174 3262 2241 Χριστοῦ
3313 2175 3569 2242 προάγων
3624 2175 3727 2244 τὴν

2147 2254 2504 2323 κατηγορίαν.
2558 2256 2968 2322 Φεύγετεοτὴν
3022 2258 3329 2321 πορνείαν.
3383 2257 3496 2308 Οὐκ
3546 2252 3722 2321 εἷπεν,

2161 2336 2453 2404 Ἀπέχεσθε
2495 2338 2593 2405 τῆς
2640 2337 2915 2407 πορνείας,
2958 2337 3113 2398 ἀλλά,
3148 2340 3419 2403 Φεύτετε,
3453 2338 3722 2402 τουτέστι,

2147 2417 2302 2469 Μετά
2350 2419 2585 2489 σπουδῆς
2632 2420 2871 2471 ποιεῖσθε
2905 2420 3001 2488 τὴν
3032 2418 3350 2487 ἀπαλλαγὴν
3399 2418 3491 2470 τοῦ
3526 2417 3722 2473 κακοῦ.

2147 2498 2278 2553 Πᾶν
2329 2500 2644 2569 ἁμάρτημα
2694 2502 2728 2552 ὃ
2766 2501 2875 2553 ἐὰν
2908 2500 3137 2568 ποιήσῃ
3172 2498 3502 2566 ἄνθρωπος,
3550 2496 3717 2562 ἐκτὸς

2148 2583 2254 2635 τοῦ
2292 2584 2567 2652 σώματός
2604 2584 2809 2637 ἐστιν·
2843 2585 2875 2637 ό
2914 2582 2983 2636 δὲ
3010 2584 3317 2651 πορνεύων
3348 2585 3435 2646 είς
3461 2582 3526 2635 τό
3570 2582 3725 2634 ἴδιον

2149 2666 2322 2734 σῶμα
2369 2666 2713 2734 ἁμαρτάνει.
2773 2665 2944 2718 Τοῦτο
3002 2665 3096 2718 τοῦ
3145 2666 3410 2735 προτέρου
3470 2664 3719 2716 ἔλαττον·

2149 2749 2287 2820 πλὴν
2313 2750 2427 2801 ἀλλ’
2458 2752 2643 2821 ἐπειδὴ
2669 2751 2796 2821 περὶ
2823 2752 3035 2820 πόρνων
3058 2746 3126 2821 ἦν
3154 2751 3184 2802 ό
3205 2750 3360 2817 λόγος
3382 2749 3551 2819 αὐτῷ,
3584 2750 3724 2803 πάν-

2148 2833 2302 2884 τοθεν
2344 2833 2476 2885 αὐτὸ
2506 2835 2752 2904 ἀπαίρει,
2793 2835 2888 2886 καὶ
2920 2835 3028 2885 ἀπὸ
3056 2833 3164 2884 τῶν
3194 2833 3455 2902 μειζόνων
3489 2832 3581 2886 καὶ
3615 2831 3727 2885 ἀπὸ

2149 2919 2256 2970 τῶν
2293 2917 2590 2970 ἐλαττόνων
2630 2916 2809 2981 αὔξων
2840 2918 2901 2969 τὸ
2943 2917 3217 2986 ἔγκλημα.
3263 2918 3470 2969 Ἐκεῖνο
3505 2916 3605 2984 μὲν
3629 2910 3725 2967 οὖν

2149 3004 2263 3063 τοῖς
2294 2999 2705 3069 εὐλαϐεστέροις
2754 3002 2968 3069 εἴρηται
3017 2999 3077 3052 τὸ
3125 2998 3410 3069 πρότερον,
3458 2997 3615 3049 τοῦτο
3664 2997 3724 3049 δὲ

2149 3086 2259 3146 τοῖς
2295 3084 2723 3154 ἀσθενεστέροις.
2755 3084 2866 3135 Kal
2911 3084 3019 3153 γάρ
3069 3083 3160 3135 καὶ
3189 3081 3347 3133 τοῦτο
3375 3082 3475 3149 τῆς
3508 3079 3725 3133 Παύλου

2152 3166 2364 3235 σοφίας,
2396 3166 2471 3236 μὴ
2496 3167 2603 3219 ἀπὸ
2631 3166 2739 3219 τῶν
2776 3166 3027 3236 μεγάλων
3054 3164 3333 3234 ἐντρέπειν
3370 3163 3553 3232 μόνον,
3586 3161 3727 3215 ἀλλά

2150 3249 2246 3302 καὶ
2274 3250 2382 3302 ἀπὸ
2407 3250 2515 3302 τῶν
2564 3249 2925 3320 μικροτέρων,
2965 3249 3058 3303 καὶ
3086 3246 3195 3302 ἀπὸ
3220 3245 3317 3299 τοῦ
3347 3244 3576 3316 αἰσχροῦ
3628 3244 3726 3297 καὶ

2150 3332 2451 3403 ἀπρεποῦς.
2472 3331 2536 3383 Τί
2554 3327 2678 3396 οὖνς
2699 3333 2728 3385 ό
2743 3331 3085 3402 ἀνδροφόνος,
3106 3330 3288 3399 φησὶν,
3308 3329 3427 3400 οὐχὶ
3443 3330 3543 3397 τὴν
3568 3330 3726 3397 χεῖρα

2154 3416 2371 3485 μολύνει
2386 3432 2401 3480 ;
2418 3416 2469 3467 τί
2488 3414 2545 3467 δὲ
2565 3418 2593 3468 ό
2613 3415 2964 3482 πλεονέκτης,
2982 3416 3077 3466 καὶ
3093 3414 3121 3465 ο
3144 3412 3355 3483 ἇρπαξ;
3380 3412 3427 3483 [1
3556 3409 3725 3461 [Iaer

2151 3517 2253 3552 που
2286 3499 2473 3567 δῆλον·
2510 3498 2624 3549 ἀλλ’
2654 3496 2842 3564 ἐπειδὴ
2881 3497 3055 3547 εἰπεῖν
3098 3496 3196 3547 οὐκ
3226 3496 3352 3563 ἐνῆν
3391 3494 3487 3546 τοῦ
3524 3492 3724 3561 πόρνου

2150 3580 2302 3631 οὐδὲν
2325 3582 2526 3649 χεῖρον,
2557 3578 2755 3646 ἑτέρως
2778 3577 2909 3629 αὐτὸ
2934 3575 3140 3645 ηὔξησε
3172 3576 3366 3643 λέγων,
3392 3575 3475 3627 ὅτι
3504 3575 3597 3626 ἐπὶ
3624 3572 3726 3642 τῆς

2152 3661 2407 3732 πορνείας
2436 3658 2725 3728 ὁλόκληρον
2751 3659 2812 3711 τὸ
2839 3659 2995 3730 σῶμα
3021 3661 3232 3728 γίνεται
3266 3658 3480 3729 μιαρόν.
3513 3658 3726 3727 Ὥσπερ

2151 3746 2259 3815 γάρ
2280 3745 2358 3806 είς
2394 3743 2597 3813 λέϐητα
2623 3741 2961 3813 ἀκαθαρσίας
2994 3744 3263 3813 ἐμπῖπτον
3309 3744 3403 3799 καὶ
3439 3741 3517 3811 τῷ
3558 3740 3724 3809 μολυ-

2153 3828 2276 3898 σμῷ
2310 3827 2669 3897 βαπτόμενον,
2706 3826 2847 3879 οὕτω
2895 3826 3144 3896 φύρεται.
3180 3826 3351 3877 Τοῦτο
3376 3824 3430 3876 δὲ
3465 3825 3561 3876 καὶ
3591 3824 3726 3891 ἡμῖν

2153 3910 2291 3971 ἔθος.
2340 3909 2471 3961 Ἀπὸ
2502 3908 2600 3975 μὲν
2622 3908 2729 3978 γάρ
2758 3909 2857 3974 τῆς
2881 3907 3192 3969 πλεονεξίας
3220 3908 3311 3957 καὶ
3337 3905 3595 3973 ἀρπαγῆς
3624 3904 3725 3953 οὐκ

2152 3992 2218 4043 ἄν
2245 4007 2330 4051 τις
2370 3990 2719 4039 σπουδάσειεν
2746 3991 2836 4038 ἐπὶ
2872 3989 3152 4055 βαλανεῖον
3194 3987 3389 4047 ἐλθεῖν,
3423 3984 3534 4035 ἀλλ’
3568 3984 3723 4035 ἀδια-

2152 4072 2334 4141 φόρως
2366 4070 2456 4120 ἐπὶ
2477 4068 2574 4137 τὴν
2595 4069 2775 4120 οἰκίαν
2798 4068 3027 4121 ἄνεισιν·
3053 4068 3161 4120 ἀπὸ
3186 4067 3240 4119 δὲ
3271 4066 3468 4136 μίξεως
3494 4065 3723 4135 πόρνης,

2152 4152 2405 4220 καθάπερ
2452 4149 2569 4212 ὅλος
2633 4149 2923 4218 γενόμενος
2974 4150 3303 4221 ἀκάθαρτος,
3360 4150 3451 4202 ἐπὶ
3496 4150 3555 4201 τὸ
3598 4147 3722 4200 λού-

2154 4236 2352 4291 σασθαι
2395 4233 2609 4305 ἔρχεται
2636 4250 2649 4263 '
2706 4232 2876 4294 οὕτως
2917 4235 3030 4303 ἔχει
3071 4233 3194 4285 τινά
3238 4234 3299 4285 τὸ
3347 4232 3585 4294 συνειδὸς
3617 4230 3725 4284 ἀπὺ

2150 4320 2253 4390 τῆς
2300 4318 2576 4391 ἁμαρτίας
2618 4315 2821 4386 ταύτης
2854 4315 3123 4387 ὑπόληψιν
3160 4316 3541 4386 αἰσχροτέραν.
3590 4315 3723 4383 ’Δμ-

2152 4404 2357 4472 φότερα
2396 4402 2496 4472 μιν
2522 4397 2615 4453 οὖν
2647 4398 2879 4468 χαλεπὰ,
2913 4400 3008 4452 καὶ
3039 4399 3317 4463 πλεονεξία
3350 4400 3445 4451 καὶ
3474 4398 3722 4461 πορνεία,

2152 4486 2249 4537 καὶ
2276 4486 2356 4547 είς
2380 4486 2604 4551 γέενναν
2630 4480 2888 4549 ἐμϐάλλει
2908 4496 2921 4507 ’
2948 4480 3061 4533 ἀλλ’
3094 4481 3281 4550 ἐπειδὴ
3310 4479 3664 4548 οἰκονομικῶς
3696 4480 3725 4531 ό

2152 4564 2366 4626 Παῦλος
2393 4565 2571 4616 πάντα
2605 4563 2773 4624 ποιεῖ,
2805 4555 2885 4621 οἷς
2912 4556 3047 4627 εἶχε,
3078 4563 3289 4623 τούτοις
3320 4562 3521 4632 ηὔξησε
3545 4562 3606 4613 τὸ
3626 4561 3725 4628 τῆς

2154 4646 2409 4714 πορνείας
2462 4644 2735 4711 ἔγκλημα.
2782 4637 2864 4693 Ἦ
2907 4644 3019 4694 οὐκ
3063 4642 3261 4694 οῖδατσ
3301 4642 3393 4694 ὅτι
3446 4645 3513 4694 τὸ
3552 4642 3725 4709 σῶμα

2152 4729 2319 4798 ὑμῶν
2338 4727 2484 4791 ναὸς
2505 4725 2612 4780 τοῦ
2632 4726 2700 4779 ἐν
2727 4724 2867 4793 ὑμῖν
2890 4724 3062 4793 ἁγίου
3090 4725 3433 4791 Πνεύματός
3451 4725 3652 4786 ἐστιν-ς

2228 4870 2296 4943 β’.
2312 4870 2423 4940 Οὐχ
2444 4867 2627 4927 ἁπλῶς
2644 4863 2786 4932 εἶπε,
2813 4865 2924 4921 Τοῦ
2948 4863 3309 4932 ιινεὺματος,
3332 4860 3489 4923 ἀλλά,
3516 4861 3625 4914 Τοῦ
3657 4862 3726 4914 ὲν

2151 4957 2314 5027 ὑμῖν,
2372 4956 2509 5024 ὅπερ
2559 4947 2628 5022 ἦν
2683 4954 2777 5005 καὶ
2829 4946 3360 5027 παραμυθουμένου’
3420 4945 3513 4998 καὶ
3563 4944 3726 5027 πάλιν

2152 5026 2590 5110 ἐπεξηγούμενος
2624 5038 2924 5107 ἐπήγαγεν·
2961 5026 3042 5085 Οὖ
3074 5028 3243 5097 ἔχετε
3270 5028 3388 5083 ἀπὸ
3416 5028 3522 5082 τοῦ
3554 5026 3725 5081 Θεοῦ.

2153 5125 2263 5178 Kal
2307 5124 2396 5175 τὸν
2428 5122 2697 5175 δεδωκότα
2740 5120 3003 5179 τέθεικεν,
3040 5113 3240 5184 ὑψηλόν
3277 5130 3334 5165 τε
3382 5113 3518 5184 ὁμοῦ
3555 5111 3726 5166 ποιῶν

2151 5210 2243 5261 τὸν
2268 5207 2564 5277 ἀκροατὴν,
2602 5206 2698 5257 καὶ
2730 5201 2910 5272 φοϐῶν
2943 5196 3135 5265 καὶτῷ
3171 5198 3388 5268 μεγέθει
3413 5197 3512 5265 τῆς
3545 5214 3727 5267 παρα-

2156 5294 2469 5361 καταθήκης
2508 5290 2603 5342 καὶ
2629 5291 2695 5359 τῇ
2746 5282 3026 5355 φιλοτιμίᾳ
3054 5281 3148 5334 τοῦ
3177 5279 3723 5351 παρακαταθεμένου.

2154 5376 2263 5431 Καὶ
2287 5378 2398 5430 οὐκ
2425 5374 2566 5427 ἐστὲ
2592 5368 2840 5426 ἑαυτῶν.
2869 5366 3036 5420 ἰὀῦτο
3061 5367 3162 5419 οὐκ
3188 5365 3535 5436 ἐντρέποντος
3567 5363 3727 5435 μόνον

2160 5461 2328 5520 ἐστὶν,
2365 5459 2503 5511 ἀλλὰ
2543 5458 2636 5511 καὶ
2672 5454 2992 5523 βιαζομένου
3040 5451 3174 5522 πρὸς
3206 5452 3427 5521 ἀρετήν.
3468 5448 3533 5502 Τί
3584 5448 3724 5519 γάρς

2161 5545 2422 5611 πράττεις
2456 5541 2491 5595 ἀ
2536 5540 2731 5605 θέλεις,
2775 5537 2969 5609 φησίν
3017 5537 3118 5588 οὐκ
3164 5530 3214 5587 εῐ
3261 5530 3457 5586 ἑαυτοῦ
3515 5530 3721 5600 κύριος.

2159 5627 2342 5679 Ταῦτα
2382 5625 2438 5676 δὲ
2468 5624 2673 5692 ἔλεγεν,
2715 5623 2834 5691 οὐχὶ
2866 5622 2926 5673 τὸ
2958 5616 3302 5682 αὐτεξούσιον
3338 5614 3604 5683 άναιρῶν’
3634 5613 3729 5665 καὶ⁸

2161 5710 2268 5781 γὰρ
2296 5706 2487 5772 είπὼν,
2540 5706 2743 5760 Πάντα
2783 5722 2883 5772 μοι
2925 5703 3186 5768 ἔξεστιν,
3238 5699 3376 5753 ἀλλ’
3416 5699 3487 5751 οὺ
3532 5695 3726 5750 πάντα

2166 5800 2473 5865 συμφέρει,
2527 5794 2646 5863 οὐχὶ
2692 5793 2789 5863 τὴν
2829 5790 3138 5862 ἐλευθερίαν
3183 5788 3338 5858 ἡμῶν
3375 5786 3583 5841 ἀνεῖλε·
3633 5784 3725 5836 καὶ
