4028 6208
278 351 378 406 135

275 464 363 519 hic
404 473 635 532 quoque.
666 458 779 527 Ego
804 463 947 513 enim
974 496 989 521 .
1039 442 1321 527 tuquiunt.
1371 469 1432 508 os
1474 454 1594 523 equi
1638 453 1860 507 habenis

272 555 545 624 regebam.
575 549 829 620 quamdiu
874 558 929 603 tu
958 547 1215 603 tenebas:
1255 547 1379 616 quia
1421 560 1548 600 vero
1581 542 1856 609 abiecisti,

270 647 368 701 ab:
393 654 445 700 te
472 645 631 714 exigo
659 657 843 712 ptenas
871 649 1209 710 contemptus
1237 640 1331 703 tui,
1354 647 1408 692 et
1440 647 1611 691 tecum
1630 636 1857 705 compli-

268 750 366 792 cor
394 752 449 791 et
473 734 709 798 attrahe,
738 744 792 789 ut
825 749 892 788 ne
919 733 1148 802 amplius
1196 730 1299 784 tale
1344 728 1628 796 quidpiam,
1666 727 1853 795 patiar.

268 827 440 882 Nemo
467 827 643 896 itaque
675 826 916 881 habenas
955 825 1165 893 culpet,
1222 820 1316 876 sed
1368 820 1600 888 scipsum
1641 826 1695 871 et
1737 832 1854 871 cor-

266 928 484 989 ruptum
514 918 774 972 animum.
801 916 932 969 Nam
965 915 1017 968 in
1044 913 1199 975 nobis
1227 911 1408 981 auriga
1452 919 1530 963 est
1568 908 1731 967 ratio.
1758 907 1854 960 ha-

269 1008 423 1062 betur:
453 1021 671 1076 corpus,
703 1022 823 1076 qua:
851 1020 1018 1075 equos
1045 1020 1165 1057 cum
1207 1002 1388 1070 auriga
1418 999 1765 1066 conjunguut.
1797 997 1854 1051 Si

266 1112 397 1167 ergo
425 1098 531 1150 illas
558 1109 702 1150 recte
735 1096 920 1161 poma:
947 1094 1093 1158 sint,
1128 1092 1257 1145 nihil
1285 1104 1447 1160 grave
1479 1088 1728 1154 patieris;
1769 1088 1853 1141 sin

267 1188 389 1241 illas
417 1187 689 1251 dimittas,
724 1186 902 1239 omnia
946 1183 1227 1238 abolevisti
1274 1190 1327 1234 et
1359 1178 1656 1247 perdidisti.
1688 1177 1851 1231 Tem-

268 1286 520 1344 perautcs
558 1292 686 1345 ergo
712 1278 900 1338 simus,
943 1284 997 1329 et
1028 1289 1094 1327 ne
1124 1285 1435 1325 accusemus
1473 1283 1668 1337 corpus
1693 1309 1708 1334 ,
1756 1267 1850 1322 sed

266 1370 467 1423 malum
496 1370 750 1423 animum.
782 1366 912 1420 Nam
952 1365 1054 1418 hoc
1080 1363 1319 1417 maxime
1344 1362 1539 1415 diaboli
1570 1377 1704 1426 Opus
1746 1368 1845 1423 est,

269 1472 326 1514 ut
352 1463 545 1515 stultos
590 1461 759 1529 magis
785 1466 1003 1513 moveat
1046 1457 1113 1510 ad
1152 1454 1507 1510 accusandum
1552 1468 1745 1521 corpus
1796 1460 1851 1507 et

1567 1654 1907 1715 HOMILIA

260 1810 392 1863 (ἶΑΡ.
438 1809 490 1863 6.
538 1824 588 1863 v.
636 1809 722 1863 15.
774 1807 993 1861 Nescitis
1026 1812 1158 1874 quod
1185 1821 1399 1871 corpora
1439 1812 1601 1856 uestra
1628 1803 1848 1854 membra

332 1908 450 1953 sunt
481 1898 709 1953 Christi?
746 1900 924 1951 tollens
964 1914 1080 1967 ergo
1126 1895 1345 1949 membra
1388 1892 1610 1955 Christi,
1662 1892 1847 1959 faciam

333 1990 554 2043 membra
581 1989 850 2043 meretricis
866 1988 891 2039 Ρ
917 1989 1077 2039 Absit.

334 2082 387 2133 1.
429 2078 560 2133 Cum
589 2093 617 2131 a
647 2078 966 2131 l‘ornicatore
994 2078 1044 2129 in
1073 2091 1291 2129 avarum
1320 2073 1637 2136 transiisset,
1663 2086 1846 2126 rursus

256 2168 327 2221 ab
353 2166 453 2219 hoc
474 2168 617 2221 venit
644 2167 707 2219 ad
739 2166 910 2232 illum,
934 2181 1038 2219 non
1068 2166 1205 2218 ultra
1234 2164 1406 2233 ipsum
1432 2163 1730 2231 alloquens,
1753 2161 1847 2215 sed

256 2261 398 2315 alios
423 2262 510 2331 qui
560 2259 799 2315 fornicati
830 2275 934 2314 non
964 2258 1206 2322 fuerant;
1232 2266 1285 2311 et
1327 2257 1446 2309 illos
1475 2256 1722 2310 muniens
1746 2297 1761 2321 ,
1792 2265 1849 2309 ut

258 2367 328 2406 ne
371 2354 422 2405 in
464 2351 611 2421 paria
651 2350 885 2405 incidant
911 2391 925 2414 ,
957 2350 1128 2418 ipsum
1156 2348 1332 2401 denuo
1361 2346 1685 2416 perstringit.
1715 2345 1847 2398 Nam

255 2443 347 2510 qui
379 2441 647 2511 peccavit,
676 2441 885 2496 etiamsi
914 2440 978 2494 ad
1006 2441 1166 2494 alium
1192 2442 1489 2493 orationem
1516 2438 1745 2507 dirigas,
1772 2436 1849 2491 sic

254 2534 419 2587 etiam
453 2533 702 2601 pungitur
724 2573 739 2599 ,
768 2533 1033 2586 concitata
1062 2532 1387 2586 conscientia
1421 2530 1699 2598 ipsumque
1725 2544 1847 2582 ver-

256 2624 501 2680 berantc.
542 2623 849 2679 Sufllciebat
888 2625 1103 2695 quidem
1142 2634 1317 2679 metus
1359 2624 1602 2693 supplicii
1632 2623 1698 2677 ad
1730 2624 1850 2677 illos

256 2716 309 2768 in
340 2718 584 2770 castitate
611 2715 963 2769 continendos
988 2733 1001 2769 :
1026 2717 1145 2786 quia
1180 2730 1307 2769 vero
1336 2730 1438 2768 non
1470 2725 1611 2769 metu
1645 2723 1847 2769 tantum

255 2807 369 2859 ruit
409 2805 526 2860 hrec
566 2817 709 2862 recte
745 2808 1029 2874 constitui,
1072 2808 1245 2861 minas
1287 2807 1445 2861 simul
1478 2817 1531 2861 et
1573 2806 1847 2861 ratiocinia

253 2898 431 2953 atl’ert.
462 2899 574 2954 illic
603 2916 728 2969 ergo
759 2916 879 2954 cum
921 2910 1199 2970 peccatum
1240 2901 1502 2965 dixisset,
1540 2909 1593 2955 et
1634 2913 1846 2969 pinnam

254 2995 534 3045 Statuisset
562 2991 922 3061 damnumque
951 2992 1290 3059 ostendisset,
1323 2994 1461 3063 quod
1494 2994 1742 3047 omnibus
1772 2994 1848 3049 af-

256 3078 531 3134 ferebatur
550 3096 612 3135 ex
644 3082 730 3135 tali
766 3084 1103 3137 i'ornicatoris
1128 3084 1447 3149 concubitu;
1481 3084 1544 3138 ad
1569 3086 1844 3139 avaritiam

255 3172 469 3223 transiit
492 3212 506 3233 ,
538 3183 590 3225 et
618 3173 851 3227 minatus
876 3173 988 3228 fore
1018 3183 1072 3227 ut
1098 3191 1125 3225 a
1160 3188 1325 3243 regno
1350 3175 1606 3235 excidant
1631 3216 1645 3239 ,
1676 3186 1729 3230 et
1760 3176 1845 3230 hic

252 3272 309 3314 et
330 3262 513 3316 ueteri
538 3278 746 3328 omnes,
770 3279 905 3332 quos
928 3265 1215 3330 recensuit,
1241 3266 1318 3318 sic
1345 3266 1639 3320 orationem
1667 3266 1846 3319 absol-

254 3356 331 3408 vit
363 3373 375 3408 :
404 3356 489 3410 hic
522 3366 702 3412 autem
746 3359 1133 3413 horribiliorcm
1175 3359 1373 3413 inducit
1407 3359 1843 3413 admonitionem.

255 3444 388 3498 Nam
418 3447 505 3515 qui
537 3458 805 3516 peccatum
840 3452 988 3518 punit
1014 3459 1249 3514 tantum,
1284 3465 1383 3505 nec
1414 3450 1696 3505 admodum
1724 3465 1846 3521 gra—

255 3552 319 3588 ve
355 3547 407 3589 et
451 3539 688 3605 iniquum
714 3541 988 3603 ostendit,
1021 3543 1151 3595 nihil
1186 3552 1288 3595 tam
1321 3558 1569 3611 maguum
1598 3559 1690 3611 per
1719 3558 1846 3611 sup-

256 3627 472 3694 plicium
504 3624 630 3679 facit
660 3642 674 3677 :
704 3630 792 3695 qtti
827 3644 955 3681 vero
985 3629 1051 3681 ad
1083 3629 1339 3696 pudorem
1373 3632 1572 3682 inducit
1604 3641 1803 3682 tantum
1828 3670 1843 3693 ,

258 3734 432 3788 neque
474 3734 569 3789 per
599 3720 925 3788 punitionem
960 3728 1161 3784 terret,
1192 3734 1299 3772 non
1341 3720 1626 3772 admodum
1666 3720 1847 3788 pungit

255 3828 373 3875 eos,
404 3814 490 3881 qui
522 3828 624 3865 non
651 3822 773 3866 sunt
800 3828 959 3867 sensu
994 3812 1219 3881 praediti.
1250 3811 1609 3877 Quamobrem
1637 3819 1842 3865 utrum-

256 3921 362 3975 que
386 3903 509 3959 facit
528 3907 740 3970 Paulus,
757 3917 809 3962 et
832 3910 1086 3976 pudorem
1106 3908 1263 3961 infert
1279 3905 1713 3971 dicens,Nescitis
1731 3905 1849 3985 quia

255 4000 465 4069 angelos
482 4002 871 4070 judicabimus?
888 4014 941 4055 et
968 4010 1133 4055 terret
1158 4002 1241 4055 his
1262 4002 1458 4064 verbis,
1485 3998 1704 4053 Nescitis
1731 3999 1849 4065 quia

256 4092 401 4144 avari
439 4108 647 4160 regnum
686 4091 781 4143 Dei
816 4109 915 4143 non
945 4091 1309 4160 possidebum?
1336 4092 1399 4143 Et
1427 4091 1495 4143 de
1529 4092 1848 4143 fornicatore

259 4183 455 4235 iterum
491 4182 680 4235 eodem
714 4182 879 4233 utitur
906 4194 1156 4234 sermone
1188 4197 1202 4231 :
1232 4194 1353 4233 cum
1384 4180 1528 4233 enim
1570 4181 1848 4232 terruisset

259 4289 357 4344 per
383 4286 447 4326 ea
486 4286 604 4340 qua:
645 4272 791 4339 prius
828 4270 1074 4335 dixerat,
1108 4280 1161 4326 et
1199 4286 1321 4324 eum
1364 4270 1653 4324 excidisset
1688 4278 1848 4337 atque

256 4368 472 4421 Satanan
504 4364 807 4417 tradidisset
841 4363 1107 4435 futurique
1131 4364 1234 4419 diei
1265 4362 1630 4421 meminisset.
1666 4376 1848 4415 rursus

259 4458 332 4512 illi
361 4457 617 4525 pudorem
648 4458 805 4512 infert
825 4497 839 4518 ,
870 4457 1054 4511 dicens
1078 4476 1090 4510 :
1122 4457 1343 4513 Nescitis
1365 4457 1501 4527 quod
1524 4472 1737 4525 corpora
1762 4470 1847 4507 ve-

256 4560 368 4601 stra
405 4549 625 4601 membra
648 4558 769 4602 sunt
803 4547 991 4603 Christi
1004 4550 1029 4603 γ
1061 4559 1327 4617 tamquam
1370 4549 1623 4617 ingenuos
1657 4561 1849 4617 pueros

259 4640 516 4710 deinceps
539 4641 833 4711 alloquens.
868 4640 1000 4705 Quia
1027 4640 1166 4695 enim
1198 4639 1352 4697 dixit.
1384 4640 1580 4703 Corpus
1608 4638 1845 4700 Domino,

260 4746 404 4785 nunc
448 4732 644 4785 clarius
691 4732 927 4786 ostendit
970 4734 1163 4802 ipsum.
1211 4732 1275 4785 Et
1323 4730 1444 4783 alibi
1491 4745 1704 4799 quoque
1749 4730 1849 4783 hoc

262 4826 440 4891 ipsum
472 4825 615 4887 facit,
641 4824 825 4877 dicens
850 4842 863 4876 :
902 4822 999 4877 γω
1026 4826 1144 4877 estis
1173 4841 1356 4893 corpus
1385 4822 1589 4885 Christi,
1621 4834 1665 4875 et
1696 4840 1847 4875 mentv

260 4919 354 4971 bra
377 4932 441 4969 ea:
466 4926 609 4985 parte
632 4917 679 4987 (i
695 4957 707 4969 .
731 4916 849 4971 Cor.
876 4916 963 4970 12.
985 4916 1099 4987 27).
1125 4916 1193 4969 Et
1224 4918 1322 4969 hoc
1351 4918 1522 4985 ipsum
1544 4917 1849 4983 exemplum

261 5023 408 5077 sarpe
437 5008 584 5077 ponit
609 5051 623 5073 ,
656 5024 762 5063 non
794 5024 891 5079 pro
919 5010 1077 5063 rebus
1114 5007 1299 5061 iisdem
1326 5049 1341 5073 ,
1367 5008 1459 5063 sed
1488 5008 1771 5077 aliquando
1796 5017 1853 5062 ut

261 5103 605 5157 dilectionem
638 5102 915 5169 ostendat,
944 5101 1225 5173 aliquando
1256 5110 1311 5153 ut
1342 5102 1584 5155 timorem
1616 5108 1802 5170 augeat
1831 5116 1845 5164 ;

263 5197 352 5249 hic
376 5205 554 5248 autem
582 5196 754 5263 ipsum
782 5194 958 5263 posuit
979 5204 1187 5250 terrens
1206 5202 1258 5246 et
1281 5192 1526 5246 timorem
1554 5192 1845 5245 incutiens:

226 5342 233 5345 _
266 5286 471 5340 Totiens
490 5300 608 5355 ergo
630 5285 850 5338 membra
868 5284 1075 5349 Christi,
1096 5285 1283 5356 faciam
1305 5284 1524 5335 membra
1544 5282 1815 5335 meretricis
1827 5282 1853 5333 Ρ

268 5380 429 5435 Absit.
472 5376 609 5432 Nihil
643 5380 745 5432 hoc
781 5375 924 5431 dicto
963 5386 1046 5432 est
1087 5376 1411 5431 horribilius.
1445 5374 1513 5429 Et
1541 5391 1645 5429 non
1676 5375 1846 5437 dixit,

263 5470 484 5526 Totiens
513 5486 642 5540 ergo
675 5472 909 5526 membra
936 5468 1155 5533 Christi,
1189 5470 1504 5538 conjungam
1538 5468 1849 5523 meretrici?

264 5562 364 5627 sed
388 5562 551 5633 quid?
580 5561 793 5615 Faciam
820 5562 1041 5617 membra
1066 5562 1373 5615 meretricis?
1396 5562 1535 5631 quod
1564 5571 1711 5615 certe
1739 5577 1849 5615 nia-

265 5654 351 5723 gis
380 5653 667 5722 pungebat.
697 5652 897 5708 Deinde
927 5653 1116 5721 probat
1144 5652 1411 5721 quomodo
1439 5650 1481 5704 is
1504 5653 1591 5720 qui
1620 5650 1849 5704 fornica.

268 5750 358 5799 tur
383 5740 437 5798 id
467 5740 557 5796 lia!
580 5783 595 5810 ,
627 5741 814 5799 dicens
840 5760 855 5799 :
884 5742 969 5800 I6.
1002 5742 1080 5796 Αη
1115 5741 1315 5796 nescitis
1341 5740 1476 5812 quod
1503 5740 1589 5810 qui
1624 5739 1849 5794 adita-ret

1295 341 1357 396 IN
1400 341 1613 398 EPIST.
1659 343 1675 396 Ι
1742 340 1832 395 ΑΙ)
1871 339 2024 394 C0“.
2066 337 2301 395 IIOMIL.
2343 339 2529 397 XVIII.

3451 347 3553 401 N6

1969 454 2134 510 Deum
2156 464 2210 508 et
2234 455 2555 524 proximum,
2579 471 2736 527 quam
2758 467 3064 527 corruptum
3088 459 3325 513 animum
3348 477 3362 525 ;
3387 472 3442 515 ut
3464 479 3552 525 ne,

1967 548 2011 601 si
2040 561 2254 602 causam
2288 548 2610 613 invenerint,
2663 549 2954 604 liberentur
2982 566 3012 603 a
3055 550 3235 605 radice
3265 553 3550 605 maiorum.

1967 640 2072 695 Sed
2099 656 2194 695 vos
2223 657 2347 696 cum
2379 643 2599 696 insidias
2628 644 2981 716 cognoscatis,
3014 644 3146 699 iram
3176 645 3364 698 vertite
3392 646 3443 698 in
3484 647 3552 700 il-

1966 732 2109 797 lum,
2152 742 2207 787 et
2234 735 2473 803 aurigam
2497 734 2627 804 jugo
2658 736 2993 801 impenentes
3017 776 3033 801 ,
3064 735 3129 789 ad
3161 735 3324 789 Deum
3356 738 3552 789 mentis

1964 826 2179 879 oculum
2211 828 2527 881 convertite.
2556 827 2685 881 Nam
2716 829 2767 882 in
2794 828 2910 883 aliis
2934 828 3147 898 quidem
3176 827 3222 882 is
3246 828 3376 881 nihil
3397 828 3552 883 ati'ert

1964 917 2052 984 qui
2077 925 2347 971 certamen
2378 919 2673 987 proposuit,
2699 918 2791 971 sed
2814 929 3090 989 exspectat
3121 920 3315 973 tinem:
3344 919 3429 972 hic
3457 936 3550 971 au-

1966 1018 2070 1061 tem
2103 1009 2322 1064 omnino
2352 1010 2671 1079 agonotheta
2704 1021 2787 1063 est
2817 1012 2981 1066 Deus.
3012 1013 3165 1065 Hunc
3211 1028 3339 1081 ergo
3372 1015 3551 1082 propi-

1966 1100 2095 1153 tium
2126 1100 2448 1164 bal-eamus,
2484 1110 2536 1154 et
2562 1102 2781 1155 omnino
2808 1116 3201 1170 consequemur
3238 1104 3410 1155 futura
3458 1103 3551 1154 bo-

1962 1207 2051 1256 na,
2077 1193 2246 1261 gratia
2274 1202 2330 1247 et
2355 1194 2683 1263 benignitate
2719 1194 2926 1247 Domini
2974 1194 3145 1248 nostri
3171 1194 3295 1248 .Iesu
3324 1194 3546 1260 Christi,

1961 1285 2174 1350 quicum
2204 1284 2347 1337 I’atri
2379 1300 2589 1353 unaque
2613 1284 2833 1354 Spiritui
2864 1293 3052 1339 sancto
3090 1286 3263 1356 gloria
3285 1328 3297 1346 .
3350 1286 3544 1346 honor,

1962 1373 2267 1439 imperium,
2303 1390 2443 1429 nunc
2463 1384 2519 1430 et
2544 1391 2777 1446 semper,
2808 1376 2934 1429 etin
2966 1377 3163 1430 sarcula
3200 1378 3542 1429 S'J‘CIIIIII'IIIII.

1959 1470 2151 1523 Amen.

1956 1650 2190 1713 XVIII.

1962 1797 2241 1861 meretrici,
2284 1813 2441 1851 unum
2482 1815 2667 1869 corpus
2705 1803 2959 1872 eiicitur?
2982 1806 3256 1863 Undenam
3288 1810 3386 1863 hoc
3418 1828 3543 1881 per-

1958 1891 2240 1957 spicuum?
2273 1891 2435 1945 Erunt
2465 1895 2596 1946 enim
2622 1936 2637 1961 ,
2658 1892 2860 1965 inquit,
2886 1898 2987 1952 duo
3019 1903 3072 1954 in
3110 1918 3261 1956 carne
3298 1923 3413 1958 una.
3455 1909 3538 1961 17.

1961 1977 2059 2043 Qui
2088 1990 2251 2033 autent
2289 1983 2515 2037 adliceret
2553 1983 2770 2040 Domino
2793 2028 2807 2049 ,
2841 1999 2912 2043 est
2949 2008 3079 2045 unus
3106 1994 3334 2061 spiritus.
3364 1980 3547 2067 Neque

1957 2068 2099 2121 enim
2126 2071 2383 2137 permittit
2406 2074 2719 2129 concubitus
2744 2088 2798 2130 ut
2824 2080 2930 2133 duo
2957 2083 3063 2135 sint
3087 2083 3213 2147 duo,
3239 2087 3331 2140 sed
3359 2092 3547 2144 auibus

1957 2172 2118 2211 unum
2145 2161 2285 2215 facit.
2316 2160 2384 2215 Et
2408 2164 2528 2218 vide
2556 2181 2765 2221 rursum
2793 2172 3064 2238 quomodo
3084 2190 3179 2243 per
3207 2176 3344 2232 nuda
3372 2182 3545 2235 nomi-

1957 2263 2021 2301 na
2060 2252 2316 2319 procedat
2338 2296 2351 2318 ,
2379 2269 2475 2324 per
2503 2260 2839 2314 meretricem
2870 2273 2923 2317 et
2952 2280 3048 2332 per
3076 2266 3346 2323 Christum
3373 2270 3544 2326 dedu—

1956 2354 2082 2395 cens
2130 2346 2542 2402 accusationem.
2599 2350 2685 2405 18.
2738 2350 2924 2423 Fugite
2971 2359 3375 2425 fornicationem.
3429 2362 3547 2419 Non

1954 2431 2116 2497 dixit,
2150 2434 2429 2491 Abstinete
2459 2453 2487 2491 a
2518 2440 2894 2507 fornicatione;
2928 2446 3019 2499 sed
3041 2487 3056 2510 ,
3093 2448 3313 2517 Fugite;
3345 2451 3395 2505 id
3424 2464 3544 2520 est,

1954 2522 2088 2577 Cum
2115 2525 2291 2579 studio
2323 2526 2478 2582 facite
2505 2538 2562 2582 ut
2589 2545 2619 2583 a
2650 2532 2792 2585 man
2824 2534 3139 2591 libereniini.
3180 2540 3341 2594 Omne
3368 2559 3545 2610 pecca-

1956 2622 2060 2665 tum
2103 2616 2450 2687 quodcumque
2491 2624 2659 2689 fecerit
2705 2624 2853 2677 homo
2874 2667 2890 2691 ,
2922 2636 3065 2679 extra
3103 2645 3287 2698 corpus
3316 2642 3388 2684 est
3418 2647 3437 2684 :
3459 2634 3548 2701 qui

1954 2713 2118 2759 autem
2151 2710 2435 2775 fornicatur
2455 2751 2468 2774 ,
2501 2711 2553 2764 in
2582 2729 2765 2781 corpus
2793 2732 2940 2768 suum
2969 2730 3159 2786 peccat.
3194 2720 3306 2774 Hoc
3331 2730 3411 2774 est
3442 2725 3544 2777 mi-

1956 2813 2056 2852 nus
2083 2800 2287 2867 priore;
2313 2802 2407 2856 sed
2429 2803 2551 2872 quia
2574 2806 2641 2859 ab
2662 2821 2727 2859 eo
2747 2808 3003 2876 agebatur
3023 2810 3088 2864 de
3111 2811 3543 2877 fornicatoribns,

1954 2891 2186 2961 undique
2215 2893 2341 2947 illud
2372 2896 2579 2950 extollit
2601 2939 2615 2960 ,
2646 2909 2699 2953 et
2729 2914 2757 2952 a
2791 2900 3080 2969 majoribus
3106 2912 3159 2957 et
3188 2920 3217 2956 a
3250 2905 3547 2960 minoribus

1954 2983 2153 3037 crimen
2179 2986 2527 3055 amplificatis.
2559 2989 2691 3045 Illud
2714 2992 2926 3060 quidem
2951 2994 3095 3063 prius
3120 2997 3547 3065 religiosioribus

1953 3076 2153 3133 dictum
2186 3090 2267 3135 est
2293 3124 2308 3147 ,
2342 3080 2444 3136 hoc
2483 3094 2659 3138 autem
2706 3086 3159 3142 imbecillioribus.
3196 3088 3324 3141 Nam
3356 3098 3410 3144 et
3445 3090 3545 3144 hoc

1952 3184 2163 3239 quoque
2202 3170 2351 3225 Pauli
2391 3174 2664 3242 sapientia:
2693 3186 2774 3229 est
2798 3216 2815 3239 ,
2856 3192 2959 3231 non
3002 3179 3165 3232 modo
3192 3195 3220 3232 a
3254 3181 3545 3247 majoribus

1954 3260 2209 3328 pudorem
2241 3263 2499 3330 incutere,
2530 3265 2623 3319 sed
2652 3268 2810 3321 etiam
2839 3283 2869 3321 a
2900 3269 3217 3335 minoribus,
3246 3280 3297 3324 et
3323 3285 3353 3322 a
3387 3270 3544 3339 turpi-

1954 3352 2136 3407 tudine
2176 3364 2335 3424 atque
2382 3356 2448 3409 ab
2492 3357 2765 3412 indecoro.
2808 3359 2944 3423 Quid
2989 3375 3149 3428 ergo,
3193 3361 3433 3430 inquies,
3474 3377 3543 3415 an

1956 3444 2217 3499 homicida
2260 3460 2473 3499 manum
2514 3462 2617 3500 non
2659 3448 2886 3515 polluit?
2926 3450 3050 3519 quid
3095 3465 3220 3505 vero
3259 3466 3451 3505 avarus
3488 3461 3542 3505 et

1952 3536 2156 3603 rapax?
2182 3537 2235 3590 id
2264 3538 2457 3607 cuique
2486 3540 2658 3606 palam
2691 3548 2775 3594 est
2803 3559 2815 3594 :
2846 3542 2940 3595 sed
2968 3540 3089 3613 quia
3120 3542 3224 3595 dici
3259 3557 3363 3595 non
3395 3549 3542 3609 pote-

1952 3637 2033 3679 rat
2058 3627 2189 3697 nihil
2216 3642 2336 3681 esse
2360 3628 2511 3695 pejus
2537 3631 2879 3692 fornicatore,
2903 3633 3010 3683 alio
3032 3631 3192 3685 modo
3215 3630 3315 3685 hoc
3337 3633 3541 3687 crimen

1951 3718 2101 3769 auxit
2124 3717 2325 3780 dicens,
2352 3718 2405 3771 in
2440 3717 2789 3775 fornicatione
2816 3729 2984 3775 totum
3014 3736 3209 3793 corpus
3239 3722 3353 3778 ﬁeri
3381 3740 3541 3779 csse-

1952 3808 2229 3862 crandum.
2252 3807 2543 3880 Tamquam
2566 3811 2710 3866 enim
2734 3811 2974 3867 incidens
2996 3813 3049 3867 in
3072 3814 3301 3869 iebetem
3324 3794 3544 3868 immun—

1952 3901 2117 3966 ditire,
2140 3902 2541 3972 inquinamento
2563 3904 2805 3967 tinctum,
2831 3907 2908 3961 sic
2930 3907 3202 3975 polluitur.
3229 3907 3340 3962 lloc
3361 3917 3540 3961 autem

1927 3984 2109 4047 nobis
2139 3996 2297 4047 etiam
2342 3996 2391 4047 in
2425 4011 2574 4050 more
2603 4006 2705 4051 est.
2737 3996 2869 4051 Nam
2900 3997 2966 4051 ab
2991 3998 3211 4052 avaritia
3243 3998 3457 4068 quidem
3488 4009 3544 4053 et

1953 4085 2135 4151 rapina
2166 4098 2324 4137 nemo
2353 4096 2593 4138 nostrum
2625 4090 2893 4147 curaverit
2932 4089 2983 4143 in
3016 4090 3263 4143 balneum
3299 4092 3374 4144 irc
3399 4133 3413 4155 ,
3446 4090 3540 4144 sed

1953 4176 2068 4228 sine
2093 4174 2199 4228 ullo
2225 4174 2531 4231 discrimine
2556 4175 2770 4231 domum
2799 4178 2937 4233 redit
2962 4196 2973 4231 :
2997 4193 3032 4235 ι
3052 4179 3198 4235 coitu
3218 4190 3397 4235 autem
3421 4194 3543 4236 cum

1954 4266 2257 4329 meretrice,
2282 4282 2343 4321 ac
2370 4268 2411 4322 si
2442 4276 2581 4321 totus
2611 4269 2916 4324 immundus
2942 4271 3009 4325 sit
3036 4270 3280 4337 eﬂ'ectus,
3308 4272 3373 4327 ad
3403 4274 3545 4327 laxa.

1953 4372 2103 4411 crum
2132 4360 2277 4414 venit
2307 4381 2319 4416 :
2349 4362 2417 4413 ita
2449 4361 2741 4430 turpiorem
2770 4363 3053 4430 quamdam
3084 4365 3445 4433 suspicionem
3477 4384 3545 4421 ex

1955 4455 2055 4519 hoc
2082 4466 2299 4525 peccato
2329 4456 2489 4509 habet
2512 4456 2855 4510 conscientia.
2886 4455 3185 4525 Utrumque
3210 4467 3357 4512 certe
3382 4475 3545 4527 grave

1953 4558 2073 4611 est,
2110 4545 2330 4600 avaritia
2373 4560 2564 4614 nempe
2606 4556 2657 4598 et
2704 4545 3020 4611 fornicatio,
3057 4557 3111 4599 et
3151 4546 3204 4599 in
3242 4550 3544 4615 gehennam

1955 4640 2123 4708 injicit
2147 4657 2158 4691 :
2183 4654 2367 4694 verum
2397 4639 2517 4709 quia
2550 4637 2745 4691 Paulus
2769 4638 2947 4692 omnia
2973 4639 3305 4693 oeconomicis
3330 4648 3386 4692 et
3412 4654 3542 4708 pru-

1953 4735 2143 4787 denter
2169 4731 2541 4796 administrat,
2573 4745 2693 4799 quin
2720 4731 3072 4799 suppetebant
3098 4731 3272 4784 omnia
3299 4730 3543 4785 adhibuit

1954 4824 2019 4876 ad
2052 4822 2417 4877 fornicationis
2447 4824 2647 4877 crimen
2688 4821 3007 4891 augendum.
3058 4822 3146 4875 19.
3192 4821 3271 4874 An
3301 4823 3503 4876 nescitis
3524 4864 3542 4887 ,

1953 4918 2089 4985 quod
2116 4933 2298 4986 corpus
2329 4926 2544 4987 vestrum
2586 4916 2829 4984 templum
2867 4925 2940 4969 est
2969 4916 3079 4985 ejus
3113 4916 3199 4984 qui
3229 4916 3279 4969 in
3308 4916 3444 4970 vobis
3472 4927 3547 4970 est

1956 5010 2179 5078 Spiritus
2206 5010 2408 5063 sancti?

2024 5101 2079 5157 2.
2125 5103 2235 5156 Non
2266 5101 2580 5170 simpliciter
2610 5099 2778 5165 dixit,
2813 5100 3072 5170 Spiritus;
3102 5098 3217 5163 sed,
3252 5099 3353 5166 Qui
3375 5100 3429 5153 in
3459 5115 3546 5153 tro-

1955 5194 2028 5248 bis
2049 5204 2139 5258 est,
2164 5193 2303 5263 quod
2325 5192 2653 5247 consolantis
2675 5200 2790 5247 erat
2813 5207 2828 5248 :
2853 5202 2906 5247 et
2926 5206 3113 5246 rursus
3132 5192 3404 5260 explicans
3426 5190 3502 5243 ait
3527 5210 3540 5246 :

1958 5286 2117 5351 Quem
2149 5286 2339 5338 habetis
2369 5304 2400 5337 a
2426 5284 2556 5338 Deo.
2602 5284 2735 5339 Eum
2763 5285 2850 5354 qui
2882 5284 3027 5338 dedit
3061 5286 3235 5351 posuit
3261 5324 3275 5347 ,
3303 5282 3458 5336 simul
3490 5292 3545 5339 ct

1955 5378 2234 5431 sublimem
2266 5376 2495 5432 reddens
2521 5376 2839 5441 auditorem,
2863 5386 2916 5429 et
2941 5387 3147 5429 terrens
3177 5374 3544 5443 magnitudine

1955 5457 2180 5539 depositi
2206 5511 2219 5530 ,
2253 5479 2309 5523 et
2346 5470 2614 5524 desiderio
2644 5468 2926 5538 studioque
2962 5468 3301 5536 deponentis.
3340 5465 3401 5519 Et
3440 5482 3544 5519 non

1955 5564 2073 5614 estis
2110 5562 2279 5615 vestri.
2330 5561 2441 5615 Hoc
2479 5576 2583 5614 non
2626 5560 2880 5630 pudorem
2924 5559 3199 5614 inferentis
3238 5558 3397 5613 modo
3424 5568 3543 5621 est,

1955 5651 2050 5705 sed
2078 5651 2237 5705 etiam
2265 5652 2505 5720 cogentis
2533 5651 2597 5705 ad
2626 5651 2895 5705 virtutem.
2924 5650 3059 5718 Quid
3089 5650 3266 5703 enim?
3293 5648 3434 5717 quod
3464 5650 3543 5704 ris

1956 5740 2085 5798 facis
2110 5782 2125 5808 ,
2157 5742 2236 5798 ais
2264 5760 2277 5796 :
2306 5758 2410 5798 non
2443 5756 2500 5797 es
2532 5742 2605 5795 tui
2635 5741 2903 5797 dominus.
2940 5741 3062 5793 Ihec
3089 5746 3263 5791 autem
3292 5737 3502 5794 dicebat
3525 5777 3544 5808 ,
