4028 6208
479 371 579 425 Hi

482 503 591 544 non
637 486 864 540 liberum
900 480 1179 537 arbitrium
1219 478 1444 539 tollens;
1485 490 1609 530 nam
1650 487 1774 527 cum
1797 470 2061 532 dixisset,

484 576 673 632 Omnia
700 574 825 627 mihi
850 572 1003 627 licent
1024 612 1039 634 ,
1067 570 1158 626 sed
1185 584 1289 621 non
1321 565 1494 621 omnia
1518 561 1791 633 etpediuut
1814 599 1829 620 .
1861 571 1967 611 non
1995 555 2066 609 li-

486 671 746 724 bertatein
786 673 1026 720 nostram
1066 660 1289 716 abstulit
1318 675 1333 710 :
1359 664 1413 711 et
1442 655 1530 709 hic
1569 666 1757 708 rursus
1785 648 2027 704 scribens
2049 684 2068 705 .

491 760 611 814 Non
632 760 748 814 estis
768 757 939 825 uestri,
967 769 1075 810 nou
1099 751 1428 822 propositum
1448 747 1741 806 voluntatis
1765 732 2070 805 labefactat,

488 852 581 908 sed
619 867 649 903 a
694 848 927 919 nequitia
966 843 1219 907 abducit,
1249 849 1303 894 et
1342 838 1548 893 Domini
1579 850 1763 891 curam
1791 830 2070 887 ostendit:

1244 361 1285 417 8
1339 356 1617 415 .IOANNIS
1638 349 2109 411 CllllYSOSTOMI
2148 349 2463 405 ARCIIIEP.
2499 347 3032 406 CONSTANTINOP.

2171 467 2373 520 habes:
2400 466 2473 520 illi
2499 468 2703 521 servias
2722 466 2815 536 qui
2840 474 2892 521 te
2911 453 3177 521 liberavit.
3202 464 3319 521 Non
3340 464 3509 529 enim,
3528 462 3576 517 si
3599 463 3760 518 tiliam

2174 555 2399 612 haberes
2418 568 2475 612 et
2496 573 2615 612 eam
2638 573 2749 627 prae
2773 556 2998 612 stultitia
3020 556 3273 612 mercede
3293 557 3532 611 loassea
3555 554 3761 619 lenoni,

2174 657 2233 700 ut
2263 646 2647 708 fomicarelur;
2690 648 2989 718 deindeque
3027 645 3169 701 illius
3203 648 3347 717 regis
3387 646 3655 701 transiens
3677 686 3696 711 ,
3729 662 3760 701 a

2175 738 2431 793 servitute
2461 738 2738 792 liberatam
2767 753 2990 793 uxorem
3024 736 3265 791 duxisset
3283 775 3303 801 ,
3335 750 3502 804 penes
3538 744 3590 788 te
3616 742 3768 788 esset

2179 836 2361 895 ptistea
2389 829 2531 882 illam
2570 830 2620 882 in
2657 829 3009 898 prostibulum
3036 827 3236 881 ducere
3264 827 3474 904 :gscmcl
3498 827 3644 881 enim
3669 825 3768 880 de-

3659 347 3759 405 iis

491 942 613 995 ideo
637 916 928 1007 subiungit,
954 934 1047 988 20.
1088 931 1261 1001 Etnpti
1293 929 1426 982 enim
1451 927 1570 982 estis
1598 924 1777 995 pretio.
1808 922 1863 977 Si
1894 929 2072 975 autem
2178 917 2303 973 disti
2328 927 2384 973 et
2412 920 2716 974 vendidisti.
2746 920 2851 974 lies
2876 929 3056 974 nostra
3082 918 3163 973 sic
3187 916 3351 972 habet
3376 937 3391 969 :
3421 931 3638 971 carncm
3665 930 3764 969 no-

490 1047 599 1088 Ion
632 1044 750 1084 sum
791 1041 979 1090 nit-us,
1010 1023 1279 1095 quomodo
1313 1020 1483 1089 exigis
1518 1033 1547 1071 a
1587 1032 1674 1071 me
1711 1030 1773 1069 ca
1807 1028 1924 1083 qua!
1952 1017 2079 1065 sunt
2181 1017 2345 1062 stram
2390 1010 2639 1064 mercede
2681 1009 3039 1064 conduximus
3084 1006 3302 1061 diabolo
3346 1006 3494 1075 gravi
3544 1005 3718 1058 lenoni
3748 1022 3762 1057 :

490 1121 737 1193 agenda?
763 1118 1033 1189 quomodo
1060 1118 1111 1170 in
1141 1111 1485 1185 sequentibus
1514 1123 1724 1165 rursum
1750 1106 1887 1160 dicis
1906 1146 1922 1169 ,
1955 1101 2079 1158 Clo-

490 1214 688 1281 riﬁeate
712 1209 877 1264 Deum
900 1209 952 1262 in
977 1222 1188 1276 corpore
1210 1212 1372 1258 uestro
1398 1210 1443 1255 et
1470 1202 1522 1253 in
1548 1200 1729 1269 spiritu
1754 1205 1916 1249 vestro
1931 1236 1947 1260 ,
1968 1206 2083 1263 qua

498 1303 592 1357 Dei
620 1312 756 1357 sunt.

568 1394 618 1449 Γ
616 1395 887 1448 castitatem
919 1406 1023 1458 pots
1055 1386 1298 1458 peccandi
1324 1383 1471 1437 Iutbet
1497 1383 1666 1436 homo.
1693 1409 1767 1421 —
1788 1376 1925 1445 Quid
1952 1390 2083 1447 ergo

498 1486 601 1541 sibi
633 1487 749 1540 vult
774 1482 928 1547 illud,
960 1480 1082 1535 Non
1107 1479 1225 1533 estis
1250 1480 1399 1531 uestri
1415 1475 1441 1529 .’
1468 1483 1521 1528 et
1548 1472 1675 1544 quid
1708 1486 1804 1541 per
1831 1464 1936 1524 hoc
1969 1468 2081 1523 vult

496 1576 765 1653 probare?
792 1577 850 1632 In
877 1574 1164 1629 securitate
1188 1570 1515 1624 constituam
1533 1607 1548 1627 .
1581 1573 1640 1619 ut
1668 1580 1735 1619 ne
1764 1575 2083 1633 peccemus,

498 1652 600 1724 nec
623 1668 785 1722 animi
820 1662 1285 1734 concupiscentiae
1326 1658 1587 1713 absurdos
1616 1669 1921 1727 sequamur.
1953 1652 2086 1706 Nam

499 1760 663 1815 multa
690 1758 935 1817 volumus
977 1754 1209 1810 absurda
1238 1759 1294 1806 et
1328 1754 1506 1821 gravia
1533 1790 1547 1811 ,
1576 1747 1670 1802 sed
1698 1761 1761 1801 ea
1796 1743 2089 1813 reprimere

500 1859 747 1921 oportet;
793 1865 914 1903 nam
944 1844 998 1903 id
1027 1859 1313 1916 possumus
1340 1861 1354 1895 :
1383 1843 1427 1896 si
1457 1842 1600 1896 enim
1630 1853 1736 1893 non
1768 1847 2047 1905 possemus
2068 1872 2086 1897 ,

503 1942 769 2013 superﬂua
794 1950 938 1996 esset
965 1938 1279 1994 admonitio.
1308 1934 1442 1988 Vide
1466 1946 1595 2000 ergo
1615 1926 1887 1999 quomodo
1912 1926 2093 1978 ﬁrma-

506 2036 662 2088 verit.
684 2031 817 2085 Cutn
838 2029 1062 2083 dixisset
1081 2026 1249 2089 enim,
1272 2022 1393 2076 Non
1413 2023 1530 2076 estis
1553 2020 1723 2082 uestri,
1744 2031 1852 2071 non
1873 2014 2089 2083 adjecit,

506 2123 612 2179 Sed
643 2122 743 2177 sub
768 2119 1083 2174 necessitate
1109 2118 1259 2180 estis,
1288 2112 1404 2177 sed,
1432 2111 1606 2167 Pretio
1631 2108 1785 2177 empti
1819 2107 1957 2160 estis.
1983 2102 2095 2156 Cur

511 2217 613 2271 hoc
640 2213 813 2269 dicis?
854 2227 974 2265 nam
1004 2208 1258 2272 aliunde,
1298 2205 1492 2261 dixerit
1533 2202 1761 2257 fortasse
1797 2198 2092 2268 quispiam,

510 2303 793 2375 oportebat
822 2300 1044 2361 hortari,
1073 2294 1406 2351 ostendendo
1431 2308 1529 2347 nos
1559 2290 1759 2344 habere
1789 2287 2094 2342 Dominum.

510 2393 619 2449 Sed
665 2390 767 2446 hoc
807 2389 1025 2460 quidem
1064 2402 1184 2443 cum
1227 2385 1427 2439 Gnncis
1464 2382 1620 2437 nobis
1656 2389 1740 2435 est
1776 2390 2095 2438 connuuue;

515 2485 645 2539 illud
665 2498 818 2547 vero,
841 2480 1013 2534 Pretio
1037 2478 1189 2548 empti
1210 2477 1349 2540 estis,
1374 2474 1526 2529 nobis
1548 2482 1631 2527 est
1664 2470 2010 2540 pra'cipmuu.
2040 2465 2097 2520 In

518 2568 830 2634 memoriam
853 2577 997 2629 enim
1025 2580 1242 2628 revocat
1283 2568 1526 2625 beneﬁcii
1555 2564 1973 2636 magnitudinem
1999 2602 2016 2624 ,
2046 2567 2101 2614 ct

518 2668 708 2723 salutis
728 2648 965 2727 modum,
981 2660 1273 2717 ostendens
1295 2674 1393 2713 nos
1412 2674 1533 2713 cum
1554 2656 1768 2711 alienati
1792 2654 2099 2713 fuissemus,

518 2768 732 2826 emptos
760 2756 953 2819 fuisse;
980 2762 1035 2808 et
1060 2768 1167 2806 non
1193 2749 1527 2821 simpliciter,
1552 2749 1645 2801 sed
1676 2748 1862 2815 pretio.
1896 2741 2104 2809 σιω-ἱβ-

518 2857 632 2901 cate
653 2862 790 2915 ergo,
820 2853 1016 2912 portate
1038 2840 1204 2895 Deum
1227 2840 1281 2893 in
1309 2854 1519 2909 corpore
1543 2848 1704 2892 uestro
1730 2844 1775 2889 et
1798 2836 1850 2888 in
1898 2834 2102 2901 spiritu.

525 2938 637 2991 Iloc
663 2950 821 3004 porro
846 2934 1005 2997 dicit,
1034 2941 1090 2986 ut
1119 2946 1224 2987 non
1254 2945 1480 2999 corpore
1506 2929 1681 2982 solum
1712 2926 1973 2996 fugiamus
1998 2920 2106 2977 for-

525 3026 879 3089 nicationem;
912 3023 1005 3077 sed
1044 3024 1203 3076 etiam
1249 3021 1536 3090 inspiritu
1582 3022 1777 3073 anima:
1815 3016 1943 3071 nihil
1982 3014 2106 3068 mali

523 3119 841 3187 cogitemus.
864 3130 963 3169 nec
984 3115 1207 3185 gratiam
1227 3113 1522 3183 abigamus.
1549 3108 1677 3179 Quae
1694 3118 1813 3163 sunt
1834 3106 1947 3160 Dei.
1973 3105 2106 3172 Quia

526 3212 668 3265 enim
695 3210 850 3269 dixit.
888 3206 1084 3271 Vestro,
1114 3206 1235 3260 ideo
1263 3205 1476 3274 adjicit,
1507 3203 1634 3270 Qua
1661 3210 1779 3257 sunt
1809 3200 1936 3262 Dei;
1966 3212 2109 3267 strpe

530 3304 683 3379 nobis
723 3305 773 3355 in
814 3299 1128 3355 memoriam
1168 3310 1460 3361 revocans,
1491 3295 1667 3349 omnia
1708 3291 1917 3348 Domini
1947 3304 2068 3345 esse
2092 3330 2108 3353 ,

530 3410 725 3463 corpus
748 3435 764 3459 ,
794 3395 1027 3447 animam
1059 3401 1116 3445 et
1142 3391 1410 3459 spiritum.
1457 3388 1742 3442 Enimvero
1770 3384 1985 3454 quidam
2025 3382 2110 3435 tli-

532 3495 695 3549 cunt,
744 3483 873 3537 illud
928 3482 996 3535 In
1049 3484 1266 3549 spiritu,
1315 3481 1421 3534 dici
1468 3478 1619 3546 quasi
1669 3478 1720 3530 in
1769 3475 2111 3529 charismate.

532 3577 666 3633 Nam
695 3576 740 3629 si
784 3573 910 3628 illud
947 3574 1001 3625 in
1037 3571 1191 3626 nobis
1229 3570 1427 3632 fuerit,
1456 3569 1596 3623 Deus
1621 3567 1986 3637 gloriﬁcatur;
2016 3564 2118 3619 erit

535 3682 732 3731 autem,
758 3666 800 3721 si
826 3680 919 3720 cur
941 3663 1196 3719 mundum
1226 3661 1536 3716 habeamus.
1566 3660 1658 3713 Dei
1684 3668 1858 3714 autem
1888 3657 1973 3712 illa
1999 3669 2118 3711 esse

536 3759 687 3819 dixit.
713 3774 817 3812 non
848 3757 1005 3811 modo
1027 3755 1150 3826 quia
1178 3754 1265 3808 illa
1294 3753 1563 3825 produxit,
1587 3752 1682 3808 sed
1708 3751 1827 3823 quia
1852 3744 2121 3806 abaliena-

540 3860 591 3901 ta
633 3850 865 3903 secundo
910 3862 1096 3902 rursus
1136 3846 1419 3914 acquisivit
1442 3888 1455 3909 ,
1488 3845 1716 3913 pretium
1760 3858 1964 3911 ponens
1992 3855 2118 3894 san-

540 3939 751 4007 guinem
777 3938 914 3992 Filii.
937 3936 1067 3989 Vide
1086 3935 1356 4003 quomodo
1375 3935 1425 3986 in
1446 3932 1661 3987 Christo
1682 3941 1847 3985 totum
1872 3929 2117 3996 perfecit:

540 4028 807 4098 quomodo
835 4042 933 4081 nos
963 4028 1014 4079 in
1043 4025 1233 4080 ca-lum
1264 4023 1502 4079 adduxit.
1548 4022 1780 4077 Membra
1811 4021 1939 4075 estis
1968 4018 2123 4074 Chri—

542 4125 647 4190 sti,
696 4123 903 4191 inquit,
951 4118 1207 4188 templum
1251 4117 1383 4172 estis
1428 4116 1658 4185 Spiritus
1690 4132 1703 4169 :
1732 4130 1799 4168 ne
1841 4129 1969 4183 ergo
2008 4112 2124 4166 sitis

541 4217 779 4272 membra
812 4212 1109 4267 meretricis
1148 4229 1169 4265 :
1200 4226 1305 4265 non
1335 4210 1477 4264 enim
1508 4223 1703 4276 corpus
1730 4215 1966 4261 vestrum
1991 4219 2124 4258 con-

544 4308 758 4362 tumelia
807 4305 1073 4365 afﬁcitur;
1135 4316 1305 4369 neque
1352 4313 1547 4367 corpus
1586 4306 1820 4351 vestrum
1867 4305 1988 4361 est,
2030 4295 2123 4349 sed

542 4396 764 4451 Christi.
815 4396 951 4447 lltcc-
980 4405 1143 4460 porro
1182 4390 1353 4455 dixit,
1398 4388 1557 4441 simul
1596 4386 1976 4453 benignitatem
2012 4385 2127 4452 ejus

546 4487 873 4547 ostendens,
904 4481 1045 4553 quod
1084 4496 1281 4551 corpus
1320 4489 1559 4533 nostrum
1598 4477 1668 4531 sit
1696 4490 1848 4530 suum
1874 4515 1889 4539 ,
1920 4485 1974 4527 et
2014 4482 2126 4526 uta

548 4579 775 4648 maligna
821 4582 1082 4645 potestate
1125 4587 1224 4628 nos
1262 4571 1472 4641 eripiat.
1515 4568 1646 4623 Nam
1687 4567 1731 4622 si
1772 4565 2005 4619 alienum
2047 4572 2131 4615 est

545 4682 743 4738 corpus
764 4709 780 4732 ,
812 4683 917 4720 non
950 4674 1266 4735 potestatem
1307 4663 1516 4718 habetis
1544 4662 1702 4717 alieni
1730 4657 1970 4727 corporis
1997 4670 2129 4707 con—

550 4760 764 4813 tunu-lia
793 4755 1058 4810 afﬁciendi
1083 4794 1099 4818 ,
1132 4754 1301 4823 inquit
1325 4795 1339 4817 ,
1369 4754 1599 4808 maxime
1624 4768 1751 4806 vero
1778 4766 1899 4804 cum
1929 4748 1998 4801 sit
2031 4747 2132 4800 Do-

550 4849 822 4907 minicum.
849 4861 1022 4916 neque
1045 4845 1300 4914 templum
1324 4844 1553 4913 Spiritus
1579 4842 1903 4911 inquinandi.
1934 4840 1990 4896 Si
2012 4839 2131 4909 quis

548 4946 691 4997 enim
739 4941 995 5013 privatam
1032 4938 1251 4993 domum
1294 4938 1563 5007 ingressus
1586 4976 1600 4998 ,
1631 4934 1932 5004 petulanter
1966 4931 2134 5004 egerit

550 5038 601 5090 in
649 5035 736 5089 illa
762 5076 775 5098 ,
803 5043 1075 5088 extremas
1112 5030 1261 5085 dabit
1308 5044 1492 5098 pinnas
1521 5045 1535 5080 ε
1564 5028 1652 5095 qui
1697 5024 1949 5094 templum
1994 5026 2133 5094 regis

550 5129 943 5197 receptaculum
972 5125 1197 5181 latronis
1226 5121 1432 5185 fecerit,
1457 5118 1630 5189 cogita
1655 5127 1848 5188 quanta
1878 5130 2132 5185 passurus

547 5223 621 5274 sit
645 5219 802 5272 mala.
833 5216 958 5271 [lac
984 5231 1113 5285 ergo
1136 5214 1404 5284 cogitans,
1440 5211 1821 5265 iuhabitantem
1851 5224 2131 5270 reverere;

552 5315 597 5367 is
625 5312 767 5367 enim
799 5318 883 5363 est
908 5307 1216 5362 Paracletns
1242 5324 1255 5360 :
1284 5306 1409 5359 time
1441 5303 1588 5357 illum
1614 5344 1631 5365 ,
1662 5300 1751 5371 qui
1781 5308 1953 5354 tecum
1981 5316 2132 5354 com-

554 5403 778 5472 plicatus
807 5406 891 5454 est
918 5405 973 5451 et
1001 5397 1094 5451 tibi
1119 5392 1391 5457 a’dbmret;
1418 5394 1662 5448 Christus
1690 5391 1831 5446 enim
1862 5399 1963 5444 est.
1996 5390 2131 5443 Num

552 5503 607 5547 tu
639 5492 935 5545 membrum
961 5485 1161 5542 Christi
1192 5496 1244 5541 te
1275 5486 1388 5555 ipse
1416 5483 1623 5539 fecisti?
1652 5481 1740 5537 Sic
1761 5481 1937 5550 cogita
1965 5488 2019 5535 et
2045 5494 2134 5533 cae

552 5594 667 5637 stus
692 5596 850 5635 mane
871 5596 886 5632 :
910 5576 1066 5647 cujus
1091 5575 1291 5632 fuerint
1319 5574 1554 5629 membra
1581 5582 1635 5627 et
1660 5572 1813 5640 cujus
1844 5571 1976 5625 facta
2007 5571 2129 5623 sint.

554 5670 847 5727 Meretricis
876 5678 1033 5723 antea
1060 5666 1307 5733 membra.
1332 5675 1502 5723 erant.
1536 5674 1589 5718 et
1618 5662 1858 5715 Christus
1891 5662 2011 5715 fecit
2045 5660 2130 5713 illa

557 5764 793 5818 membra
820 5762 903 5818 sui
924 5758 1181 5829 corporis.
1216 5756 1331 5812 Non
1361 5772 1488 5825 ergo
1516 5756 1601 5809 illa
1629 5771 1767 5807 nunc
1796 5758 1843 5807 in
1875 5761 2132 5823 potestate

2184 1098 2373 1155 videns
2401 1102 2645 1156 Christus
2675 1103 2872 1171 eripuit
2900 1102 3041 1156 illam
3072 1110 3128 1156 et
3153 1099 3399 1155 liberavit
3426 1114 3456 1152 a
3490 1097 3773 1169 tyrannide

2186 1188 2275 1243 illa
2299 1193 2512 1245 acerba.
2542 1191 2657 1246 Non
2685 1202 2770 1247 est
2794 1207 2925 1262 ergo
2947 1192 3059 1261 jam
3091 1200 3293 1256 nosne,
3323 1188 3418 1244 sed
3448 1188 3768 1243 liberatoris.

2186 1280 2243 1337 Si
2265 1284 2395 1337 velis.
2421 1284 2494 1338 uti
2517 1286 2602 1339 illa
2626 1293 2892 1354 tamquam
2915 1284 3056 1354 regis
3074 1299 3291 1356 sponsa,
3311 1295 3471 1337 nemo
3493 1279 3734 1350 prohibet
3755 1295 3777 1341 ;'

2187 1372 2270 1426 sin
2308 1370 2375 1426 ad
2416 1374 2592 1443 priora
2632 1374 2851 1428 duxeris
2875 1414 2893 1440 ,
2922 1373 3111 1428 eadem
3151 1372 3404 1444 patieris,
3426 1385 3546 1439 qua:
3573 1383 3667 1437 par
3690 1376 3775 1422 est

2190 1465 2296 1535 pati
2338 1465 2775 1521 contumeliosos.
2809 1466 2933 1522 Ideo
2972 1467 3147 1537 potius
3188 1465 3276 1520 illa
3314 1474 3398 1520 est
3426 1458 3770 1521 exornanda',

2188 1570 2348 1626 quam
2375 1556 2573 1626 probro
2592 1557 2872 1613 afﬁcienda
2919 1557 3104 1627 Neque
3124 1557 3265 1611 enim
3288 1553 3581 1625 potentiam
3600 1550 3777 1606 carnis

2192 1647 2359 1703 habes
2393 1647 2447 1702 in
2476 1648 2654 1717 pravis
2676 1648 3155 1716 concupiscentiis,
3182 1646 3275 1703 sed
3307 1647 3360 1701 in
3388 1647 3453 1702 iis
3477 1643 3629 1706 solis,
3657 1657 3777 1713 qua

2191 1738 2334 1794 Dem
2360 1738 2697 1808 ρι-τουερθτίι,
2738 1734 2923 1807 Cogita
2951 1752 3082 1807 ergo
3115 1752 3145 1790 ι
3184 1745 3379 1806 quanta
3419 1736 3562 1789 illam
3591 1726 3796 1808 contus

2192 1836 2367 1891 melia
2397 1833 2703 1890 liberaverit
2746 1833 2888 1889 Deus
2916 1850 2929 1886 :
2957 1832 3145 1902 quavis
3177 1832 3319 1887 enim
3349 1828 3635 1884 meretrice
3664 1835 3779 1880 tur—

2195 1928 2315 1997 pior
2348 1927 2628 2000 prosubat
2654 1936 2808 1981 antea
2840 1935 3025 1981 natura
3062 1932 3265 1979 nostra.
3296 1921 3428 1977 Nam
3459 1918 3734 1975 latret-iuta
3760 1957 3779 1982 ,

2196 2016 2503 2082 homicidia,
2532 2026 2588 2071 et
2620 2019 2822 2086 qumvis
2848 2016 3026 2085 iniqua
3054 2015 3309 2083 cogitatio
3339 2013 3391 2065 in
3422 2011 3568 2063 illam
3600 2008 3781 2077 ingreo

2196 2108 2370 2171 diens,
2399 2124 2520 2162 cum
2549 2109 2727 2162 anima
2756 2106 3144 2163 concumbcbat
3168 2146 3185 2167 ,
3219 2117 3376 2172 parva
3408 2101 3607 2169 vilique
3636 2112 3781 2151 mer-

2196 2200 2372 2266 cede,
2417 2200 2699 2269 pmsentis
2744 2213 2938 2268 nempe
2987 2195 3295 2262 voluptatis.
3353 2193 3541 2247 Anima
3586 2189 3786 2260 quippe

2197 2290 2485 2348 commixta
2513 2306 2635 2344 cum
2668 2290 2823 2343 malis
2848 2288 3257 2359 cogitationibus
3287 2294 3342 2341 et
3369 2283 3573 2339 actibus
3592 2320 3611 2347 ,
3647 2279 3789 2333 banc

2198 2382 2373 2439 solum
2403 2383 2728 2453 percipiebat
2750 2381 3073 2437 mercedem.

2273 2476 2326 2531 5.
2373 2474 2480 2529 Sed
2508 2474 2625 2528 bare
2652 2472 2867 2543 quidem
2912 2481 3072 2525 antea
3097 2468 3212 2525 ﬁeri
3241 2483 3402 2540 grave
3446 2482 3567 2521 cum
3607 2473 3785 2529 esset,

2204 2582 2308 2620 non
2340 2575 2445 2618 tam
2469 2580 2631 2635 grave
2651 2573 2765 2617 erat
2786 2580 2799 2615 :
2826 2571 2946 2632 post
2967 2563 3155 2617 czelum
3183 2569 3384 2621 autem,
3400 2565 3523 2627 post
3540 2569 3787 2626 regulum.

2205 2667 2484 2727 postquam
2511 2653 2789 2729 tremenda
2834 2652 3143 2723 perceperis
3170 2651 3445 2722 mysteria,
3472 2661 3683 2702 rursum
3712 2646 3794 2699 in-

2203 2748 2435 2820 quinari,
2459 2762 2619 2818 quam
2641 2747 2857 2801 habebit
2885 2745 3133 2798 veniam?
3159 2743 3348 2797 Annon
3370 2740 3643 2796 existimas
3666 2751 3791 2791 eum

2204 2846 2381 2901 avaris
2391 2853 2447 2899 et
2461 2844 2579 2898 aliis
2594 2842 2843 2896 omnibus
2862 2855 2996 2909 quos
3011 2836 3362 2902 cuumeravit,
3387 2835 3559 2903 ipsum
3578 2845 3793 2886 accum-

2208 2936 2335 2991 bere
2381 2933 2691 2988 diabolum?
2735 2932 2985 2985 mulieres
3035 2938 3212 2983 autem
3260 2926 3328 2981 ad
3374 2924 3647 2981 libidinem
3700 2937 3794 2974 oro

2209 3036 2361 3081 natas
2387 3041 2492 3079 non
2520 3037 2709 3079 ccnscs
2748 3038 2868 3077 cum
2913 3021 3004 3076 illo
3038 3017 3412 3075 commisceri?
3451 3014 3635 3086 ecquis
3670 3013 3797 3069 huic

2210 3115 2444 3172 sermoni
2469 3113 2882 3169 contradixerit?
2907 3110 3059 3180 Quod
3085 3109 3131 3164 si
3156 3110 3276 3181 quis
3300 3108 3370 3162 sit
3397 3105 3759 3163 contentiosus
3776 3143 3795 3165 ,

2212 3217 2373 3262 exuat
2429 3207 2661 3261 animam
2720 3203 3003 3258 mulierum
3055 3216 3177 3271 quze
3248 3214 3310 3254 se
3361 3196 3497 3253 adeo
3545 3194 3801 3250 indecore

2214 3306 2426 3370 gerunt,
2443 3307 2496 3353 et
2516 3295 2717 3352 videbit
2737 3294 3024 3365 malignum
3051 3293 3199 3346 illum
3222 3290 3523 3345 daemonem
3548 3300 3667 3341 cum
3694 3284 3803 3338 illis

2216 3390 2371 3445 valde
2411 3387 2719 3457 complicari
2766 3396 2820 3441 et
2863 3382 3221 3440 commisceri.
3254 3379 3480 3435 Difﬁcile
3512 3377 3656 3432 enim
3696 3383 3801 3434 est.

2218 3480 2420 3541 dilecti,
2436 3477 2653 3532 difllcile
2672 3484 2773 3539 est,
2798 3475 2906 3528 imo
2928 3471 3153 3527 fortasse
3179 3469 3530 3539 impossibile,
3547 3465 3699 3520 utsic
3717 3480 3807 3517 or-

2220 3580 2347 3624 nato
2373 3583 2621 3637 corpore,
2657 3565 2813 3621 simul
2845 3579 3055 3635 quoque
3093 3572 3315 3617 ornetur
3351 3561 3563 3625 anima;
3589 3557 3681 3613 sed
3712 3572 3810 3611 ue-

2221 3676 2371 3717 cesse
2405 3670 2486 3716 est
2528 3660 2751 3714 alterum
2801 3658 3066 3728 negligere
3094 3670 3214 3709 eum
3245 3654 3333 3724 qui
3360 3652 3579 3707 alterius
3619 3663 3809 3711 curam

2223 3754 2410 3811 habet:
2428 3769 2598 3823 neque
2622 3752 2765 3807 enim
2790 3768 2855 3806 ex
2885 3760 3068 3805 natura
3100 3764 3193 3803 sua
3221 3747 3335 3801 haec
3352 3744 3513 3800 simul
3540 3756 3660 3797 esse
3688 3753 3813 3803 pos-

2223 3855 2365 3901 sunt.
2394 3845 2521 3898 Ideo
2545 3845 2657 3897 ait:
2692 3843 2794 3907 Qui
2821 3841 3047 3893 actitaret
3072 3836 3351 3895 meretrici,
3380 3840 3455 3883 est
3495 3844 3650 3882 unum
3688 3842 3809 3879 caro

2228 3952 2323 4005 pus
2352 3950 2370 3987 :
2395 3936 2480 4001 qui
2506 3943 2675 3984 autem
2703 3932 2927 3982 adhcret
2954 3926 3189 3986 Domino,
3218 3937 3349 3975 unus
3368 3920 3575 3987 spiritus
3594 3925 3684 3971 est.
3720 3916 3815 3969 Ille

2229 4004 2457 4092 namque
2482 4019 2697 4075 tandem
2753 4016 2970 4085 spiritus
3014 4012 3274 4074 eflicitur,
3308 4009 3433 4063 licet
3477 4020 3707 4076 corpore
3747 4004 3818 4057 sit

2228 4111 2607 4171 circumdatus.
2647 4109 2871 4178 Quando
2919 4106 3061 4162 enim
3118 4104 3246 4160 nihil
3301 4115 3655 4171 corporeum,
3683 4098 3815 4151 nihil

2229 4222 2488 4270 crassum,
2519 4204 2647 4259 nihil
2693 4214 2960 4257 terrenum
3004 4201 3144 4254 circa
3190 4201 3362 4269 ipsum
3405 4195 3582 4261 fuerit,
3613 4193 3821 4261 simpli-

2229 4303 2366 4357 citer
2417 4311 2645 4367 corpore
2697 4294 3056 4350 circunulatur
3088 4312 3101 4349 :
3131 4307 3255 4347 cum
3295 4300 3437 4345 totus
3490 4286 3822 4359 principatus

2230 4392 2302 4447 sit
2324 4392 2517 4444 anima:
2544 4397 2598 4442 et
2622 4388 2859 4456 spiritus,
2891 4386 2967 4440 sic
2993 4385 3319 4454 gloriﬁcatur
3356 4384 3515 4437 Deus.
3544 4378 3821 4449 Quamob-

2233 4497 2346 4535 rem
2387 4482 2439 4532 in
2467 4479 2709 4533 oratione
2733 4477 2911 4529 dicere
2940 4474 3211 4541 jubemur,
3242 4473 3603 4534 Sanctiﬁcetur
3639 4486 3822 4525 nomen

2235 4579 2406 4631 tuum;
2427 4574 2482 4621 et
2500 4565 2746 4619 Christus
2772 4563 2841 4616 ait
2863 4579 2877 4615 :
2901 4562 3085 4615 Luceat
3110 4562 3203 4614 lux
3227 4570 3389 4613 vestra
3412 4576 3585 4613 coram
3611 4559 3827 4613 homini-

2238 4661 2349 4722 bus,
2374 4668 2429 4711 ut
2454 4657 2655 4710 uideant
2682 4672 2836 4723 Opera
2861 4664 3025 4708 uestra
3052 4652 3204 4714 bona,
3223 4657 3270 4703 et
3299 4649 3579 4720 glorificent
3610 4647 3824 4703 Patrem

2235 4763 2454 4807 uestrum
2481 4750 2563 4819 qui
2592 4749 2643 4803 in
2672 4749 2809 4803 σωιὶε
2839 4757 2909 4801 est
2942 4746 2960 4817 (
2991 4743 3173 4797 Matth.
3229 4742 3284 4797 5.
3339 4738 3408 4794 16
3431 4741 3471 4808 ).
3516 4738 3606 4794 Sic
3646 4738 3824 4808 ipsum

2237 4843 2537 4914 gloriﬁcaut
2564 4843 2725 4896 etiam
2753 4838 2893 4904 etnli,
2918 4852 3023 4891 non
3045 4848 3230 4889 vocem
3253 4833 3581 4899 cmittentes,
3604 4829 3697 4887 sed
3724 4845 3825 4903 per

2238 4944 2512 5005 aspectum
2566 4932 2975 4987 admirationem
3026 4934 3468 4990 commoventes,
3495 4935 3549 4980 et
3597 4924 3827 4995 gloriam

2236 5025 2473 5081 Creatori
2497 5025 2806 5085 referentes.
2825 5021 2915 5075 Sic
2937 5018 3295 5087 gloriﬁcemus
3315 5015 3461 5071 illum
3486 5025 3542 5071 et
3566 5030 3697 5081 nos;
3721 5015 3833 5069 imo

2238 5118 2407 5187 magis
2446 5130 2605 5186 quam
2651 5114 2758 5177 illi;
2790 5122 3070 5181 possumus
3105 5106 3247 5161 enim
3286 5106 3331 5162 si
3372 5108 3616 5166 velimus.
3644 5105 3831 5176 Neque

2240 5210 2381 5263 enim
2429 5209 2502 5261 ita
2546 5205 2737 5261 caelum
2764 5213 2820 5259 et
2843 5202 2959 5256 dies
2986 5208 3042 5254 et
3066 5214 3169 5253 nox
3216 5199 3384 5255 Deum
3435 5196 3700 5269 gloriﬁcat
3724 5239 3741 5263 ,
3769 5206 3831 5251 ut

2239 5299 2417 5352 anima
2446 5306 2652 5351 sancta.
2701 5294 2853 5349 Sicut
2886 5290 3029 5346 enim
3069 5290 3192 5359 quis
3218 5289 3335 5345 caeli
3375 5287 3826 5358 pulchritudinem

2240 5387 2536 5459 respiciens
2564 5384 2712 5446 dicit,
2737 5382 2916 5439 Gloria
2931 5378 3047 5448 tibi,
3066 5378 3209 5436 Deus
3237 5397 3251 5433 :
3283 5377 3441 5449 quale
3462 5392 3597 5448 opus
3618 5376 3790 5432 fccisti
3817 5379 3831 5432 Ι

2241 5480 2314 5532 ita
2341 5486 2395 5532 et
2418 5476 2514 5531 viri
2541 5474 2789 5527 virtutem
2817 5473 3049 5535 intuens,
3081 5468 3189 5524 imo
3216 5468 3306 5525 hic
3335 5467 3502 5523 multo
3528 5466 3716 5535 magis.
3743 5464 3827 5520 Ab

2243 5571 2347 5623 illis
2375 5580 2605 5635 namque
2632 5564 2891 5619 creaturis
2931 5578 3039 5617 non
3080 5573 3270 5617 omnes
3310 5558 3477 5614 Deum
3503 5555 3831 5629 gloriﬁcant,

2240 5660 2335 5714 scd
2363 5660 2521 5717 etiam
2549 5656 2701 5709 multi
2731 5656 2819 5708 illa
2846 5662 3119 5709 automata
3160 5666 3280 5708 esse
3318 5648 3538 5713 dicunt;
3586 5647 3672 5700 alii
3702 5661 3835 5700 vero

2244 5750 2574 5806 dmmmiibus
2596 5746 2888 5801 attribuunt
2908 5744 3089 5801 mundi
3113 5743 3439 5799 creationem
3465 5750 3518 5796 et
3545 5734 3841 5809 [Inviden-
