4028 6208
244 393 352 449 N7

240 511 482 568 ἐνταῦθα
512 514 680 568 πάλιν
724 516 976 588 γράφων,
1009 515 1093 569 ὅτι
1148 518 1271 570 Οὐκ
1308 516 1453 570 ἐστὲ
1482 513 1733 578 ἑαυτῶν,
1763 514 1827 568 ού

236 596 309 666 τῇ
339 596 657 667 προαιρέσει
684 596 1032 668 λυμαίνεται,
1062 598 1199 653 ἀλλά
1221 598 1327 669 τῆς
1352 597 1552 663 κακίας
1594 596 1822 666 ἀπάγει,

236 677 337 730 καὶ
376 677 472 730 τοῦ
516 680 790 733 Δεσπότου
832 681 931 751 τὴν
968 681 1297 753 κηδεμονίαν
1341 682 1697 736 ἐνδείκνυται.
1734 679 1829 733 Διὸ

236 760 335 812 zeal
363 761 678 830 ἐπήγαγεν·
736 763 1143 831 Ἠτοράσθητε
1164 764 1279 835 γὰρ
1309 764 1507 834 τιμῆς.
1542 763 1606 817 El
1631 762 1690 815 δέ
1725 763 1826 814 ούκ

235 843 355 911 εἰμὶ
374 842 637 911 ἐμαυτοῦ,
677 843 798 906 πῶς
827 861 897 915 με
915 847 1171 909 ἀπαιτεῖς
1198 849 1268 901 τὰ
1300 845 1582 919 πρακτέας
1618 844 1737 908 πῶς
1766 843 1824 897 δέ

232 924 441 993 προῖὼν
466 925 648 992 λέγεις
674 926 858 992 πάλιν,
890 927 1199 993 Δοξάσατε
1226 930 1305 998 δὴ
1327 931 1436 983 τὸν·
1470 928 1621 983 Θεὸν
1644 928 1717 981 ἐν
1740 925 1825 991 τῷ

228 1006 461 1074 σώματι
490 1008 662 1077 ὑμῶν
700 1010 802 1065 καί
849 1010 922 1063 ἐν
950 1012 1033 1077 τῷ
1070 1013 1365 1082 πνεύματι
1410 1010 1600 1081 ὑμῶν,
1645 1010 1823 1066 ἅτινά

227 1089 363 1141 ἐστι
390 1090 497 1143 τοῦ
531 1092 719 1155 Θεοῦ;

302 1173 370 1224 Τί
400 1170 495 1229 οὖν
527 1176 674 1228 ἐστι»
689 1177 772 1241 τὸ,
800 1180 924 1231 οὐκ
948 1177 1094 1233 ἐστὲ
1124 1176 1387 1242 ἐαυτῶνς
1420 1178 1517 1232 zeal
1545 1178 1599 1230 τί
1621 1178 1689 1230 δι’
1720 1178 1818 1229 αύ-

224 1254 323 1309 τοῦ
356 1261 767 1339 κατασκευάσαι
798 1259 1079 1330 βούλεται;
1119 1262 1209 1314 Ἑν
1236 1250 1507 1331 ἀσφαλεία
1532 1262 1815 1330 καταστῆ-

228 1355 323 1392 σαι
372 1340 467 1393 τοῦ
514 1342 591 1411 μὴ
630 1343 967 1414 ἁμαρτάνειν
1002 1343 1137 1414 μηδὲ
1184 1346 1304 1406 ταῖς
1356 1343 1677 1412 ἐπιθυμίαις
1713 1346 1815 1414 τῆς

225 1422 409 1492 ψυχῆς
448 1422 762 1478 ἀκολουθεῖν
785 1430 907 1490 ταῖς
938 1427 1179 1489 ἀτόποις.
1204 1426 1316 1478 Καὶ
1352 1426 1461 1495 γὰρ
1493 1426 1666 1480 πολλά
1694 1426 1815 1496 βουο

225 1503 433 1575 λόμεθα
468 1506 669 1570 ἄτοπα,
702 1507 839 1561 ἀλλά
880 1508 1133 1579 κατέχειν
1179 1509 1291 1562 δεῖ·
1336 1509 1619 1581 δυνάμεθα
1664 1510 1809 1581 γάρ·

221 1587 275 1638 εί
300 1587 359 1639 δέ
384 1587 460 1659 μή
482 1589 781 1660 δυνάμεθα,
809 1591 1041 1663 περιττὴ
1068 1594 1102 1663 ή
1132 1592 1478 1662 παραίνεσις.
1505 1593 1650 1663 Ὅρα
1679 1594 1811 1662 γοῦν

219 1668 344 1733 πῶς
393 1671 747 1740 ἠσφαλίσατο.
800 1674 987 1728 Εἰπὼν
1028 1676 1160 1746 γὰρ,
1210 1677 1334 1729 Οὐκ
1380 1676 1524 1730 ἐστὲ
1551 1676 1805 1742 ἑαυτῶν,

214 1750 321 1803 οὐκ
343 1752 645 1823 ἐπήγαγεν,
689 1754 829 1809 Ἀλλ’
871 1756 965 1809 ὑπ’
998 1758 1246 1828 ἀνάγκην
1278 1759 1435 1821 ἐστέ,
1464 1758 1602 1822 ἀλλ’,
1646 1760 1808 1830 Ἠνο-

207 1833 487 1901 ρόσθητε
535 1836 731 1905 τιμῆς.
795 1838 896 1891 Διά
945 1840 999 1892 τί
1054 1839 1213 1892 τοῦτο
1274 1840 1493 1908 λέγεις;
1546 1842 1643 1895 καὶ
1696 1843 1806 1914 μὴν

214 1916 509 1988 ἐτέρωθεν,
551 1919 699 1974 είποι
740 1938 825 1981 τις
874 1922 941 1975 ἀν
985 1922 1136 1986 ίσως,
1172 1922 1280 1976 ἔδει
1334 1924 1664 1995 προτρέψαι,
1694 1926 1803 1978 δεί-

214 1998 424 2051 κνύντα
456 2000 541 2053 δτι
581 2003 862 2072 Δεσπότην
906 2003 1122 2075 ἔχομεν.
1182 2004 1345 2058 Ἀλλά
1377 2005 1537 2059 τοῦτο
1568 2006 1670 2077 μέν
1708 2007 1805 2060 zeal

213 2081 645 2155 πρὸςἜλληνας
674 2086 806 2155 ἡμῖν
842 2086 1042 2151 κοινὸν,
1071 2087 1132 2139 τὸ
1168 2088 1247 2147 δέ,
1291 2088 1685 2157 Ἡγοράσθητε
1718 2108 1802 2143 τι-

205 2161 365 2233 μῆς,
396 2165 555 2235 ήμῶν
602 2167 900 2237 ἐξαίρετον.
945 2168 1381 2239 Ἀνσμιμνήσκει
1430 2170 1540 2242 γάρ
1571 2173 1666 2224 τοῦ
1702 2191 1801 2243 με-

209 2253 408 2322 γέθους
430 2254 531 2325 τῆς
552 2258 871 2328 εὐεργεσίας
896 2261 992 2314 καὶ
1015 2260 1110 2314 τοῦ
1137 2261 1340 2332 τρόπου
1373 2261 1475 2331 τῆς
1501 2266 1796 2334 σωτηρίας,

205 2336 431 2402 δεικνὺς
454 2340 536 2392 δτι
593 2341 1049 2414 ἀλλοτριωθέντες
1082 2345 1506 2417 ὴγοράσθημενο
1558 2349 1652 2401 zeal
1700 2347 1799 2419 οὐχ

206 2420 421 2483 ἀπλῶς.
446 2422 583 2476 ἀλλά
617 2424 806 2494 τιμῆς.
834 2425 1141 2490 Δοξάσατε
1158 2426 1259 2495 δὴ,
1294 2428 1477 2494 ἄρατε
1505 2429 1613 2482 τὸν
1649 2432 1799 2485 Θεὸν

206 2502 281 2554 ἐν·
314 2502 396 2569 τῷ
416 2505 643 2573 σώματι
665 2505 832 2577 ὑμῶν
856 2509 954 2561 καὶ
985 2510 1056 2563 ἐν
1082 2508 1161 2575 τῷ
1180 2512 1496 2578 π’νεύματι.
1527 2513 1712 2568 Ταῦτα
1741 2514 1797 2568 δέ

204 2585 380 2654 λέγει,
412 2586 554 2642 ὥστε
594 2589 672 2660 μὴ
712 2589 793 2662 τῷ
822 2591 1037 2661 σώματι
1070 2593 1232 2662 μόνον
1274 2593 1498 2662 φεύγειν
1525 2595 1626 2667 τήν
1658 2615 1795 2668 1:09-

204 2670 382 2731 νείαν,
424 2670 560 2724 ἀλλά
598 2673 691 2725 zeal
732 2677 791 2725 ἐν
822 2673 979 2745 [154]
1016 2675 1097 2745 τῷ
1148 2676 1424 2746 πνεύματι
1471 2677 1573 2746 τῆς
1615 2681 1795 2750 ψυχῆς

205 2752 380 2823 μηδὲν
433 2754 668 2823 πονηρὸν
709 2754 1019 2823 λογίζεσθαι
1063 2758 1160 2809 zeal
1207 2757 1454 2812 ἐλαύνειν
1482 2760 1584 2830 τὴν
1610 2762 1789 2832 χάριν.

202 2833 411 2888 Ἀτινὰ
433 2836 566 2889 ἐστι
604 2838 713 2891 τοῦ
752 2838 924 2891 Θεοῦ.
964 2839 1187 2912 Ἐπειδὴ
1215 2840 1325 2911 γάρ
1353 2838 1529 2907 εἴπεν,
1574 2843 1789 2913 ’Υμῶτα

196 2916 288 2971 διὰ
315 2918 477 2972 τοῦτο
495 2921 798 2990 ἐπήγαγεν,
824 2922 1023 2976 Ἀτινά
1049 2923 1183 2977 ἐστι
1211 2923 1319 2977 τοῦ
1350 2925 1521 2987 Θεοῦ,
1551 2928 1791 2997 συνεχῶς

195 3004 639 3075 ἀναμιμνήσκων
659 3007 829 3075 ήμᾶς,
852 3006 934 3059 δτι
958 3007 1141 3061 πάντα
1160 3009 1486 3074 Δεσποτικὰ,
1512 3010 1608 3064 zeal
1630 3011 1789 3082 σῶμα

194 3086 296 3139 zeal
323 3085 473 3156 ψυχή
496 3089 588 3140 zeal
613 3086 854 3158 πνεῦμα.
884 3090 994 3143 Kal
1014 3092 1122 3160 γάρ
1151 3091 1295 3155 τινές
1316 3109 1470 3160 φασι.
1493 3092 1577 3159 Τῷ
1602 3096 1788 3149 πνεύ-

186 3182 359 3235 ματι,
396 3166 475 3237 τῷ
506 3170 812 3245 χαρίσματι
838 3171 1037 3241 λέγειν.
1076 3175 1174 3227 Ἂν
1211 3173 1321 3244 γὰρ
1349 3176 1528 3229 ἐκεῖνο
1655 3180 1788 3249 παρ’

191 3252 353 3321 ἡμῖν,
403 3250 687 3317 δοξάζεται
727 3256 757 3306 6
780 3255 943 3319 Θεός·
976 3256 1128 3310 ἔσται
1162 3257 1242 3318 δὲ,
1276 3257 1344 3310 ἂν
1372 3258 1623 3329 καθαράν
1654 3277 1789 3330 ιιαρ⁴

188 3332 315 3387 δίαν
353 3333 588 3405 ἔχωμεν.
621 3336 729 3390 τοῦ
754 3336 891 3391 Θεοῦ
920 3338 977 3391 δέ
1009 3340 1151 3393 αύτά
1193 3339 1415 3409 ἔφησεν,
1456 3342 1559 3394 οὐκ
1597 3343 1787 3415 ἐπειδὴ

189 3416 523 3497 παρήγαγεν
572 3419 713 3473 αὐτὰ
749 3421 933 3497 μόνον,
959 3422 1097 3497 “alr,
1127 3420 1333 3493 ἐπειδὴ
1366 3424 1461 3476 zeal
1499 3423 1787 3497 ἀλλοτριω-

189 3496 381 3567 θέντα,
418 3500 487 3551 ἐκ
515 3494 979 3573 δευτέρουτῑτάλιν
1000 3506 1292 3575 ἐκτήσατο,
1335 3508 1502 3577 τιμὴν
1543 3509 1605 3561 τὸ
1644 3494 1783 3580 αἷμα

186 3580 288 3632 τοῦ
323 3580 521 3643 Παιδὸς
556 3585 836 3648 καταθείς.
888 3586 1032 3656 Ὅρα
1061 3586 1180 3650 πῶς
1206 3589 1287 3650 είς
1332 3589 1424 3642 τὸν
1452 3590 1689 3659 Χριστὸν
1722 3591 1784 3645 τὸ

335 3664 607 3751 ἀπήρτ-ισε
625 3682 639 3695 ·
673 3667 790 3751 πῶς
833 3670 981 3737 ἡμᾶς
1012 3672 1091 3732 είς
1119 3670 1212 3722 τὸν
1240 3671 1472 3741 οὐρανὸν
1510 3673 1780 3751 ἀνήγαγε.

189 3745 348 3815 Μέλη
372 3747 468 3800 τοῦ
510 3749 751 3821 Χριστοῦ
792 3752 940 3815 ἐστε,
966 3754 1122 3822 φησὶ,
1160 3754 1289 3816 ναός
1321 3757 1444 3806 ἐστε
1483 3756 1579 3808 τοῦ
1605 3745 1777 3811 Πνεύ-

190 3845 402 3899 ματος·
456 3832 532 3900 μὴ
576 3831 758 3886 τοίνυν
795 3835 1012 3899 γίνεσθε
1034 3835 1241 3906 πόρνης
1278 3835 1449 3907 μέλη·
1488 3838 1551 3890 οὐ
1581 3842 1691 3911 γὰρ
1716 3843 1780 3894 τὸ

185 3913 355 3983 σῶμα
397 3913 460 3966 τὸ
508 3915 662 3986 ὑμῶν
712 3916 1029 3987 ὑϐρίζεται·
1076 3918 1138 3970 οὐ
1176 3919 1287 3988 γὰρ
1326 3919 1388 3972 τὸ
1418 3919 1580 3991 σῶμα
1623 3924 1779 3993 ὑμῶν

182 3997 360 4058 ἐστιν,
386 3996 524 4050 ἀλλὰ
560 3999 655 4053 τοῦ
680 4000 724 4052 Χ
735 3999 941 4071 ριστοῦ.
981 3999 1167 4054 Ταῦτα
1190 4001 1247 4055 δὲ
1279 4001 1487 4070 ἔλεγεν,
1510 4004 1647 4075 ὁμοῦ
1686 4008 1779 4061 καὶ

179 4080 287 4150 τήν
326 4080 739 4152 φιλανθρωπίαν
768 4082 1199 4152 ἐνδεικνύμενος,
1224 4085 1308 4137 ὅτι
1332 4085 1499 4140 αὑτοῦ
1531 4088 1592 4141 τὸ
1617 4088 1777 4159 σῶμα

180 4163 250 4216 τὸ
294 4162 591 4235 ήμέτερον,
632 4166 727 4218 zeal
779 4167 879 4235 τῆς
919 4166 1171 4233 ἐξουσίας
1206 4167 1309 4238 τῆς
1350 4171 1596 4241 πονηρᾶς
1629 4173 1777 4243 ἡμᾶς

182 4246 613 4317 ἀφαιρούμενος.
665 4249 728 4301 El
771 4248 881 4315 γὰρ
914 4248 1197 4319 ἀλλότριόν
1236 4251 1351 4303 ἐστι
1373 4252 1436 4304 τὸ
1464 4253 1644 4323 σῶμα,
1674 4257 1775 4309 οὐκ

181 4328 344 4398 εχετε
385 4329 635 4394 ἐξουσίαν
658 4331 941 4402 ἀλλότριον
981 4332 1145 4401 σῶμα
1196 4332 1460 4404 ὑϐρίζειν,
1493 4336 1648 4405 φησὶ,
1680 4338 1777 4389 zeal

184 4410 439 4481 μάλιστα
484 4413 615 4466 ὅταν
701 4413 1057 4476 Δεσποτικὸν,
1088 4414 1209 4467 οὐδὲ
1238 4415 1364 4469 ναὸν
1398 4416 1649 4487 μολύνειν
1682 4416 1775 4472 τοῦ

182 4493 531 4563 Πνεύματος.
564 4496 626 4549 El
655 4497 764 4567 γὰρ
794 4495 1036 4567 ἰδιωτικῇ
1073 4513 1157 4559 τις
1191 4498 1433 4551 ἐπελθὼν
1470 4501 1640 4572 οἰκίᾳ,
1682 4504 1776 4555 καὶ

184 4578 456 4647 κωμάσας
488 4580 569 4642 είς
602 4580 841 4651 ἐκείνην,
890 4581 991 4651 τὴν
1047 4582 1285 4651 ἐσχάτην
1317 4581 1477 4635 δώσει
1522 4584 1713 4654 δίκην·
1746 4587 1774 4637 6

183 4661 455 4731 βασιλέως
482 4664 611 4716 ναὸν
658 4664 858 4738 λῃστοῦ
898 4665 1069 4717 ποιῶν
1117 4664 1485 4733 καταγώγιον.
1518 4668 1773 4737 ἐννόησον

180 4745 330 4799 πόσα
358 4746 609 4800 πείσεται
636 4749 804 4801 κακά.
830 4748 1017 4801 Ταῦτα
1049 4744 1143 4801 οὖν
1179 4751 1459 4819 ἐννοήσας,
1493 4751 1772 4822 αἰδέσθητι

176 4829 274 4882 τὸν
318 4826 639 4884 ἐνοικοῦντα
663 4848 678 4861 ·
732 4834 762 4885 6
816 4831 923 4905 γὰρ
968 4833 1330 4903 Παράκλητός
1389 4835 1537 4885 ἐστιν
1582 4827 1769 4897 οὗτος·

178 4911 375 4981 φρῖξαν
419 4912 511 4965 τὸν
558 4914 1056 4985 συμπεπλεγμένον
1089 4933 1171 4969 σοι
1210 4916 1306 4969 zeal
1340 4915 1768 4983 κεκολλημένον·

175 4998 209 5047 6
235 4997 349 5067 γὰρ
378 4998 616 5068 Χριστός
647 5002 785 5053 ἐστι.
814 5000 906 5070 Μὴ
950 4999 1060 5071 γὰρ
1092 5000 1156 5053 σὺ
1188 5000 1322 5071 μέλη
1371 4999 1609 5069 Χριστοῦ
1639 5002 1766 5054 ἐαυ-

175 5078 273 5130 τὸν
302 5080 603 5150 ἐποίησαςς
646 5081 931 5151 Ἐννόησον
965 5082 1131 5145 οὕτω,
1162 5084 1256 5136 zeal
1286 5083 1418 5153 μένε
1451 5084 1763 5154 σωφρονῶν,

174 5160 326 5225 τίνος
355 5157 425 5232 ἦν
457 5164 593 5234 μέλη
619 5176 668 5230 ι,
700 5166 796 5219 καὶ
839 5166 984 5230 τίνος
1016 5167 1230 5235 γέγονε.
1262 5167 1479 5237 Πόρνης
1527 5160 1597 5234 ἦν
1629 5166 1766 5238 μέλη

177 5243 293 5314 πρὸ
328 5244 547 5310 τούτου,
579 5249 674 5301 καὶ
718 5250 748 5302 6
775 5248 1012 5319 Χριστὸς
1043 5248 1299 5318 ἐποίησεν
1331 5247 1472 5301 αύτά
1503 5246 1642 5317 μέλη
1672 5249 1767 5302 τοῦ

179 5326 317 5380 ίδίου
367 5325 643 5396 σώματος.
675 5331 792 5385 Οὐκ
823 5333 932 5398 ἀρα
977 5332 1157 5385 αὐτῶν
1187 5331 1436 5396 ἐξουσίαν
1479 5330 1623 5400 ἔχεις
1653 5330 1768 5385 λοι-

176 5410 315 5462 πόν·
340 5408 536 5478 ἐκείνῳ
556 5408 774 5464 δούλευε
806 5414 883 5483 τῷ
910 5413 1361 5485 ἐλευθερώσαντι.
1389 5413 1527 5467 υὺδέ
1556 5413 1643 5484 γάι
1678 5460 1686 5475 ,
1719 5418 1769 5470 εί

178 5490 465 5563 θυγατέρα
494 5492 656 5563 ἔχων,
686 5495 752 5547 ἐκ
776 5497 978 5567 πολλῆς
1023 5498 1123 5567 τῆς
1165 5497 1351 5561 ἀνοίας
1389 5497 1768 5567 ἐξεμίσθωσας

176 5572 355 5644 αὐτὴν
411 5574 802 5645 πορνοϐοσκῷ,
854 5580 1216 5650 πορνεύεσθαι
1278 5580 1578 5652 ἐποίησας,
1646 5579 1769 5637 εἶτα

182 5655 451 5723 βασιλέως
500 5659 614 5722 υίὸς
666 5657 878 5731 παριὼν
935 5660 1277 5733 ἠλευθέρωσέ
1332 5681 1391 5716 τε
1442 5664 1612 5735 αὐτὴν
1666 5668 1767 5736 τῆς

178 5738 425 5801 δουλείας
450 5743 667 5812 ἐκείνης
704 5744 798 5796 zeal
841 5744 1077 5813 συνῆψεν
1115 5746 1313 5817 ἐαυτῷ,
1348 5746 1538 5815 κύριος
1567 5742 1617 5799 εἰ
1656 5748 1767 5800 λοι-

250 5903 278 5931 ⁸
308 5900 464 5953 lore!
492 5941 505 5964 ,
525 5905 651 5961 τίνος
675 5908 757 5957 οὖν
775 5908 911 5970 μέλη.

1265 391 1333 449 IN
1372 392 1598 452 EPIST.
1634 395 1654 452 I
1690 396 1783 453 Δῐ)
1818 394 1981 452 COB.
2022 396 2256 454 ﬂOIIL.
2299 396 2483 453 XVIII.

3410 407 3518 464 ηε

1936 512 2038 565 τεὸν
2067 512 2221 580 ἄγειν
2261 512 2435 583 αὐτὴν
2462 513 2557 565 ἐπὶ
2583 511 2647 565 τὸ
2671 518 2955 585 πορνεῖον·
2986 514 3138 585 ἅπαξ
3177 520 3277 592 ίάρ
3306 520 3515 588 aenea;

1936 595 2027 647 zeal
2051 594 2363 662 ἐπώλησας.
2384 594 2639 647 Τοιοῦτόν
2659 597 2775 648 ἐστι
2808 599 2903 650 καὶ
2925 597 2988 651 τὸ
3007 600 3275 671 ήμέτερον
3292 620 3309 634 ·
3331 603 3515 674 tam-

1928 676 2219 746 σθώοαμεν
2268 677 2367 748 τὴν
2412 678 2596 747 σάρκα
2654 678 2756 749 τὴν
2785 680 2995 733 ἑαυτῶν
3036 681 3115 752 τῷ
3142 682 3398 757 διαϐόλῳ,
3430 686 3516 758 τῷ

1925 759 2146 829 χαλεπῷ
2188 760 2546 831 πορνοϐοσκῷ
2568 777 2582 789 ·
2622 761 2748 815 ἰδὼν
2775 764 2804 815 6
2834 762 3091 833 Χριστὸς,
3118 766 3389 837 ἐρρύσατο
3410 768 3512 821 αύ-

1923 842 2025 913 τὴν
2052 844 2148 896 καὶ
2174 843 2453 915 ἀπήλλαξε
2498 845 2599 913 τῆς
2636 848 2881 917 πονηρᾶς
2918 848 3229 916 τυραννίδος
3254 849 3507 922 ἐκείνης·

1920 926 1984 977 οὐ
2003 927 2185 979 τοίνυν
2210 928 2361 980 ἐστὶν
2386 926 2631 998 ἡμετέρα
2660 926 2870 991 λοιπὸν,
2898 928 3034 997 ἀλλά
3058 928 3152 982 τοῦ
3176 932 3507 1002 ῥυσαμένου.

1933 1008 2059 1063 Ἐάν
2096 1010 2287 1082 ἐθέλῃς
2331 1011 2407 1075 ὡς
2451 1011 2642 1085 νύμφῃ
2670 1011 2938 1081 βασιλέως
2977 1014 3302 1086 κεχρῆσθαι,
3329 1016 3509 1081 οὐδεὶς

1918 1092 1947 1141 6
1990 1091 2246 1145 κωλύων·
2299 1094 2396 1147 ἐὰν
2437 1094 2493 1147 δέ
2542 1096 2636 1148 ἐπὶ
2670 1094 2740 1149 τά
2779 1096 3024 1167 πρότερα
3065 1098 3302 1169 ἀγάγῃς,
3340 1099 3507 1172 πείσῃ

1915 1176 1984 1227 τὰ
2037 1178 2197 1242 αὐτὰ,
2249 1179 2286 1231 ἃ
2338 1179 2466 1242 τοὺς
2511 1178 2739 1233 τοιαῦτα
2788 1178 3114 1249 ὑϐρίζοντας
3166 1181 3337 1245 εἰκός.
3412 1183 3510 1235 Διὸ

1918 1258 2119 1326 μᾶλλον
2158 1259 2331 1329 αὐτὴν
2364 1264 2737 1333 κατακοσμεῖν
2765 1261 2896 1333 χρὴ,
2935 1262 3058 1333 οὐχὶ
3093 1262 3499 1333 καταισχύνειν.

1915 1343 1991 1394 Ού
2019 1345 2127 1415 γὰρ
2168 1343 2312 1413 ἐχεις
2342 1344 2593 1411 ἐξουσίαν
2619 1346 2723 1415 τῆς
2763 1345 2967 1416 σαρκὸς
2996 1348 3055 1397 ἐν
3091 1348 3213 1408 ταῖς
3239 1350 3503 1421 πονηραῖς

1912 1423 2258 1494 ἐπιθυμίαις,
2294 1426 2413 1478 ἀλλ’
2453 1426 2513 1478 ἐν
2560 1422 2643 1491 οἷς
2688 1427 2755 1479 ἂν
2784 1430 2813 1480 6
2856 1426 2990 1489 Θεὸς
3018 1428 3251 1500 ἐπιτάξῃ
3292 1429 3500 1497 μόνοις.

1923 1506 2208 1578 Ἐννόησον
2257 1507 2387 1575 γοῦν
2428 1508 2624 1579 ἡλίκης
2670 1510 2843 1580 αὐτὴν
2876 1508 3089 1582 ὕϐρεως
3126 1509 3439 1580 ἀπήλλαξεν
3467 1512 3502 1558 ὁ

1908 1587 2071 1652 Θεός·
2128 1589 2222 1643 καὶ
2267 1592 2377 1661 γὰρ
2434 1592 2618 1662 πάσης
2670 1592 2876 1663 πόρνης
2909 1593 3262 1663 αἰσχρότερον
3310 1610 3499 1665 προει-

1909 1672 2101 1741 στήκει
2153 1672 2188 1742 ή
2247 1672 2411 1741 φύσις
2466 1675 2502 1743 ή
2549 1674 2799 1746 ήμετέρα
2850 1674 2956 1746 πρὸ
2994 1675 3209 1728 τούτου.
3249 1675 3359 1727 Kal
3387 1674 3500 1748 γάρ

1904 1753 2152 1825 λῃστεῖαι
2193 1756 2289 1807 καὶ
2336 1755 2705 1827 ἀνδροφονίαι,
2757 1758 2852 1810 καὶ
2906 1758 3139 1821 ἕκαστος
3178 1757 3497 1829 παράνομος

1904 1833 2166 1905 λογισμὸς
2221 1836 2360 1907 πρὸς
2411 1836 2581 1908 αὐτὴν
2635 1839 2844 1903 είσιὼν,
2911 1839 3370 1902 συγκατεκλίνετο
3423 1843 3497 1910 τῇ

1901 1917 2068 1989 ψυχῇ,
2122 1919 2217 1973 zeal
2268 1919 2625 1989 μισθώματος
2680 1922 2865 1989 ὀλίγου
2918 1922 3017 1976 καὶ
3065 1921 3163 1975 τοῦ
3216 1922 3494 1992 τυχόντος,

1901 2002 2001 2072 τῆς
2040 2002 2325 2075 παρούσης
2360 2003 2579 2073 ἡδονῆς.
2620 2004 2686 2059 Ἦ
2720 2005 2830 2077 γὰρ
2862 2005 3012 2076 ψυχὴ
3037 2005 3320 2077 φυρομένη
3353 2006 3496 2076 μιτά

1899 2083 2011 2136 τῶν
2054 2084 2311 2157 πονηρῶν
2352 2086 2576 2140 ἐννοιῶν
2632 2087 2729 2141 καὶ
2772 2087 3049 2161 πράξεων,
3095 2088 3285 2142 τοῦτον
3327 2090 3498 2159 ἐκιιρ⁶
3583 2156 3587 2161 Ι

1902 2166 2069 2220 ποῦτο
2102 2168 2268 2238 μόνον
2286 2168 2382 2222 τὸν
2408 2168 2618 2239 μισθόν.

1966 2340 2036 2408 γ’.
2057 2339 2210 2414 [155]
2242 2342 2404 2398 Ἀλλά
2436 2344 2499 2397 τὸ
2529 2345 2631 2416 μὲν
2676 2346 2785 2415 1:96
2802 2347 2996 2400 τούτου
3035 2348 3207 2404 ταῦτα
3246 2352 3491 2420 γίνεσθαι

1896 2422 2073 2475 καίτοι
2100 2422 2273 2477 δεινὸν
2293 2424 2373 2489 δν,
2401 2425 2501 2496 οὐχ
2541 2425 2687 2480 οὕτω
2713 2427 2889 2483 δεινὸν
2912 2423 2983 2501 ἦν
3001 2447 3018 2463 ·
3054 2430 3119 2485 τό
3145 2432 3204 2486 δέ
3232 2430 3381 2503 μετὲ
3394 2435 3491 2489 τὸν

1892 2506 2143 2574 οὐρανὸν,
2175 2506 2316 2576 μετὰ
2338 2507 2407 2561 τά
2438 2507 2705 2577 βασίλεια,
2748 2510 2890 2582 μετά
2925 2512 2986 2565 τὸ
3013 2512 3123 2566 τῶν
3164 2516 3487 2587 μυστηρίων

1892 2586 2200 2642 ἀπολαῦσαι
2258 2586 2370 2643 τῶν
2413 2591 2661 2660 φρικτῶν
2716 2592 2880 2645 πάλιν
2928 2593 3277 2664 μολύνεσθαι,
3326 2586 3491 2651 ποίαν

1893 2671 2004 2739 ἐξει
2047 2671 2413 2743 συγγνώμηνς
2460 2668 2538 2726 Ἦ
2582 2676 2685 2728 οὐκ
2717 2674 2823 2728 οίει
2854 2677 2948 2729 zeal
2990 2680 3103 2740 τοῖς
3134 2677 3488 2745 πλεονέκταις

1893 2757 2001 2830 καὶ¹
2023 2756 2211 2819 πᾶσιν,
2252 2750 2335 2819 οἷς
2372 2756 2684 2828 ἔμπροσθεν
2726 2759 3152 2830 ἀπηρίθμησεν,
3192 2761 3356 2814 αὐτὸν
3388 2750 3487 2816 τὸν

1889 2836 2139 2890 διάϐολον
2167 2840 2733 2906 συγκατακλίνεσθαις
2766 2840 2866 2904 τάς
2899 2841 3482 2915 δένκαλλωπιζομένας

1889 2919 2027 2990 πρὸς
2054 2920 2351 2987 ἀσέλγειαν
2378 2923 2648 2986 γυναῖκας
2689 2923 2789 2991 οὐχ
2839 2926 2946 2993 ήγῇ
2994 2923 3113 2993 μετ’
3153 2925 3364 2979 ἐκείνω
3392 2925 3482 2996 μίέ

1888 3000 2157 3071 γνυσθαι;
2210 3003 2307 3057 zeal
2360 3004 2445 3067 τίς
2496 3004 2717 3074 ἀντερεῖ
2759 3004 2938 3076 τούτῳ
2986 3006 3067 3075 τῷ
3104 3005 3286 3075 λόγως
3325 3008 3388 3061 EI
3417 3008 3480 3062 δέ

1888 3086 2005 3138 ἐστι
2034 3102 2119 3149 τις
2171 3085 2513 3154 φιλονεικῶν,
2551 3085 2836 3139 ἀποδυέτω
2877 3086 2977 3158 τήν
3022 3087 3203 3160 ψυχὴν
3244 3090 3356 3142 τῶν
3408 3091 3480 3145 τά

1884 3167 2113 3222 τοιαῦτα
2144 3168 2571 3239 ἀσχημονουσῶν
2596 3169 2895 3238 γυναικῶν,
2921 3171 3016 3222 zeal
3040 3169 3231 3239 δψεται
3259 3171 3481 3237 πάντως

1884 3250 1977 3303 τὸν
2015 3252 2252 3322 πονηρὸν
2281 3251 2512 3321 δαίμονα
2540 3254 2749 3306 ἐκεῖνον
2771 3251 3019 3321 σφοδρῶς
3049 3254 3477 3326 συμπεπλεγμέ-

1885 3350 1975 3387 νον
2001 3335 2211 3396 αὑταῖς.
2244 3335 2512 3387 Δύσκολον
2534 3335 2665 3403 γὰρ,
2691 3335 2990 3403 ἀγαπητοὶ,
3022 3334 3302 3401 δύσκολον,
3333 3340 3479 3409 τάχα

1883 3415 1941 3469 δὲ
1957 3417 2050 3469 zeal
2077 3418 2377 3487 ἀμήχανον,
2404 3415 2499 3468 τοῦ
2523 3415 2775 3485 σώματος
2800 3414 3280 3485 καλλωπιζομένου
3310 3418 3474 3483 οὕτω,

1883 3499 1979 3552 zeal
2015 3498 2113 3568 τὴν
2165 3500 2344 3570 ψυχὴν
2391 3498 2527 3570 ὁμοῦ
2571 3499 3013 3563 καλλωπίζεσθαι
3047 3518 3061 3531 ·
3104 3500 3218 3555 ἀλλ’
3256 3502 3475 3574 ἀνάγκη

1884 3580 2115 3654 θάτερον
2141 3582 2481 3653 ἀμελεῖσθαι,
2517 3581 2947 3653 ἐπιμελουμένου
2975 3583 3235 3655 θατέρου·
3271 3585 3333 3637 ού
3362 3584 3472 3658 γὰρ

1884 3666 1997 3734 ἔχει
2024 3666 2187 3735 φύσιν
2211 3667 2348 3735 ὁμοῦ
2384 3665 2558 3719 ταῦτα
2588 3666 2854 3735 γίνεσθαι.
2883 3668 2975 3718 Διό
3008 3685 3196 3737 φησιν·
3243 3668 3308 3721 ’0
3332 3674 3474 3724 κολ-

1882 3748 2151 3817 λώμενος
2186 3748 2261 3817 τῇ
2291 3751 2507 3817 πόρνῃ,
2544 3748 2616 3802 ἐν
2642 3749 2816 3818 σῶμά
2849 3751 3026 3803 ἐστιν
3045 3769 3058 3781 ·
3092 3754 3125 3805 ό
3150 3750 3220 3804 δὲ
3253 3752 3474 3807 κολλώ

1876 3848 2063 3900 μενος
2117 3830 2198 3895 τῷ
2240 3833 2458 3899 Κυρίῳ,
2510 3831 2581 3885 ἐν
2631 3831 2869 3901 πνεῦμά
2902 3832 3054 3885 ἐστι.
3088 3832 3311 3904 Πνεῦμα
3360 3835 3473 3907 γὰρ

1879 3917 2089 3984 γίνεται
2138 3915 2327 3970 λοιπὸν
2366 3918 2395 3968 6
2443 3915 2707 3979 τοιοῦτος,
2762 3917 2864 3968 κᾶν
2916 3914 3077 3986 σῶμα
3132 3919 3467 3987 περίκειται.

1881 4000 2049 4053 Ὅταν
2074 3999 2184 4070 γὰρ
2217 3999 2383 4069 μηδὲν
2415 3998 2725 4069 σωματικὸν
2766 3998 2903 4068 μηδὲ
2938 3999 3082 4068 παχὺ
3114 3999 3249 4068 μηδὲ
3279 3999 3470 4069 γήῖνον

1876 4083 2006 4153 περὶ
2050 4084 2214 4136 αὑτὸν
2244 4078 2300 4153 ᾖ,
2333 4081 2521 4144 άπλῶς
2559 4082 2619 4133 τὸ
2669 4080 2830 4151 σῶμα
2887 4082 3196 4152 περίκειται
3230 4097 3243 4109 ’
3270 4083 3399 4133 ὅταν
3432 4085 3467 4152 η

1878 4165 2029 4216 πᾶσα
2063 4162 2210 4234 ἀρχὴ
2252 4163 2351 4233 τῆς
2380 4162 2560 4232 ψυχῆς
2662 4166 2756 4215 zeal
2804 4162 2897 4215 τοῦ
2942 4163 3276 4233 πνεύματος,
3321 4163 3467 4216 οὕτω

1876 4248 2157 4313 δοξάζεται
2187 4249 2217 4300 6
2248 4247 2402 4309 Θεός.
2451 4247 2542 4300 Διὸ
2586 4248 2681 4301 zeal
2725 4250 2782 4300 ἐν
2820 4250 2887 4317 τῇ
2944 4248 3076 4317 εὐχῇ
3131 4248 3465 4317 κελευόμεθα

1878 4331 2078 4400 λέγειν·
2121 4330 2478 4401 Ἁγιασθήτω
2517 4331 2585 4385 τὸ
2611 4330 2800 4399 ὄνομά
2827 4347 2944 4384 σου
2971 4346 2986 4359 ·
3029 4331 3125 4383 zeal
3165 4332 3198 4381 6
3230 4330 3464 4399 Χριστός

1878 4430 2033 4483 φησι·
2066 4413 2368 4483 Λαμψάτω
2395 4414 2461 4467 τὸ
2495 4412 2623 4479 φῶς
2649 4413 2817 4482 ὑμῶν
2843 4412 3187 4481 ἔμπροσθεν
3208 4412 3326 4466 τῶν
3357 4414 3465 4468 ὠν-

1877 4496 2146 4565 θρώπων,
2177 4497 2336 4561 ὅπως
2366 4496 2538 4551 τδωσι
2570 4498 2644 4549 τὰ
2672 4497 2825 4550 καλὰ
2858 4497 3003 4565 ἔργα
3026 4493 3214 4563 ὑμῶν,
3248 4497 3346 4549 καὶ
3369 4496 3463 4550 ὅο-

1874 4578 2110 4641 ξάσωσι
2148 4579 2256 4631 τὸν
2297 4578 2531 4646 Πατέρα
2565 4577 2734 4647 ὑμῶν
2759 4578 2867 4630 τὸν
2910 4580 2979 4631 ὲν
3004 4578 3127 4644 τοῖς
3159 4578 3457 4645 οὐρανοῖς.

1875 4662 2033 4715 Οὖτω
2073 4661 2390 4725 δοξάζουσιν
2434 4663 2599 4715 αὐτὸν
2654 4663 2751 4714 zeal
2788 4663 2836 4713 οἱ
2878 4662 3129 4732 οὐρανοὶ,
3170 4663 3231 4713 ού
3275 4661 3459 4732 φωνήν

1872 4745 2147 4812 ἀφιέντες,
2179 4743 2316 4797 ἀλλὰ
2338 4744 2429 4797 διὰ
2462 4745 2557 4815 τῆς
2586 4743 2759 4813 ὅψεως
2794 4744 3216 4814 θαυμαζόμενοι,
3248 4745 3338 4797 καὶ
3361 4746 3459 4815 τήν

1870 4826 2027 4892 δόξαν
2061 4827 2141 4889 είς
2177 4827 2269 4879 τὸν
2301 4826 2645 4896 Δημιουργὸν
2684 4828 3067 4896 ἀναφέροντες.
3108 4826 3265 4880 οὕτω
3298 4827 3455 4893 δοξά-

1873 4924 2057 4978 σωμεν
2077 4908 2237 4961 αὑτὸν
2259 4909 2353 4961 zeal
2381 4911 2563 4979 ἡμεῖς,
2586 4910 2785 4981 μᾶλλον
2813 4909 2869 4962 δὲ
2899 4911 2996 4963 zeal
3019 4910 3179 4962 πλέον
3199 4909 3424 4963 ἐκείνων
3438 4927 3453 4943 ·

1872 4990 2150 5061 δυνάμεθα
2184 4992 2311 5062 γὰρ,
2346 4991 2413 5045 ἀν
2443 4992 2735 5063 ἐθέλωμεν.
2771 4994 2845 5046 Οὐ
2875 4992 2986 5064 γὰρ
3012 4992 3185 5055 οὕτως
3226 4994 3457 5064 οὐρανὸς

1871 5074 1965 5127 καὶ
1987 5074 2171 5147 ἡμέρα
2196 5077 2290 5128 zeal
2319 5076 2437 5141 νὺξ,
2470 5076 2547 5139 ὡς
2577 5078 2708 5145 ἀγία
2739 5077 2888 5149 ψυχή
2911 5078 3121 5143 δοξάζει
3146 5077 3293 5131 Θεόν.
3323 5077 3455 5132 Ὥσο

1870 5172 1979 5228 περ
2001 5158 2109 5233 γᾲρ
2134 5158 2213 5220 είς
2240 5157 2301 5209 τὸ
2319 5158 2515 5220 κάλλος
2540 5160 2635 5212 τοῦ
2654 5161 2884 5232 ούρανοῦ
2912 5178 2994 5223 τις
3015 5160 3255 5230 ἀφορῶν,
3281 5160 3451 5228 λέγει·

1869 5240 2006 5304 Δόξα
2037 5257 2141 5303 σοι,
2170 5242 2200 5292 6
2236 5239 2389 5304 Θεὸς,
2433 5242 2546 5295 οἱον
2584 5241 2745 5312 ἔργον
2774 5243 2994 5305 ἔκτισας
3015 5258 3029 5270 ’
3058 5242 3203 5295 οὕτω
3245 5243 3310 5313 δὴ
3358 5244 3452 5296 zeal

1870 5326 1949 5386 είς
1974 5322 2169 5393 ἀνδρὸς
2192 5323 2396 5393 ἀρετήν
2424 5322 2658 5393 βλέπων,
2686 5324 2780 5378 zeal
2810 5324 2989 5394 πολλῷ
3006 5324 3164 5377 πλέον
3192 5325 3446 5380 ἐνταῦθα.

1900 5407 2007 5458 An’
2034 5406 2259 5457 ἐκείνων
2286 5406 2385 5474 μέν
2417 5406 2527 5475 γὰρ
2549 5407 2657 5459 τῶν
2694 5406 3012 5475 κτισμάτων
3042 5408 3105 5457 οὐ
3141 5408 3344 5468 πάντες
3366 5406 3452 5458 δο-

1871 5486 2142 5553 ξάζουσιν,
2179 5486 2313 5539 ἀλλά
2342 5487 2525 5540 πολλοὶ
2550 5490 2643 5541 καὶ
2670 5489 2955 5557 αὐτόματα
2978 5485 3120 5541 εἶναι
3145 5488 3360 5556 λέγουσι
3381 5489 3452 5541 τά

1868 5572 1995 5624 ὂντα
2018 5586 2029 5599 ·
2066 5569 2213 5623 ἄλλοι
2250 5569 2307 5622 δέ
2340 5571 2435 5624 zeal
2481 5570 2730 5640 δαίμοσιν
2769 5570 3088 5624 ἀνατιθέασι
3120 5569 3214 5623 τοῦ
3243 5568 3450 5639 κόσμου

1868 5655 1967 5724 τὴν
1999 5652 2362 5723 δημιουργίαν
2407 5658 2503 5708 καὶ
2551 5655 2649 5726 τὴν
2697 5656 2974 5724 πρόνοιαν,
3008 5655 3058 5707 οἶ
3105 5654 3199 5705 καὶ
3244 5653 3449 5725 σφόδρα

1869 5736 2234 5805 ἀσύγγνωστα
2263 5737 2666 5807 ἁμαρτάνουσιν
2691 5756 2705 5770 ·
2738 5741 2831 5792 ἐπὶ
2849 5741 2906 5793 δὲ
2928 5736 3216 5808 ἀνθρώπου
3247 5737 3450 5807 ἀρετῆς

1871 5820 2043 5881 οὐδεὶς
2070 5818 2295 5872 τοιαῦτα
2330 5822 2758 5892 ἀναισχυντῆσαι
2799 5823 3105 5890 δυνήσεται,
3136 5818 3272 5873 ἀλλά
3313 5822 3449 5875 πάν-

1876 5921 1978 5967 τως
2020 5901 2231 5967 δοξάσει
2274 5903 2362 5955 τὸν
2411 5903 2565 5972 Θεὸν,
2616 5907 2707 5959 τὸν
2756 5903 3075 5958 δουλεύοντα
3119 5904 3265 5975 αύτῷ
3313 5904 3451 5972 μετά
