4028 6208
331 218 437 276 ιιι»

327 339 477 404 tiam,
500 340 641 411 quod
669 347 945 409 peccatum
968 338 1057 394 vix
1085 336 1292 393 veniam
1320 340 1563 392 admittat
1593 358 1605 391 :
1637 340 1776 391 circa
1808 339 1916 391 vir-

323 441 494 485 tutem
535 440 715 486 autem
763 431 1030 495 hominis,
1066 447 1222 486 nemo
1258 433 1335 485 sic
1375 431 1711 499 impudenter
1756 446 1916 499 agere

326 522 545 590 poterit,
565 523 657 577 sed
680 524 898 577 omnino
917 523 1238 593 glorificabit
1261 523 1450 585 Deum,
1473 523 1598 574 dum
1623 521 1769 575 videt
1791 534 1913 574 eum

323 613 416 676 qui
451 613 559 666 Deo
588 614 751 667 servit
778 624 965 668 sancte
1012 617 1299 667 viventem.
1342 613 1479 680 Quis
1500 614 1640 666 enim
1681 627 1784 664 non
1815 605 1913 666 ob-

324 715 615 775 stupescet,
662 705 873 773 quando
915 706 1176 775 quispiam
1200 749 1212 770 ,
1245 705 1405 759 homo
1429 720 1548 758 cum
1576 705 1643 756 sit
1668 719 1911 755 commu-

325 794 515 862 nisque
537 805 739 848 natune
770 798 1058 865 particeps,
1086 797 1135 849 in
1167 796 1463 864 mediisque
1491 808 1710 848 versans
1741 793 1913 845 homi-

324 884 483 938 nibus
507 931 523 950 ,
551 885 689 939 sicut
714 888 953 952 adamas,
1006 905 1109 941 non
1154 886 1484 940 convertitur
1509 884 1572 937 ad
1605 886 1909 952 passionqu

322 977 561 1045 agmen?
587 994 707 1032 cum
739 979 876 1033 inter
924 980 1095 1049 ignem
1125 991 1179 1033 et
1206 979 1403 1032 ferrum
1427 990 1481 1032 et
1513 977 1649 1031 feras
1692 990 1910 1031 versans

322 1065 607 1121 adamante
646 1070 834 1123 fortior
872 1080 973 1133 est,
1005 1078 1057 1123 el
1086 1085 1180 1137 per
1224 1070 1435 1138 pietatis
1480 1068 1700 1121 verbum
1742 1068 1907 1120 ratio-

321 1170 553 1225 nemque
580 1160 758 1212 omnia
786 1159 1146 1228 superaverit?
1171 1158 1383 1226 quando
1412 1158 1616 1225 probris
1652 1158 1901 1221 afficitur,

319 1259 375 1301 et
401 1249 710 1304 henedicit?
738 1251 949 1321 quando
995 1253 1131 1305 male
1177 1251 1320 1311 audit
1362 1261 1413 1302 et
1455 1250 1665 1303 laudat?
1695 1250 1904 1317 quamlo

320 1342 562 1395 molestia
594 1345 640 1397 ei
669 1354 900 1407 creatur,
924 1354 978 1396 et
1001 1344 1087 1396 ille
1116 1354 1229 1395 orat
1259 1358 1353 1409 pro
1384 1343 1445 1395 iis
1474 1342 1562 1411 qui
1593 1357 1771 1395 secum
1800 1341 1902 1395 ini-

316 1447 424 1500 que
444 1435 643 1501 agunt?
662 1434 876 1502 quando
902 1435 1108 1487 insidiis
1127 1435 1413 1501 appetitm',
1433 1443 1485 1487 et
1509 1434 1619 1500 ipse
1647 1432 1900 1485 beneficia

317 1532 536 1591 pmstut
584 1524 982 1578 insidiatoribus
1008 1536 1062 1578 et
1087 1525 1441 1577 adversariis?
1482 1525 1603 1577 ll:rc
1628 1533 1681 1577 et
1708 1523 1897 1577 similia

315 1615 488 1682 magis
522 1631 679 1682 quant
718 1616 834 1669 «δειειί
876 1615 1173 1684 glorificant
1216 1616 1401 1667 Deum.
1452 1615 1624 1668 ϐτωεὶ
1672 1630 1899 1682 namque

311 1706 503 1759 cmlum
554 1706 830 1769 videntes,
861 1722 967 1759 non
1016 1706 1218 1775 pudore
1263 1704 1600 1765 afficiuntur;
1656 1714 1897 1759 sanctum

309 1809 492 1851 autem
524 1798 693 1852 virum
726 1799 966 1853 videntes
1015 1809 1261 1853 accurate
1313 1798 1699 1866 philosophiam
1741 1797 1897 1851 exhi-

312 1891 553 1956 bentem,
586 1891 785 1959 pudore
813 1890 1438 1959 sulfunduntur‘seseque
1462 1890 1736 1943 damnant.
1762 1890 1895 1945 Cum

307 1964 451 2034 enim
484 1984 547 2039 is.
577 1982 664 2047 qui
690 1981 928 2050 ejusdem
959 1993 1159 2035 natura:
1188 1998 1411 2035 consors
1433 1993 1533 2047 est,
1558 1984 1627 2035 ita
1651 1985 1896 2051 superior

308 2073 415 2125 illis
441 2082 521 2125 est
546 2113 560 2135 ,
591 2081 644 2126 et
672 2074 837 2126 multo
874 2072 1039 2142 magis
1060 2113 1073 2134 ,
1106 2087 1261 2141 quam
1295 2072 1481 2125 celum
1513 2082 1707 2125 terram
1737 2088 1894 2141 supc-

304 2174 419 2223 rat;
450 2162 531 2215 vel
563 2161 711 2214 inviti
758 2162 990 2229 rogitant
1011 2202 1027 2224 ,
1056 2161 1338 2230 quamdam
1366 2161 1597 2214 divinam
1644 2163 1890 2217 virtutem

308 2254 423 2307 hare
450 2255 664 2322 operari
696 2271 710 2306 :
734 2254 856 2307 ideo
882 2256 989 2307 ait:
1017 2253 1080 2306 Et
1107 2254 1391 2323 gloriﬁcent
1440 2252 1645 2307 Patrem
1672 2262 1888 2307 vestrum

300 2349 390 2417 qui
426 2350 480 2400 in
513 2349 650 2401 uelis
693 2331 786 2402 est.
829 2347 919 2401 Vis
949 2356 1003 2401 et
1031 2346 1250 2401 aliunde
1291 2345 1529 2410 discere,
1556 2347 1823 2417 quomodo
1858 2363 1885 2399 a

300 2456 579 2495 servorqu
625 2455 842 2494 suorum
892 2440 999 2492 vita
1045 2439 1371 2508 glorificctur
1418 2440 1579 2503 Deus,
1622 2440 1888 2510 quomodo

297 2532 459 2585 etiam
487 2547 515 2583 a
546 2530 813 2584 miraculis
833 2530 858 2581 ἲ
888 2530 1112 2583 immisit
1138 2530 1423 2598 aliquando
1462 2531 1889 2584 Nabuchodono-

295 2637 388 2675 sor
418 2630 526 2676 tres
554 2636 752 2689 pueros
779 2622 828 2673 in
858 2619 1149 2673 fornacem.
1184 2619 1383 2673 Deinde
1413 2620 1535 2689 quia
1560 2620 1686 2673 vidit
1710 2621 1885 2688 ignem

296 2727 403 2765 non
434 2712 553 2764 illos
578 2720 853 2780 superare,
870 2712 950 2763 ait
979 2729 991 2763 :
1028 2710 1327 2762 Benedictus
1350 2708 1508 2773 Deus,
1530 2711 1615 2777 qui
1636 2712 1768 2764 misit
1789 2729 1882 2763 an-

292 2804 461 2872 gelum
484 2820 652 2867 suum,
682 2811 728 2855 et
747 2803 931 2869 eripuit
957 2818 1137 2871 pueros
1158 2818 1280 2854 suos
1305 2816 1334 2854 a
1366 2800 1600 2861 fornace,
1624 2806 1743 2867 quia
1762 2818 1883 2855 con-

290 2896 516 2963 ﬁdrruut
543 2897 592 2948 in
614 2912 727 2949 eum
759 2912 777 2949 :
802 2905 847 2947 et
877 2894 1081 2948 verbum
1107 2896 1237 2965 regis
1268 2904 1582 2947 mutaverunt
1612 2893 1788 2964 (Dan.
1823 2896 1879 2948 5.

291 2989 361 3042 9.“)
381 2987 423 3053 ).
448 2987 581 3052 Quid
608 2986 776 3040 tiiCis?
798 2996 1136 3055 contemptus
1164 2986 1327 3047 fuisti,
1354 2996 1406 3039 et
1433 2986 1641 3038 miraris
1671 3002 1765 3040 eos
1790 2988 1878 3055 qui

288 3080 648 3149 respuerant?
698 3080 890 3142 Etiam,
941 3079 1232 3147 inquit,.et
1284 3087 1499 3147 propter
1549 3077 1651 3131 hoc
1706 3078 1877 3145 ipsum

284 3172 431 3240 quod
479 3174 809 3242 contemptui
836 3172 1047 3227 habitus
1073 3172 1208 3235 sim;
1247 3178 1301 3224 et
1328 3172 1568 3225 miraculi
1600 3170 1737 3225 hanc
1766 3184 1876 3225 sta-

286 3268 387 3321 tuit
410 3281 533 3321 esse
557 3282 790 3320 causam.
822 3268 1004 3335 Itaque
1034 3280 1139 3319 non
1172 3272 1386 3333 propter
1424 3265 1635 3334 signum
1674 3275 1875 3319 tantum

285 3366 413 3412 tunc
437 3358 605 3426 gloria
634 3358 744 3412 Deo
770 3357 899 3422 fuit,
927 3357 1023 3411 sed
1048 3358 1273 3424 propter
1313 3356 1644 3424 propositum
1684 3371 1872 3410 eorum

281 3450 372 3516 qui
403 3450 495 3501 illo
526 3449 704 3517 injecti
735 3457 859 3503 sunt
926 3448 1079 3516 Quod
1109 3448 1155 3501 si
1186 3448 1304 3514 quis
1335 3446 1437 3501 hoc
1458 3457 1511 3501 et
1538 3448 1664 3501 illml
1696 3463 1791 3517 per
1814 3463 1874 3503 se

279 3538 569 3603 examinet,
604 3554 707 3593 non
736 3539 839 3593 hoc
869 3538 959 3592 illo
988 3539 1162 3593 minus
1189 3548 1293 3592 est.
1317 3539 1357 3592 A
1392 3538 1606 3594 fornace
1635 3542 1776 3593 enim
1804 3540 1840 3593 li

279 3637 506 3691 berasse
526 3674 542 3699 ,
571 3649 675 3686 non
704 3643 783 3688 est
811 3633 981 3703 majus
1006 3634 1074 3689 ad
1099 3632 1358 3688 rationem
1404 3634 1643 3687 miraculi
1665 3676 1678 3698 ,
1712 3650 1868 3703 quam

276 3726 473 3779 animis
526 3724 854 3793 persuasisse
900 3736 956 3777 ut
1001 3724 1411 3795 ingrederentur
1466 3726 1517 3779 in
1574 3725 1866 3781 fornacem.

275 3815 562 3883 Quomodo
585 3816 727 3870 enim
756 3832 860 3869 non
890 3815 1110 3884 dignum
1159 3825 1377 3887 stupore
1417 3816 1594 3881 fuerit,
1625 3833 1744 3872 cum
1775 3834 1867 3874 rex

274 3908 459 3970 orbis,
489 3906 804 3960 tammultis
829 3906 993 3961 armis
1018 3906 1407 3976 circumseptus
1426 3950 1440 3969 .
1470 3912 1737 3962 exercitus
1768 3910 1864 3962 ha-

275 4000 435 4063 bens,
468 3997 651 4063 duces,
677 3997 959 4067 toparcltas
980 4010 1034 4053 et
1057 3999 1327 4063 censules,
1352 4010 1507 4053 terrae
1532 4010 1583 4053 et
1613 4003 1743 4052 mari
1768 4000 1866 4054 im-

276 4105 494 4161 perans,
514 4106 544 4145 a
569 4093 748 4159 pueris
768 4091 992 4161 captivis
1016 4092 1309 4160 despicitur
1330 4135 1343 4156 ,
1372 4100 1425 4146 et
1446 4092 1604 4144 vincti
1628 4092 1865 4146 vincien-

178 4192 182 4195 ‘
272 4195 385 4238 tem
415 4193 670 4254 superant
695 4194 750 4240 et
774 4194 943 4239 totum
966 4184 1131 4253 ipsius
1155 4185 1373 4236 vincunt
1394 4184 1727 4238 exercitum?
1746 4183 1862 4238 Non

264 4276 420 4349 enim
468 4283 757 4344 potuerunt
785 4275 835 4328 id
857 4317 873 4335 ,
902 4274 1041 4343 quod
1087 4274 1363 4327 voluerunt
1384 4314 1397 4336 ,
1432 4289 1521 4327 rex
1554 4282 1609 4326 et
1637 4274 1863 4330 clientes

269 4368 413 4435 ejus,
437 4366 525 4436 qui
568 4377 625 4421 et
667 4365 785 4421 hrec
823 4376 878 4420 et
926 4365 1155 4419 fornacis
1196 4365 1402 4433 copiam
1440 4364 1735 4427 habebant;
1765 4366 1861 4421 sed

272 4458 427 4519 nudi,
460 4458 633 4520 servi,
665 4456 853 4520 exteri,
871 4455 1202 4527 pauci(quid
1244 4456 1384 4509 enim
1427 4456 1595 4508 tribus
1638 4456 1863 4525 paucius

271 4548 410 4613 sit?)
453 4546 772 4601 immensum
809 4548 1103 4601 exercitum
1138 4547 1301 4600 vincti
1335 4546 1702 4614 proﬂigarunt.
1741 4547 1859 4601 Jam

269 4640 419 4693 enim
455 4653 599 4692 mors
619 4639 1033 4708 despiciebatur,
1057 4639 1177 4707 quia
1213 4640 1540 4693 adventuros
1562 4649 1677 4693 erat
1702 4639 1859 4694 Chri-

270 4740 389 4783 stus
414 4750 431 4785 :
456 4739 510 4785 et
536 4718 673 4785 sicut
700 4730 807 4797 jam
834 4731 1039 4783 orituro
1066 4730 1203 4794 sole,
1222 4742 1507 4799 antequam
1535 4730 1670 4784 radii
1698 4745 1860 4799 appa-

270 4820 747 4890 reant,splendida
776 4819 1006 4873 efiieithr
1033 4820 1121 4872 lux
1150 4821 1254 4873 diei
1286 4838 1298 4872 :
1332 4822 1409 4891 sic
1439 4822 1598 4874 etiam
1632 4805 1858 4875 venturo

271 4910 493 4980 justitiae
516 4912 629 4965 sole
655 4927 800 4967 mors
828 4911 1038 4965 tandem
1066 4910 1307 4963 cedebat.
1341 4911 1478 4977 Quid
1520 4913 1610 4965 illo
1650 4912 1859 4967 theatro

273 5002 609 5071 splendidius
636 5003 836 5058 fuerit?
873 5003 1001 5072 quid
1031 5001 1250 5056 victoria
1275 5002 1515 5055 clarius?
1551 5002 1677 5071 quid
1706 5006 1858 5060 novis

274 5098 492 5169 tropaeis
522 5096 814 5165 insignius?

352 5188 407 5245 4.
460 5187 573 5243 Hoc
598 5184 658 5240 tit
683 5186 847 5240 etiam
875 5197 1061 5243 nostro
1088 5197 1351 5257 tempore.
1396 5185 1464 5240 Et
1488 5200 1627 5260 nunc
1653 5202 1747 5241 rex
1776 5197 1859 5243 est

279 5281 620 5353 Dabylonica:
660 5279 923 5343 fornacis,
955 5296 1097 5335 nunc
1122 5282 1281 5336 etiam
1308 5280 1582 5335 fornacem
1612 5280 1858 5335 accendit

277 5374 369 5431 illa
388 5375 688 5445 graviorem
721 5390 735 5425 :
765 5379 847 5425 est
872 5370 1030 5425 etiam
1057 5376 1143 5440 qui
1175 5389 1315 5427 nunc
1340 5373 1479 5425 illam
1503 5369 1654 5439 jubet
1682 5371 1853 5426 admi-

279 5469 390 5525 rari
438 5468 720 5540 imaginem
747 5485 761 5521 :
788 5464 983 5520 adsunt
1028 5464 1128 5534 ipsi
1167 5476 1221 5520 et
1246 5475 1472 5535 satrapa:
1498 5473 1554 5521 et
1580 5464 1775 5519 milites
1803 5474 1859 5519 et

278 5561 483 5615 musica
529 5558 873 5622 demulcens;
906 5556 1164 5625 multique
1192 5556 1337 5612 illam
1366 5556 1652 5627 Imaginem
1682 5556 1854 5611 admi-

285 5663 501 5719 rantur,
541 5651 774 5710 variam.
816 5662 1084 5718 magnam.
1132 5645 1261 5702 Tale
1287 5648 1431 5702 enim
1472 5644 1741 5717 quidpiam
1765 5656 1849 5700 est

586 5752 858 5810 Ρλτιιοι..
906 5750 1023 5809 Gn.
1078 5749 1235 5811 LXI.

1350 222 1415 277 ΙΝ
1457 221 1672 278 EPIST.
1717 223 1732 276 l
1798 224 1889 278 Al)
1927 222 2085 279 COR.
2128 224 2355 280 HOMIL.
2404 226 2586 281 XVlll.

3505 236 3607 292 150

2022 338 2244 391 avaritia
2270 380 2282 401 ,
2313 340 2470 407 quale
2499 342 2673 409 imago
2704 340 2791 393 illa
2819 382 2833 405 ,
2870 357 2935 395 ne
2961 342 3162 399 ferrum
3191 346 3409 415 quidem
3437 347 3609 419 despi-

2020 428 2167 481 ciens
2192 470 2207 493 ,
2252 430 2343 483 sed
2371 445 2436 484 ex
2479 430 2828 485 dissimilibus
2855 435 3155 501 composita
3183 436 3343 490 rebus
3365 477 3385 504 ,
3427 444 3605 493 omnia

2020 520 2269 575 admirari
2307 521 2502 590 jubens
2528 563 2543 586 ,
2574 539 2648 577 ωε
2674 566 2690 587 ,
2721 524 2917 578 ferrum
2942 566 2956 589 ,
2986 536 3037 578 et
3064 542 3181 595 quae
3206 538 3331 581 sunt
3373 529 3476 583 illis
3506 532 3604 583 ad-

2021 612 2233 666 modum
2283 614 2490 668 viliora.
2538 614 2644 669 Sed
2699 617 3149 685 quemadmodum
3181 619 3294 673 ιιωο
3323 631 3485 685 sunt’;
3531 623 3610 677 ita

2017 704 2175 756 etiam
2205 720 2346 759 nunc
2374 715 2499 759 sunt
2529 722 2817 775 puerorum
2846 708 3054 761 illorum
3086 710 3374 765 imitatores
3403 714 3491 780 qui
3520 714 3601 765 die

2016 806 2178 848 euut:
2213 798 2323 850 Diis
2350 798 2455 850 tuis
2481 813 2583 850 non
2610 800 2895 863 servimus,
2932 810 2982 853 et
3014 802 3298 870 imaginem
3327 813 3466 856 tuam
3493 821 3598 858 non

2016 887 2334 951 adoramus;
2364 890 2459 943 sed
2508 898 2565 943 et
2610 894 2940 959 paupertatis
2972 891 3242 946 fornacem
3271 895 3599 950 sustinemus

2014 985 2067 1029 et
2107 978 2263 1031 aliam
2313 996 2525 1034 omnem
2575 981 2843 1034 miseriam
2891 999 2986 1051 pro
3019 983 3109 1035 Dei
3156 985 3375 1052 legibus.
3411 984 3479 1040 Et
3524 988 3594 1039 illi

2012 1067 2225 1136 quidem
2249 1071 2338 1139 qui
2362 1073 2524 1126 multa
2550 1072 2765 1137 habent,
2790 1083 2915 1127 utet
2943 1084 3152 1127 veteres
3176 1074 3270 1137 illi,
3299 1078 3434 1130 hanc
3455 1092 3597 1146 μεηιιε

2010 1158 2237 1214 adorant
2278 1171 2332 1216 et
2359 1164 2777 1229 comburuntur;
2826 1166 2912 1232 qui
2961 1181 3086 1219 vero
3117 1165 3247 1218 nihil
3284 1168 3592 1234 possident,

2012 1247 2147 1304 hanc
2173 1252 2519 1320 despiciunt,
2546 1255 2674 1307 etin
2706 1263 3022 1323 paupertate
3052 1266 3346 1320 versantes,
3388 1259 3437 1310 in
3472 1275 3596 1314 rore

2008 1344 2178 1411 magis
2220 1345 2565 1414 deliciantur,
2613 1363 2771 1416 quam
2802 1348 2876 1401 illi
2906 1350 2995 1417 qui
3038 1350 3089 1402 in
3124 1365 3299 1404 rerum
3328 1352 3478 1420 COpia
3513 1353 3581 1403 vi-

2008 1442 2173 1486 vunt:
2204 1436 2341 1489 sicut
2367 1446 2422 1490 et
2454 1448 2579 1492 tunc
2602 1454 2850 1509 quoque,
2884 1440 2972 1507 qui
3003 1441 3300 1509 injecerunt
3327 1442 3588 1495 combusti

2004 1532 2123 1575 sunt
2144 1563 2157 1584 ,
2183 1525 2271 1593 qui
2307 1526 2483 1581 autem
2514 1528 2566 1580 in
2595 1530 2774 1583 medio
2798 1540 2951 1583 erant
2976 1573 2990 1593 ,
3021 1546 3117 1584 ceu
3149 1532 3199 1583 in
3227 1547 3360 1599 aqua
3388 1544 3438 1585 ct
3468 1548 3591 1586 rore

2006 1615 2375 1672 versabantur.
2402 1619 2686 1689 Tyrannus
2712 1630 2891 1676 autem
2924 1622 3011 1675 ille
3041 1634 3164 1675 tunc
3190 1623 3359 1692 magis
3386 1641 3412 1673 a
3441 1622 3590 1676 llam-

2004 1720 2090 1759 ma
2146 1707 2434 1774 urebatur,
2487 1710 2562 1764 ira
2609 1711 2979 1765 vehementius
3032 1712 3176 1764 illum
3228 1711 3586 1775 incendente,

2002 1812 2160 1866 quam
2187 1801 2334 1867 pueri
2367 1801 2440 1853 illi
2463 1802 2898 1856 incenderentur.
2928 1801 3057 1855 Nam
3100 1803 3312 1856 illorum
3344 1820 3409 1856 ne
3436 1819 3588 1857 sum-

2002 1904 2119 1944 mos
2144 1891 2358 1959 quidem
2387 1893 2610 1960 capillos
2638 1891 2808 1962 potuit
2846 1894 2981 1963 ignis
3026 1904 3275 1964 tangere;
3308 1894 3460 1962 hujus
3486 1910 3585 1948 au-

2003 1988 2108 2031 tem
2156 1990 2389 2035 mentem
2420 1982 2538 2049 igne
2585 1983 2959 2037 vehementius
3005 1984 3081 2037 ira
3112 1984 3367 2039 incendit.
3404 1986 3585 2053 Cogita

1998 2072 2143 2125 enim
2171 2081 2427 2141 quantum
2458 2073 2586 2126 illud
2612 2085 2786 2137 esset,
2818 2075 2867 2125 iu
2902 2085 3008 2127 tam
3039 2076 3330 2133 multorum
3361 2091 3587 2141 conspe-

1997 2175 2086 2219 ctu
2131 2180 2161 2219 a
2211 2166 2391 2235 pueris
2435 2167 2657 2235 captivis
2697 2166 2869 2235 ipsum
2916 2167 3211 2222 contemni.
3254 2167 3403 2222 Tune
3442 2170 3583 2222 enim

1995 2257 2265 2321 ostendit,
2297 2274 2358 2312 se
2386 2259 2599 2313 illorum
2628 2260 2816 2314 urbem
2847 2261 3056 2329 cepisse
3077 2303 3091 2324 ,
3127 2276 3231 2314 n0n
3258 2262 3308 2314 vi
3340 2276 3455 2323 sua,
3486 2261 3578 2316 sed

1996 2358 2215 2416 propter
2236 2350 2524 2403 multorum
2550 2359 2786 2418 peccata.
2818 2351 2948 2405 Nam
2971 2352 3015 2404 si
3043 2352 3249 2405 vinctos
3274 2368 3378 2405 non
3413 2354 3581 2421 pontii

1994 2453 2283 2504 superare,
2316 2440 2585 2508 etiamque
2636 2442 2687 2492 in
2714 2440 2984 2496 fornacem
3018 2442 3243 2511 iujectos
3267 2482 3281 2503 ,
3311 2442 3582 2511 quomodo

1995 2529 2116 2583 illos
2147 2529 2263 2598 lege
2294 2529 2414 2583 belli
2457 2539 2796 2598 superasset,
2843 2531 2886 2587 si
2916 2545 3107 2585 omnes
3136 2531 3269 2583 tales
3313 2530 3583 2583 fuissent?

1993 2618 2146 2673 Unde
2176 2620 2517 2673 manifestum
2559 2632 2641 2674 est
2669 2621 2957 2673 multorum
2986 2632 3203 2690 peccata
3249 2621 3434 2674 urbem
3468 2630 3579 2673 tra-

1988 2708 2211 2763 didisse.
2247 2709 2379 2764 \"ide
2416 2720 2594 2763 autem
2619 2728 2776 2778 quam
2806 2728 2835 2764 a
2868 2726 3000 2764 vana
3030 2712 3199 2782 gloria
3230 2712 3388 2765 alieni
3429 2714 3578 2781 pueri

1989 2812 2188 2855 essent.
2234 2801 2349 2855 Non
2379 2804 2519 2855 enim
2566 2803 2869 2856 iusilierunt
2901 2804 2953 2855 in
3004 2802 3277 2857 fornacem
3304 2845 3319 2868 ,
3349 2805 3443 2857 sed
3467 2805 3576 2873 jant

1987 2893 2112 2946 olim
2165 2891 2365 2946 Christi
2410 2908 2732 2962 prmceptum
2783 2894 3075 2953 servabant
3121 2894 3387 2949 dicentis:
3422 2893 3579 2950 Orate

1985 3001 2048 3037 ne
2073 2987 2268 3038 intretis
2298 2988 2351 3038 in
2380 2989 2700 3039 (curationem
2745 2986 2961 3055 (Matth.
2990 2987 3081 3042 26.
3111 2987 3201 3059 41)
3235 3006 3247 3041 :
3281 3002 3454 3058 neque
3486 2988 3572 3042 fu-

1982 3086 2175 3144 gerunt
2226 3077 2442 3145 quando
2479 3077 2619 3129 ducti
2650 3086 2806 3140 sunt,
2851 3078 2945 3133 sed
2996 3089 3262 3133 steterunt
3312 3080 3363 3133 in
3398 3081 3576 3134 medio

1984 3164 2234 3221 fortiter:
2269 3183 2443 3235 neque
2470 3183 2575 3221 non
2615 3179 2839 3221 vocante
2865 3168 3240 3237 decertantes,
3275 3187 3445 3239 neque
3479 3188 3572 3225 vo-

1980 3270 2137 3315 cante
2160 3261 2349 3315 molles
2376 3271 2432 3315 et
2458 3261 2652 3330 ignavi,
2682 3261 2775 3315 sed
2799 3260 2865 3313 al
2893 3263 3070 3315 omnia
3095 3262 3264 3331 parati
3294 3273 3346 3316 et
3366 3243 3569 3318 strenui

1979 3353 2234 3422 omnique
2266 3352 2455 3407 fiducia
2486 3353 2647 3421 pleni.
2698 3354 2988 3406 Audiamus
3019 3356 3163 3408 enim
3192 3355 3317 3423 quid
3348 3354 3527 3409 dicant
3552 3399 3566 3415 .

1980 3455 2036 3495 ut
2068 3444 2190 3499 inde
2229 3460 2413 3498 eorum
2442 3443 2820 3513 philosophum
2854 3460 3069 3497 sensum
3100 3445 3403 3499 ediscamus
3429 3465 3442 3499 :
3474 3446 3569 3501 Est

1977 3534 2118 3588 Deus
2169 3536 2221 3587 in
2264 3536 2403 3588 carlis
2450 3545 2625 3603 potens
2669 3536 2863 3602 eripere
2903 3553 2994 3588 uos
3021 3534 3183 3608 (Dan.
3220 3539 3271 3591 '5.
3308 3539 3419 3607 17).
3449 3538 3565 3592 Non

1975 3625 2118 3678 enim
2145 3626 2214 3679 de
2240 3640 2299 3680 se
2324 3633 2449 3679 sunt
2486 3627 2733 3691 solliciti,
2777 3627 2872 3681 scd
2918 3643 3040 3681 mox
3072 3627 3421 3682 combureudi
3452 3672 3467 3692 ,
3496 3630 3566 3684 de

1972 3717 2144 3785 gloria
2180 3716 2269 3770 Dei
2299 3717 2515 3771 solliciti
2560 3728 2703 3771 sunt.
2738 3717 2803 3773 Ut
2831 3718 2971 3773 enim
2992 3758 3010 3783 ,
3040 3719 3193 3771 nobis
3222 3720 3514 3775 combustis
3545 3763 3560 3787 ,

1975 3809 2140 3861 Deum
2164 3822 2268 3862 non
2297 3808 2517 3862 damnes
2544 3809 2938 3871 imbecillitatis.
2967 3811 3076 3877 jam
3111 3811 3204 3864 tibi
3234 3822 3399 3865 totum
3427 3812 3561 3882 dog-

1972 3915 2056 3951 ma
2103 3908 2346 3952 nostrum
2393 3911 2640 3954 arenrate
2666 3903 3069 3955 annuntiamus.
3102 3903 3192 3954 Est
3220 3902 3356 3958 Deus
3380 3904 3433 3957 in
3460 3921 3560 3958 caro

1972 3988 2064 4054 lis,
2111 4004 2214 4042 non
2263 3993 2381 4044 talis
2412 3993 2582 4061 qualis
2612 3994 2724 4045 inec
2756 3993 2929 4063 imago
2960 3995 3010 4047 in
3054 4007 3190 4047 terra
3222 4036 3233 4056 ,
3270 3995 3555 4049 inanimato

1969 4094 2023 4136 et
2056 4095 2236 4147 muta,
2278 4083 2370 4137 sed
2417 4085 2505 4153 qui
2538 4086 2704 4154 possit
2749 4102 2817 4139 ex
2864 4088 3039 4141 media
3090 4088 3307 4144 fornace
3349 4089 3556 4149 ardenti

1968 4173 2200 4241 eripere.
2232 4172 2310 4227 Ne
2342 4175 2520 4243 itaque
2550 4176 2695 4228 illum
2723 4176 2945 4230 damnes
2975 4177 3387 4239 imbecillitatis,
3414 4181 3555 4249 quod

1970 4278 2069 4317 nos
2099 4264 2240 4319 sinat
2267 4266 2317 4319 in
2351 4281 2469 4320 eam
2500 4268 2735 4321 incidere
2766 4286 2777 4318 :
2814 4278 2918 4322 tam
2950 4278 3139 4337 potens
3166 4281 3247 4323 est
3274 4312 3286 4335 ,
3320 4279 3375 4322 ut
3404 4282 3553 4339 post-

1968 4372 2126 4426 quam
2159 4356 2507 4411 inciderimus
2528 4400 2541 4421 ,
2573 4374 2670 4412 nos
2696 4375 2723 4412 a
2768 4358 2802 4413 il
2842 4375 2981 4411 mnta
3010 4364 3223 4428 eripere
3254 4363 3413 4429 possit
3443 4378 3459 4425 ;
3494 4362 3555 4415 Et

1966 4440 2009 4502 si
2040 4466 2140 4502 non
2170 4450 2365 4520 faciat,
2393 4461 2566 4502 notum
2594 4450 2657 4503 sit
2685 4451 2772 4503 tibi
2794 4494 2807 4513 ,
2843 4468 2869 4503 0
2898 4468 3005 4514 rex,
3037 4454 3170 4522 quod
3200 4454 3298 4504 diis
3327 4456 3425 4505 tuis
3455 4470 3555 4507 non

1967 4544 2211 4596 seruitutis
2237 4583 2252 4604 ,
2282 4552 2328 4595 et
2358 4557 2569 4596 auream
2598 4559 2747 4612 quam
2778 4562 2807 4615 ις
2834 4546 2995 4597 suist?
3024 4555 3242 4597 stata-am
3276 4560 3377 4598 non
3421 4546 3517 4597 c-‘U
3544 4578 3553 4584 ~

1964 4652 2138 4689 ramus
2183 4635 2344 4705 (Ibid.
2374 4651 2419 4688 υ.
2457 4636 2566 4705 18).
2606 4637 2736 4690 Vide
2782 4652 2875 4690 eos
2917 4648 3065 4691 certo
3108 4638 3333 4691 cotisiii':
3369 4648 3416 4691 et
3448 4640 3551 4692 .iis.

1966 4728 2283 4796 pensatione
2315 4743 2419 4781 non
2451 4742 2610 4782 nosse
2641 4731 2897 4782 futuram.
2943 4729 2996 4782 Si
3056 4732 3195 4783 enim
3229 4732 3325 4782 erit
3347 4735 3507 4783 Στερεει
3538 4773 3549 4791 ,

1964 4819 2266 4873 admirandi
2314 4835 2419 4877 non
2472 4820 2702 4874 fuissent
2750 4820 2865 4873 inec
2890 4820 3152 4875 facientes
3189 4840 3201 4873 :
3237 4822 3361 4892 quid
3410 4822 3547 4874 enim

1965 4911 2199 4975 mirum,
2238 4910 2537 4981 sipignora
2567 4911 2757 4966 salutis
2800 4912 3091 4977 habentes,
3119 4916 3295 4984 gravia
3330 4915 3413 4966 illa
3458 4929 3551 4967 1n-

1962 5000 2150 5056 dacter
2194 5000 2494 5056 adiissent?
2544 5002 2638 5057 sed
2680 5003 3069 5077 glorificaretur
3111 5002 3323 5069 quidem
3366 5003 3547 5067 Deus,

1963 5095 2052 5153 qui
2089 5093 2351 5160 potuisset
2396 5093 2608 5162 eripere
2644 5108 2715 5147 ex
2747 5096 2873 5145 tom:
2902 5107 2999 5156 ce;
3033 5093 3131 5162 ipsi
3166 5109 3292 5149 vero
3322 5112 3425 5148 non
3454 5098 3549 5148 ad-

1966 5186 2239 5253 mirabiles
2264 5186 2507 5251 fuissent,
2537 5192 2720 5252 utpote
2748 5184 2837 5253 qui
2870 5202 2971 5238 non
3004 5187 3056 5241 in
3088 5188 3316 5256 patienia
3345 5188 3548 5257 seipsos

1965 5278 2342 5347 coniecissent.
2389 5274 2518 5329 ideo
2562 5275 2835 5345 permisit.
2879 5289 2937 5333 ut
2979 5279 3079 5347 ipsi
3126 5280 3266 5349 quod
3314 5279 3546 5333 loturam

1964 5380 2083 5425 erat
2126 5372 2465 5438 ignorarent,
2493 5377 2557 5423 ut
2582 5371 2750 5440 magis
2793 5385 2888 5425 eos
2912 5372 3253 5439 gbrittearet.
3304 5370 3372 5423 Et
3414 5371 3552 5427 sicut

1965 5463 2063 5531 ipsi
2088 5461 2483 5516 conﬁrmabant
2513 5478 2694 5533 regem
2720 5502 2736 5528 ,
2770 5473 2942 5551 nixae
2972 5464 3137 5519 Deum
3169 5464 3549 5521 illibeCiiiiL’llii

1966 5554 2282 5621 damnaret,
2331 5555 2378 5608 si
2428 5556 2526 5623 ipsi
2576 5556 2841 5611 combusti
2889 5557 3113 5610 fuissent
3150 5575 3163 5611 :
3196 5556 3267 5611 ita
3312 5565 3367 5611 et
3410 5557 3549 5610 Deus

1968 5655 2255 5716 utrumque
2300 5646 2585 5716 praestitit,
2622 5654 2677 5701 et
2704 5650 2993 5717 potentiam
3021 5660 3171 5701 suam
3200 5646 3432 5705 ostendit
3451 5688 3467 5713 ,
3495 5655 3549 5701 et

3134 5746 3209 5805 10
