4028 6208
478 360 568 415 liii
1178 356 1235 411 S.
1274 348 1551 411 JOANNIS
1574 344 2049 407 CHRYSOS'I‘OMI
2078 341 2396 399 ARCIIIEP.
2426 336 2957 398 CONSTANTINOP.

476 484 761 542 puerorum
804 468 1040 523 animum
1086 467 1488 539 prmelariorem
1537 462 1729 519 effecit.
1783 458 2057 516 Undenam

473 578 603 634 ergo
631 562 737 617 illis
769 561 882 616 haec
920 559 1206 625 dubitatio,
1240 558 1471 629 inquies,
1502 564 1561 611 ut
1590 570 1698 611 non
1729 550 2062 607 conﬁderent

471 671 530 713 se
556 657 731 712 salvos
752 657 991 711 exituros
1013 652 1176 708 esse?
1200 649 1354 720 Quod
1373 664 1431 705 se
1454 648 1671 703 viliores
1698 644 1917 699 omnino
1942 655 2062 697 esse

475 755 765 817 putarent,
793 755 848 803 et
877 745 969 800 tali
996 743 1259 800 beneﬂcio
1286 740 1555 810 indignos.
1583 736 1735 804 Quod
1755 744 1931 789 autem
1954 746 2061 787 non

472 855 536 891 ex
568 838 878 907 conjectura
921 835 1026 889 hoc
1066 833 1271 897 dicam,
1321 831 1375 885 in
1419 828 1693 886 fornacem
1721 824 1950 896 coniecti
1982 823 2061 876 la-

475 932 886 994 mentabantur,
941 928 1057 982 base
1106 927 1347 981 dicentes
1394 941 1407 978 :
1460 919 1828 985 Peccavimus,
1876 918 2066 986 injuste

470 1025 663 1095 egimus
688 1039 706 1077 :
732 1040 834 1077 non
859 1022 975 1077 licet
1004 1022 1145 1074 nobis
1182 1035 1238 1072 os
1281 1015 1479 1086 aperire
1513 1014 1676 1084 (Dan.
1705 1012 1759 1068 '5.
1788 1009 1906 1080 29).
1933 1008 2065 1063 Pro.

476 1125 659 1184 pterea
696 1113 980 1180 dicebant,
1017 1110 1083 1166 Et
1127 1112 1171 1165 si
1200 1126 1320 1164 non.
1355 1108 1413 1163 Si
1435 1107 1584 1163 enim
1614 1120 1721 1160 non
1748 1103 1894 1159 clare
1919 1100 2063 1156 dice-

474 1208 622 1270 bant,
658 1207 839 1261 Potest
865 1220 962 1259 nos
994 1202 1135 1258 Deus
1160 1202 1405 1271 eripere;
1433 1198 1479 1252 si
1503 1208 1684 1251 autem
1712 1209 1823 1249 non
1854 1193 2065 1262 eripue-

474 1302 576 1367 rit,
611 1308 831 1369 prepter
859 1306 1077 1369 peccata
1108 1305 1287 1349 nostra
1321 1307 1427 1346 non
1456 1290 1690 1361 eripiet,
1717 1303 1785 1342 ne
1813 1285 2023 1340 mireris
2047 1301 2062 1336 :

475 1391 572 1444 visi
602 1391 744 1445 enim
774 1397 957 1445 essent
1002 1387 1141 1455 apud
1174 1386 1431 1440 barbaros
1475 1388 1815 1451 peccatorum
1845 1388 2063 1432 suorum

472 1482 692 1537 obtentu
739 1481 829 1535 Dei
863 1479 1284 1535 imbecillitatem
1311 1476 1586 1543 obtegere.
1619 1471 1905 1539 Propterea
1936 1481 2063 1521 cum

478 1574 545 1627 de
575 1574 691 1642 ejus
721 1573 953 1640 potentia
997 1579 1202 1624 tantum
1235 1565 1439 1637 quuuti
1469 1570 1690 1626 essent,
1718 1574 1931 1617 causam
1958 1572 2064 1612 non

480 1671 707 1730 ponunt.
740 1661 992 1731 Alioquin
1025 1670 1171 1714 recte
1201 1656 1396 1711 eruditi
1422 1663 1575 1709 erant
1615 1653 1706 1708 Dei
1727 1651 1926 1722 judicia
1957 1665 2062 1703 non

479 1754 692 1808 curiose
716 1752 1008 1822 inquirere.
1037 1751 1167 1804 Cum
1201 1748 1316 1803 haec
1336 1762 1463 1816 ergo
1488 1744 1771 1809 dixissent,
1806 1743 1857 1796 in
1886 1743 2062 1811 ignem

478 1845 704 1918 ingressi
726 1854 870 1911 sunt,
891 1860 991 1899 nec
1012 1859 1193 1912 regem
1215 1839 1539 1916 contumelia
1561 1835 1877 1901 amicei-unt,
1894 1848 2066 1902 neque

483 1948 713 1995 statuam
761 1946 1029 1994 evertere.
1079 1934 1263 1989 Virum
1311 1932 1453 1985 enim
1502 1927 1695 1983 fortem
1746 1926 1905 1981 talem
1950 1938 2068 1979 esse

484 2038 733 2099 oportet,
766 2027 1104 2083 moderatum
1147 2033 1201 2077 et
1232 2029 1569 2076 mansuetum
1596 2060 1610 2084 ,
1642 2018 1871 2071 maxime
1899 2015 1951 2070 in
1979 2030 2069 2084 pe-

480 2122 701 2187 riculis,
737 2128 795 2174 ut
822 2135 891 2175 ne
920 2118 1168 2173 videatur
1214 2131 1281 2170 ex
1329 2114 1406 2168 ira
1450 2121 1505 2167 et
1550 2126 1683 2165 vana
1730 2109 1897 2180 gloria
1946 2106 2068 2161 talia

482 2212 633 2267 adire
660 2211 951 2266 certamina
973 2251 988 2278 ,
1018 2209 1115 2264 sed
1148 2223 1220 2262 ex
1251 2204 1564 2261 fortitudine
1606 2212 1662 2258 et
1695 2200 2068 2273 temperantia.

479 2300 612 2355 Nam
644 2302 732 2373 qui
774 2299 1098 2356 contumelia
1140 2297 1341 2360 allicit,
1370 2295 1423 2347 in
1454 2292 1814 2362 suspicionem
1856 2290 2069 2345 illorum

480 2391 764 2447 criminum
785 2390 933 2446 venit
957 2406 971 2442 :
995 2389 1085 2458 qui
1114 2402 1244 2442 vero
1267 2385 1499 2440 sustinet
1519 2391 1575 2437 et
1602 2382 1834 2438 trahitur
1854 2395 1917 2435 ac
1944 2395 2065 2435 cum
2117 2373 2119 2375 ’

3649 339 3753 395 Ιεῖ

2170 452 2573 508 mansuetudine
2613 452 2889 521 decertat,
2916 466 3023 507 non
3053 450 3212 508 modo
3237 458 3296 508 ut
3318 451 3472 509 fortis
3498 453 3552 509 in
3582 452 3755 509 admi-

2168 547 2375 599 ratione
2400 543 2625 599 habetur
2650 586 2663 609 ,
2690 543 2785 599 sed
2811 545 2971 600 etiam
2997 543 3066 600 ob
3086 544 3505 602 moderationem
3526 555 3583 602 et
3603 562 3753 600 man-

2168 637 2502 693 suetudinem
2555 652 2660 692 non
2712 637 2890 692 minus
2919 636 3242 696 celebratur.
3288 636 3344 691 ιιι
3369 637 3511 708 quod
3554 646 3611 693 et
3657 638 3755 708 ipsi

2170 738 2294 782 tunc
2341 727 2617 793 fecerunt,
2645 741 2767 781 cum
2799 734 2855 781 et
2898 725 3267 781 fortitudinem
3310 737 3362 781 et
3390 726 3758 782 mansuetudi—

2170 837 2293 876 nem
2322 836 2537 875 omnem
2568 820 2925 875 exliibuerunt
2949 837 2961 873 :
2992 834 3092 874 nec
3117 818 3403 891 quidquam
3435 820 3608 877 fecere
3634 836 3757 889 pro-

2170 924 2288 984 pter
2316 913 2620 968 mercedem
2648 922 2703 967 et
2732 913 3033 981 praemium.
3056 911 3124 966 Et
3146 911 3188 965 si
3212 911 3464 979 noluerit,
3490 912 3753 982 inquiunt,

2170 1020 2268 1060 nos
2296 1006 2505 1073 eripere
2526 1044 2540 1068 ,
2588 1003 2693 1057 diis
2722 1005 2826 1058 tuis
2857 1017 2961 1057 non
2994 1002 3261 1057 servimus
3290 1018 3305 1057 :
3348 1002 3460 1072 jam
3489 1001 3632 1056 enim
3666 1019 3755 1056 re-

2170 1099 2591 1154 munerationem
2640 1097 2934 1159 habemus,
2997 1110 3054 1151 ut
3106 1095 3268 1166 digni-
3300 1095 3497 1161 habiti,
3548 1096 3637 1166 qui
3692 1096 3759 1147 ah

2171 1191 2443 1259 impietate
2470 1189 2856 1252 liberaremur,
2902 1196 2957 1243 et
2997 1187 3139 1257 quod
3194 1197 3478 1255 propterea
3527 1200 3755 1254 corpora
3854 1248 3865 1255 ν

2170 1288 2556 1335 cremarentur.
2590 1278 2656 1333 Et
2675 1293 2773 1333 nos
2799 1278 2957 1347 igitur
2986 1277 3244 1332 habentes
3269 1278 3377 1347 jam
3412 1278 3714 1332 mercedem
3738 1316 3755 1339 ,

2173 1388 2295 1427 nam
2318 1373 2577 1427 habemus
2597 1413 2611 1437 ,
2642 1370 2787 1441 digni
2813 1370 2980 1425 habiti
2998 1372 3087 1439 qui
3110 1370 3257 1424 illum
3281 1382 3753 1439 cognosceremus,

2171 1475 2225 1519 et
2249 1465 2336 1535 qui
2368 1464 2608 1519 membra
2635 1462 2834 1518 Christi
2864 1462 3235 1526 efﬁceremur,
3269 1477 3335 1516 ne
3362 1461 3623 1517 faciamus
3667 1460 3753 1514 illa

2173 1558 2408 1612 membra
2440 1556 2761 1613 meretricis.
2796 1556 2848 1611 In
2877 1555 2981 1611 hoc
3009 1555 3151 1611 enim
3182 1564 3288 1611 tam
3319 1538 3587 1611 horrendo
3616 1554 3763 1610 dicto

2174 1649 2404 1704 ll-nienda
2435 1658 2521 1704 est
2545 1650 2719 1703 oratio
2759 1667 2774 1705 :
2800 1657 2860 1703 ut
2890 1648 3125 1703 validum
3173 1646 3435 1704 habentes
3461 1649 3760 1704 commina-

2176 1743 2339 1798 tionis
2367 1744 2651 1809 timorem,
2689 1741 2999 1795 maneamus
3022 1756 3156 1795 auro
3202 1741 3444 1810 puriores
3489 1740 3590 1796 hoc
3620 1750 3762 1795 metu

2175 1833 2389 1889 redditi.
2444 1832 2533 1886 Sic
2585 1831 2727 1886 enim
2778 1830 3072 1900 poterimus
3118 1844 3148 1883 a
3193 1831 3547 1886 fornicatione
3593 1832 3762 1901 erepti

2175 1922 2447 2005 Christum
2481 1921 2665 1977 videre
2694 1938 2707 1974 :
2742 1936 2902 1993 quem
2949 1921 3152 1975 utinam
3182 1936 3304 1976 cum
3354 1922 3543 1976 fiducia
3586 1921 3766 1975 vides.

2178 2030 2296 2069 mus
2322 2013 2377 2068 in
2410 2012 2501 2067 illo
2529 2012 2647 2076 die,
2680 2012 2847 2085 gratia
2876 2021 2931 2067 et
2978 2011 3307 2085 benignitate
3350 2012 3561 2067 Domini
3593 2014 3760 2066 nostri

2176 2105 2304 2161 Jesu
2342 2104 2580 2170 Christi,
2623 2105 2837 2177 quicum
2885 2105 3029 2161 Patri
3071 2119 3280 2177 unaque
3326 2104 3548 2175 Spiritui
3579 2113 3765 2159 sancto

2177 2198 2341 2269 gloria
2363 2238 2380 2264 ,
2412 2197 2623 2265 honor,
2652 2197 2956 2267 imperium,
2988 2212 3132 2253 nunc
3160 2206 3213 2252 et
3240 2210 3476 2266 semper,
3503 2204 3558 2251 et
3583 2196 3637 2249 in
3664 2211 3766 2250 sa:-

2179 2293 2293 2346 cula
2339 2292 2681 2347 steculorum.
2716 2290 2907 2346 Amen.
3235 2292 3249 2303 ’

478 2504 3759 2538 W

1861 2566 2210 2630 HOMILIA
2253 2564 2432 2624 XIX.

483 2687 611 2741 Car.
644 2688 695 2740 7.
727 2704 776 2743 v.
810 2689 859 2740 l.
892 2686 967 2741 De
1010 2685 1190 2758 quibus
1235 2690 1403 2735 autem
1448 2676 1719 2747 scripsistis
1760 2672 1935 2726 mihi:
1968 2670 2072 2724 Bo—

556 2798 677 2833 num
713 2788 785 2835 est
828 2779 1022 2833 homini
1060 2778 1321 2831 mulierem
1364 2788 1465 2828 non
1510 2778 1714 2840 tangere
1737 2782 1756 2821 :
1780 2765 1832 2819 2.
1868 2774 2078 2833 prapter

560 2872 948 2940 fornicationem
986 2877 1152 2922 autent
1193 2864 1537 2934 unusquisque
1561 2876 1709 2915 suam
1745 2872 1953 2912 uxorem
1981 2856 2075 2906 ha-

557 2966 689 3023 bent,
722 2970 767 3015 et
803 2974 1115 3028 unaquaeque
1140 2972 1286 3011 suum
1312 2956 1495 3007 uirum.

566 3057 617 3107 l.
660 3053 949 3122 Postquam
983 3048 1297 3120 gravissima
1332 3046 1428 3097 tria
1455 3041 1690 3097 correxit
1717 3039 1845 3092 vitia
1868 3079 1882 3104 ,
1914 3051 2079 3090 unum

492 3147 707 3216 quidem
734 3144 877 3215 quod
908 3142 1257 3197 divelleretur
1286 3136 1551 3199 Ecclesia,
1576 3132 1872 3190 secundum
1900 3140 2076 3186 autem

492 3236 833 3291 fornicatoris
859 3275 873 3299 ,
905 3233 1120 3289 tertium
1152 3233 1298 3285 avari
1325 3245 1339 3295 ;
1371 3226 1568 3283 deinde
1594 3225 1805 3279 mitiore
1844 3238 1970 3277 usus
1997 3230 2082 3275 est

490 3328 733 3385 oratione
763 3345 776 3379 :
819 3334 874 3381 et
902 3323 1324 3380 admonitionem
1355 3319 1748 3385 consiliumque
1790 3313 2081 3384 interponit

494 3422 561 3473 ile
584 3417 928 3474 matrimonio
946 3426 1008 3471 et
1037 3414 1107 3469 de
1134 3412 1471 3481 virginitate,
1501 3424 1531 3462 a
1560 3404 1960 3462 molestioribus
1988 3418 2082 3457 au-

496 3515 724 3566 ditorem
754 3510 818 3562 ad
843 3508 1026 3578 quieta
1054 3504 1277 3560 ducens.
1304 3503 1359 3556 In
1387 3498 1631 3555 secunda
1651 3506 1831 3553 autem
1852 3494 2080 3566 epistola

493 3602 823 3658 contrarium
851 3598 982 3654 facit
1017 3614 1031 3651 :
1081 3595 1268 3665 incipit
1292 3594 1437 3649 enim
1465 3608 1494 3645 a
1527 3590 1860 3653 mitioribus,
1886 3587 2083 3643 desinit

494 3704 675 3750 autem
702 3694 756 3749 in
788 3692 1044 3747 tristiora.
1078 3688 1175 3744 Hie
1195 3701 1329 3742 vero
1359 3694 1638 3756 postquam
1667 3682 1736 3737 de
1778 3681 2083 3751 virginitate

494 3799 805 3841 sermonem
851 3782 1111 3854 perfecit,
1142 3792 1330 3834 rursus
1378 3775 1489 3831 exit
1532 3773 1598 3829 ad
1643 3788 1704 3827 ea
1748 3787 1867 3842 quae
1914 3770 2084 3841 magis

495 3885 743 3949 pungunt
769 3890 832 3930 ac
861 3874 1083 3938 feriunt,
1113 3886 1221 3926 non
1252 3869 1431 3924 omnia
1462 3867 1804 3922 continenter
1834 3877 2040 3933 ponens
2064 3903 2081 3930 ,

498 3971 593 4025 sed
621 3982 925 4024 sermonem
954 3966 1008 4021 in
1032 3973 1269 4032 utroque
1296 3961 1540 4024 varians,
1571 3967 1628 4012 ut
1666 3967 1877 4024 tempus
1902 3957 2081 4023 exige-

502 4066 628 4126 bat,
679 4073 886 4114 necnon
918 4054 1261 4128 praesentium
1305 4065 1484 4106 rerum
1513 4063 1660 4103 usus.
1703 4045 1835 4101 ideo
1858 4045 1932 4099 ait
1962 4062 1975 4099 :
2012 4043 2087 4097 De

499 4154 677 4225 quibus
712 4162 877 4205 autem
918 4147 1189 4219 scripsistis
1231 4146 1375 4200 mihi.
1417 4143 1755 4213 Scripserant
1783 4151 1961 4194 autem
1987 4138 2042 4194 ei
2065 4179 2083 4205 ,

498 4263 569 4301 an
608 4253 881 4315 oporteret
925 4243 993 4298 ab
1033 4255 1201 4295 uxore
1229 4239 1499 4293 abstinere
1526 4251 1591 4290 an
1636 4249 1766 4289 non.
1814 4234 1881 4287 Et
1910 4232 1977 4286 ad
2021 4246 2083 4285 ea

503 4338 806 4393 rescribens
826 4377 841 4402 ,
881 4343 938 4389 et
964 4334 1032 4388 de
1064 4331 1404 4387 matrimonio
1429 4330 1597 4398 legem
1627 4327 1804 4381 ferens
1830 4366 1844 4390 ,
1877 4338 2085 4377 sermo-

508 4445 629 4483 nem
652 4428 726 4483 de
755 4426 1058 4496 virginitate
1083 4422 1287 4478 inducit
1320 4439 1332 4474 :
1367 4419 1563 4474 Bonum
1591 4428 1664 4471 est
1691 4418 1883 4471 homini
1909 4418 2087 4471 mulie-

503 4537 609 4573 rem
636 4537 735 4573 non
765 4529 987 4588 tangere.
1019 4514 1150 4570 Nam
1171 4513 1219 4567 si
1246 4555 1262 4581 ,
1293 4511 1479 4580 inquit,
1514 4508 1656 4578 quod
1684 4508 1880 4562 bonum
1913 4517 1995 4561 est
2033 4516 2087 4560 et

504 4610 790 4665 admodum
818 4608 1086 4663 excellens
1116 4604 1311 4674 quan-is
1331 4645 1344 4667 ,
1387 4602 1575 4656 melius
1602 4609 1687 4654 est
1715 4614 1834 4653 cum
1864 4598 2086 4653 muliere

506 4701 704 4754 nullam
738 4699 936 4752 habere
965 4694 1447 4755 consuetudinem;
1494 4691 1537 4745 si
1566 4689 1706 4761 quod
1752 4699 1925 4742 tutum
1959 4698 2043 4743 est
2070 4730 2084 4753 ,

502 4805 553 4845 et
582 4792 722 4861 quod
746 4789 1118 4845 inﬁrmitatem
1161 4796 1301 4838 tuam
1333 4785 1478 4851 juvet
1504 4824 1516 4843 ,
1547 4781 1886 4835 matrimonio
1916 4790 2085 4836 utere.

506 4889 639 4954 Quia
668 4893 846 4937 autem
878 4879 1167 4934 verisimile
1197 4884 1343 4937 erat,
1373 4885 1428 4927 ut
1455 4875 1617 4927 etiam
1648 4886 1786 4925 nunc
1814 4872 1977 4933 solet,
2018 4872 2089 4923 vi-

508 4995 623 5032 rum
656 4978 793 5029 ναῖε
821 5016 833 5037 ,
869 4970 1154 5025 mulierem
1189 4980 1319 5019 vero
1350 4978 1453 5017 non
1484 4964 1639 5027 item;
1672 4963 1750 5017 vel
1779 4965 1938 5016 etiam
1962 4976 2090 5013 eon-

514 5083 593 5122 tra
618 5112 631 5132 ,
677 5069 800 5121 vide
832 5061 1102 5136 quomodo
1142 5062 1209 5114 de
1239 5068 1466 5126 utroque
1493 5056 1740 5110 disserat.
1797 5057 1861 5107 Et
1907 5056 2090 5107 dicunt

511 5160 726 5229 quidam
747 5200 761 5219 ,
793 5159 895 5211 hoc
920 5153 1105 5209 abillo
1131 5152 1330 5206 dictum
1359 5147 1724 5202 sacerdotibus
1755 5146 1917 5199 fuisse
1946 5161 1958 5197 :
1990 5159 2089 5212 ego

514 5264 648 5306 vero
675 5263 740 5302 ex
767 5248 831 5299 iis
854 5252 1272 5313 quzesequuntur
1299 5253 1414 5293 rem
1440 5237 1753 5291 examinans
1772 5277 1786 5301 ,
1816 5249 1920 5290 non
1949 5232 2091 5287 dixe~

510 5344 612 5400 rim
641 5354 755 5395 rem
782 5338 854 5390 ita
888 5351 948 5389 se
978 5336 1174 5389 habere
1199 5351 1210 5385 :
1238 5345 1411 5400 neque
1436 5328 1581 5383 enim
1622 5327 1868 5380 universe
1901 5323 2089 5377 admo-

510 5436 767 5492 nitionem
791 5430 1174 5484 constituisset.
1202 5426 1256 5481 Si
1287 5435 1466 5477 autem
1492 5418 1861 5475 sacerdotibus
1886 5427 2090 5471 tantum

510 5531 628 5584 brec
670 5522 1011 5594 scripsisset,
1044 5518 1263 5587 dixisset
1290 5528 1419 5567 sane
1463 5530 1477 5564 :
1526 5511 1732 5565 Bonum
1771 5518 1855 5563 est
1883 5506 2091 5562 doctori

511 5633 733 5673 uxorem
764 5631 869 5670 non
906 5622 1124 5679 tangere
1149 5623 1163 5669 ;
1192 5622 1330 5660 nunc
1357 5614 1532 5657 autem
1558 5599 1845 5653 universim
1871 5600 1972 5652 hoc
2002 5612 2092 5666 po-

510 5712 618 5765 suit
661 5727 673 5761 :
719 5705 913 5761 Bonum
942 5712 1013 5757 est
1044 5698 1271 5763 homini,
1302 5697 1486 5750 dicens
1509 5736 1523 5760 ,
1554 5709 1659 5745 non
1688 5700 1889 5745 tantum
1919 5703 2093 5743 sacer—

511 5805 660 5866 doti;
708 5814 761 5857 et
806 5780 1026 5864 rursus,
1060 5794 1271 5849 Solutus
1312 5806 1363 5843 es
1403 5789 1464 5843 ab
1511 5784 1711 5842 uxore?
1741 5785 1846 5839 noli
1872 5798 2093 5854 qua’rere

2183 2683 2411 2721 uxorem.
2444 2664 2558 2719 Non
2587 2663 2754 2728 dixit,
2789 2664 2865 2718 Tu
2896 2663 3148 2719 sacerdos
3175 2674 3227 2718 et
3253 2664 3461 2731 doctor,
3490 2665 3586 2721 sed
3616 2666 3768 2721 indc—

2185 2759 2369 2825 linite;
2412 2768 2465 2813 et
2498 2766 2639 2814 totus
2683 2758 2906 2812 omnino
2935 2772 3114 2813 sermo
3144 2758 3221 2811 sic
3262 2756 3523 2827 procedit.
3556 2758 3617 2813 Et
3648 2774 3767 2813 cum

2183 2852 2353 2917 dixit,
2391 2851 2607 2921 Propter
2634 2851 2992 2921 fornicationes
3021 2852 3358 2918 unusquisque
3394 2867 3536 2903 suam
3565 2866 3769 2903 uxorem

2191 2943 2395 3009 habeat,
2442 2957 2507 2996 ex
2555 2943 2667 3012 ipsa
2699 2940 3064 2995 concessionis
3094 2954 3253 2994 causa
3285 2942 3350 2993 ad
3384 2942 3767 2994 continentiam

2190 3036 2355 3090 duxit.
2382 3035 2435 3089 5.
2473 3033 2636 3088 Uxori
2659 3035 2736 3086 vir
2759 3034 2979 3087 debitum
3004 3033 3182 3086 reddat
3204 3049 3223 3097 ;
3248 3032 3479 3087 similiter
3512 3045 3559 3085 et
3592 3034 3772 3087 mulier

2188 3127 2312 3180 viro.
2344 3124 2480 3193 Quid
2509 3132 2593 3180 est
2630 3131 2808 3178 autem
2836 3124 3046 3179 debitus
3079 3124 3292 3178 honor?
3323 3123 3511 3179 Mulier
3537 3139 3645 3178 non
3674 3124 3770 3176 ba-

2188 3219 2277 3273 bet
2302 3225 2619 3288 potestatem
2647 3216 2728 3270 sui
2756 3217 3016 3287 corporis,
3048 3214 3142 3271 sed
3179 3227 3233 3269 et
3258 3216 3448 3269 ancilla
3477 3223 3532 3270 et
3555 3215 3769 3269 domina

2188 3310 2285 3363 viri
2318 3317 2419 3363 est.
2452 3308 2517 3364 Si‘
2545 3308 2810 3364 deieceris
2847 3308 2916 3363 ab
2944 3323 3005 3362 ea
3036 3322 3156 3377 quae
3193 3308 3443 3362 convenit
3473 3309 3727 3363 servitute
3751 3348 3771 3372 ,

2190 3401 2354 3455 Deum
2383 3400 2652 3455 offendis:
2685 3399 2731 3452 si
2756 3408 2934 3453 autem
2958 3397 3252 3454 abscedere
3281 3397 3391 3461 vis,
3413 3412 3535 3453 cum
3563 3398 3644 3452 vir
3671 3398 3773 3453 hoc

2188 3491 2528 3562 permiserit,
2573 3490 2762 3543 saltem
2792 3488 2855 3543 ad
2886 3490 3047 3543 breve
3075 3497 3283 3557 tempus
3328 3487 3441 3542 ﬂat.
3484 3488 3773 3558 Propterea

2188 3592 2243 3639 et
2271 3582 2506 3638 debitam
2550 3596 2663 3636 rem
2703 3582 2949 3647 vocavit,
2982 3589 3041 3636 ut
3082 3580 3395 3637 ostenderet
3420 3581 3622 3637 nullum
3654 3597 3775 3647 esse

2189 3674 2271 3728 sui
2297 3672 2593 3737 dominum,
2615 3671 2709 3727 sed
2736 3686 2857 3728 esse
2883 3671 3107 3727 alterum
3132 3671 3354 3729 alterius
3378 3688 3615 3730 servum.
3636 3674 3771 3730 Cum

2190 3780 2321 3837 ergo
2351 3764 2550 3820 videris
2575 3766 2913 3820 meretricem
2945 3774 3001 3821 te
3024 3765 3090 3819 ad
3122 3776 3398 3835 peccatum
3425 3767 3773 3834 allieientem,

2190 3855 2278 3913 die
2309 3874 2321 3909 :
2348 3854 2465 3911 Non
2494 3863 2577 3909 est
2607 3870 2785 3908 meum
2813 3869 3043 3923 corpus,
3075 3856 3171 3909 sed
3200 3855 3403 3910 uxoris.
3447 3855 3646 3912 Eadem
3690 3858 3771 3911 di~

2190 3955 2279 4001 cat
2307 3960 2442 4001 uxor
2463 3945 2595 4011 illis,
2617 3944 2709 4012 qui
2745 3944 3044 3998 castitatem
3074 3957 3225 3998 suam
3253 3944 3457 4000 violare
3483 3954 3729 4017 satagunt
3748 3923 3771 4000 ’;

2192 4040 2401 4107 Corpus
2432 4051 2609 4090 meum
2636 4050 2743 4089 non
2770 4044 2855 4091 est
2896 4050 3072 4090 meum
3094 4078 3112 4103 ,
3154 4036 3247 4091 sed
3277 4037 3394 4092 viri.
3435 4037 3492 4094 Si
3518 4053 3649 4094 vero
3675 4054 3775 4095 nec

2192 4130 2417 4184 maritus
2445 4142 2545 4181 nec
2575 4142 2708 4180 uxor
2738 4136 3054 4197 potestatem
3078 4128 3320 4198 corporis
3347 4128 3567 4194 habent,
3606 4131 3775 4186 multo

2193 4220 2369 4274 minus
2409 4217 2773 4287 pecuniarum.
2814 4216 3010 4273 Audite
3036 4234 3384 4289 quaecumque
3425 4224 3645 4276 maritos
3680 4222 3775 4276 ha-

2193 4310 2353 4377 betis,
2372 4318 2427 4363 et
2451 4309 2771 4379 quicumque
2802 4324 3016 4364 uxores.
3051 4309 3106 4365 Si
3135 4311 3277 4365 enim
3304 4324 3504 4380 corpus
3529 4311 3629 4365 sibi
3654 4326 3777 4381 pro-

2195 4404 2369 4471 prium
2419 4399 2620 4454 habere
2672 4414 2781 4454 non
2830 4400 3002 4467 licet,
3052 4400 3223 4454 multo
3271 4401 3448 4454 minus
3496 4404 3772 4470 pecunias.

2195 4495 2332 4548 Alibi
2379 4508 2510 4547 sane
2553 4507 2801 4563 magnam
2830 4493 2925 4547 dat
2963 4493 3156 4547 marito
3189 4493 3594 4562 pnerogativam
3622 4504 3670 4548 et
3719 4496 3773 4550 in

2193 4585 2343 4639 Novo
2368 4594 2421 4636 et
2451 4584 2501 4637 in
2529 4583 2707 4639 Veteri
2735 4583 3079 4638 Tesmmento
3099 4581 3283 4637 dicens
3302 4623 3318 4647 ,
3342 4582 3424 4637 Ad
3442 4584 3605 4637 virum
3638 4596 3775 4637 tuum

2195 4677 2452 4731 conversio
2482 4685 2568 4728 tua
2588 4719 2603 4743 ,
2632 4687 2677 4729 et
2706 4678 2817 4745 ipse
2845 4677 2933 4729 tibi
2970 4674 3317 4729 dominabitur
3341 4674 3359 4745 (
3382 4673 3507 4729 Gen.
3539 4677 3593 4731 ὅ.
3623 4676 3690 4731 16
3715 4678 3733 4744 )
3758 4694 3771 4740 ;

2198 4768 2391 4823 Paulus
2422 4777 2597 4822 autem
2628 4769 2705 4822 sic
2744 4768 2990 4822 dividens
3018 4775 3071 4819 et
3095 4764 3336 4819 scribens
3374 4783 3387 4818 :
3427 4766 3551 4832 Viri,
3582 4769 3777 4837 diligite

2195 4876 2380 4913 uxores
2404 4875 2419 4920 ;
2444 4875 2573 4912 uxor
2609 4870 2774 4913 autem
2806 4860 2976 4912 timeat
3006 4858 3168 4911 virum
3193 4857 3413 4927 (Ephes.
3441 4859 3496 4914 5.
3524 4859 3619 4929 25)
3646 4880 3657 4913 :
3690 4860 3778 4914 hic

2197 4966 2325 5006 vero
2354 4966 2459 5004 non
2503 4952 2639 5004 ultra
2686 4952 2858 5019 majus
2887 4959 2978 5004 aut
3022 4949 3197 5003 minus
3243 4950 3425 5017 ponit,
3472 4952 3567 5005 sed
3616 4968 3775 5006 unam

2197 5050 2535 5113 potestatem.
2590 5042 2812 5110 Quare?
2854 5040 2987 5109 Quia
3034 5038 3102 5091 de
3149 5042 3395 5095 castitate
3440 5057 3619 5095 sermo
3676 5044 3775 5111 ipsi

2194 5144 2328 5189 erat.
2378 5133 2432 5187 In
2477 5133 2598 5188 aliis
2624 5132 2837 5202 quidem
2866 5128 3306 5199 praerogativam,
3340 5131 3547 5201 inquit,
3584 5131 3775 5183 habeat

2198 5227 2419 5281 maritus
2444 5245 2454 5279 :
2484 5226 2569 5279 ubi
2597 5234 2775 5279 autem
2802 5222 2870 5276 de
2893 5220 3215 5274 continentia
3240 5223 3414 5291 agitur
3433 5264 3447 5284 ,
3477 5238 3582 5277 non
3623 5224 3772 5275 item.

2208 5319 2295 5371 Vir
2343 5328 2634 5389 potestatem
2670 5314 2749 5368 sui
2797 5313 3023 5380 corporis
3063 5328 3162 5365 non
3204 5314 3371 5377 habet,
3415 5328 3579 5381 neque
3621 5328 3773 5365 uxor.

2198 5414 2358 5467 Multa
2386 5422 2468 5466 est
2505 5409 2780 5479 aequalitas
2804 5446 2818 5469 ,
2849 5415 2903 5457 et
2948 5405 3088 5457 nulla
3124 5406 3494 5475 praerogativa.

2262 5500 2508 5571 Coniugii
2519 5494 2792 5572 jura.-——5.
2808 5496 2980 5549 Nolite
3005 5499 3247 5568 fraudare
3271 5497 3501 5558 invicem,
3518 5492 3616 5545 nisi
3645 5494 3778 5559 fort:

2199 5613 2261 5649 ex
2290 5610 2554 5647 consensu.
2586 5588 2722 5655 Quid
2770 5588 2869 5642 hoc
2898 5590 3022 5643 est?
3049 5587 3125 5642 Ne
3153 5604 3211 5641 se
3252 5586 3543 5647 contineat,
3580 5582 3774 5651 inquit,

2201 5702 2333 5739 uxor
2362 5685 2554 5737 marito
2596 5680 2813 5733 nolente
2838 5721 2851 5743 ,
2885 5695 3057 5749 neque
3102 5677 3330 5732 maritus
3375 5675 3538 5728 invita
3582 5688 3773 5731 uxore.

2199 5778 2406 5843 Quare?
2432 5774 2563 5841 Quia
2592 5785 2777 5841 magna
2795 5786 2857 5825 ex
2886 5771 2972 5827 tali
2995 5768 3319 5825 continentia
3343 5768 3583 5820 oriuntur
3611 5770 3773 5817 mala:
