4028 6208
269 382 376 439 153

263 517 393 554 nam
422 509 476 556 et
501 500 784 569 adulteria,
809 509 863 556 et
891 499 1274 555 fornicationes
1302 509 1356 556 et
1379 501 1663 554 domorum
1694 514 1849 553 ever—

265 593 450 648 siones
470 609 614 665 sa'pe
640 595 761 649 inde
793 601 1134 662 consequuta:
1162 601 1304 647 sunt.
1336 592 1388 648 Si
1418 592 1560 646 enim
1579 608 1696 647 cum
1721 609 1856 647 uxo-

269 704 358 743 res
387 688 642 753 habeant,
674 687 1026 753 fornicamur,
1058 687 1226 741 multo
1253 687 1418 756 magis
1439 688 1483 741 si
1513 688 1630 741 illos
1657 689 1724 742 ab
1759 690 1857 743 hac

262 783 639 838 consolatione
686 781 997 851 privaveris’.
1030 783 1096 837 Et
1125 794 1271 839 recte
1317 786 1472 848 dixit,
1511 781 1686 836 Nolite
1710 785 1854 852 frau-

265 874 408 937 dare,
444 873 683 928 fraudem
713 873 799 928 hic
825 884 879 928 et
905 873 1144 929 debitum
1175 876 1421 944 superius
1449 875 1724 945 appellans
1748 916 1762 940 ,
1797 884 1853 927 ut

262 963 562 1018 dominium
593 968 765 1033 majus
799 968 1127 1023 ostenderet.
1157 968 1290 1022 Nam
1327 969 1490 1022 invito
1520 972 1687 1023 altero
1714 969 1850 1022 alte-

263 1070 384 1108 rum
406 1072 465 1109 se
485 1060 759 1112 continere
781 1099 795 1122 ,
821 1059 948 1113 illud
968 1069 1050 1116 est
1065 1059 1342 1126 fraudare;
1369 1071 1592 1131 utroque
1615 1061 1849 1126 volente,

262 1161 370 1198 non
400 1146 548 1200 item.
583 1148 694 1202 Non
726 1150 890 1214 enim,
915 1153 959 1205 si
989 1162 1268 1221 postquam
1320 1152 1450 1206 mihi
1496 1155 1846 1222 persuaseris,

261 1239 463 1309 aliquid
493 1257 559 1295 ex
584 1243 716 1296 meis
743 1245 992 1313 accipias,
1029 1245 1262 1299 fraudari
1292 1263 1376 1301 me
1406 1247 1547 1300 dico.
1577 1246 1675 1311 Qui
1706 1247 1847 1299 enim

257 1329 328 1382 ab
359 1330 525 1385 invito
550 1343 603 1387 et
635 1349 727 1400 per
750 1337 852 1389 vim
879 1347 1065 1392 coacto
1095 1339 1306 1407 accipit,
1335 1339 1422 1393 ille
1441 1339 1670 1392 fraudat.
1695 1336 1849 1403 Quod

257 1422 443 1478 multa:
472 1425 722 1480 mulieres
754 1428 971 1492 faciunt,
1002 1446 1120 1500 qua:
1150 1441 1424 1500 peccatum
1449 1431 1736 1485 admittunt
1757 1433 1844 1500 ju-

254 1512 458 1566 stitiam
491 1531 844 1587 exsuperans,
897 1531 952 1575 et
981 1520 1080 1576 hac
1131 1524 1335 1578 ratione
1363 1523 1596 1578 libidinis
1623 1524 1847 1578 marito»

254 1619 376 1658 rum
418 1609 468 1660 in
498 1610 650 1677 culpa
678 1620 804 1664 sunt
832 1653 846 1678 ,
879 1615 1163 1682 omniaque
1201 1615 1253 1668 in
1302 1616 1689 1670 dissensionem
1723 1632 1843 1668 ver-

253 1703 392 1751 tunt.
420 1699 640 1768 Oporlet
657 1713 833 1756 autem
856 1706 1198 1761 concordiam
1221 1709 1466 1762 omnibus
1491 1718 1841 1778 anteponere,

249 1792 376 1858 quia
430 1793 530 1847 hoc
570 1796 818 1849 omnibus
844 1805 927 1850 est.
955 1798 1368 1866 prmfcrendum.
1394 1800 1462 1853 Et
1488 1803 1530 1854 si
1567 1802 1756 1869 placet,
1789 1803 1839 1855 id

251 1880 304 1933 in
337 1882 498 1935 rebus
529 1877 658 1951 ipsis
709 1887 1094 1940 examinemus.
1125 1887 1243 1941 Sitit
1273 1904 1406 1942 uxor
1431 1900 1484 1943 et
1513 1892 1756 1955 maritus,
1787 1903 1840 1945 et

246 1987 307 2024 se
329 1974 600 2028 contineat
634 1991 768 2030 uxor
793 1979 1007 2032 nolente
1036 1981 1229 2034 marito
1261 1999 1274 2035 :
1304 1981 1431 2050 quid
1461 1997 1586 2052 ergo
1607 2024 1621 2047 ,
1674 1984 1716 2037 si
1750 1984 1840 2037 ille

247 2059 378 2116 hinc
404 2063 472 2117 ad
501 2063 876 2120 fornicandutn
907 2069 1229 2135 inducatur;
1277 2081 1368 2125 aut
1396 2088 1501 2126 non
1548 2074 1840 2128 fornicatur

245 2157 487 2224 quidem,
517 2147 612 2212 sed
641 2161 838 2224 doleat,
877 2163 1119 2217 turbetur
1140 2206 1152 2228 ,
1188 2165 1519 2232 incendatur,
1553 2177 1748 2235 pugnet
1776 2183 1837 2221 ac

247 2249 443 2319 litiget,
474 2260 528 2305 et
553 2254 831 2307 innumera
862 2256 1012 2308 uxori
1043 2259 1251 2324 negotia
1279 2259 1570 2311 exhibeat?
1597 2260 1720 2328 quid
1749 2262 1830 2313 lu.

243 2341 321 2393 cri
353 2356 415 2394 es
442 2343 646 2410 jejunio
675 2355 726 2398 et
755 2347 1082 2400 continentia
1105 2389 1117 2412 ,
1148 2364 1267 2402 cum
1297 2352 1490 2403 caritas
1529 2351 1695 2405 hacta
1724 2353 1832 2406 sit?

243 2430 408 2486 Nihil.
448 2437 585 2498 Quot
629 2437 770 2489 enim
800 2438 923 2494 inde
950 2440 1210 2506 convicia,
1240 2453 1367 2511 quot
1399 2445 1628 2512 negotia,
1657 2460 1830 2513 quau-

243 2533 354 2578 tum
387 2526 583 2580 bellum
617 2530 916 2583 necessario
934 2531 1165 2584 oriatur!

311 2615 366 2669 9..
403 2615 538 2670 Cum
571 2619 714 2672 enim
771 2619 912 2673 domi
962 2622 1185 2676 maritus
1237 2631 1290 2677 et
1342 2641 1476 2677 uxor
1528 2625 1825 2692 dissident,

240 2721 348 2760 non
401 2709 592 2761 melius
636 2725 692 2764 se
724 2710 941 2765 habebit
985 2713 1197 2777 domus,
1250 2730 1406 2782 quam
1440 2717 1589 2770 navis
1632 2719 1825 2787 agitata

241 2807 580 2864 tempestate,
611 2802 966 2868 gubernatore
991 2806 1076 2871 qui
1108 2805 1174 2858 ab
1199 2821 1263 2858 eo
1290 2823 1500 2873 proram
1534 2810 1669 2878 regit
1717 2810 1823 2864 dis-

235 2889 523 2943 sentiente.
583 2891 810 2960 ldcoque
840 2894 912 2945 ait
943 2911 954 2946 :
988 2893 1162 2947 Nolite
1189 2899 1432 2964 fraudare
1457 2900 1686 2965 invicem,
1726 2903 1824 2954 nisi

237 2979 447 3044 forteea:
467 2997 711 3033 consensu
735 2981 800 3034 ad
816 2992 1009 3050 tempus
1035 2994 1089 3035 ut
1114 2987 1497 3057 vacetisjejnnio
1521 3000 1563 3041 et
1582 2993 1820 3054 orationi;

232 3071 303 3125 de
343 3071 587 3125 oratione
622 3087 740 3125 cum
772 3073 958 3142 majori
999 3075 1175 3128 studio
1206 3075 1338 3130 facta
1362 3078 1446 3132 hic
1476 3080 1719 3149 loquens.
1763 3082 1818 3136 Si

229 3163 373 3216 enim
395 3177 550 3215 orare
574 3164 852 3232 prohibeat
868 3165 1057 3234 eosqui
1073 3165 1209 3221 inter
1226 3183 1283 3222 se
1301 3181 1513 3237 coeunt,
1535 3172 1820 3238 illud,Sine

231 3254 628 3308 intermissione
656 3271 829 3321 orare,
854 3258 1120 3327 quomodo
1150 3259 1320 3312 locum
1344 3270 1396 3313 et
1427 3272 1632 3331 tempus
1652 3264 1815 3318 habe-

229 3344 345 3398 bit?
375 3346 502 3399 licet
535 3361 660 3414 ergo
692 3355 745 3399 et
774 3362 893 3405 cum
932 3363 1094 3401 uxore
1121 3350 1560 3404 coosuetudinem
1598 3354 1813 3418 habere,

228 3446 282 3488 et
313 3436 545 3489 orationi
591 3437 938 3494 incumbere;
970 3439 1063 3492 sed
1097 3456 1190 3507 per
1218 3443 1599 3496 Continentiam
1633 3462 1815 3512 preca-

229 3524 302 3577 tio
319 3525 621 3579 accuratior
651 3527 906 3581 redditur.
935 3529 1046 3583 Non
1069 3529 1211 3583 enim
1234 3531 1546 3599 simpliciter
1569 3534 1719 3600 dixit,
1746 3536 1816 3591 Ut

225 3616 428 3679 oretis;
483 3617 577 3670 sed
610 3617 680 3671 Ut
732 3602 932 3682 vacetis,
967 3629 1148 3688 utpote
1194 3637 1313 3675 cum
1363 3639 1449 3677 res
1482 3627 1812 3682 vocationem

228 3708 483 3775 praebeat,
517 3707 612 3762 sed
642 3723 746 3762 non
781 3711 1194 3766 immunditiatn.
1225 3712 1290 3765 Et
1309 3717 1486 3767 iterum
1516 3717 1564 3769 in
1591 3719 1811 3786 idipsum

223 3799 501 3862 convenite,
537 3814 598 3851 ne
625 3808 771 3852 tentet
813 3815 896 3853 vos
923 3811 1148 3858 satanas.
1179 3803 1257 3858 Ne
1306 3805 1577 3860 videretur
1627 3811 1766 3862 enim
1795 3853 1810 3877 ,

226 3901 338 3938 rem
367 3901 493 3941 esse
523 3886 638 3957 lege
678 3890 1022 3943 constitutam
1047 3933 1058 3952 ,
1089 3906 1305 3946 causam
1335 3895 1501 3948 addit.
1555 3896 1808 3963 Quaenam

223 3979 310 4032 illa
341 3978 450 4032 est?
475 3977 557 4033 Ne
578 3989 729 4034 tentet
760 3997 843 4035 cos
861 3991 1084 4036 satanas.
1111 3984 1176 4037 Et
1204 3993 1262 4038 ut
1288 3985 1462 4040 discas
1491 4005 1594 4043 non
1622 3991 1807 4045 diabo-

222 4070 333 4124 lum
361 4079 565 4124 tantum
594 4071 839 4125 adulterii
887 4087 1103 4127 causam
1146 4089 1285 4142 esse,
1314 4076 1590 4146 subjunxit
1625 4098 1638 4133 :
1673 4080 1808 4135 Pro-

220 4172 332 4229 pter
351 4164 766 4216 incontinentiam
793 4172 1025 4218 vestram.
1058 4167 1111 4218 6.
1154 4165 1265 4220 Hoc
1289 4178 1455 4223 autem
1493 4173 1605 4226 dico
1632 4191 1807 4228 secun-

218 4258 342 4308 dum
367 4257 735 4327 indulgentiam
761 4298 776 4322 ,
808 4275 909 4311 non
947 4259 1222 4314 secundum
1271 4263 1556 4333 imperium.
1591 4268 1640 4322 7.
1682 4267 1810 4323 Volo

217 4361 391 4402 autem
424 4365 594 4402 omnes
627 4350 853 4404 homines
878 4367 984 4406 esse
1013 4352 1142 4405 sicut
1171 4355 1436 4421 meipsum,
1462 4358 1513 4410 in
1551 4361 1806 4414 continen-

217 4441 312 4493 tia.
350 4439 464 4493 lloc
501 4453 644 4508 srepe
672 4440 825 4505 facit,
855 4440 1068 4510 quando
1099 4457 1185 4496 res
1213 4442 1456 4500 difﬁciles
1477 4448 1678 4502 suadet
1705 4464 1718 4501 :
1747 4469 1806 4504 se

217 4533 270 4588 in
301 4533 482 4587 medio
511 4533 657 4603 ponit
678 4541 732 4587 et
757 4534 848 4596 ait,
877 4532 1160 4588 Imitatores
1188 4537 1282 4588 mei
1313 4545 1481 4592 estote.
1509 4539 1614 4593 Sed
1646 4558 1803 4594 unus-

214 4627 430 4694 quisque
478 4627 737 4694 proprium
786 4624 976 4678 donum
1025 4625 1171 4678 habet
1199 4643 1262 4679 ex
1286 4625 1416 4692 Deo,
1445 4628 1578 4683 alius
1604 4632 1803 4692 quidem

211 4717 306 4778 sic,
339 4716 474 4768 alius
502 4731 614 4769 vero
635 4715 708 4768 sic
739 4716 786 4786 (l
802 4757 814 4769 .
833 4715 952 4769 Cor.
974 4717 1029 4770 4.
1059 4715 1172 4786 16).
1196 4716 1325 4784 Quia
1348 4719 1489 4772 enim
1509 4721 1660 4774 valde
1685 4722 1804 4777 illos

212 4808 488 4863 accusavit
513 4807 715 4872 dicens,
743 4806 959 4877 PrOpter
982 4809 1397 4861 incontinentiam
1420 4820 1651 4875 vestram,
1679 4829 1800 4865 rur-

212 4913 307 4953 sus
338 4899 485 4967 ipsos
511 4899 818 4954 consolatus
837 4909 918 4953 est
936 4899 1281 4969 subjungens,
1307 4900 1653 4973 Unusquisque
1679 4921 1796 4972 pro-

213 4991 386 5059 prium
417 4990 605 5042 donum
643 4990 789 5043 habet
813 5007 874 5042 ex
897 4989 1037 5053 Deo;
1067 5006 1169 5044 non
1202 4994 1302 5044 hoc
1324 4991 1624 5059 declarans,
1659 4996 1799 5063 quod

214 5081 318 5135 hoc
347 5088 494 5135 recte
523 5080 714 5135 factum
746 5091 930 5134 nostro
961 5081 1136 5136 studio
1166 5097 1270 5135 non
1320 5093 1502 5152 egeat;
1556 5087 1650 5138 sed
1678 5127 1690 5150 ,
1748 5098 1800 5140 ut

215 5177 366 5244 prius
393 5172 524 5240 dixi,
555 5174 839 5227 consolans
863 5174 1000 5227 illos.
1035 5172 1164 5226 Nam
1194 5175 1235 5226 si
1267 5174 1466 5228 donum
1499 5185 1601 5241 est,
1628 5185 1680 5230 et
1717 5180 1791 5231 ni-

212 5267 285 5320 hil
338 5266 501 5319 homo
548 5264 612 5318 ad
665 5267 763 5317 hoc
803 5265 977 5330 atl‘ert,
1026 5264 1294 5334 quomodo
1347 5265 1519 5319 dicis?
1565 5266 1616 5319 8.
1675 5266 1798 5319 οξτο

208 5368 381 5411 autem
407 5371 506 5409 non
532 5356 701 5425 nuptis
725 5366 769 5408 et
797 5356 958 5409 viduis
983 5373 1003 5412 :
1035 5361 1217 5411 bonum
1256 5367 1326 5412 est
1352 5358 1475 5423 illis,
1505 5358 1549 5410 si
1576 5359 1648 5412 sic
1689 5377 1800 5426 per-

207 5449 488 5502 manserint
517 5457 570 5499 ut
598 5464 707 5517 ego.
737 5448 788 5501 9.
825 5448 973 5513 Quod
998 5449 1041 5503 si
1069 5466 1122 5502 se
1152 5466 1250 5502 non
1274 5450 1548 5516 continent,
1584 5452 1794 5503 nubant.

211 5537 457 5592 Vidistin‘
495 5536 645 5591 Pauli
690 5538 1008 5605 sapientiam
1036 5582 1050 5604 ,
1096 5541 1366 5609 quomodo
1421 5552 1473 5596 et
1519 5541 1796 5596 meliorem

205 5631 457 5686 ostendat
481 5645 601 5686 esse
621 5630 1025 5695 continentiam,
1051 5643 1104 5686 et
1136 5648 1238 5688 non
1266 5643 1420 5703 cogat
1439 5648 1556 5686 eum
1577 5634 1663 5702 qui
1690 5651 1792 5689 non

208 5720 530 5790 assequitur,
565 5721 757 5776 timens
787 5738 853 5777 ne
879 5721 930 5776 in
961 5723 1164 5791 lapsum
1184 5725 1477 5778 incidatur?
1509 5722 1694 5778 Melius
1723 5737 1794 5778 est

204 5811 342 5865 enim
367 5811 571 5880 nubere,
605 5829 756 5883 quam
789 5814 883 5868 uri.
917 5815 1171 5872 lndicavit
1199 5824 1392 5886 quanta
1437 5817 1790 5887 sit‘coucupi-

1322 383 1387 439 IN
1427 383 1637 440 EPIST.
1681 381 1699 437 Ι
1764 381 1856 436 AD
1894 382 2046 436 00R.
2093 384 2297 442 llOillL
2360 389 2498 448 XlX.

3444 418 3541 476 154

1970 506 2186 558 scentia:
2216 506 2473 581 tyrannis.
2506 512 2616 569 Hoc
2645 528 2821 574 autem
2855 525 2963 577 vult
2986 527 3288 596 signiﬁcare
3321 553 3330 584 :
3363 535 3416 590 Si
3443 538 3542 589 vim

1967 593 2189 649 multam
2241 607 2294 652 ct
2337 609 2524 656 aestum
2579 611 2792 675 pateris,
2823 628 2850 664 a
2916 615 3187 675 laboribus
3237 631 3289 676 et
3328 625 3542 682 sudori—

1962 686 2060 739 bus
2110 697 2160 741 te
2190 691 2378 755 libera,
2427 710 2494 749 ne
2522 695 2656 754 forte
2703 705 3046 764 subvertaris.
3106 713 3190 768 10.
3249 718 3324 772 lis
3353 731 3538 778 autem.

1960 781 2043 843 qui
2095 783 2418 838 matrimonio
2453 791 2623 857 juncti
2665 805 2800 859 sunt,
2851 803 3106 871 praecipio,
3148 824 3247 861 non
3299 827 3408 879 ego,
3454 815 3542 866 sed

1962 868 2230 926 Dominus.
2261 875 2392 943 Quia
2430 880 2600 951 legem
2639 885 2854 944 disertis
2882 868 3059 949 verbis
3138 868 3354 955 Christo
3379 868 3538 959 latam

1957 972 2037 1016 cst
2060 964 2313 1032 lecturus,
2347 969 2414 1023 de
2440 987 2602 1028 uxore
2633 993 2738 1031 nou
2760 979 3072 1038 dimittenda
3098 989 3199 1042 nisi
3225 993 3293 1044 sit
3314 994 3542 1050 lornica.

1960 1061 2346 1124 t:t,'proptcrea
2377 1061 2535 1127 dicit,
2588 1065 2710 1121 Non
2740 1087 2848 1140 ego.
2904 1074 3033 1128 Nam
3065 1093 3180 1146 qua:
3213 1083 3356 1150 prius
3399 1086 3536 1141 dicta

1955 1153 2097 1213 sunt,
2127 1154 2333 1208 etiamsi
2365 1171 2469 1209 non
2516 1158 2726 1216 disertis
2770 1166 2944 1220 verbis
2990 1169 3126 1224 dicta
3159 1173 3263 1226 sint
3286 1216 3299 1239 ,
3336 1177 3430 1242 ipsi
3462 1192 3538 1234 ta-

1955 1258 2076 1296 men
2109 1259 2167 1297 ea
2216 1262 2336 1302 esse
2384 1248 2650 1303 videntur.
2705 1255 2771 1308 At
2802 1257 2900 1311 hoc
2927 1261 3139 1328 quidem
3189 1265 3279 1318 ille
3323 1268 3541 1325 disertis

1956 1335 2134 1390 verbis
2160 1339 2375 1394 tradidit
2408 1361 2421 1396 :
2455 1343 2632 1413 itaque
2664 1347 2815 1413 illud,
2848 1348 2990 1420 Ego,
3019 1366 3070 1408 et
3111 1355 3227 1412 Non
3256 1377 3366 1428 ego,
3399 1363 3536 1418 hanc

1955 1429 2152 1482 habent
2181 1431 2560 1491 dilferentiam.
2593 1437 2670 1493 Ne
2692 1442 2832 1494 enim
2867 1460 2958 1497 sua
2989 1461 3106 1501 esse
3137 1449 3365 1506 humana
3392 1466 3535 1524 puta-

1952 1535 2057 1582 res,
2092 1521 2211 1576 idco
2240 1523 2514 1593 subjuuxit
2545 1545 2557 1580 :
2589 1528 2724 1583 Puto
2753 1533 2885 1586 enim
2910 1537 3045 1600 quod
3069 1549 3116 1591 et
3147 1557 3236 1610 ego
3283 1521 3533 1606 Spiritum

1951 1609 2047 1663 Dei
2076 1612 2307 1666 habeam.
2333 1615 2470 1680 Quid
2500 1627 2584 1672 est
2611 1635 2758 1689 ergo,
2790 1625 2929 1692 qUod
2962 1609 3218 1685 Dominus
3237 1636 3531 1704 conjugatis

1950 1707 2202 1772 praicepit
2223 1747 2236 1771 ,
2271 1706 2489 1761 Uxorem
2523 1727 2552 1763 a
2582 1714 2687 1765 viro
2734 1732 2835 1769 non
2861 1719 3113 1773 discedere
3138 1722 3164 1774 .9
3193 1725 3212 1776 l
3232 1727 3273 1777 l.
3308 1731 3441 1791 quod
3490 1733 3532 1782 si

1947 1795 2250 1864 discesserit,
2281 1810 2478 1853 maneat
2507 1803 2739 1871 innupta,
2767 1818 2853 1859 aut
2896 1809 2999 1862 viro
3021 1828 3108 1863 suo
3139 1814 3486 1870 reconcilietur
3505 1838 3522 1872 .1

1946 1897 1990 1937 et
2016 1891 2089 1938 rir
2119 1905 2325 1941 uxorem
2354 1909 2454 1944 non
2481 1894 2718 1949 dimittat.
2747 1897 2878 1963 Quia
2911 1902 3051 1955 enim
3081 1913 3134 1956 et
3162 1918 3377 1972 prOptcr
3400 1925 3530 1964 con.

1947 1980 2220 2033 tincutiam
2249 1990 2302 2034 et
2330 1994 2546 2052 propter
2568 1986 2702 2042 alios
2752 1989 2998 2046 obtentus
3045 2004 3096 2047 et
3141 1995 3525 2065 dissensiones,

1945 2070 2236 2126 divisiones
2260 2073 2370 2126 lieri
2398 2076 2773 2146 contingebat;
2810 2082 2995 2136 melius
3022 2086 3235 2152 quidem
3264 2105 3290 2140 a
3328 2093 3526 2158 princi-

1945 2162 2031 2228 pio
2074 2162 2281 2227 luisset,
2315 2180 2419 2218 non
2453 2166 2538 2219 illa
2568 2166 2680 2222 ﬁeri
2708 2211 2725 2236 ,
2761 2173 2853 2224 sed
2883 2172 2923 2224 si
2959 2173 3094 2227 facta
3126 2185 3268 2241 sunt,
3312 2194 3528 2237 maneat.

1945 2268 2078 2307 uxor
2117 2270 2237 2308 cum
2281 2257 2416 2319 viro,
2446 2259 2543 2311 etsi
2575 2276 2678 2314 non
2718 2262 2782 2315 ad
2830 2266 3195 2336 concubitum,
3249 2280 3423 2328 L'tmcn
3472 2286 3530 2331 ut

1942 2347 2144 2399 nulltnn
2175 2349 2335 2401 alium
2360 2341 2584 2404 inducat
2608 2353 2798 2406 virum.
2848 2355 2930 2408 i2.
2965 2357 3171 2412 Carteris
3222 2373 3386 2416 autem
3435 2384 3524 2436 ego

1939 2437 2070 2502 dico,
2097 2455 2196 2490 non
2230 2439 2476 2493 Dominus
2503 2460 2519 2495 :
2559 2443 2617 2496 Si
2647 2445 2756 2513 quis
2799 2449 2956 2512 frater
2981 2465 3186 2502 uxorem
3215 2454 3394 2506 habent
3424 2459 3518 2510 ’ἰη-

1939 2528 2158 2595 ﬁdelem,
2187 2541 2235 2584 et
2261 2532 2365 2584 htec
2387 2537 2631 2587 consentit
2659 2537 2885 2591 habitare
2912 2557 3023 2593 cum
3046 2543 3154 2607 illo,
3185 2562 3282 2599 non
3306 2549 3521 2603 dimittat

1936 2621 2098 2672 illaut.
2136 2623 2219 2676 13.
2248 2622 2313 2674 Et
2333 2626 2375 2677 si
2395 2642 2494 2689 qua
2525 2629 2703 2680 mulier
2732 2631 2912 2683 habeat
2944 2633 3102 2685 virum
3148 2636 3401 2702 inﬁdelem
3429 2684 3440 2704 ,
3474 2654 3523 2695 et

1939 2712 2018 2763 hic
2066 2715 2305 2766 consentit
2334 2715 2559 2770 habitare
2596 2735 2708 2770 cum
2755 2720 2865 2788 illa,
2921 2740 3019 2775 non
3059 2727 3277 2780 dimittat
3332 2732 3515 2785 virum.

1934 2803 2393 2869 Quemadmodum
2435 2809 2574 2860 enim
2602 2825 2721 2863 cum
2754 2811 3062 2880 loqueretur
3088 2818 3152 2869 de
3181 2824 3520 2886 separatione

1938 2909 1965 2945 a
1997 2895 2433 2964 lornicatoribus,
2464 2902 2803 2956 correctione
2847 2905 3072 2971 quadam
3104 2923 3214 2961 rem
3244 2909 3513 2966 diflicilem

1933 2985 2163 3039 reddidit
2207 2987 2412 3054 dicens,
2458 2988 2523 3041 Et
2550 3007 2648 3045 non
2677 2995 2846 3063 utique
2885 3013 2915 3048 a
2945 2998 3333 3065 fornicatoribus
3362 3005 3514 3073 hujus

1938 3077 2114 3127 mundi
2145 3093 2160 3128 :
2188 3078 2263 3130 sic
2292 3089 2343 3130 ct
2371 3079 2470 3132 hoc
2499 3081 2617 3134 loco
2649 3098 2890 3153 magnam
2921 3089 3148 3156 providit
3197 3108 3313 3147 esse
3346 3094 3511 3148 lucili-

1935 3174 2093 3218 tatem
2127 3166 2218 3221 :Si
2236 3167 2352 3236 quis
2371 3178 2460 3222 aut
2484 3185 2616 3224 uxor
2639 3174 2830 3240 virum,
2861 3186 2950 3230 aut
2980 3179 3059 3232 vir
3084 3197 3299 3236 uxorem
3323 3183 3514 3241 habent

1933 3257 2222 3323 infidelem,
2254 3275 2319 3312 ne
2341 3259 2574 3315 dimittat
2602 3279 2741 3319 eam.
2767 3264 2902 3331 Quid
2926 3269 3099 3323 dicis?
3123 3273 3164 3324 si
3195 3276 3403 3342 quidem
3431 3279 3511 3330 in-

1927 3349 2094 3404 lidclis
2140 3351 2246 3416 sit,
2293 3364 2505 3408 maneat
2547 3370 2666 3409 cum
2708 3374 2904 3422 uxore;
2957 3363 2999 3415 si
3048 3363 3354 3431 fornicator,
3410 3386 3512 3425 non

1924 3440 2094 3492 item?
2138 3457 2454 3510 quamquam
2511 3447 2684 3500 minus
2728 3460 2807 3503 est
2865 3463 3141 3520 peccatum
3189 3457 3503 3526 lornicatio;

1923 3531 2013 3582 sed
2035 3531 2169 3584 Deus
2200 3533 2302 3585 tuis
2340 3533 2497 3586 rebus
2521 3537 2673 3591 valde
2703 3542 2889 3606 parcit.
2922 3542 3032 3597 Hoc
3061 3547 3217 3598 etiam
3248 3549 3297 3601 in
3343 3554 3512 3604 sacri-

1922 3617 2042 3672 ﬁcio
2075 3619 2218 3687 facit,
2251 3623 2433 3678 dicens
2465 3641 2476 3675 :
2510 3623 2720 3680 Dimitte
2743 3632 3068 3699 sacriﬁcium,
3106 3648 3148 3689 et
3195 3643 3518 3697 reconciliare

1920 3713 2070 3778 fratri
2093 3724 2179 3766 tuo
2227 3715 2436 3782 (Matth.
2467 3718 2517 3772 5.
2544 3719 2657 3787 Ἡ).
2690 3721 2761 3774 lta
2789 3724 2948 3778 etiam
2979 3726 3125 3780 illum
3155 3772 3167 3794 ,
3205 3733 3291 3800 qui
3322 3732 3514 3790 decem.

1921 3805 2082 3857 millia
2136 3806 2328 3860 talenta
2376 3807 2603 3864 debebat
2654 3813 2791 3880 sibi,
2850 3831 2953 3870 non
3007 3821 3237 3887 punivit;
3289 3838 3508 3881 euaser-

1919 3913 2040 3948 vum
2095 3907 2271 3951 autem
2337 3911 2548 3954 centum
2605 3903 2853 3959 denarios
2901 3909 3198 3978 exigentem
3241 3916 3508 3984 supplicio

1917 3988 2109 4041 allecit.
2135 3989 2352 4053 Deinde,
2391 4007 2456 4045 ue
2484 3993 2692 4049 timeret
2725 3997 2934 4062 mulier,
2966 4015 3032 4054 ne
3055 4013 3273 4070 prOpter
3300 4008 3496 4062 coitum

1915 4088 2060 4134 esset
2098 4078 2406 4146 immunda,
2457 4084 2585 4137 dicit
2635 4103 2646 4138 :
2703 4084 2790 4140 H.
2845 4089 3206 4159 Sanctificatus
3257 4110 3327 4150 est
3370 4103 3514 4153 enim.

1915 4171 1990 4223 vir
2029 4170 2250 4237 inﬁdelis
2298 4189 2384 4240 per
2411 4174 2704 4240 mulierem,
2757 4188 2804 4230 et
2831 4182 3145 4248 sanctiﬁcata
3202 4198 3272 4240 est
3322 4192 3501 4244 mulier

1913 4261 2131 4327 inﬁdelis
2183 4279 2269 4331 per
2301 4265 2479 4316 virum.
2514 4267 2670 4335 Atqui
2699 4267 2741 4320 si
2794 4270 2857 4336 is,
2905 4273 2992 4339 qui
3021 4278 3288 4332 meretrici
3317 4281 3498 4335 adhae-

1912 4363 2014 4416 ret,
2049 4369 2208 4406 unum
2239 4370 2434 4422 corpus
2482 4365 2597 4423 est,
2646 4359 2820 4427 palam
2867 4371 2947 4416 est
2997 4378 3136 4430 eam,
3184 4383 3300 4436 quae
3331 4370 3500 4425 idolo-

1914 4444 2060 4496 latrte
2109 4444 2367 4506 adhazret,
2431 4463 2591 4501 unum
2641 4465 2836 4518 corpus
2874 4468 2992 4507 esse
3027 4472 3038 4507 :
3071 4472 3232 4511 unum
3283 4463 3497 4530 quidem

1911 4549 2242 4606 estcorpos,
2290 4549 2342 4592 at
2386 4555 2491 4594 non
2526 4541 2584 4594 lit
2629 4541 2935 4610 imnmnda,
2989 4548 3081 4600 sed
3130 4550 3290 4612 vincit
3345 4571 3495 4607 mun-

1910 4627 2036 4680 ditia
2090 4629 2330 4683 mulieris
2383 4630 2478 4682 viri
2546 4633 2935 4688 immunditiam
2991 4653 3006 4691 :
3062 4639 3224 4694 vincit
3286 4660 3498 4712 quoque

1912 4719 2169 4773 munditia
2203 4721 2301 4774 viri
2329 4720 2504 4775 ﬁdelis
2535 4723 2923 4780 immunditiam
2957 4731 3196 4785 mulieris
3241 4733 3491 4791 inlidelis.

1980 4812 2033 4864 ὅ.
2057 4813 2164 4865 Cur
2191 4827 2318 4882 ergo
2351 4812 2437 4867 hic
2473 4815 2608 4867 victa
2635 4827 2716 4870 est
2735 4819 3087 4886 itt‘tmundilia,
3119 4824 3338 4894 ideoque
3364 4843 3496 4882 cons

1908 4904 2118 4957 cubitus
2150 4905 2512 4972 permittitur;
2564 4908 2614 4960 in
2668 4910 2890 4964 muliere
2917 4923 3092 4966 autem
3125 4915 3360 4971 adultera
3391 4935 3499 4975 ncn

1907 4997 2113 5050 crimini
2154 4997 2308 5052 datur
2343 4999 2492 5064 viro,
2536 5014 2657 5052 cum
2691 5001 2836 5056 illam
2866 5005 3046 5072 ejicit?
3074 5006 3202 5074 Quia
3234 5009 3326 5063 hic’
3373 5026 3498 5080 spes

1908 5098 1988 5144 est
2017 5089 2128 5143 fore
2157 5098 2211 5141 ut
2241 5105 2333 5157 per
2359 5092 2758 5145 matrimonium
2790 5110 2907 5162 pars
2934 5096 3016 5149 illa
3041 5114 3155 5166 qua)
3175 5099 3378 5167 peribat
3406 5118 3492 5156 sa-

1910 5181 2071 5234 lutem
2106 5191 2510 5250 consequatur;
2540 5184 2647 5237 illic
2686 5201 2810 5238 vero
2851 5189 3247 5246 mattimoniutn
3274 5192 3384 5261 jam
3410 5210 3494 5246 so.

1909 5269 2076 5322 lutum
2117 5278 2199 5324 est
2231 5288 2242 5322 :
2269 5281 2319 5323 et
2351 5271 2456 5324 illic
2480 5272 2696 5340 quidem
2727 5275 2883 5327 ambo
2914 5291 3366 5348 eoriumpuntur,
3411 5284 3494 5337 hic

1907 5375 2034 5413 vero
2062 5360 2279 5414 alterius
2306 5361 2507 5417 crimen
2547 5373 2644 5417 est.
2677 5365 2913 5435 llxcmpli
2943 5384 3098 5421 causa
3134 5388 3144 5420 :
3175 5387 3294 5440 quae
3325 5374 3491 5428 forni-

1905 5460 2020 5503 cata
2051 5450 2144 5504 luit
2168 5493 2181 5516 ,
2215 5454 2539 5507 exsecranda
2568 5465 2712 5510 certe
2739 5465 2838 5510 cst.
2873 5459 2925 5512 Si
2955 5475 3080 5529 ergo
3120 5465 3205 5529 qui
3253 5463 3495 5519 adhtcrct

1907 5543 2170 5596 meretrici
2199 5584 2213 5608 ,
2254 5558 2416 5596 unum
2448 5559 2642 5614 corpus
2674 5556 2788 5613 est,
2815 5561 2867 5602 ct
2901 5552 3137 5617 impurus
3178 5554 3265 5608 ille
3296 5553 3356 5606 lit
3401 5559 3489 5621 qui

1904 5648 2024 5687 cum
2057 5635 2336 5689 meretrice
2363 5635 2652 5701 miscetur;
2698 5637 2815 5692 ideo
2870 5649 3016 5695 certe
3072 5651 3180 5696 tota
3222 5646 3485 5700 munditia

1904 5724 2100 5778 avolat.
2129 5725 2220 5779 llic
2251 5735 2424 5781 autem
2456 5742 2556 5780 non
2585 5728 2660 5782 sic
2686 5744 2698 5794 ;
2729 5729 2823 5783 scd
2848 5732 3151 5799 quomodo?
3181 5734 3485 5790 immundus

1905 5826 1985 5873 cst
2016 5817 2290 5874 idololatra
2318 5861 2331 5886 ,
2366 5818 2457 5876 sed
2484 5820 2676 5875 mulier
2706 5837 2810 5878 nou
2843 5834 2922 5880 est
2954 5824 3246 5884 immunda.
3279 5824 3418 5881 Natu
3445 5819 3496 5878 si.
3575 5847 3597 5862 ο
