4028 6208
506 359 606 417 I355

501 488 724 531 misers
749 472 850 543 ipsi
870 478 1013 528 esset
1047 470 1098 525 in
1131 469 1219 525 illa
1249 465 1619 526 resecundum
1645 476 1804 533 quam
1849 458 2080 511 immun-

505 567 607 625 dus
635 575 738 633 est,
769 564 820 620 in
848 564 1142 634 impietate,
1166 561 1403 632 inquam,
1433 558 1547 627 ipsa
1577 568 1790 626 quoque
1813 548 2083 606 immunda

505 659 643 717 foret
670 678 684 714 :
714 672 857 730 nunc
882 666 1059 712 autem
1094 655 1202 709 alio
1231 653 1392 709 modo
1421 640 1725 706 immundus
1753 656 1835 703 est
1858 643 2085 700 idolola-

505 761 617 817 tra;
659 750 712 805 in
754 749 858 805 alia
884 757 1063 803 autem
1089 762 1149 801 re
1175 745 1275 815 ipsi
1315 744 1556 814 jungitur
1586 756 1751 806 uxor,
1784 739 1834 792 in
1864 752 1965 808 qua
1999 736 2087 791 ille

507 842 815 900 immundus
837 858 942 897 non
968 850 1071 895 est.
1105 837 1439 893 Connubium
1461 835 1603 890 enim
1621 844 1702 889 est
1723 842 1776 887 et
1800 845 2086 901 corporum

505 936 714 1000 ntixtio,
745 936 799 990 in
837 948 941 1003 qua
980 939 1065 988 est
1109 930 1361 987 societas.
1406 928 1487 983 Ad
1530 927 1643 981 haec
1692 941 1819 980 vero
1858 938 1980 993 spes
2008 929 2089 975 est

506 1028 658 1084 il.um
707 1025 778 1081 ab
825 1039 992 1079 uxore
1040 1031 1349 1078 revocatum
1398 1020 1498 1085 iri,
1548 1019 1632 1072 cui
1681 1016 1938 1069 adhaeret.
1998 1013 2088 1066 llle

509 1126 687 1173 autem
735 1116 871 1171 alius
916 1130 1020 1169 non
1070 1113 1143 1167 ita
1183 1111 1338 1166 facile
1380 1109 1690 1182 (curabitur
1710 1106 1751 1179 ).
1805 1103 2088 1174 Quomodo

509 1210 598 1265 illa
643 1225 799 1275 uxor,
850 1222 973 1278 quae
1001 1207 1174 1277 ipsum
1217 1204 1370 1275 prius
1419 1202 1680 1258 dedecore
1708 1198 1904 1260 all'ecit.
1937 1204 1991 1251 et
2014 1196 2092 1249 al-

509 1301 611 1356 teri
642 1316 701 1354 se
738 1299 941 1353 dedidit
976 1293 1563 1367 juraque‘matrimonii
1593 1291 1864 1353 abolevit,
1897 1288 2087 1357 injuria

510 1389 759 1447 allectum
805 1403 1059 1445 revocare
1108 1387 1337 1457 poterit;
1370 1401 1489 1440 cum
1541 1384 1773 1437 maxime
1802 1381 1894 1437 ille
1938 1380 2088 1450 quasi

510 1484 822 1556 peregrinus
848 1481 1100 1538 maneat?
1132 1481 1399 1535 Pratterea
1426 1485 1602 1530 autem
1636 1484 1753 1544 post
1788 1473 2091 1528 fornicatio-

511 1591 632 1633 nem
657 1575 882 1630 maritus
904 1588 1008 1627 non
1026 1581 1109 1627 est
1130 1573 1263 1625 ultra
1292 1568 1546 1623 maritus:
1570 1567 1656 1621 hic
1674 1573 1851 1621 autem
1873 1563 2086 1629 mulier,

510 1667 634 1721 licet
662 1664 801 1719 idola
827 1663 988 1727 colat,
1015 1662 1112 1716 viri
1139 1660 1225 1730 jus
1246 1675 1351 1715 non
1391 1658 1602 1713 amittit.
1633 1658 1741 1712 Nec
1769 1656 1887 1712 sine
1927 1670 2088 1711 causa

513 1772 635 1812 cum
664 1756 863 1812 infideli
891 1756 1115 1816 habitat.
1139 1753 1233 1808 sed
1262 1754 1379 1822 ipso
1403 1753 1650 1807 volente:
1681 1752 1906 1821 ideoque
1927 1751 2083 1805 dixit:

512 1848 576 1901 Et
602 1849 711 1916 ipse
736 1847 977 1903 consentit
1005 1846 1232 1900 habitare
1260 1860 1373 1898 cum
1396 1844 1507 1898 illa.
1535 1843 1673 1910 Quid
1697 1843 1863 1908 enim,
1885 1858 2087 1911 quaeso,

511 1939 817 1994 detrimenti
844 1937 1024 2002 fuerit,
1043 1952 1165 1991 cum
1195 1950 1257 1991 ea
1279 1951 1399 2005 qua:
1420 1935 1484 1988 ad
1516 1935 1824 2005 religionem
1846 1945 2091 2005 spectant

513 2034 717 2101 integra
746 2035 1024 2095 maneant,
1065 2036 1120 2083 et
1166 2026 1233 2082 de
1259 2025 1456 2080 inlideli
1492 2028 1629 2080 bona
1656 2041 1781 2096 spes
1804 2028 1892 2091 sit,
1916 2029 1959 2080 si
1980 2028 2089 2096 jam

512 2130 638 2176 sunt
673 2120 944 2190 conjugati
984 2127 1272 2183 maneant,
1302 2133 1401 2174 nec
1430 2116 1684 2188 superflni
1730 2118 1849 2172 belli
1882 2120 2091 2174 occasio

514 2213 832 2268 inducatur?
849 2226 1020 2283 neque
1039 2212 1184 2267 enim
1203 2211 1288 2266 hic
1304 2210 1539 2281 loquitur
1562 2210 1631 2265 de
1646 2210 1711 2265 iis
1736 2212 1825 2280 qui
1856 2196 2091 2265 t’tondum

507 2298 678 2368 juncti
728 2305 873 2363 sunt,
905 2296 1000 2352 sed
1048 2296 1117 2351 de
1146 2296 1464 2366 conjugatis.
1516 2294 1630 2347 Non
1660 2295 1802 2348 enim
1827 2294 1961 2349 dixit
1991 2314 2005 2350 :
2036 2296 2090 2351 Si

509 2390 629 2459 quis
653 2388 1043 2455 velit-accipere
1065 2385 1333 2441 infidelem
1358 2402 1373 2438 :
1404 2388 1519 2451 sed,
1539 2384 1600 2439 Si
1620 2385 1730 2452 quis
1746 2385 1890 2439 habet
1911 2387 2094 2455 inﬁde-

513 2481 644 2540 lem;
672 2478 722 2531 id
740 2487 845 2543 est,
872 2478 916 2532 si
938 2479 1056 2547 quis
1074 2485 1353 2546 postquam
1378 2477 1646 2548 connubio
1663 2477 1881 2545 junctus
1908 2477 2089 2546 fuerit,

514 2569 743 2638 accipiat
784 2568 1006 2622 verbum
1037 2569 1136 2637 pia:
1174 2568 1486 2639 religionis;
1539 2568 1733 2625 deinde
1760 2586 1883 2639 pars
1923 2571 2092 2624 altera

512 2660 769 2716 manserit
794 2660 847 2713 in
872 2658 1180 2717 inﬁdelitate
1203 2704 1217 2728 ,
1247 2661 1479 2730 velitque
1507 2673 1682 2716 tamen
1712 2676 1812 2715 una
1831 2660 2088 2727 habitare,

517 2765 586 2805 ne
615 2758 892 2819 separetur
924 2765 940 2802 :
974 2749 1339 2817 Sanctiﬁcatus
1368 2752 1502 2805 enim
1527 2759 1599 2805 est
1618 2792 1634 2817 ,
1666 2751 1858 2822 inquit,
1904 2753 1979 2805 vir
2007 2752 2092 2805 in-

516 2843 683 2910 ﬁdelis
712 2858 801 2911 per
841 2856 1069 2896 uxorem.
1114 2842 1283 2898 Tanta
1314 2855 1396 2899 est
1440 2843 1715 2900 munditiae
1772 2854 1875 2899 tua:
1916 2846 2090 2913 capia.

515 2934 651 3003 Quid
682 2950 829 3005 ergo,
862 2944 1148 2990 sanctusne
1173 2946 1253 2990 est
1284 2938 1541 3007 gentilis?
1568 2937 1910 3008 Nequaquam
1939 2956 1950 2989 :
1986 2953 2092 2991 non

512 3026 654 3081 enim
683 3026 834 3093 dixit,
857 3025 1087 3082 Sanctus
1108 3034 1221 3093 est;
1249 3027 1365 3093 sed,
1391 3028 1753 3096 Sanctiﬁcatus
1770 3037 1841 3082 est
1862 3045 1952 3097 per
1967 3044 2096 3081 uxo-

513 3135 638 3170 rem.
673 3117 785 3172 Huc
814 3132 975 3187 porro
996 3117 1151 3183 dixit,
1179 3132 1285 3172 non
1319 3127 1376 3172 ut
1399 3127 1641 3172 sanctum
1670 3118 1817 3173 illum
1847 3117 2091 3173 declara-

515 3219 615 3275 ret,
634 3210 729 3264 sed
749 3222 802 3262 ut
818 3209 942 3264 hinc
960 3212 1126 3281 magis
1138 3212 1319 3265 uxoris
1336 3220 1533 3267 metum
1550 3210 1863 3281 depelleret,
1880 3213 2062 3282 ipsum
2078 3244 2095 3256 -

514 3316 616 3369 que
638 3300 706 3355 ad
738 3302 976 3356 veritatis
1016 3302 1339 3357 desiderium
1370 3303 1663 3359 induceret.
1695 3303 1811 3358 Non
1850 3305 1997 3358 enim
2044 3304 2094 3357 in

510 3391 828 3462 corporibus
856 3391 1155 3462 conjugatis
1178 3402 1261 3449 est
1291 3394 1621 3448 immunditia
1644 3435 1658 3460 ,
1711 3394 1805 3448 sed
1834 3394 1886 3447 in
1928 3396 2097 3449 libero

514 3483 735 3537 arbitrio
762 3491 815 3538 et
842 3483 1275 3554 cogitationibus.
1309 3484 1445 3539 Hinc
1466 3486 1707 3554 sequitur
1728 3484 1994 3554 probatio.
2040 3487 2096 3542 Si

517 3574 658 3627 enim
680 3572 952 3627 immunda
980 3587 1202 3628 manens
1222 3573 1430 3644 gignis;
1462 3575 1635 3629 infans
1662 3583 1838 3629 autem
1884 3591 1988 3630 non
2020 3587 2099 3632 est

518 3680 583 3719 ex
624 3676 675 3720 te
702 3666 848 3731 sola;
895 3665 1204 3721 immundus
1229 3681 1357 3737 ergo
1384 3676 1466 3721 est
1512 3667 1705 3732 infans,
1738 3678 1829 3722 aut
1852 3682 1914 3723 ex
1941 3668 2100 3723 dimi—

520 3757 603 3811 tlia
637 3767 787 3827 parte
833 3758 1063 3818 mundus
1091 3777 1107 3817 :
1138 3776 1277 3815 nunc
1305 3770 1481 3816 autem
1511 3777 1614 3816 non
1642 3771 1725 3818 est
1772 3763 2101 3820 immundus.

526 3849 755 3920 Ideoque
789 3849 1095 3921 subjungit:
1114 3850 1354 3919 Alioquin
1373 3853 1466 3919 ﬁlii
1483 3854 1630 3906 vestri
1652 3854 1899 3933 immundi
1916 3864 2098 3917 essent;

523 3956 654 3994 nunc
681 3950 849 3994 autent
875 3942 1039 3996 sancti
1062 3950 1216 4007 sunt;
1245 3940 1296 3995 id
1318 3950 1421 4007 est,
1441 3957 1547 3995 non
1565 3943 1842 3998 immundi.
1861 3943 1952 3998 Ille
1976 3960 2102 3998 vero

522 4042 735 4087 sanctos
751 4033 894 4104 ipsos
910 4033 1141 4101 vocavit,
1158 4042 1215 4086 ut
1231 4034 1279 4087 vi
1299 4033 1580 4089 verborum
1602 4034 1900 4103 huiusmodi
1924 4037 2103 4105 suspi-

522 4124 693 4178 cionis
716 4133 914 4180 metum
942 4124 1264 4181 eliminaret.
1298 4126 1384 4181 l5.
1417 4126 1478 4181 Si
1501 4137 1667 4181 autem
1688 4129 1910 4196 inﬁdelis
1938 4128 2103 4181 disce-

527 4218 623 4283 dit,
654 4217 897 4271 discedat.
927 4216 1023 4272 llic
1045 4218 1187 4273 enim
1218 4218 1357 4273 nulla
1385 4228 1469 4273 est
1495 4220 1795 4274 fornicatio.
1841 4220 1977 4287 Quid
2004 4221 2103 4275 sibi

534 4307 644 4361 vult
672 4317 849 4363 autem
896 4307 1026 4363 illud
1056 4325 1068 4361 :
1100 4307 1335 4377 [nﬁdelis
1370 4310 1411 4364 si
1439 4309 1647 4362 discedit
1678 4319 1767 4362 aut
1800 4311 2107 4380 separatur?

537 4398 695 4453 Verbi
726 4401 893 4470 gratia
924 4400 969 4454 si
999 4410 1048 4455 te
1071 4400 1223 4469 jubet
1243 4401 1547 4455 sacriﬁcare
1571 4410 1663 4455 aut
1688 4400 1887 4456 sociam
1921 4404 2109 4472 impie-

530 4492 655 4545 tatis
686 4506 809 4546 esse
835 4499 1054 4562 propter
1094 4492 1443 4559 connubium,
1471 4494 1553 4546 vel
1581 4492 1890 4557 discedere;
1920 4496 2110 4550 melius

532 4591 615 4635 est
652 4582 913 4652 disrumpi
961 4583 1308 4651 connubium,
1363 4600 1522 4654 quam
1580 4585 1720 4655 piam
1771 4585 2108 4656 religionem.

532 4670 865 4739 Quapropter
914 4673 1097 4729 subdit
1124 4693 1138 4728 :
1173 4675 1295 4729 Non
1325 4678 1459 4730 enim
1487 4676 1715 4730 servituti
1744 4676 1995 4739 subiectus
2034 4690 2111 4732 est

535 4764 695 4829 frater
720 4770 808 4814 aut
833 4779 978 4817 soror
1000 4765 1053 4817 in
1089 4766 1337 4835 ejusmodi
1366 4770 1530 4822 rebus.
1560 4767 1617 4824 Si
1646 4768 1884 4839 quotidie
1930 4784 1991 4824 ea
2046 4772 2115 4826 de

536 4867 699 4909 causa
728 4860 929 4923 pugnet
955 4863 1006 4908 et
1051 4853 1248 4909 bellum
1278 4867 1525 4922 moveat,
1555 4860 1753 4929 inquit,
1803 4864 1994 4918 melius
2031 4874 2115 4917 cst

536 4945 796 5014 separari.
838 4944 951 5000 Hoc
978 4945 1121 5000 enim
1151 4946 1451 5002 subindicat
1470 4964 1590 5004 cum
1635 4951 1798 5005 dicit:
1829 4953 1896 5006 In
1940 4972 2115 5024 pacem

536 5049 706 5090 autem
735 5040 926 5093 vocavit
963 5055 1055 5095 nos
1084 5037 1243 5094 Deus.
1296 5039 1389 5097 llle
1416 5042 1557 5096 enim
1597 5042 1709 5112 jam
1735 5060 1950 5101 causam
1978 5064 2115 5117 prte-

543 5124 675 5189 buit,
708 5138 763 5181 ut
789 5130 835 5183 is
858 5132 947 5201 qui
976 5131 1269 5187 fornicatus
1296 5141 1380 5187 est
1427 5133 1511 5188 16.
1541 5134 1677 5200 Quid
1701 5137 1833 5190 enim
1850 5140 1969 5204 scis,
2002 5157 2115 5193 ntu-

541 5216 655 5279 tier,
696 5219 740 5272 si
779 5221 939 5275 uirum
984 5224 1182 5278 saluum
1211 5224 1406 5295 facies?
1451 5225 1561 5280 Hoc
1611 5227 1841 5283 refertur
1869 5230 1933 5282 ad
1965 5231 2116 5297 illud,

546 5308 632 5363 Ns
660 5309 876 5363 dimittat
904 5312 1089 5379 ipsum.
1121 5314 1252 5371 Nam
1283 5318 1329 5371 si
1370 5315 1551 5371 turbas
1582 5334 1687 5373 non
1712 5330 1908 5387 movet,
1938 5337 2115 5388 mane,

540 5400 751 5471 inquit;
785 5401 907 5456 hinc
955 5406 1094 5460 enim
1122 5408 1326 5463 lucrum
1359 5410 1619 5474 refertur;
1668 5428 1841 5479 mane,
1878 5412 2115 5480 hortare,

540 5494 823 5549 consilium
842 5493 969 5549 dato
983 5505 1035 5550 et
1053 5501 1338 5565 persuade:
1359 5503 1533 5557 nullus
1549 5504 1690 5559 enim
1711 5507 1900 5562 doctor
1917 5517 2116 5564 tantum

543 5587 760 5653 poterit,
786 5596 1044 5659 quantum
1068 5605 1219 5645 uxor.
1243 5593 1427 5664 Neque
1459 5597 1685 5667 imponit
1716 5598 1791 5653 illi
1826 5601 2117 5655 necessita-

543 5686 674 5741 tem,
700 5694 873 5750 neque
897 5696 1008 5737 rem
1039 5686 1107 5735 ab
1140 5682 1225 5739 illa
1242 5688 1425 5758 exigit,
1456 5705 1522 5744 ne
1553 5692 1765 5760 gravius
1788 5706 1921 5746 onus
1950 5694 2120 5763 impo-

542 5775 649 5832 nat,
677 5768 930 5843 jnbetque
957 5790 1023 5829 ne
1062 5774 1457 5845 desperctgsed
1494 5798 1603 5837 rem
1643 5783 1693 5837 in
1730 5783 1902 5839 futuro
1934 5785 2110 5840 incer-

1246 352 1302 411 8.
1339 347 1617 409 JOANNIS
1653 330 2125 402 CllRYSOSTOIlI
2166 333 2480 396 ABCHIEP.
2524 339 3056 403 CONSTANTINOP.

3675 339 3775 395 156

2199 459 2303 507 lam
2333 468 2386 512 et
2416 475 2729 531 suspensam
2762 471 3032 543 relinquit,
3064 475 3249 532 dicens
3277 495 3290 533 :
3323 478 3462 545 Quid
3489 479 3621 533 enim
3653 479 3772 540 scis,

2192 548 2395 615 mulier,
2444 556 2489 606 si
2519 559 2677 611 virum
2724 562 2919 616 saluum
2946 566 3103 633 {acies
3128 568 3155 621 .’
3181 580 3269 623 aut
3296 574 3417 641 quid
3454 574 3573 637 scis,
3597 577 3670 627 uir
3689 616 3705 641 ,
3728 578 3775 629 si

2193 642 2451 697 mulierem
2478 648 2669 703 salvam
2699 652 2895 720 facies?
2919 667 2973 711 et
3011 673 3221 714 rursum
3254 678 3267 713 :
3302 663 3387 716 17.
3420 661 3538 717 Nisi
3565 664 3771 718 unicui-

2191 746 2287 798 que
2328 735 2457 789 sicut
2484 738 2650 793 diuisit
2688 742 2847 812 Dens,
2876 764 3275 820 unumquemque
3301 754 3429 808 sicut
3456 755 3645 810 vocavit
3668 754 3771 810 Do-

2193 824 2378 889 minus,
2402 830 2474 882 ita
2500 832 2608 900 ipse
2621 836 2859 891 ambulet.
2886 841 2971 895 18.
2993 843 3332 900 Circumcisus
3353 858 3553 903 vocatus
3572 861 3642 904 est
3669 848 3769 904 aii-

2193 920 2344 985 quis?
2384 940 2483 977 non
2537 927 2759 983 adducat
2816 936 3137 1002 prwputium.
3188 937 3253 993 In
3297 942 3542 1011 propudia
3588 943 3772 1010 aliquis

2194 1022 2397 1065 vocatus
2423 1018 2532 1069 est?
2557 1035 2657 1072 non
2700 1024 3109 1087 circumcidgttur.
3158 1030 3243 1085 19.
3274 1030 3599 1087 ϐἰτεαπιοίιὲο
3645 1035 3776 1088 nihil

2194 1110 2287 1166 est,
2314 1112 2361 1154 et
2387 1108 2692 1174 prtrputium
2715 1112 2845 1165 nihil
2864 1124 2973 1179 est;
2996 1118 3086 1170 sed
3122 1118 3398 1175 observatio
3419 1123 3776 1177 mandatorum

2200 1189 2308 1243 Dei.
2338 1194 2426 1248 9.0.
2472 1196 2831 1271 Unusquisque
2868 1206 2920 1257 in
2946 1223 3047 1276 qua
3072 1213 3328 1265 vocatione
3354 1224 3556 1269 vocatus
3582 1225 3673 1282 est,
3720 1219 3775 1270 in

2194 1299 2252 1334 ea
2280 1300 2588 1353 permaneat.
2617 1292 2675 1345 21
2734 1294 2921 1351 Servus
2946 1310 3147 1355 vocatus
3186 1304 3279 1355 es!
3296 1321 3395 1358 non
3419 1308 3483 1359 sit
3504 1308 3589 1360 tibi
3613 1324 3773 1363 cura.

2196 1373 2323 1430 Haec
2350 1379 2415 1430 ad
2449 1379 2609 1435 fidem
2636 1386 2764 1441 nihil
2787 1388 3106 1457 conferunt,
3138 1394 3309 1463 inquit
3347 1414 3361 1450 :
3404 1414 3470 1451 ne
3496 1415 3621 1469 ergo
3644 1418 3776 1456 con-

2197 1468 2385 1563 tendas
2414 1486 2583 1563 neque
2607 1478 2836 1531 turberis
2868 1496 2880 1532 :
2912 1480 3043 1536 fides
3072 1485 3211 1538 enim
3242 1486 3356 1542 huic
3389 1468 3573 1543 omnia
3593 1492 3773 1563 ejecit.

2199 1555 2552 1630 Unusquisque
2580 1565 2631 1619 in
2660 1584 2759 1634 qua
2791 1572 3045 1627 vocatione
3072 1586 3274 1631 uocatus
3296 1588 3387 1641 est.
3412 1582 3464 1633 in
3495 1598 3553 1634 ea
3578 1599 3778 1652 pernm-

2193 1660 2328 1702 neat.
2392 1651 2624 1709 Uxorem
2672 1659 2873 1716 habens
2923 1664 3189 1721 infidelem
3234 1682 3448 1726 vocatus
3476 1690 3536 1727 es
3553 1651 3585 1725 1'7
3621 1691 3778 1731 mane

2194 1752 2317 1792 cum
2347 1740 2437 1795 illa
2469 1762 2482 1797 :
2511 1759 2579 1799 ne
2620 1759 2839 1815 pmpter
2870 1752 3025 1807 iidem
3052 1757 3233 1824 ejicias
3282 1777 3528 1817 uxorein.
3578 1764 3779 1820 Servus

2195 1840 2413 1885 vocatus
2439 1836 2538 1887 es?
2568 1853 2635 1891 ne
2664 1839 2735 1893 sit
2783 1842 2875 1895 tibi
2905 1858 3048 1899 cura:
3077 1865 3089 1898 :
3117 1860 3304 1904 servus
3333 1867 3509 1908 mane.
3557 1856 3778 1925 Praepa-

2198 1921 2327 1975 tium
2377 1923 2581 1982 habens
2632 1931 2941 1989 credidisti?
2988 1952 3109 1991 eum
3153 1945 3412 2010 prmpntio
3450 1960 3623 2002 mane.
3653 1921 3778 2003 Cir-

2196 2015 2462 2071 cumcisus
2479 2012 2750 2076 credidisti
2772 2025 2794 2077 ?
2812 2041 2968 2082 mane
2989 2030 3356 2088 circumcisus.
3381 2035 3489 2089 Hoc
3514 2037 3656 2091 enim
3674 2040 3778 2094 sibi

2194 2105 2306 2158 vult
2324 2106 2452 2161 illud
2480 2125 2495 2161 :
2534 2110 2886 2183 Unusquisque
2906 2119 3032 2171 sicut
3050 2119 3218 2173 divisit
3244 2122 3397 2178 Deus.
3431 2125 3555 2181 Haec
3580 2128 3779 2198 quippe

2197 2214 2303 2251 non
2346 2212 2474 2256 sunt
2499 2204 2877 2274 impedimenta
2920 2211 2987 2264 ad
3027 2212 3297 2280 pietatem.
3330 2216 3409 2271 Tu
3442 2233 3563 2274 cum
3590 2235 3781 2278 servus

2196 2303 2365 2353 esses,
2398 2304 2617 2350 vocatus
2655 2312 2714 2351 es
2748 2316 2759 2348 :
2804 2299 2942 2356 alius
2980 2316 3203 2358 uxorem
3234 2305 3439 2363 habens
3465 2309 3736 2366 inlidelem
3760 2351 3778 2379 ,

2197 2382 2331 2435 alius
2370 2386 2736 2445 circumcisus.

2265 2481 2319 2534 4-
2354 2483 2541 2551 Papae!
2570 2483 2780 2537 ubinam
2811 2489 3122 2542 servitutem
3152 2490 3367 2558 posuit?
3389 2490 3457 2547 Ut
3482 2491 3608 2545 nihil
3630 2493 3780 2563 juvat

2196 2572 2571 2638 circumcisio,
2619 2574 2857 2645 nihilque
2900 2588 3055 2631 nocet
3097 2566 3443 2648 praeputium,
3488 2583 3567 2638 sie
3607 2599 3780 2654 neque

2198 2663 2431 2717 servitus
2459 2679 2631 2734 neque
2662 2665 2897 2721 libertas.
2934 2666 3104 2737 thue
3133 2670 3260 2724 illud
3289 2672 3486 2727 clarius
3514 2689 3578 2727 ex
3604 2672 3779 2729 abun-

2196 2752 2374 2808 dantia
2419 2756 2695 2819 ostendat,
2726 2757 2801 2809 ait
2830 2776 2843 2810 :
2876 2757 2982 2810 Sed
3012 2760 3057 2811 si
3097 2770 3238 2826 potes
3277 2762 3390 2828 fieri
3428 2762 3579 2826 liber,
3622 2766 3784 2833 magis

2196 2855 2375 2909 sttere;
2408 2844 2508 2898 hoc
2537 2855 2638 2907 est,
2672 2847 2839 2916 magis
2863 2851 3083 2904 servias.
3115 2849 3183 2903 Et
3204 2866 3300 2904 cur
3321 2866 3466 2916 eum,
3493 2855 3581 2921 qui
3615 2855 3783 2922 possit

2198 2935 2334 2992 liber
2362 2936 2501 2992 effici
2527 2978 2542 3001 ,
2572 2938 2724 3006 jubet
2752 2953 2967 2993 serrunt
3009 2942 3271 2995 maluere?
3302 2943 3365 2997 Ut
3396 2948 3641 2998 ostendat
3670 2961 3782 2999 ser-

2202 3037 2454 3093 virtutem
2483 3037 2618 3091 nihil
2639 3036 2851 3101 laedere,
2878 3036 2989 3090 imo
3012 3035 3287 3106 prodesse.
3313 3034 3421 3090 Nec
3448 3036 3639 3108 ignoro
3661 3040 3785 3107 qui-

2202 3129 2323 3184 dem
2355 3127 2621 3197 quosdam
2652 3141 2774 3183 esse
2799 3127 2893 3196 qui
2926 3125 3080 3189 illud,
3112 3123 3286 3192 Magis
3321 3135 3483 3190 utere,
3510 3126 3577 3181 de
3615 3128 3783 3182 liber-

2206 3228 2318 3273 tate
2346 3220 2551 3273 dictnm
2583 3234 2707 3273 esse
2735 3226 2948 3288 putent,
2988 3217 3233 3270 dicentes
3261 3234 3273 3269 :
3312 3215 3367 3268 Si
3410 3227 3586 3285 potes,
3615 3218 3784 3273 liber-

2205 3318 2366 3364 tatem
2407 3309 2725 3380 adipiscere.
2758 3308 2863 3363 Sed
2895 3307 3046 3362 Pauli
3082 3321 3250 3375 scopo
3285 3306 3444 3361 valde
3467 3310 3779 3377 oppositum

2201 3411 2346 3456 esset
2384 3401 2487 3455 hoc
2510 3402 2735 3463 dictum,
2766 3402 2813 3454 si
2855 3399 2958 3452 hoc
2996 3395 3388 3452 subindicaret.
3419 3397 3604 3469 Neque
3632 3401 3778 3455 enim

2203 3492 2314 3554 ille,
2355 3492 2483 3545 dum
2534 3505 2751 3545 servum
2799 3488 3115 3544 consolatur
3154 3487 3394 3559 dicitque
3428 3488 3605 3559 ipsum
3644 3492 3777 3546 nihil

2205 3582 2346 3646 lmdi,
2373 3583 2585 3653 juberet
2613 3598 2735 3637 eum
2766 3581 3071 3637 libertatem
3106 3579 3359 3649 adipisci.
3395 3580 3610 3638 Diceret
3630 3585 3774 3639 enim

2204 3672 2436 3729 fortasse
2464 3674 2734 3744 quispiam
2768 3691 2781 3726 :
2815 3672 2958 3739 Quid
2990 3671 3178 3742 igitur,
3207 3671 3253 3726 si
3297 3688 3404 3729 non
3446 3676 3674 3748 possim,
3702 3692 3772 3730 an

2203 3762 2403 3832 injuria
2439 3763 2521 3818 vel
2547 3764 2745 3819 damno
2772 3762 3018 3817 allicier?

2276 3867 2302 3915 1
2312 3879 2343 3913 n
2367 3862 2449 3925 iis,
2470 3878 2582 3932 qua:
2601 3861 2671 3914 ad
2693 3860 2946 3916 Christum
2972 3871 3199 3930 spectant
3227 3876 3398 3913 servus
3423 3869 3469 3913 et
3498 3860 3624 3914 liber
3644 3876 3792 3928 pares

2206 3965 2345 4010 sunt.
2372 3984 2445 3994 —
2468 3952 2582 4008 Non
2611 3953 2715 4007 hoc
2741 3967 2868 4021 ergo
2897 3952 3062 4013 dicit;
3094 3952 3187 4006 sed
3218 3960 3276 4004 ut
3302 3966 3461 4021 supra
3492 3951 3783 4022 explicavi.

2209 4046 2495 4102 ostenvlere
2522 4045 2725 4110 volens,
2759 4044 2886 4098 nihil
2915 4044 3032 4115 plus
3058 4044 3333 4103 accedere.
3366 4045 3409 4099 si
3443 4044 3578 4101 liber
3595 4043 3799 4101 efficis-

2214 4149 2321 4203 tur,
2349 4138 2423 4191 ait
2447 4155 2460 4190 :
2488 4137 2706 4191 Etiamsi
2734 4152 2899 4206 penes
2921 4145 2972 4193 te
2998 4146 3159 4203 esset,
3187 4145 3243 4191 ut
3268 4135 3565 4193 libertatem
3590 4138 3804 4206 accipe-

2214 4244 2321 4291 res,
2350 4243 2535 4282 servus
2564 4228 2736 4295 potius
2764 4238 2996 4284 maneto.
3026 4228 3225 4283 Deinde
3246 4242 3460 4283 causam
3482 4228 3793 4297 subjungit:

2213 4320 2303 4375 22.
2338 4321 2437 4389 Qui
2464 4323 2595 4375 enim
2624 4321 2675 4374 in
2705 4319 2925 4375 Domino
2955 4329 3158 4374 uocatus
3185 4330 3257 4374 est
3280 4337 3470 4385 servus,
3499 4321 3703 4375 libertus
3725 4329 3799 4373 est

2214 4414 2423 4469 Domini
2454 4434 2471 4469 ;
2497 4415 2728 4470 similiter
2753 4416 2837 4483 qui
2870 4414 2995 4468 liber
3020 4424 3223 4471 vocatus
3247 4424 3339 4479 est,
3362 4429 3531 4468 servus
3551 4424 3623 4468 est
3644 4413 3793 4470 Chri-

2216 4511 2299 4563 sti.
2334 4508 2390 4563 lu
2424 4510 2487 4563 iis
2515 4509 2656 4563 enim
2677 4549 2691 4573 ,
2722 4523 2841 4579 qua:
2881 4508 2947 4562 ad
2975 4506 3245 4563 Christum
3284 4519 3560 4576 spectant,
3593 4511 3800 4581 inquit,

2218 4601 2375 4655 ambo
2405 4608 2530 4654 sunt
2559 4615 2713 4670 pares
2743 4618 2756 4655 ε
2787 4599 3035 4655 similiter
3062 4606 3117 4653 et
3153 4606 3207 4652 tu
3240 4597 3438 4654 Christi
3471 4615 3690 4665 servus,
3723 4600 3801 4654 si—

2220 4691 2415 4748 militer
2435 4690 2598 4745 herus
2619 4698 2760 4746 tuus.
2781 4688 3062 4759 Quomodo
3089 4702 3218 4757 ergo
3232 4704 3417 4743 servus
3436 4698 3519 4744 est
3542 4689 3802 4745 libertus?

2222 4781 2353 4850 Quia
2393 4779 2636 4835 liberavit
2668 4791 2755 4845 te,
2788 4796 2893 4835 non
2937 4787 3139 4833 tantum
3171 4793 3199 4831 a
3230 4788 3446 4847 peccato
3468 4822 3484 4844 ,
3513 4781 3607 4836 sed
3640 4783 3802 4837 etiam

2220 4874 2288 4928 ab
2315 4882 2533 4927 externa
2563 4874 2844 4937 servitute,
2870 4872 2997 4926 dum
3025 4883 3211 4926 manes
3230 4886 3437 4928 servus.
3458 4873 3640 4944 Neque
3660 4872 3805 4928 enim

2222 4977 2438 5018 servum
2466 4961 2590 5017 sinit
2612 4976 2732 5017 esse
2755 4978 2990 5021 servum.
3018 4976 3189 5029 neque
3211 4962 3478 5019 hominem
3501 4977 3806 5021 manentem

2224 5054 2278 5109 in
2309 5054 2563 5109 servitute
2587 5072 2601 5109 :
2626 5055 2729 5111 hoc
2752 5056 2893 5110 enim
2922 5052 3166 5108 mirabile
3187 5063 3291 5109 est.
3320 5055 3384 5111 Et
3403 5057 3675 5127 quomodo
3694 5072 3809 5112 ser-

2226 5161 2323 5201 vus
2351 5145 2487 5201 liber
2511 5156 2609 5212 est,
2641 5160 2865 5202 manens
2894 5144 3118 5199 servus?
3138 5145 3359 5211 Quando
3383 5149 3450 5203 ab
3473 5150 3637 5204 animi
3666 5164 3809 5202 moro

2227 5236 2307 5292 bis
2327 5246 2381 5293 et
2399 5238 2678 5295 affectibus
2703 5238 2962 5292 liberatur
2978 5251 2994 5289 :
3013 5238 3225 5306 quando
3245 5238 3458 5294 divitias
3478 5242 3776 5296 contemnit
3796 5255 3810 5294 :

2227 5328 2359 5383 iram
2387 5340 2716 5401 caaterosque
2740 5328 2905 5383 animi
2933 5335 3125 5383 motus.
3155 5330 3243 5385 23.
3281 5328 3452 5387 Pretio
3477 5332 3635 5402 empti
3652 5331 3769 5385 estis
3790 5343 3810 5381 .·

2228 5421 2382 5474 nolite
2406 5422 2518 5489 ﬁeri
2546 5421 2673 5473 servi
2700 5419 2978 5472 hominum.
3009 5418 3119 5475 Hoc
3143 5420 3342 5476 dictum
3371 5432 3473 5487 est,
3504 5435 3611 5474 non
3638 5420 3809 5473 servis

2229 5512 2407 5577 modo,
2438 5513 2533 5569 sed
2566 5515 2725 5568 etiam
2758 5513 2963 5568 liberis.
3008 5513 3189 5571 Potest
3215 5516 3355 5571 enim
3386 5517 3473 5583 qui
3495 5526 3691 5567 servus
3718 5513 3810 5576 sit,

2228 5621 2333 5661 non
2360 5622 2479 5663 esse
2509 5620 2700 5661 servus
2722 5647 2737 5671 ,
2769 5615 2824 5660 et
2858 5607 2947 5677 qui
2992 5607 3159 5676 liber,
3186 5623 3375 5663 servus
3404 5620 3542 5660 esse.
3580 5604 3645 5658 Et
3673 5621 3803 5676 quo-

2229 5699 2387 5753 modo
2409 5699 2495 5768 qui
2528 5712 2712 5752 servus
2742 5707 2842 5765 est,
2867 5714 3051 5753 servus
3083 5716 3188 5755 non
3216 5698 3323 5752 sit?
3346 5697 3570 5765 Quando
3595 5708 3812 5768 propter

2228 5790 2393 5847 Deum
2440 5807 2619 5847 omnia
2662 5790 2880 5859 fecerit,
2914 5792 3125 5867 quando
3169 5805 3273 5847 non
3315 5790 3560 5846 simulate
3599 5791 3810 5862 egerit,
