  <div class='ocr_page' id='page_1' title='image "/cluster/home/n/w/nwhite01/storage/ocr_20150623/61/nnc1.0022379681/166.png"; bbox 0 0 4028 6208; ppageno 0'>
   <div class='ocr_carea' id='block_1_1' title="bbox 234 393 338 450">
    <p class='ocr_par' dir='ltr' id='par_1_1' title="bbox 234 393 338 450">
     <span class='ocr_line' id='line_1_1' title="bbox 234 393 338 450; baseline -0.01 0"><span class='ocrx_word' id='word_1_1' title='bbox 234 393 338 450; x_wconf 73' lang='grc'><strong>157</strong></span> 
     </span>
    </p>
   </div>
   <div class='ocr_carea' id='block_1_2' title="bbox 232 489 1817 579">
    <p class='ocr_par' dir='ltr' id='par_1_2' title="bbox 232 489 1817 579">
     <span class='ocr_line' id='line_1_2' title="bbox 232 489 1817 579; baseline -0.012 -22"><span class='ocrx_word' id='word_1_2' title='bbox 232 504 448 579; x_wconf 72' lang='lat' dir='ltr'><strong>quando</strong></span> <span class='ocrx_word' id='word_1_3' title='bbox 475 518 580 558; x_wconf 91' lang='lat' dir='ltr'><strong>non</strong></span> <span class='ocrx_word' id='word_1_4' title='bbox 609 499 673 555; x_wconf 86' lang='lat' dir='ltr'><strong>ad</strong></span> <span class='ocrx_word' id='word_1_5' title='bbox 704 498 917 555; x_wconf 87' lang='lat' dir='ltr'><strong>oculum</strong></span> <span class='ocrx_word' id='word_1_6' title='bbox 946 496 1191 552; x_wconf 77' lang='lat' dir='ltr'><strong>servierit</strong></span> <span class='ocrx_word' id='word_1_7' title='bbox 1220 514 1230 546; x_wconf 92' lang='lat'>:</span> <span class='ocrx_word' id='word_1_8' title='bbox 1262 496 1363 548; x_wconf 87' lang='lat' dir='ltr'><strong>hoc</strong></span> <span class='ocrx_word' id='word_1_9' title='bbox 1392 503 1474 549; x_wconf 87' lang='lat' dir='ltr'><strong>est</strong></span> <span class='ocrx_word' id='word_1_10' title='bbox 1514 489 1817 579; x_wconf 88' lang='lat' dir='ltr'><strong>hominibus</strong></span> 
     </span>
    </p>
   </div>
   <div class='ocr_carea' id='block_1_3' title="bbox 231 578 1822 659">
    <p class='ocr_par' dir='ltr' id='par_1_3' title="bbox 231 578 1822 659">
     <span class='ocr_line' id='line_1_3' title="bbox 231 578 1822 659; baseline -0.014 -6"><span class='ocrx_word' id='word_1_11' title='bbox 231 578 441 653; x_wconf 83' lang='lat' dir='ltr'><strong>servire</strong></span> <span class='ocrx_word' id='word_1_12' title='bbox 464 636 477 659; x_wconf 90' lang='lat'><strong>,</strong></span> <span class='ocrx_word' id='word_1_13' title='bbox 510 601 565 649; x_wconf 89' lang='lat' dir='ltr'><strong>et</strong></span> <span class='ocrx_word' id='word_1_14' title='bbox 607 605 727 645; x_wconf 87' lang='lat' dir='ltr'><strong>esse</strong></span> <span class='ocrx_word' id='word_1_15' title='bbox 763 590 1011 644; x_wconf 87' lang='lat' dir='ltr'><strong>liberum.</strong></span> <span class='ocrx_word' id='word_1_16' title='bbox 1044 587 1109 641; x_wconf 83' lang='lat' dir='ltr'><strong>Et</strong></span> <span class='ocrx_word' id='word_1_17' title='bbox 1145 584 1413 657; x_wconf 87' lang='lat' dir='ltr'><strong>quomodo</strong></span> <span class='ocrx_word' id='word_1_18' title='bbox 1443 595 1655 637; x_wconf 85' lang='lat' dir='ltr'><strong>rursum</strong></span> <span class='ocrx_word' id='word_1_19' title='bbox 1686 578 1822 633; x_wconf 88' lang='lat' dir='ltr'><strong>liber</strong></span> 
     </span>
    </p>
   </div>
   <div class='ocr_carea' id='block_1_4' title="bbox 232 662 1824 754">
    <p class='ocr_par' dir='ltr' id='par_1_4' title="bbox 232 662 1824 754">
     <span class='ocr_line' id='line_1_4' title="bbox 232 662 1824 754; baseline -0.013 -11"><span class='ocrx_word' id='word_1_20' title='bbox 232 704 358 743; x_wconf 89' lang='lat' dir='ltr'><strong>cum</strong></span> <span class='ocrx_word' id='word_1_21' title='bbox 383 686 455 740; x_wconf 81' lang='lat' dir='ltr'><strong>sit</strong></span> <span class='ocrx_word' id='word_1_22' title='bbox 480 684 765 754; x_wconf 87' lang='lat' dir='ltr'><strong>quispiam,</strong></span> <span class='ocrx_word' id='word_1_23' title='bbox 796 662 986 736; x_wconf 75' lang='lat' dir='ltr'><strong>servus</strong></span> <span class='ocrx_word' id='word_1_24' title='bbox 1014 678 1280 734; x_wconf 84' lang='lat' dir='ltr'><strong>efficitur?</strong></span> <span class='ocrx_word' id='word_1_25' title='bbox 1310 674 1533 743; x_wconf 84' lang='lat' dir='ltr'><strong>Quando</strong></span> <span class='ocrx_word' id='word_1_26' title='bbox 1560 672 1696 741; x_wconf 91' lang='lat' dir='ltr'><strong>apud</strong></span> <span class='ocrx_word' id='word_1_27' title='bbox 1728 671 1824 724; x_wconf 81' lang='lat' dir='ltr'><strong>ho-</strong></span> 
     </span>
    </p>
   </div>
   <div class='ocr_carea' id='block_1_5' title="bbox 235 763 1819 835">
    <p class='ocr_par' dir='ltr' id='par_1_5' title="bbox 235 763 1819 835">
     <span class='ocr_line' id='line_1_5' title="bbox 235 763 1819 835; baseline -0.011 -5"><span class='ocrx_word' id='word_1_28' title='bbox 235 778 411 831; x_wconf 83' lang='lat' dir='ltr'><strong>mines</strong></span> <span class='ocrx_word' id='word_1_29' title='bbox 440 772 638 829; x_wconf 80' lang='lat' dir='ltr'><strong>malum</strong></span> <span class='ocrx_word' id='word_1_30' title='bbox 670 772 783 827; x_wconf 91' lang='lat' dir='ltr'><strong>obit</strong></span> <span class='ocrx_word' id='word_1_31' title='bbox 812 771 1164 825; x_wconf 75' lang='lat' dir='ltr'><strong>ministerium</strong></span> <span class='ocrx_word' id='word_1_32' title='bbox 1187 810 1201 833; x_wconf 94' lang='lat'><strong>,</strong></span> <span class='ocrx_word' id='word_1_33' title='bbox 1236 777 1326 820; x_wconf 85' lang='lat' dir='ltr'><strong>aut</strong></span> <span class='ocrx_word' id='word_1_34' title='bbox 1364 775 1583 835; x_wconf 81' lang='lat' dir='ltr'><strong>propter</strong></span> <span class='ocrx_word' id='word_1_35' title='bbox 1606 763 1781 832; x_wconf 86' lang='lat' dir='ltr'><strong>gulam</strong></span> <span class='ocrx_word' id='word_1_36' title='bbox 1805 804 1819 828; x_wconf 91' lang='lat'><strong>,</strong></span> 
     </span>
    </p>
   </div>
   <div class='ocr_carea' id='block_1_6' title="bbox 233 859 1821 934">
    <p class='ocr_par' dir='ltr' id='par_1_6' title="bbox 233 859 1821 934">
     <span class='ocr_line' id='line_1_6' title="bbox 233 859 1821 934; baseline -0.011 -13"><span class='ocrx_word' id='word_1_37' title='bbox 233 876 324 921; x_wconf 74' lang='lat' dir='ltr'><strong>aut</strong></span> <span class='ocrx_word' id='word_1_38' title='bbox 358 873 578 934; x_wconf 75' lang='lat' dir='ltr'><strong>propter</strong></span> <span class='ocrx_word' id='word_1_39' title='bbox 602 864 945 932; x_wconf 79' lang='lat' dir='ltr'><strong>pecuniarum</strong></span> <span class='ocrx_word' id='word_1_40' title='bbox 974 859 1339 929; x_wconf 73' lang='lat' dir='ltr'><strong>cupiditatem,</strong></span> <span class='ocrx_word' id='word_1_41' title='bbox 1374 866 1464 909; x_wconf 89' lang='lat' dir='ltr'><strong>aut</strong></span> <span class='ocrx_word' id='word_1_42' title='bbox 1490 864 1708 925; x_wconf 87' lang='lat' dir='ltr'><strong>pr0pter</strong></span> <span class='ocrx_word' id='word_1_43' title='bbox 1730 869 1821 921; x_wconf 88' lang='lat' dir='ltr'><strong>po-</strong></span> 
     </span>
    </p>
   </div>
   <div class='ocr_carea' id='block_1_7' title="bbox 234 946 1827 1027">
    <p class='ocr_par' dir='ltr' id='par_1_7' title="bbox 234 946 1827 1027">
     <span class='ocr_line' id='line_1_7' title="bbox 234 946 1827 1027; baseline -0.009 -13"><span class='ocrx_word' id='word_1_44' title='bbox 234 961 478 1014; x_wconf 77' lang='lat' dir='ltr'><strong>tentiam.</strong></span> <span class='ocrx_word' id='word_1_45' title='bbox 504 957 634 1011; x_wconf 84' lang='lat' dir='ltr'><strong>Nam</strong></span> <span class='ocrx_word' id='word_1_46' title='bbox 659 956 747 1027; x_wconf 90' lang='lat' dir='ltr'><strong>qui</strong></span> <span class='ocrx_word' id='word_1_47' title='bbox 777 955 893 1007; x_wconf 89' lang='lat' dir='ltr'><strong>talis</strong></span> <span class='ocrx_word' id='word_1_48' title='bbox 921 961 1025 1015; x_wconf 88' lang='lat' dir='ltr'><strong>est,</strong></span> <span class='ocrx_word' id='word_1_49' title='bbox 1055 952 1154 1005; x_wconf 87' lang='lat' dir='ltr'><strong>etsi</strong></span> <span class='ocrx_word' id='word_1_50' title='bbox 1186 951 1339 1013; x_wconf 81' lang='lat' dir='ltr'><strong>liber,</strong></span> <span class='ocrx_word' id='word_1_51' title='bbox 1376 950 1545 1002; x_wconf 78' lang='lat' dir='ltr'><strong>servis</strong></span> <span class='ocrx_word' id='word_1_52' title='bbox 1576 946 1827 1000; x_wconf 85' lang='lat' dir='ltr'><strong>omnibus</strong></span> 
     </span>
    </p>
   </div>
   <div class='ocr_carea' id='block_1_8' title="bbox 234 1039 1822 1108">
    <p class='ocr_par' dir='ltr' id='par_1_8' title="bbox 234 1039 1822 1108">
     <span class='ocr_line' id='line_1_8' title="bbox 234 1039 1822 1108; baseline -0.011 0"><span class='ocrx_word' id='word_1_53' title='bbox 234 1052 525 1108; x_wconf 84' lang='lat' dir='ltr'><strong>demissior</strong></span> <span class='ocrx_word' id='word_1_54' title='bbox 548 1058 648 1104; x_wconf 88' lang='lat' dir='ltr'><strong>est.</strong></span> <span class='ocrx_word' id='word_1_55' title='bbox 684 1049 809 1103; x_wconf 63' lang='lat' dir='ltr'><strong>Haec</strong></span> <span class='ocrx_word' id='word_1_56' title='bbox 834 1046 991 1100; x_wconf 89' lang='lat' dir='ltr'><strong>ambo</strong></span> <span class='ocrx_word' id='word_1_57' title='bbox 1018 1044 1298 1099; x_wconf 87' lang='lat' dir='ltr'><strong>considera</strong></span> <span class='ocrx_word' id='word_1_58' title='bbox 1334 1064 1344 1097; x_wconf 89' lang='lat'><strong>:</strong></span> <span class='ocrx_word' id='word_1_59' title='bbox 1374 1058 1562 1097; x_wconf 84' lang='lat' dir='ltr'><strong>servus</strong></span> <span class='ocrx_word' id='word_1_60' title='bbox 1590 1050 1701 1095; x_wconf 89' lang='lat' dir='ltr'><strong>erat</strong></span> <span class='ocrx_word' id='word_1_61' title='bbox 1730 1039 1822 1093; x_wconf 87' lang='lat' dir='ltr'><strong>Jo-</strong></span> 
     </span>
    </p>
   </div>
   <div class='ocr_carea' id='block_1_9' title="bbox 236 1132 1828 1214">
    <p class='ocr_par' dir='ltr' id='par_1_9' title="bbox 236 1132 1828 1214">
     <span class='ocr_line' id='line_1_9' title="bbox 236 1132 1828 1214; baseline -0.008 -16"><span class='ocrx_word' id='word_1_62' title='bbox 236 1144 394 1214; x_wconf 85' lang='lat' dir='ltr'><strong>seph,</strong></span> <span class='ocrx_word' id='word_1_63' title='bbox 418 1143 509 1198; x_wconf 86' lang='lat' dir='ltr'><strong>sed</strong></span> <span class='ocrx_word' id='word_1_64' title='bbox 542 1155 645 1196; x_wconf 89' lang='lat' dir='ltr'><strong>non</strong></span> <span class='ocrx_word' id='word_1_65' title='bbox 677 1139 951 1193; x_wconf 88' lang='lat' dir='ltr'><strong>hominum</strong></span> <span class='ocrx_word' id='word_1_66' title='bbox 978 1151 1167 1191; x_wconf 87' lang='lat' dir='ltr'><strong>servus</strong></span> <span class='ocrx_word' id='word_1_67' title='bbox 1199 1154 1212 1189; x_wconf 89' lang='lat'><strong><em>:</em></strong></span> <span class='ocrx_word' id='word_1_68' title='bbox 1242 1135 1465 1200; x_wconf 88' lang='lat' dir='ltr'><strong>ideoque</strong></span> <span class='ocrx_word' id='word_1_69' title='bbox 1492 1135 1543 1185; x_wconf 90' lang='lat' dir='ltr'><strong>in</strong></span> <span class='ocrx_word' id='word_1_70' title='bbox 1571 1132 1828 1185; x_wconf 85' lang='lat' dir='ltr'><strong>servitute</strong></span> 
     </span>
    </p>
   </div>
   <div class='ocr_carea' id='block_1_10' title="bbox 238 1226 1828 1295">
    <p class='ocr_par' dir='ltr' id='par_1_10' title="bbox 238 1226 1828 1295">
     <span class='ocr_line' id='line_1_10' title="bbox 238 1226 1828 1295; baseline -0.006 -6"><span class='ocrx_word' id='word_1_71' title='bbox 238 1238 532 1291; x_wconf 86' lang='lat' dir='ltr'><strong>liberorum</strong></span> <span class='ocrx_word' id='word_1_72' title='bbox 560 1234 797 1287; x_wconf 90' lang='lat' dir='ltr'><strong>omnium</strong></span> <span class='ocrx_word' id='word_1_73' title='bbox 836 1231 1135 1283; x_wconf 86' lang='lat' dir='ltr'><strong>liberrimus</strong></span> <span class='ocrx_word' id='word_1_74' title='bbox 1162 1237 1296 1283; x_wconf 85' lang='lat' dir='ltr'><strong>erat.</strong></span> <span class='ocrx_word' id='word_1_75' title='bbox 1329 1228 1482 1281; x_wconf 69' lang='lat' dir='ltr'><strong>Hera:</strong></span> <span class='ocrx_word' id='word_1_76' title='bbox 1514 1226 1690 1295; x_wconf 84' lang='lat' dir='ltr'><strong>itaque</strong></span> <span class='ocrx_word' id='word_1_77' title='bbox 1721 1241 1828 1279; x_wconf 92' lang='lat' dir='ltr'><strong>non</strong></span> 
     </span>
    </p>
   </div>
   <div class='ocr_carea' id='block_1_11' title="bbox 236 1318 1829 1394">
    <p class='ocr_par' dir='ltr' id='par_1_11' title="bbox 236 1318 1829 1394">
     <span class='ocr_line' id='line_1_11' title="bbox 236 1318 1829 1394; baseline -0.007 -14"><span class='ocrx_word' id='word_1_78' title='bbox 236 1327 424 1387; x_wconf 83' lang='lat' dir='ltr'><strong>cessit,</strong></span> <span class='ocrx_word' id='word_1_79' title='bbox 455 1326 521 1378; x_wconf 88' lang='lat' dir='ltr'><strong>ad</strong></span> <span class='ocrx_word' id='word_1_80' title='bbox 547 1324 853 1394; x_wconf 84' lang='lat' dir='ltr'><strong>cupidinem</strong></span> <span class='ocrx_word' id='word_1_81' title='bbox 886 1336 1032 1375; x_wconf 87' lang='lat' dir='ltr'><strong>suam</strong></span> <span class='ocrx_word' id='word_1_82' title='bbox 1062 1321 1318 1374; x_wconf 87' lang='lat' dir='ltr'><strong>famulum</strong></span> <span class='ocrx_word' id='word_1_83' title='bbox 1346 1319 1661 1385; x_wconf 85' lang='lat' dir='ltr'><strong>impellenti.</strong></span> <span class='ocrx_word' id='word_1_84' title='bbox 1692 1318 1829 1370; x_wconf 82' lang='lat' dir='ltr'><strong>Rur-</strong></span> 
     </span>
    </p>
   </div>
   <div class='ocr_carea' id='block_1_12' title="bbox 238 1411 1826 1479">
    <p class='ocr_par' dir='ltr' id='par_1_12' title="bbox 238 1411 1826 1479">
     <span class='ocr_line' id='line_1_12' title="bbox 238 1411 1826 1479; baseline -0.006 -8"><span class='ocrx_word' id='word_1_85' title='bbox 238 1432 357 1471; x_wconf 87' lang='lat' dir='ltr'><strong>sum</strong></span> <span class='ocrx_word' id='word_1_86' title='bbox 390 1417 475 1469; x_wconf 90' lang='lat' dir='ltr'><strong>illa</strong></span> <span class='ocrx_word' id='word_1_87' title='bbox 509 1416 672 1470; x_wconf 87' lang='lat' dir='ltr'><strong>libera</strong></span> <span class='ocrx_word' id='word_1_88' title='bbox 710 1425 861 1479; x_wconf 87' lang='lat' dir='ltr'><strong>erat,</strong></span> <span class='ocrx_word' id='word_1_89' title='bbox 906 1414 997 1468; x_wconf 90' lang='lat' dir='ltr'><strong>sed</strong></span> <span class='ocrx_word' id='word_1_90' title='bbox 1039 1413 1210 1465; x_wconf 89' lang='lat' dir='ltr'><strong>servis</strong></span> <span class='ocrx_word' id='word_1_91' title='bbox 1239 1411 1487 1465; x_wconf 90' lang='lat' dir='ltr'><strong>omnibus</strong></span> <span class='ocrx_word' id='word_1_92' title='bbox 1525 1412 1826 1477; x_wconf 80' lang='lat' dir='ltr'><strong>demissior,</strong></span> 
     </span>
    </p>
   </div>
   <div class='ocr_carea' id='block_1_13' title="bbox 239 1504 1831 1577">
    <p class='ocr_par' dir='ltr' id='par_1_13' title="bbox 239 1504 1831 1577">
     <span class='ocr_line' id='line_1_13' title="bbox 239 1504 1831 1577; baseline -0.003 -16"><span class='ocrx_word' id='word_1_93' title='bbox 239 1523 361 1577; x_wconf 69' lang='lat' dir='ltr'><strong>qua:</strong></span> <span class='ocrx_word' id='word_1_94' title='bbox 408 1508 606 1560; x_wconf 86' lang='lat' dir='ltr'><strong>famulo</strong></span> <span class='ocrx_word' id='word_1_95' title='bbox 652 1507 964 1560; x_wconf 89' lang='lat' dir='ltr'><strong>adulabatur</strong></span> <span class='ocrx_word' id='word_1_96' title='bbox 1006 1504 1286 1572; x_wconf 87' lang='lat' dir='ltr'><strong>ipsumque</strong></span> <span class='ocrx_word' id='word_1_97' title='bbox 1333 1504 1691 1571; x_wconf 78' lang='lat' dir='ltr'><strong>provocabat;</strong></span> <span class='ocrx_word' id='word_1_98' title='bbox 1736 1504 1831 1557; x_wconf 87' lang='lat' dir='ltr'><strong>sed</strong></span> 
     </span>
    </p>
   </div>
   <div class='ocr_carea' id='block_1_14' title="bbox 238 1593 1829 1666">
    <p class='ocr_par' dir='ltr' id='par_1_14' title="bbox 238 1593 1829 1666">
     <span class='ocr_line' id='line_1_14' title="bbox 238 1593 1829 1666; baseline -0.004 -14"><span class='ocrx_word' id='word_1_99' title='bbox 238 1598 409 1653; x_wconf 84' lang='lat' dir='ltr'><strong>libero</strong></span> <span class='ocrx_word' id='word_1_100' title='bbox 451 1613 555 1651; x_wconf 91' lang='lat' dir='ltr'><strong>non</strong></span> <span class='ocrx_word' id='word_1_101' title='bbox 598 1597 861 1666; x_wconf 82' lang='lat' dir='ltr'><strong>persuasit</strong></span> <span class='ocrx_word' id='word_1_102' title='bbox 891 1606 941 1648; x_wconf 93' lang='lat' dir='ltr'><strong>ut</strong></span> <span class='ocrx_word' id='word_1_103' title='bbox 982 1595 1031 1648; x_wconf 82' lang='lat' dir='ltr'><strong>id</strong></span> <span class='ocrx_word' id='word_1_104' title='bbox 1068 1594 1266 1648; x_wconf 83' lang='lat' dir='ltr'><strong>faceret</strong></span> <span class='ocrx_word' id='word_1_105' title='bbox 1302 1593 1445 1663; x_wconf 89' lang='lat' dir='ltr'><strong>quod</strong></span> <span class='ocrx_word' id='word_1_106' title='bbox 1487 1595 1671 1646; x_wconf 86' lang='lat' dir='ltr'><strong>nollet.</strong></span> <span class='ocrx_word' id='word_1_107' title='bbox 1715 1594 1829 1646; x_wconf 80' lang='lat' dir='ltr'><strong>Non</strong></span> 
     </span>
    </p>
   </div>
   <div class='ocr_carea' id='block_1_15' title="bbox 239 1685 1830 1757">
    <p class='ocr_par' dir='ltr' id='par_1_15' title="bbox 239 1685 1830 1757">
     <span class='ocr_line' id='line_1_15' title="bbox 239 1685 1830 1757; baseline -0.003 -15"><span class='ocrx_word' id='word_1_108' title='bbox 239 1704 368 1757; x_wconf 92' lang='lat' dir='ltr'><strong>ergo</strong></span> <span class='ocrx_word' id='word_1_109' title='bbox 410 1691 640 1743; x_wconf 90' lang='lat' dir='ltr'><strong>servitus</strong></span> <span class='ocrx_word' id='word_1_110' title='bbox 681 1688 767 1740; x_wconf 78' lang='lat' dir='ltr'><strong>illa</strong></span> <span class='ocrx_word' id='word_1_111' title='bbox 804 1697 951 1749; x_wconf 86' lang='lat' dir='ltr'><strong>erat,</strong></span> <span class='ocrx_word' id='word_1_112' title='bbox 984 1685 1081 1741; x_wconf 88' lang='lat' dir='ltr'><strong>sed</strong></span> <span class='ocrx_word' id='word_1_113' title='bbox 1117 1701 1365 1755; x_wconf 87' lang='lat' dir='ltr'><strong>suprema</strong></span> <span class='ocrx_word' id='word_1_114' title='bbox 1412 1687 1630 1739; x_wconf 87' lang='lat' dir='ltr'><strong>libertas</strong></span> <span class='ocrx_word' id='word_1_115' title='bbox 1663 1702 1675 1737; x_wconf 91' lang='lat'>:</span> <span class='ocrx_word' id='word_1_116' title='bbox 1707 1685 1830 1753; x_wconf 87' lang='lat' dir='ltr'><strong>quid</strong></span> 
     </span>
    </p>
   </div>
   <div class='ocr_carea' id='block_1_16' title="bbox 240 1777 1829 1847">
    <p class='ocr_par' dir='ltr' id='par_1_16' title="bbox 240 1777 1829 1847">
     <span class='ocr_line' id='line_1_16' title="bbox 240 1777 1829 1847; baseline -0.003 -13"><span class='ocrx_word' id='word_1_117' title='bbox 240 1782 383 1834; x_wconf 71' lang='lat' dir='ltr'><strong>enim</strong></span> <span class='ocrx_word' id='word_1_118' title='bbox 419 1782 490 1833; x_wconf 91' lang='lat' dir='ltr'><strong>illi</strong></span> <span class='ocrx_word' id='word_1_119' title='bbox 521 1780 584 1833; x_wconf 87' lang='lat' dir='ltr'><strong>ad</strong></span> <span class='ocrx_word' id='word_1_120' title='bbox 616 1781 864 1834; x_wconf 83' lang='lat' dir='ltr'><strong>virtutem</strong></span> <span class='ocrx_word' id='word_1_121' title='bbox 896 1779 1278 1847; x_wconf 85' lang='lat' dir='ltr'><strong>impedimento</strong></span> <span class='ocrx_word' id='word_1_122' title='bbox 1309 1779 1407 1831; x_wconf 89' lang='lat' dir='ltr'><strong>fuit</strong></span> <span class='ocrx_word' id='word_1_123' title='bbox 1438 1777 1702 1832; x_wconf 77' lang='lat' dir='ltr'><strong>servitus?</strong></span> <span class='ocrx_word' id='word_1_124' title='bbox 1726 1779 1829 1830; x_wconf 82' lang='lat' dir='ltr'><strong>Au-</strong></span> 
     </span>
    </p>
   </div>
   <div class='ocr_carea' id='block_1_17' title="bbox 240 1871 1829 1940">
    <p class='ocr_par' dir='ltr' id='par_1_17' title="bbox 240 1871 1829 1940">
     <span class='ocr_line' id='line_1_17' title="bbox 240 1871 1829 1940; baseline -0.004 -13"><span class='ocrx_word' id='word_1_125' title='bbox 240 1875 392 1927; x_wconf 88' lang='lat' dir='ltr'><strong>diant</strong></span> <span class='ocrx_word' id='word_1_126' title='bbox 431 1874 570 1926; x_wconf 89' lang='lat' dir='ltr'><strong>servi</strong></span> <span class='ocrx_word' id='word_1_127' title='bbox 599 1883 651 1925; x_wconf 88' lang='lat' dir='ltr'><strong>et</strong></span> <span class='ocrx_word' id='word_1_128' title='bbox 695 1873 845 1927; x_wconf 84' lang='lat' dir='ltr'><strong>liberi</strong></span> <span class='ocrx_word' id='word_1_129' title='bbox 878 1890 890 1923; x_wconf 89' lang='lat'><strong>:</strong></span> <span class='ocrx_word' id='word_1_130' title='bbox 920 1873 1038 1940; x_wconf 86' lang='lat' dir='ltr'><strong>quis</strong></span> <span class='ocrx_word' id='word_1_131' title='bbox 1069 1872 1322 1936; x_wconf 82' lang='lat' dir='ltr'><strong>servivit,</strong></span> <span class='ocrx_word' id='word_1_132' title='bbox 1355 1871 1442 1939; x_wconf 86' lang='lat' dir='ltr'><strong>qui</strong></span> <span class='ocrx_word' id='word_1_133' title='bbox 1481 1878 1697 1939; x_wconf 83' lang='lat' dir='ltr'><strong>rogatus</strong></span> <span class='ocrx_word' id='word_1_134' title='bbox 1726 1876 1829 1933; x_wconf 91' lang='lat' dir='ltr'><strong>est,</strong></span> 
     </span>
    </p>
   </div>
   <div class='ocr_carea' id='block_1_18' title="bbox 241 1963 1832 2035">
    <p class='ocr_par' dir='ltr' id='par_1_18' title="bbox 241 1963 1832 2035">
     <span class='ocr_line' id='line_1_18' title="bbox 241 1963 1832 2035; baseline -0.001 -18"><span class='ocrx_word' id='word_1_135' title='bbox 241 1980 309 2017; x_wconf 87' lang='lat' dir='ltr'><strong>an</strong></span> <span class='ocrx_word' id='word_1_136' title='bbox 338 1980 459 2035; x_wconf 65' lang='lat' dir='ltr'><strong>qua:</strong></span> <span class='ocrx_word' id='word_1_137' title='bbox 492 1965 740 2034; x_wconf 75' lang='lat' dir='ltr'><strong>rogavit?</strong></span> <span class='ocrx_word' id='word_1_138' title='bbox 766 1980 884 2033; x_wconf 61' lang='lat' dir='ltr'><strong>quae</strong></span> <span class='ocrx_word' id='word_1_139' title='bbox 914 1964 1266 2030; x_wconf 85' lang='lat' dir='ltr'><strong>supplicavit,</strong></span> <span class='ocrx_word' id='word_1_140' title='bbox 1297 1977 1363 2015; x_wconf 92' lang='lat' dir='ltr'><strong>an</strong></span> <span class='ocrx_word' id='word_1_141' title='bbox 1394 1964 1482 2031; x_wconf 90' lang='lat' dir='ltr'><strong>qui</strong></span> <span class='ocrx_word' id='word_1_142' title='bbox 1528 1963 1832 2032; x_wconf 85' lang='lat' dir='ltr'><strong>supplican-</strong></span> 
     </span>
    </p>
   </div>
   <div class='ocr_carea' id='block_1_19' title="bbox 244 2054 1829 2123">
    <p class='ocr_par' dir='ltr' id='par_1_19' title="bbox 244 2054 1829 2123">
     <span class='ocr_line' id='line_1_19' title="bbox 244 2054 1829 2123; baseline 0 -16"><span class='ocrx_word' id='word_1_143' title='bbox 244 2065 349 2110; x_wconf 89' lang='lat' dir='ltr'><strong>tem</strong></span> <span class='ocrx_word' id='word_1_144' title='bbox 373 2055 652 2123; x_wconf 76' lang='lat' dir='ltr'><strong>despexit?</strong></span> <span class='ocrx_word' id='word_1_145' title='bbox 672 2055 805 2109; x_wconf 90' lang='lat' dir='ltr'><strong>Sunt</strong></span> <span class='ocrx_word' id='word_1_146' title='bbox 827 2055 969 2108; x_wconf 88' lang='lat' dir='ltr'><strong>enim</strong></span> <span class='ocrx_word' id='word_1_147' title='bbox 994 2055 1205 2107; x_wconf 88' lang='lat' dir='ltr'><strong>termini</strong></span> <span class='ocrx_word' id='word_1_148' title='bbox 1236 2054 1405 2107; x_wconf 81' lang='lat' dir='ltr'><strong>servis</strong></span> <span class='ocrx_word' id='word_1_149' title='bbox 1434 2071 1461 2106; x_wconf 91' lang='lat' dir='ltr'><strong>a</strong></span> <span class='ocrx_word' id='word_1_150' title='bbox 1496 2055 1605 2109; x_wconf 85' lang='lat' dir='ltr'><strong>Deo</strong></span> <span class='ocrx_word' id='word_1_151' title='bbox 1634 2054 1790 2123; x_wconf 86' lang='lat' dir='ltr'><strong>positi</strong></span> <span class='ocrx_word' id='word_1_152' title='bbox 1817 2072 1829 2107; x_wconf 89' lang='lat'>:</span> 
     </span>
    </p>
   </div>
   <div class='ocr_carea' id='block_1_20' title="bbox 243 2146 1834 2217">
    <p class='ocr_par' dir='ltr' id='par_1_20' title="bbox 243 2146 1834 2217">
     <span class='ocr_line' id='line_1_20' title="bbox 243 2146 1834 2217; baseline -0.003 -14"><span class='ocrx_word' id='word_1_153' title='bbox 243 2160 295 2203; x_wconf 88' lang='lat' dir='ltr'><strong>et</strong></span> <span class='ocrx_word' id='word_1_154' title='bbox 324 2163 603 2217; x_wconf 86' lang='lat' dir='ltr'><strong>quousque</strong></span> <span class='ocrx_word' id='word_1_155' title='bbox 630 2162 723 2200; x_wconf 85' lang='lat' dir='ltr'><strong>eos</strong></span> <span class='ocrx_word' id='word_1_156' title='bbox 763 2146 975 2201; x_wconf 89' lang='lat' dir='ltr'><strong>modum</strong></span> <span class='ocrx_word' id='word_1_157' title='bbox 1008 2160 1221 2199; x_wconf 80' lang='lat' dir='ltr'><strong>servare</strong></span> <span class='ocrx_word' id='word_1_158' title='bbox 1251 2156 1495 2214; x_wconf 89' lang='lat' dir='ltr'><strong>oporteat</strong></span> <span class='ocrx_word' id='word_1_159' title='bbox 1520 2189 1533 2207; x_wconf 86' lang='lat'><strong>,</strong></span> <span class='ocrx_word' id='word_1_160' title='bbox 1576 2156 1834 2200; x_wconf 87' lang='lat' dir='ltr'><strong>statutum</strong></span> 
     </span>
    </p>
   </div>
   <div class='ocr_carea' id='block_1_21' title="bbox 242 2236 1833 2306">
    <p class='ocr_par' dir='ltr' id='par_1_21' title="bbox 242 2236 1833 2306">
     <span class='ocr_line' id='line_1_21' title="bbox 242 2236 1833 2306; baseline -0.001 -15"><span class='ocrx_word' id='word_1_161' title='bbox 242 2247 325 2291; x_wconf 81' lang='lat' dir='ltr'><strong>est</strong></span> <span class='ocrx_word' id='word_1_162' title='bbox 356 2237 407 2289; x_wconf 92' lang='lat' dir='ltr'><strong>in</strong></span> <span class='ocrx_word' id='word_1_163' title='bbox 441 2237 666 2305; x_wconf 76' lang='lat' dir='ltr'><strong>legibus,</strong></span> <span class='ocrx_word' id='word_1_164' title='bbox 696 2250 830 2305; x_wconf 86' lang='lat' dir='ltr'><strong>quas</strong></span> <span class='ocrx_word' id='word_1_165' title='bbox 860 2236 1203 2306; x_wconf 64' lang='lat' dir='ltr'><strong>prmtergredi</strong></span> <span class='ocrx_word' id='word_1_166' title='bbox 1228 2253 1334 2290; x_wconf 92' lang='lat' dir='ltr'><strong>non</strong></span> <span class='ocrx_word' id='word_1_167' title='bbox 1368 2236 1509 2291; x_wconf 90' lang='lat' dir='ltr'><strong>licet.</strong></span> <span class='ocrx_word' id='word_1_168' title='bbox 1535 2237 1667 2291; x_wconf 86' lang='lat' dir='ltr'><strong>Cum</strong></span> <span class='ocrx_word' id='word_1_169' title='bbox 1690 2239 1833 2292; x_wconf 90' lang='lat' dir='ltr'><strong>enim</strong></span> 
     </span>
    </p>
   </div>
   <div class='ocr_carea' id='block_1_22' title="bbox 244 2328 1834 2399">
    <p class='ocr_par' dir='ltr' id='par_1_22' title="bbox 244 2328 1834 2399">
     <span class='ocr_line' id='line_1_22' title="bbox 244 2328 1834 2399; baseline 0.002 -18"><span class='ocrx_word' id='word_1_170' title='bbox 244 2328 408 2382; x_wconf 89' lang='lat' dir='ltr'><strong>herus</strong></span> <span class='ocrx_word' id='word_1_171' title='bbox 438 2328 569 2383; x_wconf 82' lang='lat' dir='ltr'><strong>nihil</strong></span> <span class='ocrx_word' id='word_1_172' title='bbox 605 2330 842 2399; x_wconf 65' lang='lat' dir='ltr'><strong>praecipit</strong></span> <span class='ocrx_word' id='word_1_173' title='bbox 868 2329 1008 2399; x_wconf 92' lang='lat' dir='ltr'><strong>quod</strong></span> <span class='ocrx_word' id='word_1_174' title='bbox 1044 2329 1152 2383; x_wconf 88' lang='lat' dir='ltr'><strong>Deo</strong></span> <span class='ocrx_word' id='word_1_175' title='bbox 1178 2329 1487 2398; x_wconf 83' lang='lat' dir='ltr'><strong>displiceat,</strong></span> <span class='ocrx_word' id='word_1_176' title='bbox 1526 2338 1650 2384; x_wconf 90' lang='lat' dir='ltr'><strong>tunc</strong></span> <span class='ocrx_word' id='word_1_177' title='bbox 1676 2331 1834 2384; x_wconf 84' lang='lat' dir='ltr'><strong>obse—</strong></span> 
     </span>
    </p>
   </div>
   <div class='ocr_carea' id='block_1_23' title="bbox 244 2419 1833 2490">
    <p class='ocr_par' dir='ltr' id='par_1_23' title="bbox 244 2419 1833 2490">
     <span class='ocr_line' id='line_1_23' title="bbox 244 2419 1833 2490; baseline 0.003 -18"><span class='ocrx_word' id='word_1_178' title='bbox 244 2419 335 2489; x_wconf 90' lang='lat' dir='ltr'><strong>qui</strong></span> <span class='ocrx_word' id='word_1_179' title='bbox 367 2428 421 2473; x_wconf 91' lang='lat' dir='ltr'><strong>et</strong></span> <span class='ocrx_word' id='word_1_180' title='bbox 451 2436 644 2488; x_wconf 88' lang='lat' dir='ltr'><strong>parere</strong></span> <span class='ocrx_word' id='word_1_181' title='bbox 682 2421 757 2474; x_wconf 85' lang='lat' dir='ltr'><strong>illi</strong></span> <span class='ocrx_word' id='word_1_182' title='bbox 799 2432 1051 2490; x_wconf 85' lang='lat' dir='ltr'><strong>oportet;</strong></span> <span class='ocrx_word' id='word_1_183' title='bbox 1088 2422 1311 2477; x_wconf 89' lang='lat' dir='ltr'><strong>ulterius</strong></span> <span class='ocrx_word' id='word_1_184' title='bbox 1346 2432 1522 2476; x_wconf 88' lang='lat' dir='ltr'><strong>autem</strong></span> <span class='ocrx_word' id='word_1_185' title='bbox 1568 2424 1787 2477; x_wconf 89' lang='lat' dir='ltr'><strong>minime</strong></span> <span class='ocrx_word' id='word_1_186' title='bbox 1820 2441 1833 2476; x_wconf 91' lang='lat'><strong>:</strong></span> 
     </span>
    </p>
   </div>
   <div class='ocr_carea' id='block_1_24' title="bbox 245 2511 1834 2582">
    <p class='ocr_par' dir='ltr' id='par_1_24' title="bbox 245 2511 1834 2582">
     <span class='ocr_line' id='line_1_24' title="bbox 245 2511 1834 2582; baseline 0.004 -20"><span class='ocrx_word' id='word_1_187' title='bbox 245 2511 322 2564; x_wconf 83' lang='lat' dir='ltr'><strong>sic</strong></span> <span class='ocrx_word' id='word_1_188' title='bbox 365 2512 507 2565; x_wconf 86' lang='lat' dir='ltr'><strong>enim</strong></span> <span class='ocrx_word' id='word_1_189' title='bbox 554 2528 738 2567; x_wconf 85' lang='lat' dir='ltr'><strong>servus</strong></span> <span class='ocrx_word' id='word_1_190' title='bbox 788 2512 920 2566; x_wconf 90' lang='lat' dir='ltr'><strong>liber</strong></span> <span class='ocrx_word' id='word_1_191' title='bbox 963 2513 1206 2567; x_wconf 81' lang='lat' dir='ltr'><strong>ellicitur.</strong></span> <span class='ocrx_word' id='word_1_192' title='bbox 1248 2514 1305 2568; x_wconf 89' lang='lat' dir='ltr'><strong>Si</strong></span> <span class='ocrx_word' id='word_1_193' title='bbox 1358 2516 1491 2568; x_wconf 88' lang='lat' dir='ltr'><strong>ultra</strong></span> <span class='ocrx_word' id='word_1_194' title='bbox 1542 2515 1834 2582; x_wconf 82' lang='lat' dir='ltr'><strong>procedas,</strong></span> 
     </span>
    </p>
   </div>
   <div class='ocr_carea' id='block_1_25' title="bbox 245 2602 1838 2675">
    <p class='ocr_par' dir='ltr' id='par_1_25' title="bbox 245 2602 1838 2675">
     <span class='ocr_line' id='line_1_25' title="bbox 245 2602 1838 2675; baseline 0.001 -18"><span class='ocrx_word' id='word_1_195' title='bbox 245 2604 453 2658; x_wconf 85' lang='lat' dir='ltr'><strong>etiamsi</strong></span> <span class='ocrx_word' id='word_1_196' title='bbox 483 2602 618 2657; x_wconf 89' lang='lat' dir='ltr'><strong>liber</strong></span> <span class='ocrx_word' id='word_1_197' title='bbox 662 2604 761 2666; x_wconf 89' lang='lat' dir='ltr'><strong>sis,</strong></span> <span class='ocrx_word' id='word_1_198' title='bbox 793 2616 979 2656; x_wconf 87' lang='lat' dir='ltr'><strong>servus</strong></span> <span class='ocrx_word' id='word_1_199' title='bbox 1006 2602 1224 2657; x_wconf 82' lang='lat' dir='ltr'><strong>eliectus</strong></span> <span class='ocrx_word' id='word_1_200' title='bbox 1253 2618 1331 2657; x_wconf 88' lang='lat' dir='ltr'><strong>es.</strong></span> <span class='ocrx_word' id='word_1_201' title='bbox 1367 2605 1476 2658; x_wconf 87' lang='lat' dir='ltr'><strong>Hoc</strong></span> <span class='ocrx_word' id='word_1_202' title='bbox 1506 2605 1682 2675; x_wconf 83' lang='lat' dir='ltr'><strong>itaque</strong></span> <span class='ocrx_word' id='word_1_203' title='bbox 1711 2606 1838 2660; x_wconf 90' lang='lat' dir='ltr'><strong>sub-</strong></span> 
     </span>
    </p>
   </div>
   <div class='ocr_carea' id='block_1_26' title="bbox 248 2693 1841 2759">
    <p class='ocr_par' dir='ltr' id='par_1_26' title="bbox 248 2693 1841 2759">
     <span class='ocr_line' id='line_1_26' title="bbox 248 2693 1841 2759; baseline 0.001 -11"><span class='ocrx_word' id='word_1_204' title='bbox 248 2695 449 2749; x_wconf 77' lang='lat' dir='ltr'><strong>ittdicat</strong></span> <span class='ocrx_word' id='word_1_205' title='bbox 476 2709 595 2746; x_wconf 89' lang='lat' dir='ltr'><strong>cum</strong></span> <span class='ocrx_word' id='word_1_206' title='bbox 626 2694 754 2745; x_wconf 77' lang='lat' dir='ltr'><strong>dicit</strong></span> <span class='ocrx_word' id='word_1_207' title='bbox 789 2715 801 2746; x_wconf 88' lang='lat'><strong>:</strong></span> <span class='ocrx_word' id='word_1_208' title='bbox 839 2693 1011 2745; x_wconf 70' lang='lat' dir='ltr'><strong>Nolite</strong></span> <span class='ocrx_word' id='word_1_209' title='bbox 1037 2695 1151 2759; x_wconf 84' lang='lat' dir='ltr'><strong>ﬁeri</strong></span> <span class='ocrx_word' id='word_1_210' title='bbox 1180 2696 1309 2746; x_wconf 79' lang='lat' dir='ltr'><strong>servi</strong></span> <span class='ocrx_word' id='word_1_211' title='bbox 1350 2696 1633 2748; x_wconf 79' lang='lat' dir='ltr'><strong>hominum.</strong></span> <span class='ocrx_word' id='word_1_212' title='bbox 1663 2696 1716 2750; x_wconf 89' lang='lat' dir='ltr'><strong>Si</strong></span> <span class='ocrx_word' id='word_1_213' title='bbox 1748 2712 1841 2750; x_wconf 85' lang='lat' dir='ltr'><strong>au-</strong></span> 
     </span>
    </p>
   </div>
   <div class='ocr_carea' id='block_1_27' title="bbox 250 2782 1840 2854">
    <p class='ocr_par' dir='ltr' id='par_1_27' title="bbox 250 2782 1840 2854">
     <span class='ocr_line' id='line_1_27' title="bbox 250 2782 1840 2854; baseline 0.003 -17"><span class='ocrx_word' id='word_1_214' title='bbox 250 2795 351 2839; x_wconf 84' lang='lat' dir='ltr'><strong>teni</strong></span> <span class='ocrx_word' id='word_1_215' title='bbox 385 2800 491 2838; x_wconf 88' lang='lat' dir='ltr'><strong>non</strong></span> <span class='ocrx_word' id='word_1_216' title='bbox 524 2784 592 2835; x_wconf 89' lang='lat' dir='ltr'><strong>ita</strong></span> <span class='ocrx_word' id='word_1_217' title='bbox 624 2783 725 2847; x_wconf 87' lang='lat' dir='ltr'><strong>sit,</strong></span> <span class='ocrx_word' id='word_1_218' title='bbox 754 2791 804 2835; x_wconf 88' lang='lat' dir='ltr'><strong>et</strong></span> <span class='ocrx_word' id='word_1_219' title='bbox 832 2782 873 2835; x_wconf 88' lang='lat' dir='ltr'><strong>si</strong></span> <span class='ocrx_word' id='word_1_220' title='bbox 907 2782 1064 2851; x_wconf 85' lang='lat' dir='ltr'><strong>jussit</strong></span> <span class='ocrx_word' id='word_1_221' title='bbox 1092 2782 1251 2837; x_wconf 88' lang='lat' dir='ltr'><strong>heros</strong></span> <span class='ocrx_word' id='word_1_222' title='bbox 1282 2784 1587 2852; x_wconf 82' lang='lat' dir='ltr'><strong>relinquere</strong></span> <span class='ocrx_word' id='word_1_223' title='bbox 1608 2827 1620 2847; x_wconf 90' lang='lat'><strong>,</strong></span> <span class='ocrx_word' id='word_1_224' title='bbox 1656 2795 1709 2838; x_wconf 88' lang='lat' dir='ltr'><strong>et</strong></span> <span class='ocrx_word' id='word_1_225' title='bbox 1745 2802 1840 2854; x_wconf 74' lang='lat' dir='ltr'><strong>pro</strong></span> 
     </span>
    </p>
   </div>
   <div class='ocr_carea' id='block_1_28' title="bbox 247 2874 1837 2946">
    <p class='ocr_par' dir='ltr' id='par_1_28' title="bbox 247 2874 1837 2946">
     <span class='ocr_line' id='line_1_28' title="bbox 247 2874 1837 2946; baseline 0.001 -17"><span class='ocrx_word' id='word_1_226' title='bbox 247 2875 582 2946; x_wconf 80' lang='lat' dir='ltr'><strong>assequeuda</strong></span> <span class='ocrx_word' id='word_1_227' title='bbox 618 2874 861 2927; x_wconf 85' lang='lat' dir='ltr'><strong>libertate</strong></span> <span class='ocrx_word' id='word_1_228' title='bbox 900 2875 1247 2939; x_wconf 88' lang='lat' dir='ltr'><strong>contendere,</strong></span> <span class='ocrx_word' id='word_1_229' title='bbox 1278 2876 1547 2943; x_wconf 87' lang='lat' dir='ltr'><strong>quomodo</strong></span> <span class='ocrx_word' id='word_1_230' title='bbox 1588 2877 1837 2931; x_wconf 61' lang='lat' dir='ltr'><strong>hut-tuba.</strong></span> 
     </span>
    </p>
   </div>
   <div class='ocr_carea' id='block_1_29' title="bbox 250 2965 1843 3037">
    <p class='ocr_par' dir='ltr' id='par_1_29' title="bbox 250 2965 1843 3037">
     <span class='ocr_line' id='line_1_29' title="bbox 250 2965 1843 3037; baseline 0.003 -19"><span class='ocrx_word' id='word_1_231' title='bbox 250 2977 335 3020; x_wconf 89' lang='lat' dir='ltr'><strong>tur</strong></span> <span class='ocrx_word' id='word_1_232' title='bbox 361 2966 547 3020; x_wconf 82' lang='lat' dir='ltr'><strong>dicens</strong></span> <span class='ocrx_word' id='word_1_233' title='bbox 572 2984 585 3019; x_wconf 89' lang='lat'><strong>:</strong></span> <span class='ocrx_word' id='word_1_234' title='bbox 614 2965 966 3034; x_wconf 76' lang='lat' dir='ltr'><strong>Unusquisque</strong></span> <span class='ocrx_word' id='word_1_235' title='bbox 993 2966 1045 3018; x_wconf 87' lang='lat' dir='ltr'><strong>in</strong></span> <span class='ocrx_word' id='word_1_236' title='bbox 1074 2967 1168 3019; x_wconf 83' lang='lat' dir='ltr'><strong>hoc</strong></span> <span class='ocrx_word' id='word_1_237' title='bbox 1190 2976 1412 3032; x_wconf 84' lang='lat' dir='ltr'><strong>maneat,</strong></span> <span class='ocrx_word' id='word_1_238' title='bbox 1437 2969 1489 3019; x_wconf 86' lang='lat' dir='ltr'><strong>in</strong></span> <span class='ocrx_word' id='word_1_239' title='bbox 1511 2984 1610 3037; x_wconf 85' lang='lat' dir='ltr'><strong>quo</strong></span> <span class='ocrx_word' id='word_1_240' title='bbox 1638 2980 1843 3022; x_wconf 72' lang='lat' dir='ltr'><strong>vocatus</strong></span> 
     </span>
    </p>
   </div>
   <div class='ocr_carea' id='block_1_30' title="bbox 250 3056 1844 3127">
    <p class='ocr_par' dir='ltr' id='par_1_30' title="bbox 250 3056 1844 3127">
     <span class='ocr_line' id='line_1_30' title="bbox 250 3056 1844 3127; baseline 0.004 -20"><span class='ocrx_word' id='word_1_241' title='bbox 250 3068 319 3109; x_wconf 72' lang='lat' dir='ltr'><strong>est</strong></span> <span class='ocrx_word' id='word_1_242' title='bbox 343 3058 368 3109; x_wconf 69' lang='lat'><strong>.9</strong></span> <span class='ocrx_word' id='word_1_243' title='bbox 396 3067 451 3111; x_wconf 86' lang='lat' dir='ltr'><strong>et</strong></span> <span class='ocrx_word' id='word_1_244' title='bbox 480 3056 603 3109; x_wconf 81' lang='lat' dir='ltr'><strong>alibi</strong></span> <span class='ocrx_word' id='word_1_245' title='bbox 639 3074 651 3085; x_wconf 93' lang='grc'>·</span> <span class='ocrx_word' id='word_1_246' title='bbox 688 3056 998 3124; x_wconf 75' lang='lat' dir='ltr'><strong>Quicumque</strong></span> <span class='ocrx_word' id='word_1_247' title='bbox 1032 3067 1146 3110; x_wconf 83' lang='lat' dir='ltr'><strong>sunt</strong></span> <span class='ocrx_word' id='word_1_248' title='bbox 1172 3056 1262 3110; x_wconf 82' lang='lat' dir='ltr'><strong>sub</strong></span> <span class='ocrx_word' id='word_1_249' title='bbox 1283 3060 1412 3127; x_wconf 84' lang='lat' dir='ltr'><strong>jugo</strong></span> <span class='ocrx_word' id='word_1_250' title='bbox 1441 3060 1589 3124; x_wconf 76' lang='lat' dir='ltr'><strong>serui,</strong></span> <span class='ocrx_word' id='word_1_251' title='bbox 1614 3060 1844 3114; x_wconf 73' lang='lat' dir='ltr'><strong>dominos</strong></span> 
     </span>
    </p>
   </div>
   <div class='ocr_carea' id='block_1_31' title="bbox 251 3148 1845 3222">
    <p class='ocr_par' dir='ltr' id='par_1_31' title="bbox 251 3148 1845 3222">
     <span class='ocr_line' id='line_1_31' title="bbox 251 3148 1845 3222; baseline 0.004 -21"><span class='ocrx_word' id='word_1_252' title='bbox 251 3165 370 3201; x_wconf 78' lang='lat' dir='ltr'><strong>suos</strong></span> <span class='ocrx_word' id='word_1_253' title='bbox 404 3150 543 3201; x_wconf 88' lang='lat' dir='ltr'><strong>onmi</strong></span> <span class='ocrx_word' id='word_1_254' title='bbox 565 3149 753 3201; x_wconf 79' lang='lat' dir='ltr'><strong>honore</strong></span> <span class='ocrx_word' id='word_1_255' title='bbox 779 3148 957 3217; x_wconf 78' lang='lat' dir='ltr'><strong>dignos</strong></span> <span class='ocrx_word' id='word_1_256' title='bbox 978 3162 1231 3215; x_wconf 77' lang='lat' dir='ltr'><strong>censeant,</strong></span> <span class='ocrx_word' id='word_1_257' title='bbox 1258 3161 1305 3203; x_wconf 86' lang='lat' dir='ltr'><strong>et</strong></span> <span class='ocrx_word' id='word_1_258' title='bbox 1334 3169 1433 3205; x_wconf 87' lang='lat' dir='ltr'><strong>non</strong></span> <span class='ocrx_word' id='word_1_259' title='bbox 1455 3153 1735 3221; x_wconf 71' lang='lat' dir='ltr'><strong>despiciant</strong></span> <span class='ocrx_word' id='word_1_260' title='bbox 1760 3156 1845 3222; x_wconf 87' lang='lat' dir='ltr'><strong>qui</strong></span> 
     </span>
    </p>
   </div>
   <div class='ocr_carea' id='block_1_32' title="bbox 253 3240 1846 3313">
    <p class='ocr_par' dir='ltr' id='par_1_32' title="bbox 253 3240 1846 3313">
     <span class='ocr_line' id='line_1_32' title="bbox 253 3240 1846 3313; baseline 0.006 -23"><span class='ocrx_word' id='word_1_261' title='bbox 253 3240 429 3307; x_wconf 77' lang='lat' dir='ltr'><strong>ﬁdeles</strong></span> <span class='ocrx_word' id='word_1_262' title='bbox 454 3242 635 3294; x_wconf 82' lang='lat' dir='ltr'><strong>habent</strong></span> <span class='ocrx_word' id='word_1_263' title='bbox 668 3241 917 3304; x_wconf 83' lang='lat' dir='ltr'><strong>dominos,</strong></span> <span class='ocrx_word' id='word_1_264' title='bbox 948 3244 1067 3309; x_wconf 80' lang='lat' dir='ltr'><strong>quia</strong></span> <span class='ocrx_word' id='word_1_265' title='bbox 1094 3244 1274 3309; x_wconf 81' lang='lat' dir='ltr'><strong>fratres</strong></span> <span class='ocrx_word' id='word_1_266' title='bbox 1304 3255 1419 3296; x_wconf 84' lang='lat' dir='ltr'><strong>sunt</strong></span> <span class='ocrx_word' id='word_1_267' title='bbox 1443 3246 1528 3310; x_wconf 85' lang='lat' dir='ltr'><strong>qui</strong></span> <span class='ocrx_word' id='word_1_268' title='bbox 1553 3246 1846 3313; x_wconf 78' lang='lat' dir='ltr'><strong>beneﬁcium</strong></span> 
     </span>
    </p>
   </div>
   <div class='ocr_carea' id='block_1_33' title="bbox 251 3332 1848 3407">
    <p class='ocr_par' dir='ltr' id='par_1_33' title="bbox 251 3332 1848 3407">
     <span class='ocr_line' id='line_1_33' title="bbox 251 3332 1848 3407; baseline 0.004 -22"><span class='ocrx_word' id='word_1_269' title='bbox 251 3342 625 3399; x_wconf 77' lang='lat' dir='ltr'><strong>consequuntur</strong></span> <span class='ocrx_word' id='word_1_270' title='bbox 649 3334 723 3403; x_wconf 85' lang='lat' dir='ltr'><strong>(l.</strong></span> <span class='ocrx_word' id='word_1_271' title='bbox 756 3332 891 3387; x_wconf 84' lang='lat' dir='ltr'><strong>Tim.</strong></span> <span class='ocrx_word' id='word_1_272' title='bbox 918 3334 973 3387; x_wconf 86' lang='lat'><strong>6.</strong></span> <span class='ocrx_word' id='word_1_273' title='bbox 1003 3335 1051 3387; x_wconf 80' lang='grc'><strong>1.</strong></span> <span class='ocrx_word' id='word_1_274' title='bbox 1076 3335 1170 3403; x_wconf 75' lang='lat'><strong>2)?</strong></span> <span class='ocrx_word' id='word_1_275' title='bbox 1200 3336 1262 3388; x_wconf 84' lang='lat' dir='ltr'><strong>Et</strong></span> <span class='ocrx_word' id='word_1_276' title='bbox 1292 3335 1538 3404; x_wconf 83' lang='lat' dir='ltr'><strong>Ephesiis</strong></span> <span class='ocrx_word' id='word_1_277' title='bbox 1564 3347 1723 3407; x_wconf 84' lang='lat' dir='ltr'><strong>atque</strong></span> <span class='ocrx_word' id='word_1_278' title='bbox 1747 3338 1848 3392; x_wconf 87' lang='lat' dir='ltr'><strong>Co—</strong></span> 
     </span>
    </p>
   </div>
   <div class='ocr_carea' id='block_1_34' title="bbox 256 3425 1850 3497">
    <p class='ocr_par' dir='ltr' id='par_1_34' title="bbox 256 3425 1850 3497">
     <span class='ocr_line' id='line_1_34' title="bbox 256 3425 1850 3497; baseline 0.003 -18"><span class='ocrx_word' id='word_1_279' title='bbox 256 3425 592 3480; x_wconf 87' lang='lat' dir='ltr'><strong>lossensibns</strong></span> <span class='ocrx_word' id='word_1_280' title='bbox 632 3428 873 3480; x_wconf 86' lang='lat' dir='ltr'><strong>scribens</strong></span> <span class='ocrx_word' id='word_1_281' title='bbox 916 3427 1102 3481; x_wconf 87' lang='lat' dir='ltr'><strong>eadem</strong></span> <span class='ocrx_word' id='word_1_282' title='bbox 1150 3430 1259 3496; x_wconf 87' lang='lat' dir='ltr'><strong>ipsa</strong></span> <span class='ocrx_word' id='word_1_283' title='bbox 1308 3430 1547 3497; x_wconf 71' lang='lat' dir='ltr'><strong>prmcipit</strong></span> <span class='ocrx_word' id='word_1_284' title='bbox 1578 3442 1629 3483; x_wconf 92' lang='lat' dir='ltr'><strong>et</strong></span> <span class='ocrx_word' id='word_1_285' title='bbox 1665 3432 1850 3484; x_wconf 87' lang='lat' dir='ltr'><strong>statuit</strong></span> 
     </span>
    </p>
   </div>
   <div class='ocr_carea' id='block_1_35' title="bbox 257 3515 1848 3589">
    <p class='ocr_par' dir='ltr' id='par_1_35' title="bbox 257 3515 1848 3589">
     <span class='ocr_line' id='line_1_35' title="bbox 257 3515 1848 3589; baseline 0.003 -20"><span class='ocrx_word' id='word_1_286' title='bbox 257 3515 475 3586; x_wconf 69' lang='lat' dir='ltr'><strong>(Ephes.</strong></span> <span class='ocrx_word' id='word_1_287' title='bbox 510 3518 562 3571; x_wconf 90' lang='lat'><strong>6.</strong></span> <span class='ocrx_word' id='word_1_288' title='bbox 592 3518 646 3571; x_wconf 83' lang='lat'><strong>5.</strong></span> <span class='ocrx_word' id='word_1_289' title='bbox 676 3534 846 3586; x_wconf 55' lang='lat' dir='ltr'><strong>seqq;</strong></span> <span class='ocrx_word' id='word_1_290' title='bbox 879 3518 988 3572; x_wconf 86' lang='lat' dir='ltr'><strong>Col.</strong></span> <span class='ocrx_word' id='word_1_291' title='bbox 1020 3519 1070 3574; x_wconf 75' lang='lat'><strong>3.</strong></span> <span class='ocrx_word' id='word_1_292' title='bbox 1099 3518 1215 3583; x_wconf 69' lang='lat'><strong>2‘2).</strong></span> <span class='ocrx_word' id='word_1_293' title='bbox 1246 3519 1397 3575; x_wconf 88' lang='lat' dir='ltr'><strong>Unde</strong></span> <span class='ocrx_word' id='word_1_294' title='bbox 1430 3519 1601 3589; x_wconf 82' lang='lat' dir='ltr'><strong>palam</strong></span> <span class='ocrx_word' id='word_1_295' title='bbox 1636 3530 1715 3574; x_wconf 79' lang='lat' dir='ltr'><strong>est</strong></span> <span class='ocrx_word' id='word_1_296' title='bbox 1738 3564 1751 3586; x_wconf 92' lang='lat'><strong>,</strong></span> <span class='ocrx_word' id='word_1_297' title='bbox 1785 3523 1848 3575; x_wconf 88' lang='lat' dir='ltr'><strong>il—</strong></span> 
     </span>
    </p>
   </div>
   <div class='ocr_carea' id='block_1_36' title="bbox 259 3608 1850 3681">
    <p class='ocr_par' dir='ltr' id='par_1_36' title="bbox 259 3608 1850 3681">
     <span class='ocr_line' id='line_1_36' title="bbox 259 3608 1850 3681; baseline 0.003 -21"><span class='ocrx_word' id='word_1_298' title='bbox 259 3608 366 3661; x_wconf 90' lang='lat' dir='ltr'><strong>lum</strong></span> <span class='ocrx_word' id='word_1_299' title='bbox 414 3609 551 3662; x_wconf 90' lang='lat' dir='ltr'><strong>hanc</strong></span> <span class='ocrx_word' id='word_1_300' title='bbox 591 3612 900 3664; x_wconf 83' lang='lat' dir='ltr'><strong>servitutem</strong></span> <span class='ocrx_word' id='word_1_301' title='bbox 950 3625 1053 3663; x_wconf 91' lang='lat' dir='ltr'><strong>non</strong></span> <span class='ocrx_word' id='word_1_302' title='bbox 1092 3611 1305 3676; x_wconf 87' lang='lat' dir='ltr'><strong>tollere,</strong></span> <span class='ocrx_word' id='word_1_303' title='bbox 1336 3611 1429 3665; x_wconf 88' lang='lat' dir='ltr'><strong>sed</strong></span> <span class='ocrx_word' id='word_1_304' title='bbox 1459 3627 1576 3664; x_wconf 87' lang='lat' dir='ltr'><strong>eam</strong></span> <span class='ocrx_word' id='word_1_305' title='bbox 1604 3627 1723 3679; x_wconf 62' lang='lat' dir='ltr'><strong>qua)</strong></span> <span class='ocrx_word' id='word_1_306' title='bbox 1756 3629 1850 3681; x_wconf 79' lang='lat' dir='ltr'><strong>per</strong></span> 
     </span>
    </p>
   </div>
   <div class='ocr_carea' id='block_1_37' title="bbox 263 3699 1849 3770">
    <p class='ocr_par' dir='ltr' id='par_1_37' title="bbox 263 3699 1849 3770">
     <span class='ocr_line' id='line_1_37' title="bbox 263 3699 1849 3770; baseline 0.006 -23"><span class='ocrx_word' id='word_1_307' title='bbox 263 3699 384 3752; x_wconf 78' lang='lat' dir='ltr'><strong>vitia</strong></span> <span class='ocrx_word' id='word_1_308' title='bbox 409 3700 568 3751; x_wconf 88' lang='lat' dir='ltr'><strong>etiam</strong></span> <span class='ocrx_word' id='word_1_309' title='bbox 604 3700 797 3753; x_wconf 87' lang='lat' dir='ltr'><strong>liberos</strong></span> <span class='ocrx_word' id='word_1_310' title='bbox 828 3700 1047 3763; x_wconf 86' lang='lat' dir='ltr'><strong>invadit,</strong></span> <span class='ocrx_word' id='word_1_311' title='bbox 1080 3717 1197 3769; x_wconf 70' lang='lat' dir='ltr'><strong>qua:</strong></span> <span class='ocrx_word' id='word_1_312' title='bbox 1219 3711 1300 3753; x_wconf 88' lang='lat' dir='ltr'><strong>est</strong></span> <span class='ocrx_word' id='word_1_313' title='bbox 1326 3702 1662 3770; x_wconf 86' lang='lat' dir='ltr'><strong>gravissima,</strong></span> <span class='ocrx_word' id='word_1_314' title='bbox 1691 3703 1849 3756; x_wconf 88' lang='lat' dir='ltr'><strong>etiam</strong></span> 
     </span>
    </p>
   </div>
   <div class='ocr_carea' id='block_1_38' title="bbox 260 3789 1853 3858">
    <p class='ocr_par' dir='ltr' id='par_1_38' title="bbox 260 3789 1853 3858">
     <span class='ocr_line' id='line_1_38' title="bbox 260 3789 1853 3858; baseline 0 -13"><span class='ocrx_word' id='word_1_315' title='bbox 260 3790 305 3845; x_wconf 79' lang='lat' dir='ltr'><strong>si</strong></span> <span class='ocrx_word' id='word_1_316' title='bbox 336 3790 455 3858; x_wconf 82' lang='lat' dir='ltr'><strong>quis</strong></span> <span class='ocrx_word' id='word_1_317' title='bbox 484 3789 617 3843; x_wconf 89' lang='lat' dir='ltr'><strong>liber</strong></span> <span class='ocrx_word' id='word_1_318' title='bbox 646 3790 743 3857; x_wconf 88' lang='lat' dir='ltr'><strong>ipsi</strong></span> <span class='ocrx_word' id='word_1_319' title='bbox 768 3791 981 3843; x_wconf 85' lang='lat' dir='ltr'><strong>serviat.</strong></span> <span class='ocrx_word' id='word_1_320' title='bbox 1009 3790 1143 3856; x_wconf 87' lang='lat' dir='ltr'><strong>Quid</strong></span> <span class='ocrx_word' id='word_1_321' title='bbox 1170 3792 1311 3844; x_wconf 89' lang='lat' dir='ltr'><strong>enim</strong></span> <span class='ocrx_word' id='word_1_322' title='bbox 1344 3792 1529 3845; x_wconf 82' lang='lat' dir='ltr'><strong>lucrati</strong></span> <span class='ocrx_word' id='word_1_323' title='bbox 1556 3802 1677 3846; x_wconf 87' lang='lat' dir='ltr'><strong>sunt</strong></span> <span class='ocrx_word' id='word_1_324' title='bbox 1703 3793 1853 3847; x_wconf 83' lang='lat' dir='ltr'><strong>Jose-</strong></span> 
     </span>
    </p>
   </div>
   <div class='ocr_carea' id='block_1_39' title="bbox 262 3879 1854 3949">
    <p class='ocr_par' dir='ltr' id='par_1_39' title="bbox 262 3879 1854 3949">
     <span class='ocr_line' id='line_1_39' title="bbox 262 3879 1854 3949; baseline 0.002 -15"><span class='ocrx_word' id='word_1_325' title='bbox 262 3880 354 3949; x_wconf 88' lang='lat' dir='ltr'><strong>phi</strong></span> <span class='ocrx_word' id='word_1_326' title='bbox 388 3881 605 3945; x_wconf 77' lang='lat' dir='ltr'><strong>fratres,</strong></span> <span class='ocrx_word' id='word_1_327' title='bbox 638 3879 791 3941; x_wconf 86' lang='lat' dir='ltr'><strong>liberi</strong></span> <span class='ocrx_word' id='word_1_328' title='bbox 821 3896 938 3936; x_wconf 83' lang='lat' dir='ltr'><strong>Cum</strong></span> <span class='ocrx_word' id='word_1_329' title='bbox 973 3883 1188 3935; x_wconf 81' lang='lat' dir='ltr'><strong>essent?</strong></span> <span class='ocrx_word' id='word_1_330' title='bbox 1220 3898 1395 3936; x_wconf 91' lang='lat' dir='ltr'><strong>annon</strong></span> <span class='ocrx_word' id='word_1_331' title='bbox 1426 3892 1578 3936; x_wconf 89' lang='lat' dir='ltr'><strong>erant</strong></span> <span class='ocrx_word' id='word_1_332' title='bbox 1607 3886 1854 3937; x_wconf 90' lang='lat' dir='ltr'><strong>omnibus</strong></span> 
     </span>
    </p>
   </div>
   <div class='ocr_carea' id='block_1_40' title="bbox 262 3973 1853 4042">
    <p class='ocr_par' dir='ltr' id='par_1_40' title="bbox 262 3973 1853 4042">
     <span class='ocr_line' id='line_1_40' title="bbox 262 3973 1853 4042; baseline 0.003 -16"><span class='ocrx_word' id='word_1_333' title='bbox 262 3973 437 4027; x_wconf 86' lang='lat' dir='ltr'><strong>servis</strong></span> <span class='ocrx_word' id='word_1_334' title='bbox 476 3973 810 4037; x_wconf 87' lang='lat' dir='ltr'><strong>serviliores,</strong></span> <span class='ocrx_word' id='word_1_335' title='bbox 846 3974 932 4041; x_wconf 89' lang='lat' dir='ltr'><strong>qui</strong></span> <span class='ocrx_word' id='word_1_336' title='bbox 974 3974 1112 4042; x_wconf 90' lang='lat' dir='ltr'><strong>apud</strong></span> <span class='ocrx_word' id='word_1_337' title='bbox 1152 3983 1354 4042; x_wconf 78' lang='lat' dir='ltr'><strong>patrem</strong></span> <span class='ocrx_word' id='word_1_338' title='bbox 1387 3977 1769 4042; x_wconf 82' lang='lat' dir='ltr'><strong>mentirentur,</strong></span> <span class='ocrx_word' id='word_1_339' title='bbox 1800 3986 1853 4030; x_wconf 89' lang='lat' dir='ltr'><strong>et</strong></span> 
     </span>
    </p>
   </div>
   <div class='ocr_carea' id='block_1_41' title="bbox 263 4065 1852 4125">
    <p class='ocr_par' dir='ltr' id='par_1_41' title="bbox 263 4065 1852 4125">
     <span class='ocr_line' id='line_1_41' title="bbox 263 4065 1852 4125; baseline 0 -6"><span class='ocrx_word' id='word_1_340' title='bbox 263 4065 655 4119; x_wconf 80' lang='lat' dir='ltr'><strong>mercatoribus</strong></span> <span class='ocrx_word' id='word_1_341' title='bbox 682 4065 812 4119; x_wconf 83' lang='lat' dir='ltr'><strong>falsa</strong></span> <span class='ocrx_word' id='word_1_342' title='bbox 835 4076 1136 4125; x_wconf 69' lang='lat' dir='ltr'><strong>narrarent.</strong></span> <span class='ocrx_word' id='word_1_343' title='bbox 1168 4077 1221 4118; x_wconf 90' lang='lat' dir='ltr'><strong>ut</strong></span> <span class='ocrx_word' id='word_1_344' title='bbox 1248 4068 1406 4119; x_wconf 82' lang='lat' dir='ltr'><strong>etiam</strong></span> <span class='ocrx_word' id='word_1_345' title='bbox 1442 4067 1627 4120; x_wconf 87' lang='lat' dir='ltr'><strong>fratri?</strong></span> <span class='ocrx_word' id='word_1_346' title='bbox 1656 4072 1724 4120; x_wconf 81' lang='lat' dir='ltr'><strong>At</strong></span> <span class='ocrx_word' id='word_1_347' title='bbox 1748 4084 1852 4119; x_wconf 92' lang='lat' dir='ltr'><strong>non</strong></span> 
     </span>
    </p>
   </div>
   <div class='ocr_carea' id='block_1_42' title="bbox 265 4156 1850 4223">
    <p class='ocr_par' dir='ltr' id='par_1_42' title="bbox 265 4156 1850 4223">
     <span class='ocr_line' id='line_1_42' title="bbox 265 4156 1850 4223; baseline -0.002 -13"><span class='ocrx_word' id='word_1_348' title='bbox 265 4158 387 4210; x_wconf 87' lang='lat' dir='ltr'><strong>talis</strong></span> <span class='ocrx_word' id='word_1_349' title='bbox 414 4167 528 4209; x_wconf 90' lang='lat' dir='ltr'><strong>erat</strong></span> <span class='ocrx_word' id='word_1_350' title='bbox 559 4156 693 4209; x_wconf 85' lang='lat' dir='ltr'><strong>liber</strong></span> <span class='ocrx_word' id='word_1_351' title='bbox 720 4156 827 4216; x_wconf 87' lang='lat' dir='ltr'><strong>ille,</strong></span> <span class='ocrx_word' id='word_1_352' title='bbox 858 4156 951 4209; x_wconf 86' lang='lat' dir='ltr'><strong>sed</strong></span> <span class='ocrx_word' id='word_1_353' title='bbox 986 4158 1186 4223; x_wconf 75' lang='lat' dir='ltr'><strong>ubique”</strong></span> <span class='ocrx_word' id='word_1_354' title='bbox 1205 4168 1258 4209; x_wconf 86' lang='lat' dir='ltr'><strong>et</strong></span> <span class='ocrx_word' id='word_1_355' title='bbox 1289 4159 1338 4208; x_wconf 89' lang='lat' dir='ltr'><strong>in</strong></span> <span class='ocrx_word' id='word_1_356' title='bbox 1372 4159 1621 4209; x_wconf 91' lang='lat' dir='ltr'><strong>omnibus</strong></span> <span class='ocrx_word' id='word_1_357' title='bbox 1652 4173 1805 4209; x_wconf 82' lang='lat' dir='ltr'><strong>verax</strong></span> <span class='ocrx_word' id='word_1_358' title='bbox 1839 4174 1850 4207; x_wconf 90' lang='lat'><strong>:</strong></span> 
     </span>
    </p>
   </div>
   <div class='ocr_carea' id='block_1_43' title="bbox 265 4246 1855 4315">
    <p class='ocr_par' dir='ltr' id='par_1_43' title="bbox 265 4246 1855 4315">
     <span class='ocr_line' id='line_1_43' title="bbox 265 4246 1855 4315; baseline -0.002 -14"><span class='ocrx_word' id='word_1_359' title='bbox 265 4248 507 4314; x_wconf 87' lang='lat' dir='ltr'><strong>nihilque</strong></span> <span class='ocrx_word' id='word_1_360' title='bbox 528 4246 676 4299; x_wconf 88' lang='lat' dir='ltr'><strong>illum</strong></span> <span class='ocrx_word' id='word_1_361' title='bbox 704 4247 757 4298; x_wconf 93' lang='lat' dir='ltr'><strong>in</strong></span> <span class='ocrx_word' id='word_1_362' title='bbox 788 4248 1097 4299; x_wconf 82' lang='lat' dir='ltr'><strong>servitutem</strong></span> <span class='ocrx_word' id='word_1_363' title='bbox 1125 4248 1367 4313; x_wconf 84' lang='lat' dir='ltr'><strong>redigere</strong></span> <span class='ocrx_word' id='word_1_364' title='bbox 1391 4247 1582 4315; x_wconf 89' lang='lat' dir='ltr'><strong>potuit,</strong></span> <span class='ocrx_word' id='word_1_365' title='bbox 1611 4261 1715 4299; x_wconf 92' lang='lat' dir='ltr'><strong>non</strong></span> <span class='ocrx_word' id='word_1_366' title='bbox 1742 4248 1855 4299; x_wconf 85' lang='lat' dir='ltr'><strong>vin-</strong></span> 
     </span>
    </p>
   </div>
   <div class='ocr_carea' id='block_1_44' title="bbox 264 4335 1855 4406">
    <p class='ocr_par' dir='ltr' id='par_1_44' title="bbox 264 4335 1855 4406">
     <span class='ocr_line' id='line_1_44' title="bbox 264 4335 1855 4406; baseline -0.001 -14"><span class='ocrx_word' id='word_1_367' title='bbox 264 4336 409 4399; x_wconf 88' lang='lat' dir='ltr'><strong>cula,</strong></span> <span class='ocrx_word' id='word_1_368' title='bbox 444 4350 549 4387; x_wconf 90' lang='lat' dir='ltr'><strong>non</strong></span> <span class='ocrx_word' id='word_1_369' title='bbox 581 4336 690 4403; x_wconf 90' lang='lat' dir='ltr'><strong>ipsa</strong></span> <span class='ocrx_word' id='word_1_370' title='bbox 722 4335 969 4395; x_wconf 83' lang='lat' dir='ltr'><strong>servitus,</strong></span> <span class='ocrx_word' id='word_1_371' title='bbox 1006 4349 1110 4387; x_wconf 90' lang='lat' dir='ltr'><strong>non</strong></span> <span class='ocrx_word' id='word_1_372' title='bbox 1136 4335 1278 4387; x_wconf 74' lang='lat' dir='ltr'><strong>hcru:</strong></span> <span class='ocrx_word' id='word_1_373' title='bbox 1306 4350 1475 4401; x_wconf 87' lang='lat' dir='ltr'><strong>amor,</strong></span> <span class='ocrx_word' id='word_1_374' title='bbox 1509 4351 1613 4391; x_wconf 91' lang='lat' dir='ltr'><strong>non</strong></span> <span class='ocrx_word' id='word_1_375' title='bbox 1637 4337 1775 4406; x_wconf 89' lang='lat' dir='ltr'><strong>quod</strong></span> <span class='ocrx_word' id='word_1_376' title='bbox 1805 4338 1855 4390; x_wconf 93' lang='lat' dir='ltr'><strong>in</strong></span> 
     </span>
    </p>
   </div>
   <div class='ocr_carea' id='block_1_45' title="bbox 266 4426 1856 4495">
    <p class='ocr_par' dir='ltr' id='par_1_45' title="bbox 266 4426 1856 4495">
     <span class='ocr_line' id='line_1_45' title="bbox 266 4426 1856 4495; baseline 0.001 -14"><span class='ocrx_word' id='word_1_377' title='bbox 266 4429 439 4481; x_wconf 89' lang='lat' dir='ltr'><strong>aliena</strong></span> <span class='ocrx_word' id='word_1_378' title='bbox 464 4435 602 4481; x_wconf 82' lang='lat' dir='ltr'><strong>terra</strong></span> <span class='ocrx_word' id='word_1_379' title='bbox 633 4435 775 4479; x_wconf 89' lang='lat' dir='ltr'><strong>esset</strong></span> <span class='ocrx_word' id='word_1_380' title='bbox 799 4446 811 4479; x_wconf 92' lang='lat'><strong>:</strong></span> <span class='ocrx_word' id='word_1_381' title='bbox 837 4426 929 4480; x_wconf 84' lang='lat' dir='ltr'><strong>sed</strong></span> <span class='ocrx_word' id='word_1_382' title='bbox 957 4426 1150 4495; x_wconf 89' lang='lat' dir='ltr'><strong>ubique</strong></span> <span class='ocrx_word' id='word_1_383' title='bbox 1175 4427 1306 4480; x_wconf 87' lang='lat' dir='ltr'><strong>liber</strong></span> <span class='ocrx_word' id='word_1_384' title='bbox 1333 4429 1545 4483; x_wconf 77' lang='lat' dir='ltr'><strong>mansit.</strong></span> <span class='ocrx_word' id='word_1_385' title='bbox 1578 4428 1689 4483; x_wconf 90' lang='lat' dir='ltr'><strong>lloc</strong></span> <span class='ocrx_word' id='word_1_386' title='bbox 1714 4430 1856 4485; x_wconf 87' lang='lat' dir='ltr'><strong>enim</strong></span> 
     </span>
    </p>
   </div>
   <div class='ocr_carea' id='block_1_46' title="bbox 268 4518 1861 4593">
    <p class='ocr_par' dir='ltr' id='par_1_46' title="bbox 268 4518 1861 4593">
     <span class='ocr_line' id='line_1_46' title="bbox 268 4518 1861 4593; baseline 0.001 -17"><span class='ocrx_word' id='word_1_387' title='bbox 268 4520 504 4576; x_wconf 81' lang='lat' dir='ltr'><strong>maxime</strong></span> <span class='ocrx_word' id='word_1_388' title='bbox 549 4518 769 4574; x_wconf 85' lang='lat' dir='ltr'><strong>libertas</strong></span> <span class='ocrx_word' id='word_1_389' title='bbox 804 4527 921 4588; x_wconf 87' lang='lat' dir='ltr'><strong>est,</strong></span> <span class='ocrx_word' id='word_1_390' title='bbox 953 4520 1165 4590; x_wconf 90' lang='lat' dir='ltr'><strong>quando</strong></span> <span class='ocrx_word' id='word_1_391' title='bbox 1192 4537 1253 4575; x_wconf 83' lang='lat' dir='ltr'><strong>ea</strong></span> <span class='ocrx_word' id='word_1_392' title='bbox 1286 4525 1335 4574; x_wconf 90' lang='lat' dir='ltr'><strong>in</strong></span> <span class='ocrx_word' id='word_1_393' title='bbox 1367 4523 1621 4577; x_wconf 87' lang='lat' dir='ltr'><strong>servitute</strong></span> <span class='ocrx_word' id='word_1_394' title='bbox 1648 4539 1861 4593; x_wconf 89' lang='lat' dir='ltr'><strong>quoque</strong></span> 
     </span>
    </p>
   </div>
   <div class='ocr_carea' id='block_1_47' title="bbox 270 4614 1455 4684">
    <p class='ocr_par' dir='ltr' id='par_1_47' title="bbox 270 4614 1455 4684">
     <span class='ocr_line' id='line_1_47' title="bbox 270 4614 1455 4684; baseline -0.004 -17"><span class='ocrx_word' id='word_1_395' title='bbox 270 4614 459 4684; x_wconf 81' lang='lat' dir='ltr'><strong>fulget.</strong></span> <span class='ocrx_word' id='word_1_396' title='bbox 1448 4654 1455 4662; x_wconf 92' lang='lat'><strong>.</strong></span> 
     </span>
    </p>
   </div>
   <div class='ocr_carea' id='block_1_48' title="bbox 344 4703 1865 4761">
    <p class='ocr_par' dir='ltr' id='par_1_48' title="bbox 344 4703 1865 4761">
     <span class='ocr_line' id='line_1_48' title="bbox 344 4703 1865 4761; baseline 0 0"><span class='ocrx_word' id='word_1_397' title='bbox 344 4707 401 4761; x_wconf 83' lang='lat'><strong>5.</strong></span> <span class='ocrx_word' id='word_1_398' title='bbox 434 4704 580 4759; x_wconf 86' lang='lat' dir='ltr'><strong>Talis</strong></span> <span class='ocrx_word' id='word_1_399' title='bbox 608 4720 694 4757; x_wconf 88' lang='lat' dir='ltr'><strong>res</strong></span> <span class='ocrx_word' id='word_1_400' title='bbox 721 4713 803 4756; x_wconf 90' lang='lat' dir='ltr'><strong>est</strong></span> <span class='ocrx_word' id='word_1_401' title='bbox 830 4703 1267 4755; x_wconf 78' lang='lat' dir='ltr'><strong>Christianismus</strong></span> <span class='ocrx_word' id='word_1_402' title='bbox 1298 4720 1309 4755; x_wconf 74' lang='grc' dir='ltr'>ε</span> <span class='ocrx_word' id='word_1_403' title='bbox 1341 4703 1389 4755; x_wconf 93' lang='lat' dir='ltr'><strong>in</strong></span> <span class='ocrx_word' id='word_1_404' title='bbox 1416 4704 1675 4759; x_wconf 89' lang='lat' dir='ltr'><strong>servitute</strong></span> <span class='ocrx_word' id='word_1_405' title='bbox 1705 4707 1865 4761; x_wconf 84' lang='lat' dir='ltr'><strong>Iiber—</strong></span> 
     </span>
    </p>
   </div>
   <div class='ocr_carea' id='block_1_49' title="bbox 272 4792 1856 4865">
    <p class='ocr_par' dir='ltr' id='par_1_49' title="bbox 272 4792 1856 4865">
     <span class='ocr_line' id='line_1_49' title="bbox 272 4792 1856 4865; baseline 0.001 -15"><span class='ocrx_word' id='word_1_406' title='bbox 272 4806 436 4849; x_wconf 85' lang='lat' dir='ltr'><strong>tatem</strong></span> <span class='ocrx_word' id='word_1_407' title='bbox 467 4795 738 4861; x_wconf 87' lang='lat' dir='ltr'><strong>elargitur.</strong></span> <span class='ocrx_word' id='word_1_408' title='bbox 771 4792 847 4844; x_wconf 85' lang='lat' dir='ltr'><strong>Ac</strong></span> <span class='ocrx_word' id='word_1_409' title='bbox 881 4792 1021 4843; x_wconf 87' lang='lat' dir='ltr'><strong>sicut</strong></span> <span class='ocrx_word' id='word_1_410' title='bbox 1050 4805 1245 4859; x_wconf 88' lang='lat' dir='ltr'><strong>corpus</strong></span> <span class='ocrx_word' id='word_1_411' title='bbox 1281 4831 1296 4852; x_wconf 84' lang='lat'><strong>.</strong></span> <span class='ocrx_word' id='word_1_412' title='bbox 1343 4798 1485 4865; x_wconf 89' lang='lat' dir='ltr'><strong>quod</strong></span> <span class='ocrx_word' id='word_1_413' title='bbox 1541 4810 1606 4849; x_wconf 73' lang='lat' dir='ltr'><strong>ex</strong></span> <span class='ocrx_word' id='word_1_414' title='bbox 1664 4805 1856 4851; x_wconf 86' lang='lat' dir='ltr'><strong>natura</strong></span> 
     </span>
    </p>
   </div>
   <div class='ocr_carea' id='block_1_50' title="bbox 285 4881 1860 4951">
    <p class='ocr_par' dir='ltr' id='par_1_50' title="bbox 285 4881 1860 4951">
     <span class='ocr_line' id='line_1_50' title="bbox 285 4881 1860 4951; baseline 0 -13"><span class='ocrx_word' id='word_1_415' title='bbox 285 4885 359 4938; x_wconf 88' lang='lat' dir='ltr'><strong>sit</strong></span> <span class='ocrx_word' id='word_1_416' title='bbox 392 4882 739 4943; x_wconf 76' lang='lat' dir='ltr'><strong>vulnerabile,</strong></span> <span class='ocrx_word' id='word_1_417' title='bbox 789 4891 914 4934; x_wconf 87' lang='lat' dir='ltr'><strong>tunc</strong></span> <span class='ocrx_word' id='word_1_418' title='bbox 954 4881 1345 4934; x_wconf 86' lang='lat' dir='ltr'><strong>invulnerabile</strong></span> <span class='ocrx_word' id='word_1_419' title='bbox 1376 4885 1705 4951; x_wconf 73' lang='lat' dir='ltr'><strong>ostenditur,</strong></span> <span class='ocrx_word' id='word_1_420' title='bbox 1742 4902 1860 4941; x_wconf 91' lang='lat' dir='ltr'><strong>cum</strong></span> 
     </span>
    </p>
   </div>
   <div class='ocr_carea' id='block_1_51' title="bbox 270 4970 1859 5043">
    <p class='ocr_par' dir='ltr' id='par_1_51' title="bbox 270 4970 1859 5043">
     <span class='ocr_line' id='line_1_51' title="bbox 270 4970 1859 5043; baseline 0.007 -22"><span class='ocrx_word' id='word_1_421' title='bbox 270 4980 498 5035; x_wconf 68' lang='lat' dir='ltr'><strong>excepto</strong></span> <span class='ocrx_word' id='word_1_422' title='bbox 523 4970 628 5021; x_wconf 89' lang='lat' dir='ltr'><strong>telo</strong></span> <span class='ocrx_word' id='word_1_423' title='bbox 656 4970 958 5040; x_wconf 84' lang='lat' dir='ltr'><strong>nihilgrave</strong></span> <span class='ocrx_word' id='word_1_424' title='bbox 986 4973 1188 5041; x_wconf 86' lang='lat' dir='ltr'><strong>patitur</strong></span> <span class='ocrx_word' id='word_1_425' title='bbox 1219 4974 1329 5025; x_wconf 89' lang='lat' dir='ltr'><strong>:sie</strong></span> <span class='ocrx_word' id='word_1_426' title='bbox 1351 4975 1437 5043; x_wconf 90' lang='lat' dir='ltr'><strong>qui</strong></span> <span class='ocrx_word' id='word_1_427' title='bbox 1460 4991 1583 5031; x_wconf 88' lang='lat' dir='ltr'><strong>vere</strong></span> <span class='ocrx_word' id='word_1_428' title='bbox 1614 4979 1859 5043; x_wconf 87' lang='lat' dir='ltr'><strong>liberest,</strong></span> 
     </span>
    </p>
   </div>
   <div class='ocr_carea' id='block_1_52' title="bbox 276 5060 1859 5133">
    <p class='ocr_par' dir='ltr' id='par_1_52' title="bbox 276 5060 1859 5133">
     <span class='ocr_line' id='line_1_52' title="bbox 276 5060 1859 5133; baseline 0.006 -20"><span class='ocrx_word' id='word_1_429' title='bbox 276 5070 404 5113; x_wconf 87' lang='lat' dir='ltr'><strong>tunc</strong></span> <span class='ocrx_word' id='word_1_430' title='bbox 435 5060 555 5114; x_wconf 87' lang='lat' dir='ltr'><strong>talis</strong></span> <span class='ocrx_word' id='word_1_431' title='bbox 590 5072 841 5129; x_wconf 84' lang='lat' dir='ltr'><strong>apparet,</strong></span> <span class='ocrx_word' id='word_1_432' title='bbox 874 5063 1087 5131; x_wconf 84' lang='lat' dir='ltr'><strong>quando</strong></span> <span class='ocrx_word' id='word_1_433' title='bbox 1114 5064 1271 5117; x_wconf 86' lang='lat' dir='ltr'><strong>etiam</strong></span> <span class='ocrx_word' id='word_1_434' title='bbox 1304 5080 1423 5117; x_wconf 89' lang='lat' dir='ltr'><strong>cum</strong></span> <span class='ocrx_word' id='word_1_435' title='bbox 1467 5066 1625 5122; x_wconf 84' lang='lat' dir='ltr'><strong>heros</strong></span> <span class='ocrx_word' id='word_1_436' title='bbox 1666 5070 1859 5133; x_wconf 88' lang='lat' dir='ltr'><strong>habet,</strong></span> 
     </span>
    </p>
   </div>
   <div class='ocr_carea' id='block_1_53' title="bbox 274 5152 1862 5224">
    <p class='ocr_par' dir='ltr' id='par_1_53' title="bbox 274 5152 1862 5224">
     <span class='ocr_line' id='line_1_53' title="bbox 274 5152 1862 5224; baseline 0.007 -21"><span class='ocrx_word' id='word_1_437' title='bbox 274 5163 385 5203; x_wconf 89' lang='lat' dir='ltr'><strong>non</strong></span> <span class='ocrx_word' id='word_1_438' title='bbox 413 5152 463 5201; x_wconf 88' lang='lat' dir='ltr'><strong>in</strong></span> <span class='ocrx_word' id='word_1_439' title='bbox 495 5153 805 5208; x_wconf 86' lang='lat' dir='ltr'><strong>servitutem</strong></span> <span class='ocrx_word' id='word_1_440' title='bbox 853 5154 1130 5224; x_wconf 75' lang='lat' dir='ltr'><strong>redigitur.</strong></span> <span class='ocrx_word' id='word_1_441' title='bbox 1174 5154 1299 5209; x_wconf 88' lang='lat' dir='ltr'><strong>Ideo</strong></span> <span class='ocrx_word' id='word_1_442' title='bbox 1324 5157 1475 5224; x_wconf 85' lang='lat' dir='ltr'><strong>jubet</strong></span> <span class='ocrx_word' id='word_1_443' title='bbox 1505 5175 1715 5214; x_wconf 87' lang='lat' dir='ltr'><strong>servum</strong></span> <span class='ocrx_word' id='word_1_444' title='bbox 1750 5178 1862 5214; x_wconf 83' lang='lat' dir='ltr'><strong>ma-</strong></span> 
     </span>
    </p>
   </div>
   <div class='ocr_carea' id='block_1_54' title="bbox 274 5241 1866 5319">
    <p class='ocr_par' dir='ltr' id='par_1_54' title="bbox 274 5241 1866 5319">
     <span class='ocr_line' id='line_1_54' title="bbox 274 5241 1866 5319; baseline 0.008 -22"><span class='ocrx_word' id='word_1_445' title='bbox 274 5256 426 5297; x_wconf 88' lang='lat' dir='ltr'><strong>nere.</strong></span> <span class='ocrx_word' id='word_1_446' title='bbox 459 5241 511 5296; x_wconf 90' lang='lat' dir='ltr'><strong>Si</strong></span> <span class='ocrx_word' id='word_1_447' title='bbox 539 5256 715 5299; x_wconf 79' lang='lat' dir='ltr'><strong>autem</strong></span> <span class='ocrx_word' id='word_1_448' title='bbox 744 5247 855 5301; x_wconf 81' lang='lat' dir='ltr'><strong>lteri</strong></span> <span class='ocrx_word' id='word_1_449' title='bbox 884 5263 986 5301; x_wconf 91' lang='lat' dir='ltr'><strong>non</strong></span> <span class='ocrx_word' id='word_1_450' title='bbox 1017 5258 1195 5317; x_wconf 89' lang='lat' dir='ltr'><strong>potest</strong></span> <span class='ocrx_word' id='word_1_451' title='bbox 1216 5258 1290 5311; x_wconf 89' lang='lat' dir='ltr'><strong>ut,</strong></span> <span class='ocrx_word' id='word_1_452' title='bbox 1322 5264 1443 5304; x_wconf 90' lang='lat' dir='ltr'><strong>cum</strong></span> <span class='ocrx_word' id='word_1_453' title='bbox 1468 5254 1538 5306; x_wconf 87' lang='lat' dir='ltr'><strong>sit</strong></span> <span class='ocrx_word' id='word_1_454' title='bbox 1564 5269 1768 5319; x_wconf 83' lang='lat' dir='ltr'><strong>servus,</strong></span> <span class='ocrx_word' id='word_1_455' title='bbox 1797 5256 1866 5309; x_wconf 90' lang='lat' dir='ltr'><strong>sit</strong></span> 
     </span>
    </p>
   </div>
   <div class='ocr_carea' id='block_1_55' title="bbox 273 5334 1866 5410">
    <p class='ocr_par' dir='ltr' id='par_1_55' title="bbox 273 5334 1866 5410">
     <span class='ocr_line' id='line_1_55' title="bbox 273 5334 1866 5410; baseline 0.007 -21"><span class='ocrx_word' id='word_1_456' title='bbox 273 5334 614 5389; x_wconf 82' lang='lat' dir='ltr'><strong>Christianus</strong></span> <span class='ocrx_word' id='word_1_457' title='bbox 635 5338 845 5404; x_wconf 88' lang='lat' dir='ltr'><strong>qualem</strong></span> <span class='ocrx_word' id='word_1_458' title='bbox 867 5345 986 5392; x_wconf 81' lang='lat' dir='ltr'><strong>eSse</strong></span> <span class='ocrx_word' id='word_1_459' title='bbox 1006 5350 1240 5409; x_wconf 86' lang='lat' dir='ltr'><strong>oportet,</strong></span> <span class='ocrx_word' id='word_1_460' title='bbox 1268 5356 1470 5410; x_wconf 73' lang='lat' dir='ltr'><strong>magnae</strong></span> <span class='ocrx_word' id='word_1_461' title='bbox 1490 5343 1866 5400; x_wconf 86' lang='lat' dir='ltr'><strong>imbecillitatis</strong></span> 
     </span>
    </p>
   </div>
   <div class='ocr_carea' id='block_1_56' title="bbox 276 5425 1868 5501">
    <p class='ocr_par' dir='ltr' id='par_1_56' title="bbox 276 5425 1868 5501">
     <span class='ocr_line' id='line_1_56' title="bbox 276 5425 1868 5501; baseline 0.009 -24"><span class='ocrx_word' id='word_1_462' title='bbox 276 5427 421 5497; x_wconf 80' lang='lat' dir='ltr'><strong>piam</strong></span> <span class='ocrx_word' id='word_1_463' title='bbox 458 5425 770 5495; x_wconf 76' lang='lat' dir='ltr'><strong>religionem</strong></span> <span class='ocrx_word' id='word_1_464' title='bbox 806 5429 1132 5483; x_wconf 79' lang='lat' dir='ltr'><strong>accnSabunl</strong></span> <span class='ocrx_word' id='word_1_465' title='bbox 1171 5429 1379 5497; x_wconf 65' lang='lat' dir='ltr'><strong>Gra‘ci;</strong></span> <span class='ocrx_word' id='word_1_466' title='bbox 1419 5434 1558 5501; x_wconf 88' lang='lat' dir='ltr'><strong>quod</strong></span> <span class='ocrx_word' id='word_1_467' title='bbox 1589 5436 1632 5489; x_wconf 91' lang='lat' dir='ltr'><strong>si</strong></span> <span class='ocrx_word' id='word_1_468' title='bbox 1663 5436 1868 5492; x_wconf 71' lang='lat' dir='ltr'><strong>discant</strong></span> 
     </span>
    </p>
   </div>
   <div class='ocr_carea' id='block_1_57' title="bbox 276 5519 1865 5590">
    <p class='ocr_par' dir='ltr' id='par_1_57' title="bbox 276 5519 1865 5590">
     <span class='ocr_line' id='line_1_57' title="bbox 276 5519 1865 5590; baseline 0.005 -17"><span class='ocrx_word' id='word_1_469' title='bbox 276 5520 423 5574; x_wconf 82' lang='lat' dir='ltr'><strong>illam</strong></span> <span class='ocrx_word' id='word_1_470' title='bbox 453 5519 581 5574; x_wconf 89' lang='lat' dir='ltr'><strong>nihil</strong></span> <span class='ocrx_word' id='word_1_471' title='bbox 613 5535 641 5572; x_wconf 92' lang='lat' dir='ltr'><strong>a</strong></span> <span class='ocrx_word' id='word_1_472' title='bbox 675 5522 929 5576; x_wconf 85' lang='lat' dir='ltr'><strong>servitute</strong></span> <span class='ocrx_word' id='word_1_473' title='bbox 960 5521 1101 5584; x_wconf 70' lang='lat' dir='ltr'><strong>laedi,</strong></span> <span class='ocrx_word' id='word_1_474' title='bbox 1132 5524 1563 5590; x_wconf 65' lang='lat' dir='ltr'><strong>prtedicationem</strong></span> <span class='ocrx_word' id='word_1_475' title='bbox 1593 5527 1865 5581; x_wconf 88' lang='lat' dir='ltr'><strong>mirabun-</strong></span> 
     </span>
    </p>
   </div>
   <div class='ocr_carea' id='block_1_58' title="bbox 278 5608 1865 5689">
    <p class='ocr_par' dir='ltr' id='par_1_58' title="bbox 278 5608 1865 5689">
     <span class='ocr_line' id='line_1_58' title="bbox 278 5608 1865 5689; baseline 0.008 -26"><span class='ocrx_word' id='word_1_476' title='bbox 278 5619 390 5663; x_wconf 91' lang='lat' dir='ltr'><strong>tur.</strong></span> <span class='ocrx_word' id='word_1_477' title='bbox 420 5608 554 5663; x_wconf 79' lang='lat' dir='ltr'><strong>Nam</strong></span> <span class='ocrx_word' id='word_1_478' title='bbox 585 5612 627 5664; x_wconf 88' lang='lat' dir='ltr'><strong>si</strong></span> <span class='ocrx_word' id='word_1_479' title='bbox 659 5626 829 5679; x_wconf 87' lang='lat' dir='ltr'><strong>neque</strong></span> <span class='ocrx_word' id='word_1_480' title='bbox 866 5627 1011 5667; x_wconf 86' lang='lat' dir='ltr'><strong>mors</strong></span> <span class='ocrx_word' id='word_1_481' title='bbox 1054 5614 1207 5668; x_wconf 85' lang='lat' dir='ltr'><strong>nobis</strong></span> <span class='ocrx_word' id='word_1_482' title='bbox 1250 5626 1407 5671; x_wconf 86' lang='lat' dir='ltr'><strong>nocet</strong></span> <span class='ocrx_word' id='word_1_483' title='bbox 1452 5633 1622 5688; x_wconf 89' lang='lat' dir='ltr'><strong>neque</strong></span> <span class='ocrx_word' id='word_1_484' title='bbox 1660 5620 1865 5689; x_wconf 85' lang='lat' dir='ltr'><strong>ﬂagella</strong></span> 
     </span>
    </p>
   </div>
   <div class='ocr_carea' id='block_1_59' title="bbox 278 5702 1863 5779">
    <p class='ocr_par' dir='ltr' id='par_1_59' title="bbox 278 5702 1863 5779">
     <span class='ocr_line' id='line_1_59' title="bbox 278 5702 1863 5779; baseline 0.008 -25"><span class='ocrx_word' id='word_1_485' title='bbox 278 5713 457 5767; x_wconf 83' lang='lat' dir='ltr'><strong>neque</strong></span> <span class='ocrx_word' id='word_1_486' title='bbox 493 5702 725 5770; x_wconf 80' lang='lat' dir='ltr'><strong>vincula,</strong></span> <span class='ocrx_word' id='word_1_487' title='bbox 763 5704 930 5759; x_wconf 89' lang='lat' dir='ltr'><strong>multo</strong></span> <span class='ocrx_word' id='word_1_488' title='bbox 960 5707 1136 5761; x_wconf 86' lang='lat' dir='ltr'><strong>minus</strong></span> <span class='ocrx_word' id='word_1_489' title='bbox 1172 5709 1424 5774; x_wconf 84' lang='lat' dir='ltr'><strong>servitus,</strong></span> <span class='ocrx_word' id='word_1_490' title='bbox 1458 5710 1610 5779; x_wconf 83' lang='lat' dir='ltr'><strong>ignis,</strong></span> <span class='ocrx_word' id='word_1_491' title='bbox 1646 5710 1863 5778; x_wconf 86' lang='lat' dir='ltr'><strong>ferrum,</strong></span> 
     </span>
    </p>
   </div>
   <div class='ocr_carea' id='block_1_60' title="bbox 283 5790 1865 5869">
    <p class='ocr_par' dir='ltr' id='par_1_60' title="bbox 283 5790 1865 5869">
     <span class='ocr_line' id='line_1_60' title="bbox 283 5790 1865 5869; baseline 0.008 -23"><span class='ocrx_word' id='word_1_492' title='bbox 283 5790 430 5846; x_wconf 88' lang='lat' dir='ltr'><strong>mille</strong></span> <span class='ocrx_word' id='word_1_493' title='bbox 457 5796 787 5863; x_wconf 79' lang='lat' dir='ltr'><strong>tyrannides,</strong></span> <span class='ocrx_word' id='word_1_494' title='bbox 817 5797 1007 5865; x_wconf 88' lang='lat' dir='ltr'><strong>morbi,</strong></span> <span class='ocrx_word' id='word_1_495' title='bbox 1036 5810 1337 5869; x_wconf 56' lang='lat' dir='ltr'><strong>paupertas.</strong></span> <span class='ocrx_word' id='word_1_496' title='bbox 1370 5802 1511 5865; x_wconf 63' lang='lat' dir='ltr'><strong>ferte,</strong></span> <span class='ocrx_word' id='word_1_497' title='bbox 1539 5812 1590 5857; x_wconf 90' lang='lat' dir='ltr'><strong>et</strong></span> <span class='ocrx_word' id='word_1_498' title='bbox 1615 5814 1865 5859; x_wconf 75' lang='lat' dir='ltr'><strong>sexcenta</strong></span> 
     </span>
    </p>
   </div>
   <div class='ocr_carea' id='block_1_61' title="bbox 1260 370 2449 436">
    <p class='ocr_par' dir='ltr' id='par_1_61' title="bbox 1260 370 2449 436">
     <span class='ocr_line' id='line_1_61' title="bbox 1260 370 2449 436; baseline -0.004 0"><span class='ocrx_word' id='word_1_499' title='bbox 1260 381 1324 436; x_wconf 77' lang='lat' dir='ltr'><strong>IN</strong></span> <span class='ocrx_word' id='word_1_500' title='bbox 1365 370 1583 435; x_wconf 80' lang='lat' dir='ltr'><strong>EPIST.</strong></span> <span class='ocrx_word' id='word_1_501' title='bbox 1626 374 1645 429; x_wconf 87' lang='grc'><strong>1</strong></span> <span class='ocrx_word' id='word_1_502' title='bbox 1708 373 1799 428; x_wconf 80' lang='lat' dir='ltr'><strong>AD</strong></span> <span class='ocrx_word' id='word_1_503' title='bbox 1838 372 1995 429; x_wconf 80' lang='lat' dir='ltr'><strong>COR.</strong></span> <span class='ocrx_word' id='word_1_504' title='bbox 2038 373 2262 431; x_wconf 76' lang='lat' dir='ltr'><strong>ilOMlL.</strong></span> <span class='ocrx_word' id='word_1_505' title='bbox 2308 376 2449 431; x_wconf 80' lang='lat' dir='ltr'><strong>th.</strong></span> 
     </span>
    </p>
   </div>
   <div class='ocr_carea' id='block_1_62' title="bbox 3404 389 3509 445">
    <p class='ocr_par' dir='ltr' id='par_1_62' title="bbox 3404 389 3509 445">
     <span class='ocr_line' id='line_1_62' title="bbox 3404 389 3509 445; baseline 0.019 -2"><span class='ocrx_word' id='word_1_506' title='bbox 3404 389 3509 445; x_wconf 76' lang='grc'><strong>158</strong></span> 
     </span>
    </p>
   </div>
   <div class='ocr_carea' id='block_1_63' title="bbox 1928 487 3511 569">
    <p class='ocr_par' dir='ltr' id='par_1_63' title="bbox 1928 487 3511 569">
     <span class='ocr_line' id='line_1_63' title="bbox 1928 487 3511 569; baseline 0.012 -30"><span class='ocrx_word' id='word_1_507' title='bbox 1928 487 2010 541; x_wconf 90' lang='lat' dir='ltr'><strong>his</strong></span> <span class='ocrx_word' id='word_1_508' title='bbox 2047 491 2285 556; x_wconf 75' lang='lat' dir='ltr'><strong>graviora</strong></span> <span class='ocrx_word' id='word_1_509' title='bbox 2328 490 2511 545; x_wconf 86' lang='lat' dir='ltr'><strong>tideles</strong></span> <span class='ocrx_word' id='word_1_510' title='bbox 2550 509 2653 546; x_wconf 80' lang='lat' dir='ltr'><strong>non</strong></span> <span class='ocrx_word' id='word_1_511' title='bbox 2698 493 2987 564; x_wconf 67' lang='lat' dir='ltr'><strong>laeserunt,</strong></span> <span class='ocrx_word' id='word_1_512' title='bbox 3030 498 3140 556; x_wconf 90' lang='lat' dir='ltr'><strong>imo</strong></span> <span class='ocrx_word' id='word_1_513' title='bbox 3184 506 3511 569; x_wconf 81' lang='lat' dir='ltr'><strong>potentiores</strong></span> 
     </span>
    </p>
   </div>
   <div class='ocr_carea' id='block_1_64' title="bbox 1930 580 3510 659">
    <p class='ocr_par' dir='ltr' id='par_1_64' title="bbox 1930 580 3510 659">
     <span class='ocr_line' id='line_1_64' title="bbox 1930 580 3510 659; baseline 0.011 -25"><span class='ocrx_word' id='word_1_514' title='bbox 1930 580 2188 636; x_wconf 90' lang='lat' dir='ltr'><strong>fecerunt.</strong></span> <span class='ocrx_word' id='word_1_515' title='bbox 2231 583 2295 636; x_wconf 85' lang='lat' dir='ltr'><strong>Et</strong></span> <span class='ocrx_word' id='word_1_516' title='bbox 2325 588 2591 651; x_wconf 87' lang='lat' dir='ltr'><strong>quomodo</strong></span> <span class='ocrx_word' id='word_1_517' title='bbox 2624 589 2851 641; x_wconf 81' lang='lat' dir='ltr'><strong>servitus</strong></span> <span class='ocrx_word' id='word_1_518' title='bbox 2890 605 3083 645; x_wconf 89' lang='lat' dir='ltr'><strong>nocere</strong></span> <span class='ocrx_word' id='word_1_519' title='bbox 3122 595 3356 659; x_wconf 74' lang='lat' dir='ltr'><strong>poterit?</strong></span> <span class='ocrx_word' id='word_1_520' title='bbox 3396 596 3510 651; x_wconf 83' lang='lat' dir='ltr'><strong>Non</strong></span> 
     </span>
    </p>
   </div>
   <div class='ocr_carea' id='block_1_65' title="bbox 1932 675 3503 757">
    <p class='ocr_par' dir='ltr' id='par_1_65' title="bbox 1932 675 3503 757">
     <span class='ocr_line' id='line_1_65' title="bbox 1932 675 3503 757; baseline 0.008 -29"><span class='ocrx_word' id='word_1_521' title='bbox 1932 675 2041 743; x_wconf 89' lang='lat' dir='ltr'><strong>ipsa</strong></span> <span class='ocrx_word' id='word_1_522' title='bbox 2100 681 2329 730; x_wconf 87' lang='lat' dir='ltr'><strong>servitus</strong></span> <span class='ocrx_word' id='word_1_523' title='bbox 2385 688 2562 743; x_wconf 84' lang='lat' dir='ltr'><strong>nocet,</strong></span> <span class='ocrx_word' id='word_1_524' title='bbox 2591 678 2803 745; x_wconf 88' lang='lat' dir='ltr'><strong>dilecte,</strong></span> <span class='ocrx_word' id='word_1_525' title='bbox 2848 682 2941 737; x_wconf 84' lang='lat' dir='ltr'><strong>sed</strong></span> <span class='ocrx_word' id='word_1_526' title='bbox 2997 687 3195 751; x_wconf 59' lang='lat' dir='ltr'><strong>peccati</strong></span> <span class='ocrx_word' id='word_1_527' title='bbox 3249 690 3503 757; x_wconf 68' lang='lat' dir='ltr'><strong>servitus,</strong></span> 
     </span>
    </p>
   </div>
   <div class='ocr_carea' id='block_1_66' title="bbox 1929 769 3510 847">
    <p class='ocr_par' dir='ltr' id='par_1_66' title="bbox 1929 769 3510 847">
     <span class='ocr_line' id='line_1_66' title="bbox 1929 769 3510 847; baseline 0.009 -26"><span class='ocrx_word' id='word_1_528' title='bbox 1929 784 2048 837; x_wconf 69' lang='lat' dir='ltr'><strong>qua:</strong></span> <span class='ocrx_word' id='word_1_529' title='bbox 2076 783 2199 823; x_wconf 88' lang='lat' dir='ltr'><strong>vere</strong></span> <span class='ocrx_word' id='word_1_530' title='bbox 2226 769 2344 823; x_wconf 88' lang='lat' dir='ltr'><strong>talis</strong></span> <span class='ocrx_word' id='word_1_531' title='bbox 2372 780 2473 823; x_wconf 86' lang='lat' dir='ltr'><strong>est.</strong></span> <span class='ocrx_word' id='word_1_532' title='bbox 2522 772 2578 827; x_wconf 92' lang='lat' dir='ltr'><strong>Si</strong></span> <span class='ocrx_word' id='word_1_533' title='bbox 2620 772 2755 827; x_wconf 88' lang='lat' dir='ltr'><strong>hanc</strong></span> <span class='ocrx_word' id='word_1_534' title='bbox 2800 790 2904 828; x_wconf 92' lang='lat' dir='ltr'><strong>non</strong></span> <span class='ocrx_word' id='word_1_535' title='bbox 2946 776 3139 831; x_wconf 87' lang='lat' dir='ltr'><strong>subeas</strong></span> <span class='ocrx_word' id='word_1_536' title='bbox 3176 781 3510 847; x_wconf 86' lang='lat' dir='ltr'><strong>servitutem,</strong></span> 
     </span>
    </p>
   </div>
   <div class='ocr_carea' id='block_1_67' title="bbox 1931 858 3515 940">
    <p class='ocr_par' dir='ltr' id='par_1_67' title="bbox 1931 858 3515 940">
     <span class='ocr_line' id='line_1_67' title="bbox 1931 858 3515 940; baseline 0.01 -28"><span class='ocrx_word' id='word_1_537' title='bbox 1931 858 2140 913; x_wconf 84' lang='lat' dir='ltr'><strong>eonfide</strong></span> <span class='ocrx_word' id='word_1_538' title='bbox 2175 869 2227 913; x_wconf 88' lang='lat' dir='ltr'><strong>et</strong></span> <span class='ocrx_word' id='word_1_539' title='bbox 2270 860 2488 925; x_wconf 67' lang='lat' dir='ltr'><strong>laetare;</strong></span> <span class='ocrx_word' id='word_1_540' title='bbox 2532 862 2708 917; x_wconf 81' lang='lat' dir='ltr'><strong>nullas</strong></span> <span class='ocrx_word' id='word_1_541' title='bbox 2740 864 2829 930; x_wconf 85' lang='lat' dir='ltr'><strong>tibi</strong></span> <span class='ocrx_word' id='word_1_542' title='bbox 2862 880 3054 919; x_wconf 73' lang='lat' dir='ltr'><strong>nocere</strong></span> <span class='ocrx_word' id='word_1_543' title='bbox 3085 869 3312 937; x_wconf 81' lang='lat' dir='ltr'><strong>poterit.</strong></span> <span class='ocrx_word' id='word_1_544' title='bbox 3344 880 3398 923; x_wconf 88' lang='lat' dir='ltr'><strong>ut</strong></span> <span class='ocrx_word' id='word_1_545' title='bbox 3424 873 3515 940; x_wconf 85' lang='lat' dir='ltr'><strong>qui</strong></span> 
     </span>
    </p>
   </div>
   <div class='ocr_carea' id='block_1_68' title="bbox 1935 950 3516 1029">
    <p class='ocr_par' dir='ltr' id='par_1_68' title="bbox 1935 950 3516 1029">
     <span class='ocr_line' id='line_1_68' title="bbox 1935 950 3516 1029; baseline 0.009 -27"><span class='ocrx_word' id='word_1_546' title='bbox 1935 966 2109 1003; x_wconf 88' lang='lat' dir='ltr'><strong>mores</strong></span> <span class='ocrx_word' id='word_1_547' title='bbox 2137 950 2331 1003; x_wconf 76' lang='lat' dir='ltr'><strong>habeas</strong></span> <span class='ocrx_word' id='word_1_548' title='bbox 2356 952 2423 1005; x_wconf 87' lang='lat' dir='ltr'><strong>ab</strong></span> <span class='ocrx_word' id='word_1_549' title='bbox 2444 954 2587 1006; x_wconf 87' lang='lat' dir='ltr'><strong>omni</strong></span> <span class='ocrx_word' id='word_1_550' title='bbox 2618 955 2880 1009; x_wconf 88' lang='lat' dir='ltr'><strong>servitute</strong></span> <span class='ocrx_word' id='word_1_551' title='bbox 2908 956 3105 1012; x_wconf 64' lang='lat' dir='ltr'><strong>varos</strong></span> <span class='ocrx_word' id='word_1_552' title='bbox 3132 977 3142 1009; x_wconf 93' lang='lat'><em>:</em></span> <span class='ocrx_word' id='word_1_553' title='bbox 3169 961 3211 1012; x_wconf 91' lang='lat' dir='ltr'><strong>si</strong></span> <span class='ocrx_word' id='word_1_554' title='bbox 3240 975 3367 1016; x_wconf 87' lang='lat' dir='ltr'><strong>vero</strong></span> <span class='ocrx_word' id='word_1_555' title='bbox 3393 977 3516 1029; x_wconf 85' lang='lat' dir='ltr'><strong>pec-</strong></span> 
     </span>
    </p>
   </div>
   <div class='ocr_carea' id='block_1_69' title="bbox 1934 1042 3514 1114">
    <p class='ocr_par' dir='ltr' id='par_1_69' title="bbox 1934 1042 3514 1114">
     <span class='ocr_line' id='line_1_69' title="bbox 1934 1042 3514 1114; baseline 0.007 -21"><span class='ocrx_word' id='word_1_556' title='bbox 1934 1042 2032 1093; x_wconf 88' lang='lat' dir='ltr'><strong>cati</strong></span> <span class='ocrx_word' id='word_1_557' title='bbox 2061 1054 2245 1093; x_wconf 80' lang='lat' dir='ltr'><strong>servus</strong></span> <span class='ocrx_word' id='word_1_558' title='bbox 2272 1042 2345 1094; x_wconf 85' lang='lat' dir='ltr'><strong>sis</strong></span> <span class='ocrx_word' id='word_1_559' title='bbox 2364 1083 2379 1105; x_wconf 91' lang='lat'><strong>,</strong></span> <span class='ocrx_word' id='word_1_560' title='bbox 2412 1043 2569 1095; x_wconf 86' lang='lat' dir='ltr'><strong>etiam</strong></span> <span class='ocrx_word' id='word_1_561' title='bbox 2600 1044 2641 1096; x_wconf 91' lang='lat' dir='ltr'><strong>si</strong></span> <span class='ocrx_word' id='word_1_562' title='bbox 2670 1044 2859 1097; x_wconf 84' lang='lat' dir='ltr'><strong>millies</strong></span> <span class='ocrx_word' id='word_1_563' title='bbox 2889 1046 3025 1099; x_wconf 81' lang='lat' dir='ltr'><strong>liber</strong></span> <span class='ocrx_word' id='word_1_564' title='bbox 3054 1049 3234 1114; x_wconf 83' lang='lat' dir='ltr'><strong>fueris,</strong></span> <span class='ocrx_word' id='word_1_565' title='bbox 3265 1051 3391 1104; x_wconf 84' lang='lat' dir='ltr'><strong>nihil</strong></span> <span class='ocrx_word' id='word_1_566' title='bbox 3422 1052 3514 1104; x_wconf 89' lang='lat' dir='ltr'><strong>tibi</strong></span> 
     </span>
    </p>
   </div>
   <div class='ocr_carea' id='block_1_70' title="bbox 1936 1131 3516 1208">
    <p class='ocr_par' dir='ltr' id='par_1_70' title="bbox 1936 1131 3516 1208">
     <span class='ocr_line' id='line_1_70' title="bbox 1936 1131 3516 1208; baseline 0.009 -25"><span class='ocrx_word' id='word_1_567' title='bbox 1936 1131 2151 1185; x_wconf 85' lang='lat' dir='ltr'><strong>libertas</strong></span> <span class='ocrx_word' id='word_1_568' title='bbox 2198 1131 2283 1183; x_wconf 89' lang='lat' dir='ltr'><strong>illa</strong></span> <span class='ocrx_word' id='word_1_569' title='bbox 2331 1133 2564 1200; x_wconf 80' lang='lat' dir='ltr'><strong>prodest.</strong></span> <span class='ocrx_word' id='word_1_570' title='bbox 2610 1134 2738 1201; x_wconf 75' lang='lat' dir='ltr'><strong>Qua:</strong></span> <span class='ocrx_word' id='word_1_571' title='bbox 2783 1138 2923 1189; x_wconf 84' lang='lat' dir='ltr'><strong>enim</strong></span> <span class='ocrx_word' id='word_1_572' title='bbox 2958 1139 3187 1203; x_wconf 78' lang='lat' dir='ltr'><strong>utilitas,</strong></span> <span class='ocrx_word' id='word_1_573' title='bbox 3223 1157 3441 1208; x_wconf 57' lang='lat' dir='ltr'><strong>qua-so,</strong></span> <span class='ocrx_word' id='word_1_574' title='bbox 3474 1144 3516 1197; x_wconf 87' lang='lat' dir='ltr'><strong>si</strong></span> 
     </span>
    </p>
   </div>
   <div class='ocr_carea' id='block_1_71' title="bbox 1936 1222 3520 1288">
    <p class='ocr_par' dir='ltr' id='par_1_71' title="bbox 1936 1222 3520 1288">
     <span class='ocr_line' id='line_1_71' title="bbox 1936 1222 3520 1288; baseline 0.009 -16"><span class='ocrx_word' id='word_1_575' title='bbox 1936 1222 2135 1273; x_wconf 87' lang='lat' dir='ltr'><strong>homini</strong></span> <span class='ocrx_word' id='word_1_576' title='bbox 2166 1222 2375 1288; x_wconf 88' lang='lat' dir='ltr'><strong>quidem</strong></span> <span class='ocrx_word' id='word_1_577' title='bbox 2410 1239 2513 1276; x_wconf 90' lang='lat' dir='ltr'><strong>non</strong></span> <span class='ocrx_word' id='word_1_578' title='bbox 2540 1226 2760 1285; x_wconf 84' lang='lat' dir='ltr'><strong>servias,</strong></span> <span class='ocrx_word' id='word_1_579' title='bbox 2787 1227 2878 1280; x_wconf 82' lang='lat' dir='ltr'><strong>sed</strong></span> <span class='ocrx_word' id='word_1_580' title='bbox 2909 1229 3068 1280; x_wconf 86' lang='lat' dir='ltr'><strong>animi</strong></span> <span class='ocrx_word' id='word_1_581' title='bbox 3103 1230 3301 1284; x_wconf 86' lang='lat' dir='ltr'><strong>morbis</strong></span> <span class='ocrx_word' id='word_1_582' title='bbox 3325 1242 3373 1285; x_wconf 89' lang='lat' dir='ltr'><strong>te</strong></span> <span class='ocrx_word' id='word_1_583' title='bbox 3401 1234 3520 1286; x_wconf 85' lang='lat' dir='ltr'><strong>sub-</strong></span> 
     </span>
    </p>
   </div>
   <div class='ocr_carea' id='block_1_72' title="bbox 1934 1312 3519 1397">
    <p class='ocr_par' dir='ltr' id='par_1_72' title="bbox 1934 1312 3519 1397">
     <span class='ocr_line' id='line_1_72' title="bbox 1934 1312 3519 1397; baseline 0.008 -34"><span class='ocrx_word' id='word_1_584' title='bbox 1934 1312 2125 1379; x_wconf 81' lang='lat' dir='ltr'><strong>jicias?</strong></span> <span class='ocrx_word' id='word_1_585' title='bbox 2148 1312 2399 1367; x_wconf 83' lang='lat' dir='ltr'><strong>llmnines</strong></span> <span class='ocrx_word' id='word_1_586' title='bbox 2427 1314 2620 1382; x_wconf 80' lang='lat' dir='ltr'><strong>quippe</strong></span> <span class='ocrx_word' id='word_1_587' title='bbox 2645 1331 2787 1383; x_wconf 63' lang='lat' dir='ltr'><strong>saepe</strong></span> <span class='ocrx_word' id='word_1_588' title='bbox 2818 1333 3034 1386; x_wconf 88' lang='lat' dir='ltr'><strong>parcere</strong></span> <span class='ocrx_word' id='word_1_589' title='bbox 3062 1321 3256 1384; x_wconf 84' lang='lat' dir='ltr'><strong>Sciunt,</strong></span> <span class='ocrx_word' id='word_1_590' title='bbox 3289 1322 3519 1397; x_wconf 44' lang='lat' dir='ltr'><strong>illi‘vero</strong></span> 
     </span>
    </p>
   </div>
   <div class='ocr_carea' id='block_1_73' title="bbox 1936 1403 3518 1473">
    <p class='ocr_par' dir='ltr' id='par_1_73' title="bbox 1936 1403 3518 1473">
     <span class='ocr_line' id='line_1_73' title="bbox 1936 1403 3518 1473; baseline 0.007 -18"><span class='ocrx_word' id='word_1_591' title='bbox 1936 1403 2133 1455; x_wconf 91' lang='lat' dir='ltr'><strong>domini</strong></span> <span class='ocrx_word' id='word_1_592' title='bbox 2164 1420 2450 1473; x_wconf 85' lang='lat' dir='ltr'><strong>numquam</strong></span> <span class='ocrx_word' id='word_1_593' title='bbox 2479 1416 2560 1457; x_wconf 89' lang='lat' dir='ltr'><strong>tua</strong></span> <span class='ocrx_word' id='word_1_594' title='bbox 2592 1409 2825 1473; x_wconf 88' lang='lat' dir='ltr'><strong>pernicie</strong></span> <span class='ocrx_word' id='word_1_595' title='bbox 2852 1410 3131 1463; x_wconf 84' lang='lat' dir='ltr'><strong>satiantur.</strong></span> <span class='ocrx_word' id='word_1_596' title='bbox 3161 1412 3367 1466; x_wconf 87' lang='lat' dir='ltr'><strong>Homini</strong></span> <span class='ocrx_word' id='word_1_597' title='bbox 3401 1428 3518 1466; x_wconf 84' lang='lat' dir='ltr'><strong>ser-</strong></span> 
     </span>
    </p>
   </div>
   <div class='ocr_carea' id='block_1_74' title="bbox 1939 1494 3519 1569">
    <p class='ocr_par' dir='ltr' id='par_1_74' title="bbox 1939 1494 3519 1569">
     <span class='ocr_line' id='line_1_74' title="bbox 1939 1494 3519 1569; baseline 0.008 -24"><span class='ocrx_word' id='word_1_598' title='bbox 1939 1494 2058 1546; x_wconf 85' lang='lat' dir='ltr'><strong>vis?</strong></span> <span class='ocrx_word' id='word_1_599' title='bbox 2087 1495 2191 1549; x_wconf 88' lang='lat' dir='ltr'><strong>Sed</strong></span> <span class='ocrx_word' id='word_1_600' title='bbox 2227 1497 2385 1549; x_wconf 72' lang='lat' dir='ltr'><strong>ht:rus</strong></span> <span class='ocrx_word' id='word_1_601' title='bbox 2411 1512 2622 1565; x_wconf 85' lang='lat' dir='ltr'><strong>quoque</strong></span> <span class='ocrx_word' id='word_1_602' title='bbox 2646 1498 2737 1550; x_wconf 86' lang='lat' dir='ltr'><strong>tibi</strong></span> <span class='ocrx_word' id='word_1_603' title='bbox 2766 1501 2948 1564; x_wconf 71' lang='lat' dir='ltr'><strong>servit,</strong></span> <span class='ocrx_word' id='word_1_604' title='bbox 2974 1502 3061 1569; x_wconf 86' lang='lat' dir='ltr'><strong>qui</strong></span> <span class='ocrx_word' id='word_1_605' title='bbox 3088 1502 3396 1557; x_wconf 88' lang='lat' dir='ltr'><strong>alimentum</strong></span> <span class='ocrx_word' id='word_1_606' title='bbox 3427 1504 3519 1560; x_wconf 84' lang='lat' dir='ltr'><strong>tibi</strong></span> 
     </span>
    </p>
   </div>
   <div class='ocr_carea' id='block_1_75' title="bbox 1939 1588 3522 1658">
    <p class='ocr_par' dir='ltr' id='par_1_75' title="bbox 1939 1588 3522 1658">
     <span class='ocr_line' id='line_1_75' title="bbox 1939 1588 3522 1658; baseline 0.008 -20"><span class='ocrx_word' id='word_1_607' title='bbox 1939 1588 2225 1650; x_wconf 87' lang='lat' dir='ltr'><strong>ministrat,</strong></span> <span class='ocrx_word' id='word_1_608' title='bbox 2261 1588 2614 1642; x_wconf 86' lang='lat' dir='ltr'><strong>valetudinem</strong></span> <span class='ocrx_word' id='word_1_609' title='bbox 2648 1598 2788 1643; x_wconf 85' lang='lat' dir='ltr'><strong>tuam</strong></span> <span class='ocrx_word' id='word_1_610' title='bbox 2816 1599 2989 1652; x_wconf 87' lang='lat' dir='ltr'><strong>curat,</strong></span> <span class='ocrx_word' id='word_1_611' title='bbox 3014 1602 3209 1658; x_wconf 86' lang='lat' dir='ltr'><strong>vestes,</strong></span> <span class='ocrx_word' id='word_1_612' title='bbox 3237 1594 3445 1649; x_wconf 86' lang='lat' dir='ltr'><strong>calceos</strong></span> <span class='ocrx_word' id='word_1_613' title='bbox 3467 1606 3522 1650; x_wconf 87' lang='lat' dir='ltr'><strong>et</strong></span> 
     </span>
    </p>
   </div>
   <div class='ocr_carea' id='block_1_76' title="bbox 1938 1679 3516 1750">
    <p class='ocr_par' dir='ltr' id='par_1_76' title="bbox 1938 1679 3516 1750">
     <span class='ocr_line' id='line_1_76' title="bbox 1938 1679 3516 1750; baseline 0.007 -21"><span class='ocrx_word' id='word_1_614' title='bbox 1938 1679 2037 1730; x_wconf 85' lang='lat' dir='ltr'><strong>alia</strong></span> <span class='ocrx_word' id='word_1_615' title='bbox 2066 1680 2243 1732; x_wconf 88' lang='lat' dir='ltr'><strong>omnia</strong></span> <span class='ocrx_word' id='word_1_616' title='bbox 2286 1680 2607 1748; x_wconf 87' lang='lat' dir='ltr'><strong>suppeditat.</strong></span> <span class='ocrx_word' id='word_1_617' title='bbox 2636 1680 2819 1749; x_wconf 84' lang='lat' dir='ltr'><strong>Neque</strong></span> <span class='ocrx_word' id='word_1_618' title='bbox 2851 1684 2922 1736; x_wconf 90' lang='lat' dir='ltr'><strong>ita</strong></span> <span class='ocrx_word' id='word_1_619' title='bbox 2949 1694 3003 1735; x_wconf 89' lang='lat' dir='ltr'><strong>tu</strong></span> <span class='ocrx_word' id='word_1_620' title='bbox 3037 1684 3210 1750; x_wconf 89' lang='lat' dir='ltr'><strong>times,</strong></span> <span class='ocrx_word' id='word_1_621' title='bbox 3244 1696 3295 1739; x_wconf 91' lang='lat' dir='ltr'><strong>ut</strong></span> <span class='ocrx_word' id='word_1_622' title='bbox 3325 1702 3391 1742; x_wconf 87' lang='lat' dir='ltr'><strong>ne</strong></span> <span class='ocrx_word' id='word_1_623' title='bbox 3417 1687 3516 1740; x_wconf 87' lang='lat' dir='ltr'><strong>du-</strong></span> 
     </span>
    </p>
   </div>
   <div class='ocr_carea' id='block_1_77' title="bbox 1938 1770 3518 1845">
    <p class='ocr_par' dir='ltr' id='par_1_77' title="bbox 1938 1770 3518 1845">
     <span class='ocr_line' id='line_1_77' title="bbox 1938 1770 3518 1845; baseline 0.009 -24"><span class='ocrx_word' id='word_1_624' title='bbox 1938 1770 2139 1822; x_wconf 89' lang='lat' dir='ltr'><strong>minum</strong></span> <span class='ocrx_word' id='word_1_625' title='bbox 2168 1770 2425 1836; x_wconf 86' lang='lat' dir='ltr'><strong>offendas,</strong></span> <span class='ocrx_word' id='word_1_626' title='bbox 2455 1782 2511 1825; x_wconf 91' lang='lat' dir='ltr'><strong>ut</strong></span> <span class='ocrx_word' id='word_1_627' title='bbox 2541 1773 2628 1826; x_wconf 91' lang='lat' dir='ltr'><strong>illc</strong></span> <span class='ocrx_word' id='word_1_628' title='bbox 2654 1784 2827 1837; x_wconf 73' lang='lat' dir='ltr'><strong>emat,</strong></span> <span class='ocrx_word' id='word_1_629' title='bbox 2860 1792 2925 1829; x_wconf 87' lang='lat' dir='ltr'><strong>ne</strong></span> <span class='ocrx_word' id='word_1_630' title='bbox 2950 1776 3073 1845; x_wconf 89' lang='lat' dir='ltr'><strong>quid</strong></span> <span class='ocrx_word' id='word_1_631' title='bbox 3107 1778 3197 1830; x_wconf 86' lang='lat' dir='ltr'><strong>tibi</strong></span> <span class='ocrx_word' id='word_1_632' title='bbox 3230 1794 3293 1832; x_wconf 78' lang='lat' dir='ltr'><strong>ex</strong></span> <span class='ocrx_word' id='word_1_633' title='bbox 3327 1794 3518 1835; x_wconf 85' lang='lat' dir='ltr'><strong>neces-</strong></span> 
     </span>
    </p>
   </div>
   <div class='ocr_carea' id='block_1_78' title="bbox 1938 1861 3519 1941">
    <p class='ocr_par' dir='ltr' id='par_1_78' title="bbox 1938 1861 3519 1941">
     <span class='ocr_line' id='line_1_78' title="bbox 1938 1861 3519 1941; baseline 0.009 -27"><span class='ocrx_word' id='word_1_634' title='bbox 1938 1861 2096 1915; x_wconf 88' lang='lat' dir='ltr'><strong>sariis</strong></span> <span class='ocrx_word' id='word_1_635' title='bbox 2138 1863 2294 1915; x_wconf 86' lang='lat' dir='ltr'><strong>desit.</strong></span> <span class='ocrx_word' id='word_1_636' title='bbox 2340 1864 2406 1915; x_wconf 78' lang='lat' dir='ltr'><strong>At</strong></span> <span class='ocrx_word' id='word_1_637' title='bbox 2447 1863 2537 1916; x_wconf 89' lang='lat' dir='ltr'><strong>ille</strong></span> <span class='ocrx_word' id='word_1_638' title='bbox 2571 1865 2865 1929; x_wconf 88' lang='lat' dir='ltr'><strong>accumbit,</strong></span> <span class='ocrx_word' id='word_1_639' title='bbox 2899 1878 2951 1919; x_wconf 87' lang='lat' dir='ltr'><strong>tu</strong></span> <span class='ocrx_word' id='word_1_640' title='bbox 2985 1883 3111 1922; x_wconf 86' lang='lat' dir='ltr'><strong>vero</strong></span> <span class='ocrx_word' id='word_1_641' title='bbox 3138 1878 3267 1924; x_wconf 85' lang='lat' dir='ltr'><strong>stas.</strong></span> <span class='ocrx_word' id='word_1_642' title='bbox 3303 1871 3363 1925; x_wconf 86' lang='lat' dir='ltr'><strong>Et</strong></span> <span class='ocrx_word' id='word_1_643' title='bbox 3392 1872 3519 1941; x_wconf 83' lang='lat' dir='ltr'><strong>quiti</strong></span> 
     </span>
    </p>
   </div>
   <div class='ocr_carea' id='block_1_79' title="bbox 1942 1951 3519 2029">
    <p class='ocr_par' dir='ltr' id='par_1_79' title="bbox 1942 1951 3519 2029">
     <span class='ocr_line' id='line_1_79' title="bbox 1942 1951 3519 2029; baseline 0.008 -25"><span class='ocrx_word' id='word_1_644' title='bbox 1942 1951 2082 2005; x_wconf 85' lang='lat' dir='ltr'><strong>hoc?</strong></span> <span class='ocrx_word' id='word_1_645' title='bbox 2113 1968 2283 2022; x_wconf 87' lang='lat' dir='ltr'><strong>neque</strong></span> <span class='ocrx_word' id='word_1_646' title='bbox 2310 1954 2450 2007; x_wconf 85' lang='lat' dir='ltr'><strong>enim</strong></span> <span class='ocrx_word' id='word_1_647' title='bbox 2492 1955 2542 2008; x_wconf 90' lang='lat' dir='ltr'><strong>id</strong></span> <span class='ocrx_word' id='word_1_648' title='bbox 2576 1957 2712 2024; x_wconf 89' lang='lat' dir='ltr'><strong>apud</strong></span> <span class='ocrx_word' id='word_1_649' title='bbox 2755 1958 2901 2010; x_wconf 89' lang='lat' dir='ltr'><strong>illum</strong></span> <span class='ocrx_word' id='word_1_650' title='bbox 2946 1969 3147 2013; x_wconf 87' lang='lat' dir='ltr'><strong>tantum</strong></span> <span class='ocrx_word' id='word_1_651' title='bbox 3185 1962 3519 2029; x_wconf 86' lang='lat' dir='ltr'><strong>observatur,</strong></span> 
     </span>
    </p>
   </div>
   <div class='ocr_carea' id='block_1_80' title="bbox 1940 2043 3524 2117">
    <p class='ocr_par' dir='ltr' id='par_1_80' title="bbox 1940 2043 3524 2117">
     <span class='ocr_line' id='line_1_80' title="bbox 1940 2043 3524 2117; baseline 0.007 -20"><span class='ocrx_word' id='word_1_652' title='bbox 1940 2043 2034 2097; x_wconf 89' lang='lat' dir='ltr'><strong>sed</strong></span> <span class='ocrx_word' id='word_1_653' title='bbox 2076 2047 2233 2098; x_wconf 88' lang='lat' dir='ltr'><strong>etiam</strong></span> <span class='ocrx_word' id='word_1_654' title='bbox 2266 2046 2404 2114; x_wconf 88' lang='lat' dir='ltr'><strong>apud</strong></span> <span class='ocrx_word' id='word_1_655' title='bbox 2446 2057 2518 2101; x_wconf 89' lang='lat' dir='ltr'><strong>te.</strong></span> <span class='ocrx_word' id='word_1_656' title='bbox 2562 2047 2715 2116; x_wconf 61' lang='lat' dir='ltr'><strong>Saepe</strong></span> <span class='ocrx_word' id='word_1_657' title='bbox 2748 2064 2974 2117; x_wconf 86' lang='lat' dir='ltr'><strong>namque</strong></span> <span class='ocrx_word' id='word_1_658' title='bbox 3012 2061 3062 2105; x_wconf 90' lang='lat' dir='ltr'><strong>te</strong></span> <span class='ocrx_word' id='word_1_659' title='bbox 3096 2053 3442 2107; x_wconf 84' lang='lat' dir='ltr'><strong>recumbente</strong></span> <span class='ocrx_word' id='word_1_660' title='bbox 3471 2063 3524 2108; x_wconf 88' lang='lat' dir='ltr'><strong>et</strong></span> 
     </span>
    </p>
   </div>
   <div class='ocr_carea' id='block_1_81' title="bbox 1941 2138 3522 2207">
    <p class='ocr_par' dir='ltr' id='par_1_81' title="bbox 1941 2138 3522 2207">
     <span class='ocr_line' id='line_1_81' title="bbox 1941 2138 3522 2207; baseline 0.005 -18"><span class='ocrx_word' id='word_1_661' title='bbox 1941 2138 2178 2191; x_wconf 80' lang='lat' dir='ltr'><strong>suaviter</strong></span> <span class='ocrx_word' id='word_1_662' title='bbox 2221 2138 2519 2191; x_wconf 85' lang='lat' dir='ltr'><strong>dormiente</strong></span> <span class='ocrx_word' id='word_1_663' title='bbox 2542 2180 2556 2203; x_wconf 94' lang='lat'><strong>,</strong></span> <span class='ocrx_word' id='word_1_664' title='bbox 2602 2138 2688 2193; x_wconf 91' lang='lat' dir='ltr'><strong>ille</strong></span> <span class='ocrx_word' id='word_1_665' title='bbox 2723 2154 2829 2194; x_wconf 91' lang='lat' dir='ltr'><strong>non</strong></span> <span class='ocrx_word' id='word_1_666' title='bbox 2871 2141 3029 2195; x_wconf 88' lang='lat' dir='ltr'><strong>modo</strong></span> <span class='ocrx_word' id='word_1_667' title='bbox 3058 2150 3196 2207; x_wconf 86' lang='lat' dir='ltr'><strong>stat,</strong></span> <span class='ocrx_word' id='word_1_668' title='bbox 3234 2141 3326 2198; x_wconf 89' lang='lat' dir='ltr'><strong>sed</strong></span> <span class='ocrx_word' id='word_1_669' title='bbox 3362 2145 3522 2198; x_wconf 85' lang='lat' dir='ltr'><strong>etiam</strong></span> 
     </span>
    </p>
   </div>
   <div class='ocr_carea' id='block_1_82' title="bbox 1943 2228 3525 2305">
    <p class='ocr_par' dir='ltr' id='par_1_82' title="bbox 1943 2228 3525 2305">
     <span class='ocr_line' id='line_1_82' title="bbox 1943 2228 3525 2305; baseline 0.008 -25"><span class='ocrx_word' id='word_1_670' title='bbox 1943 2228 2086 2281; x_wconf 88' lang='lat' dir='ltr'><strong>mille</strong></span> <span class='ocrx_word' id='word_1_671' title='bbox 2126 2230 2299 2299; x_wconf 74' lang='lat' dir='ltr'><strong>pcenis</strong></span> <span class='ocrx_word' id='word_1_672' title='bbox 2338 2229 2565 2283; x_wconf 84' lang='lat' dir='ltr'><strong>afficitur</strong></span> <span class='ocrx_word' id='word_1_673' title='bbox 2605 2229 2656 2284; x_wconf 87' lang='lat' dir='ltr'><strong>in</strong></span> <span class='ocrx_word' id='word_1_674' title='bbox 2698 2232 2847 2295; x_wconf 89' lang='lat' dir='ltr'><strong>foro,</strong></span> <span class='ocrx_word' id='word_1_675' title='bbox 2886 2242 2939 2286; x_wconf 92' lang='lat' dir='ltr'><strong>et</strong></span> <span class='ocrx_word' id='word_1_676' title='bbox 2977 2233 3252 2289; x_wconf 88' lang='lat' dir='ltr'><strong>molestius</strong></span> <span class='ocrx_word' id='word_1_677' title='bbox 3279 2251 3437 2305; x_wconf 85' lang='lat' dir='ltr'><strong>quam</strong></span> <span class='ocrx_word' id='word_1_678' title='bbox 3470 2246 3525 2292; x_wconf 89' lang='lat' dir='ltr'><strong>tu</strong></span> 
     </span>
    </p>
   </div>
   <div class='ocr_carea' id='block_1_83' title="bbox 1942 2320 3526 2399">
    <p class='ocr_par' dir='ltr' id='par_1_83' title="bbox 1942 2320 3526 2399">
     <span class='ocr_line' id='line_1_83' title="bbox 1942 2320 3526 2399; baseline 0.008 -26"><span class='ocrx_word' id='word_1_679' title='bbox 1942 2320 2146 2391; x_wconf 71' lang='lat' dir='ltr'><strong>vigilat.</strong></span> <span class='ocrx_word' id='word_1_680' title='bbox 2180 2322 2315 2389; x_wconf 83' lang='lat' dir='ltr'><strong>Quid</strong></span> <span class='ocrx_word' id='word_1_681' title='bbox 2354 2339 2481 2393; x_wconf 87' lang='lat' dir='ltr'><strong>ergo</strong></span> <span class='ocrx_word' id='word_1_682' title='bbox 2506 2366 2519 2387; x_wconf 89' lang='lat'><strong>,</strong></span> <span class='ocrx_word' id='word_1_683' title='bbox 2553 2333 2640 2377; x_wconf 87' lang='lat' dir='ltr'><strong>tan</strong></span> <span class='ocrx_word' id='word_1_684' title='bbox 2668 2339 2827 2380; x_wconf 89' lang='lat' dir='ltr'><strong>umne</strong></span> <span class='ocrx_word' id='word_1_685' title='bbox 2872 2341 3059 2396; x_wconf 84' lang='lat' dir='ltr'><strong>passus</strong></span> <span class='ocrx_word' id='word_1_686' title='bbox 3100 2339 3181 2381; x_wconf 86' lang='lat' dir='ltr'><strong>est</strong></span> <span class='ocrx_word' id='word_1_687' title='bbox 3221 2327 3418 2399; x_wconf 82' lang='lat' dir='ltr'><strong>Joseph</strong></span> <span class='ocrx_word' id='word_1_688' title='bbox 3459 2331 3526 2385; x_wconf 86' lang='lat' dir='ltr'><strong>ab</strong></span> 
     </span>
    </p>
   </div>
   <div class='ocr_carea' id='block_1_84' title="bbox 1943 2408 3523 2483">
    <p class='ocr_par' dir='ltr' id='par_1_84' title="bbox 1943 2408 3523 2483">
     <span class='ocr_line' id='line_1_84' title="bbox 1943 2408 3523 2483; baseline 0.006 -19"><span class='ocrx_word' id='word_1_689' title='bbox 1943 2408 2104 2473; x_wconf 86' lang='lat' dir='ltr'><strong>hera,</strong></span> <span class='ocrx_word' id='word_1_690' title='bbox 2140 2423 2394 2480; x_wconf 83' lang='lat' dir='ltr'><strong>quantum</strong></span> <span class='ocrx_word' id='word_1_691' title='bbox 2440 2414 2528 2466; x_wconf 90' lang='lat' dir='ltr'><strong>illa</strong></span> <span class='ocrx_word' id='word_1_692' title='bbox 2570 2430 2596 2466; x_wconf 90' lang='lat' dir='ltr'><strong>a</strong></span> <span class='ocrx_word' id='word_1_693' title='bbox 2636 2416 3061 2483; x_wconf 63' lang='lat' dir='ltr'><strong>concupiscentia</strong></span> <span class='ocrx_word' id='word_1_694' title='bbox 3091 2416 3226 2472; x_wconf 88' lang='lat' dir='ltr'><strong>sua?</strong></span> <span class='ocrx_word' id='word_1_695' title='bbox 3260 2418 3354 2472; x_wconf 89' lang='lat' dir='ltr'><strong>llic</strong></span> <span class='ocrx_word' id='word_1_696' title='bbox 3381 2420 3523 2473; x_wconf 88' lang='lat' dir='ltr'><strong>enim</strong></span> 
     </span>
    </p>
   </div>
   <div class='ocr_carea' id='block_1_85' title="bbox 1946 2502 3526 2579">
    <p class='ocr_par' dir='ltr' id='par_1_85' title="bbox 1946 2502 3526 2579">
     <span class='ocr_line' id='line_1_85' title="bbox 1946 2502 3526 2579; baseline 0.008 -26"><span class='ocrx_word' id='word_1_697' title='bbox 1946 2514 2064 2572; x_wconf 70' lang='lat' dir='ltr'><strong>qua:</strong></span> <span class='ocrx_word' id='word_1_698' title='bbox 2093 2502 2179 2555; x_wconf 89' lang='lat' dir='ltr'><strong>illa</strong></span> <span class='ocrx_word' id='word_1_699' title='bbox 2201 2502 2390 2570; x_wconf 85' lang='lat' dir='ltr'><strong>jubere</strong></span> <span class='ocrx_word' id='word_1_700' title='bbox 2418 2505 2600 2570; x_wconf 86' lang='lat' dir='ltr'><strong>voluit,</strong></span> <span class='ocrx_word' id='word_1_701' title='bbox 2628 2522 2732 2560; x_wconf 90' lang='lat' dir='ltr'><strong>non</strong></span> <span class='ocrx_word' id='word_1_702' title='bbox 2762 2505 2884 2561; x_wconf 89' lang='lat' dir='ltr'><strong>fecit</strong></span> <span class='ocrx_word' id='word_1_703' title='bbox 2908 2524 2922 2559; x_wconf 89' lang='lat'><strong>:</strong></span> <span class='ocrx_word' id='word_1_704' title='bbox 2948 2506 3035 2560; x_wconf 92' lang='lat' dir='ltr'><strong>illa</strong></span> <span class='ocrx_word' id='word_1_705' title='bbox 3060 2523 3187 2563; x_wconf 89' lang='lat' dir='ltr'><strong>vero</strong></span> <span class='ocrx_word' id='word_1_706' title='bbox 3207 2525 3325 2579; x_wconf 66' lang='lat' dir='ltr'><strong>quae</strong></span> <span class='ocrx_word' id='word_1_707' title='bbox 3349 2512 3526 2567; x_wconf 87' lang='lat' dir='ltr'><strong>domi-</strong></span> 
     </span>
    </p>
   </div>
   <div class='ocr_carea' id='block_1_86' title="bbox 1948 2594 3529 2671">
    <p class='ocr_par' dir='ltr' id='par_1_86' title="bbox 1948 2594 3529 2671">
     <span class='ocr_line' id='line_1_86' title="bbox 1948 2594 3529 2671; baseline 0.006 -24"><span class='ocrx_word' id='word_1_708' title='bbox 1948 2611 2012 2647; x_wconf 88' lang='lat' dir='ltr'><strong>na</strong></span> <span class='ocrx_word' id='word_1_709' title='bbox 2060 2594 2173 2662; x_wconf 87' lang='lat' dir='ltr'><strong>ejus</strong></span> <span class='ocrx_word' id='word_1_710' title='bbox 2218 2595 2383 2647; x_wconf 87' lang='lat' dir='ltr'><strong>libido</strong></span> <span class='ocrx_word' id='word_1_711' title='bbox 2427 2597 2736 2664; x_wconf 87' lang='lat' dir='ltr'><strong>imperavit,</strong></span> <span class='ocrx_word' id='word_1_712' title='bbox 2768 2598 2945 2652; x_wconf 88' lang='lat' dir='ltr'><strong>omnia</strong></span> <span class='ocrx_word' id='word_1_713' title='bbox 2984 2598 3148 2665; x_wconf 87' lang='lat' dir='ltr'><strong>fecit;</strong></span> <span class='ocrx_word' id='word_1_714' title='bbox 3183 2616 3354 2671; x_wconf 87' lang='lat' dir='ltr'><strong>neque</strong></span> <span class='ocrx_word' id='word_1_715' title='bbox 3381 2603 3529 2671; x_wconf 86' lang='lat' dir='ltr'><strong>prius</strong></span> 
     </span>
    </p>
   </div>
   <div class='ocr_carea' id='block_1_87' title="bbox 1946 2686 3531 2757">
    <p class='ocr_par' dir='ltr' id='par_1_87' title="bbox 1946 2686 3531 2757">
     <span class='ocr_line' id='line_1_87' title="bbox 1946 2686 3531 2757; baseline 0.004 -17"><span class='ocrx_word' id='word_1_716' title='bbox 1946 2686 2170 2751; x_wconf 87' lang='lat' dir='ltr'><strong>destitit,</strong></span> <span class='ocrx_word' id='word_1_717' title='bbox 2198 2686 2368 2739; x_wconf 90' lang='lat' dir='ltr'><strong>donec</strong></span> <span class='ocrx_word' id='word_1_718' title='bbox 2395 2703 2511 2740; x_wconf 86' lang='lat' dir='ltr'><strong>eam</strong></span> <span class='ocrx_word' id='word_1_719' title='bbox 2538 2687 2800 2743; x_wconf 84' lang='lat' dir='ltr'><strong>dedecore</strong></span> <span class='ocrx_word' id='word_1_720' title='bbox 2829 2688 3027 2745; x_wconf 61' lang='lat' dir='ltr'><strong>affecit.</strong></span> <span class='ocrx_word' id='word_1_721' title='bbox 3054 2691 3235 2757; x_wconf 86' lang='lat' dir='ltr'><strong>Qualis</strong></span> <span class='ocrx_word' id='word_1_722' title='bbox 3264 2694 3423 2747; x_wconf 87' lang='lat' dir='ltr'><strong>herus</strong></span> <span class='ocrx_word' id='word_1_723' title='bbox 3452 2705 3531 2746; x_wconf 84' lang='lat' dir='ltr'><strong>ta-</strong></span> 
     </span>
    </p>
   </div>
   <div class='ocr_carea' id='block_1_88' title="bbox 1948 2778 3527 2854">
    <p class='ocr_par' dir='ltr' id='par_1_88' title="bbox 1948 2778 3527 2854">
     <span class='ocr_line' id='line_1_88' title="bbox 1948 2778 3527 2854; baseline 0.005 -23"><span class='ocrx_word' id='word_1_724' title='bbox 1948 2778 2013 2832; x_wconf 87' lang='lat' dir='ltr'><strong>lia</strong></span> <span class='ocrx_word' id='word_1_725' title='bbox 2043 2778 2307 2847; x_wconf 83' lang='lat' dir='ltr'><strong>imperat?</strong></span> <span class='ocrx_word' id='word_1_726' title='bbox 2336 2781 2511 2847; x_wconf 87' lang='lat' dir='ltr'><strong>qualis</strong></span> <span class='ocrx_word' id='word_1_727' title='bbox 2540 2781 2786 2836; x_wconf 82' lang='lat' dir='ltr'><strong>immanis</strong></span> <span class='ocrx_word' id='word_1_728' title='bbox 2814 2785 3112 2853; x_wconf 80' lang='lat' dir='ltr'><strong>tyrannus?</strong></span> <span class='ocrx_word' id='word_1_729' title='bbox 3140 2784 3305 2854; x_wconf 76' lang='lat' dir='ltr'><strong>Roga,</strong></span> <span class='ocrx_word' id='word_1_730' title='bbox 3339 2787 3527 2853; x_wconf 89' lang='lat' dir='ltr'><strong>inquit,</strong></span> 
     </span>
    </p>
   </div>
   <div class='ocr_carea' id='block_1_89' title="bbox 1948 2854 3528 2945">
    <p class='ocr_par' dir='ltr' id='par_1_89' title="bbox 1948 2854 3528 2945">
     <span class='ocr_line' id='line_1_89' title="bbox 1948 2854 3528 2945; baseline 0.006 -23"><span class='ocrx_word' id='word_1_731' title='bbox 1948 2854 2159 2922; x_wconf 86' lang='lat' dir='ltr'><strong>servum</strong></span> <span class='ocrx_word' id='word_1_732' title='bbox 2202 2876 2389 2934; x_wconf 91' lang='lat' dir='ltr'><strong>tuum,</strong></span> <span class='ocrx_word' id='word_1_733' title='bbox 2426 2870 2649 2923; x_wconf 79' lang='lat' dir='ltr'><strong>aduiare</strong></span> <span class='ocrx_word' id='word_1_734' title='bbox 2703 2872 2965 2940; x_wconf 89' lang='lat' dir='ltr'><strong>emptitio,</strong></span> <span class='ocrx_word' id='word_1_735' title='bbox 2995 2874 3230 2943; x_wconf 87' lang='lat' dir='ltr'><strong>supplica</strong></span> <span class='ocrx_word' id='word_1_736' title='bbox 3272 2877 3482 2945; x_wconf 87' lang='lat' dir='ltr'><strong>captivo</strong></span> <span class='ocrx_word' id='word_1_737' title='bbox 3514 2896 3528 2931; x_wconf 88' lang='lat'><strong>:</strong></span> 
     </span>
    </p>
   </div>
   <div class='ocr_carea' id='block_1_90' title="bbox 1949 2961 3530 3034">
    <p class='ocr_par' dir='ltr' id='par_1_90' title="bbox 1949 2961 3530 3034">
     <span class='ocr_line' id='line_1_90' title="bbox 1949 2961 3530 3034; baseline 0.007 -19"><span class='ocrx_word' id='word_1_738' title='bbox 1949 2961 2156 3015; x_wconf 87' lang='lat' dir='ltr'><strong>etiamsi</strong></span> <span class='ocrx_word' id='word_1_739' title='bbox 2184 2964 2463 3029; x_wconf 85' lang='lat' dir='ltr'><strong>respuerit,</strong></span> <span class='ocrx_word' id='word_1_740' title='bbox 2500 2979 2681 3016; x_wconf 90' lang='lat' dir='ltr'><strong>rursus</strong></span> <span class='ocrx_word' id='word_1_741' title='bbox 2710 2963 2843 3017; x_wconf 84' lang='lat' dir='ltr'><strong>insta</strong></span> <span class='ocrx_word' id='word_1_742' title='bbox 2871 2982 2884 3029; x_wconf 91' lang='lat'>;</span> <span class='ocrx_word' id='word_1_743' title='bbox 2918 2966 3122 3021; x_wconf 87' lang='lat' dir='ltr'><strong>etiamsi</strong></span> <span class='ocrx_word' id='word_1_744' title='bbox 3153 2969 3347 3034; x_wconf 61' lang='lat' dir='ltr'><strong>salpius</strong></span> <span class='ocrx_word' id='word_1_745' title='bbox 3377 2970 3530 3026; x_wconf 78' lang='lat' dir='ltr'><strong>dixe-</strong></span> 
     </span>
    </p>
   </div>
   <div class='ocr_carea' id='block_1_91' title="bbox 1952 3054 3529 3129">
    <p class='ocr_par' dir='ltr' id='par_1_91' title="bbox 1952 3054 3529 3129">
     <span class='ocr_line' id='line_1_91' title="bbox 1952 3054 3529 3129; baseline 0.007 -24"><span class='ocrx_word' id='word_1_746' title='bbox 1952 3054 2025 3107; x_wconf 83' lang='lat' dir='ltr'><strong>ris</strong></span> <span class='ocrx_word' id='word_1_747' title='bbox 2050 3064 2103 3106; x_wconf 91' lang='lat' dir='ltr'><strong>et</strong></span> <span class='ocrx_word' id='word_1_748' title='bbox 2134 3056 2218 3104; x_wconf 74' lang='lat' dir='ltr'><strong>ille</strong></span> <span class='ocrx_word' id='word_1_749' title='bbox 2244 3069 2348 3106; x_wconf 88' lang='lat' dir='ltr'><strong>non</strong></span> <span class='ocrx_word' id='word_1_750' title='bbox 2379 3070 2630 3109; x_wconf 84' lang='lat' dir='ltr'><strong>assensus</strong></span> <span class='ocrx_word' id='word_1_751' title='bbox 2665 3055 2857 3121; x_wconf 89' lang='lat' dir='ltr'><strong>fuerit,</strong></span> <span class='ocrx_word' id='word_1_752' title='bbox 2887 3058 3110 3111; x_wconf 87' lang='lat' dir='ltr'><strong>observa</strong></span> <span class='ocrx_word' id='word_1_753' title='bbox 3150 3060 3529 3129; x_wconf 87' lang='lat' dir='ltr'><strong>solitudinem,</strong></span> 
     </span>
    </p>
   </div>
   <div class='ocr_carea' id='block_1_92' title="bbox 1951 3144 3530 3222">
    <p class='ocr_par' dir='ltr' id='par_1_92' title="bbox 1951 3144 3530 3222">
     <span class='ocr_line' id='line_1_92' title="bbox 1951 3144 3530 3222; baseline 0.004 -23"><span class='ocrx_word' id='word_1_754' title='bbox 1951 3154 2005 3199; x_wconf 89' lang='lat' dir='ltr'><strong>et</strong></span> <span class='ocrx_word' id='word_1_755' title='bbox 2035 3144 2141 3197; x_wconf 91' lang='lat' dir='ltr'><strong>vim</strong></span> <span class='ocrx_word' id='word_1_756' title='bbox 2173 3145 2330 3199; x_wconf 89' lang='lat' dir='ltr'><strong>facito</strong></span> <span class='ocrx_word' id='word_1_757' title='bbox 2360 3155 2413 3198; x_wconf 86' lang='lat' dir='ltr'><strong>et</strong></span> <span class='ocrx_word' id='word_1_758' title='bbox 2444 3155 2492 3200; x_wconf 90' lang='lat' dir='ltr'><strong>te</strong></span> <span class='ocrx_word' id='word_1_759' title='bbox 2524 3148 2630 3200; x_wconf 89' lang='lat' dir='ltr'><strong>risu</strong></span> <span class='ocrx_word' id='word_1_760' title='bbox 2660 3147 2871 3217; x_wconf 84' lang='lat' dir='ltr'><strong>dignam</strong></span> <span class='ocrx_word' id='word_1_761' title='bbox 2906 3150 3103 3217; x_wconf 75' lang='lat' dir='ltr'><strong>prmbe.</strong></span> <span class='ocrx_word' id='word_1_762' title='bbox 3137 3150 3272 3217; x_wconf 86' lang='lat' dir='ltr'><strong>Quid</strong></span> <span class='ocrx_word' id='word_1_763' title='bbox 3304 3153 3530 3222; x_wconf 87' lang='lat' dir='ltr'><strong>ignomi-</strong></span> 
     </span>
    </p>
   </div>
   <div class='ocr_carea' id='block_1_93' title="bbox 1954 3235 3533 3305">
    <p class='ocr_par' dir='ltr' id='par_1_93' title="bbox 1954 3235 3533 3305">
     <span class='ocr_line' id='line_1_93' title="bbox 1954 3235 3533 3305; baseline 0.006 -18"><span class='ocrx_word' id='word_1_764' title='bbox 1954 3235 2185 3298; x_wconf 87' lang='lat' dir='ltr'><strong>niosius,</strong></span> <span class='ocrx_word' id='word_1_765' title='bbox 2217 3235 2341 3303; x_wconf 87' lang='lat' dir='ltr'><strong>quid</strong></span> <span class='ocrx_word' id='word_1_766' title='bbox 2386 3236 2589 3305; x_wconf 86' lang='lat' dir='ltr'><strong>turpius</strong></span> <span class='ocrx_word' id='word_1_767' title='bbox 2622 3236 2770 3292; x_wconf 89' lang='lat' dir='ltr'><strong>hisce</strong></span> <span class='ocrx_word' id='word_1_768' title='bbox 2810 3238 3026 3292; x_wconf 87' lang='lat' dir='ltr'><strong>verbis?</strong></span> <span class='ocrx_word' id='word_1_769' title='bbox 3066 3237 3122 3295; x_wconf 87' lang='lat' dir='ltr'><strong>Si</strong></span> <span class='ocrx_word' id='word_1_770' title='bbox 3164 3253 3343 3296; x_wconf 86' lang='lat' dir='ltr'><strong>autem</strong></span> <span class='ocrx_word' id='word_1_771' title='bbox 3371 3259 3435 3295; x_wconf 85' lang='lat' dir='ltr'><strong>ne</strong></span> <span class='ocrx_word' id='word_1_772' title='bbox 3465 3244 3533 3297; x_wconf 89' lang='lat' dir='ltr'><strong>ita</strong></span> 
     </span>
    </p>
   </div>
   <div class='ocr_carea' id='block_1_94' title="bbox 1954 3327 3537 3404">
    <p class='ocr_par' dir='ltr' id='par_1_94' title="bbox 1954 3327 3537 3404">
     <span class='ocr_line' id='line_1_94' title="bbox 1954 3327 3537 3404; baseline 0.008 -26"><span class='ocrx_word' id='word_1_773' title='bbox 1954 3327 2168 3396; x_wconf 87' lang='lat' dir='ltr'><strong>quidem</strong></span> <span class='ocrx_word' id='word_1_774' title='bbox 2195 3328 2392 3395; x_wconf 87' lang='lat' dir='ltr'><strong>aliquid</strong></span> <span class='ocrx_word' id='word_1_775' title='bbox 2425 3328 2730 3396; x_wconf 86' lang='lat' dir='ltr'><strong>perfeceris,</strong></span> <span class='ocrx_word' id='word_1_776' title='bbox 2757 3330 2901 3383; x_wconf 90' lang='lat' dir='ltr'><strong>illum</strong></span> <span class='ocrx_word' id='word_1_777' title='bbox 2926 3332 3249 3387; x_wconf 89' lang='lat' dir='ltr'><strong>calumniare</strong></span> <span class='ocrx_word' id='word_1_778' title='bbox 3273 3348 3324 3387; x_wconf 86' lang='lat' dir='ltr'><strong>ct</strong></span> <span class='ocrx_word' id='word_1_779' title='bbox 3350 3334 3537 3404; x_wconf 78' lang='lat' dir='ltr'><strong>decipe</strong></span> 
     </span>
    </p>
   </div>
   <div class='ocr_carea' id='block_1_95' title="bbox 1954 3419 3535 3494">
    <p class='ocr_par' dir='ltr' id='par_1_95' title="bbox 1954 3419 3535 3494">
     <span class='ocr_line' id='line_1_95' title="bbox 1954 3419 3535 3494; baseline 0.007 -23"><span class='ocrx_word' id='word_1_780' title='bbox 1954 3419 2251 3487; x_wconf 86' lang='lat' dir='ltr'><strong>conjugcm.</strong></span> <span class='ocrx_word' id='word_1_781' title='bbox 2286 3419 2418 3471; x_wconf 86' lang='lat' dir='ltr'><strong>Vide</strong></span> <span class='ocrx_word' id='word_1_782' title='bbox 2443 3435 2600 3489; x_wconf 87' lang='lat' dir='ltr'><strong>quam</strong></span> <span class='ocrx_word' id='word_1_783' title='bbox 2627 3421 2924 3485; x_wconf 89' lang='lat' dir='ltr'><strong>illiberalia,</strong></span> <span class='ocrx_word' id='word_1_784' title='bbox 2950 3437 3106 3491; x_wconf 87' lang='lat' dir='ltr'><strong>quam</strong></span> <span class='ocrx_word' id='word_1_785' title='bbox 3138 3425 3306 3493; x_wconf 89' lang='lat' dir='ltr'><strong>turpia</strong></span> <span class='ocrx_word' id='word_1_786' title='bbox 3334 3441 3535 3494; x_wconf 80' lang='lat' dir='ltr'><strong>praece-</strong></span> 
     </span>
    </p>
   </div>
   <div class='ocr_carea' id='block_1_96' title="bbox 1958 3510 3535 3585">
    <p class='ocr_par' dir='ltr' id='par_1_96' title="bbox 1958 3510 3535 3585">
     <span class='ocr_line' id='line_1_96' title="bbox 1958 3510 3535 3585; baseline 0.01 -24"><span class='ocrx_word' id='word_1_787' title='bbox 1958 3518 2043 3575; x_wconf 92' lang='lat' dir='ltr'><strong>pta</strong></span> <span class='ocrx_word' id='word_1_788' title='bbox 2072 3510 2207 3573; x_wconf 88' lang='lat' dir='ltr'><strong>sint,</strong></span> <span class='ocrx_word' id='word_1_789' title='bbox 2240 3526 2395 3578; x_wconf 90' lang='lat' dir='ltr'><strong>quam</strong></span> <span class='ocrx_word' id='word_1_790' title='bbox 2434 3512 2654 3565; x_wconf 90' lang='lat' dir='ltr'><strong>immitia</strong></span> <span class='ocrx_word' id='word_1_791' title='bbox 2681 3552 2696 3576; x_wconf 96' lang='lat'><strong>,</strong></span> <span class='ocrx_word' id='word_1_792' title='bbox 2729 3528 2885 3583; x_wconf 90' lang='lat' dir='ltr'><strong>quam</strong></span> <span class='ocrx_word' id='word_1_793' title='bbox 2915 3528 3061 3568; x_wconf 66' lang='lat' dir='ltr'><strong>smva</strong></span> <span class='ocrx_word' id='word_1_794' title='bbox 3085 3558 3101 3582; x_wconf 92' lang='lat'><strong>,</strong></span> <span class='ocrx_word' id='word_1_795' title='bbox 3133 3532 3293 3585; x_wconf 88' lang='lat' dir='ltr'><strong>quam</strong></span> <span class='ocrx_word' id='word_1_796' title='bbox 3321 3520 3535 3576; x_wconf 82' lang='lat' dir='ltr'><strong>furiosa.</strong></span> 
     </span>
    </p>
   </div>
   <div class='ocr_carea' id='block_1_97' title="bbox 1957 3600 3537 3679">
    <p class='ocr_par' dir='ltr' id='par_1_97' title="bbox 1957 3600 3537 3679">
     <span class='ocr_line' id='line_1_97' title="bbox 1957 3600 3537 3679; baseline 0.009 -29"><span class='ocrx_word' id='word_1_797' title='bbox 1957 3600 2090 3665; x_wconf 90' lang='lat' dir='ltr'><strong>Quid</strong></span> <span class='ocrx_word' id='word_1_798' title='bbox 2122 3610 2321 3654; x_wconf 89' lang='lat' dir='ltr'><strong>tantum</strong></span> <span class='ocrx_word' id='word_1_799' title='bbox 2352 3605 2662 3673; x_wconf 69' lang='lat' dir='ltr'><strong>praeceperit</strong></span> <span class='ocrx_word' id='word_1_800' title='bbox 2695 3604 2857 3659; x_wconf 86' lang='lat' dir='ltr'><strong>herus</strong></span> <span class='ocrx_word' id='word_1_801' title='bbox 2881 3608 3072 3675; x_wconf 88' lang='lat' dir='ltr'><strong>quivis,</strong></span> <span class='ocrx_word' id='word_1_802' title='bbox 3098 3621 3350 3679; x_wconf 88' lang='lat' dir='ltr'><strong>quantum</strong></span> <span class='ocrx_word' id='word_1_803' title='bbox 3381 3612 3537 3667; x_wconf 86' lang='lat' dir='ltr'><strong>lasci-</strong></span> 
     </span>
    </p>
   </div>
   <div class='ocr_carea' id='block_1_98' title="bbox 1957 3695 3541 3763">
    <p class='ocr_par' dir='ltr' id='par_1_98' title="bbox 1957 3695 3541 3763">
     <span class='ocr_line' id='line_1_98' title="bbox 1957 3695 3541 3763; baseline 0.008 -18"><span class='ocrx_word' id='word_1_804' title='bbox 1957 3698 2040 3745; x_wconf 85' lang='lat' dir='ltr'><strong>via</strong></span> <span class='ocrx_word' id='word_1_805' title='bbox 2074 3701 2197 3745; x_wconf 89' lang='lat' dir='ltr'><strong>tunc</strong></span> <span class='ocrx_word' id='word_1_806' title='bbox 2226 3695 2476 3761; x_wconf 71' lang='lat' dir='ltr'><strong>prmcepit</strong></span> <span class='ocrx_word' id='word_1_807' title='bbox 2516 3698 2672 3763; x_wconf 73' lang='lat' dir='ltr'><strong>regia:</strong></span> <span class='ocrx_word' id='word_1_808' title='bbox 2708 3698 2960 3751; x_wconf 79' lang='lat' dir='ltr'><strong>mulieri&quot;</strong></span> <span class='ocrx_word' id='word_1_809' title='bbox 2988 3710 3039 3753; x_wconf 88' lang='lat' dir='ltr'><strong>et</strong></span> <span class='ocrx_word' id='word_1_810' title='bbox 3073 3709 3246 3753; x_wconf 88' lang='lat' dir='ltr'><strong>tamen</strong></span> <span class='ocrx_word' id='word_1_811' title='bbox 3278 3718 3381 3755; x_wconf 91' lang='lat' dir='ltr'><strong>non</strong></span> <span class='ocrx_word' id='word_1_812' title='bbox 3414 3718 3541 3758; x_wconf 87' lang='lat' dir='ltr'><strong>ausa</strong></span> 
     </span>
    </p>
   </div>
   <div class='ocr_carea' id='block_1_99' title="bbox 1959 3785 3561 3861">
    <p class='ocr_par' dir='ltr' id='par_1_99' title="bbox 1959 3785 3561 3861">
     <span class='ocr_line' id='line_1_99' title="bbox 1959 3785 3561 3861; baseline 0.009 -25"><span class='ocrx_word' id='word_1_813' title='bbox 1959 3793 2041 3837; x_wconf 84' lang='lat' dir='ltr'><strong>est</strong></span> <span class='ocrx_word' id='word_1_814' title='bbox 2084 3800 2187 3835; x_wconf 89' lang='lat' dir='ltr'><strong>non</strong></span> <span class='ocrx_word' id='word_1_815' title='bbox 2229 3786 2466 3854; x_wconf 83' lang='lat' dir='ltr'><strong>obsequi.</strong></span> <span class='ocrx_word' id='word_1_816' title='bbox 2500 3785 2697 3855; x_wconf 84' lang='lat' dir='ltr'><strong>Joseph</strong></span> <span class='ocrx_word' id='word_1_817' title='bbox 2742 3804 2868 3842; x_wconf 90' lang='lat' dir='ltr'><strong>vero</strong></span> <span class='ocrx_word' id='word_1_818' title='bbox 2904 3790 3029 3843; x_wconf 92' lang='lat' dir='ltr'><strong>nihil</strong></span> <span class='ocrx_word' id='word_1_819' title='bbox 3062 3792 3163 3846; x_wconf 78' lang='lat' dir='ltr'><strong>tale</strong></span> <span class='ocrx_word' id='word_1_820' title='bbox 3190 3808 3376 3861; x_wconf 81' lang='lat' dir='ltr'><strong>paSsus</strong></span> <span class='ocrx_word' id='word_1_821' title='bbox 3401 3838 3413 3857; x_wconf 96' lang='lat'><strong>,</strong></span> <span class='ocrx_word' id='word_1_822' title='bbox 3448 3799 3561 3851; x_wconf 86' lang='lat' dir='ltr'><strong>sed&#39;</strong></span> 
     </span>
    </p>
   </div>
   <div class='ocr_carea' id='block_1_100' title="bbox 1960 3880 3540 3949">
    <p class='ocr_par' dir='ltr' id='par_1_100' title="bbox 1960 3880 3540 3949">
     <span class='ocr_line' id='line_1_100' title="bbox 1960 3880 3540 3949; baseline 0.01 -21"><span class='ocrx_word' id='word_1_823' title='bbox 1960 3880 2222 3929; x_wconf 86' lang='lat' dir='ltr'><strong>contraria</strong></span> <span class='ocrx_word' id='word_1_824' title='bbox 2253 3880 2451 3941; x_wconf 83' lang='lat' dir='ltr'><strong>omnia,</strong></span> <span class='ocrx_word' id='word_1_825' title='bbox 2484 3895 2602 3948; x_wconf 63' lang='lat' dir='ltr'><strong>qua:</strong></span> <span class='ocrx_word' id='word_1_826' title='bbox 2642 3881 2863 3949; x_wconf 87' lang='lat' dir='ltr'><strong>gloriam</strong></span> <span class='ocrx_word' id='word_1_827' title='bbox 2895 3892 2947 3937; x_wconf 90' lang='lat' dir='ltr'><strong>et</strong></span> <span class='ocrx_word' id='word_1_828' title='bbox 2979 3882 3235 3939; x_wconf 91' lang='lat' dir='ltr'><strong>honorem</strong></span> <span class='ocrx_word' id='word_1_829' title='bbox 3267 3887 3540 3945; x_wconf 73' lang='lat' dir='ltr'><strong>afferrent.</strong></span> 
     </span>
    </p>
   </div>
   <div class='ocr_carea' id='block_1_101' title="bbox 1932 3967 3540 4036">
    <p class='ocr_par' dir='ltr' id='par_1_101' title="bbox 1932 3967 3540 4036">
     <span class='ocr_line' id='line_1_101' title="bbox 1932 3967 3540 4036; baseline 0.012 -19"><span class='ocrx_word' id='word_1_830' title='bbox 1932 4004 1935 4005; x_wconf 47' lang='grc' dir='ltr'><em>ν</em></span> <span class='ocrx_word' id='word_1_831' title='bbox 1966 3967 2054 4021; x_wconf 74' lang='lat' dir='ltr'><strong>Vis</strong></span> <span class='ocrx_word' id='word_1_832' title='bbox 2085 3970 2242 4021; x_wconf 89' lang='lat' dir='ltr'><strong>alium</strong></span> <span class='ocrx_word' id='word_1_833' title='bbox 2274 3970 2455 4026; x_wconf 83' lang='lat' dir='ltr'><strong>videre</strong></span> <span class='ocrx_word' id='word_1_834' title='bbox 2488 3974 2658 4026; x_wconf 90' lang='lat' dir='ltr'><strong>virum</strong></span> <span class='ocrx_word' id='word_1_835' title='bbox 2684 4016 2696 4035; x_wconf 91' lang='lat'><strong>,</strong></span> <span class='ocrx_word' id='word_1_836' title='bbox 2727 3976 2811 4028; x_wconf 93' lang='lat' dir='ltr'><strong>cui</strong></span> <span class='ocrx_word' id='word_1_837' title='bbox 2842 3990 2980 4029; x_wconf 67' lang='lat' dir='ltr'><strong>saeva</strong></span> <span class='ocrx_word' id='word_1_838' title='bbox 3012 3977 3221 4031; x_wconf 88' lang='lat' dir='ltr'><strong>domina</strong></span> <span class='ocrx_word' id='word_1_839' title='bbox 3250 3981 3413 4036; x_wconf 88' lang='lat' dir='ltr'><strong>multa</strong></span> <span class='ocrx_word' id='word_1_840' title='bbox 3442 3984 3540 4035; x_wconf 69' lang='lat' dir='ltr'><strong>im~</strong></span> 
     </span>
    </p>
   </div>
   <div class='ocr_carea' id='block_1_102' title="bbox 1963 4061 3153 4137">
    <p class='ocr_par' dir='ltr' id='par_1_102' title="bbox 1963 4061 3153 4137">
     <span class='ocr_line' id='line_1_102' title="bbox 1963 4061 3153 4137; baseline 0.012 -28"><span class='ocrx_word' id='word_1_841' title='bbox 1963 4061 2183 4125; x_wconf 88' lang='lat' dir='ltr'><strong>peravit,</strong></span> <span class='ocrx_word' id='word_1_842' title='bbox 2216 4078 2314 4114; x_wconf 85' lang='lat' dir='ltr'><strong>nec</strong></span> <span class='ocrx_word' id='word_1_843' title='bbox 2341 4078 2504 4116; x_wconf 90' lang='lat' dir='ltr'><strong>ausus</strong></span> <span class='ocrx_word' id='word_1_844' title='bbox 2532 4074 2615 4117; x_wconf 90' lang='lat' dir='ltr'><strong>est</strong></span> <span class='ocrx_word' id='word_1_845' title='bbox 2646 4066 2732 4120; x_wconf 92' lang='lat' dir='ltr'><strong>ille</strong></span> <span class='ocrx_word' id='word_1_846' title='bbox 2762 4083 2866 4120; x_wconf 89' lang='lat' dir='ltr'><strong>non</strong></span> <span class='ocrx_word' id='word_1_847' title='bbox 2894 4068 3153 4137; x_wconf 84' lang='lat' dir='ltr'><strong>obsequi?</strong></span> 
     </span>
    </p>
   </div>
   <div class='ocr_carea' id='block_1_103' title="bbox 2031 4147 3546 4233">
    <p class='ocr_par' dir='ltr' id='par_1_103' title="bbox 2031 4147 3546 4233">
     <span class='ocr_line' id='line_1_103' title="bbox 2031 4147 3546 4233; baseline 0.013 -35"><span class='ocrx_word' id='word_1_848' title='bbox 2031 4147 2246 4201; x_wconf 66' lang='lat' dir='ltr'><strong>Invidia</strong></span> <span class='ocrx_word' id='word_1_849' title='bbox 2286 4153 2491 4204; x_wconf 87' lang='lat' dir='ltr'><strong>malum.</strong></span> <span class='ocrx_word' id='word_1_850' title='bbox 2525 4183 2595 4191; x_wconf 91' lang='lat'>—</span> <span class='ocrx_word' id='word_1_851' title='bbox 2622 4155 2845 4207; x_wconf 88' lang='lat' dir='ltr'><strong>Cainum</strong></span> <span class='ocrx_word' id='word_1_852' title='bbox 2873 4159 3043 4223; x_wconf 87' lang='lat' dir='ltr'><strong>cogita</strong></span> <span class='ocrx_word' id='word_1_853' title='bbox 3070 4198 3084 4219; x_wconf 94' lang='lat'><strong>,</strong></span> <span class='ocrx_word' id='word_1_854' title='bbox 3117 4171 3309 4227; x_wconf 90' lang='lat' dir='ltr'><strong>quanta</strong></span> <span class='ocrx_word' id='word_1_855' title='bbox 3356 4178 3546 4233; x_wconf 89' lang='lat' dir='ltr'><strong>nempe</strong></span> 
     </span>
    </p>
   </div>
   <div class='ocr_carea' id='block_1_104' title="bbox 1961 4238 3545 4310">
    <p class='ocr_par' dir='ltr' id='par_1_104' title="bbox 1961 4238 3545 4310">
     <span class='ocr_line' id='line_1_104' title="bbox 1961 4238 3545 4310; baseline 0.012 -19"><span class='ocrx_word' id='word_1_856' title='bbox 1961 4238 2028 4291; x_wconf 82' lang='lat' dir='ltr'><strong>ab</strong></span> <span class='ocrx_word' id='word_1_857' title='bbox 2056 4239 2247 4291; x_wconf 89' lang='lat' dir='ltr'><strong>invidia</strong></span> <span class='ocrx_word' id='word_1_858' title='bbox 2288 4241 2433 4308; x_wconf 87' lang='lat' dir='ltr'><strong>jttssa</strong></span> <span class='ocrx_word' id='word_1_859' title='bbox 2474 4246 2761 4310; x_wconf 87' lang='lat' dir='ltr'><strong>acceperit.</strong></span> <span class='ocrx_word' id='word_1_860' title='bbox 2797 4244 2864 4299; x_wconf 90' lang='lat' dir='ltr'><strong>Ut</strong></span> <span class='ocrx_word' id='word_1_861' title='bbox 2891 4245 3111 4301; x_wconf 71' lang='lat' dir='ltr'><strong>fratrem</strong></span> <span class='ocrx_word' id='word_1_862' title='bbox 3143 4251 3411 4309; x_wconf 87' lang='lat' dir='ltr'><strong>occideret</strong></span> <span class='ocrx_word' id='word_1_863' title='bbox 3443 4256 3545 4309; x_wconf 83' lang='lat' dir='ltr'><strong>im-</strong></span> 
     </span>
    </p>
   </div>
   <div class='ocr_carea' id='block_1_105' title="bbox 1966 4331 3545 4413">
    <p class='ocr_par' dir='ltr' id='par_1_105' title="bbox 1966 4331 3545 4413">
     <span class='ocr_line' id='line_1_105' title="bbox 1966 4331 3545 4413; baseline 0.015 -34"><span class='ocrx_word' id='word_1_864' title='bbox 1966 4331 2167 4398; x_wconf 88' lang='lat' dir='ltr'><strong>peravit</strong></span> <span class='ocrx_word' id='word_1_865' title='bbox 2188 4374 2201 4394; x_wconf 86' lang='lat'><strong>,</strong></span> <span class='ocrx_word' id='word_1_866' title='bbox 2235 4344 2288 4385; x_wconf 92' lang='lat' dir='ltr'><strong>ut</strong></span> <span class='ocrx_word' id='word_1_867' title='bbox 2319 4332 2427 4386; x_wconf 90' lang='lat' dir='ltr'><strong>Deo</strong></span> <span class='ocrx_word' id='word_1_868' title='bbox 2457 4336 2795 4400; x_wconf 87' lang='lat' dir='ltr'><strong>mentiretur,</strong></span> <span class='ocrx_word' id='word_1_869' title='bbox 2827 4346 3030 4406; x_wconf 86' lang='lat' dir='ltr'><strong>patrem</strong></span> <span class='ocrx_word' id='word_1_870' title='bbox 3062 4341 3248 4399; x_wconf 90' lang='lat' dir='ltr'><strong>dolore</strong></span> <span class='ocrx_word' id='word_1_871' title='bbox 3275 4346 3545 4413; x_wconf 81' lang='lat' dir='ltr'><strong>afﬁceret,</strong></span> 
     </span>
    </p>
   </div>
   <div class='ocr_carea' id='block_1_106' title="bbox 1967 4420 3549 4500">
    <p class='ocr_par' dir='ltr' id='par_1_106' title="bbox 1967 4420 3549 4500">
     <span class='ocr_line' id='line_1_106' title="bbox 1967 4420 3549 4500; baseline 0.013 -26"><span class='ocrx_word' id='word_1_872' title='bbox 1967 4420 2303 4492; x_wconf 85' lang='lat' dir='ltr'><strong>impudenter</strong></span> <span class='ocrx_word' id='word_1_873' title='bbox 2325 4438 2504 4492; x_wconf 79' lang='lat' dir='ltr'><strong>ageret</strong></span> <span class='ocrx_word' id='word_1_874' title='bbox 2533 4446 2542 4479; x_wconf 96' lang='lat'>:</span> <span class='ocrx_word' id='word_1_875' title='bbox 2573 4437 2625 4481; x_wconf 89' lang='lat' dir='ltr'><strong>et</strong></span> <span class='ocrx_word' id='word_1_876' title='bbox 2653 4431 2828 4482; x_wconf 86' lang='lat' dir='ltr'><strong>omnia</strong></span> <span class='ocrx_word' id='word_1_877' title='bbox 2853 4442 3179 4500; x_wconf 78' lang='lat' dir='ltr'><strong>exsequutus</strong></span> <span class='ocrx_word' id='word_1_878' title='bbox 3204 4445 3304 4497; x_wconf 89' lang='lat' dir='ltr'><strong>est,</strong></span> <span class='ocrx_word' id='word_1_879' title='bbox 3330 4452 3393 4490; x_wconf 89' lang='lat' dir='ltr'><strong>ac</strong></span> <span class='ocrx_word' id='word_1_880' title='bbox 3421 4440 3549 4494; x_wconf 88' lang='lat' dir='ltr'><strong>nihil</strong></span> 
     </span>
    </p>
   </div>
   <div class='ocr_carea' id='block_1_107' title="bbox 1969 4507 3548 4587">
    <p class='ocr_par' dir='ltr' id='par_1_107' title="bbox 1969 4507 3548 4587">
     <span class='ocr_line' id='line_1_107' title="bbox 1969 4507 3548 4587; baseline 0.011 -21"><span class='ocrx_word' id='word_1_881' title='bbox 1969 4507 2327 4583; x_wconf 68' lang='lat' dir='ltr'><strong>prmtermisit.</strong></span> <span class='ocrx_word' id='word_1_882' title='bbox 2365 4519 2565 4587; x_wconf 85' lang='lat' dir='ltr'><strong>Ecquid</strong></span> <span class='ocrx_word' id='word_1_883' title='bbox 2608 4520 2851 4583; x_wconf 89' lang='lat' dir='ltr'><strong>miraris,</strong></span> <span class='ocrx_word' id='word_1_884' title='bbox 2881 4521 2923 4572; x_wconf 90' lang='lat' dir='ltr'><strong>si</strong></span> <span class='ocrx_word' id='word_1_885' title='bbox 2959 4520 3072 4573; x_wconf 72' lang='lat' dir='ltr'><strong>lucc</strong></span> <span class='ocrx_word' id='word_1_886' title='bbox 3101 4521 3314 4577; x_wconf 86' lang='lat' dir='ltr'><strong>domina</strong></span> <span class='ocrx_word' id='word_1_887' title='bbox 3350 4539 3548 4583; x_wconf 89' lang='lat' dir='ltr'><strong>tantam</strong></span> 
     </span>
    </p>
   </div>
   <div class='ocr_carea' id='block_1_108' title="bbox 1968 4606 3552 4686">
    <p class='ocr_par' dir='ltr' id='par_1_108' title="bbox 1968 4606 3552 4686">
     <span class='ocr_line' id='line_1_108' title="bbox 1968 4606 3552 4686; baseline 0.003 -28"><span class='ocrx_word' id='word_1_888' title='bbox 1968 4608 2072 4659; x_wconf 86' lang='lat' dir='ltr'><strong>vim</strong></span> <span class='ocrx_word' id='word_1_889' title='bbox 2101 4606 2293 4661; x_wconf 84' lang='lat' dir='ltr'><strong>habeat</strong></span> <span class='ocrx_word' id='word_1_890' title='bbox 2321 4609 2371 4661; x_wconf 86' lang='lat' dir='ltr'><strong>in</strong></span> <span class='ocrx_word' id='word_1_891' title='bbox 2401 4625 2523 4671; x_wconf 90' lang='lat' dir='ltr'><strong>uno,</strong></span> <span class='ocrx_word' id='word_1_892' title='bbox 2557 4624 2673 4676; x_wconf 69' lang='lat' dir='ltr'><strong>quae</strong></span> <span class='ocrx_word' id='word_1_893' title='bbox 2701 4609 2936 4679; x_wconf 84' lang='lat' dir='ltr'><strong>integros</strong></span> <span class='ocrx_word' id='word_1_894' title='bbox 2960 4626 3103 4681; x_wconf 64' lang='lat' dir='ltr'><strong>saepe</strong></span> <span class='ocrx_word' id='word_1_895' title='bbox 3131 4616 3353 4683; x_wconf 88' lang='lat' dir='ltr'><strong>populos</strong></span> <span class='ocrx_word' id='word_1_896' title='bbox 3378 4620 3552 4686; x_wconf 78' lang='lat' dir='ltr'><strong>perdi-</strong></span> 
     </span>
    </p>
   </div>
   <div class='ocr_carea' id='block_1_109' title="bbox 1969 4698 3556 4767">
    <p class='ocr_par' dir='ltr' id='par_1_109' title="bbox 1969 4698 3556 4767">
     <span class='ocr_line' id='line_1_109' title="bbox 1969 4698 3556 4767; baseline 0.01 -16"><span class='ocrx_word' id='word_1_897' title='bbox 1969 4698 2088 4753; x_wconf 84' lang='lat' dir='ltr'><strong>dit?</strong></span> <span class='ocrx_word' id='word_1_898' title='bbox 2116 4699 2329 4753; x_wconf 73' lang='lat' dir='ltr'><strong>Judmos</strong></span> <span class='ocrx_word' id='word_1_899' title='bbox 2360 4709 2505 4753; x_wconf 84' lang='lat' dir='ltr'><strong>certe</strong></span> <span class='ocrx_word' id='word_1_900' title='bbox 2542 4700 2947 4758; x_wconf 76' lang='lat' dir='ltr'><strong>Madianitarum</strong></span> <span class='ocrx_word' id='word_1_901' title='bbox 2990 4707 3241 4762; x_wconf 79' lang='lat' dir='ltr'><strong>mulieres</strong></span> <span class='ocrx_word' id='word_1_902' title='bbox 3269 4711 3472 4765; x_wconf 90' lang='lat' dir='ltr'><strong>vinctos</strong></span> <span class='ocrx_word' id='word_1_903' title='bbox 3501 4722 3556 4767; x_wconf 85' lang='lat' dir='ltr'><strong>et</strong></span> 
     </span>
    </p>
   </div>
   <div class='ocr_carea' id='block_1_110' title="bbox 1970 4790 3552 4873">
    <p class='ocr_par' dir='ltr' id='par_1_110' title="bbox 1970 4790 3552 4873">
     <span class='ocr_line' id='line_1_110' title="bbox 1970 4790 3552 4873; baseline 0.011 -31"><span class='ocrx_word' id='word_1_904' title='bbox 1970 4790 2080 4842; x_wconf 89' lang='lat' dir='ltr'><strong>fere</strong></span> <span class='ocrx_word' id='word_1_905' title='bbox 2110 4791 2347 4859; x_wconf 83' lang='lat' dir='ltr'><strong>captivos</strong></span> <span class='ocrx_word' id='word_1_906' title='bbox 2374 4790 2747 4857; x_wconf 83' lang='lat' dir='ltr'><strong>abduxerunt,</strong></span> <span class='ocrx_word' id='word_1_907' title='bbox 2775 4811 2894 4849; x_wconf 91' lang='lat' dir='ltr'><strong>cum</strong></span> <span class='ocrx_word' id='word_1_908' title='bbox 2937 4795 3121 4850; x_wconf 68' lang='lat' dir='ltr'><strong>formae</strong></span> <span class='ocrx_word' id='word_1_909' title='bbox 3157 4815 3267 4853; x_wconf 73' lang='lat' dir='ltr'><strong>sua:</strong></span> <span class='ocrx_word' id='word_1_910' title='bbox 3298 4807 3552 4873; x_wconf 88' lang='lat' dir='ltr'><strong>concupi-</strong></span> 
     </span>
    </p>
   </div>
   <div class='ocr_carea' id='block_1_111' title="bbox 1969 4882 3550 4957">
    <p class='ocr_par' dir='ltr' id='par_1_111' title="bbox 1969 4882 3550 4957">
     <span class='ocr_line' id='line_1_111' title="bbox 1969 4882 3550 4957; baseline 0.01 -25"><span class='ocrx_word' id='word_1_911' title='bbox 1969 4882 2171 4935; x_wconf 90' lang='lat' dir='ltr'><strong>scentia</strong></span> <span class='ocrx_word' id='word_1_912' title='bbox 2210 4882 2328 4936; x_wconf 92' lang='lat' dir='ltr'><strong>illos</strong></span> <span class='ocrx_word' id='word_1_913' title='bbox 2359 4898 2546 4938; x_wconf 87' lang='lat' dir='ltr'><strong>onmes</strong></span> <span class='ocrx_word' id='word_1_914' title='bbox 2576 4886 2825 4940; x_wconf 80' lang='lat' dir='ltr'><strong>allexcre.</strong></span> <span class='ocrx_word' id='word_1_915' title='bbox 2862 4884 3007 4939; x_wconf 86' lang='lat' dir='ltr'><strong>lianc</strong></span> <span class='ocrx_word' id='word_1_916' title='bbox 3039 4890 3215 4957; x_wconf 89' lang='lat' dir='ltr'><strong>itaque</strong></span> <span class='ocrx_word' id='word_1_917' title='bbox 3244 4896 3550 4950; x_wconf 89' lang='lat' dir='ltr'><strong>servitutem</strong></span> 
     </span>
    </p>
   </div>
   <div class='ocr_carea' id='block_1_112' title="bbox 1969 4972 3553 5051">
    <p class='ocr_par' dir='ltr' id='par_1_112' title="bbox 1969 4972 3553 5051">
     <span class='ocr_line' id='line_1_112' title="bbox 1969 4972 3553 5051; baseline 0.012 -29"><span class='ocrx_word' id='word_1_918' title='bbox 1969 4972 2188 5039; x_wconf 83' lang='lat' dir='ltr'><strong>cjiciens</strong></span> <span class='ocrx_word' id='word_1_919' title='bbox 2220 4972 2415 5029; x_wconf 85' lang='lat' dir='ltr'><strong>Paulus</strong></span> <span class='ocrx_word' id='word_1_920' title='bbox 2436 5018 2450 5040; x_wconf 94' lang='lat'><strong>,</strong></span> <span class='ocrx_word' id='word_1_921' title='bbox 2484 4977 2693 5031; x_wconf 84' lang='lat' dir='ltr'><strong>dicebat</strong></span> <span class='ocrx_word' id='word_1_922' title='bbox 2726 4995 2738 5027; x_wconf 94' lang='lat'>:</span> <span class='ocrx_word' id='word_1_923' title='bbox 2775 4975 2855 5029; x_wconf 83' lang='lat' dir='ltr'><strong>Ne</strong></span> <span class='ocrx_word' id='word_1_924' title='bbox 2881 4980 2990 5031; x_wconf 78' lang='lat' dir='ltr'><strong>sitis</strong></span> <span class='ocrx_word' id='word_1_925' title='bbox 3019 4982 3146 5034; x_wconf 67' lang='lat' dir='ltr'><strong>servi</strong></span> <span class='ocrx_word' id='word_1_926' title='bbox 3175 4984 3475 5051; x_wconf 86' lang='lat' dir='ltr'><strong>hominum;</strong></span> <span class='ocrx_word' id='word_1_927' title='bbox 3503 4988 3553 5042; x_wconf 90' lang='lat' dir='ltr'><strong>id</strong></span> 
     </span>
    </p>
   </div>
   <div class='ocr_carea' id='block_1_113' title="bbox 1970 5068 3553 5144">
    <p class='ocr_par' dir='ltr' id='par_1_113' title="bbox 1970 5068 3553 5144">
     <span class='ocr_line' id='line_1_113' title="bbox 1970 5068 3553 5144; baseline 0.012 -28"><span class='ocrx_word' id='word_1_928' title='bbox 1970 5073 2085 5131; x_wconf 87' lang='lat' dir='ltr'><strong>est,</strong></span> <span class='ocrx_word' id='word_1_929' title='bbox 2125 5082 2191 5120; x_wconf 88' lang='lat' dir='ltr'><strong>ne</strong></span> <span class='ocrx_word' id='word_1_930' title='bbox 2230 5068 2592 5135; x_wconf 76' lang='lat' dir='ltr'><strong>obsequamini</strong></span> <span class='ocrx_word' id='word_1_931' title='bbox 2642 5068 2945 5125; x_wconf 87' lang='lat' dir='ltr'><strong>hominibus</strong></span> <span class='ocrx_word' id='word_1_932' title='bbox 2982 5073 3208 5126; x_wconf 86' lang='lat' dir='ltr'><strong>absurda</strong></span> <span class='ocrx_word' id='word_1_933' title='bbox 3244 5076 3553 5144; x_wconf 82' lang='lat' dir='ltr'><strong>imperanti-</strong></span> 
     </span>
    </p>
   </div>
   <div class='ocr_carea' id='block_1_114' title="bbox 1973 5161 3553 5236">
    <p class='ocr_par' dir='ltr' id='par_1_114' title="bbox 1973 5161 3553 5236">
     <span class='ocr_line' id='line_1_114' title="bbox 1973 5161 3553 5236; baseline 0.008 -23"><span class='ocrx_word' id='word_1_934' title='bbox 1973 5161 2100 5225; x_wconf 87' lang='lat' dir='ltr'><strong>bus;</strong></span> <span class='ocrx_word' id='word_1_935' title='bbox 2130 5162 2236 5217; x_wconf 89' lang='lat' dir='ltr'><strong>imo</strong></span> <span class='ocrx_word' id='word_1_936' title='bbox 2266 5181 2329 5217; x_wconf 84' lang='lat' dir='ltr'><strong>ne</strong></span> <span class='ocrx_word' id='word_1_937' title='bbox 2358 5166 2508 5217; x_wconf 82' lang='lat' dir='ltr'><strong>vobis</strong></span> <span class='ocrx_word' id='word_1_938' title='bbox 2535 5167 2746 5235; x_wconf 89' lang='lat' dir='ltr'><strong>quidem</strong></span> <span class='ocrx_word' id='word_1_939' title='bbox 2777 5168 2922 5236; x_wconf 84' lang='lat' dir='ltr'><strong>ipsis.</strong></span> <span class='ocrx_word' id='word_1_940' title='bbox 2952 5167 3152 5222; x_wconf 86' lang='lat' dir='ltr'><strong>Deinde</strong></span> <span class='ocrx_word' id='word_1_941' title='bbox 3178 5183 3299 5223; x_wconf 89' lang='lat' dir='ltr'><strong>cum</strong></span> <span class='ocrx_word' id='word_1_942' title='bbox 3325 5185 3553 5226; x_wconf 87' lang='lat' dir='ltr'><strong>mentem</strong></span> 
     </span>
    </p>
   </div>
   <div class='ocr_carea' id='block_1_115' title="bbox 1972 5257 3547 5331">
    <p class='ocr_par' dir='ltr' id='par_1_115' title="bbox 1972 5257 3547 5331">
     <span class='ocr_line' id='line_1_115' title="bbox 1972 5257 3547 5331; baseline 0.006 -24"><span class='ocrx_word' id='word_1_943' title='bbox 1972 5257 2251 5320; x_wconf 79' lang='lat' dir='ltr'><strong>erexisset,</strong></span> <span class='ocrx_word' id='word_1_944' title='bbox 2284 5257 2673 5327; x_wconf 87' lang='lat' dir='ltr'><strong>sublimemque</strong></span> <span class='ocrx_word' id='word_1_945' title='bbox 2704 5258 2937 5323; x_wconf 75' lang='lat' dir='ltr'><strong>fecisset,</strong></span> <span class='ocrx_word' id='word_1_946' title='bbox 2970 5259 3044 5312; x_wconf 91' lang='lat' dir='ltr'><strong>ait</strong></span> <span class='ocrx_word' id='word_1_947' title='bbox 3076 5279 3087 5312; x_wconf 89' lang='lat'>:</span> <span class='ocrx_word' id='word_1_948' title='bbox 3122 5262 3209 5315; x_wconf 72' lang='lat'><strong>23.</strong></span> <span class='ocrx_word' id='word_1_949' title='bbox 3247 5263 3321 5316; x_wconf 86' lang='lat' dir='ltr'><strong>De</strong></span> <span class='ocrx_word' id='word_1_950' title='bbox 3348 5266 3547 5331; x_wconf 83' lang='lat' dir='ltr'><strong>virgini</strong></span> 
     </span>
    </p>
   </div>
   <div class='ocr_carea' id='block_1_116' title="bbox 1973 5348 3558 5417">
    <p class='ocr_par' dir='ltr' id='par_1_116' title="bbox 1973 5348 3558 5417">
     <span class='ocr_line' id='line_1_116' title="bbox 1973 5348 3558 5417; baseline 0.006 -19"><span class='ocrx_word' id='word_1_951' title='bbox 1973 5348 2063 5399; x_wconf 83' lang='lat' dir='ltr'><strong>bus</strong></span> <span class='ocrx_word' id='word_1_952' title='bbox 2102 5358 2268 5401; x_wconf 84' lang='lat' dir='ltr'><strong>autent</strong></span> <span class='ocrx_word' id='word_1_953' title='bbox 2316 5360 2625 5417; x_wconf 68' lang='lat' dir='ltr'><strong>praeceptum</strong></span> <span class='ocrx_word' id='word_1_954' title='bbox 2671 5349 2875 5403; x_wconf 82' lang='lat' dir='ltr'><strong>Domini</strong></span> <span class='ocrx_word' id='word_1_955' title='bbox 2914 5366 3015 5403; x_wconf 86' lang='lat' dir='ltr'><strong>non</strong></span> <span class='ocrx_word' id='word_1_956' title='bbox 3055 5350 3211 5404; x_wconf 78' lang='lat' dir='ltr'><strong>habeo</strong></span> <span class='ocrx_word' id='word_1_957' title='bbox 3248 5356 3558 5407; x_wconf 80' lang='lat' dir='ltr'><strong>:consilium</strong></span> 
     </span>
    </p>
   </div>
   <div class='ocr_carea' id='block_1_117' title="bbox 1973 5440 3555 5512">
    <p class='ocr_par' dir='ltr' id='par_1_117' title="bbox 1973 5440 3555 5512">
     <span class='ocr_line' id='line_1_117' title="bbox 1973 5440 3555 5512; baseline 0.006 -22"><span class='ocrx_word' id='word_1_958' title='bbox 1973 5449 2139 5491; x_wconf 82' lang='lat' dir='ltr'><strong>autem</strong></span> <span class='ocrx_word' id='word_1_959' title='bbox 2170 5440 2233 5491; x_wconf 88' lang='lat' dir='ltr'><strong>do</strong></span> <span class='ocrx_word' id='word_1_960' title='bbox 2254 5481 2268 5503; x_wconf 93' lang='lat'><strong>,</strong></span> <span class='ocrx_word' id='word_1_961' title='bbox 2298 5449 2557 5507; x_wconf 81' lang='lat' dir='ltr'><strong>tamquam</strong></span> <span class='ocrx_word' id='word_1_962' title='bbox 2594 5442 2987 5494; x_wconf 74' lang='lat' dir='ltr'><strong>miscricordiam</strong></span> <span class='ocrx_word' id='word_1_963' title='bbox 3022 5454 3356 5512; x_wconf 74' lang='lat' dir='ltr'><strong>consequutus</strong></span> <span class='ocrx_word' id='word_1_964' title='bbox 3384 5462 3414 5495; x_wconf 90' lang='lat' dir='ltr'><strong>a</strong></span> <span class='ocrx_word' id='word_1_965' title='bbox 3445 5445 3555 5498; x_wconf 84' lang='lat' dir='ltr'><strong>Do-</strong></span> 
     </span>
    </p>
   </div>
   <div class='ocr_carea' id='block_1_118' title="bbox 1976 5530 3556 5606">
    <p class='ocr_par' dir='ltr' id='par_1_118' title="bbox 1976 5530 3556 5606">
     <span class='ocr_line' id='line_1_118' title="bbox 1976 5530 3556 5606; baseline 0.006 -28"><span class='ocrx_word' id='word_1_966' title='bbox 1976 5531 2134 5594; x_wconf 84' lang='lat' dir='ltr'><strong>mino,</strong></span> <span class='ocrx_word' id='word_1_967' title='bbox 2163 5540 2216 5581; x_wconf 86' lang='lat' dir='ltr'><strong>ut</strong></span> <span class='ocrx_word' id='word_1_968' title='bbox 2244 5531 2339 5582; x_wconf 77' lang='lat' dir='ltr'><strong>sint</strong></span> <span class='ocrx_word' id='word_1_969' title='bbox 2363 5531 2547 5597; x_wconf 76' lang='lat' dir='ltr'><strong>ﬁdelis.</strong></span> <span class='ocrx_word' id='word_1_970' title='bbox 2580 5530 2745 5585; x_wconf 81' lang='lat' dir='ltr'><strong>Recto</strong></span> <span class='ocrx_word' id='word_1_971' title='bbox 2770 5532 2955 5585; x_wconf 91' lang='lat' dir='ltr'><strong>ordine</strong></span> <span class='ocrx_word' id='word_1_972' title='bbox 2988 5532 3281 5601; x_wconf 87' lang='lat' dir='ltr'><strong>procedens</strong></span> <span class='ocrx_word' id='word_1_973' title='bbox 3307 5534 3373 5587; x_wconf 89' lang='lat' dir='ltr'><strong>de</strong></span> <span class='ocrx_word' id='word_1_974' title='bbox 3398 5535 3556 5606; x_wconf 81' lang='lat' dir='ltr'><strong>virgi-</strong></span> 
     </span>
    </p>
   </div>
   <div class='ocr_carea' id='block_1_119' title="bbox 1976 5622 3558 5694">
    <p class='ocr_par' dir='ltr' id='par_1_119' title="bbox 1976 5622 3558 5694">
     <span class='ocr_line' id='line_1_119' title="bbox 1976 5622 3558 5694; baseline 0.006 -20"><span class='ocrx_word' id='word_1_975' title='bbox 1976 5624 2139 5677; x_wconf 82' lang='lat' dir='ltr'><strong>nitate</strong></span> <span class='ocrx_word' id='word_1_976' title='bbox 2163 5622 2414 5692; x_wconf 87' lang='lat' dir='ltr'><strong>deinceps</strong></span> <span class='ocrx_word' id='word_1_977' title='bbox 2445 5623 2769 5678; x_wconf 86' lang='lat' dir='ltr'><strong>mentionem</strong></span> <span class='ocrx_word' id='word_1_978' title='bbox 2800 5623 2945 5679; x_wconf 86' lang='lat' dir='ltr'><strong>facit.</strong></span> <span class='ocrx_word' id='word_1_979' title='bbox 2982 5624 3265 5694; x_wconf 84' lang='lat' dir='ltr'><strong>Postquam</strong></span> <span class='ocrx_word' id='word_1_980' title='bbox 3294 5627 3435 5679; x_wconf 89' lang='lat' dir='ltr'><strong>enim</strong></span> <span class='ocrx_word' id='word_1_981' title='bbox 3466 5644 3558 5682; x_wconf 86' lang='lat' dir='ltr'><strong>eos</strong></span> 
     </span>
    </p>
   </div>
   <div class='ocr_carea' id='block_1_120' title="bbox 1977 5712 3556 5789">
    <p class='ocr_par' dir='ltr' id='par_1_120' title="bbox 1977 5712 3556 5789">
     <span class='ocr_line' id='line_1_120' title="bbox 1977 5712 3556 5789; baseline 0.003 -23"><span class='ocrx_word' id='word_1_982' title='bbox 1977 5712 2043 5766; x_wconf 90' lang='lat' dir='ltr'><strong>de</strong></span> <span class='ocrx_word' id='word_1_983' title='bbox 2070 5715 2397 5768; x_wconf 84' lang='lat' dir='ltr'><strong>continentia</strong></span> <span class='ocrx_word' id='word_1_984' title='bbox 2428 5716 2676 5783; x_wconf 85' lang='lat' dir='ltr'><strong>loquutus</strong></span> <span class='ocrx_word' id='word_1_985' title='bbox 2702 5716 2942 5769; x_wconf 82' lang='lat' dir='ltr'><strong>exercuit</strong></span> <span class='ocrx_word' id='word_1_986' title='bbox 2969 5725 3023 5770; x_wconf 90' lang='lat' dir='ltr'><strong>et</strong></span> <span class='ocrx_word' id='word_1_987' title='bbox 3054 5718 3382 5789; x_wconf 87' lang='lat' dir='ltr'><strong>composuit,</strong></span> <span class='ocrx_word' id='word_1_988' title='bbox 3409 5718 3475 5771; x_wconf 91' lang='lat' dir='ltr'><strong>ad</strong></span> <span class='ocrx_word' id='word_1_989' title='bbox 3508 5720 3556 5773; x_wconf 87' lang='lat' dir='ltr'><strong>id</strong></span> 
     </span>
    </p>
   </div>
   <div class='ocr_carea' id='block_1_121' title="bbox 1978 5809 3558 5883">
    <p class='ocr_par' dir='ltr' id='par_1_121' title="bbox 1978 5809 3558 5883">
     <span class='ocr_line' id='line_1_121' title="bbox 1978 5809 3558 5883; baseline 0.001 -19"><span class='ocrx_word' id='word_1_990' title='bbox 1978 5809 2117 5881; x_wconf 89' lang='lat' dir='ltr'><strong>quod</strong></span> <span class='ocrx_word' id='word_1_991' title='bbox 2161 5810 2330 5879; x_wconf 85' lang='lat' dir='ltr'><strong>majus</strong></span> <span class='ocrx_word' id='word_1_992' title='bbox 2376 5820 2453 5865; x_wconf 85' lang='lat' dir='ltr'><strong>est</strong></span> <span class='ocrx_word' id='word_1_993' title='bbox 2492 5810 2791 5881; x_wconf 80' lang='lat' dir='ltr'><strong>egreditur,</strong></span> <span class='ocrx_word' id='word_1_994' title='bbox 2838 5809 3184 5883; x_wconf 72' lang='lat' dir='ltr'><strong>Prwceplum,</strong></span> <span class='ocrx_word' id='word_1_995' title='bbox 3229 5810 3426 5882; x_wconf 85' lang='lat' dir='ltr'><strong>inquit,</strong></span> <span class='ocrx_word' id='word_1_996' title='bbox 3460 5829 3558 5866; x_wconf 84' lang='lat' dir='ltr'><strong>non</strong></span> 
     </span>
    </p>
   </div>
  </div>
