4028 6208
497 319 599 377 159

505 436 662 488 nam
684 447 703 496 ;
729 429 823 486 sed
852 429 1045 484 bonam
1077 444 1187 483 rem
1215 443 1336 482 esse
1362 438 1510 499 puto.
1541 426 1762 495 Quare?
1790 424 1990 480 Eadem
2018 423 2087 478 de

504 536 665 578 causa
688 562 702 583 ,
726 535 877 591 quam
922 518 991 575 de
1025 519 1351 575 continentia
1393 519 1589 589 posuit.
1622 517 1711 571 27.
1755 516 2009 585 Alligatus
2036 531 2087 568 es

502 613 654 668 uxori
671 613 697 667 7
722 611 832 666 noli
854 626 1081 677 querere
1113 610 1437 664 solutionem.
1479 608 1693 663 Solutus
1722 622 1773 660 es
1801 606 1863 661 ab
1891 605 2091 660 uxore!

501 703 610 757 noli
636 718 860 773 quaere
888 718 1118 756 uxorem.
1146 700 1271 755 Haec
1300 714 1405 754 non
1432 706 1559 753 sunt
1581 698 1923 767 repugnantis
1951 696 2092 767 prio-

503 795 685 860 ribus;
710 795 817 849 itno
839 795 989 848 valde
1011 794 1075 848 iis
1097 792 1457 847 assentientis.
1477 790 1609 845 Nam
1633 803 1683 844 et
1709 791 1815 844 illic
1835 791 1909 845 ait
1934 808 1947 845 :
1974 788 2094 843 Nisi

502 889 634 956 forte
660 901 724 940 ea:
744 901 991 940 consensu
1014 900 1034 948 ,'
1062 883 1148 939 hic
1177 900 1305 938 vero
1327 883 1456 937 dicit
1486 898 1500 937 :
1531 883 1780 953 Alligatus
1816 899 1869 937 es
1904 883 2050 937 uxori
2068 883 2093 935 2

503 976 609 1031 noli
637 992 860 1047 querere
898 976 1221 1030 solutionem.
1273 975 1387 1030 Hoc
1425 989 1587 1043 porro
1627 974 1953 1028 contrarium
1984 990 2090 1027 non

499 1079 577 1123 est
606 1083 621 1120 :
646 1082 767 1122 nam
795 1067 936 1137 quod
968 1076 1159 1136 praeter
1185 1073 1420 1121 mentem
1446 1075 1527 1119 est
1553 1075 1608 1119 et
1634 1065 1982 1127 voluntatem,
2009 1073 2093 1118 est

500 1158 735 1224 solutio;
766 1160 809 1212 si
850 1168 1030 1214 autem
1058 1158 1428 1213 continuerint
1454 1172 1517 1211 cx
1553 1157 1829 1226 utriusque
1858 1170 2089 1210 consen-

502 1267 588 1314 su,
621 1266 725 1306 non
750 1262 829 1305 est
858 1251 1077 1306 solutio.

568 1340 622 1396 ϐ.
648 1341 892 1405 Deinde,
934 1356 1003 1394 ne
1043 1339 1148 1395 hoc
1180 1339 1422 1394 videatur
1450 1338 1535 1395 lex
1564 1354 1714 1403 esse,
1761 1337 2037 1408 subjunin
2064 1354 2081 1396 ξ

500 1429 587 1486 28.
620 1430 679 1485 Si
706 1440 874 1484 autem
900 1430 1151 1499 acceperis
1180 1438 1411 1496 uxorem,
1442 1445 1541 1482 non
1572 1428 1809 1497 peccasti.
1836 1427 1949 1482 Sub
1977 1428 2092 1481 haec

502 1522 847 1591 pmsentium
874 1536 1089 1576 causam
1121 1519 1309 1582 aﬂ'ert,
1340 1521 1630 1574 instantem
1676 1517 2050 1571 necessitatem
2070 1558 2086 1581 ,

499 1624 712 1684 ternpus
746 1622 1081 1668 contractum
1109 1620 1165 1667 et
1204 1611 1624 1666 tribulationem.
1670 1609 1831 1664 Multa
1862 1624 2090 1679 namque

498 1701 824 1767 connubium
850 1718 1033 1759 secum
1063 1702 1246 1767 trahit,
1277 1718 1397 1772 quae
1426 1711 1483 1757 ct
1513 1701 1597 1756 hic
1625 1700 2001 1763 subindicavit,
2032 1710 2087 1755 et

502 1799 554 1852 in
582 1790 831 1855 sermone
858 1796 926 1851 de
944 1794 1273 1850 continentia
1301 1813 1314 1848 :
1346 1794 1457 1848 illic
1481 1792 1692 1863 quidem
1716 1792 1901 1848 dicens
1922 1835 1936 1858 ,
1963 1808 2084 1846 mu-

408 1942 416 1949 _
498 1891 681 1945 liereni
707 1904 811 1943 non
836 1889 913 1942 sui
939 1896 1253 1957 potestatem
1274 1886 1503 1949 habere;
1532 1886 1617 1939 hic
1643 1895 1843 1951 autem,
1874 1882 2088 1939 Solutus

499 1999 572 2036 es.
606 1980 668 2036 Si
705 1990 873 2034 autem
900 1995 1110 2034 uxorem
1136 1980 1423 2047 acceperis,
1457 1992 1556 2030 non
1600 1976 1851 2045 peccasti;
1882 1990 1989 2029 non
2019 1975 2088 2028 de

495 2089 561 2130 ea
592 2073 815 2145 loquens
859 2088 980 2143 quae
1024 2070 1381 2142 virginitatem
1416 2070 1613 2139 elegit;
1644 2072 1760 2140 ipsa
1790 2068 1933 2123 enim
1974 2069 2084 2138 jam

500 2164 757 2235 peccavit.
785 2162 921 2219 Nam
947 2162 991 2217 si
1020 2162 1193 2217 vidua:
1224 2162 1276 2215 in
1303 2162 1507 2216 crimen
1540 2169 1817 2225 vocantur,
1848 2176 1968 2214 cum
1994 2175 2085 2215 sc-

500 2255 706 2311 cundas
744 2255 959 2324 nuptias
983 2252 1390 2318 contraxerint,
1433 2251 1478 2305 si
1507 2251 1675 2305 semel
1713 2250 1975 2321 elegerint
2003 2250 2052 2304 vi
2064 2279 2083 2290 -

499 2346 791 2410 duitatem;
819 2344 990 2398 multo
1016 2343 1185 2414 magis
1207 2342 1456 2412 virgines.
1491 2340 1888 2394 Tribulationem
1918 2349 2093 2411 tamen

499 2437 665 2493 carnis
690 2436 941 2492 habebunt
967 2434 1280 2505 hujusmodi.
1312 2434 1473 2503 Atqui
1514 2435 1675 2487 etiam
1715 2433 2045 2502 voluptatem
2068 2474 2085 2501 ,

501 2528 729 2597 inquies.
755 2527 863 2585 Sed
903 2526 1023 2581 vide
1048 2527 1321 2596 quomodo
1361 2525 1506 2580 illam
1536 2526 1791 2594 temporis
1828 2526 2089 2581 brevitate

502 2618 848 2684 contraxerit,
875 2617 1091 2673 dicens:
1120 2616 1211 2671 29.
1233 2614 1456 2686 Tempus
1484 2618 1626 2670 breve
1651 2627 1743 2670 est.
1772 2615 1828 2669 Id
1856 2624 1968 2679 est,
1996 2616 2085 2685 ju-

502 2710 691 2775 bemnr
711 2709 1036 2781 peregrinari
1057 2716 1113 2763 et
1139 2707 1400 2763 excedere
1428 2706 1644 2760 domum
1670 2724 1685 2769 ;
1716 2715 1771 2760 tu
1797 2721 1926 2761 vero
1953 2706 2089 2761 inte-

503 2802 616 2859 rius
657 2801 849 2857 curris.
896 2801 1057 2870 Atqui
1105 2799 1312 2853 etiamsi
1361 2797 1492 2853 nihil
1538 2799 1821 2853 molestum
1868 2798 2087 2853 haberet

504 2892 932 2955 matrimonium,
962 2891 1029 2945 ad
1069 2889 1245 2945 futura
1288 2899 1463 2945 tamen
1497 2889 1747 2944 festinare
1775 2898 2084 2959 Oporteret;

499 3000 622 3041 eum
648 2995 827 3039 autem
868 2982 1165 3038 molestiam
1206 2997 1389 3037 secum
1431 2982 1639 3047 trahat,
1668 2981 1795 3052 quid
1834 2997 1969 3051 opus
2006 2990 2090 3035 est

499 3093 640 3133 onus
657 3075 967 3132 attrahere?
987 3089 1084 3131 cur
1111 3083 1309 3129 tantam
1331 3073 1609 3140 suscipere
1632 3074 1851 3136 molem,
1874 3071 2089 3141 quando

500 3180 784 3242 postquam
823 3167 1163 3237 susceperis,
1208 3167 1277 3221 ita
1307 3167 1381 3220 uti
1432 3166 1518 3220 illa
1546 3174 1761 3235 oportet
1802 3180 1866 3219 ac
1906 3165 1951 3219 si
1982 3179 2086 3219 non

503 3262 763 3319 haberes?
801 3262 1002 3317 etenim
1040 3261 1115 3315 ait
1148 3281 1161 3317 :
1207 3260 1307 3327 Qui
1347 3258 1531 3312 habent
1576 3274 1790 3321 mres,
1832 3268 2090 3328 tamquam

501 3372 603 3409 non
630 3353 866 3407 habentes
887 3353 1008 3408 sint.
1038 3350 1241 3405 Deinde
1262 3392 1277 3415 ,
1307 3365 1428 3404 cum
1453 3349 1520 3403 de
1546 3348 1737 3402 futuris
1764 3347 1890 3417 quid
1920 3348 2088 3401 inter-

504 3443 801 3516 posuisset,
843 3457 1029 3499 rursus
1067 3442 1136 3497 ad
1163 3456 1404 3512 praesens
1431 3451 1641 3509 tempus
1668 3452 1977 3492 sermonem
2007 3453 2091 3491 re-

503 3537 670 3593 ducit.
702 3535 912 3591 Etenim
951 3534 1056 3589 alia
1082 3542 1208 3589 sunt
1233 3531 1532 3602 spiritualia
1558 3546 1575 3582 :
1626 3529 1714 3583 illa
1742 3528 1939 3597 quippe
1970 3542 2090 3596 quae

504 3630 604 3684 viri
647 3636 803 3689 sunt,
837 3624 954 3680 haec
978 3632 1156 3679 autem
1186 3637 1307 3693 qua:
1332 3629 1459 3675 sunt
1491 3619 1583 3675 Dei
1612 3631 1802 3682 curat;
1830 3617 1931 3671 alia
1961 3631 2091 3671 vero

505 3728 630 3774 sunt
656 3717 937 3790 prmeentis
960 3716 1115 3782 vitze;
1146 3712 1273 3769 illud
1297 3726 1508 3782 nempe,
1536 3708 1626 3765 32.
1662 3707 1788 3763 Volo
1814 3717 1979 3761 autem
2007 3724 2091 3761 vos

506 3814 615 3868 sine
638 3810 975 3867 sollicitudine
997 3826 1124 3864 esse.
1156 3812 1407 3862 Attamen
1434 3805 1564 3860 illud
1588 3820 1800 3875 quoque
1828 3808 1877 3857 in
1901 3818 2089 3859 eorum

509 3910 825 3974 potestatem
869 3900 1112 3954 remittit.
1141 3898 1274 3952 Nam
1302 3896 1391 3964 qui
1436 3905 1717 3962 postquam
1759 3893 1993 3947 ostendit
2039 3892 2089 3944 id

1172 312 1230 370 S.
1267 312 1546 370 JOANNIS
1573 311 2046 370 CHRYSOSTOMI
2086 310 2401 367 ARCHIEP.
2441 309 2969 367 CONSTANTINOP.

3687 276 3927 375 uso.

2191 422 2330 491 quod
2358 432 2439 479 est
2479 422 2784 493 eligendum
2808 467 2821 489 ,
2864 441 3052 480 rursus
3089 427 3230 498 cOgit
3251 470 3266 494 ,
3301 427 3510 484 videtur
3537 444 3644 485 non
3676 445 3793 487 suis

2195 516 2359 572 tidere
2388 517 2583 571 verbis.
2614 518 2953 587 Quapropter
2971 520 3319 575 concessione
3342 522 3508 591 magis
3530 522 3677 592 ipsos
3707 525 3791 578 in-

2193 605 2345 661 duxit
2377 620 2432 661 et
2471 607 2724 673 retinuit,
2768 606 2955 663 dicens
2984 627 2999 663 :
3031 609 3119 664 35.
3173 609 3336 665 Porro
3365 614 3460 667 hoc
3486 614 3554 667 ad
3579 614 3790 669 utilita—

2195 710 2292 753 tem
2319 711 2534 755 oestram
2560 702 2674 755 dico
2692 744 2705 767 ,
2752 720 2854 757 non
2879 714 2933 757 ut
2961 703 3195 775 laqueum
3237 707 3373 761 vobis
3397 707 3623 780 injiciam
3644 750 3662 775 ,
3696 710 3801 764 sed

2194 792 2263 844 ad
2288 793 2343 846 id
2364 792 2500 862 quod
2527 793 2792 848 honestum
2817 805 2928 859 est,
2970 806 3017 848 et
3042 795 3178 861 quod
3217 798 3510 862 facultatem
3536 801 3787 865 pra-beat.

2196 882 2430 937 Audiant
2454 884 2715 953 virgines,
2746 884 2887 955 quod
2918 884 3196 955 virginitas
3226 886 3278 940 in
3319 885 3422 941 hoc
3447 902 3552 942 non
3591 890 3789 945 termi-

2198 982 2388 1027 netur:
2423 987 2546 1027 nam
2586 988 2707 1042 quae
2744 988 2830 1028 res
2870 976 3050 1035 mundi
3080 984 3265 1041 curat,
3311 991 3411 1032 nec
3436 977 3583 1047 virgo
3626 978 3788 1033 fuerit

2198 1077 2294 1115 nec
2323 1061 2568 1117 honesta.
2598 1062 2733 1117 Cum
2760 1063 2985 1119 dixisset
3011 1066 3189 1133 enim,
3217 1064 3395 1121 Divisa
3422 1077 3496 1123 est
3525 1068 3710 1123 mulier
3738 1079 3793 1123 et

2195 1155 2355 1224 virgo,
2386 1154 2525 1209 hanc
2552 1154 2908 1210 diﬂ‘erentiam
2942 1159 3152 1226 posuit,
3181 1169 3236 1214 et
3274 1174 3377 1229 qua
3407 1161 3459 1215 in
3487 1177 3547 1216 re
3574 1160 3791 1217 discre-

2197 1255 2323 1313 pent
2348 1244 2505 1300 dixit.
2530 1247 2608 1301 Ac
2633 1261 2755 1301 cum
2782 1246 3151 1302 definitionem
3178 1248 3327 1304 dedit
3355 1250 3570 1321 virginis
3595 1262 3651 1308 et
3676 1268 3789 1307 non

2196 1338 2449 1407 virginis,
2493 1354 2597 1393 non
2628 1339 2875 1408 nuptias,
2918 1355 3025 1395 non
3059 1340 3443 1395 continentiam
3476 1342 3641 1408 dixit,
3687 1345 3789 1399 sed

2194 1430 2574 1485 sollicitudinis
2600 1434 2923 1488 vacuitatem
2965 1445 3020 1489 et
3046 1450 3293 1506 magnam
3338 1435 3789 1493 sollicitudinem.

2191 1519 2308 1574 Non
2340 1522 2481 1575 enim
2517 1524 2691 1579 coitus
2721 1524 2892 1578 malus
2935 1537 3055 1592 est,
3096 1527 3190 1581 sed
3234 1526 3673 1597 impedimentum
3716 1531 3805 1583 ad.-

2192 1609 2583 1681 philosophiam
2612 1613 2833 1668 malum.
2865 1615 2955 1670 56.
2986 1614 3050 1671 Si
3071 1617 3184 1685 quis
3212 1628 3383 1673 autern
3407 1628 3606 1689 turpem
3630 1636 3685 1673 se
3709 1620 3788 1673 ri-

2195 1703 2304 1756 deri
2348 1703 2603 1758 existimat
2630 1720 2786 1772 super
2812 1707 3006 1777 uirgine
3039 1724 3151 1761 sua.
3195 1709 3293 1765 Hic
3331 1710 3542 1767 videtur
3566 1711 3788 1780 quidem

2194 1794 2262 1848 de
2302 1794 2644 1849 matrimonio
2671 1794 2850 1864 loqui;
2892 1804 3062 1851 totum
3085 1805 3263 1851 autem
3308 1799 3437 1853 dicit
3461 1800 3530 1854 de
3561 1801 3789 1869 virgini-

2198 1894 2304 1939 tate
2332 1902 2345 1939 :
2378 1900 2502 1940 nam
2529 1896 2581 1941 et
2617 1886 2911 1942 secundum
2934 1888 3180 1943 concedit
3205 1889 3606 1944 matrimonium
3625 1932 3641 1956 ,
3670 1901 3791 1947 tan-

2196 1984 2307 2030 tum
2345 1974 2412 2031 In
2448 1975 2689 2033 Domino.
2730 1978 2867 2047 Quid
2895 1988 2977 2035 est
3014 1979 3183 2047 illud,
3229 1979 3296 2035 In
3340 1980 3607 2035 Domino?
3648 1982 3785 2037 Cum

2194 2070 2475 2135 castitate,
2497 2085 2617 2127 cum
2648 2070 2948 2127 honestate.
2979 2072 3090 2128 Hac
3117 2074 3263 2128 enim
3293 2073 3490 2143 ubique
3517 2083 3600 2130 est
3626 2090 3783 2144 opus,

2196 2162 2474 2231 ipsamque
2499 2162 2705 2233 insequi
2747 2174 2960 2235 oportet
2991 2182 3005 2220 :
3036 2165 3273 2236 alioquin
3302 2182 3370 2222 ne
3396 2167 3525 2222 licet
3562 2167 3786 2238 quidem

2198 2251 2365 2307 Deum
2388 2253 2591 2309 videre.
2618 2255 2675 2311 Si
2696 2264 2875 2311 autem
2899 2257 3288 2328 prteterivimus
3304 2272 3389 2321 ea,
3415 2273 3535 2328 quae
3554 2259 3797 2314 dicenda

2194 2353 2349 2399 erant
2364 2344 2431 2400 de
2448 2346 2770 2423 virginitate,
2792 2363 2948 2401 nemo
2971 2362 3069 2401 nos
3082 2348 3419 2419 negligentia:
3438 2348 3784 2404 condeminet.

2196 2436 2414 2491 Librum
2444 2437 2587 2492 enim
2622 2438 2887 2507 integrum
2922 2439 2973 2491 in
3017 2454 3135 2494 eam
3166 2455 3278 2494 rem
3310 2438 3573 2515 edidimus
3604 2440 3701 2507 (a),
3734 2451 3799 2494 cs

2194 2543 2315 2583 cum
2347 2528 2420 2583 ibi
2445 2538 2698 2584 accurate
2717 2540 2973 2599 quantum
2998 2532 3267 2601 potuimus
3293 2531 3435 2585 illam
3454 2546 3567 2587 nem
3591 2541 3787 2585 tracta.-

2195 2620 2465 2685 verimus,
2494 2634 2951 2689 supervacaneum
2994 2636 3115 2676 esse
3156 2621 3406 2677 duximus
3448 2622 3636 2677 eadem
3671 2622 3783 2691 ipsa

2197 2710 2283 2766 hic
2332 2721 2595 2782 repetere.
2647 2712 3008 2781 Quamobrem
3058 2713 3151 2769 illo
3194 2716 3528 2771 remittentes
3569 2714 3782 2769 audito.

2196 2817 2310 2857 rem
2332 2843 2348 2866 ,
2388 2803 2475 2857 hic
2506 2802 2635 2856 illud
2666 2803 2941 2869 dit-emus,
2973 2804 3359 2859 continentiam
3401 2820 3524 2861 esse
3567 2815 3782 2859 sectati.-

2195 2892 2317 2947 dam
2348 2912 2360 2946 :
2395 2908 2517 2947 nam
2545 2894 2621 2947 ait
2651 2892 2740 2948 ille
2765 2912 2780 2948 :
2813 2891 3003 2947 Pacem
3032 2896 3388 2967 psrsequimini
3415 2906 3462 2948 et
3489 2899 3783 2967 sanctiﬁca-

2195 2986 2382 3038 tionem
2398 3027 2412 3049 ,
2440 2986 2549 3039 sine
2573 3002 2672 3055 qua
2709 3001 2853 3039 nemo
2876 2986 3061 3039 videbit
3092 2984 3387 3040 Dominum.
3416 2985 3484 3043 Ut
3506 3002 3635 3058 ergo
3660 3005 3797 3046 eun»

2196 3074 2380 3132 videre
2409 3076 2721 3146 dignemur;
2756 3078 2869 3132 sive
2906 3077 2958 3131 in
3003 3077 3310 3146 virginitate
3349 3076 3638 3149 degamus,
3670 3081 3785 3135 sive

2195 3172 2248 3224 in
2274 3170 2458 3239 primis
2476 3171 2589 3226 sive
2610 3171 2660 3224 in
2687 3171 2937 3226 secundis
2956 3172 3173 3241 nuptiis,
3201 3173 3340 3227 hanc
3360 3187 3775 3245 persequamur,

2197 3271 2255 3315 ut
2283 3275 2506 3331 regnum
2534 3260 2789 3315 ca-lurum
2832 3259 3215 3332 adipiscamur,
3247 3264 3416 3333 gratia
3447 3272 3501 3319 et
3537 3264 3784 3336 benigni-

2198 3362 2307 3407 tate
2337 3354 2545 3407 Domini
2577 3354 2745 3409 nostri
2776 3353 2903 3408 Jesu
2941 3352 3173 3418 Christi,
3215 3356 3431 3425 quicum
3471 3355 3612 3411 Patri
3652 3373 3783 3412 una-

2196 3460 2302 3516 que
2329 3434 2547 3516 Spiritui
2570 3456 2758 3501 sancto
2785 3440 2978 3517 glaria,
3013 3447 3315 3515 imperium,
3345 3448 3538 3516 honor,
3570 3464 3711 3505 nunc
3730 3459 3784 3506 et

2197 3551 2431 3607 semper,
2466 3545 2523 3593 et
2551 3536 2604 3591 in
2632 3537 2828 3592 saacula
2860 3535 3203 3591 szeculorum.
3237 3539 3430 3592 Amen.

2259 3715 2334 3777 (a)
2357 3713 2450 3767 Hic
2474 3713 2651 3778 librum
2670 3726 2814 3778 suum
2823 3712 2901 3778 de
2922 3712 3219 3778 Virginitate
3243 3718 3501 3778 memorat,
3518 3729 3671 3778 quem
3685 3717 3783 3765 edi-

2198 3774 2307 3826 mus
2317 3774 2467 3825 Temo
2489 3776 2535 3835 1,
2551 3775 2644 3825 col.
2666 3774 2892 3838 ,εει-δελ
2907 3774 3037 3837 Lege
3062 3776 3285 3824 Monitum
3301 3774 3443 3837 aperi
3463 3774 3781 3838 prémtsnim,

2200 3840 2279 3886 ubi
2307 3838 2439 3886 clare
2464 3834 2706 3899 ρτὸωωε
2714 3838 2847 3885 idem
2880 3834 3040 3899 lpgim
3061 3848 3185 3899 Opus
3229 3842 3282 3884 et
3326 3834 3430 3899 non
3460 3834 3592 3885 illud
3615 3839 3665 3885 in
3688 3834 3785 3887 Ine

2200 3848 2279 3886 ubi
2307 3848 2439 3886 ctare
2464 3848 2692 3899 prooatur
2714 3848 2847 3885 idem
2880 3848 2896 3885 ι
3125 3848 3185 3884 us
3229 3848 3282 3884 et
3326 3848 3421 3883 non

2200 3898 2573 3959 bujusnomiliae
2597 3898 2647 3945 in
2671 3896 2825 3958 Epist.
2851 3848 3148 3946 mox.
3173 3895 3453 3944 menmri.

528 4005 3785 4037 MM

1934 4094 2279 4156 HOMILIA
2321 4095 2471 4155 XX.

505 4256 635 4310 Car.
667 4256 721 4310 8.
754 4271 806 4307 v.
842 4256 893 4309 ι.
928 4253 1006 4308 De
1046 4255 1109 4308 iis
1153 4262 1343 4317 autem,
1388 4264 1506 4321 quat
1548 4248 1700 4303 idolis
1734 4247 2086 4313 immolantur,

580 4347 767 4402 scimus
790 4343 924 4411 quod
961 4358 1133 4397 omnes
1160 4342 1422 4395 scientiam
1451 4339 1708 4393 Moesicas.
1755 4337 1985 4395 Scientia
2012 4338 2092 4392 in-

580 4438 702 4509 ﬂat,
729 4435 915 4491 caritas
941 4448 1055 4487 vero
1084 4430 1325 4495 ludiﬁcat.

583 4533 633 4584 ί.
665 4529 896 4585 Necesse
933 4536 1016 4583 est
1043 4526 1218 4597 primo
1241 4523 1422 4579 dicere
1446 4519 1575 4593 quid
1604 4519 1707 4575 sibi
1741 4518 1869 4574 velit
1896 4520 1984 4573 hic
2011 4520 2095 4573 lo-

511 4636 609 4677 cus
637 4638 651 4675 :
684 4624 762 4676 sic
796 4635 1025 4690 namque
1053 4618 1211 4673 facile
1238 4616 1570 4685 intelligetur
1599 4611 1743 4683 quod
1778 4609 1971 4666 dicturi
2000 4624 2093 4663 su-

514 4729 651 4768 mus.
693 4711 796 4779 Qui
834 4711 979 4765 enim
1016 4709 1243 4778 aliquem
1284 4706 1523 4761 accusari
1563 4705 1746 4770 videt,
1799 4702 1901 4758 nisi
1951 4701 2097 4771 prius

514 4801 719 4869 peccati
742 4808 985 4853 naturam
1016 4808 1224 4861 noscat,
1250 4811 1371 4865 quae
1396 4795 1645 4850 dicentur
1673 4810 1779 4850 non
1810 4794 2092 4864 intelliget.

514 4895 625 4960 Qua
654 4904 782 4959 ergo
808 4887 877 4944 de
919 4902 981 4943 re
1025 4896 1153 4942 tunc
1185 4884 1493 4941 Corinthios
1522 4886 1841 4940 accusabat?
1877 4885 2093 4941 Crimen

512 4992 629 5039 erat
663 4997 947 5054 magnum,
978 4996 1040 5035 ac
1068 4979 1361 5035 multorum
1401 4992 1564 5033 causa
1601 4979 1884 5031 malorum.
1928 4978 2096 5045 Quale

514 5076 639 5131 illud
656 5077 681 5129 ἲ
706 5076 851 5131 Multi
879 5090 943 5130 ex
974 5074 1081 5129 illis
1105 5088 1227 5128 cum
1253 5070 1589 5137 didicissent,
1620 5084 1725 5125 non
1755 5085 1874 5139 qua:
1895 5070 2097 5123 intrant

513 5165 794 5235 inquinare
822 5164 1113 5231 hominem,
1136 5162 1231 5218 sed
1251 5176 1371 5233 quae
1391 5169 1588 5217 exeunt
1610 5176 1623 5213 :
1647 5170 1698 5214 et
1721 5158 1883 5222 idola,
1904 5173 2096 5226 nempe

512 5257 689 5324 ligna,
734 5254 937 5322 lapides
984 5264 1039 5309 et
1079 5254 1499 5315 daamones,nec
1538 5266 1736 5308 nocere
1780 5265 1879 5305 nec
1900 5249 2095 5319 juvare

516 5360 705 5415 posse,
748 5344 864 5399 sine
909 5344 1069 5399 modo
1111 5346 1219 5401 ullo
1264 5345 1365 5400 bac
1406 5344 1643 5413 perfecta
1676 5343 1754 5398 rei
1791 5341 2096 5412 cognitione

516 5438 821 5501 utebantur,
850 5443 905 5492 et
945 5439 1001 5489 in
1040 5450 1194 5491 suum
1235 5446 1288 5492 et
1328 5436 1380 5491 in
1425 5436 1655 5492 aliorum
1692 5433 2094 5490 detrimentum.

513 5528 647 5585 Nam
686 5527 754 5585 ad
790 5527 933 5585 idola
968 5527 1423 5601 ingrediebantur,
1470 5537 1527 5584 et
1562 5542 1865 5584 mensarum
1897 5524 2092 5581 ibidem

516 5623 802 5693 participes
826 5630 1017 5688 erant,
1050 5621 1279 5693 hincque
1310 5638 1555 5694 magnam
1584 5621 1880 5677 inferebant
1908 5620 2092 5691 perni-

514 5714 673 5771 ciem.
710 5715 841 5771 Nam
882 5716 975 5787 qui
998 5714 1171 5770 adhuc
1200 5715 1337 5773 idola
1382 5714 1674 5781 timebant,
1714 5729 1812 5771 nec
1856 5726 2095 5771 contem-

2199 4244 2374 4301 nenda
2402 4244 2489 4299 illa
2522 4258 2643 4299 esse
2669 4243 2999 4311 didicerant,
3025 4262 3300 4305 uenarum
3326 4251 3628 4321 bujusmodi
3662 4268 3779 4322 par-

2201 4338 2389 4409 ticipes
2414 4344 2568 4392 erant
2587 4376 2603 4402 ,
2634 4349 2756 4390 cum
2800 4334 3151 4405 perfectiores
3180 4338 3424 4396 viderent
3450 4342 3679 4412 idipsum
3709 4343 3781 4398 fa-

2198 4432 2437 4496 cientes,
2485 4438 2541 4485 et
2580 4428 2705 4483 hinc
2750 4427 2987 4482 maxime
3031 4426 3365 4483 ladebantur
3394 4428 3609 4500 (neque
3641 4434 3788 4499 enim

2200 4523 2386 4579 eadem
2417 4538 2518 4593 qua
2552 4523 2631 4578 illi
2663 4527 2844 4577 mente
2876 4519 3117 4599 apposita
3137 4560 3155 4585 ,
3185 4518 3279 4575 sed
3308 4521 3463 4590 quasi
3504 4520 3659 4576 idolis
3686 4522 3782 4575 im-

2201 4613 2396 4667 molata
2422 4614 2725 4669 habebant:
2756 4622 2811 4668 et
2830 4628 2893 4668 ea
2914 4626 3003 4667 res
3024 4612 3106 4667 via
3128 4620 3244 4667 erat
3263 4610 3330 4667 ad
3358 4610 3773 4682 idololatriam):

2200 4710 2257 4756 et
2285 4703 2359 4755 illi
2385 4718 2596 4774 quoque
2626 4706 2715 4775 qui
2746 4703 3095 4775 perfectiores
3123 4712 3299 4771 erant,
3327 4718 3434 4759 non
3460 4702 3560 4759 levi
3585 4703 3787 4759 damno.

2199 4792 2593 4860 efﬁciebantur,
2625 4795 2753 4850 dum
2783 4794 2985 4851 mensis
3011 4795 3322 4852 damonicis
3357 4797 3683 4853 fruerentur.
3716 4795 3782 4852 Et

2204 4887 2305 4943 hoc
2333 4886 2552 4957 quidem
2591 4886 2794 4941 crimen
2822 4894 2956 4941 erat.
2989 4886 3186 4943 Beatus
3214 4898 3392 4942 autem
3418 4888 3522 4964 vir,
3556 4898 3613 4944 It
3654 4888 3780 4945 illud

2201 4981 2544 5046 emendaret,
2576 4993 2684 5033 non
2727 4977 2910 5032 statim
2938 4976 3245 5033 vehementi
3289 4976 3457 5033 utitur
3496 4979 3777 5036 oratione:

2202 5089 2323 5128 nam
2355 5088 2421 5128 ex
2463 5068 2769 5141 insipientia
2798 5069 2969 5140 magis
2988 5111 3003 5132 ,
3034 5083 3193 5139 quam
3222 5083 3288 5124 ex
3319 5066 3520 5123 malitia
3557 5069 3609 5124 id
3638 5068 3778 5125 desi-

2197 5163 2480 5233 gnabatur.
2509 5161 2688 5230 Quare
2716 5160 2869 5214 initio
2893 5157 3269 5214 adhortatione
3289 5158 3461 5229 magis
3485 5174 3621 5230 opus
3644 5169 3777 5221 erat,

2198 5272 2357 5325 quam
2403 5254 2706 5310 vehementi
2750 5251 3111 5320 increpatione
3151 5262 3205 5307 et
3230 5252 3612 5324 indignatione.
3654 5251 3779 5305 Ani-

2204 5346 2474 5402 madverte
2502 5346 2660 5417 igitur
2697 5345 2813 5414 ejus
2869 5343 3238 5413 prudentiam,
3282 5346 3554 5417 quomodo
3604 5341 3780 5397 statim

2198 5436 2619 5492 admonitionem
2650 5435 2905 5504 incipiat:
2940 5434 3014 5488 De
3039 5437 3100 5489 iis
3130 5447 3333 5504 autem,
3362 5450 3479 5504 qua
3506 5432 3657 5486 idolis
3685 5432 3777 5486 im-

2200 5526 2474 5593 molantur,
2500 5530 2687 5583 scimus
2712 5526 2849 5597 quod
2872 5543 3042 5582 omnes
3066 5529 3328 5582 scientiam
3348 5524 3608 5580 habemus.
3638 5521 3779 5579 Infir-

2200 5619 2458 5675 miorihus
2505 5620 2748 5684 relictis,
2805 5618 2946 5687 quod
2992 5635 3208 5691 semper
3257 5619 3415 5684 facit,
3463 5616 3779 5673 valentiores

2198 5712 2428 5784 primum
2464 5711 2787 5783 aggreditur.
2836 5710 2947 5767 lloc
2990 5714 3133 5767 enim
3166 5712 3325 5767 etiam
3375 5710 3427 5765 in
3467 5709 3690 5780 epistola
3719 5708 3785 5765 ad
