4028 6208
252 336 347 394 {GI

248 451 520 505 Romanos
544 442 691 507 fecit,
727 440 911 494 dicens
943 456 955 492 :
990 439 1070 493 Tu
1103 453 1216 492 vero
1245 437 1368 507 quid
1388 438 1596 507 judico:
1625 438 1833 505 fratrem

245 555 388 595 tuum
419 538 591 606 (Rom.
628 535 711 588 ll.
739 533 863 602 ιον
893 514 978 585 hic
1005 531 1146 586 enim
1179 538 1282 593 est,
1316 531 1403 598 qui
1440 527 1643 582 facilius
1671 526 1837 593 possit

245 624 668 697 increpationem
709 624 974 692 accipere.
1007 621 1159 687 Quod
1204 621 1289 672 hic
1328 634 1540 687 quoque
1582 617 1707 670 facit
1739 635 1751 670 :
1782 627 1837 670 et

244 720 419 788 primo
452 716 646 771 fastum
690 729 873 768 eorum
916 720 1174 770 evacuat,
1207 711 1332 764 dum
1367 709 1508 778 quod
1543 709 1615 762 illi
1650 708 1833 776 pra-ci-

245 823 408 878 puum
433 807 691 876 putabant
712 815 761 859 et
787 806 1078 874 perfectam
1105 802 1403 861 scientiam,
1430 801 1530 853 hoc
1550 814 1836 853 commune

241 915 364 955 esse
395 899 759 970 pronuntiavit
787 916 798 949 :
833 898 1037 951 Scimus
1067 895 1230 957 enim,
1267 892 1466 962 inquit,
1497 891 1631 960 quod
1663 907 1835 942 omnes

242 993 509 1046 scientiam
535 992 795 1044 habemus.
826 988 958 1042 Nam
986 989 1028 1041 si
1061 987 1178 1040 illos
1205 986 1368 1039 altum
1398 999 1585 1053 sapere
1621 982 1829 1046 sinens,

243 1087 421 1155 primo
452 1083 776 1138 ostendisset
805 1097 915 1136 rctn
939 1095 1059 1134 esse
1081 1080 1203 1132 aliis
1228 1079 1462 1142 noxiam,
1497 1091 1599 1129 non
1630 1084 1832 1127 tantum

244 1178 528 1242 utilitatis,
588 1184 850 1245 quantum
912 1173 1090 1227 damni
1150 1171 1438 1226 attulisset.
1505 1167 1836 1221 Ambitiosus

242 1269 442 1339 quippe
467 1267 698 1328 animus,
719 1281 839 1319 cum
866 1265 1042 1333 aliqua
1072 1281 1127 1316 re
1149 1279 1205 1315 se
1227 1261 1404 1314 ornari
1427 1268 1593 1328 putat,
1623 1259 1834 1312 etianni

243 1361 362 1414 aliis
387 1360 457 1412 sit
485 1359 663 1422 noxia,
689 1374 805 1411 eam
834 1357 1134 1410 accuratius
1161 1353 1348 1405 retinet
1382 1353 1450 1406 ob
1480 1368 1628 1405 rana:
1651 1351 1834 1418 gloria:

243 1453 608 1523 tyrannidem.
656 1451 784 1503 ldco
829 1449 1025 1502 Paulus
1073 1447 1244 1514 primo
1292 1461 1402 1499 rem
1453 1453 1513 1498 ut
1559 1445 1610 1497 in
1654 1458 1712 1496 se
1754 1451 1837 1496 est

244 1546 547 1607 examinat,
582 1551 638 1594 ut
668 1542 806 1604 circa
840 1547 1113 1592 externam
1144 1538 1454 1606 sapientiam
1487 1537 1731 1603 superius
1759 1535 1834 1586 fe-

242 1635 350 1696 cit,
386 1634 531 1685 illam
561 1633 779 1685 omnino
809 1630 1090 1698 dejiciens.
1130 1628 1233 1683 Sed
1264 1628 1370 1681 illic
1397 1627 1610 1697 quidem
1644 1624 1693 1679 id
1714 1624 1836 1693 jure

242 1723 508 1786 faciebat;
544 1733 710 1776 totum
747 1721 888 1775 enim
919 1720 1338 1791 reprehensione
1363 1720 1580 1789 dignum
1609 1725 1753 1782 erat,
1783 1725 1836 1770 et

241 1814 414 1869 facilis
444 1829 531 1868 res
558 1821 710 1866 erat:
740 1822 1068 1883 quapropter
1097 1810 1148 1864 id
1177 1825 1282 1864 non
1325 1810 1485 1864 modo
1510 1821 1834 1875 supervaca-

243 1921 438 1970 neum,
472 1904 565 1959 sed
589 1905 749 1968 etiam
781 1902 1140 1972 prmdicationi
1172 1901 1498 1954 contrarium
1528 1914 1647 1953 esse
1680 1898 1832 1951 dixit.

243 1998 343 2051 llic
369 2006 547 2049 autem
580 2011 684 2048 non
725 1996 882 2047 liceat
914 1995 982 2045 ita
1008 1993 1184 2045 facere
1211 2008 1222 2042 :
1258 2006 1379 2043 nam
1412 1990 1461 2043 id
1486 1990 1553 2043 de
1579 2003 1684 2058 quo
1715 2004 1838 2056 age-

243 2089 403 2142 batur
429 2085 649 2140 scientia
683 2093 838 2150 erat,
872 2091 926 2136 et
953 2082 1176 2136 scientia
1209 2081 1461 2148 perfecta.
1496 2079 1677 2148 Neque
1707 2093 1836 2147 ergo

242 2194 361 2232 eam
399 2177 635 2246 dejicere
666 2182 836 2230 tutum
877 2182 1027 2240 erat,
1061 2189 1159 2229 nec
1207 2173 1362 2228 aliter
1406 2171 1600 2226 licebat
1643 2171 1834 2224 fastum

242 2286 307 2324 ex
338 2269 430 2324 illa
460 2278 779 2338 conceptum
821 2267 1074 2337 dejicere.
1111 2266 1250 2334 Quid
1287 2280 1416 2335 ergo
1466 2264 1623 2318 facit?
1652 2265 1835 2318 Primo

245 2363 393 2415 illam
424 2360 720 2415 ostendens
744 2375 865 2415 esse
885 2373 1248 2423 communem,
1283 2357 1494 2411 illorum
1519 2356 1711 2409 fastum
1739 2357 1833 2409 de-

244 2454 447 2522 primit.
478 2453 578 2521 Qui
609 2453 750 2507 enim
773 2467 1024 2522 magnum
1050 2450 1322 2520 quidpiam
1351 2460 1405 2505 et
1435 2449 1712 2521 pulchrum
1745 2447 1837 2502 ha-

249 2545 412 2610 bent,
443 2546 486 2597 si
517 2545 616 2597 soli
651 2543 911 2605 habeant,
942 2545 1109 2612 magis
1136 2541 1462 2604 efferuntur;
1492 2541 1535 2594 si
1562 2554 1687 2593 vero
1716 2554 1840 2592 cum

245 2637 366 2690 aliis
389 2635 440 2689 id
461 2634 734 2703 possidere
756 2634 1250 2700 deprehendantur,
1274 2648 1378 2688 non
1404 2633 1514 2700 pari
1540 2642 1663 2684 tunc
1681 2631 1840 2684 modo

247 2725 424 2780 affecti
468 2734 609 2779 sunt.
657 2724 894 2778 Primum
928 2726 1086 2794 igitur
1125 2724 1227 2778 hoc
1257 2738 1542 2778 commune
1569 2723 1836 2788 ostendit,

247 2819 502 2888 quoniam
551 2817 650 2887 ipsi
698 2816 953 2887 putabant
995 2817 1046 2871 id
1091 2817 1192 2871 sibi
1236 2825 1440 2871 tantum
1482 2829 1789 2884 competere
1825 2834 1838 2870 :

247 2910 447 2964 deinde
475 2918 754 2979 postquam
791 2908 918 2962 illud
948 2923 1235 2963 commune
1266 2908 1413 2975 fecit,
1445 2925 1550 2962 non
1581 2924 1639 2962 se
1667 2909 1840 2962 solum

250 3002 568 3070 participem
594 3001 724 3055 dicit
755 3018 767 3054 :
798 3001 875 3054 sic
903 3001 1045 3055 enim
1076 3001 1192 3054 illos
1220 3000 1388 3070 magis
1425 3001 1724 3056 extulisset.
1775 3000 1843 3055 Ut

249 3093 294 3145 si
325 3107 462 3145 unus
504 3101 710 3145 tantum
738 3089 946 3152 habeat,
970 3090 1251 3144 scextollit
1282 3106 1295 3143 :
1332 3090 1402 3144 ita
1439 3091 1482 3144 si
1524 3107 1686 3144 unum
1729 3101 1844 3143 tan—

253 3193 367 3238 tum
395 3184 478 3238 vel
503 3183 728 3236 alterum
762 3198 826 3237 ex
855 3182 1134 3251 praecipuis
1159 3191 1462 3236 consortem
1489 3181 1700 3246 habeat,
1735 3197 1842 3236 non

252 3275 616 3330 minorisrem
649 3274 793 3328 facit.
821 3272 944 3327 Ideo
971 3289 1073 3327 non
1106 3288 1164 3326 se
1191 3273 1362 3326 solum
1395 3275 1573 3342 ponit,
1603 3273 1696 3328 sed
1723 3291 1843 3329 om—

255 3383 391 3422 nes:
424 3385 530 3422 non
558 3369 701 3422 enim
727 3367 882 3430 dixit,
915 3367 1023 3436 Ego
1050 3366 1325 3420 scientiam
1357 3367 1557 3432 habeo;
1588 3369 1700 3433 sed,
1729 3369 1847 3423 Sci-

255 3478 372 3513 mus
400 3460 536 3533 quod
552 3476 721 3514 onmes
752 3459 1015 3512 scientiam
1047 3457 1303 3511 habemus.
1337 3457 1450 3512 lloc
1483 3459 1640 3527 igitur
1670 3461 1845 3528 priore

255 3551 402 3604 dicto
439 3565 624 3605 eorum
669 3548 862 3602 fastum
903 3549 1125 3616 dejecit;
1171 3549 1407 3602 secundo
1454 3561 1634 3604 autem
1679 3552 1845 3605 vehe-

259 3641 511 3694 metilius.
541 3640 817 3706 Quodnam
845 3638 972 3691 illud
995 3640 1115 3691 est?
1145 3639 1295 3705 Quod
1325 3642 1572 3694 ostendat
1603 3657 1714 3696 rem
1741 3657 1846 3696 non

259 3732 585 3803 perfectam.
623 3730 728 3782 imo
754 3729 1038 3781 admodum
1078 3729 1446 3796 imperfectam
1475 3746 1634 3792 esse;
1672 3748 1847 3802 neque

260 3825 422 3877 modo
454 3821 854 3890 imperfectam,
885 3821 976 3874 sed
1009 3831 1062 3874 ct
1094 3823 1325 3884 noxiam,
1358 3822 1456 3874 nisi
1488 3823 1556 3875 sit
1581 3823 1722 3877 aliud
1746 3823 1845 3876 ad-

253 3916 524 3984 junctum.
554 3914 684 3968 Cum
713 3913 938 3967 dixisset
974 3914 1114 3967 enim
1135 3955 1148 3977 ,
1187 3914 1464 3967 Scientiam
1495 3932 1666 3969 omne:
1697 3917 1851 3970 habe-

259 4023 402 4071 mus,
435 4005 705 4073 subjuan
733 4020 748 4062 :
793 4003 1018 4059 Scientia
1047 4006 1192 4073 inﬂat
1213 4047 1228 4068 ,
1261 4007 1446 4059 caritas
1476 4018 1642 4060 autem
1680 4009 1845 4075 (edi/i-

257 4108 362 4150 cat.
396 4097 577 4163 Itaque
616 4112 737 4148 cum
778 4106 862 4149 est
911 4097 1027 4148 sine
1075 4098 1332 4156 caritate,
1381 4098 1445 4148 ad
1488 4100 1847 4166 arrogantiam

259 4187 492 4243 extollit.
529 4190 591 4237 At
622 4201 794 4254 neque
841 4186 1069 4250 caritas,
1104 4186 1344 4253 inquies,
1377 4187 1580 4254 absque
1626 4189 1846 4242 scientia

259 4277 462 4345 aliquid
489 4276 617 4329 lucri
642 4275 820 4328 habet.
849 4275 1040 4328 Verum
1069 4291 1174 4328 non
1202 4274 1303 4329 hoc
1325 4277 1476 4340 dixit,
1510 4278 1601 4332 sed
1629 4278 1768 4348 quod
1795 4278 1846 4332 in

259 4368 511 4422 confesso
534 4379 613 4421 est
637 4367 964 4436 relinquens,
993 4370 1225 4424 ostendit
1249 4371 1348 4425 hoc
1371 4372 1462 4425 illo
1487 4372 1638 4426 valde
1669 4389 1844 4442 egere.

259 4460 396 4516 Nam
426 4457 511 4530 qui
541 4460 745 4531 diligit,
779 4471 960 4532 utpote
999 4463 1088 4532 qui
1137 4475 1458 4534 prtcceptum
1492 4466 1709 4534 impleat
1735 4483 1850 4521 om-

263 4553 412 4608 nium
449 4554 983 4621 prmsmntissimum,
1028 4556 1236 4609 etiamsi
1282 4557 1406 4625 quid
1453 4558 1551 4625 ipsi
1597 4558 1846 4622 deficiat,

262 4645 373 4697 cito
403 4660 500 4714 per
543 4645 818 4698 caritatem
853 4645 1072 4699 scientia
1122 4646 1347 4712 fruetur,
1393 4657 1450 4701 ut
1493 4649 1769 4703 Cornelius
1799 4659 1852 4702 et

263 4736 356 4788 alii
389 4736 540 4788 multi
570 4753 581 4786 :
614 4735 699 4804 qui
732 4743 912 4789 autem
949 4736 1228 4789 scientiam
1269 4738 1484 4807 quidem
1532 4739 1722 4802 habet,
1757 4739 1850 4792 sed

265 4843 373 4881 non
403 4828 719 4892 caritatem,
755 4842 859 4881 non
890 4827 1050 4881 modo
1080 4827 1213 4881 nihil
1240 4840 1478 4886 assumet
1498 4873 1511 4892 .
1546 4832 1637 4884 sed
1671 4832 1737 4885 ab
1766 4831 1852 4885 illa

265 4933 427 4984 quam
453 4916 613 4970 habet
635 4918 864 4983 excidet,
891 4933 1035 4988 sazpe
1057 4919 1108 4972 in
1137 4923 1493 4989 arrogantiam
1525 4923 1727 4976 labens.
1754 4922 1856 4975 lla-

264 5024 373 5078 qne
403 5007 627 5062 scientia
673 5012 950 5066 caritatem
984 5027 1087 5064 non
1131 5010 1297 5079 parit,
1330 5012 1437 5065 imo
1469 5023 1655 5066 contra
1697 5013 1763 5066 ab
1792 5027 1852 5065 ea

266 5099 540 5156 abscindit
564 5115 687 5152 eum
719 5103 808 5169 qui
841 5119 945 5156 non
977 5102 1234 5168 attendit,
1264 5102 1390 5156 dum
1433 5105 1584 5158 illum
1617 5105 1764 5158 inflat
1805 5113 1858 5158 et

265 5191 499 5248 cxtolht.
552 5189 763 5245 Etenim
809 5196 1111 5264 arrogantia
1157 5194 1397 5249 dividere
1444 5197 1614 5260 solet;
1661 5197 1857 5251 caritas

268 5300 403 5340 vero
428 5283 703 5353 cOnjungit
729 5293 783 5339 et
804 5284 872 5339 ad
899 5287 1178 5341 scientiam
1206 5288 1440 5341 adducit.
1471 5289 1621 5354 Quod
1651 5289 1857 5358 signifi-

267 5393 402 5430 cans
433 5378 522 5431 ille
547 5376 756 5432 dicebat
781 5396 793 5432 :
826 5378 887 5432 Si
911 5380 1024 5448 quis
1047 5393 1212 5436 autem
1239 5380 1404 5452 diligit
1434 5379 1598 5433 Deum
1618 5424 1631 5446 ,
1661 5383 1742 5436 hic
1771 5399 1859 5436 co-

269 5467 444 5536 gniltu
473 5478 549 5523 est
583 5469 642 5522 ab
670 5470 781 5538 ipso
811 5470 889 5538 (1.
919 5469 1035 5523 Cor.
1069 5471 1120 5525 8.
1144 5473 1224 5543 ὃ).
1257 5472 1438 5541 Itaque
1468 5487 1572 5526 non
1606 5473 1857 5542 impedio,

273 5557 483 5626 inquit,
527 5563 812 5630 quominus
841 5563 1071 5631 perfecta
1100 5565 1319 5619 scientia
1353 5565 1643 5632 habeatur;
1684 5566 1776 5620 sed
1809 5577 1866 5620 ut

273 5662 400 5703 cum
440 5651 666 5707 caritate
713 5653 999 5718 habeatur,
1041 5652 1142 5708 hoc
1191 5655 1443 5728 principio
1475 5673 1488 5710 :
1522 5657 1756 5725 alioquin
1786 5657 1864 5710 ln-

275 5754 430 5796 crum
457 5747 680 5810 nullum,
704 5743 797 5799 sed
821 5743 1223 5800 detrimentum.

1305 324 1370 379 IN
1410 321 1623 378 EPIST.
1664 321 1706 375 1.
1750 321 1838 376 AD
1878 318 2032 373 COR.
2078 317 2306 372 IIOMIL
2352 317 2468 373 XX.

3438 322 3535 377 162

1925 491 1950 506 1
2014 431 2064 483 2.
2115 429 2298 484 Vidcn'
2325 430 2593 500 qnomodo
2612 430 2720 500 jam
2750 432 2887 484 viam
2924 443 3073 500 parat
3102 434 3167 488 ad
3197 449 3525 504 sermonem,

1943 505 2101 589 quem
2129 520 2197 574 de
2241 523 2464 576 caritate
2495 531 2578 576 est
2607 522 2928 577 habiturus?
2955 524 3084 578 Nam
3114 529 3236 596 quia
3272 531 3385 584 lucc
3408 546 3527 586 om-

1946 613 2029 664 nia
2063 613 2198 665 mala
2234 613 2359 666 hinc
2397 614 2753 678 accidebant,
2804 630 2908 668 non
2957 626 3134 671 autem
3185 635 3248 673 ex
3295 622 3530 688 perfecta

1943 703 2189 766 scientia,
2221 704 2316 759 sed
2345 706 2486 772 quod
2521 721 2626 759 non
2652 706 2937 761 admodum
2972 707 3275 778 diligerent,
3311 727 3410 766 nec
3444 730 3524 768 re-

1946 795 2038 849 bus
2071 797 2297 865 proximi
2333 809 2634 865 parcerent;
2670 799 2810 852 undc
2844 801 3190 867 contingebat
3217 802 3335 856 illos
3366 803 3531 857 dissi-

1943 886 2069 940 dere
2093 929 2106 948 ,
2131 889 2306 941 cfl'erri
2333 928 2347 952 ,
2391 898 2689 957 cmteraque
2735 896 2912 945 omnia
2943 895 3160 947 evenire
3184 936 3200 959 ,
3245 895 3312 948 de
3340 896 3532 964 quibus

1945 978 2031 1030 ille
2059 988 2112 1030 et
2137 987 2260 1030 ante
2288 989 2341 1031 et
2370 991 2488 1048 post
2530 979 2643 1033 lucc
2673 982 2946 1051 redarguit
2973 1000 2986 1035 :
3015 985 3320 1052 frequenter
3350 985 3416 1039 de
3446 1002 3535 1037 ca-

1943 1072 2098 1122 ritate
2146 1078 2364 1135 tractat,
2417 1070 2617 1124 fontem
2661 1075 2898 1125 omnium
2946 1074 3206 1129 bonorum
3261 1078 3530 1144 puriorem

1943 1159 2195 1214 reddens.
2225 1161 2360 1227 Quid
2386 1176 2514 1230 ergo
2543 1162 2706 1215 inflati
2737 1165 2866 1216 esus
2888 1205 2902 1229 ,
2938 1165 3141 1233 inquit,
3174 1166 3239 1219 de
3267 1170 3489 1222 scicntia
3510 1171 3534 1220 ζ’

1941 1249 1994 1303 Si
2018 1251 2158 1303 enim
2188 1251 2467 1306 caritatem
2495 1269 2599 1306 non
2650 1254 2969 1320 habueritis,
3004 1255 3128 1310 hinc
3155 1257 3406 1310 damnum
3434 1274 3526 1313 ac-

1942 1342 2152 1408 cipietis
2178 1357 2191 1393 :
2222 1342 2347 1410 quid
2394 1346 2536 1397 enim
2580 1349 2884 1411 arrogantia
2934 1349 3126 1415 pejus?
3163 1350 3206 1402 si
3240 1364 3369 1403 vero
3400 1350 3528 1404 illud

1943 1432 2116 1494 adsit,
2156 1434 2315 1487 etiam
2348 1435 2449 1487 hoc
2481 1436 2533 1488 in
2582 1444 2695 1489 tuto
2719 1437 2841 1490 erit.
2879 1438 3102 1493 Etiamsi
3149 1441 3290 1494 enim
3329 1443 3527 1510 aliquid

1942 1525 2171 1593 amplius
2199 1529 2342 1580 scias
2365 1569 2378 1589 ,
2413 1544 2568 1597 quam
2601 1531 2908 1598 proximus;
2943 1533 2986 1584 si
3028 1548 3176 1586 ames
3204 1534 3387 1600 illum,
3423 1551 3528 1588 non

1943 1617 2238 1680 cxtolleris,
2270 1617 2362 1671 sed
2396 1619 2568 1686 ipStun
2593 1636 2808 1688 quoque
2835 1623 2900 1674 ad
2926 1621 3027 1677 hoc
3049 1623 3302 1677 deduces.
3331 1626 3530 1691 Quam-

1943 1707 2126 1761 obrem
2157 1723 2275 1762 cum
2310 1710 2570 1771 dixisset,
2605 1711 2833 1766 Scientia
2875 1717 3041 1784 inﬂat,
3077 1718 3299 1781 addidit,
3332 1716 3530 1772 Caritas

1943 1811 2110 1853 autem
2140 1802 2380 1868 wdiﬁcat.
2412 1803 2526 1858 Non
2554 1804 2687 1858 dixit
2713 1848 2727 1870 ,
2757 1806 2995 1862 Modesto
3019 1825 3077 1863 se
3100 1813 3237 1879 gerit
3262 1853 3277 1876 ,
3301 1812 3393 1865 sed
3426 1812 3527 1865 ali-

1943 1891 2067 1959 quid
2102 1892 2259 1962 longe
2288 1895 2458 1961 majus
2487 1905 2537 1950 et
2570 1897 2786 1950 utilius:
2821 1900 3042 1952 scicntia
3071 1905 3213 1954 enim
3236 1920 3340 1956 non
3371 1905 3529 1957 modo

1945 1982 2180 2048 inflabat,
2213 1984 2304 2038 sed
2334 1986 2495 2039 etiam
2525 1987 2876 2056 disjungebat.
2914 1991 3142 2059 Ideoque
3189 1996 3287 2048 hoc
3317 1994 3387 2048 ilii
3436 2010 3532 2063 0p-

1944 2079 2144 2145 posuit.
2174 2079 2375 2133 Deinde
2399 2082 2612 2133 tertium
2647 2097 2860 2151 quoque
2893 2087 3060 2152 ponit,
3088 2087 3228 2155 quod
3261 2090 3378 2141 illos
3406 2102 3530 2158 pos-

1944 2168 2010 2220 sit
2038 2168 2292 2236 dejicere.
2321 2170 2601 2237 Quodnam
2637 2173 2765 2226 illud
2814 2176 2935 2226 est?
2973 2177 3123 2240 Quod
3159 2179 3368 2231 etiamsi
3398 2195 3529 2233 con-

1939 2257 2119 2326 juncta
2145 2262 2212 2315 sit
2234 2264 2449 2327 caritas,
2481 2279 2546 2317 ne
2568 2265 2646 2318 sic
2666 2265 2882 2334 quidem
2916 2267 3151 2335 perfecta
3180 2270 3248 2322 sit
3266 2272 3523 2325 scicntia:

1945 2350 2170 2419 ideoque
2197 2353 2473 2420 subjnnxit
2500 2372 2512 2406 :
2546 2354 2600 2407 2.
2633 2355 2694 2409 Si
2714 2358 2827 2425 quis
2852 2369 3019 2411 autem
3048 2360 3299 2414 existimat
3329 2381 3380 2417 se
3408 2365 3534 2418 scire

1944 2439 2137 2507 aliquid
2155 2482 2170 2505 ,
2194 2441 2419 2494 nondum
2444 2446 2674 2513 cognovit
2691 2449 2970 2513 -qnomodo
2993 2460 3220 2516 Oporteat
3248 2467 3362 2504 eum
3385 2455 3532 2507 scire.

1947 2529 2072 2585 "(BC
2099 2532 2334 2585 maxima
2370 2533 2522 2603 plaga
2557 2534 2831 2604 infligitur.
2861 2539 2974 2592 Non
3004 2542 3123 2595 dico
3145 2543 3310 2605 enim.
3344 2545 3532 2614 inquit,

1947 2622 2225 2676 scientiam
2269 2638 2608 2679 communem
2656 2642 2775 2681 esse
2821 2631 3106 2684 omnibus:
3135 2649 3244 2688 non
3283 2633 3403 2688 dico
3446 2646 3535 2701 te,

1946 2714 2036 2781 qui
2068 2714 2192 2766 odio
2225 2715 2392 2770 babes
2435 2719 2738 2785 proximum
2783 2731 2837 2774 et
2881 2737 3138 2792 arrogans
3180 2741 3272 2790 es,
3306 2725 3398 2779 tibi
3432 2729 3533 2796 ipsi

1947 2806 2178 2860 maxime
2205 2822 2418 2862 nocere.
2450 2809 2671 2864 Etiamsi
2697 2813 2839 2877 enim
2871 2815 3017 2868 solus
3048 2815 3294 2881 haberes,
3322 2819 3534 2873 etiamsi

1947 2900 2186 2954 modeste
2216 2916 2402 2970 ageres
2429 2945 2443 2968 ,
2474 2904 2684 2958 etiamsi
2729 2905 2947 2961 fratrem
2977 2909 3232 2979 diligeres
3257 2952 3271 2977 ,
3302 2912 3380 2966 sic
3404 2927 3537 2981 quo-

1947 3006 2052 3059 que
2081 2990 2423 3060 imperfectus
2453 3009 2604 3049 esses
2625 2997 2920 3051 secundum
2951 3003 3229 3056 scientiam
3255 3019 3269 3054 :
3298 3003 3533 3057 nendum

1949 3082 2090 3135 enim
2121 3084 2228 3137 scis
2252 3085 2546 3153 quidpiam,
2577 3095 2634 3140 ut
2660 3088 2800 3142 scire
2830 3099 3059 3158 oportet.
3089 3090 3224 3159 Quid
3250 3093 3292 3145 si
3335 3093 3536 3147 nnllatn

1949 3171 2122 3226 adhuc
2145 3183 2446 3228 accuratam
2469 3177 2747 3230 scientiam
2772 3177 3100 3244 habeamus;
3129 3182 3396 3251 quomodo
3420 3183 3537 3251 qui-

1948 3262 2072 3316 dam
2102 3263 2153 3316 in
2182 3272 2382 3317 tantam
2411 3266 2669 3320 insaniam
2702 3281 3103 3335 processerunt,
3132 3282 3188 3326 ut
3216 3273 3457 3329 dicerent
3477 3289 3536 3329 se

1952 3354 2115 3409 Deum
2135 3371 2255 3408 cum
2282 3358 2428 3411 omni
2452 3360 2792 3413 accuratione
2813 3367 3178 3429 cognoscere?
3196 3380 3316 3419 nam
3347 3371 3537 3420 etiam-

1951 3445 1995 3502 si
2049 3450 2287 3504 omnium
2350 3450 2572 3504 aliarum
2631 3468 2812 3509 rerum
2887 3467 3193 3511 accuratam
3257 3461 3536 3514 scientiam

1953 3540 2307 3609 haberemus,
2342 3559 2514 3613 neque
2568 3545 2646 3598 sic
2677 3544 2788 3599 fieri
2830 3559 3038 3614 posset,
3089 3557 3142 3602 ut
3195 3548 3332 3602 hanc
3381 3551 3540 3604 etiam

1953 3630 2292 3687 haberemus.
2331 3633 2594 3699 Quantum
2617 3635 2758 3689 enim
2785 3636 2854 3688 sit
2877 3637 3104 3706 spatium
3135 3640 3271 3692 inter
3301 3639 3463 3693 Deum
3486 3649 3542 3694 et

1953 3724 2054 3777 alia
2083 3726 2260 3778 omnia
2283 3766 2299 3791 ,
2329 3740 2395 3781 ne
2423 3725 2529 3780 dici
2555 3727 2768 3796 quidem
2801 3739 2994 3796 potest.
3027 3730 3093 3783 Et
3123 3730 3243 3785 vide
3267 3732 3539 3802 quomodo

1956 3818 2166 3871 illorum
2202 3818 2394 3872 fastum
2437 3819 2674 3888 dejiciat.
2719 3820 2832 3874 Non
2865 3822 3007 3876 enim
3039 3823 3217 3890 dixit,
3267 3825 3338 3878 De
3381 3825 3541 3880 rebus

1953 3912 2243 3983 propositis
2269 3922 2652 3982 congruentem
2700 3916 2976 3968 scientiam
3020 3933 3124 3969 non
3162 3917 3402 3992 habetis,
3446 3920 3542 3973 sed

1947 4007 2022 4058 De
2050 4017 2107 4056 re
2134 4004 2394 4070 qualibet.
2424 4004 2610 4073 Neque
2632 4005 2810 4070 dixit,
2840 4006 2948 4059 Vos
2993 4018 3194 4060 tantum
3220 4052 3233 4073 ,
3265 4010 3357 4062 sed
3381 4007 3542 4070 .Qui-

1954 4105 2183 4158 cumque
2211 4093 2279 4144 sit
2305 4109 2316 4142 :
2344 4094 2555 4144 etiamsi
2605 4095 2793 4147 Petrus
2827 4094 2984 4146 fuerit
3009 4137 3023 4158 ,
3056 4098 3266 4150 etiamsi
3313 4099 3506 4153 Paulus
3527 4141 3541 4164 ,

1954 4182 2162 4236 etiamsi
2191 4183 2363 4251 quivis
2395 4183 2548 4238 alius.
2587 4183 2698 4237 lloe
2723 4187 2864 4237 enim
2894 4185 3039 4238 dicto
3074 4188 3190 4242 illos
3222 4201 3469 4246 accurate
3491 4201 3546 4246 et

1954 4275 2260 4328 consolatus
2292 4285 2374 4329 est
2418 4284 2471 4328 et
2517 4276 2795 4344 repressit.
2847 4277 2899 4330 5.
2937 4277 3136 4346 Siquis
3165 4291 3331 4332 autem
3379 4281 3546 4351 diligit

1959 4366 2145 4434 Deum,
2182 4368 2260 4422 hic
2289 4371 2516 4440 σοφίης
2546 4380 2616 4421 est
2640 4370 2700 4422 ab
2748 4387 2824 4424 eo.
2858 4370 2972 4424 Non
3001 4371 3168 4432 dixit,
3199 4371 3356 4426 Novit
3384 4390 3506 4427 eum
3527 4415 3544 4442 ,

1959 4461 2075 4528 sed,
2107 4462 2348 4531 Cagnitus
2388 4470 2459 4515 est
2488 4465 2549 4513 ab
2581 4478 2655 4514 eo.
2708 4461 2821 4513 Non
2871 4461 3010 4513 enim
3043 4477 3140 4514 nos
3188 4464 3360 4531 ipsum
3394 4471 3545 4518 novi-

1961 4569 2099 4617 mus,
2133 4553 2225 4606 sed
2256 4556 2368 4620 ipse
2400 4567 2494 4605 nos
2526 4552 2673 4604 norit
2708 4551 2806 4620 (τι).
2844 4550 2966 4603 ldeo
3013 4551 3226 4606 diccbat
3255 4554 3502 4610 Christus
3531 4574 3543 4607 :

1961 4647 2080 4700 Non
2114 4661 2198 4696 tos
2227 4660 2303 4695 me
2332 4643 2570 4712 elegistis,
2605 4643 2693 4695 sed
2719 4660 2810 4713 ego
2840 4644 2965 4714 elegi
2991 4661 3075 4697 vos
3101 4645 3282 4714 (Joan.
3312 4647 3393 4700 15.
3432 4646 3544 4719 16);

1961 4746 2011 4791 et
2041 4737 2237 4789 Paulus
2269 4736 2394 4788 alibi
2429 4754 2439 4787 :
2473 4733 2616 4788 Tunc
2646 4747 2814 4789 autem
2851 4753 3149 4806 cognoscam
3194 4743 3322 4791 sicut
3365 4750 3412 4794 et
3458 4757 3544 4793 co-

1960 4829 2129 4897 gnitus
2175 4843 2286 4878 sunt
2334 4827 2427 4894 (ι.
2461 4829 2580 4881 Cor.
2614 4829 2702 4881 15.
2747 4828 2872 4899 12).
2910 4830 3188 4898 Perpende
3235 4832 3390 4900 igitur
3422 4842 3548 4902 quot

1961 4919 2117 4973 dictis
2148 4919 2360 4973 illorum
2396 4920 2588 4973 fastum
2622 4918 2905 4989 deprimat.
2954 4921 3136 4975 Primo
3163 4924 3400 4977 ostendit
3432 4925 3550 4980 illos

1963 5026 2069 5064 non
2098 5011 2246 5066 solos
2273 5012 2412 5064 scire
2444 5027 2506 5063 ea
2532 5026 2651 5079 qua:
2675 5013 2882 5074 sciunt;
2920 5010 3108 5066 (hune:
3137 5017 3278 5068 enim
3302 5055 3314 5079 ,
3348 5016 3552 5087 inquit,

1963 5102 2222 5154 scientiam
2271 5101 2508 5153 habemus
2529 5116 2547 5153 :
2588 5100 2780 5154 deinde
2827 5117 2938 5155 rem
2972 5117 3093 5157 esse
3125 5106 3344 5159 noxiam
3369 5148 3384 5173 ,
3413 5108 3456 5161 si
3486 5109 3555 5163 sit

1967 5195 2084 5248 sine
2109 5196 2372 5258 caritate;
2421 5209 2543 5247 nam
2594 5193 2823 5246 Scientia
2864 5196 3051 5265 inflat,
3086 5197 3256 5266 inquit
3287 5219 3301 5252 :
3334 5211 3516 5268 postea
3538 5243 3557 5268 ,

1967 5286 2109 5356 quod
2138 5285 2348 5340 etiamsi
2391 5285 2459 5338 sit
2489 5300 2608 5339 cum
2653 5285 2908 5351 caritate,
2941 5286 2993 5340 id
3024 5304 3128 5341 non
3157 5290 3461 5346 absolutum
3490 5295 3561 5348 sit

1970 5392 2143 5446 neque
2171 5375 2466 5446 perfectum
2497 5393 2511 5432 :
2538 5375 2599 5430 Si
2623 5376 2766 5431 enim
2795 5377 2907 5446 quis
2935 5387 3078 5446 putat
3108 5395 3162 5433 re
3186 5381 3315 5433 scire
3341 5382 3558 5450 aliquid,

1971 5468 2195 5521 nondum
2227 5467 2319 5521 scit
2402 5468 2830 5537 quemadmodum
2885 5481 3084 5539 Oportet
3126 5473 3274 5526 scire.
3318 5474 3400 5528 Ad
3447 5474 3562 5531 haec

1972 5577 2101 5622 vero
2127 5603 2142 5626 ,
2172 5560 2312 5629 quod
2344 5575 2449 5614 non
2478 5559 2582 5614 hoc
2608 5575 2674 5615 ex
2707 5575 2766 5616 se
2795 5561 3072 5627 habeant,
3105 5565 3198 5617 sed
3228 5565 3336 5619 Deo
3365 5565 3562 5632 dante;

2037 5697 2115 5764 (τι)
2137 5697 2191 5746 Ι.)
2216 5698 2546 5764 sequentibus
2570 5698 2769 5759 Regium
2788 5698 3013 5752 Codieem
3037 5703 3309 5764 sequimur.
3334 5699 3389 5752 In
3414 5701 3567 5751 Editis

1975 5758 2198 5822 quaedam
2216 5758 2494 5807 necessaria
2518 5758 2743 5810 deerant.
