4028 6208
486 371 589 429 163

479 500 491 535 I
519 496 591 535 on
618 478 757 534 enim
776 475 940 538 dixit,
968 472 1126 528 Novit
1156 471 1343 535 Deum,
1370 468 1485 531 sed,
1510 466 1751 536 Cognitus
1775 474 1849 517 est
1874 464 1937 517 ab
1957 478 2015 515 eo
2043 478 2059 515 :

484 568 678 627 deinde
700 608 717 631 ,
744 567 883 637 quod
914 565 1013 618 hoc
1036 578 1065 616 a
1092 562 1313 616 atrimte
1362 558 1455 612 fiat
1478 599 1494 623 ,
1521 571 1680 625 quam
1711 570 1817 609 non
1864 553 2063 607 habent

486 673 545 717 ut
574 666 867 729 oporteret.
898 654 1028 708 Nam
1057 654 1117 708 Si
1142 652 1254 722 quis
1280 691 1295 710 .
1328 650 1397 701 ait
1420 690 1436 712 ,
1466 647 1631 717 diligit
1657 645 1850 711 Deum,
1874 643 1954 697 hic
1980 658 2063 695 co-

484 752 653 823 gnitus
680 757 753 803 est
780 748 842 800 ab
868 762 946 800 eo.
993 744 1128 799 Cum
1179 755 1271 808 per
1313 740 1425 792 hazc
1455 738 1694 791 leniisset
1725 736 1939 789 illorum
1974 742 2063 823 tu-

485 820 716 904 morem,
738 837 921 904 incipit
944 835 1239 886 doctrinam
1263 830 1540 883 instituere
1570 828 1652 881 bis
1672 826 1848 880 verbis
1875 842 1887 876 :
1914 824 1968 877 Δ.
1990 820 2069 874 De

484 948 596 987 esca
616 930 775 1001 igitur
791 940 907 998 qua!
926 926 1025 976 diis
1048 922 1344 974 immolatur
1364 960 1377 981 ,
1410 919 1596 972 scimus
1619 915 1753 986 quod
1781 914 1979 968 nullum
2005 912 2070 964 sit

486 1025 683 1077 idolum
710 1024 763 1074 in
792 1018 981 1073 mundo
1003 1058 1017 1081 ,
1046 1026 1091 1069 et
1117 1015 1247 1083 quod
1272 1012 1446 1065 nullus
1472 1008 1611 1062 Deus
1634 1010 1768 1061 alius
1797 1006 1895 1059 nisi
1916 1020 2068 1056 unus.

494 1112 626 1167 Vide
676 1113 726 1163 in
770 1120 1022 1180 quantam
1080 1103 1380 1172 angustiam
1429 1099 1698 1153 inciderit.
1749 1096 1875 1150 Vult
1926 1094 2071 1148 enhn

495 1216 778 1274 utrumque
798 1201 1046 1271 probare,
1066 1195 1208 1267 quod
1235 1211 1262 1245 a
1288 1193 1377 1245 tali
1408 1204 1590 1245 mensa
1613 1189 1883 1243 abstinere
1910 1200 2072 1254 opor-

499 1304 629 1356 teat,
662 1304 715 1347 ct
741 1290 883 1362 quod
921 1292 1025 1342 vim
1070 1304 1174 1340 non
1217 1284 1409 1337 habeat
1452 1280 1519 1335 ad
1550 1278 1819 1333 lzedendos
1861 1291 1956 1330 eos
1983 1275 2074 1344 qui

495 1396 618 1439 sunt
647 1384 763 1453 ejus
790 1380 1112 1452 participes:
1142 1391 1261 1445 qu:e
1287 1373 1501 1443 quidem
1530 1386 1635 1425 non
1674 1368 1963 1423 admodum
1994 1367 2045 1419 in

496 1487 574 1529 ter
601 1490 659 1529 se
686 1471 1093 1528 conveniebant.
1130 1468 1259 1521 Nam
1284 1481 1402 1519 cum
1429 1463 1745 1517 didicissent
1774 1475 1838 1514 ea
1868 1475 1973 1513 non
2001 1456 2082 1511 af-

494 1569 634 1622 ferre
682 1566 981 1627 damnum,
1035 1577 1096 1615 ea
1150 1569 1420 1626 tamquam
1476 1552 1831 1608 indifferentia
1885 1550 2078 1604 adituri

496 1666 652 1712 erant
693 1672 706 1707 :
750 1670 870 1709 cum
914 1669 1043 1708 vero
1088 1649 1473 1718 impedirentur
1515 1660 1581 1699 ne
1628 1646 1712 1697 illa
1761 1651 2083 1722 tangerent,

495 1763 682 1803 rursus
715 1746 1157 1814 suspicabantur,
1198 1741 1339 1809 quod
1393 1736 1644 1806 prohibiti
1698 1743 1883 1789 essent
1928 1732 2080 1801 quasi

500 1840 589 1893 illa
621 1839 730 1892 vim
774 1836 1036 1890 haberent
1064 1832 1317 1887 laedendi.
1352 1830 1475 1884 Ideo
1524 1845 1642 1882 cum
1677 1827 1937 1879 idolorum
1964 1824 2084 1891 opi-

499 1931 713 1983 nionem
741 1927 1070 1989 sustulisset,
1096 1922 1400 1975 abstinendi
1426 1920 1650 1989 primam
1681 1931 1897 1970 causam
1930 1913 2107 1981 affert,

498 2022 721 2074 fratrum
753 2016 1106 2079 oﬂendicula,
1135 2014 1213 2066 sic
1253 2012 1475 2065 dicens:
1504 2009 1581 2063 De
1606 2025 1719 2062 esca
1748 2008 1903 2076 igitur
1929 2046 1944 2067 ,
1977 2020 2089 2071 qute

501 2112 599 2162 diis
626 2108 935 2168 immolatur,
960 2108 1146 2159 scimus
1166 2102 1301 2173 quod
1331 2100 1529 2154 nullum
1553 2101 1618 2152 sit
1642 2096 1837 2150 idolum
1865 2098 1916 2147 in
1939 2111 2087 2147 utun-

502 2203 588 2254 do.
624 2200 827 2255 Rursus
855 2199 1026 2268 ipsum
1056 2210 1339 2250 connunne
1388 2192 1513 2246 facit
1532 2233 1547 2257 ,
1582 2204 1681 2244 nec
1707 2187 1959 2243 concedit
1988 2185 2091 2239 hoc

506 2292 718 2346 illorum
758 2306 879 2345 esse
920 2290 1122 2352 solum,
1170 2285 1263 2341 sed
1306 2284 1545 2339 extrudit
1583 2280 1950 2351 cognitionem
2000 2292 2094 2344 per

510 2394 681 2438 totum
707 2384 894 2436 orbem
922 2391 1097 2435 terra‘.
1144 2378 1326 2446 Neque
1366 2376 1507 2430 enim
1548 2374 1685 2443 apud
1716 2388 1810 2426 vos
1849 2379 2091 2431 tantum,

512 2477 706 2547 inquit,
739 2474 834 2529 sed
863 2475 1056 2542 ubique
1087 2481 1348 2525 terrarum
1381 2469 1481 2522 hoc
1505 2467 1700 2536 dogma
1732 2465 1837 2517 vim
1866 2463 2090 2516 obtinet.

514 2566 794 2634 Quodnam
827 2563 998 2618 illud?
1046 2560 1195 2625 Quod
1239 2560 1434 2613 nullum
1462 2560 1526 2611 sit
1571 2556 1761 2609 idolum
1792 2555 1845 2606 in
1872 2553 2060 2606 mundo
2079 2591 2095 2616 ,

516 2669 562 2710 et
592 2656 725 2725 quod
763 2672 864 2709 non
891 2654 954 2708 sit
998 2650 1137 2705 Deus
1167 2651 1299 2703 alius
1344 2649 1438 2701 nisi
1478 2664 1627 2701 unus.
1675 2644 1790 2699 Non
1822 2653 1946 2696 sunt
1970 2657 2097 2709 ergo

520 2748 698 2801 idola?
720 2763 825 2802 non
848 2753 970 2799 sunt
990 2741 1219 2798 statuae?
1234 2741 1369 2797 Sunt
1390 2739 1625 2809 quidem,
1652 2737 1744 2791 sed
1776 2736 1970 2789 nullam
1996 2735 2098 2786 vim

526 2840 749 2899 habent;
781 2850 952 2907 neque
978 2822 1050 2890 dii
1082 2842 1226 2899 sunt,
1254 2833 1349 2888 sed
1380 2830 1584 2900 lapides
1614 2836 1667 2882 et
1694 2826 1988 2881 daemones.
2021 2822 2100 2876 Ad

522 2940 775 2999 utrosque
794 2931 936 2984 enim
964 2944 1104 2983 nunc
1129 2928 1423 2982 orationem
1455 2923 1628 2992 dirigit
1658 2964 1672 2987 ,
1697 2930 1748 2976 et
1774 2920 1839 2973 ad
1868 2918 2101 2973 crassio-

523 3038 607 3075 res
633 3031 687 3075 et
714 3020 779 3073 ad
805 3036 901 3075 eos
944 3020 1034 3089 qui
1073 3017 1439 3089 philosophari
1470 3017 1734 3069 videatur.
1781 3013 1916 3077 Quia
1957 3010 2100 3064 enim

524 3114 613 3165 alii
646 3112 775 3164 nihil
808 3112 926 3179 plus
971 3110 1149 3164 sciunt
1191 3124 1347 3178 quam
1386 3106 1620 3177 lapides,
1654 3105 1741 3157 alii
1770 3118 1896 3156 vero
1922 3102 2105 3154 dicunt

530 3208 749 3257 virtute~
768 3202 1021 3272 quasdam
1046 3201 1097 3255 in
1127 3200 1233 3253 illis
1248 3198 1508 3261 habitare,
1529 3212 1659 3265 quas
1682 3197 1841 3248 etiam
1863 3194 1995 3249 deos
2016 3207 2108 3245 vo-

524 3303 680 3351 rant:
706 3294 809 3346 illis
830 3292 1044 3362 quidem
1066 3290 1195 3346 dicit
1217 3286 1419 3343 nullum
1445 3301 1565 3342 es.e
1593 3286 1791 3341 idolum
1817 3288 1867 3338 in
1886 3284 2103 3349 mundo,

528 3384 647 3437 aliis
692 3398 860 3449 vero,
893 3398 998 3437 non
1027 3396 1147 3435 esse
1177 3380 1347 3435 Deum
1394 3380 1448 3433 in
1492 3377 1690 3431 mundo
1735 3377 1833 3429 nisi
1858 3391 2043 3427 unum.

602 3476 654 3529 3.
692 3475 874 3529 Viden’
900 3473 1169 3545 quomodo
1198 3487 1303 3524 non
1330 3472 1523 3524 frustra
1553 3469 1744 3537 dogma
1772 3469 2109 3522 constituens

532 3567 645 3621 Iu-c
677 3567 873 3620 scribat
896 3606 915 3632 ,
956 3565 1049 3619 sed
1078 3565 1143 3617 ad
1170 3561 1522 3616 dill'erentiam
1571 3559 1955 3613 externorum?
1987 3572 2107 3610 nam

532 3658 657 3712 illud
687 3657 881 3726 ubique
906 3654 1297 3710 observandum
1321 3694 1336 3717 ,
1368 3653 1482 3705 sive
1523 3651 1768 3704 absolute
1782 3648 2067 3721 quiddicat
2088 3688 2104 3713 ,

533 3748 645 3803 sive
683 3749 805 3803 aliis
831 3749 1117 3801 obsistens.
1170 3743 1355 3813 Neque
1397 3744 1542 3796 enim
1584 3741 1686 3795 hoc
1726 3757 1911 3810 parum
1957 3740 2111 3795 nobis

541 3839 754 3891 cotifcrt
780 3839 846 3891 ad
875 3839 1184 3904 dogmatnm
1227 3836 1621 3889 accurationem
1644 3843 1699 3887 et
1738 3833 1804 3886 ad
1847 3833 2110 3887 dictorum

541 3927 965 3995 intelligentiam.
1001 3926 1054 3979 5.
1093 3924 1231 3976 Nam
1258 3924 1352 3976 etsi
1377 3932 1490 3973 sunt
1516 3924 1601 3987 qui
1631 3924 1868 3971 dicuntur
1898 3921 1988 3981 dii,
2014 3920 2116 3970 sise

539 4019 592 4071 in
610 4014 871 4081 σκιαδῆα
894 4016 943 4066 in
967 4022 1132 4076 terra;
1163 4020 1217 4064 ut
1236 4018 1352 4063 sunt
1377 4010 1448 4061 dii
1477 4008 1625 4060 multi
1643 4016 1691 4059 et
1717 4008 1910 4060 domini
1933 4008 2114 4060 multi:

539 4107 593 4163 6.
626 4105 768 4160 nobis
792 4116 957 4158 tamen
981 4118 1109 4157 unus
1140 4100 1273 4155 Deus
1305 4099 1458 4153 Pater
1475 4140 1491 4166 ,
1519 4114 1581 4153 ea:
1604 4115 1700 4169 quo
1725 4099 1895 4151 omnia
1916 4139 1930 4162 ,
1959 4106 2005 4151 et
2027 4113 2118 4151 nos

543 4198 595 4251 in
611 4198 742 4265 ipso;
759 4206 804 4249 et
822 4212 952 4249 unus
976 4194 1222 4247 Dominus
1238 4191 1386 4247 Jesus
1402 4190 1649 4256 Christus,
1669 4207 1756 4261 per
1766 4208 1911 4263 quem
1923 4191 2113 4257 omnia,

546 4297 593 4338 et
622 4302 712 4338 nos
756 4303 842 4352 per
867 4287 1053 4355 ipsum.
1086 4282 1217 4351 Quia
1246 4284 1411 4347 dixit,
1444 4284 1647 4336 nullum
1687 4296 1807 4337 esse
1838 4283 2037 4337 idolum
2063 4291 2119 4337 et

546 4375 749 4428 nullum
784 4374 949 4428 Deum
981 4374 1177 4437 alium;
1208 4383 1465 4439 erantque
1491 4382 1667 4425 tamen
1697 4373 1857 4435 idola,
1887 4383 1945 4427 et
1967 4385 2120 4429 erant

546 4469 634 4538 qui
662 4468 733 4521 dii
767 4467 1128 4522 vocabantur:
1163 4480 1229 4520 ne
1267 4463 1511 4518 videatur
1534 4472 1722 4517 contra
1751 4477 1862 4515 rem
1898 4465 2122 4518 manife-

546 4572 681 4615 stam
728 4575 978 4629 puguare,
1009 4558 1280 4629 subjungit
1323 4556 1411 4631 (si
1464 4564 1588 4611 sunt
1629 4555 1696 4608 ita
1734 4554 1981 4623 appellati
2021 4554 2115 4619 dii,

549 4664 605 4705 ut
655 4666 840 4707 revera
890 4660 1037 4713 sunt,
1068 4666 1172 4703 non
1227 4664 1352 4704 vere
1385 4659 1526 4710 sunt,
1571 4648 1665 4701 sed
1716 4648 1789 4700 ita
1839 4645 2121 4707 dicuntur;

550 4759 657 4795 non
714 4743 766 4795 in
817 4756 911 4801 re,
954 4739 1047 4793 sed
1091 4740 1144 4793 in
1172 4741 1337 4792 verbo
1380 4739 1478 4791 hoc
1529 4736 1830 4807 habentes)
1864 4758 1875 4792 :
1908 4738 2026 4792 Sive
2072 4737 2125 4790 in

549 4834 674 4887 coelo
696 4874 711 4897 ,
744 4831 845 4886 sive
874 4831 925 4883 in
956 4839 1125 4893 terra;
1152 4829 1205 4882 in
1253 4828 1385 4881 cmlo
1430 4828 1613 4881 dicens
1656 4830 1823 4882 solem
1850 4841 1901 4883 et
1947 4830 2123 4884 lunam

550 4935 606 4979 et
645 4925 905 4994 reliquum
937 4932 1200 4977 astrorum
1230 4921 1485 4982 chorum;
1520 4936 1640 4973 nznn
1676 4921 1787 4974 hrec
1814 4924 1972 4976 etiam
2000 4924 2127 4979 ado-

554 5016 745 5070 rabant
770 5016 1031 5085 gentiles;
1066 5015 1117 5067 in
1152 5022 1312 5078 terra,
1344 5011 1636 5073 dmmonas,
1665 5020 1717 5063 et
1739 5026 1833 5065 eos
1863 5026 1926 5064 ex
1950 5011 2124 5065 homi-

554 5106 711 5159 nibus
738 5108 825 5173 qui
868 5106 920 5158 in
949 5104 1080 5160 deos
1108 5104 1259 5159 relati
1306 5112 1450 5157 sunt.
1502 5100 1607 5155 Sed
1634 5100 1775 5152 nobis
1814 5116 1945 5153 unus
1990 5100 2129 5155 Deus

560 5195 730 5250 Peter.
768 5196 899 5249 Cum
929 5198 1076 5266 prius
1115 5196 1382 5266 posuisset
1420 5195 1619 5262 absque
1669 5194 1755 5246 illa
1785 5207 1915 5244 voec
1940 5192 2127 5257 Pater,

556 5297 610 5341 et
638 5287 876 5347 dixisset,
909 5283 1105 5339 Nullus
1137 5298 1209 5339 est
1234 5287 1365 5339 alius
1400 5284 1531 5337 Deus
1555 5285 1650 5335 nisi
1680 5302 1839 5347 mms;
1868 5299 2008 5339 nunc
2031 5283 2131 5338 hoc

558 5378 737 5440 addit,
770 5386 1047 5447 postquam
1080 5378 1197 5431 illos
1226 5378 1445 5429 omnino
1471 5374 1724 5443 ejecerat.
1763 5376 1962 5429 Deinde
1991 5375 2130 5445 quod

561 5484 639 5524 εει
665 5471 953 5523 maximum
985 5469 1274 5524 divinitatis
1298 5469 1557 5538 judicium
1587 5467 1733 5520 addit
1758 5485 1770 5519 :
1804 5468 1885 5521 Ea:
1908 5486 2006 5537 quo
2027 5486 2133 5521 om—

562 5562 666 5615 nia.
701 5562 807 5614 lloc
827 5564 969 5615 enim
994 5560 1228 5614 ostendit
1259 5561 1380 5614 illos
1413 5576 1515 5615 non
1540 5575 1659 5613 esse
1679 5559 1827 5612 deos.
1860 5560 1935 5613 Dii
1964 5561 2129 5624 enim,

562 5651 751 5719 inquit,
784 5655 871 5720 qui
901 5654 1091 5707 caelum
1121 5662 1176 5707 et
1205 5664 1398 5707 terram
1437 5670 1540 5706 non
1584 5653 1859 5716 fecerunt,
1890 5666 2129 5723 pereant.

567 5741 787 5808 Deinde.
819 5744 960 5818 quod
993 5761 1097 5801 non
1130 5745 1304 5799 minus
1334 5755 1437 5813 est,
1467 5745 1647 5815 adjicit
1676 5762 1686 5796 :
1721 5742 1785 5797 Et
1809 5762 1897 5799 nos
1929 5748 1977 5800 in
2001 5748 2127 5817 ipso.

1223 355 1281 412 S.
1320 350 1593 409 JOANNIS
1637 344 2109 405 CllRYSOSTOMl
2150 342 2467 400 ARCHIEP.
2508 340 3035 398 CONSTANTINOP.

3644 345 3743 403 IN

2172 459 2396 527 Quando
2413 460 2556 513 enim
2574 458 2727 521 dixit,
2749 457 2831 511 Ea:
2845 474 2944 527 quo
2970 460 3139 512 omnia
3161 502 3176 524 ,
3192 460 3518 517 creationem
3545 476 3754 517 nemo.

2172 558 2255 603 rat
2275 558 2331 603 et
2348 548 2751 618 productionem
2770 563 2833 601 ex
2853 546 3022 601 nihilo
3039 548 3106 602 ad
3128 551 3465 606 existentiam
3486 570 3500 616 ;
3525 566 3646 607 cum
3664 568 3752 607 au-

2176 652 2280 695 tem
2300 641 2451 703 dicit,
2472 640 2536 693 Et
2559 657 2649 694 nos
2673 641 2725 693 in
2741 640 2873 707 ipso,
2906 639 3025 694 fidei
3046 649 3102 694 et
3113 641 3507 710 coniunctionis
3529 646 3750 700 verbum

2174 730 2375 800 profert
2399 749 2412 783 :
2436 730 2577 801 quod
2600 742 2754 784 antea
2777 746 2987 800 quoque
3010 730 3260 785 dicebat:
3287 731 3369 786 Ex
3387 736 3497 803 ipso
3517 745 3683 789 autem
3707 741 3755 788 et

2176 839 2261 877 eos
2287 827 2403 877 estis
2434 825 2487 875 in
2504 822 2839 876 ChristoJesu
2859 823 2906 890 (f
2921 863 2933 874 .
2951 821 3068 875 Cor.
3087 822 3139 876 1.
3159 821 3274 893 50).
3296 825 3499 893 Duplici
3517 826 3659 880 enim
3679 841 3758 879 rso

2178 913 2320 966 tione
2335 929 2399 967 ex
2425 914 2540 980 ipso
2557 895 2761 977 sumus,
2781 923 2835 966 et
2847 913 2990 982 quod
3006 928 3126 965 cum
3147 927 3250 967 non
3269 927 3533 979 essemus,
3552 915 3673 970 facti
3690 914 3759 969 sic

2178 1018 2314 1068 mus,
2339 1014 2391 1058 et
2410 1003 2551 1073 quod
2592 1003 2773 1057 fideles
2804 1004 2924 1057 facti
2954 1004 3294 1056 simus:uam
3328 1004 3428 1057 hoc
3443 1018 3656 1073 quoque
3675 1014 3760 1057 est

2179 1097 2383 1148 creatio
2403 1113 2415 1147 :
2436 1095 2575 1164 quod
2592 1096 2753 1149 etiam
2772 1084 2896 1149 alibi
2913 1096 3070 1149 dicit:
3093 1092 3161 1149 Ut
3177 1096 3305 1148 duos
3321 1107 3509 1149 crearet
3527 1101 3578 1148 in
3595 1096 3762 1157 seipse

2182 1190 2233 1239 in
2251 1204 2402 1240 unum
2424 1204 2604 1240 novum
2625 1188 2875 1241 hominem
2892 1185 3107 1258 (Epltes.
3129 1187 3184 1240 2.
3206 1184 3317 1257 16).
3342 1185 3408 1239 Ει
3428 1204 3558 1241 unus
3577 1186 3761 1241 Domi-

2181 1295 2277 1330 nus
2301 1276 2333 1330 J
2341 1295 2453 1332 esus
2482 1279 2732 1344 Christus,
2781 1295 2868 1348 per
2891 1294 3037 1349 quem
3072 1281 3242 1332 omnia
3262 1290 3307 1332 et
3336 1296 3428 1333 nos
3462 1296 3552 1347 per
3568 1279 3759 1351 ipsum.

2186 1371 2251 1424 Et
2292 1371 2452 1424 etiam
2483 1369 2551 1423 de
2581 1369 2794 1425 Christo
2834 1369 3082 1424 sinuLter
3129 1370 3230 1424 hoc
3268 1371 3623 1441 cogitandum.
3658 1373 3763 1428 Per

2186 1464 2357 1532 ipsum
2384 1463 2527 1517 enim
2554 1478 2619 1516 ex
2648 1462 2817 1516 nihilo
2845 1463 3157 1531 productum
3187 1473 3269 1517 est
3297 1478 3477 1539 εεθτιιιε⁷
3489 1464 3762 1519 hominum

2185 1558 2250 1609 ad
2290 1556 2628 1610 existentiam
2652 1594 2665 1618 ,
2694 1566 2750 1609 et
2775 1570 2836 1608 ex
2869 1570 3057 1609 errore
3088 1556 3153 1609 ad
3188 1556 3460 1611 veritatem
3510 1558 3764 1611 reductus

2187 1656 2287 1702 est.
2320 1647 2505 1715 Itaque
2535 1648 2664 1699 illud
2685 1687 2699 1709 ,
2730 1647 2813 1700 Ea:
2841 1663 2959 1714 quo,
2989 1663 3094 1701 non
3123 1656 3241 1712 est,
3267 1649 3385 1704 sine
3425 1649 3583 1704 Chris
3606 1666 3639 1703 o
3665 1670 3677 1703 :
3700 1668 3767 1705 ex

2189 1738 2306 1807 ipso
2331 1739 2474 1792 enim
2508 1752 2603 1805 per
2630 1736 2899 1789 Christum
2950 1739 3116 1789 creati
3162 1753 3368 1792 sumus.
3413 1740 3595 1809 Neque
3639 1756 3771 1809 (ιι-ευ

2191 1827 2407 1881 nomina
2442 1836 2713 1896 tamquam
2738 1836 2882 1880 sorte
2926 1826 3209 1881 distributa
3249 1828 3463 1895 divisit,
3495 1831 3632 1886 Filio
3654 1836 3773 1901 qni—

2190 1918 2313 1973 dem
2348 1918 2622 1982 Dominus,
2653 1918 2795 1971 Patri
2827 1931 2955 1971 vero
2982 1917 3156 1982 Dens,
3184 1918 3503 1974 attribueus.
3544 1920 3675 1974 Nam
3706 1939 3769 1977 ea

2192 2024 2406 2078 quoque
2438 2010 2576 2064 solet
2605 2024 2747 2077 saepe
2779 2018 2987 2063 mutare
3014 2008 3289 2078 Scriptura
3312 2051 3326 2075 ,
3359 2020 3413 2065 ut
3442 2027 3561 2066 cum
3592 2011 3723 2066 dicit
3749 2054 3765 2075 ,

2195 2102 2336 2155 Dixit
2383 2102 2631 2154 Dominus
2681 2099 2904 2154 Domino
2933 2117 3077 2163 meo;
3124 2110 3180 2156 et
3227 2117 3451 2166 rursus,
3493 2102 3774 2175 Propterea

2195 2196 2341 2246 tinxit
2369 2203 2415 2245 te
2462 2192 2628 2255 Deus,
2657 2192 2792 2245 Deus
2819 2192 3273 2261 tuus(Psal.109.
3296 2192 3407 2247 Let
3448 2195 3535 2249 Η.
3564 2196 3650 2265 8);
3682 2208 3731 2250 ct
3755 2238 3770 2260 ,

2203 2284 2282 2337 lix
2329 2284 2506 2347 quibus
2534 2285 2763 2337 Christus
2802 2285 3078 2337 secundum
3121 2300 3356 2347 carnem,
3384 2286 3472 2350 qui
3516 2296 3588 2339 est
3625 2304 3778 2357 super

2199 2376 2367 2426 omnia
2399 2375 2530 2427 Deus
2574 2374 2751 2446 (Rom.
2782 2375 2838 2429 9.
2868 2374 2946 2445 5).
2980 2374 3044 2427 Et
3092 2387 3237 2441 saepe
3267 2373 3466 2427 videris
3510 2374 3624 2430 lucc
3662 2391 3785 2429 mu—

2202 2476 2303 2517 tata
2332 2468 2567 2518 nomina.
2612 2466 2667 2520 Si
2694 2476 2873 2519 autem
2916 2474 3100 2518 essent
3140 2466 3289 2534 quasi
3332 2476 3477 2519 sorte
3507 2468 3781 2537 assignat:

2205 2556 2493 2624 unicuique
2548 2565 2786 2619 naturae,
2822 2570 2994 2624 neque
3044 2555 3183 2609 Dens
3204 2564 3349 2609 esset
3376 2554 3576 2617 Filius,
3606 2572 3780 2623 neque

2207 2646 2346 2700 Deus
2374 2656 2431 2699 ut
2463 2647 2649 2709 Pater,
2683 2648 2905 2701 manens
2931 2646 3130 2711 Filius;
3158 2662 3280 2701 cum
3312 2648 3475 2713 dixit,
3503 2648 3609 2702 Sed
3640 2649 3783 2702 nobis

2203 2756 2333 2793 unus
2370 2738 2533 2803 Deus,
2567 2738 2837 2809 ςυρψ-ηυξ
2864 2738 3155 2794 addidisset
3187 2739 3311 2793 illud
3335 2780 3349 2801 ,
3373 2738 3563 2805 Pater,
3598 2741 3784 2795 volens

2204 2830 2508 2901 signiﬁcare
2536 2832 2830 2899 ingenitum
2863 2849 2877 2884 :
2908 2832 3039 2887 satis
3063 2832 3207 2886 enim
3235 2831 3420 2887 fuisset
3442 2831 3592 2895 illud,
3619 2831 3781 2895 Deus,

2204 2926 2247 2975 si
2278 2923 2392 2991 ejus
2432 2923 2599 2976 solius
2629 2922 2906 2977 exhiberet
2941 2922 3305 2991 cognitionem
3328 2963 3341 2985 ,
3374 2922 3438 2975 ad
3487 2922 3537 2975 id
3586 2923 3789 2992 signiﬁ-

2205 3014 2455 3067 candum.
2491 3013 2605 3068 Non
2660 3014 2760 3067 hoc
2806 3022 2982 3067 autem
3025 3013 3235 3078 solum,
3267 3011 3359 3065 sed
3405 3012 3549 3066 aliud
3576 3026 3789 3083 quoque

2208 3105 2309 3158 dici
2348 3112 2541 3175 potest.
2596 3105 2650 3160 Si
2678 3105 2821 3159 enim
2854 3104 3054 3158 dixeris
3078 3143 3094 3169 ,
3124 3102 3246 3172 quia
3277 3103 3417 3158 Deus
3446 3120 3582 3157 unus
3615 3105 3792 3158 dictus

2208 3208 2290 3251 est
2310 3242 2323 3261 ,
2357 3198 2483 3251 illud
2510 3241 2525 3263 ,
2575 3197 2713 3251 Deus
2734 3237 2754 3263 ,
2792 3211 2897 3252 non
2927 3196 3176 3251 convenit
3202 3195 3370 3262 Filio;
3396 3197 3621 3252 observa
3648 3198 3791 3266 quod

2212 3293 2314 3347 hoc
2343 3293 2505 3347 etiam
2549 3291 2617 3345 de
2652 3291 2787 3345 Filio
2812 3290 2917 3344 dici
2961 3290 3143 3360 possit.
3181 3288 3390 3343 Etenim
3423 3288 3587 3343 Filius
3608 3331 3623 3354 ,
3653 3304 3793 3344 unus

2214 3382 2474 3437 Dominus
2508 3383 2685 3436 dictus
2713 3391 2829 3444 est;
2858 3394 3034 3450 neque
3061 3390 3238 3435 tamen
3268 3380 3391 3435 ideo
3421 3382 3547 3434 illud
3568 3423 3582 3447 ,
3611 3380 3792 3435 Domi-

2212 3491 2307 3526 nus
2328 3515 2341 3535 ,
2374 3474 2471 3541 ipsi
2503 3474 2604 3527 soli
2647 3482 2958 3539 competere
2994 3470 3240 3525 dicimus.
3268 3471 3608 3540 Quapropter
3631 3488 3791 3541 quam

2218 3568 2327 3620 vim
2357 3566 2517 3620 habet
2545 3565 2672 3619 illud
2696 3606 2709 3627 ,
2744 3562 2890 3619 Unus
2910 3606 2925 3629 ,
2953 3578 3078 3633 erga
3103 3562 3292 3617 Filium
3314 3605 3329 3627 ,
3359 3564 3601 3620 eamdem
3636 3566 3796 3623 habet

2214 3674 2338 3729 erga
2392 3660 2601 3712 Patrem
2634 3675 2647 3713 :
2677 3672 2740 3711 ac
2779 3655 3231 3724 quemadmodum
3280 3656 3369 3711 ille
3415 3672 3521 3713 non
3574 3659 3797 3729 impedit

2215 3750 2502 3819 quominus
2530 3749 2687 3803 Pater
2713 3748 2976 3801 Dominus
2999 3747 3089 3813 sit,
3116 3760 3185 3801 eo
3208 3746 3369 3802 modo
3397 3764 3501 3817 quo
3522 3748 3688 3803 Filius
3712 3760 3798 3805 est

2221 3842 2495 3905 Dominus,
2523 3856 2589 3894 eo
2618 3838 2758 3907 quod
2787 3837 2957 3891 Filius
2978 3853 3118 3890 unus
3164 3838 3420 3891 Dominus
3447 3838 3691 3892 dicatur:
3723 3840 3794 3892 ita

2221 3945 2392 3997 neque
2418 3928 2610 3982 Filium
2658 3926 2882 3993 impedit
2919 3925 3208 3992 quominus
3242 3926 3311 3979 sit
3342 3925 3479 3980 Deus
3500 3966 3516 3989 ,
3545 3941 3612 3981 eo
3641 3928 3802 3984 modo

2218 4032 2326 4087 quo
2352 4017 2509 4071 Pater
2539 4024 2621 4069 est
2665 4016 2835 4078 Deus,
2868 4013 3008 4082 quod
3038 4013 3195 4068 Pater
3224 4014 3430 4069 dicatur
3457 4030 3593 4070 unus
3636 4017 3797 4072 Deus.

2219 4105 2371 4173 Quod
2398 4107 2442 4159 si
2474 4105 2688 4174 quidam
2723 4103 2996 4170 dixerint,
3024 4119 3120 4158 cur
3156 4103 3412 4175 Spiritum
3461 4122 3564 4160 non
3596 4122 3797 4163 memo-

2221 4197 2389 4253 ravit?
2419 4196 2548 4251 illud
2577 4196 2901 4262 dixerimus,
2924 4196 3095 4266 ipsum
3120 4212 3311 4267 nempe
3342 4195 3647 4254 idololatras
3671 4201 3805 4255 allo.

2222 4293 2309 4362 qui
2332 4334 2346 4359 ,
2366 4291 2511 4346 etde
2539 4290 2642 4345 diis
2669 4290 2854 4345 multis
2873 4289 3048 4361 deque
3072 4289 3305 4344 dominis
3333 4291 3512 4345 multis
3536 4306 3657 4346 esse
3683 4307 3803 4347 cer-

2224 4394 2421 4438 tamen.
2457 4381 2581 4437 ldeo
2608 4397 2730 4436 cum
2768 4381 2983 4435 Patrem
3010 4382 3174 4435 Deum
3204 4381 3448 4446 dixisset,
3475 4382 3665 4437 Filium
3698 4382 3806 4437 Do-

2225 4474 2427 4527 minum
2476 4473 2783 4542 appellavit.
2828 4472 2882 4525 Si
2925 4485 3055 4539 ergo
3098 4472 3309 4525 Patrem
3358 4488 3464 4527 non
3512 4490 3675 4529 ausus
3721 4486 3806 4530 est

2234 4577 2370 4615 nunc
2400 4563 2670 4629 appellare
2702 4560 2982 4613 Dominum
3006 4572 3125 4612 cum
3157 4557 3314 4625 Filio,
3343 4576 3411 4615 ne
3440 4565 3493 4614 in
3534 4565 3804 4633 suspicio-

2230 4667 2349 4704 nem
2381 4652 2591 4703 veniret
2614 4648 2755 4717 quod
2784 4648 2919 4702 duos
2946 4648 3150 4702 diceret
3178 4648 3463 4713 Domitios,
3515 4667 3688 4719 neque
3714 4654 3806 4707 Fi-

2231 4742 2361 4795 lium
2411 4740 2578 4794 Deum
2621 4755 2741 4793 cum
2786 4739 2975 4805 Patre,
3022 4754 3089 4793 ne
3124 4747 3403 4809 putaretur
3445 4738 3580 4795 duos
3624 4742 3809 4798 dicere

2233 4831 2371 4885 Deos
2391 4870 2404 4894 ,
2423 4830 2545 4898 quid
2566 4832 2796 4895 miraris,
2816 4832 2860 4885 si
2878 4831 3131 4901 Spiritum
3153 4845 3259 4885 non
3277 4834 3689 4888 memoraverit?
3716 4835 3810 4889 ad-

2231 4939 2418 4977 versus
2448 4924 2567 4979 illos
2593 4926 2734 4976 enim
2764 4932 2873 4979 tum
2901 4922 3264 4988 concertabat,
3293 4933 3348 4977 ut
3367 4926 3678 4983 ostenderet
3701 4944 3807 4985 non

2231 5032 2350 5070 esse
2380 5016 2516 5085 apud
2559 5031 2657 5069 nos
2704 5017 3146 5085 multiplicitatem
3190 5013 3431 5069 deorum.
3475 5016 3599 5073 Ideo
3641 5021 3804 5085 illud,

2239 5107 2402 5171 Unus,
2433 5108 2648 5166 assidue
2680 5110 2873 5163 retinet
2903 5106 3110 5170 dicens,
3146 5105 3265 5160 Non
3294 5118 3366 5162 est
3388 5108 3528 5167 Deus
3555 5112 3688 5169 alius
3712 5116 3821 5168 nisi

2234 5213 2394 5262 unus;
2419 5210 2490 5260 et,
2529 5200 2688 5254 Nobis
2718 5217 2847 5253 unus
2874 5207 2945 5251 est
2977 5198 3112 5252 Deus
3132 5209 3180 5254 et
3205 5216 3336 5256 unus
3360 5201 3627 5260 Dominus.
3661 5207 3811 5261 Unde

2238 5290 2575 5343 manifestum
2606 5303 2688 5345 est
2724 5293 2866 5344 illum
2889 5329 2905 5351 ,
2936 5289 3234 5346 auditorum
3263 5294 3553 5349 infirmitati
3586 5312 3811 5365 parcen-

2241 5389 2366 5445 tem,
2401 5380 2501 5436 hoc
2528 5383 2781 5452 arguendi
2812 5379 2969 5434 modo
3000 5398 3147 5437 usum
3176 5400 3298 5440 esse
3319 5427 3332 5449 ,
3382 5386 3608 5454 ideoque
3638 5386 3811 5452 Spiri-

2241 5482 2346 5522 tum
2378 5487 2480 5525 non
2514 5474 2912 5528 memoravisse.
2964 5473 3095 5528 Nam
3147 5476 3190 5529 si
3237 5477 3341 5532 hoc
3387 5493 3491 5529 non
3521 5488 3681 5537 esset.
3714 5493 3813 5533 nec

2240 5562 2361 5615 alibi
2390 5566 2713 5633 oportuisset
2761 5563 3014 5631 Spiritum
3069 5581 3400 5630 memorare.
3446 5581 3619 5635 neque
3661 5568 3811 5623 illum

2241 5670 2359 5707 cum
2396 5655 2552 5710 Patre
2595 5666 2648 5709 et
2694 5656 2829 5708 Filio
2856 5658 3201 5727 conjungere.
3249 5657 3381 5712 Nam
3427 5658 3469 5709 si
3515 5671 3543 5709 a
3577 5657 3733 5715 Patre
3760 5673 3811 5715 et

2245 5744 2379 5801 Filio
2407 5758 2546 5803 esset
2574 5748 2820 5803 exclusus
2844 5791 2859 5815 ,
2891 5751 3057 5804 multo
3083 5750 3251 5820 magis
3292 5748 3441 5805 illum
3465 5750 3519 5807 in
3549 5749 3811 5825 baptismo
