4028 6208
274 354 381 412 165

267 484 393 526 cum
423 467 555 539 ipsis
578 465 903 537 conjungere
942 477 1048 518 non
1090 463 1453 535 oportuisset,
1487 463 1575 519 ubi
1618 464 1851 519 maxime

266 560 562 617 divinitatis
590 558 822 629 dignitas
847 564 1072 627 apparot
1088 595 1107 623 ,
1132 564 1188 611 et
1209 554 1349 611 dona
1379 554 1575 610 dantu’r
1598 571 1718 626 qua:
1743 556 1853 610 Deo

262 650 371 705 soli
398 651 530 704 dare
557 648 836 716 competit.

338 741 395 795 4.
428 740 538 808 Ego
559 738 717 809 igitur
738 752 953 791 causam
991 735 1125 802 dixi,
1152 749 1249 791 cur
1270 734 1359 790 hic
1388 736 1603 791 silentio
1626 745 1846 806 praeter-

263 833 467 888 missus
495 833 565 886 sit
593 848 607 884 :
641 839 696 885 tu
724 846 875 897 vero,
909 832 955 884 si
980 844 1069 885 res
1096 844 1201 884 non
1234 830 1303 883 ita
1336 845 1395 884 se
1425 830 1610 897 habet,
1640 830 1728 885 die
1752 845 1849 887 cur

263 923 319 977 in
344 924 612 993 baptismo
634 921 997 992 conjungitur.
1026 919 1132 976 Sed
1176 935 1283 976 non
1321 920 1479 975 aliam
1523 922 1698 991 possis
1724 936 1851 977 cau-

262 1031 379 1071 sam
416 1016 616 1080 dicere,
664 1029 823 1085 quam
865 1013 1010 1083 quod
1037 1013 1107 1069 sit
1149 1012 1353 1069 honore
1391 1029 1507 1083 par.
1546 1014 1677 1069 Cum
1722 1029 1853 1083 ergo

262 1108 466 1163 nullam
517 1106 677 1161 talem
727 1105 890 1161 habet
944 1104 1353 1172 necessitatem,
1416 1105 1535 1160 vide
1582 1106 1852 1175 quomodo

261 1199 441 1269 ipsum
480 1196 775 1267 conjungit,
825 1196 897 1251 ita
937 1195 1121 1251 dicens
1164 1214 1179 1251 :
1221 1195 1401 1250 Gratia
1443 1196 1649 1251 Domini
1691 1199 1851 1252 nostri

260 1292 390 1347 Iesu
416 1290 627 1356 Christi,
655 1299 703 1343 et
735 1290 922 1368 caritas
949 1287 1048 1341 Dei
1077 1298 1127 1341 et
1163 1287 1357 1350 Patris,
1386 1299 1432 1343 et
1458 1289 1850 1343 communicatio

263 1383 497 1450 Spiritus
524 1383 685 1437 sancti
708 1382 909 1436 sitcum
934 1381 1164 1434 omnibus
1187 1381 1325 1435 vobis
1354 1380 1430 1450 (Ξ.
1462 1382 1582 1435 Cor.
1612 1383 1701 1438 15.
1725 1383 1846 1453 i5);

262 1486 318 1531 ct
362 1490 598 1542 rursum,
643 1473 929 1529 Divisiones
974 1473 1257 1543 gratiarum
1307 1483 1444 1540 sunt,
1501 1474 1637 1527 idem
1680 1484 1848 1528 autem

264 1569 534 1637 Spiritus;
559 1578 610 1622 et
639 1566 910 1620 divisiones
940 1565 1370 1619 ministrationum
1406 1576 1543 1630 sunt,
1589 1566 1723 1620 idem
1750 1584 1845 1619 au-

260 1672 361 1715 tem
390 1658 680 1723 Dominus;
718 1666 764 1711 et
801 1656 1071 1711 divisiones
1118 1659 1474 1727 operationum
1523 1666 1663 1726 sunt,
1712 1657 1851 1712 idem

261 1761 432 1804 autent
466 1747 655 1819 Dens'(
683 1749 734 1803 1.
772 1746 891 1803 Cor.
924 1746 1013 1801 12.
1039 1748 1141 1803 4-6
1261 1747 1367 1803 Sed
1392 1748 1510 1819 quia
1566 1763 1708 1803 nunc
1756 1747 1850 1803 ad-

261 1861 449 1901 versus
474 1844 692 1900 Graecos
722 1856 904 1898 sermo
931 1848 1070 1908 erat,
1110 1850 1166 1897 et
1193 1854 1288 1896 eos
1316 1841 1407 1910 qui
1438 1838 1641 1896 Grazcis
1676 1839 1846 1895 imbe-

259 1937 497 1991 cilliores
542 1941 717 2000 erant,
757 1941 1044 2005 propterea
1089 1931 1143 1987 id
1188 1932 1404 1987 interim
1450 1940 1758 1986 reservatur
1794 1940 1850 1986 et

261 2036 491 2081 tacetur.
526 2024 584 2078 Id
622 2023 764 2095 quod
804 2023 966 2077 etiam
1004 2020 1284 2092 propheta).
1327 2020 1528 2075 faciunt
1566 2020 1635 2075 de
1688 2020 1842 2090 Filio,

261 2134 423 2190 quem
453 2131 712 2185 nusquam
741 2122 927 2185 aperte
953 2114 1236 2169 nominant
1259 2112 1330 2166 ob
1356 2112 1657 2166 auditorum
1686 2112 1849 2167 imbe-

260 2210 556 2266 cillitatem.
588 2208 640 2262 7.
676 2207 781 2262 Sed
810 2222 911 2260 non
937 2206 990 2260 in
1020 2205 1251 2260 omnibus
1276 2214 1349 2258 est
1378 2204 1611 2270 scientia,
1651 2204 1843 2273 inquit.

259 2302 518 2369 Qnaanam
547 2299 676 2353 illa?
702 2313 768 2352 an
800 2313 885 2364 ea,
918 2312 1039 2367 quae
1062 2305 1147 2352 est
1171 2296 1238 2351 de
1271 2296 1401 2358 Deo,
1432 2310 1501 2349 an
1528 2310 1611 2357 ea,
1637 2311 1756 2364 qua:
1780 2295 1847 2350 de

260 2397 327 2451 iis
356 2409 476 2463 qua:
502 2391 773 2447 immolata
824 2398 955 2445 sunt
977 2390 1177 2445 idolis?
1202 2395 1307 2444 Aut
1333 2400 1481 2443 certe
1505 2388 1722 2444 Graecos
1760 2387 1847 2442 hic

258 2486 585 2550 subindieat,
608 2483 697 2553 qui
724 2482 973 2537 dicebant
993 2481 1193 2537 multos
1210 2495 1331 2536 esse
1347 2480 1478 2535 deos
1500 2488 1554 2534 ct
1575 2480 1841 2544 dominos,

259 2593 361 2634 nec
385 2576 628 2632 sciebant
663 2574 827 2631 Deum
860 2575 951 2645 qui
995 2589 1124 2629 vere
1162 2582 1244 2627 est
1273 2587 1290 2629 ι
1321 2582 1413 2627 aut
1466 2587 1561 2628 eos
1586 2572 1676 2643 qui
1709 2573 1846 2626 inter

257 2670 489 2740 gentiles
512 2666 893 2721 imbecilliores
923 2674 1099 2731 erant,
1122 2664 1214 2733 qui
1232 2663 1468 2718 nondum
1485 2664 1628 2717 clare
1649 2662 1847 2717 scirent

258 2761 403 2816 idola
434 2773 540 2814 non
585 2772 704 2812 esse
749 2756 1006 2821 timenda,
1042 2766 1097 2811 et
1139 2754 1343 2809 nullum
1386 2768 1508 2809 esse
1543 2753 1743 2808 idolum
1790 2754 1843 2808 in

259 2850 483 2906 mundo.
517 2849 651 2905 Cum
681 2848 780 2903 hoc
806 2857 986 2903 autem
1012 2847 1261 2911 dixisset,
1291 2846 1543 2917 paulatim
1573 2845 1691 2900 illos
1715 2860 1844 2900 con-

257 2942 465 2998 solatus
500 2949 582 2996 est
625 2949 680 2996 et
724 2939 914 2997 erexit.
948 2938 1134 3008 Neque
1180 2938 1323 2994 enim
1364 2938 1544 2992 omnia
1595 2937 1844 2993 insectari

258 3034 565 3106 oportebat,
594 3048 714 3089 etim
765 3033 1000 3088 maxime
1047 3032 1167 3087 illos
1211 3046 1424 3087 rursum
1476 3030 1844 3087 vehementius

256 3134 409 3181 esset
437 3125 797 3194 impetiturus.

333 3214 414 3269 De
462 3213 1107 3285 idolothytis.——Quidam
1157 3226 1327 3270 autem
1378 3232 1491 3269 cum
1538 3216 1843 3270 conscientia

255 3308 388 3361 idoli
416 3323 573 3377 usque
600 3323 737 3361 nunc
753 3307 902 3377 quasi
920 3305 1260 3376 idolothytum
1283 3305 1590 3360 manducent
1614 3322 1632 3360 :
1652 3317 1696 3360 et
1722 3323 1844 3360 con-

256 3400 471 3452 scientia
498 3415 673 3453 eorum
700 3415 815 3452 cum
843 3400 909 3452 sit
945 3399 1172 3467 inﬁrma,
1204 3399 1470 3465 polluitur.
1510 3398 1702 3454 Adhuc
1732 3408 1845 3455 tres

257 3498 432 3559 munt,
457 3491 645 3563 inquit,
677 3498 732 3546 et
762 3498 1007 3545 metuunt
1039 3489 1198 3544 idola.
1239 3488 1315 3544 Ne
1352 3488 1484 3543 mihi
1519 3490 1662 3543 enim
1702 3504 1843 3559 prte-

257 3595 465 3641 sentetn
496 3600 673 3641 rerum
704 3592 903 3640 statum
929 3583 1150 3649 dixeris,
1178 3592 1234 3638 et
1276 3581 1418 3653 quod
1457 3583 1599 3652 piam
1626 3582 1843 3652 religio-

258 3692 383 3732 nem
433 3693 463 3732 a
518 3677 809 3747 majoribus
871 3677 1194 3747 acceperis;
1261 3675 1357 3731 sed
1414 3684 1649 3731 mentem
1699 3686 1843 3731 tuam

259 3768 493 3825 transfer
518 3768 571 3823 in
596 3768 684 3823 illa
713 3776 976 3837 tempora,
1005 3777 1059 3821 et
1084 3768 1282 3836 cogita,
1310 3781 1431 3821 cum
1460 3767 1621 3823 modo
1647 3769 1847 3823 consti-

258 3875 371 3919 tuta
397 3875 539 3920 esset
564 3862 890 3934 praedicatio,
919 3871 974 3918 et
1004 3862 1249 3933 impietas
1274 3861 1450 3917 adhuc
1485 3872 1733 3933 regnaret
1757 3877 1846 3916 ar-

256 3958 557 4028 derentque
596 3971 703 4012 arae
729 3964 783 4011 et
820 3954 1103 4022 sacriﬁcia,
1140 3953 1394 4009 libamina
1435 3960 1845 4029 peragerentur,

256 4061 314 4107 et
337 4051 518 4122 plures
548 4058 727 4106 essent
746 4048 995 4119 gentiles,
1023 4048 1112 4119 qui
1140 4062 1168 4101 a
1192 4046 1487 4116 majoribus
1516 4047 1843 4123 impietatem

257 4150 601 4217 acceperant,
642 4156 672 4195 a
711 4141 971 4211 patribus,
1018 4141 1133 4193 avis
1174 4150 1230 4195 et
1265 4140 1441 4194 atavis
1483 4139 1678 4195 talibus
1717 4140 1842 4205 orti,

257 4244 423 4304 atque
443 4247 471 4286 a
501 4231 833 4287 daemonibus
872 4230 1012 4285 mala
1058 4229 1223 4285 multa
1263 4229 1406 4300 passi
1438 4239 1622 4285 essent
1653 4248 1667 4283 :
1700 4230 1841 4295 illos,

257 4327 501 4394 inquam,
538 4331 760 4392 repente
802 4330 1055 4387 mutatos,
1101 4319 1373 4391 quomodo
1408 4320 1702 4375 verisimile
1731 4330 1847 4373 erat

256 4416 401 4472 afﬁci
434 4434 446 4470 :
475 4414 745 4484 quomodo
772 4413 1023 4473 timendas
1049 4411 1451 4481 tremendazque
1472 4421 1626 4467 erant
1646 4411 1848 4465 daemo-

252 4525 388 4565 num
431 4508 639 4564 insidia:
668 4524 682 4561 :
710 4516 930 4577 propter
980 4519 1116 4576 quos
1153 4504 1317 4561 etiam
1357 4502 1411 4558 id
1457 4502 1846 4559 subindicando

258 4602 493 4666 dicebat,
539 4600 759 4666 Quidam
800 4608 972 4652 autem
1020 4613 1138 4650 cum
1187 4596 1497 4650 conscientia
1549 4594 1839 4665 idolothyti.

258 4694 445 4765 Neque
473 4694 616 4749 enim
648 4699 833 4762 aperte
866 4690 1106 4745 declarat
1140 4688 1284 4754 illos,
1327 4702 1395 4742 ne
1437 4686 1715 4757 percellat,
1746 4701 1845 4740 ne-

257 4801 365 4855 que
391 4785 613 4845 omnino
644 4780 1028 4851 praetercurrit,
1059 4778 1155 4834 sed
1200 4776 1478 4834 indeﬁnite
1504 4791 1690 4831 eorum
1734 4791 1849 4831 me-

260 4876 437 4939 minit,
464 4874 652 4929 dicens
683 4889 697 4925 :
729 4870 954 4936 Quidam
979 4879 1150 4924 autem
1178 4884 1297 4923 cum
1335 4868 1642 4922 conscientia
1678 4867 1846 4921 idolo-

262 4966 393 5037 τὴνιὶ
416 4980 572 5033 usque
595 4978 728 5018 nunc
750 4961 900 5033 quasi
921 4960 1262 5030 idolothytum
1287 4960 1638 5025 manducant;
1666 4960 1718 5014 id
1741 4968 1843 5025 est,

257 5070 389 5113 cum
423 5053 613 5109 eadem
655 5062 838 5110 mente
874 5066 976 5123 qua
1012 5051 1196 5122 prius;
1235 5060 1283 5105 et
1327 5053 1635 5107 conscientia
1670 5068 1847 5107 eorum

257 5163 379 5202 cum
414 5145 481 5199 sit
520 5144 743 5213 inﬁrma,
786 5143 1035 5218 polluitur
1066 5158 1086 5197 :
1113 5156 1236 5197 cum
1267 5141 1503 5197 nondum
1540 5143 1709 5213 possit
1747 5143 1845 5197 de-

260 5241 499 5313 spicere,
546 5251 723 5307 neque
748 5238 971 5294 omnino
1018 5236 1112 5293 illa
1156 5233 1403 5301 irridere,
1434 5235 1531 5290 sed
1574 5236 1751 5291 adhuc
1793 5236 1846 5292 in

259 5332 432 5389 dubio
458 5335 721 5386 versetur.
748 5328 827 5383 Ac
857 5330 906 5385 si
928 5329 1069 5400 quis,
1094 5328 1141 5384 si
1169 5335 1352 5398 tangat
1380 5335 1671 5393 mortuum,
1698 5337 1849 5398 putet

263 5429 504 5497 seipsum
536 5421 798 5495 polluere,
840 5422 1135 5477 secundum
1179 5418 1456 5477 Judaicam
1503 5418 1850 5474 consuetudi-

264 5532 431 5579 nem;
474 5511 773 5583 deindeque
812 5509 948 5565 alios
987 5510 1176 5567 videns
1228 5518 1507 5582 tangentes
1545 5522 1667 5563 cum
1716 5525 1849 5580 pura

267 5608 617 5675 conscientia,
654 5620 763 5662 non
802 5618 925 5660 cum
949 5603 1139 5659 eadem
1170 5613 1348 5660 mente
1374 5612 1618 5673 tangens,
1645 5604 1852 5674 pollue-

267 5712 420 5757 retur
446 5716 467 5767 ;
495 5699 574 5756 sic
597 5707 654 5756 et
680 5698 759 5754 illi
782 5706 910 5753 tunc
928 5703 1082 5751 erant
1106 5694 1304 5751 aﬂ'ecti.
1332 5695 1558 5764 Quidam
1582 5696 1736 5761 enirn,
1765 5696 1848 5753 in—

264 5794 407 5867 quit,
426 5809 542 5849 cum
562 5792 867 5847 conscientia
888 5790 1015 5844 idoli
1040 5804 1197 5858 usque
1215 5806 1369 5847 nunc.
1396 5788 1512 5848 Non
1543 5788 1659 5847 sine
1686 5804 1846 5848 causa

572 5878 842 5942 Panos.
887 5879 1005 5943 Gn.
1054 5877 1216 5941 LXI.

1335 350 1402 406 lN
1439 349 1655 407 EPIST.
1695 351 1717 406 Ι
1777 351 1873 406 AD
1911 349 2067 409 (ΞΟΠ.
2110 352 2341 410 HOMIL.
2383 354 2505 412 XX.

3442 368 3546 422 icﬁ

1963 464 2118 531 illud,
2154 465 2326 537 Usque
2350 486 2504 540 nunc,
2531 473 2728 541 posuit,
2758 473 2852 528 sed
2879 483 2937 529 ut
2962 476 3231 545 ostendat,
3264 479 3384 535 illos
3416 484 3544 537 nihil

1960 556 2253 626 profecisse
2280 574 2387 614 non
2409 576 2530 617 sese
2556 566 3046 622 accommodantes.
3078 567 3261 640 Neque
3290 573 3431 626 enim
3469 575 3545 628 sic

1961 645 2083 702 illos
2130 648 2386 706 inducere
2427 655 2732 723 Oportebat,
2786 660 2880 711 sed
2925 658 3034 713 alio
3077 662 3256 727 modo,
3302 662 3467 718 verbo
3494 676 3549 719 et

1958 736 2203 793 doctrina
2255 756 2561 809 persuasos.
2608 744 2676 799 Et
2724 750 3032 802 conscientia
3079 752 3285 805 illorum
3324 772 3437 807 cum
3481 756 3549 809 sit

1957 829 2186 896 inﬁrma,
2208 832 2474 899 polluitur.
2508 836 2777 908 Nusquam
2806 840 2980 895 adhuc
3011 843 3153 898 circa
3180 834 3265 899 rei
3304 856 3546 901 naturam

1959 920 2120 975 verba
2148 922 2294 991 facit,
2324 926 2419 980 sed
2448 940 2665 998 semper
2693 939 2749 984 et
2776 932 2972 1000 ubique
2993 934 3134 988 circa
3157 936 3544 992 conscientiam

1957 1012 2269 1081 accipientis
2297 1027 2563 1071 versatur.
2588 1018 2765 1074 Timet
2787 1022 2930 1075 enim
2964 1039 3057 1089 nc,
3087 1026 3213 1079 dum
3250 1028 3363 1081 vult
3402 1029 3547 1082 infir-

1958 1117 2105 1157 mum
2147 1106 2437 1176 corrigere,
2484 1109 2673 1165 fortem
2703 1115 3066 1185 perstringat,
3117 1118 3375 1189 illumque
3401 1120 3546 1175 inﬁr-

1955 1212 2101 1251 mum
2149 1200 2359 1255 reddat.
2406 1203 2744 1274 Quapropter
2794 1222 2899 1261 non
2951 1210 3127 1263 minus
3180 1211 3305 1266 huic
3352 1216 3543 1283 parcit,

1954 1304 2115 1359 quam
2161 1291 2257 1346 illi.
2309 1293 2494 1364 Neque
2534 1296 2661 1350 sinit
2708 1298 2837 1368 quid
2874 1301 3049 1356 simile
3096 1303 3415 1371 exisﬁmari,
3449 1310 3543 1362 sed

1954 1395 2204 1440 sermone
2230 1386 2403 1442 utitur
2428 1388 2656 1457 prolixo,
2698 1401 2756 1445 ut
2782 1408 2851 1447 ne
2883 1394 2990 1449 tale
3016 1396 3142 1467 quid
3186 1394 3236 1451 in
3276 1400 3543 1469 suspicio-

1956 1485 2078 1526 nem
2107 1475 2307 1530 veniat.
2334 1477 2390 1532 8.
2427 1478 2560 1532 Esca
2590 1489 2755 1535 autem
2798 1500 2890 1537 nos
2930 1501 3031 1538 non
3060 1490 3374 1543 commendat
3409 1491 3540 1545 Deo.

1957 1560 2137 1633 Neque
2154 1567 2289 1619 enim
2314 1570 2359 1621 si
2379 1568 2871 1641 manducauerimus,
2900 1575 3255 1643 abundamus;
3300 1597 3457 1650 neque
3498 1588 3543 1635 si

1954 1671 2054 1709 non
2080 1659 2571 1728 manducauerimus,
2596 1664 2879 1733 deﬁcimus.
2911 1667 3098 1722 Viden’
3124 1671 3395 1739 quomodo
3425 1690 3545 1727 rur-

1951 1760 2045 1800 sus
2072 1763 2257 1803 eorum
2288 1749 2483 1806 fastum
2512 1753 2818 1823 deprimat?
2846 1757 2978 1811 Nam
3010 1774 3133 1814 cum
3160 1762 3405 1829 dixisset,
3435 1780 3541 1820 non

1952 1839 2113 1893 modo
2155 1840 2295 1908 illos,
2336 1842 2431 1897 sed
2461 1844 2621 1899 etiam
2662 1861 2852 1902 omnes
2893 1851 3171 1905 scientiam
3222 1852 3455 1922 habere;
3487 1869 3543 1912 et

1953 1930 2221 1986 neminem
2246 1933 2387 1989 scire
2407 1935 2862 2005 quemadmodum
2893 1942 3031 1996 scire
3058 1954 3300 2013 oportet;
3325 1954 3376 1999 et
3398 1948 3540 2016 quod

1951 2023 2172 2078 scientia
2210 2023 2390 2091 inﬂet;
2424 2026 2619 2083 deinde
2651 2044 2773 2083 cum
2802 2032 2922 2086 illos
2950 2045 3096 2088 esset
3125 2036 3449 2102 consolatus,
3480 2052 3543 2093 ac

1950 2112 2193 2179 dixisset,
2225 2131 2330 2169 non
2360 2117 2413 2171 in
2444 2120 2696 2175 omnibus
2724 2137 2846 2178 esse
2872 2126 3175 2193 scientiam,
3218 2136 3272 2182 et
3302 2128 3401 2184 hos
3423 2131 3540 2199 pol-

1949 2203 2023 2257 luI
2052 2214 2272 2275 propter
2298 2206 2755 2277 imbecillitatem;
2788 2230 2855 2267 nc
2883 2215 3126 2271 dicerent
3155 2218 3228 2272 illi
3264 2237 3278 2275 :
3312 2220 3381 2275 Et
3416 2222 3540 2291 quid

1949 2293 2013 2348 ad
2043 2310 2167 2359 nos,
2223 2297 2269 2352 si
2308 2313 2413 2353 non
2454 2309 2539 2355 cst
2582 2301 2633 2356 in
2672 2304 2922 2359 omnibus
2964 2308 3229 2362 scientia?
3256 2326 3352 2364 cur
3397 2314 3539 2367 enim

1950 2383 2037 2439 ille
2068 2387 2188 2441 talis
2218 2403 2322 2442 non
2361 2388 2523 2445 habet
2566 2393 2887 2449 scientiam?
2913 2412 3009 2451 cur
3036 2407 3118 2452 est
3163 2398 3449 2457 inﬁrmus?
3475 2420 3541 2459 ne

1950 2472 2066 2528 haec
2093 2476 2407 2545 objicerent,
2439 2497 2545 2535 non
2575 2485 2753 2537 statim
2784 2487 2847 2539 ad
2876 2487 3074 2542 claram
3112 2489 3540 2550 demonstratio—

1950 2581 2073 2621 nem
2102 2569 2271 2634 venit,
2300 2572 2443 2640 quod
2472 2589 2539 2626 ne
2564 2574 2791 2630 laedatur
2818 2578 2929 2645 ille,
2961 2581 3234 2639 abstinere
3256 2597 3537 2656 oporteat;

1950 2660 2043 2715 sed
2064 2661 2296 2729 primum
2324 2663 2552 2734 quadam
2578 2668 2894 2725 velitatione
2922 2672 3181 2729 adversus
3215 2677 3361 2731 illum
3393 2694 3537 2740 usus.

1949 2752 2184 2807 ostendit
2222 2754 2294 2819 id,
2320 2756 2461 2826 quod
2489 2767 2573 2812 est
2599 2759 2688 2812 illo
2724 2762 2917 2828 majus.
2968 2762 3247 2829 Quodnam
3284 2777 3367 2823 est
3396 2769 3540 2825 hoc?

1948 2842 2099 2910 Quod
2130 2845 2339 2899 etiamsi
2376 2862 2535 2902 nemo
2580 2850 2889 2918 larderetur,
2919 2870 3096 2925 neque
3142 2859 3372 2926 proximi
3419 2876 3540 2930 per-

1948 2934 2127 2989 versio
2154 2936 2440 2992 metuenda
2471 2948 2635 3005 esset,
2665 2956 2733 2996 ne
2766 2944 2845 2998 sic
2872 2945 3091 3015 quidem
3131 2948 3234 3004 hoc
3274 2955 3538 3020 agendum

1947 3035 2092 3082 esset
2121 3045 2135 3080 :
2164 3043 2333 3083 vanus
2377 3030 2573 3101 quippe
2607 3031 2759 3087 labor
2790 3034 2881 3089 ille
2910 3046 3075 3093 esset.
3107 3038 3239 3095 Nam
3270 3042 3360 3112 qui
3387 3045 3540 3100 audi-

1947 3121 2023 3173 vit
2041 3119 2204 3175 alium
2227 3119 2477 3186 laadi,scd
2507 3122 2607 3176 sibi
2629 3123 2834 3178 lucrum
2859 3140 2999 3193 esse,
3029 3142 3135 3183 non
3162 3132 3386 3187 multum
3410 3134 3538 3190 abs-

1948 3211 2113 3277 tinet;
2138 3210 2234 3267 sed
2260 3220 2385 3266 tunc
2410 3214 2577 3283 magis
2602 3228 2723 3268 cum
2756 3215 3022 3286 didicerit,
3051 3219 3183 3275 nihil
3210 3236 3271 3277 se
3297 3223 3365 3279 ab
3389 3238 3453 3279 ea
3480 3243 3538 3282 re

1942 3302 2137 3373 juvari.
2176 3303 2300 3358 Ideo
2344 3304 2445 3357 hoc
2485 3305 2712 3372 primum
2750 3308 2900 3374 ponit
2933 3307 3159 3366 dicens:
3201 3311 3336 3367 Esca
3372 3326 3540 3372 autem

1946 3413 2040 3450 nos
2069 3413 2170 3450 non
2196 3397 2517 3449 commendat
2556 3396 2682 3452 Deo.
2719 3398 2907 3454 V'iden’
2936 3412 3193 3471 quantum
3226 3404 3278 3459 id
3316 3408 3540 3478 viltpen-

1946 3488 2058 3552 dat,
2090 3487 2230 3556 quod
2258 3486 2539 3542 videbatur
2567 3503 2596 3541 a
2630 3489 2862 3560 perfecta
2889 3493 3108 3548 scientia
3140 3493 3324 3551 efﬁci?
3360 3497 3541 3572 Neque

1947 3580 2081 3634 enim
2119 3580 2164 3633 si
2203 3580 2697 3648 manducaverimus,
2746 3584 3099 3651 abundamus;
3150 3586 3204 3642 id
3249 3598 3352 3657 est,
3398 3594 3535 3661 apud

1948 3672 2116 3727 Deum
2153 3671 2358 3740 probati
2388 3686 2616 3739 sumus,
2653 3684 2711 3727 ut
2741 3674 2865 3743 quid
2910 3674 3107 3731 bonum
3153 3680 3236 3733 vel
3286 3697 3535 3752 magnum

1947 3761 2186 3832 operati;
2218 3779 2379 3831 neque
2401 3764 2446 3816 si
2472 3779 2573 3817 non
2618 3764 3108 3835 manducaverimus,
3159 3770 3454 3839 deﬁcimus;
3486 3776 3538 3830 id

1946 3865 2049 3922 est,
2081 3856 2257 3909 minus
2281 3855 2407 3925 quid
2439 3856 2718 3912 habemus.
2760 3856 2976 3915 Interim
3010 3861 3169 3931 igitur
3191 3865 3320 3920 illud
3351 3877 3535 3924 osten-

1946 3949 2024 4004 dit
2052 3948 2380 4019 superﬂuum
2410 3958 2464 4003 et
2494 3949 2623 4003 nihil
2674 3964 2793 4005 esse
2826 3969 2839 4005 :
2874 3968 2997 4007 nam
3029 3954 3080 4008 id
3101 3994 3116 4020 ,
3169 3958 3310 4025 quod
3364 3974 3537 4030 neque

1948 4044 1993 4098 si
2040 4042 2134 4097 ﬁat
2174 4041 2413 4110 prodest,
2446 4056 2622 4113 neque
2648 4043 2691 4095 si
2722 4057 2825 4097 non
2858 4043 2950 4099 ﬁat
2978 4054 3156 4113 nocet,
3204 4049 3530 4118 superﬂuum

1948 4143 2096 4188 certe
2136 4133 2314 4187 fuerit.

2019 4225 2074 4280 5.
2095 4224 2415 4296 Progressus
2430 4233 2606 4279 autem
2626 4232 2794 4279 totum
2813 4227 2888 4280 rei
2908 4226 3158 4283 damnum
3178 4233 3364 4301 aperit.
3387 4234 3537 4293 Nunc

1948 4325 2128 4371 autem
2144 4314 2294 4377 dicit,
2314 4314 2366 4371 id
2393 4315 2534 4385 quod
2562 4314 2821 4371 fratribus
2834 4318 3030 4373 accidit
3054 4336 3068 4373 :
3101 4320 3153 4375 9.
3196 4322 3367 4380 Videte
3382 4329 3535 4396 enim,

1949 4407 2140 4477 inquit,
2159 4424 2222 4460 ne
2236 4407 2367 4475 forte
2382 4406 2701 4461 Itarclicentia
2721 4418 2885 4461 vestra
2903 4408 3266 4476 offendicula"!
3284 4416 3375 4484 ﬁat
3396 4418 3535 4490 inﬁr-

1948 4500 2043 4553 mis
2060 4497 2321 4568 fratribus.
2348 4496 2466 4551 Non
2481 4498 2633 4563 dixit,
2665 4497 2814 4565 Quod
2843 4498 3054 4554 licentia
3079 4513 3255 4558 vestra
3285 4507 3354 4561 sit
3372 4508 3539 4564 offen-

1948 4589 2206 4654 diculum,
2253 4602 2427 4659 neque
2449 4586 2501 4642 id
2532 4588 2914 4658 pronuntiavit,
2940 4598 2995 4643 ut
3024 4606 3090 4646 ne
3116 4592 3536 4663 impudentiores

1950 4682 2071 4737 illos
2087 4680 2377 4747 redderet;
2411 4678 2504 4735 sed
2523 4679 2835 4750 quomodo?
2876 4679 3070 4747 Videte,
3102 4691 3307 4741 terrens
3329 4687 3447 4745 illos
3476 4706 3537 4746 ac

1949 4773 2154 4844 pudore
2179 4773 2420 4827 afﬁciens
2460 4784 2517 4827 et
2544 4770 2611 4826 ad
2635 4770 2863 4827 faciendi
2894 4774 3229 4842 negationem
3258 4777 3531 4839 inducens.

1950 4865 2135 4935 Neque
2162 4863 2318 4930 dixit,
2350 4863 2479 4917 llaec
2517 4870 2694 4917 vestra
2736 4862 2980 4930 scientia,
3022 4865 3162 4933 quod
3194 4868 3361 4937 magis
3390 4871 3533 4927 laudi

1950 4964 2133 5021 esset;
2177 4970 2372 5026 neque,
2414 4954 2540 5010 Hmc
2572 4964 2749 5009 vestra
2786 4953 3077 5025 perfectio;
3128 4959 3221 5013 sed
3262 4958 3489 5017 Licentia
3515 4982 3537 5021 :

1950 5049 2093 5121 quod
2120 5049 2291 5121 magis
2312 5047 2652 5111 temeritatis,
2676 5045 2982 5114 petulantia:
3001 5057 3057 5101 et
3080 5052 3397 5121 arroganlite
3417 5068 3541 5114 esse

1954 5143 2251 5198 videbatur.
2281 5139 2393 5195 Nec
2432 5138 2585 5203 dixit,
2625 5137 2942 5207 Fratribus;
2986 5140 3081 5197 sed
3108 5141 3342 5209 Inﬁt-mis
3369 5146 3541 5217 [ωτι-ί.

1950 5235 2061 5302 bus,
2093 5233 2296 5290 crimen
2336 5244 2558 5302 augens,
2591 5229 2732 5300 quod
2774 5246 2844 5288 ne
2885 5231 3109 5287 inﬁrmis
3158 5234 3374 5303 quidem
3414 5256 3538 5311 par-

1951 5336 2094 5393 cant,
2126 5326 2234 5380 imo
2277 5323 2552 5380 fratribus.
2599 5324 2731 5381 Esto
2777 5326 2942 5390 enim,
2975 5339 3079 5379 non
3105 5328 3332 5401 corrigis
3363 5347 3537 5404 neque

1953 5419 2195 5485 excitas;
2233 5432 2329 5472 cur
2374 5416 2687 5485 supplantas
2734 5427 2788 5472 et
2834 5415 3043 5484 dejicis,
3094 5432 3219 5474 cum
3263 5431 3537 5490 oporteret

1953 5525 2172 5567 manum
2212 5508 2488 5580 porrigere
2511 5506 2535 5560 ἲ
2559 5506 2665 5563 Sed
2715 5507 2818 5562 hoc
2851 5520 2957 5561 non
2989 5507 3071 5562 vis
3099 5528 3114 5565 :
3144 5525 3274 5581 ergo
3302 5526 3373 5567 ne
3402 5514 3539 5586 deji-

1951 5605 2083 5659 cias.
2112 5601 2246 5656 Nam
2270 5599 2317 5654 si
2343 5599 2516 5654 malus
2540 5609 2703 5666 esset,
2745 5600 3077 5656 correctione
3112 5615 3247 5672 opus
3278 5601 3535 5673 haberet;

1952 5697 1997 5751 si
2027 5704 2205 5750 autem
2234 5690 2495 5758 inﬁrmus,
2526 5693 2809 5750 medicina.
2849 5690 3003 5748 Nunc
3025 5702 3204 5748 autem
3236 5709 3343 5751 non
3380 5698 3539 5752 modo

1958 5789 2200 5847 inﬁrmus
2238 5795 2341 5857 est,
2382 5787 2477 5845 sed
2497 5788 2665 5845 etiam
2696 5786 2881 5846 frater.
2912 5790 2999 5844 to.
3030 5788 3156 5841 Cum
3195 5792 3308 5862 quis
3334 5796 3463 5847 enim
3494 5806 3541 5851 te

3100 5888 3164 5946 ιι
