4028 6208
515 339 612 397 16⁸]

517 454 692 509 viderit
714 453 974 507 scientiam
999 452 1262 504 habentem
1284 450 1335 502 in
1356 449 1513 503 idolio
1533 447 1919 503 recumbentetrt.
1937 461 2104 498 nonne

512 548 823 604 conscientia
853 548 981 616 ejus,
1009 561 1122 598 cum
1143 545 1206 598 sit
1227 544 1482 612 inﬁrmus,
1511 542 1853 609 wdiﬁcabitur
1877 539 1946 592 ad
1970 556 2106 592 man-

511 640 803 695 ducandum
831 636 1158 707 idolothyta.’
1182 635 1313 690 Cum
1339 636 1582 698 dixisset,
1623 633 1797 687 Videte
1819 649 1881 686 ne
1901 632 2104 686 licentia

508 742 673 786 vestra
699 732 766 785 sit
786 728 1169 796 o/fendicnlum,
1202 727 1331 781 dicit
1349 725 1620 795 quomodo
1646 726 1745 778 hoc
1774 724 1884 788 fiat,
1912 730 1967 777 et
1989 721 2106 776 ubi-

505 839 611 891 que
641 822 1006 877 infirmitatem
1046 819 1215 888 ponit,
1250 833 1318 871 ne
1356 816 1602 870 videatur
1625 814 1876 869 damnum
1907 828 1974 867 ex
2003 827 2103 865 na-

506 924 625 972 tura
669 913 750 969 rei
794 926 934 977 esse,
962 920 1016 966 et
1056 910 1323 964 terribiles
1352 922 1471 964 esse
1501 906 1780 961 videantur
1806 905 2100 959 dmmones.

504 1007 657 1061 Nunc
684 1006 827 1061 enim
866 1019 1033 1073 prope
1072 1012 1175 1067 est,
1210 1001 1401 1072 inquit,
1444 1010 1503 1054 ut
1528 1004 1747 1055 omnino
1780 999 1997 1052 deﬁciat
2034 996 2103 1051 ab

508 1096 667 1151 idolis
700 1113 716 1148 :
745 1104 800 1149 te
827 1102 1004 1149 autem
1033 1092 1220 1146 videns
1250 1106 1369 1145 cum
1400 1091 1503 1145 illis
1528 1091 1759 1144 libenter
1774 1096 2097 1151 versantem,

507 1203 619 1241 rem
671 1185 865 1254 accipit
894 1198 990 1253 pro
1030 1182 1414 1245 admonitione,
1457 1188 1508 1234 et
1547 1179 1599 1232 iu
1641 1179 1728 1232 illa
1758 1194 1818 1233 re
1855 1186 2101 1232 versatur

503 1282 663 1335 etiam
695 1280 830 1349 ipse.
862 1277 1048 1347 Itaque
1078 1292 1184 1330 non
1216 1275 1391 1329 solum
1422 1287 1485 1325 ex
1527 1272 1669 1325 illius
1710 1270 2095 1330 imbecillitate,

503 1371 598 1426 sed
628 1386 693 1426 ex
729 1368 1111 1435 intempestivo
1150 1374 1243 1419 tuo
1270 1380 1435 1432 opere
1476 1362 1683 1416 insidia:
1723 1361 2011 1415 oriuntur:
2041 1368 2096 1413 tu

501 1465 646 1521 enim
675 1462 823 1517 illum
850 1458 1205 1514 inﬁrmiorem
1229 1455 1430 1510 reddis.
1459 1455 1542 1508 li.
1572 1451 1637 1505 Et
1662 1451 1841 1522 peribit
1866 1452 2099 1520 infirmus

502 1560 670 1627 frater
694 1553 749 1616 its
777 1566 893 1606 esca
920 1559 1026 1611 tua,
1056 1556 1263 1617 propter
1293 1561 1438 1614 quem
1470 1542 1702 1598 Christus
1736 1551 1963 1596 mortuus
2000 1551 2093 1596 est.

502 1646 622 1699 Duo
652 1655 885 1712 namque
911 1650 1056 1701 sunt,
1081 1654 1199 1708 qua:
1232 1645 1282 1691 te
1308 1635 1461 1689 venia
1493 1635 1710 1704 privent
1734 1632 1805 1688 ob
1840 1632 1943 1686 hoc
1970 1632 2093 1685 illa-

503 1746 612 1788 tum
638 1732 916 1792 damnum,
950 1737 1005 1784 et
1040 1726 1182 1797 quod
1221 1726 1487 1791 infirmus,
1520 1733 1571 1779 et
1608 1724 1750 1795 quod
1784 1722 1950 1778 frater
1984 1722 2090 1785 sit;

503 1830 611 1881 imo
641 1825 856 1879 tertium
888 1836 1099 1892 quoque
1140 1818 1371 1881 additur,
1417 1815 1560 1885 quod
1608 1815 1848 1870 omnium
1886 1812 2096 1868 terribi-

503 1919 765 1973 Iissimum
787 1924 889 1970 est.
931 1911 1211 1979 Quodnam
1246 1908 1374 1962 illud
1402 1907 1525 1961 est?
1548 1905 1701 1972 Quod
1724 1903 1972 1959 Christus
1998 1916 2095 1972 pro

498 2010 601 2064 illo
622 2008 756 2062 mori
787 2021 891 2059 non
923 2001 1286 2061 recusaverit;
1321 2008 1375 2053 tu
1406 2011 1535 2051 vero
1562 2011 1629 2051 ne
1648 1995 1863 2066 quidem
1890 1994 1955 2047 ad
1978 1992 2094 2062 ejus

500 2098 919 2156 imbecillitatem
950 2102 1002 2148 te
1031 2102 1372 2161 attemperas.
1405 2090 1505 2144 Per
1544 2088 1659 2148 haec
1697 2097 1874 2142 autem
1910 2084 2089 2156 perfe-

496 2201 644 2247 ctum
686 2189 957 2251 admonet,
990 2184 1158 2255 qualis
1192 2183 1304 2251 ipse
1336 2180 1481 2250 prius
1519 2188 1680 2241 esset,
1714 2186 1770 2234 et
1810 2177 1953 2247 quod
1996 2190 2092 2246 pro

498 2286 590 2341 illo
610 2284 768 2339 etiam
800 2288 1045 2335 mortuus
1068 2277 1155 2331 sit.
1202 2275 1269 2329 Et
1302 2290 1406 2328 non
1450 2272 1583 2327 dixit
1614 2290 1627 2326 :
1664 2271 1766 2324 Pro
1792 2285 1899 2340 quo
1928 2269 2088 2323 etiam

501 2376 635 2432 mori
663 2385 715 2430 te
740 2370 1051 2443 Oportebat;
1080 2366 1175 2422 sed
1205 2364 1344 2435 quod
1380 2364 1549 2418 multo
1585 2362 1756 2431 majus
1783 2368 1919 2425 erat,
1948 2359 2088 2428 quod

494 2474 656 2530 etiam
682 2470 930 2527 Christus
957 2472 1178 2537 propter
1199 2463 1371 2533 ipsum
1397 2469 1480 2515 est
1500 2467 1760 2513 mortuus.
1790 2455 1877 2511 Sic
1908 2455 2089 2509 Domi-

495 2581 597 2620 nus
625 2562 841 2634 quidem
866 2571 987 2613 tuus
1010 2572 1107 2627 pro
1136 2555 1231 2609 illo
1252 2553 1387 2609 mori
1414 2567 1515 2607 non
1538 2550 1841 2613 recusavit;
1874 2557 1928 2601 tu
1957 2561 2087 2602 vero

494 2658 609 2728 ejus
638 2654 838 2710 nullam
864 2652 1125 2705 rationem
1158 2647 1345 2711 habes,
1379 2655 1434 2699 ut
1467 2658 1566 2697 nec
1602 2649 1820 2711 propter
1857 2639 2029 2707 ipsum
2056 2653 2085 2691 a

493 2750 722 2805 scelesta
744 2760 927 2799 mensa
949 2729 1255 2803 abstineas;
1285 2736 1378 2791 sed
1409 2735 1539 2790 sinis
1570 2735 1740 2802 ipsum
1765 2731 1941 2801 perire
1969 2738 2088 2799 post

493 2842 723 2898 salutem
752 2838 824 2890 ita
857 2842 1096 2905 partam;
1139 2828 1386 2898 quodque
1424 2825 1798 2896 gravissimum
1840 2830 1942 2885 est,
1990 2835 2086 2890 per

491 2926 924 2995 escam?Ncquc
961 2922 1103 2977 enim
1148 2918 1302 2983 dixit,
1347 2917 1570 2984 Propter
1610 2924 1753 2967 tuam
1794 2911 2084 2981 perfectio-

494 3036 637 3083 nem,
680 3018 762 3072 vel
796 3023 1014 3084 propter
1048 3020 1192 3065 tuam
1223 3000 1526 3071 scientiam,
1553 3005 1647 3060 sed
1687 3003 1908 3073 Propter
1942 3011 2083 3055 tuam

487 3132 675 3172 escam.
700 3112 839 3167 Sunt
860 3111 1041 3176 itaque
1064 3116 1293 3177 quatuor
1313 3101 1559 3165 crimina,
1592 3098 1789 3167 illaque
1812 3095 2041 3149 maxima
2065 3110 2080 3148 :

488 3205 631 3277 quod
661 3212 715 3258 et
741 3203 905 3255 frater
932 3199 1022 3262 sit,
1048 3205 1103 3251 et
1129 3193 1393 3254 infirmus,
1428 3201 1483 3245 et
1510 3190 1666 3258 cujus
1695 3186 1940 3242 Christus
1967 3195 2085 3277 tan:

490 3275 599 3353 tam
626 3292 811 3349 habuit
840 3290 1123 3352 rationem,
1157 3294 1215 3340 ut
1243 3300 1337 3354 pro
1370 3283 1461 3336 illo
1502 3290 1829 3341 moreretur;
1858 3288 1909 3333 et
1938 3275 2081 3348 quod

490 3398 610 3460 post
655 3385 770 3440 hazc
812 3382 994 3437 omnia
1048 3386 1270 3448 propter
1299 3390 1475 3430 escam
1510 3380 1712 3443 pereat.
1746 3371 1829 3425 η.
1865 3370 1956 3425 Sic
1990 3384 2083 3422 aa-

490 3491 587 3533 tem
617 3484 881 3548 peccantes
919 3472 973 3525 in
1018 3471 1219 3538 fratres,
1264 3476 1310 3520 et
1354 3466 1684 3535 percutientes
1724 3462 2083 3515 conscientiam

488 3587 663 3626 eorum
694 3568 974 3637 infirmam,
1007 3564 1061 3616 in
1105 3560 1362 3616 Christum
1408 3557 1646 3625 peccatis.
1693 3555 1880 3609 Viden’
1921 3569 2080 3624 quam

488 3642 688 3722 sensim
710 3672 765 3718 et
795 3660 1047 3732 paulatim
1077 3665 1354 3727 peccatum
1388 3653 1517 3708 illud
1544 3652 1608 3707 ad
1637 3652 1849 3714 culmen
1886 3650 2081 3720 iniqui-

489 3760 613 3813 tatis
639 3752 966 3813 deduxerit?
998 3750 1309 3818 Rursusque
1347 3744 1675 3800 infirmitatis
1716 3743 1926 3796 illorum
1965 3756 2081 3795 me-

492 3850 665 3907 minit.
697 3846 830 3901 Nam
871 3841 1021 3914 quod
1044 3841 1143 3911 ipsi
1174 3855 1272 3909 pro
1300 3854 1359 3892 se
1384 3851 1505 3890 esse
1546 3832 1943 3897 existimabant,
1976 3830 2079 3885 hoc

492 3942 689 4011 ubique
718 3940 769 3993 in
802 3937 1015 3992 illorum
1036 3939 1196 4002 caput
1221 3928 1505 3984 convertit.
1528 3926 1711 3995 Neque
1737 3924 1891 3989 dixit,
1914 3923 2080 3978 Scan-

491 4035 810 4095 dalizantes,
842 4028 936 4083 sed
967 4025 1335 4088 Percutientes,
1367 4030 1425 4075 ut
1453 4035 1550 4090 per
1576 4017 1823 4074 dictionis
1853 4016 2077 4086 empba-

490 4129 571 4181 sin
604 4122 974 4180 crudelitatem
1002 4115 1332 4172 ostenderet.
1356 4111 1493 4179 Quid
1521 4112 1663 4166 enim
1689 4110 1882 4165 stevius
1918 4108 2080 4163 fuerit

490 4217 729 4281 homine,
761 4214 849 4283 qui
880 4225 1082 4281 a‘grum
1122 4204 1424 4277 percutiat?
1469 4204 1680 4258 Etenim
1726 4201 1914 4270 quovis
1955 4201 2077 4254 vul-

489 4324 624 4365 nere
657 4307 875 4378 gravius
900 4311 985 4358 est
1022 4300 1405 4358 scandalizare.
1438 4312 1529 4351 seu
1566 4294 1947 4349 oﬂ‘endlculum
1980 4307 2077 4361 p0-

490 4418 620 4459 nere
648 4418 661 4455 :
691 4415 836 4469 sa‘pe
877 4409 1105 4465 namque
1138 4393 1239 4447 hoc
1286 4392 1512 4444 mortem
1554 4387 1781 4441 induxit.
1837 4386 1902 4440 Et
1944 4402 2080 4455 quo-

488 4493 651 4550 modo
676 4492 732 4546 in
760 4490 1033 4545 Christum
1067 4480 1331 4555 peccant?
1356 4479 1475 4536 Uno
1502 4478 1715 4548 quidem
1744 4475 1926 4544 modo,
1954 4477 2077 4546 quia

488 4602 607 4655 qua:
647 4591 771 4638 sunt
814 4578 1134 4635 famulorum
1176 4583 1236 4629 ut
1282 4572 1496 4643 prepria
1526 4568 1627 4623 sibi
1668 4568 1945 4633 attribuit;
1994 4584 2079 4623 se-

487 4676 684 4741 cundo,
725 4672 868 4744 quod
909 4670 1000 4741 qui
1030 4667 1409 4728 verberantur,
1439 4662 1506 4717 ad
1535 4676 1730 4731 corpus
1758 4671 1811 4715 et
1836 4657 2077 4715 membra

486 4769 657 4842 ipsius
682 4764 1017 4835 pertineant;
1045 4758 1225 4823 tertio,
1250 4756 1392 4826 quod
1422 4770 1558 4825 opus
1578 4769 1731 4810 suum
1761 4769 1775 4808 :
1803 4769 1900 4824 per
1926 4768 2079 4809 suam

489 4862 694 4918 cazdem
733 4854 1001 4927 propriam
1047 4850 1402 4912 aedificatum,
1448 4847 1546 4915 ipsi
1590 4861 1684 4915 per
1729 4847 2077 4901 ambitionem

489 4971 637 5009 suam
690 4951 927 5008 diruunt.
972 4946 1066 5001 15.
1124 4942 1467 5011 Quapropter,
1515 4938 1558 4991 si
1603 4954 1716 4991 esca
1762 4938 2078 4991 scandalizat

491 5047 699 5115 fratrem
727 5056 929 5104 meum,
968 5052 1071 5091 non
1104 5030 1421 5087 manducabo
1470 5045 1673 5083 carnem
1713 5029 1766 5081 in
1810 5038 2071 5083 wternum.

490 5136 606 5191 Hoc
650 5145 918 5203 tamquam
966 5129 1204 5200 optimus
1249 5124 1528 5195 magister,
1572 5121 1727 5193 cujus
1768 5129 1851 5176 est
1886 5137 1981 5191 per
2018 5136 2078 5177 se

492 5227 687 5283 docere
716 5240 831 5293 qua:
857 5223 1006 5278 dicit.
1026 5219 1209 5291 Neque
1229 5216 1383 5281 dixit,
1402 5216 1526 5271 Sive
1547 5214 1690 5285 juste
1710 5213 1824 5269 sive
1844 5213 2038 5283 injuste
2058 5230 2073 5278 ;

491 5316 587 5373 sed
618 5313 1135 5387 quomodocumque.
1165 5304 1273 5364 Nec
1303 5307 1449 5371 dico,
1478 5305 1671 5376 inquit,
1703 5305 1847 5360 idolo
1878 5305 2075 5360 immo-

492 5410 677 5477 latum,
710 5404 854 5477 qnod
882 5404 1040 5458 etiam
1078 5410 1299 5473 prepter
1328 5399 1486 5452 aliam
1526 5411 1741 5451 causam
1781 5405 1867 5452 est
1897 5394 2077 5466 probi.

492 5501 698 5566 bitum;
722 5495 817 5553 sed
843 5494 888 5549 si
918 5493 1045 5564 quid
1071 5494 1235 5549 etiam
1259 5504 1471 5553 eorum,
1495 5503 1616 5558 quae
1640 5488 1695 5542 in
1724 5495 1990 5557 potestate
2023 5494 2080 5541 et

495 5606 755 5651 concessa
801 5595 931 5646 sunt
975 5584 1229 5651 on‘endat,
1271 5581 1339 5636 ab
1376 5580 1485 5634 illis
1519 5594 1732 5651 quoque
1773 5577 2074 5644 abstinebo,

489 5700 601 5743 non
628 5696 735 5739 uno
760 5682 844 5738 vel
870 5680 1043 5737 altero
1066 5673 1175 5743 die,
1208 5674 1303 5730 sed
1335 5682 1449 5728 toto
1474 5673 1599 5726 vitae
1629 5687 1763 5727 mea:
1784 5680 2030 5743 tempore
2059 5685 2075 5722 :

502 5771 623 5832 Non
646 5772 960 5829 manducata
990 5767 1155 5835 enim,
1184 5766 1376 5837 inquit,
1404 5778 1585 5819 carnes
1603 5761 1657 5817 in
1682 5772 1943 5819 retentum.
1967 5760 2078 5817 Nec

1252 337 1307 392 S.
1351 335 1626 393 JOANNIS
1661 330 2136 392 CHRYSOSTOMI
2176 330 2492 388 ARCIIIEP.
2532 331 3066 394 CONSTANTINOP.

3682 349 3791 403 ’168

2215 442 2368 505 dixit,
2394 444 2471 499 Ne
2496 446 2713 513 perdam
2745 445 2986 512 fratrem,
3029 449 3125 505 sed
3164 454 3503 523 simpliciter,
3542 458 3624 514 Ne
3651 461 3793 528 fratri

2212 532 2522 599 offendicula
2549 538 2664 589 sim.
2695 537 2908 593 Etenim
2939 550 3198 597 extrema:
3224 544 3512 604 dementia:
3547 551 3708 605 fuerit
3733 568 3790 607 ea

2211 641 2331 695 qua:
2366 626 2580 681 Christo
2620 630 2691 683 ita
2728 629 2879 684 cordi
2922 630 3091 697 fuere,
3130 643 3185 688 et
3213 635 3337 689 talia
3380 647 3441 692 ut
3481 650 3701 709 propter
3732 658 3790 697 ea

2211 725 2437 771 mortem
2461 718 2706 788 elegerit,
2746 735 2845 775 nos
2876 722 2946 775 ita
2985 724 3132 792 parvi
3163 724 3361 791 facere,
3394 736 3452 783 ut
3477 745 3545 786 ne
3573 742 3789 802 prepter

2208 804 2300 859 illa
2329 806 2545 877 quidem
2589 809 2657 864 ab
2699 812 2837 865 escis
2883 812 2988 867 illis
3032 812 3421 872 abstineamus.
3468 819 3595 875 Hmc
3636 838 3791 891 porro

2209 916 2315 981 non
2340 902 2445 957 illis
2482 904 2678 971 solum,
2702 904 2798 959 sed
2820 905 2984 961 etiam
3016 908 3171 963 nobis
3190 919 3494 979 opportune
3528 913 3786 981 dicantur,

2208 980 2299 1063 qui
2320 995 2549 1063 proximi
2571 997 2798 1051 salutem
2820 998 3168 1068 despicimus,
3192 1009 3248 1055 et
3267 1003 3502 1057 satanica
3526 1004 3611 1060 illa
3634 980 3789 1062 verba

2208 1087 2553 1156 proferimus.
2587 1089 2718 1145 Nam
2748 1090 2952 1158 dicere,
2983 1091 3119 1159 Quid
3157 1095 3286 1149 mihi
3324 1111 3474 1152 cura:
3504 1108 3609 1162 est,
3635 1101 3679 1154 si
3704 1102 3791 1157 ille

2205 1179 2507 1236 offendatur
2540 1191 2596 1237 et
2639 1184 2731 1239 ille
2772 1186 3004 1254 pereat?
3044 1188 3298 1243 satanicae
3341 1199 3428 1245 est
3463 1192 3791 1251 crudelitatis

2204 1280 2257 1325 et
2301 1271 2723 1329 inhumanitatis.
2757 1275 2921 1345 Atqui
2954 1286 3081 1333 tunc
3108 1278 3325 1347 quidem
3368 1280 3582 1337 illorum
3623 1284 3793 1341 imbe.

2203 1362 2441 1418 cillitatis
2466 1375 2603 1429 erat,
2647 1366 2841 1436 quibus
2884 1366 2999 1423 haec
3044 1366 3371 1427 offendicula
3418 1383 3603 1440 erant;
3654 1377 3788 1445 apud

2204 1469 2302 1516 nos
2328 1469 2455 1510 vero
2482 1470 2587 1510 non
2615 1456 2763 1512 item.
2786 1457 2918 1511 Nam
2948 1458 3034 1512 illa
3058 1469 3273 1528 peccata
3300 1461 3651 1533 admittimus,
3676 1483 3791 1535 qua:

2203 1543 2429 1601 fortibus
2467 1548 2629 1601 etiam
2676 1547 3003 1606 offendicula
3032 1551 3159 1607 sint.
3202 1552 3338 1609 Cum
3383 1556 3791 1626 enimpercuti-

2201 1651 2341 1703 lmlS,
2374 1639 2608 1707 rapimus
2641 1649 2697 1695 et
2735 1642 2975 1696 avaritia:
3003 1642 3307 1712 studemus,
3344 1646 3637 1718 liberisque
3659 1657 3791 1704 tam-

2199 1744 2358 1798 quam
2390 1732 2673 1800 mancipiis
2702 1733 2993 1799 abutimur,
3020 1737 3234 1792 cuinam
3265 1738 3379 1794 haec
3416 1756 3522 1795 non
3560 1740 3784 1799 alendi-

2199 1821 2321 1875 eulo
2347 1821 2583 1881 fiterint?
2620 1823 2751 1877 Nam
2784 1839 2851 1879 ne
2877 1825 3104 1892 dixeris,
3134 1827 3231 1882 Ille
3256 1841 3431 1895 sutor,
3469 1833 3571 1889 iste
3598 1835 3793 1890 tinctor

2200 1923 2317 1978 est;
2351 1929 2525 1980 neque
2559 1914 2782 1982 dixeris,
2811 1916 3055 1972 IErarius
3083 1918 3234 1974 faber
3257 1922 3395 1976 alius
3420 1932 3501 1977 est
3532 1942 3545 1976 :
3580 1925 3674 1980 sed
3702 1942 3793 1981 en-

2197 2003 2304 2072 gita
2331 2003 2480 2057 illum
2507 2019 2629 2059 esse
2651 2005 2861 2061 fidelem
2888 2017 2943 2062 et
2964 2007 3208 2063 fratrem.
3231 2008 3447 2066 Illorum
3468 2013 3609 2068 enim
3633 2014 3792 2071 disci-

2196 2098 2307 2166 puli
2353 2113 2559 2163 sumus,
2592 2098 2939 2167 piscatorum,
2994 2102 3427 2169 publicanorum.
3467 2106 3789 2163 tabernacu-

2198 2188 2371 2245 lorum
2424 2192 2678 2262 opificum
2713 2208 2726 2245 :
2757 2192 2900 2247 illius
2926 2196 3016 2263 qui
3049 2196 3100 2249 in
3150 2197 3311 2251 domo
3364 2198 3499 2253 fabri
3552 2200 3787 2257 nutritus

2196 2280 2315 2347 fuit,
2348 2282 2436 2351 qui
2477 2297 2731 2351 sponsam
2760 2283 2877 2352 ejus
2908 2294 3135 2340 matrem
3167 2286 3369 2344 habere
3396 2288 3647 2359 dignatus
3682 2301 3785 2358 est,

2194 2372 2282 2441 qui
2316 2372 2507 2441 pannis
2548 2372 2819 2427 involutus
2864 2374 2916 2426 in
2963 2376 3191 2445 prtesepi
3239 2377 3507 2446 recubuit,
3545 2381 3637 2449 qui
3679 2398 3789 2437 non

2194 2462 2427 2517 habebat
2454 2462 2544 2516 ubi
2574 2472 2737 2533 caput
2782 2465 3093 2529 reclinaret,
3125 2468 3214 2535 qui
3242 2476 3387 2523 tanta
3428 2472 3662 2541 suscepit
3702 2472 3791 2527 iti-

2193 2570 2343 2621 nera,
2369 2564 2427 2607 ut
2448 2570 2514 2609 ex
2546 2554 2628 2609 via
2661 2554 2835 2611 fessus
2862 2568 3024 2622 esset,
3055 2558 3145 2627 qui
3176 2558 3245 2612 ab
3270 2560 3393 2615 aliis
3426 2562 3784 2619 nutriebatur.

2264 2647 2316 2700 6.
2360 2645 2551 2711 Fastus
2576 2648 2829 2702 humanus
2854 2650 2985 2704 nihil
3012 2660 3107 2706 est.
3126 2651 3340 2708 —ll:nc
3373 2655 3569 2725 cogita,
3601 2665 3654 2712 et
3682 2656 3785 2713 hu-

2190 2753 2407 2791 manum
2429 2737 2625 2792 fastum
2655 2738 2787 2793 nihil
2820 2754 2941 2795 esse
2969 2751 3124 2811 putes
3150 2759 3165 2807 ;
3196 2743 3289 2799 sed
3321 2753 3376 2799 et
3406 2744 3784 2804 tabernaculo-

2189 2843 2310 2882 rum
2351 2827 2624 2898 opiﬁcem,
2668 2838 2726 2885 et
2754 2846 2877 2885 eum
2919 2832 3008 2902 qui
3051 2846 3213 2888 curru
3255 2835 3491 2901 vehitur,
3539 2849 3595 2893 et
3626 2840 3782 2896 mille

2188 2920 2421 2976 famulos
2451 2920 2630 2987 habet,
2655 2930 2709 2976 et
2732 2921 2852 2977 foro
2878 2923 3069 2978 obvios
3089 2934 3258 2992 arcet,
3282 2926 3502 2983 fratrem
3527 2942 3648 2985 esse
3667 2932 3788 2986 exi-

2188 3011 2343 3066 stima
2370 3028 2384 3077 ;
2419 3012 2527 3067 imo
2556 3012 2707 3067 illum
2739 3015 2910 3085 magis
2935 3031 3095 3085 quam
3122 3017 3284 3072 hunc.
3313 3018 3445 3074 Nam
3476 3020 3564 3076 ille
3587 3036 3785 3093 oppor-

2189 3106 2370 3159 tunius
2400 3103 2565 3160 frater
2585 3105 2815 3167 dicatur,
2848 3108 2940 3177 qui
2969 3110 3138 3179 magis
3161 3111 3353 3179 similis
3373 3121 3475 3169 est.
3500 3114 3634 3181 Quis
3652 3131 3783 3187 ergo

2187 3196 2379 3251 similis
2403 3206 2487 3251 est
2515 3197 2912 3267 piscatoribus?
2939 3201 3027 3269 qui
3058 3202 3374 3271 quotidiana
3400 3204 3562 3260 alitur
3589 3221 3777 3275 opere,

2199 3301 2308 3341 non
2335 3286 2543 3343 habens
2568 3285 2829 3341 famulum
2865 3302 3039 3358 neque
3060 3289 3425 3360 domicilium;
3451 3293 3545 3349 sed
3575 3295 3631 3349 in
3655 3310 3778 3351 om-

2199 3380 2362 3435 nibus
2378 3379 2705 3439 crueiﬁxus;
2728 3394 2795 3434 an
2810 3380 2919 3440 ille.
2938 3381 3029 3449 qui
3044 3376 3197 3437 tanto
3215 3381 3357 3438 fastu
3378 3385 3773 3453 circumdatur,

2196 3480 2253 3527 et
2269 3467 2771 3539 contrarialegibus
2791 3468 2992 3524 divinis
3016 3470 3309 3539 operatur!
3327 3471 3406 3527 Ne
3433 3488 3563 3545 ergo
3590 3475 3778 3546 despi-

2192 3564 2308 3618 cias
2334 3559 2509 3624 illum,
2534 3558 2628 3628 qui
2655 3559 2831 3629 magis
2852 3557 3020 3615 frater
3046 3569 3173 3616 tuus
3197 3568 3282 3617 est
3306 3576 3320 3612 :
3346 3576 3470 3617 nam
3491 3562 3578 3619 ille
3600 3566 3777 3636 magis

2185 3651 2375 3705 similis
2404 3660 2487 3705 est
2514 3654 2823 3722 apostolica:
2854 3655 3090 3725 imagini.
3130 3658 3200 3710 At
3246 3672 3350 3712 non
3393 3658 3640 3723 libenter,
3682 3662 3782 3715 sed

2186 3742 2404 3805 invitus,
2436 3743 2645 3813 inquies
2676 3761 2689 3798 :
2720 3758 2827 3798 non
2873 3746 3016 3801 enim
3062 3762 3126 3802 ex
3171 3748 3334 3801 animi
3379 3750 3643 3803 sententia
3675 3749 3783 3807 hoc

2185 3831 2329 3887 facit.
2368 3832 2643 3888 Undenam
2678 3833 2814 3889 hoc?
2837 3850 2941 3889 non
2968 3836 3211 3903 audistis,
3239 3836 3417 3891 Nolite
3434 3838 3694 3907 judicare,
3722 3852 3782 3895 ut

2184 3925 2604 3993 nonjudicemini
2634 3924 2848 3994 (Matth.
2883 3928 2935 3979 7.
2980 3927 3030 3997 1)
3056 3928 3079 3981 ?
3105 3927 3173 3983 Ut
3202 3938 3380 3983 autem
3410 3930 3586 3985 discas
3626 3931 3777 3987 illum

2184 4031 2290 4070 non
2324 4017 2547 4070 invitum
2572 4018 2815 4084 operari,
2848 4018 3045 4073 accede
3084 4028 3139 4074 et
3184 4018 3250 4074 da
3302 4020 3376 4075 illi
3419 4019 3601 4078 decies
3627 4024 3783 4080 mille

2184 4109 2301 4161 auri
2333 4108 2555 4174 talenta,
2589 4116 2642 4163 et
2685 4109 2894 4165 videbis
2927 4110 3075 4165 illum
3121 4110 3237 4168 hzcc
3271 4126 3541 4176 recusare.
3592 4114 3783 4188 itaque

2184 4199 2396 4255 etiamsi
2441 4216 2471 4254 a
2512 4201 2806 4270 majoribus
2845 4203 3059 4259 divitias
3098 4221 3204 4260 non
3245 4208 3530 4277 acceperit,
3578 4210 3672 4265 sed
3722 4222 3783 4269 et

2183 4305 2305 4343 cum
2333 4290 2577 4361 accipere
2607 4291 2813 4357 liceret,
2845 4308 2950 4349 non
2983 4297 3272 4365 acceperit,
3301 4312 3401 4353 nec
3425 4299 3537 4354 suis
3556 4299 3783 4357 addide-

2184 4382 2274 4447 rit,
2306 4397 2557 4453 magnum
2585 4382 2739 4437 affert
2765 4384 3020 4441 indicium
3052 4387 3192 4457 quod
3216 4390 3471 4458 pecunias
3491 4389 3777 4460 despiciat.

2184 4474 2315 4530 Nam
2346 4485 2402 4530 et
2430 4476 2670 4530 Joannes
2698 4475 2943 4532 Zebedzei
2990 4479 3277 4536 admodum
3332 4483 3585 4553 pauperis
3629 4482 3781 4539 filius

2183 4578 2298 4622 erat
2320 4583 2335 4632 ;
2365 4568 2458 4621 sed
2483 4584 2587 4621 non
2616 4578 2897 4638 propterea
2918 4580 3156 4627 coactam
3184 4572 3346 4629 fuisse
3367 4574 3607 4629 dicemus
3630 4574 3781 4630 illius

2185 4667 2576 4730 paupertatem.
2625 4660 2757 4716 Cum
2808 4677 2937 4732 ergo
3000 4664 3205 4721 videris
3257 4666 3397 4738 ligna
3442 4664 3775 4733 caedentem,

2186 4750 2383 4805 malleo
2426 4751 2759 4821 tundentem,
2793 4754 3013 4827 fuligine
3061 4757 3309 4827 tinctum,
3364 4773 3432 4814 ne
3475 4757 3596 4815 ideo
3637 4774 3777 4816 con-

2184 4847 2413 4907 temnas,
2444 4840 2537 4897 sed
2584 4842 2705 4899 ideo
2734 4847 2967 4903 mireris.
3009 4846 3140 4903 Nam
3170 4858 3225 4905 et
3253 4851 3444 4906 Petrus
3469 4851 3781 4908 succinctus

2183 4940 2321 4997 erat,
2347 4945 2600 5002 sagenam
2630 4937 2896 4992 tractabat
2933 4945 2989 4993 et
3031 4939 3339 5008 piscabatur
3373 4949 3495 5010 post
3523 4956 3780 4999 resurre-

2182 5025 2416 5078 ctionem
2448 5023 2681 5081 Domini.
2713 5027 2916 5098 Ecquid
2958 5028 3081 5084 dico
3123 5027 3386 5084 Petrum?
3419 5029 3616 5087 Paulus
3656 5033 3783 5102 ipse

2182 5123 2306 5184 post
2335 5129 2553 5171 emensa
2601 5126 2747 5172 tanta
2780 5127 3043 5173 terrarum
3085 5118 3279 5188 spatia,
3324 5128 3448 5190 post
3502 5128 3581 5177 tot
3627 5122 3782 5178 edita

2183 5205 2461 5272 miracula,
2498 5207 2553 5263 in
2590 5210 2945 5264 tentoriorum
2975 5207 3190 5264 officina
3230 5219 3401 5279 stans,
3438 5212 3607 5284 pelles
3643 5227 3785 5269 con-

2182 5300 2389 5365 suebat,
2421 5308 2475 5355 et
2502 5301 2893 5357 reverebantur
2914 5314 3037 5355 eum
3067 5303 3240 5373 angeli
3262 5311 3318 5361 et
3339 5313 3634 5361 trementes
3657 5301 3783 5357 dae—

2184 5404 2371 5446 mones
2393 5389 2755 5447 formidabant
2788 5408 2803 5444 :
2832 5404 2935 5446 nec
2962 5389 3196 5461 pudebat
3215 5394 3398 5452 dicere
3425 5412 3441 5449 :
3477 5391 3783 5448 Necessita-

2182 5483 2312 5537 tibus
2355 5499 2497 5551 mets,
2546 5492 2595 5537 et
2637 5482 2703 5536 iis
2740 5482 2829 5553 qui
2875 5499 3074 5540 mecum
3122 5495 3302 5553 erant,
3358 5485 3783 5541 nsinistrareruut

2183 5591 2361 5633 manus
2386 5580 2497 5634 istc
2530 5577 2666 5649 (Act.
2694 5576 2785 5633 20.
2827 5578 2943 5651 δι).
2984 5580 3189 5654 Ecquid
3221 5583 3364 5649 dico,
3401 5595 3508 5637 non
3538 5578 3785 5651 pudebat

2181 5671 2345 5726 eum?
2375 5672 2433 5728 in
2474 5670 2579 5727 hoc
2605 5676 2757 5727 certe
2792 5671 2887 5728 ille
2914 5674 3267 5747 gloriaba'ur.
3308 5674 3505 5746 Ecquis
3542 5683 3647 5739 est,
3686 5673 3783 5727 in-

2181 5763 2358 5834 quies,
2388 5776 2535 5819 nunc
2574 5760 2739 5820 Paulo
2764 5763 2963 5825 virtute
3010 5766 3148 5838 part
3171 5766 3297 5824 Scio
3334 5774 3391 5823 et
3425 5778 3525 5839 ego
3562 5762 3782 5821 nullum
