  <div class='ocr_page' id='page_1' title='image "/cluster/home/n/w/nwhite01/storage/ocr_20150623/61/nnc1.0022379681/177.png"; bbox 0 0 3986 6206; ppageno 0'>
   <div class='ocr_carea' id='block_1_1' title="bbox 533 340 634 393">
    <p class='ocr_par' dir='ltr' id='par_1_1' title="bbox 533 340 634 393">
     <span class='ocr_line' id='line_1_1' title="bbox 533 340 634 393; baseline 0.02 -2"><span class='ocrx_word' id='word_1_1' title='bbox 533 340 634 393; x_wconf 76' lang='grc'>169</span> 
     </span>
    </p>
   </div>
   <div class='ocr_carea' id='block_1_2' title="bbox 529 442 2103 517">
    <p class='ocr_par' dir='ltr' id='par_1_2' title="bbox 529 442 2103 517">
     <span class='ocr_line' id='line_1_2' title="bbox 529 442 2103 517; baseline -0.005 -13"><span class='ocrx_word' id='word_1_2' title='bbox 529 451 608 511; x_wconf 71' lang='grc' dir='ltr'>δὲ.</span> <span class='ocrx_word' id='word_1_3' title='bbox 644 447 852 512; x_wconf 71' lang='grc' dir='ltr'>δίκαιος</span> <span class='ocrx_word' id='word_1_4' title='bbox 886 446 953 501; x_wconf 81' lang='grc' dir='ltr'>ἀν</span> <span class='ocrx_word' id='word_1_5' title='bbox 983 447 1068 517; x_wconf 71' lang='grc' dir='ltr'>εἴη</span> <span class='ocrx_word' id='word_1_6' title='bbox 1101 447 1384 515; x_wconf 80' lang='grc' dir='ltr'>τιμᾶσθαι.</span> <span class='ocrx_word' id='word_1_7' title='bbox 1417 445 1527 498; x_wconf 72' lang='grc' dir='ltr'>Καὶ</span> <span class='ocrx_word' id='word_1_8' title='bbox 1559 442 1670 513; x_wconf 81' lang='grc' dir='ltr'>γὰρ</span> <span class='ocrx_word' id='word_1_9' title='bbox 1706 444 1755 495; x_wconf 87' lang='grc' dir='ltr'>εἰ</span> <span class='ocrx_word' id='word_1_10' title='bbox 1791 443 2103 513; x_wconf 78' lang='grc' dir='ltr'>στρατηγοῦ</span> 
     </span>
    </p>
   </div>
   <div class='ocr_carea' id='block_1_3' title="bbox 531 526 2106 605">
    <p class='ocr_par' dir='ltr' id='par_1_3' title="bbox 531 526 2106 605">
     <span class='ocr_line' id='line_1_3' title="bbox 531 526 2106 605; baseline -0.003 -18"><span class='ocrx_word' id='word_1_11' title='bbox 531 534 625 587; x_wconf 72' lang='grc' dir='ltr'>καὶ</span> <span class='ocrx_word' id='word_1_12' title='bbox 671 531 1003 605; x_wconf 85' lang='grc' dir='ltr'>στρατιώτου</span> <span class='ocrx_word' id='word_1_13' title='bbox 1056 530 1213 601; x_wconf 82' lang='grc' dir='ltr'>ψιλοῦ</span> <span class='ocrx_word' id='word_1_14' title='bbox 1257 530 1721 600; x_wconf 85' lang='grc' dir='ltr'>παραγενομένων</span> <span class='ocrx_word' id='word_1_15' title='bbox 1757 526 2106 597; x_wconf 81' lang='grc' dir='ltr'>ἀμφοτέρων,</span> 
     </span>
    </p>
   </div>
   <div class='ocr_carea' id='block_1_4' title="bbox 535 610 2105 685">
    <p class='ocr_par' dir='ltr' id='par_1_4' title="bbox 535 610 2105 685">
     <span class='ocr_line' id='line_1_4' title="bbox 535 610 2105 685; baseline -0.004 -14"><span class='ocrx_word' id='word_1_16' title='bbox 535 615 744 685; x_wconf 83' lang='grc' dir='ltr'>βασιλεῖ</span> <span class='ocrx_word' id='word_1_17' title='bbox 756 615 926 685; x_wconf 78' lang='grc' dir='ltr'>φίλων</span> <span class='ocrx_word' id='word_1_18' title='bbox 938 616 1129 676; x_wconf 77' lang='grc' dir='ltr'>ὄντων,</span> <span class='ocrx_word' id='word_1_19' title='bbox 1146 614 1209 666; x_wconf 79' lang='grc' dir='ltr'>σὺ</span> <span class='ocrx_word' id='word_1_20' title='bbox 1228 614 1324 683; x_wconf 69' lang='grc' dir='ltr'>τὴν</span> <span class='ocrx_word' id='word_1_21' title='bbox 1337 611 1515 664; x_wconf 90' lang='grc' dir='ltr'>οἰκίαν</span> <span class='ocrx_word' id='word_1_22' title='bbox 1538 611 1819 681; x_wconf 78' lang='grc' dir='ltr'>ἑκατέροις</span> <span class='ocrx_word' id='word_1_23' title='bbox 1840 610 2105 680; x_wconf 82' lang='grc' dir='ltr'>ἀνέῳξας,</span> 
     </span>
    </p>
   </div>
   <div class='ocr_carea' id='block_1_5' title="bbox 530 692 2109 769">
    <p class='ocr_par' dir='ltr' id='par_1_5' title="bbox 530 692 2109 769">
     <span class='ocr_line' id='line_1_5' title="bbox 530 692 2109 769; baseline -0.003 -16"><span class='ocrx_word' id='word_1_24' title='bbox 530 700 619 753; x_wconf 77' lang='grc' dir='ltr'>διὰ</span> <span class='ocrx_word' id='word_1_25' title='bbox 656 700 799 762; x_wconf 90' lang='grc' dir='ltr'>τίνος</span> <span class='ocrx_word' id='word_1_26' title='bbox 842 699 1041 769; x_wconf 82' lang='grc' dir='ltr'>μᾶλλον</span> <span class='ocrx_word' id='word_1_27' title='bbox 1075 696 1260 760; x_wconf 84' lang='grc' dir='ltr'>ἔδοξας</span> <span class='ocrx_word' id='word_1_28' title='bbox 1284 696 1349 749; x_wconf 82' lang='grc' dir='ltr'>ἂν</span> <span class='ocrx_word' id='word_1_29' title='bbox 1374 696 1468 749; x_wconf 81' lang='grc' dir='ltr'>τὸν</span> <span class='ocrx_word' id='word_1_30' title='bbox 1505 692 1728 764; x_wconf 78' lang='grc' dir='ltr'>βασιλέα</span> <span class='ocrx_word' id='word_1_31' title='bbox 1765 696 1964 765; x_wconf 76' lang='grc' dir='ltr'>τιμᾷν;</span> <span class='ocrx_word' id='word_1_32' title='bbox 2003 694 2109 748; x_wconf 79' lang='grc' dir='ltr'>Εὕ-</span> 
     </span>
    </p>
   </div>
   <div class='ocr_carea' id='block_1_6' title="bbox 532 778 2109 856">
    <p class='ocr_par' dir='ltr' id='par_1_6' title="bbox 532 778 2109 856">
     <span class='ocr_line' id='line_1_6' title="bbox 532 778 2109 856; baseline -0.004 -18"><span class='ocrx_word' id='word_1_33' title='bbox 532 784 688 856; x_wconf 89' lang='grc' dir='ltr'>δηλον</span> <span class='ocrx_word' id='word_1_34' title='bbox 717 785 800 837; x_wconf 81' lang='grc' dir='ltr'>ὅτι</span> <span class='ocrx_word' id='word_1_35' title='bbox 818 781 905 837; x_wconf 83' lang='grc' dir='ltr'>διὰ</span> <span class='ocrx_word' id='word_1_36' title='bbox 939 782 1033 836; x_wconf 88' lang='grc' dir='ltr'>τοῦ</span> <span class='ocrx_word' id='word_1_37' title='bbox 1059 778 1413 852; x_wconf 85' lang='grc' dir='ltr'>στρατιώτου.</span> <span class='ocrx_word' id='word_1_38' title='bbox 1449 780 1509 832; x_wconf 91' lang='lat' dir='ltr'>&#39;O</span> <span class='ocrx_word' id='word_1_39' title='bbox 1544 778 1645 849; x_wconf 81' lang='grc' dir='ltr'>μὲν</span> <span class='ocrx_word' id='word_1_40' title='bbox 1667 778 1778 849; x_wconf 90' lang='grc' dir='ltr'>γάρ</span> <span class='ocrx_word' id='word_1_41' title='bbox 1803 780 2109 850; x_wconf 85' lang='grc' dir='ltr'>στρατηγὸς</span> 
     </span>
    </p>
   </div>
   <div class='ocr_carea' id='block_1_7' title="bbox 532 862 2112 939">
    <p class='ocr_par' dir='ltr' id='par_1_7' title="bbox 532 862 2112 939">
     <span class='ocr_line' id='line_1_7' title="bbox 532 862 2112 939; baseline -0.001 -18"><span class='ocrx_word' id='word_1_42' title='bbox 532 863 667 939; x_wconf 79' lang='grc' dir='ltr'>εἶχε,</span> <span class='ocrx_word' id='word_1_43' title='bbox 682 867 778 921; x_wconf 71' lang='grc' dir='ltr'>καὶ</span> <span class='ocrx_word' id='word_1_44' title='bbox 796 867 900 937; x_wconf 84' lang='grc' dir='ltr'>τῆς</span> <span class='ocrx_word' id='word_1_45' title='bbox 923 865 1017 919; x_wconf 90' lang='grc' dir='ltr'>τοῦ</span> <span class='ocrx_word' id='word_1_46' title='bbox 1046 864 1310 935; x_wconf 88' lang='grc' dir='ltr'>βασιλέως</span> <span class='ocrx_word' id='word_1_47' title='bbox 1332 864 1517 934; x_wconf 82' lang='grc' dir='ltr'>φιλίας</span> <span class='ocrx_word' id='word_1_48' title='bbox 1539 863 1730 934; x_wconf 73' lang='grc' dir='ltr'>χωρὶς,</span> <span class='ocrx_word' id='word_1_49' title='bbox 1759 862 2112 919; x_wconf 76' lang='grc' dir='ltr'>πολλάίκανά</span> 
     </span>
    </p>
   </div>
   <div class='ocr_carea' id='block_1_8' title="bbox 532 946 2108 1019">
    <p class='ocr_par' dir='ltr' id='par_1_8' title="bbox 532 946 2108 1019">
     <span class='ocr_line' id='line_1_8' title="bbox 532 946 2108 1019; baseline -0.002 -17"><span class='ocrx_word' id='word_1_50' title='bbox 532 952 721 1003; x_wconf 76' lang='grc' dir='ltr'>πεῖσαι</span> <span class='ocrx_word' id='word_1_51' title='bbox 743 948 947 1019; x_wconf 87' lang='grc' dir='ltr'>ταύτην</span> <span class='ocrx_word' id='word_1_52' title='bbox 970 950 1270 1019; x_wconf 79' lang='grc' dir='ltr'>παρασχεῖν</span> <span class='ocrx_word' id='word_1_53' title='bbox 1294 946 1442 1018; x_wconf 86' lang='grc' dir='ltr'>αὑτῷ</span> <span class='ocrx_word' id='word_1_54' title='bbox 1467 947 1566 1018; x_wconf 81' lang='grc' dir='ltr'>τὴν</span> <span class='ocrx_word' id='word_1_55' title='bbox 1592 947 1761 1017; x_wconf 84' lang='grc' dir='ltr'>τιμήν</span> <span class='ocrx_word' id='word_1_56' title='bbox 1778 962 1792 975; x_wconf 85' lang='grc'><strong>·</strong></span> <span class='ocrx_word' id='word_1_57' title='bbox 1814 948 1842 1000; x_wconf 86' lang='lat'>6</span> <span class='ocrx_word' id='word_1_58' title='bbox 1857 946 1913 999; x_wconf 84' lang='grc' dir='ltr'>δὲ</span> <span class='ocrx_word' id='word_1_59' title='bbox 1941 964 2108 1017; x_wconf 85' lang='grc' dir='ltr'>στρα-</span> 
     </span>
    </p>
   </div>
   <div class='ocr_carea' id='block_1_9' title="bbox 532 1029 2112 1104">
    <p class='ocr_par' dir='ltr' id='par_1_9' title="bbox 532 1029 2112 1104">
     <span class='ocr_line' id='line_1_9' title="bbox 532 1029 2112 1104; baseline -0.002 -18"><span class='ocrx_word' id='word_1_60' title='bbox 532 1049 733 1102; x_wconf 88' lang='grc' dir='ltr'>τιωτης</span> <span class='ocrx_word' id='word_1_61' title='bbox 756 1032 909 1086; x_wconf 75' lang='grc' dir='ltr'>οὐδὲν</span> <span class='ocrx_word' id='word_1_62' title='bbox 938 1033 1143 1104; x_wconf 85' lang='grc' dir='ltr'>ἔτερον,</span> <span class='ocrx_word' id='word_1_63' title='bbox 1176 1032 1210 1102; x_wconf 80' lang='grc' dir='ltr'>ἢ</span> <span class='ocrx_word' id='word_1_64' title='bbox 1236 1032 1334 1101; x_wconf 79' lang='grc' dir='ltr'>τὴν</span> <span class='ocrx_word' id='word_1_65' title='bbox 1360 1029 1453 1084; x_wconf 89' lang='grc' dir='ltr'>τοῦ</span> <span class='ocrx_word' id='word_1_66' title='bbox 1486 1030 1751 1100; x_wconf 85' lang='grc' dir='ltr'>βασιλέως</span> <span class='ocrx_word' id='word_1_67' title='bbox 1776 1030 1981 1100; x_wconf 89' lang='grc' dir='ltr'>φιλίαν.</span> <span class='ocrx_word' id='word_1_68' title='bbox 2012 1029 2112 1083; x_wconf 86' lang='grc' dir='ltr'>Διά</span> 
     </span>
    </p>
   </div>
   <div class='ocr_carea' id='block_1_10' title="bbox 533 1112 2112 1186">
    <p class='ocr_par' dir='ltr' id='par_1_10' title="bbox 533 1112 2112 1186">
     <span class='ocr_line' id='line_1_10' title="bbox 533 1112 2112 1186; baseline -0.001 -19"><span class='ocrx_word' id='word_1_69' title='bbox 533 1116 690 1168; x_wconf 83' lang='grc' dir='ltr'>τοῦτο</span> <span class='ocrx_word' id='word_1_70' title='bbox 720 1116 812 1168; x_wconf 78' lang='grc' dir='ltr'>καὶ</span> <span class='ocrx_word' id='word_1_71' title='bbox 838 1116 1045 1186; x_wconf 82' lang='grc' dir='ltr'>χωλοὺς</span> <span class='ocrx_word' id='word_1_72' title='bbox 1074 1117 1169 1169; x_wconf 79' lang='grc' dir='ltr'>καὶ</span> <span class='ocrx_word' id='word_1_73' title='bbox 1199 1114 1518 1184; x_wconf 79' lang='grc' dir='ltr'>ἀναπήρους</span> <span class='ocrx_word' id='word_1_74' title='bbox 1548 1113 1643 1165; x_wconf 81' lang='grc' dir='ltr'>καὶ</span> <span class='ocrx_word' id='word_1_75' title='bbox 1669 1114 1797 1177; x_wconf 72' lang='grc' dir='ltr'>τοὺς</span> <span class='ocrx_word' id='word_1_76' title='bbox 1826 1114 1926 1166; x_wconf 86' lang='grc' dir='ltr'>οὑκ</span> <span class='ocrx_word' id='word_1_77' title='bbox 1960 1112 2112 1184; x_wconf 71' lang='grc' dir='ltr'>ἔχον-</span> 
     </span>
    </p>
   </div>
   <div class='ocr_carea' id='block_1_11' title="bbox 533 1195 2111 1265">
    <p class='ocr_par' dir='ltr' id='par_1_11' title="bbox 533 1195 2111 1265">
     <span class='ocr_line' id='line_1_11' title="bbox 533 1195 2111 1265; baseline -0.002 -12"><span class='ocrx_word' id='word_1_78' title='bbox 533 1216 631 1263; x_wconf 90' lang='grc' dir='ltr'>τας</span> <span class='ocrx_word' id='word_1_79' title='bbox 653 1198 978 1264; x_wconf 84' lang='grc' dir='ltr'>ἀντιδοῦναι,</span> <span class='ocrx_word' id='word_1_80' title='bbox 1009 1196 1293 1251; x_wconf 87' lang='grc' dir='ltr'>καλεῖσθαι</span> <span class='ocrx_word' id='word_1_81' title='bbox 1321 1196 1414 1249; x_wconf 78' lang='grc' dir='ltr'>ἐπὶ</span> <span class='ocrx_word' id='word_1_82' title='bbox 1440 1197 1508 1250; x_wconf 87' lang='grc' dir='ltr'>τὰ</span> <span class='ocrx_word' id='word_1_83' title='bbox 1535 1195 1726 1250; x_wconf 81' lang='grc' dir='ltr'>δεῖπνα</span> <span class='ocrx_word' id='word_1_84' title='bbox 1750 1196 1846 1250; x_wconf 81' lang='grc' dir='ltr'>καί</span> <span class='ocrx_word' id='word_1_85' title='bbox 1873 1196 1941 1251; x_wconf 78' lang='grc' dir='ltr'>τὰ</span> <span class='ocrx_word' id='word_1_86' title='bbox 1972 1212 2111 1265; x_wconf 79' lang='grc' dir='ltr'>συμ-</span> 
     </span>
    </p>
   </div>
   <div class='ocr_carea' id='block_1_12' title="bbox 536 1275 2112 1355">
    <p class='ocr_par' dir='ltr' id='par_1_12' title="bbox 536 1275 2112 1355">
     <span class='ocr_line' id='line_1_12' title="bbox 536 1275 2112 1355; baseline -0.004 -17"><span class='ocrx_word' id='word_1_87' title='bbox 536 1284 700 1338; x_wconf 86' lang='grc' dir='ltr'>πόσια</span> <span class='ocrx_word' id='word_1_88' title='bbox 722 1282 881 1355; x_wconf 83' lang='grc' dir='ltr'>ήμῶν</span> <span class='ocrx_word' id='word_1_89' title='bbox 902 1281 1189 1337; x_wconf 71' lang='grc' dir='ltr'>ἐκέλευσεν</span> <span class='ocrx_word' id='word_1_90' title='bbox 1214 1282 1243 1333; x_wconf 85' lang='lat'>6</span> <span class='ocrx_word' id='word_1_91' title='bbox 1271 1280 1425 1344; x_wconf 82' lang='grc' dir='ltr'>Θεὸς,</span> <span class='ocrx_word' id='word_1_92' title='bbox 1449 1279 1530 1333; x_wconf 84' lang='grc' dir='ltr'>ὅτι</span> <span class='ocrx_word' id='word_1_93' title='bbox 1556 1275 1718 1334; x_wconf 70' lang='grc' dir='ltr'>αὗται</span> <span class='ocrx_word' id='word_1_94' title='bbox 1748 1279 1983 1350; x_wconf 88' lang='grc' dir='ltr'>μάλιστα</span> <span class='ocrx_word' id='word_1_95' title='bbox 2010 1297 2112 1333; x_wconf 84' lang='grc' dir='ltr'>κυ-</span> 
     </span>
    </p>
   </div>
   <div class='ocr_carea' id='block_1_13' title="bbox 539 1363 2113 1440">
    <p class='ocr_par' dir='ltr' id='par_1_13' title="bbox 539 1363 2113 1440">
     <span class='ocr_line' id='line_1_13' title="bbox 539 1363 2113 1440; baseline -0.001 -19"><span class='ocrx_word' id='word_1_96' title='bbox 539 1369 668 1440; x_wconf 77' lang='grc' dir='ltr'>ρίως</span> <span class='ocrx_word' id='word_1_97' title='bbox 712 1366 850 1421; x_wconf 72' lang='grc' dir='ltr'>εἰσὶν</span> <span class='ocrx_word' id='word_1_98' title='bbox 886 1367 943 1419; x_wconf 79' lang='grc' dir='ltr'>αἱ</span> <span class='ocrx_word' id='word_1_99' title='bbox 975 1364 1063 1418; x_wconf 74' lang='grc' dir='ltr'>διὰ</span> <span class='ocrx_word' id='word_1_100' title='bbox 1096 1364 1188 1417; x_wconf 85' lang='grc' dir='ltr'>τὸν</span> <span class='ocrx_word' id='word_1_101' title='bbox 1220 1363 1354 1417; x_wconf 82' lang='grc' dir='ltr'>Θεὸν</span> <span class='ocrx_word' id='word_1_102' title='bbox 1389 1364 1674 1435; x_wconf 84' lang='grc' dir='ltr'>γινόμεναι</span> <span class='ocrx_word' id='word_1_103' title='bbox 1711 1364 1973 1417; x_wconf 82' lang='grc' dir='ltr'>εὑποιίαι.</span> <span class='ocrx_word' id='word_1_104' title='bbox 2015 1365 2113 1419; x_wconf 81' lang='grc' dir='ltr'>Ἀν</span> 
     </span>
    </p>
   </div>
   <div class='ocr_carea' id='block_1_14' title="bbox 535 1446 2113 1520">
    <p class='ocr_par' dir='ltr' id='par_1_14' title="bbox 535 1446 2113 1520">
     <span class='ocr_line' id='line_1_14' title="bbox 535 1446 2113 1520; baseline -0.004 -15"><span class='ocrx_word' id='word_1_105' title='bbox 535 1452 591 1506; x_wconf 76' lang='grc' dir='ltr'>δὲ</span> <span class='ocrx_word' id='word_1_106' title='bbox 618 1450 790 1520; x_wconf 90' lang='grc' dir='ltr'>μέγαν</span> <span class='ocrx_word' id='word_1_107' title='bbox 812 1449 932 1503; x_wconf 83' lang='grc' dir='ltr'>τινὰ</span> <span class='ocrx_word' id='word_1_108' title='bbox 954 1447 1049 1502; x_wconf 78' lang='grc' dir='ltr'>καὶ</span> <span class='ocrx_word' id='word_1_109' title='bbox 1071 1447 1433 1518; x_wconf 88' lang='grc' dir='ltr'>περίϐλεπτον</span> <span class='ocrx_word' id='word_1_110' title='bbox 1455 1446 1693 1517; x_wconf 78' lang='grc' dir='ltr'>ξενίσῃς,</span> <span class='ocrx_word' id='word_1_111' title='bbox 1717 1447 1815 1516; x_wconf 82' lang='grc' dir='ltr'>οὑχ</span> <span class='ocrx_word' id='word_1_112' title='bbox 1843 1446 1987 1500; x_wconf 79' lang='grc' dir='ltr'>οὕτω</span> <span class='ocrx_word' id='word_1_113' title='bbox 2014 1465 2113 1502; x_wconf 68' lang='grc' dir='ltr'>κα-</span> 
     </span>
    </p>
   </div>
   <div class='ocr_carea' id='block_1_15' title="bbox 537 1526 2114 1605">
    <p class='ocr_par' dir='ltr' id='par_1_15' title="bbox 537 1526 2114 1605">
     <span class='ocr_line' id='line_1_15' title="bbox 537 1526 2114 1605; baseline -0.001 -21"><span class='ocrx_word' id='word_1_114' title='bbox 537 1532 680 1605; x_wconf 66' lang='grc' dir='ltr'>ἓοιρά</span> <span class='ocrx_word' id='word_1_115' title='bbox 718 1530 1058 1603; x_wconf 72' lang='grc' dir='ltr'>ἐλεημοσύνη</span> <span class='ocrx_word' id='word_1_116' title='bbox 1104 1529 1166 1581; x_wconf 87' lang='grc' dir='ltr'>τὸ</span> <span class='ocrx_word' id='word_1_117' title='bbox 1206 1529 1511 1598; x_wconf 87' lang='grc' dir='ltr'>γινόμενον·</span> <span class='ocrx_word' id='word_1_118' title='bbox 1553 1526 1689 1582; x_wconf 87' lang='grc' dir='ltr'>ἀλλά</span> <span class='ocrx_word' id='word_1_119' title='bbox 1734 1528 2019 1601; x_wconf 81' lang='grc' dir='ltr'>μερίζεταί</span> <span class='ocrx_word' id='word_1_120' title='bbox 2059 1548 2114 1583; x_wconf 91' lang='grc' dir='ltr'>τι</span> 
     </span>
    </p>
   </div>
   <div class='ocr_carea' id='block_1_16' title="bbox 536 1608 2111 1685">
    <p class='ocr_par' dir='ltr' id='par_1_16' title="bbox 536 1608 2111 1685">
     <span class='ocr_line' id='line_1_16' title="bbox 536 1608 2111 1685; baseline -0.003 -15"><span class='ocrx_word' id='word_1_121' title='bbox 536 1617 678 1685; x_wconf 86' lang='grc' dir='ltr'>πρὸς</span> <span class='ocrx_word' id='word_1_122' title='bbox 722 1616 782 1668; x_wconf 74' lang='grc' dir='ltr'>σὲ</span> <span class='ocrx_word' id='word_1_123' title='bbox 814 1614 909 1668; x_wconf 74' lang='grc' dir='ltr'>καὶ</span> <span class='ocrx_word' id='word_1_124' title='bbox 937 1611 1212 1676; x_wconf 78' lang='grc' dir='ltr'>κενοδοξία</span> <span class='ocrx_word' id='word_1_125' title='bbox 1256 1610 1547 1675; x_wconf 78' lang='grc' dir='ltr'>πολλάκις,</span> <span class='ocrx_word' id='word_1_126' title='bbox 1595 1611 1690 1664; x_wconf 74' lang='grc' dir='ltr'>καὶ</span> <span class='ocrx_word' id='word_1_127' title='bbox 1733 1612 1794 1665; x_wconf 84' lang='grc' dir='ltr'>τὸ</span> <span class='ocrx_word' id='word_1_128' title='bbox 1824 1612 2018 1665; x_wconf 80' lang='grc' dir='ltr'>παθεῖν</span> <span class='ocrx_word' id='word_1_129' title='bbox 2050 1608 2111 1666; x_wconf 77' lang='grc' dir='ltr'>εὖ</span> 
     </span>
    </p>
   </div>
   <div class='ocr_carea' id='block_1_17' title="bbox 537 1694 2116 1769">
    <p class='ocr_par' dir='ltr' id='par_1_17' title="bbox 537 1694 2116 1769">
     <span class='ocr_line' id='line_1_17' title="bbox 537 1694 2116 1769; baseline -0.003 -17"><span class='ocrx_word' id='word_1_130' title='bbox 537 1698 633 1753; x_wconf 76' lang='grc' dir='ltr'>καὶ</span> <span class='ocrx_word' id='word_1_131' title='bbox 662 1697 1060 1769; x_wconf 79' lang='grc' dir='ltr'>ἐπισημότερον</span> <span class='ocrx_word' id='word_1_132' title='bbox 1090 1694 1302 1758; x_wconf 82' lang='grc' dir='ltr'>πολλοῖς</span> <span class='ocrx_word' id='word_1_133' title='bbox 1330 1696 1397 1748; x_wconf 86' lang='grc' dir='ltr'>δι’</span> <span class='ocrx_word' id='word_1_134' title='bbox 1429 1696 1639 1747; x_wconf 74' lang='grc' dir='ltr'>ἐκεῖνον</span> <span class='ocrx_word' id='word_1_135' title='bbox 1668 1695 1937 1763; x_wconf 82' lang='grc' dir='ltr'>γίνεσθαι.</span> <span class='ocrx_word' id='word_1_136' title='bbox 1977 1696 2116 1749; x_wconf 81' lang='grc' dir='ltr'>Πολ-</span> 
     </span>
    </p>
   </div>
   <div class='ocr_carea' id='block_1_18' title="bbox 537 1776 2117 1851">
    <p class='ocr_par' dir='ltr' id='par_1_18' title="bbox 537 1776 2117 1851">
     <span class='ocr_line' id='line_1_18' title="bbox 537 1776 2117 1851; baseline -0.001 -18"><span class='ocrx_word' id='word_1_137' title='bbox 537 1782 662 1847; x_wconf 81' lang='grc' dir='ltr'>λοὺς</span> <span class='ocrx_word' id='word_1_138' title='bbox 690 1780 822 1850; x_wconf 90' lang='grc' dir='ltr'>γοῦν</span> <span class='ocrx_word' id='word_1_139' title='bbox 852 1781 1029 1851; x_wconf 82' lang='grc' dir='ltr'>ἔχοιμι</span> <span class='ocrx_word' id='word_1_140' title='bbox 1055 1778 1119 1833; x_wconf 83' lang='grc' dir='ltr'>ἂν</span> <span class='ocrx_word' id='word_1_141' title='bbox 1146 1778 1410 1844; x_wconf 78' lang='grc' dir='ltr'>ἐπιδεῖξαι</span> <span class='ocrx_word' id='word_1_142' title='bbox 1434 1777 1528 1830; x_wconf 79' lang='grc' dir='ltr'>καὶ</span> <span class='ocrx_word' id='word_1_143' title='bbox 1550 1777 1637 1831; x_wconf 82' lang='grc' dir='ltr'>διὰ</span> <span class='ocrx_word' id='word_1_144' title='bbox 1660 1776 1816 1831; x_wconf 85' lang='grc' dir='ltr'>τοῦτο</span> <span class='ocrx_word' id='word_1_145' title='bbox 1840 1778 1969 1841; x_wconf 82' lang='grc' dir='ltr'>τοὺς</span> <span class='ocrx_word' id='word_1_146' title='bbox 1995 1781 2117 1831; x_wconf 77' lang='grc' dir='ltr'>ἐπι-</span> 
     </span>
    </p>
   </div>
   <div class='ocr_carea' id='block_1_19' title="bbox 542 1861 2118 1938">
    <p class='ocr_par' dir='ltr' id='par_1_19' title="bbox 542 1861 2118 1938">
     <span class='ocr_line' id='line_1_19' title="bbox 542 1861 2118 1938; baseline -0.001 -20"><span class='ocrx_word' id='word_1_147' title='bbox 542 1868 877 1938; x_wconf 83' lang='grc' dir='ltr'>σημοτέρους</span> <span class='ocrx_word' id='word_1_148' title='bbox 903 1864 1012 1919; x_wconf 91' lang='grc' dir='ltr'>τῶν</span> <span class='ocrx_word' id='word_1_149' title='bbox 1047 1864 1217 1929; x_wconf 81' lang='grc' dir='ltr'>ἁγίων</span> <span class='ocrx_word' id='word_1_150' title='bbox 1257 1861 1684 1933; x_wconf 83' lang='grc' dir='ltr'>θεραπεύοντας,</span> <span class='ocrx_word' id='word_1_151' title='bbox 1717 1862 1805 1914; x_wconf 80' lang='grc' dir='ltr'>ινα</span> <span class='ocrx_word' id='word_1_152' title='bbox 1836 1862 1931 1915; x_wconf 77' lang='grc' dir='ltr'>καὶ</span> <span class='ocrx_word' id='word_1_153' title='bbox 1965 1862 2118 1932; x_wconf 80' lang='grc' dir='ltr'>παρὰ</span> 
     </span>
    </p>
   </div>
   <div class='ocr_carea' id='block_1_20' title="bbox 540 1945 2115 2021">
    <p class='ocr_par' dir='ltr' id='par_1_20' title="bbox 540 1945 2115 2021">
     <span class='ocr_line' id='line_1_20' title="bbox 540 1945 2115 2021; baseline -0.004 -16"><span class='ocrx_word' id='word_1_154' title='bbox 540 1953 765 2021; x_wconf 73' lang='grc' dir='ltr'>ἄρχουσι</span> <span class='ocrx_word' id='word_1_155' title='bbox 787 1950 1030 2012; x_wconf 91' lang='grc' dir='ltr'>πλείονος</span> <span class='ocrx_word' id='word_1_156' title='bbox 1049 1948 1115 2001; x_wconf 79' lang='grc' dir='ltr'>δι’</span> <span class='ocrx_word' id='word_1_157' title='bbox 1147 1947 1370 2000; x_wconf 77' lang='grc' dir='ltr'>ἐκείνων</span> <span class='ocrx_word' id='word_1_158' title='bbox 1397 1945 1753 1999; x_wconf 81' lang='grc' dir='ltr'>ἀπολαύσωσι</span> <span class='ocrx_word' id='word_1_159' title='bbox 1778 1947 2115 2018; x_wconf 81' lang='grc' dir='ltr'>παρρησίας,</span> 
     </span>
    </p>
   </div>
   <div class='ocr_carea' id='block_1_21' title="bbox 540 2027 2118 2103">
    <p class='ocr_par' dir='ltr' id='par_1_21' title="bbox 540 2027 2118 2103">
     <span class='ocr_line' id='line_1_21' title="bbox 540 2027 2118 2103; baseline -0.001 -15"><span class='ocrx_word' id='word_1_160' title='bbox 540 2036 633 2089; x_wconf 75' lang='grc' dir='ltr'>καὶ</span> <span class='ocrx_word' id='word_1_161' title='bbox 662 2036 775 2098; x_wconf 87' lang='grc' dir='ltr'>τοῖς</span> <span class='ocrx_word' id='word_1_162' title='bbox 815 2033 994 2087; x_wconf 88' lang='grc' dir='ltr'>αὑτῶν</span> <span class='ocrx_word' id='word_1_163' title='bbox 1028 2032 1318 2103; x_wconf 77' lang='grc' dir='ltr'>πράγμασι</span> <span class='ocrx_word' id='word_1_164' title='bbox 1361 2031 1456 2084; x_wconf 83' lang='grc' dir='ltr'>καί</span> <span class='ocrx_word' id='word_1_165' title='bbox 1486 2032 1610 2093; x_wconf 89' lang='grc' dir='ltr'>ταῖς</span> <span class='ocrx_word' id='word_1_166' title='bbox 1639 2029 1840 2093; x_wconf 85' lang='grc' dir='ltr'>οίκίαις</span> <span class='ocrx_word' id='word_1_167' title='bbox 1868 2027 2118 2086; x_wconf 82' lang='grc' dir='ltr'>ἐντεῦθεν</span> 
     </span>
    </p>
   </div>
   <div class='ocr_carea' id='block_1_22' title="bbox 541 2111 2121 2190">
    <p class='ocr_par' dir='ltr' id='par_1_22' title="bbox 541 2111 2121 2190">
     <span class='ocr_line' id='line_1_22' title="bbox 541 2111 2121 2190; baseline 0.004 -29"><span class='ocrx_word' id='word_1_168' title='bbox 541 2117 947 2190; x_wconf 72' lang='grc' dir='ltr'>χρησιμώτεροι</span> <span class='ocrx_word' id='word_1_169' title='bbox 986 2116 1267 2185; x_wconf 82' lang='grc' dir='ltr'>γίνωνται⁸</span> <span class='ocrx_word' id='word_1_170' title='bbox 1312 2113 1409 2168; x_wconf 71' lang='grc' dir='ltr'>καὶ</span> <span class='ocrx_word' id='word_1_171' title='bbox 1453 2111 1655 2176; x_wconf 80' lang='grc' dir='ltr'>πολλὰς</span> <span class='ocrx_word' id='word_1_172' title='bbox 1706 2112 1963 2177; x_wconf 84' lang='grc' dir='ltr'>τοιαύτας</span> <span class='ocrx_word' id='word_1_173' title='bbox 1994 2115 2121 2177; x_wconf 85' lang='grc' dir='ltr'>τοὺς</span> 
     </span>
    </p>
   </div>
   <div class='ocr_carea' id='block_1_23' title="bbox 544 2196 2120 2269">
    <p class='ocr_par' dir='ltr' id='par_1_23' title="bbox 544 2196 2120 2269">
     <span class='ocr_line' id='line_1_23' title="bbox 544 2196 2120 2269; baseline -0.003 -15"><span class='ocrx_word' id='word_1_174' title='bbox 544 2201 731 2269; x_wconf 82' lang='grc' dir='ltr'>ἁγίους</span> <span class='ocrx_word' id='word_1_175' title='bbox 760 2200 1001 2263; x_wconf 78' lang='grc' dir='ltr'>ἐκείνους</span> <span class='ocrx_word' id='word_1_176' title='bbox 1031 2197 1323 2253; x_wconf 80' lang='grc' dir='ltr'>ἀπαιτοῦσι</span> <span class='ocrx_word' id='word_1_177' title='bbox 1354 2196 1606 2267; x_wconf 82' lang='grc' dir='ltr'>χάριτας’</span> <span class='ocrx_word' id='word_1_178' title='bbox 1637 2197 1775 2267; x_wconf 83' lang='grc' dir='ltr'>ὅπερ</span> <span class='ocrx_word' id='word_1_179' title='bbox 1810 2197 1994 2260; x_wconf 82' lang='grc' dir='ltr'>αὑτοῖς</span> <span class='ocrx_word' id='word_1_180' title='bbox 2024 2196 2120 2250; x_wconf 81' lang='grc' dir='ltr'>λυ·</span> 
     </span>
    </p>
   </div>
   <div class='ocr_carea' id='block_1_24' title="bbox 546 2278 2122 2353">
    <p class='ocr_par' dir='ltr' id='par_1_24' title="bbox 546 2278 2122 2353">
     <span class='ocr_line' id='line_1_24' title="bbox 546 2278 2122 2353; baseline -0.002 -14"><span class='ocrx_word' id='word_1_181' title='bbox 546 2285 795 2353; x_wconf 87' lang='grc' dir='ltr'>μαίνεται</span> <span class='ocrx_word' id='word_1_182' title='bbox 823 2284 920 2353; x_wconf 78' lang='grc' dir='ltr'>τῆς</span> <span class='ocrx_word' id='word_1_183' title='bbox 966 2280 1271 2352; x_wconf 77' lang='grc' dir='ltr'>φιλοξενίας</span> <span class='ocrx_word' id='word_1_184' title='bbox 1304 2278 1401 2345; x_wconf 78' lang='grc' dir='ltr'>τὴν</span> <span class='ocrx_word' id='word_1_185' title='bbox 1449 2279 1715 2333; x_wconf 85' lang='grc' dir='ltr'>ἀντίδοσιν</span> <span class='ocrx_word' id='word_1_186' title='bbox 1737 2318 1754 2344; x_wconf 90' lang='grc'>,</span> <span class='ocrx_word' id='word_1_187' title='bbox 1779 2280 1907 2333; x_wconf 84' lang='grc' dir='ltr'>ὃταν</span> <span class='ocrx_word' id='word_1_188' title='bbox 1949 2279 2122 2349; x_wconf 79' lang='grc' dir='ltr'>αὑτὴν</span> 
     </span>
    </p>
   </div>
   <div class='ocr_carea' id='block_1_25' title="bbox 1206 310 2126 383">
    <p class='ocr_par' dir='ltr' id='par_1_25' title="bbox 1206 310 2109 383">
     <span class='ocr_line' id='line_1_25' title="bbox 1206 310 2109 383; baseline -0.008 0"><span class='ocrx_word' id='word_1_189' title='bbox 1206 330 1261 383; x_wconf 89' lang='lat' dir='ltr'>s.</span> <span class='ocrx_word' id='word_1_190' title='bbox 1300 310 1585 383; x_wconf 77' lang='lat' dir='ltr'>JOANNIS</span> <span class='ocrx_word' id='word_1_191' title='bbox 1623 321 2109 381; x_wconf 73' lang='grc' dir='ltr'>οιιιιγεοετοιιι</span> 
     </span>
    </p>
   </div>
   <div class='ocr_carea' id='block_1_26' title="bbox 2231 310 3071 383">
    <p class='ocr_par' dir='ltr' id='par_1_26' title="bbox 2231 320 3071 379">
     <span class='ocr_line' id='line_1_26' title="bbox 2231 320 3071 379; baseline 0 -3"><span class='ocrx_word' id='word_1_192' title='bbox 2231 320 2473 377; x_wconf 73' lang='grc' dir='ltr'>ἱΟΗΙΕΡ.</span> <span class='ocrx_word' id='word_1_193' title='bbox 2514 321 3071 379; x_wconf 66' lang='grc' dir='ltr'>(ΖΟΝΒΤΑΝΤΙΝΟΡ.</span> 
     </span>
    </p>
   </div>
   <div class='ocr_carea' id='block_1_27' title="bbox 3672 329 3780 385">
    <p class='ocr_par' dir='ltr' id='par_1_27' title="bbox 3672 329 3780 385">
     <span class='ocr_line' id='line_1_27' title="bbox 3672 329 3780 385; baseline 0.028 -4"><span class='ocrx_word' id='word_1_194' title='bbox 3672 329 3780 385; x_wconf 74' lang='grc'>170</span> 
     </span>
    </p>
   </div>
   <div class='ocr_carea' id='block_1_28' title="bbox 2208 438 3791 513">
    <p class='ocr_par' dir='ltr' id='par_1_28' title="bbox 2208 438 3791 513">
     <span class='ocr_line' id='line_1_28' title="bbox 2208 438 3791 513; baseline 0.001 -18"><span class='ocrx_word' id='word_1_195' title='bbox 2208 442 2403 513; x_wconf 78' lang='grc' dir='ltr'>γνώμη</span> <span class='ocrx_word' id='word_1_196' title='bbox 2425 440 2652 513; x_wconf 78' lang='grc' dir='ltr'>τοιαύτῃ</span> <span class='ocrx_word' id='word_1_197' title='bbox 2685 440 2934 509; x_wconf 87' lang='grc' dir='ltr'>μετίωσι.</span> <span class='ocrx_word' id='word_1_198' title='bbox 2960 439 3073 494; x_wconf 73' lang='grc' dir='ltr'>Καὶ</span> <span class='ocrx_word' id='word_1_199' title='bbox 3098 441 3149 493; x_wconf 92' lang='grc' dir='ltr'>τί</span> <span class='ocrx_word' id='word_1_200' title='bbox 3174 438 3280 512; x_wconf 73' lang='grc' dir='ltr'>χρὴ</span> <span class='ocrx_word' id='word_1_201' title='bbox 3308 439 3491 510; x_wconf 82' lang='grc' dir='ltr'>λέγειν</span> <span class='ocrx_word' id='word_1_202' title='bbox 3519 444 3650 512; x_wconf 84' lang='grc' dir='ltr'>περὶ</span> <span class='ocrx_word' id='word_1_203' title='bbox 3680 444 3791 498; x_wconf 89' lang='grc' dir='ltr'>τῶν</span> 
     </span>
    </p>
   </div>
   <div class='ocr_carea' id='block_1_29' title="bbox 2207 521 3790 597">
    <p class='ocr_par' dir='ltr' id='par_1_29' title="bbox 2207 521 3790 597">
     <span class='ocr_line' id='line_1_29' title="bbox 2207 521 3790 597; baseline 0.001 -19"><span class='ocrx_word' id='word_1_204' title='bbox 2207 526 2380 593; x_wconf 83' lang='grc' dir='ltr'>ἀγίων</span> <span class='ocrx_word' id='word_1_205' title='bbox 2420 523 2620 589; x_wconf 86' lang='grc' dir='ltr'>τοῦτο;</span> <span class='ocrx_word' id='word_1_206' title='bbox 2663 523 2725 576; x_wconf 85' lang='lat'>&#39;0</span> <span class='ocrx_word' id='word_1_207' title='bbox 2766 521 2877 593; x_wconf 81' lang='grc' dir='ltr'>γάρ</span> <span class='ocrx_word' id='word_1_208' title='bbox 2910 522 3062 594; x_wconf 89' lang='grc' dir='ltr'>παρά</span> <span class='ocrx_word' id='word_1_209' title='bbox 3094 522 3189 575; x_wconf 89' lang='grc' dir='ltr'>τοῦ</span> <span class='ocrx_word' id='word_1_210' title='bbox 3240 522 3377 577; x_wconf 87' lang='grc' dir='ltr'>Θεοῦ</span> <span class='ocrx_word' id='word_1_211' title='bbox 3420 525 3521 585; x_wconf 76' lang='grc' dir='ltr'>τὰς</span> <span class='ocrx_word' id='word_1_212' title='bbox 3555 526 3790 597; x_wconf 73' lang='grc' dir='ltr'>ἀμοιϐάς</span> 
     </span>
    </p>
   </div>
   <div class='ocr_carea' id='block_1_30' title="bbox 2210 606 3795 680">
    <p class='ocr_par' dir='ltr' id='par_1_30' title="bbox 2210 606 3795 680">
     <span class='ocr_line' id='line_1_30' title="bbox 2210 606 3795 680; baseline 0.002 -21"><span class='ocrx_word' id='word_1_213' title='bbox 2210 608 2319 661; x_wconf 87' lang='grc' dir='ltr'>τῶν</span> <span class='ocrx_word' id='word_1_214' title='bbox 2349 607 2527 660; x_wconf 87' lang='grc' dir='ltr'>πόνων</span> <span class='ocrx_word' id='word_1_215' title='bbox 2559 606 2797 661; x_wconf 85' lang='grc' dir='ltr'>ἐνταῦθα</span> <span class='ocrx_word' id='word_1_216' title='bbox 2825 606 3027 676; x_wconf 78' lang='grc' dir='ltr'>ζητῶν,</span> <span class='ocrx_word' id='word_1_217' title='bbox 3057 606 3155 659; x_wconf 82' lang='grc' dir='ltr'>καί</span> <span class='ocrx_word' id='word_1_218' title='bbox 3180 606 3271 660; x_wconf 82' lang='grc' dir='ltr'>διά</span> <span class='ocrx_word' id='word_1_219' title='bbox 3296 607 3366 660; x_wconf 87' lang='grc' dir='ltr'>τά</span> <span class='ocrx_word' id='word_1_220' title='bbox 3394 608 3638 680; x_wconf 87' lang='grc' dir='ltr'>παρόντα</span> <span class='ocrx_word' id='word_1_221' title='bbox 3668 626 3795 680; x_wconf 90' lang='grc' dir='ltr'>μετ-</span> 
     </span>
    </p>
   </div>
   <div class='ocr_carea' id='block_1_31' title="bbox 2213 688 3798 763">
    <p class='ocr_par' dir='ltr' id='par_1_31' title="bbox 2213 688 3798 763">
     <span class='ocr_line' id='line_1_31' title="bbox 2213 688 3798 763; baseline 0.003 -20"><span class='ocrx_word' id='word_1_222' title='bbox 2213 690 2307 743; x_wconf 86' lang='grc' dir='ltr'>ιὼν</span> <span class='ocrx_word' id='word_1_223' title='bbox 2334 691 2557 763; x_wconf 77' lang='grc' dir='ltr'>ἀρετὴν,</span> <span class='ocrx_word' id='word_1_224' title='bbox 2591 690 2909 760; x_wconf 73' lang='grc' dir='ltr'>ἠλάττωσεν</span> <span class='ocrx_word' id='word_1_225' title='bbox 2938 688 3105 743; x_wconf 81' lang='grc' dir='ltr'>αὑτοῦ</span> <span class='ocrx_word' id='word_1_226' title='bbox 3140 689 3233 743; x_wconf 85' lang='grc' dir='ltr'>τὸν</span> <span class='ocrx_word' id='word_1_227' title='bbox 3276 689 3468 760; x_wconf 86' lang='grc' dir='ltr'>μισθόν</span> <span class='ocrx_word' id='word_1_228' title='bbox 3488 709 3502 721; x_wconf 83' lang='grc'><strong><em>-</em></strong></span> <span class='ocrx_word' id='word_1_229' title='bbox 3530 694 3559 745; x_wconf 86' lang='grc' dir='ltr'>ό</span> <span class='ocrx_word' id='word_1_230' title='bbox 3582 693 3639 746; x_wconf 83' lang='grc' dir='ltr'>δὲ</span> <span class='ocrx_word' id='word_1_231' title='bbox 3679 692 3798 747; x_wconf 81' lang='grc' dir='ltr'>ὀλο-</span> 
     </span>
    </p>
   </div>
   <div class='ocr_carea' id='block_1_32' title="bbox 2210 773 3800 845">
    <p class='ocr_par' dir='ltr' id='par_1_32' title="bbox 2210 773 3800 845">
     <span class='ocr_line' id='line_1_32' title="bbox 2210 773 3800 845; baseline 0.002 -17"><span class='ocrx_word' id='word_1_232' title='bbox 2210 774 2445 845; x_wconf 81' lang='grc' dir='ltr'>κλήρους</span> <span class='ocrx_word' id='word_1_233' title='bbox 2471 773 2720 827; x_wconf 82' lang='grc' dir='ltr'>ἁπαιτῶν</span> <span class='ocrx_word' id='word_1_234' title='bbox 2768 775 2887 828; x_wconf 74' lang='grc' dir='ltr'>ἐκεῖ</span> <span class='ocrx_word' id='word_1_235' title='bbox 2932 773 3060 837; x_wconf 68' lang='grc' dir='ltr'>τοὺς</span> <span class='ocrx_word' id='word_1_236' title='bbox 3096 774 3431 843; x_wconf 73' lang='grc' dir='ltr'>στεφάνους,</span> <span class='ocrx_word' id='word_1_237' title='bbox 3480 776 3617 830; x_wconf 84' lang='grc' dir='ltr'>πολὺ</span> <span class='ocrx_word' id='word_1_238' title='bbox 3669 777 3800 831; x_wconf 79' lang='grc' dir='ltr'>θαυ-</span> 
     </span>
    </p>
   </div>
   <div class='ocr_carea' id='block_1_33' title="bbox 2214 857 3799 930">
    <p class='ocr_par' dir='ltr' id='par_1_33' title="bbox 2214 857 3799 930">
     <span class='ocr_line' id='line_1_33' title="bbox 2214 857 3799 930; baseline 0.001 -17"><span class='ocrx_word' id='word_1_239' title='bbox 2214 860 2550 929; x_wconf 87' lang='grc' dir='ltr'>μαστότερος</span> <span class='ocrx_word' id='word_1_240' title='bbox 2586 858 2861 928; x_wconf 86' lang='grc' dir='ltr'>φαίνεται,</span> <span class='ocrx_word' id='word_1_241' title='bbox 2895 858 3038 914; x_wconf 87' lang='grc' dir='ltr'>κατά</span> <span class='ocrx_word' id='word_1_242' title='bbox 3065 858 3159 912; x_wconf 78' lang='grc' dir='ltr'>τὸν</span> <span class='ocrx_word' id='word_1_243' title='bbox 3188 857 3439 930; x_wconf 78' lang='grc' dir='ltr'>Λάζαρον</span> <span class='ocrx_word' id='word_1_244' title='bbox 3467 860 3677 914; x_wconf 85' lang='grc' dir='ltr'>ἐκεῖνον</span> <span class='ocrx_word' id='word_1_245' title='bbox 3703 860 3799 914; x_wconf 74' lang='grc' dir='ltr'>τὸν</span> 
     </span>
    </p>
   </div>
   <div class='ocr_carea' id='block_1_34' title="bbox 2212 940 3800 1013">
    <p class='ocr_par' dir='ltr' id='par_1_34' title="bbox 2212 940 3800 1013">
     <span class='ocr_line' id='line_1_34' title="bbox 2212 940 3800 1013; baseline 0.002 -18"><span class='ocrx_word' id='word_1_246' title='bbox 2212 942 2392 998; x_wconf 87' lang='grc' dir='ltr'>πάντα</span> <span class='ocrx_word' id='word_1_247' title='bbox 2452 943 2569 997; x_wconf 72' lang='grc' dir='ltr'>ἐκεῖ</span> <span class='ocrx_word' id='word_1_248' title='bbox 2620 942 3084 1013; x_wconf 83' lang='grc' dir='ltr'>ἀπολαμϐάνοντα</span> <span class='ocrx_word' id='word_1_249' title='bbox 3124 940 3195 995; x_wconf 82' lang='grc' dir='ltr'>τὰ</span> <span class='ocrx_word' id='word_1_250' title='bbox 3232 942 3448 1010; x_wconf 85' lang='grc' dir='ltr'>ἀγαθὰ,</span> <span class='ocrx_word' id='word_1_251' title='bbox 3494 945 3637 999; x_wconf 88' lang='grc' dir='ltr'>κατά</span> <span class='ocrx_word' id='word_1_252' title='bbox 3670 945 3800 1009; x_wconf 82' lang='grc' dir='ltr'>τοὺς</span> 
     </span>
    </p>
   </div>
   <div class='ocr_carea' id='block_1_35' title="bbox 2213 1026 3799 1099">
    <p class='ocr_par' dir='ltr' id='par_1_35' title="bbox 2213 1026 3799 1099">
     <span class='ocr_line' id='line_1_35' title="bbox 2213 1026 3799 1099; baseline 0.001 -20"><span class='ocrx_word' id='word_1_253' title='bbox 2213 1027 2407 1091; x_wconf 80' lang='grc' dir='ltr'>παῖδας</span> <span class='ocrx_word' id='word_1_254' title='bbox 2430 1028 2561 1091; x_wconf 83' lang='grc' dir='ltr'>τοὺς</span> <span class='ocrx_word' id='word_1_255' title='bbox 2590 1029 2764 1098; x_wconf 89' lang='grc' dir='ltr'>τρεῖς,</span> <span class='ocrx_word' id='word_1_256' title='bbox 2805 1026 2855 1080; x_wconf 77' lang='grc' dir='ltr'><strong>οἱ</strong></span> <span class='ocrx_word' id='word_1_257' title='bbox 2894 1026 3181 1097; x_wconf 81' lang='grc' dir='ltr'>μέλλοντες</span> <span class='ocrx_word' id='word_1_258' title='bbox 3206 1026 3287 1090; x_wconf 89' lang='grc' dir='ltr'>εἰς</span> <span class='ocrx_word' id='word_1_259' title='bbox 3319 1026 3420 1097; x_wconf 84' lang='grc' dir='ltr'>τὴν</span> <span class='ocrx_word' id='word_1_260' title='bbox 3442 1027 3673 1098; x_wconf 82' lang='grc' dir='ltr'>κάμινον</span> <span class='ocrx_word' id='word_1_261' title='bbox 3695 1029 3799 1099; x_wconf 78' lang='grc' dir='ltr'>ἐμ·</span> 
     </span>
    </p>
   </div>
   <div class='ocr_carea' id='block_1_36' title="bbox 2214 1109 3803 1180">
    <p class='ocr_par' dir='ltr' id='par_1_36' title="bbox 2214 1109 3803 1180">
     <span class='ocr_line' id='line_1_36' title="bbox 2214 1109 3803 1180; baseline 0.002 -17"><span class='ocrx_word' id='word_1_262' title='bbox 2214 1112 2456 1174; x_wconf 86' lang='grc' dir='ltr'>πίπτειν,</span> <span class='ocrx_word' id='word_1_263' title='bbox 2488 1110 2698 1180; x_wconf 80' lang='grc' dir='ltr'>ἔλεγον,</span> <span class='ocrx_word' id='word_1_264' title='bbox 2721 1111 2805 1164; x_wconf 76' lang='grc' dir='ltr'>ὅτι</span> <span class='ocrx_word' id='word_1_265' title='bbox 2834 1109 3011 1164; x_wconf 79' lang='grc' dir='ltr'>Ἐστι</span> <span class='ocrx_word' id='word_1_266' title='bbox 3033 1110 3181 1178; x_wconf 82' lang='grc' dir='ltr'>Θεὸς</span> <span class='ocrx_word' id='word_1_267' title='bbox 3200 1110 3270 1165; x_wconf 74' lang='grc' dir='ltr'>ἐν</span> <span class='ocrx_word' id='word_1_268' title='bbox 3290 1110 3569 1179; x_wconf 81' lang='grc' dir='ltr'>οὐρανοῖς</span> <span class='ocrx_word' id='word_1_269' title='bbox 3595 1112 3803 1178; x_wconf 69' lang='grc' dir='ltr'>ἱκανὸς</span> 
     </span>
    </p>
   </div>
   <div class='ocr_carea' id='block_1_37' title="bbox 2213 1192 3799 1263">
    <p class='ocr_par' dir='ltr' id='par_1_37' title="bbox 2213 1192 3799 1263">
     <span class='ocr_line' id='line_1_37' title="bbox 2213 1192 3799 1263; baseline 0.001 -16"><span class='ocrx_word' id='word_1_270' title='bbox 2213 1193 2529 1259; x_wconf 74' lang='grc' dir='ltr'>ἐξελέσθαι</span> <span class='ocrx_word' id='word_1_271' title='bbox 2559 1192 2737 1263; x_wconf 73' lang='grc' dir='ltr'>ἡμᾶς·</span> <span class='ocrx_word' id='word_1_272' title='bbox 2770 1194 2871 1249; x_wconf 77' lang='grc' dir='ltr'>καί</span> <span class='ocrx_word' id='word_1_273' title='bbox 2898 1194 3009 1248; x_wconf 80' lang='grc' dir='ltr'>ἐὰν</span> <span class='ocrx_word' id='word_1_274' title='bbox 3034 1194 3123 1263; x_wconf 80' lang='grc' dir='ltr'>μὴ</span> <span class='ocrx_word' id='word_1_275' title='bbox 3143 1235 3157 1260; x_wconf 90' lang='grc'>,</span> <span class='ocrx_word' id='word_1_276' title='bbox 3185 1194 3461 1263; x_wconf 74' lang='grc' dir='ltr'>γνωστὸν</span> <span class='ocrx_word' id='word_1_277' title='bbox 3488 1193 3644 1248; x_wconf 75' lang='grc' dir='ltr'>ἔστω</span> <span class='ocrx_word' id='word_1_278' title='bbox 3675 1210 3799 1255; x_wconf 83' lang='grc' dir='ltr'>σοι,</span> 
     </span>
    </p>
   </div>
   <div class='ocr_carea' id='block_1_38' title="bbox 2209 1273 3802 1346">
    <p class='ocr_par' dir='ltr' id='par_1_38' title="bbox 2209 1273 3802 1346">
     <span class='ocr_line' id='line_1_38' title="bbox 2209 1273 3802 1346; baseline 0.001 -18"><span class='ocrx_word' id='word_1_279' title='bbox 2209 1276 2499 1341; x_wconf 73' lang='grc' dir='ltr'>βασιλεῦ,</span> <span class='ocrx_word' id='word_1_280' title='bbox 2530 1276 2619 1329; x_wconf 74' lang='grc' dir='ltr'>ὄτι</span> <span class='ocrx_word' id='word_1_281' title='bbox 2650 1276 2775 1343; x_wconf 82' lang='grc' dir='ltr'>τοῖς</span> <span class='ocrx_word' id='word_1_282' title='bbox 2808 1277 2968 1343; x_wconf 72' lang='grc' dir='ltr'>θοοῖς</span> <span class='ocrx_word' id='word_1_283' title='bbox 3013 1292 3132 1331; x_wconf 88' lang='grc' dir='ltr'>σου</span> <span class='ocrx_word' id='word_1_284' title='bbox 3178 1279 3251 1331; x_wconf 86' lang='grc' dir='ltr'>οὐ</span> <span class='ocrx_word' id='word_1_285' title='bbox 3278 1278 3671 1346; x_wconf 72' lang='grc' dir='ltr'>λατρεύωμεν,</span> <span class='ocrx_word' id='word_1_286' title='bbox 3700 1273 3802 1330; x_wconf 53' lang='lat' dir='ltr'>aut}</span> 
     </span>
    </p>
   </div>
   <div class='ocr_carea' id='block_1_39' title="bbox 2214 1356 3798 1434">
    <p class='ocr_par' dir='ltr' id='par_1_39' title="bbox 2214 1356 3798 1434">
     <span class='ocr_line' id='line_1_39' title="bbox 2214 1356 3798 1434; baseline 0.001 -20"><span class='ocrx_word' id='word_1_287' title='bbox 2214 1359 2290 1430; x_wconf 76' lang='grc' dir='ltr'>τῇ</span> <span class='ocrx_word' id='word_1_288' title='bbox 2312 1363 2503 1415; x_wconf 75' lang='grc' dir='ltr'>εικόνι</span> <span class='ocrx_word' id='word_1_289' title='bbox 2522 1359 2597 1428; x_wconf 75' lang='grc' dir='ltr'>τῇ</span> <span class='ocrx_word' id='word_1_290' title='bbox 2621 1360 2823 1429; x_wconf 77' lang='grc' dir='ltr'>χρυσῇ</span> <span class='ocrx_word' id='word_1_291' title='bbox 2848 1356 2889 1434; x_wconf 82' lang='grc' dir='ltr'><strong><em>ᾖ</em></strong></span> <span class='ocrx_word' id='word_1_292' title='bbox 2905 1360 3197 1430; x_wconf 78' lang='grc' dir='ltr'>ἐστησας,</span> <span class='ocrx_word' id='word_1_293' title='bbox 3221 1363 3293 1415; x_wconf 87' lang='grc' dir='ltr'>οὐ</span> <span class='ocrx_word' id='word_1_294' title='bbox 3314 1359 3798 1430; x_wconf 72' lang='grc' dir='ltr'>προσκυνοῦμεν·</span> 
     </span>
    </p>
   </div>
   <div class='ocr_carea' id='block_1_40' title="bbox 2216 1443 3804 1517">
    <p class='ocr_par' dir='ltr' id='par_1_40' title="bbox 2216 1443 3804 1517">
     <span class='ocr_line' id='line_1_40' title="bbox 2216 1443 3804 1517; baseline 0 -20"><span class='ocrx_word' id='word_1_295' title='bbox 2216 1444 2357 1498; x_wconf 86' lang='grc' dir='ltr'>κατά</span> <span class='ocrx_word' id='word_1_296' title='bbox 2397 1443 2490 1497; x_wconf 84' lang='grc' dir='ltr'>τδν</span> <span class='ocrx_word' id='word_1_297' title='bbox 2540 1443 2823 1514; x_wconf 70' lang='grc' dir='ltr'>Ἁϐραάμ,</span> <span class='ocrx_word' id='word_1_298' title='bbox 2868 1445 2928 1509; x_wconf 82' lang='grc' dir='ltr'>ὃς</span> <span class='ocrx_word' id='word_1_299' title='bbox 2970 1446 3066 1499; x_wconf 77' lang='grc' dir='ltr'>καὶ</span> <span class='ocrx_word' id='word_1_300' title='bbox 3113 1446 3359 1517; x_wconf 78' lang='grc' dir='ltr'>ἀνήγαγε</span> <span class='ocrx_word' id='word_1_301' title='bbox 3412 1445 3503 1498; x_wconf 71' lang='grc' dir='ltr'>τὴν</span> <span class='ocrx_word' id='word_1_302' title='bbox 3549 1444 3664 1497; x_wconf 83' lang='grc' dir='ltr'>υίδν</span> <span class='ocrx_word' id='word_1_303' title='bbox 3706 1444 3804 1498; x_wconf 75' lang='grc' dir='ltr'>καὶ</span> 
     </span>
    </p>
   </div>
   <div class='ocr_carea' id='block_1_41' title="bbox 2218 1526 3802 1600">
    <p class='ocr_par' dir='ltr' id='par_1_41' title="bbox 2218 1526 3802 1600">
     <span class='ocr_line' id='line_1_41' title="bbox 2218 1526 3802 1600; baseline -0.002 -18"><span class='ocrx_word' id='word_1_304' title='bbox 2218 1527 2455 1597; x_wconf 86' lang='grc' dir='ltr'>ἔσφαξε,</span> <span class='ocrx_word' id='word_1_305' title='bbox 2488 1526 2796 1582; x_wconf 73' lang='grc' dir='ltr'>καὶταῦτα</span> <span class='ocrx_word' id='word_1_306' title='bbox 2828 1529 2929 1581; x_wconf 86' lang='grc' dir='ltr'>οὑκ</span> <span class='ocrx_word' id='word_1_307' title='bbox 2975 1529 3069 1583; x_wconf 80' lang='grc' dir='ltr'>ἐπὶ</span> <span class='ocrx_word' id='word_1_308' title='bbox 3122 1528 3300 1599; x_wconf 80' lang='grc' dir='ltr'>μισθῷ</span> <span class='ocrx_word' id='word_1_309' title='bbox 3346 1543 3454 1583; x_wconf 80' lang='grc' dir='ltr'>τννι</span> <span class='ocrx_word' id='word_1_310' title='bbox 3510 1527 3802 1600; x_wconf 81' lang='grc' dir='ltr'>ἔπραττεν,</span> 
     </span>
    </p>
   </div>
   <div class='ocr_carea' id='block_1_42' title="bbox 2217 1606 3806 1682">
    <p class='ocr_par' dir='ltr' id='par_1_42' title="bbox 2217 1606 3806 1682">
     <span class='ocr_line' id='line_1_42' title="bbox 2217 1606 3806 1682; baseline 0 -17"><span class='ocrx_word' id='word_1_311' title='bbox 2217 1611 2355 1665; x_wconf 87' lang='grc' dir='ltr'>ἀλλά</span> <span class='ocrx_word' id='word_1_312' title='bbox 2380 1611 2508 1682; x_wconf 91' lang='grc' dir='ltr'>μίαν</span> <span class='ocrx_word' id='word_1_313' title='bbox 2536 1609 2841 1681; x_wconf 77' lang='grc' dir='ltr'>ἡγούμενος</span> <span class='ocrx_word' id='word_1_314' title='bbox 2861 1609 3124 1681; x_wconf 84' lang='grc' dir='ltr'>μεγίστην</span> <span class='ocrx_word' id='word_1_315' title='bbox 3145 1606 3407 1682; x_wconf 77' lang='grc' dir='ltr'>ἀμοιϐὴν.</span> <span class='ocrx_word' id='word_1_316' title='bbox 3431 1611 3492 1665; x_wconf 77' lang='grc' dir='ltr'>τὸ</span> <span class='ocrx_word' id='word_1_317' title='bbox 3510 1610 3806 1665; x_wconf 81' lang='grc' dir='ltr'>ὑπακούειν</span> 
     </span>
    </p>
   </div>
   <div class='ocr_carea' id='block_1_43' title="bbox 2215 1692 3808 1765">
    <p class='ocr_par' dir='ltr' id='par_1_43' title="bbox 2215 1692 3808 1765">
     <span class='ocr_line' id='line_1_43' title="bbox 2215 1692 3808 1765; baseline 0 -19"><span class='ocrx_word' id='word_1_318' title='bbox 2215 1694 2295 1765; x_wconf 84' lang='grc' dir='ltr'>τῷ</span> <span class='ocrx_word' id='word_1_319' title='bbox 2331 1692 2598 1765; x_wconf 80' lang='grc' dir='ltr'>Δεσπότῃ.</span> <span class='ocrx_word' id='word_1_320' title='bbox 2648 1693 2888 1756; x_wconf 90' lang='grc' dir='ltr'>Τούτους</span> <span class='ocrx_word' id='word_1_321' title='bbox 2931 1693 3026 1746; x_wconf 81' lang='grc' dir='ltr'>καὶ</span> <span class='ocrx_word' id='word_1_322' title='bbox 3063 1694 3228 1762; x_wconf 72' lang='grc' dir='ltr'>ἡμεῖς</span> <span class='ocrx_word' id='word_1_323' title='bbox 3283 1692 3600 1764; x_wconf 84' lang='grc' dir='ltr'>μιμώμεθα.</span> <span class='ocrx_word' id='word_1_324' title='bbox 3646 1692 3808 1747; x_wconf 78' lang='grc' dir='ltr'>Οὕτω</span> 
     </span>
    </p>
   </div>
   <div class='ocr_carea' id='block_1_44' title="bbox 2214 1774 3804 1849">
    <p class='ocr_par' dir='ltr' id='par_1_44' title="bbox 2214 1774 3804 1849">
     <span class='ocr_line' id='line_1_44' title="bbox 2214 1774 3804 1849; baseline -0.001 -18"><span class='ocrx_word' id='word_1_325' title='bbox 2214 1778 2324 1849; x_wconf 82' lang='grc' dir='ltr'>γὰρ</span> <span class='ocrx_word' id='word_1_326' title='bbox 2349 1777 2444 1831; x_wconf 74' lang='grc' dir='ltr'>καὶ</span> <span class='ocrx_word' id='word_1_327' title='bbox 2476 1776 2706 1847; x_wconf 75' lang='grc' dir='ltr'>δαψιλης</span> <span class='ocrx_word' id='word_1_328' title='bbox 2736 1778 2770 1849; x_wconf 75' lang='grc' dir='ltr'>ἡ</span> <span class='ocrx_word' id='word_1_329' title='bbox 2802 1774 3084 1838; x_wconf 84' lang='grc' dir='ltr'>ἀντίδοσις</span> <span class='ocrx_word' id='word_1_330' title='bbox 3113 1778 3247 1845; x_wconf 78' lang='grc' dir='ltr'>ἡμῖν</span> <span class='ocrx_word' id='word_1_331' title='bbox 3275 1776 3396 1846; x_wconf 73' lang='grc' dir='ltr'>ἥξει</span> <span class='ocrx_word' id='word_1_332' title='bbox 3420 1774 3529 1831; x_wconf 78' lang='grc' dir='ltr'>τῶν</span> <span class='ocrx_word' id='word_1_333' title='bbox 3554 1776 3804 1845; x_wconf 84' lang='grc' dir='ltr'>ἀγαθῶν,</span> 
     </span>
    </p>
   </div>
   <div class='ocr_carea' id='block_1_45' title="bbox 2216 1857 3811 1929">
    <p class='ocr_par' dir='ltr' id='par_1_45' title="bbox 2216 1857 3811 1929">
     <span class='ocr_line' id='line_1_45' title="bbox 2216 1857 3811 1929; baseline -0.001 -16"><span class='ocrx_word' id='word_1_334' title='bbox 2216 1860 2299 1913; x_wconf 75' lang='grc' dir='ltr'>ὅτι</span> <span class='ocrx_word' id='word_1_335' title='bbox 2336 1857 2473 1929; x_wconf 85' lang='grc' dir='ltr'>μετά</span> <span class='ocrx_word' id='word_1_336' title='bbox 2501 1858 2758 1929; x_wconf 88' lang='grc' dir='ltr'>τοιαύτης</span> <span class='ocrx_word' id='word_1_337' title='bbox 2804 1859 3020 1913; x_wconf 75' lang='grc' dir='ltr'>ἅπαντα</span> <span class='ocrx_word' id='word_1_338' title='bbox 3064 1857 3380 1929; x_wconf 78' lang='grc' dir='ltr'>πράττομεν</span> <span class='ocrx_word' id='word_1_339' title='bbox 3421 1858 3688 1929; x_wconf 71' lang='grc' dir='ltr'>γνώμης,</span> <span class='ocrx_word' id='word_1_340' title='bbox 3714 1857 3811 1911; x_wconf 71' lang='grc' dir='ltr'>καὶ</span> 
     </span>
    </p>
   </div>
   <div class='ocr_carea' id='block_1_46' title="bbox 2217 1935 3811 2013">
    <p class='ocr_par' dir='ltr' id='par_1_46' title="bbox 2217 1935 3811 2013">
     <span class='ocr_line' id='line_1_46' title="bbox 2217 1935 3811 2013; baseline 0.001 -19"><span class='ocrx_word' id='word_1_341' title='bbox 2217 1942 2622 2013; x_wconf 80' lang='grc' dir='ltr'>λαμπροτέρων</span> <span class='ocrx_word' id='word_1_342' title='bbox 2671 1941 3075 2012; x_wconf 83' lang='grc' dir='ltr'>ἐπιτευξόμεθα</span> <span class='ocrx_word' id='word_1_343' title='bbox 3126 1943 3437 2012; x_wconf 82' lang='grc' dir='ltr'>στεφάνων·</span> <span class='ocrx_word' id='word_1_344' title='bbox 3482 1935 3556 1996; x_wconf 81' lang='grc' dir='ltr'>ὧν</span> <span class='ocrx_word' id='word_1_345' title='bbox 3597 1942 3811 2010; x_wconf 81' lang='grc' dir='ltr'>γένοιτο</span> 
     </span>
    </p>
   </div>
   <div class='ocr_carea' id='block_1_47' title="bbox 2219 2024 3811 2097">
    <p class='ocr_par' dir='ltr' id='par_1_47' title="bbox 2219 2024 3811 2097">
     <span class='ocr_line' id='line_1_47' title="bbox 2219 2024 3811 2097; baseline 0 -21"><span class='ocrx_word' id='word_1_346' title='bbox 2219 2026 2433 2089; x_wconf 80' lang='grc' dir='ltr'>πάντας</span> <span class='ocrx_word' id='word_1_347' title='bbox 2460 2026 2608 2096; x_wconf 79' lang='grc' dir='ltr'>ἡμᾶς</span> <span class='ocrx_word' id='word_1_348' title='bbox 2629 2028 2935 2096; x_wconf 66' lang='grc' dir='ltr'>ἐπιτυχαν,</span> <span class='ocrx_word' id='word_1_349' title='bbox 2958 2025 3146 2096; x_wconf 86' lang='grc' dir='ltr'>χάριτι</span> <span class='ocrx_word' id='word_1_350' title='bbox 3174 2028 3272 2080; x_wconf 80' lang='grc' dir='ltr'>καὶ</span> <span class='ocrx_word' id='word_1_351' title='bbox 3302 2024 3686 2097; x_wconf 77' lang='grc' dir='ltr'>φιλανθρωπίᾳ</span> <span class='ocrx_word' id='word_1_352' title='bbox 3713 2024 3811 2078; x_wconf 89' lang='grc' dir='ltr'>τοῦ</span> 
     </span>
    </p>
   </div>
   <div class='ocr_carea' id='block_1_48' title="bbox 2218 2101 3814 2181">
    <p class='ocr_par' dir='ltr' id='par_1_48' title="bbox 2218 2101 3814 2181">
     <span class='ocr_line' id='line_1_48' title="bbox 2218 2101 3814 2181; baseline 0 -20"><span class='ocrx_word' id='word_1_353' title='bbox 2218 2109 2429 2179; x_wconf 84' lang='grc' dir='ltr'>Κυρίου</span> <span class='ocrx_word' id='word_1_354' title='bbox 2463 2108 2623 2179; x_wconf 70' lang='grc' dir='ltr'>ἡμῶν</span> <span class='ocrx_word' id='word_1_355' title='bbox 2690 2109 2868 2180; x_wconf 85' lang='grc' dir='ltr'>Ἰησοῦ</span> <span class='ocrx_word' id='word_1_356' title='bbox 2902 2109 3182 2180; x_wconf 79' lang='grc' dir='ltr'>Χριστοῦ,</span> <span class='ocrx_word' id='word_1_357' title='bbox 3240 2110 3358 2181; x_wconf 90' lang='grc' dir='ltr'>μεθ’</span> <span class='ocrx_word' id='word_1_358' title='bbox 3401 2101 3462 2163; x_wconf 73' lang='grc' dir='ltr'>οὗ</span> <span class='ocrx_word' id='word_1_359' title='bbox 3510 2107 3588 2180; x_wconf 77' lang='grc' dir='ltr'>τῷ</span> <span class='ocrx_word' id='word_1_360' title='bbox 3633 2108 3814 2179; x_wconf 77' lang='grc' dir='ltr'>Πατρὶ</span> 
     </span>
    </p>
   </div>
   <div class='ocr_carea' id='block_1_49' title="bbox 2225 2190 3813 2265">
    <p class='ocr_par' dir='ltr' id='par_1_49' title="bbox 2225 2190 3813 2265">
     <span class='ocr_line' id='line_1_49' title="bbox 2225 2190 3813 2265; baseline -0.002 -17"><span class='ocrx_word' id='word_1_361' title='bbox 2225 2193 2345 2263; x_wconf 79' lang='grc' dir='ltr'>ἃμα</span> <span class='ocrx_word' id='word_1_362' title='bbox 2374 2192 2454 2262; x_wconf 78' lang='grc' dir='ltr'>τῷ</span> <span class='ocrx_word' id='word_1_363' title='bbox 2487 2192 2628 2264; x_wconf 87' lang='grc' dir='ltr'>ἀγίῳ</span> <span class='ocrx_word' id='word_1_364' title='bbox 2660 2192 2942 2263; x_wconf 81' lang='grc' dir='ltr'>Πνεύματι</span> <span class='ocrx_word' id='word_1_365' title='bbox 2966 2191 3113 2258; x_wconf 84' lang='grc' dir='ltr'>δόξα,</span> <span class='ocrx_word' id='word_1_366' title='bbox 3144 2192 3369 2265; x_wconf 85' lang='grc' dir='ltr'>κράτος,</span> <span class='ocrx_word' id='word_1_367' title='bbox 3396 2193 3560 2263; x_wconf 82' lang='grc' dir='ltr'>τιμὴ,</span> <span class='ocrx_word' id='word_1_368' title='bbox 3597 2190 3694 2247; x_wconf 81' lang='grc' dir='ltr'>νῦν</span> <span class='ocrx_word' id='word_1_369' title='bbox 3718 2190 3813 2247; x_wconf 71' lang='grc' dir='ltr'>καὶ</span> 
     </span>
    </p>
   </div>
   <div class='ocr_carea' id='block_1_50' title="bbox 2225 2271 3696 2346">
    <p class='ocr_par' dir='ltr' id='par_1_50' title="bbox 2225 2271 3696 2346">
     <span class='ocr_line' id='line_1_50' title="bbox 2225 2271 3696 2346; baseline 0.001 -17"><span class='ocrx_word' id='word_1_370' title='bbox 2225 2276 2335 2341; x_wconf 71' lang='grc' dir='ltr'>ἀεὶ,</span> <span class='ocrx_word' id='word_1_371' title='bbox 2373 2275 2467 2330; x_wconf 72' lang='grc' dir='ltr'>καὶ</span> <span class='ocrx_word' id='word_1_372' title='bbox 2493 2278 2576 2340; x_wconf 90' lang='grc' dir='ltr'>είς</span> <span class='ocrx_word' id='word_1_373' title='bbox 2599 2276 2729 2341; x_wconf 76' lang='grc' dir='ltr'>τοὺς</span> <span class='ocrx_word' id='word_1_374' title='bbox 2756 2274 2961 2340; x_wconf 85' lang='grc' dir='ltr'>αἰῶνας</span> <span class='ocrx_word' id='word_1_375' title='bbox 2990 2275 3098 2329; x_wconf 90' lang='grc' dir='ltr'>τῶν</span> <span class='ocrx_word' id='word_1_376' title='bbox 3126 2275 3360 2331; x_wconf 86' lang='grc' dir='ltr'>αἰώνων.</span> <span class='ocrx_word' id='word_1_377' title='bbox 3398 2275 3591 2346; x_wconf 80' lang='grc' dir='ltr'>’Δμήν.</span> <span class='ocrx_word' id='word_1_378' title='bbox 3694 2271 3696 2273; x_wconf 37' lang='grc'><strong>“</strong></span> 
     </span>
    </p>
   </div>
   <div class='ocr_carea' id='block_1_51' title="bbox 1953 2485 2563 2562">
    <p class='ocr_par' dir='ltr' id='par_1_51' title="bbox 1953 2485 2563 2562">
     <span class='ocr_line' id='line_1_51' title="bbox 1953 2485 2563 2562; baseline 0.01 -22"><span class='ocrx_word' id='word_1_379' title='bbox 1953 2485 2105 2562; x_wconf 82' lang='lat' dir='ltr'>[n9]</span> <span class='ocrx_word' id='word_1_380' title='bbox 2141 2489 2386 2545; x_wconf 77' lang='lat' dir='ltr'>OMI‘AIA</span> <span class='ocrx_word' id='word_1_381' title='bbox 2422 2493 2563 2546; x_wconf 69' lang='lat' dir='ltr'>&#39;KA&#39;.</span> 
     </span>
    </p>
   </div>
   <div class='ocr_carea' id='block_1_52' title="bbox 550 2584 2124 2670">
    <p class='ocr_par' dir='ltr' id='par_1_52' title="bbox 550 2584 2124 2670">
     <span class='ocr_line' id='line_1_52' title="bbox 550 2584 2124 2670; baseline 0 -32"><span class='ocrx_word' id='word_1_382' title='bbox 550 2587 676 2670; x_wconf 50' lang='grc' dir='ltr'>οὐκ</span> <span class='ocrx_word' id='word_1_383' title='bbox 713 2584 829 2670; x_wconf 53' lang='grc' dir='ltr'>εἰμὶ</span> <span class='ocrx_word' id='word_1_384' title='bbox 872 2584 1247 2670; x_wconf 45' lang='grc' dir='ltr'>άέόστοτιοςξ</span> <span class='ocrx_word' id='word_1_385' title='bbox 1279 2585 1406 2670; x_wconf 51' lang='grc' dir='ltr'>οὑκ</span> <span class='ocrx_word' id='word_1_386' title='bbox 1445 2584 1955 2670; x_wconf 45' lang='grc' dir='ltr'>ειμὶρζεὐςεροω</span> <span class='ocrx_word' id='word_1_387' title='bbox 1988 2584 2124 2670; x_wconf 58' lang='grc' dir='ltr'>οὐχί</span> 
     </span>
    </p>
   </div>
   <div class='ocr_carea' id='block_1_53' title="bbox 629 2653 2124 2723">
    <p class='ocr_par' dir='ltr' id='par_1_53' title="bbox 629 2653 2124 2723">
     <span class='ocr_line' id='line_1_53' title="bbox 629 2653 2124 2723; baseline -0.001 -12"><span class='ocrx_word' id='word_1_388' title='bbox 629 2653 871 2723; x_wconf 77' lang='grc' dir='ltr'>Ἰησοῦν</span> <span class='ocrx_word' id='word_1_389' title='bbox 894 2653 1159 2722; x_wconf 79' lang='grc' dir='ltr'>Χριστὸν</span> <span class='ocrx_word' id='word_1_390' title='bbox 1180 2654 1291 2723; x_wconf 72' lang='grc' dir='ltr'>τὸν</span> <span class='ocrx_word' id='word_1_391' title='bbox 1326 2655 1544 2721; x_wconf 81' lang='grc' dir='ltr'>Κύριον</span> <span class='ocrx_word' id='word_1_392' title='bbox 1562 2653 1731 2723; x_wconf 81' lang='grc' dir='ltr'>ήμῶν</span> <span class='ocrx_word' id='word_1_393' title='bbox 1756 2653 2021 2723; x_wconf 70' lang='lat' dir='ltr'>écbpaxa;</span> <span class='ocrx_word' id='word_1_394' title='bbox 2052 2657 2124 2709; x_wconf 87' lang='grc' dir='ltr'>οὐ</span> 
     </span>
    </p>
   </div>
   <div class='ocr_carea' id='block_1_54' title="bbox 621 2721 1757 2794">
    <p class='ocr_par' dir='ltr' id='par_1_54' title="bbox 621 2721 1757 2794">
     <span class='ocr_line' id='line_1_54' title="bbox 621 2721 1757 2794; baseline -0.003 -14"><span class='ocrx_word' id='word_1_395' title='bbox 621 2721 894 2794; x_wconf 62' lang='grc' dir='ltr'>τὸέργον</span> <span class='ocrx_word' id='word_1_396' title='bbox 918 2721 1038 2794; x_wconf 72' lang='grc' dir='ltr'>⁴μου</span> <span class='ocrx_word' id='word_1_397' title='bbox 1073 2721 1242 2793; x_wconf 78' lang='grc' dir='ltr'>ὑμεῖς</span> <span class='ocrx_word' id='word_1_398' title='bbox 1269 2722 1410 2778; x_wconf 80' lang='grc' dir='ltr'>ἐστε</span> <span class='ocrx_word' id='word_1_399' title='bbox 1432 2724 1502 2777; x_wconf 88' lang='grc' dir='ltr'>ὲν</span> <span class='ocrx_word' id='word_1_400' title='bbox 1524 2721 1757 2793; x_wconf 78' lang='grc' dir='ltr'>Κύρίφ;</span> 
     </span>
    </p>
   </div>
   <div class='ocr_carea' id='block_1_55' title="bbox 625 2829 2129 2911">
    <p class='ocr_par' dir='ltr' id='par_1_55' title="bbox 625 2829 2129 2911">
     <span class='ocr_line' id='line_1_55' title="bbox 625 2829 2129 2911; baseline -0.001 -19"><span class='ocrx_word' id='word_1_401' title='bbox 625 2843 695 2892; x_wconf 82' lang='grc' dir='ltr'>α’.</span> <span class='ocrx_word' id='word_1_402' title='bbox 714 2833 933 2907; x_wconf 82' lang='grc' dir='ltr'>Ἐπειδὴ</span> <span class='ocrx_word' id='word_1_403' title='bbox 957 2829 1128 2900; x_wconf 76' lang='grc' dir='ltr'>εἷπεν,</span> <span class='ocrx_word' id='word_1_404' title='bbox 1144 2833 1227 2887; x_wconf 75' lang='grc' dir='ltr'>ὅτι</span> <span class='ocrx_word' id='word_1_405' title='bbox 1255 2833 1393 2888; x_wconf 84' lang='grc' dir='ltr'>Ἐὰν</span> <span class='ocrx_word' id='word_1_406' title='bbox 1410 2833 1621 2904; x_wconf 82' lang='grc' dir='ltr'>,ϐρῶμα</span> <span class='ocrx_word' id='word_1_407' title='bbox 1637 2835 2003 2911; x_wconf 71' lang='grc' dir='ltr'>σκανδαλίζῃ</span> <span class='ocrx_word' id='word_1_408' title='bbox 2021 2838 2129 2891; x_wconf 82' lang='grc' dir='ltr'>τὸν</span> 
     </span>
    </p>
   </div>
   <div class='ocr_carea' id='block_1_56' title="bbox 546 2915 2124 2989">
    <p class='ocr_par' dir='ltr' id='par_1_56' title="bbox 546 2915 2124 2989">
     <span class='ocr_line' id='line_1_56' title="bbox 546 2915 2124 2989; baseline -0.001 -15"><span class='ocrx_word' id='word_1_409' title='bbox 546 2918 816 2988; x_wconf 72' lang='grc' dir='ltr'>ἀδελφόν</span> <span class='ocrx_word' id='word_1_410' title='bbox 853 2935 994 2989; x_wconf 83' lang='grc' dir='ltr'>μου.</span> <span class='ocrx_word' id='word_1_411' title='bbox 1027 2918 1100 2972; x_wconf 84' lang='grc' dir='ltr'>οὐ</span> <span class='ocrx_word' id='word_1_412' title='bbox 1127 2917 1214 2986; x_wconf 82' lang='grc' dir='ltr'>μὴ</span> <span class='ocrx_word' id='word_1_413' title='bbox 1246 2916 1414 2986; x_wconf 73' lang='grc' dir='ltr'>φάγω</span> <span class='ocrx_word' id='word_1_414' title='bbox 1455 2915 1599 2985; x_wconf 80' lang='grc' dir='ltr'>κρέα</span> <span class='ocrx_word' id='word_1_415' title='bbox 1631 2919 1717 2983; x_wconf 82' lang='grc' dir='ltr'>είς</span> <span class='ocrx_word' id='word_1_416' title='bbox 1766 2918 1874 2972; x_wconf 83' lang='grc' dir='ltr'>τὸν</span> <span class='ocrx_word' id='word_1_417' title='bbox 1918 2918 2124 2985; x_wconf 86' lang='grc' dir='ltr'>αίῶνα,</span> 
     </span>
    </p>
   </div>
   <div class='ocr_carea' id='block_1_57' title="bbox 546 2997 2133 3074">
    <p class='ocr_par' dir='ltr' id='par_1_57' title="bbox 546 2997 2133 3074">
     <span class='ocr_line' id='line_1_57' title="bbox 546 2997 2133 3074; baseline 0 -17"><span class='ocrx_word' id='word_1_418' title='bbox 546 3005 684 3074; x_wconf 80' lang='grc' dir='ltr'>ὅπερ</span> <span class='ocrx_word' id='word_1_419' title='bbox 702 3001 844 3055; x_wconf 80' lang='grc' dir='ltr'>ιοὺκ</span> <span class='ocrx_word' id='word_1_420' title='bbox 872 2997 940 3071; x_wconf 74' lang='grc' dir='ltr'>ἦν</span> <span class='ocrx_word' id='word_1_421' title='bbox 972 3001 1070 3072; x_wconf 80' lang='grc' dir='ltr'>μὲν</span> <span class='ocrx_word' id='word_1_422' title='bbox 1103 2998 1445 3070; x_wconf 88' lang='grc' dir='ltr'>πεποιηκὼς,</span> <span class='ocrx_word' id='word_1_423' title='bbox 1465 3000 1736 3072; x_wconf 84' lang='grc' dir='ltr'>ὑπέσχετο</span> <span class='ocrx_word' id='word_1_424' title='bbox 1765 3001 1821 3054; x_wconf 84' lang='grc' dir='ltr'>δὲ</span> <span class='ocrx_word' id='word_1_425' title='bbox 1853 3004 2133 3073; x_wconf 84' lang='grc' dir='ltr'>ποιήσειν,</span> 
     </span>
    </p>
   </div>
   <div class='ocr_carea' id='block_1_58' title="bbox 548 3082 2129 3157">
    <p class='ocr_par' dir='ltr' id='par_1_58' title="bbox 548 3082 2129 3157">
     <span class='ocr_line' id='line_1_58' title="bbox 548 3082 2129 3157; baseline -0.001 -18"><span class='ocrx_word' id='word_1_426' title='bbox 548 3088 597 3139; x_wconf 90' lang='grc' dir='ltr'>εἰ</span> <span class='ocrx_word' id='word_1_427' title='bbox 632 3084 789 3157; x_wconf 86' lang='grc' dir='ltr'>χρεία</span> <span class='ocrx_word' id='word_1_428' title='bbox 822 3084 1112 3150; x_wconf 78' lang='grc' dir='ltr'>ἀπαιτοίηο</span> <span class='ocrx_word' id='word_1_429' title='bbox 1146 3084 1235 3136; x_wconf 82' lang='grc' dir='ltr'>ῖνα</span> <span class='ocrx_word' id='word_1_430' title='bbox 1270 3084 1343 3155; x_wconf 74' lang='grc' dir='ltr'>μή</span> <span class='ocrx_word' id='word_1_431' title='bbox 1375 3100 1457 3147; x_wconf 93' lang='grc' dir='ltr'>τις</span> <span class='ocrx_word' id='word_1_432' title='bbox 1490 3082 1646 3155; x_wconf 82' lang='grc' dir='ltr'>λέγῃ,</span> <span class='ocrx_word' id='word_1_433' title='bbox 1678 3083 1760 3137; x_wconf 79' lang='grc' dir='ltr'>ὅτι</span> <span class='ocrx_word' id='word_1_434' title='bbox 1805 3084 2129 3153; x_wconf 80' lang='grc' dir='ltr'>Κομπάζεις</span> 
     </span>
    </p>
   </div>
   <div class='ocr_carea' id='block_1_59' title="bbox 548 3166 2133 3240">
    <p class='ocr_par' dir='ltr' id='par_1_59' title="bbox 548 3166 2133 3240">
     <span class='ocr_line' id='line_1_59' title="bbox 548 3166 2133 3240; baseline -0.002 -16"><span class='ocrx_word' id='word_1_435' title='bbox 548 3170 695 3240; x_wconf 82' lang='grc' dir='ltr'>εἰκῆ,</span> <span class='ocrx_word' id='word_1_436' title='bbox 731 3170 825 3223; x_wconf 75' lang='grc' dir='ltr'>καὶ</span> <span class='ocrx_word' id='word_1_437' title='bbox 862 3167 1176 3239; x_wconf 78' lang='grc' dir='ltr'>φιλοσοφεῖς</span> <span class='ocrx_word' id='word_1_438' title='bbox 1202 3168 1260 3219; x_wconf 82' lang='grc' dir='ltr'>ἐν</span> <span class='ocrx_word' id='word_1_439' title='bbox 1287 3166 1497 3235; x_wconf 88' lang='grc' dir='ltr'>λόγοις,</span> <span class='ocrx_word' id='word_1_440' title='bbox 1526 3167 1622 3219; x_wconf 77' lang='grc' dir='ltr'>καὶ</span> <span class='ocrx_word' id='word_1_441' title='bbox 1648 3166 1882 3239; x_wconf 80' lang='grc' dir='ltr'>ὑπισχνῇ</span> <span class='ocrx_word' id='word_1_442' title='bbox 1918 3169 2007 3222; x_wconf 92' lang='grc' dir='ltr'>διά</span> <span class='ocrx_word' id='word_1_443' title='bbox 2034 3171 2133 3240; x_wconf 80' lang='grc' dir='ltr'>ῥη-</span> 
     </span>
    </p>
   </div>
   <div class='ocr_carea' id='block_1_60' title="bbox 552 3248 2131 3325">
    <p class='ocr_par' dir='ltr' id='par_1_60' title="bbox 552 3248 2131 3325">
     <span class='ocr_line' id='line_1_60' title="bbox 552 3248 2131 3325; baseline -0.001 -16"><span class='ocrx_word' id='word_1_444' title='bbox 552 3254 761 3325; x_wconf 84' lang='grc' dir='ltr'>μάτων,</span> <span class='ocrx_word' id='word_1_445' title='bbox 780 3252 816 3306; x_wconf 90' lang='lat'>6</span> <span class='ocrx_word' id='word_1_446' title='bbox 840 3252 935 3307; x_wconf 77' lang='grc' dir='ltr'>καὶ</span> <span class='ocrx_word' id='word_1_447' title='bbox 965 3252 1090 3321; x_wconf 80' lang='grc' dir='ltr'>ἐμοὶ</span> <span class='ocrx_word' id='word_1_448' title='bbox 1118 3251 1212 3307; x_wconf 78' lang='grc' dir='ltr'>καὶ</span> <span class='ocrx_word' id='word_1_449' title='bbox 1240 3249 1320 3321; x_wconf 82' lang='grc' dir='ltr'>τῷ</span> <span class='ocrx_word' id='word_1_450' title='bbox 1356 3249 1488 3303; x_wconf 87' lang='grc' dir='ltr'>δεῖνι</span> <span class='ocrx_word' id='word_1_451' title='bbox 1530 3248 1750 3323; x_wconf 79' lang='grc' dir='ltr'>εῦκολον</span> <span class='ocrx_word' id='word_1_452' title='bbox 1773 3264 1787 3279; x_wconf 89' lang='grc'>⁶</span> <span class='ocrx_word' id='word_1_453' title='bbox 1815 3253 1864 3304; x_wconf 90' lang='grc' dir='ltr'>εἰ</span> <span class='ocrx_word' id='word_1_454' title='bbox 1890 3252 1998 3325; x_wconf 85' lang='grc' dir='ltr'>γὰρ</span> <span class='ocrx_word' id='word_1_455' title='bbox 2024 3254 2131 3307; x_wconf 85' lang='grc' dir='ltr'>ἀπὸ</span> 
     </span>
    </p>
   </div>
   <div class='ocr_carea' id='block_1_61' title="bbox 548 3331 2131 3410">
    <p class='ocr_par' dir='ltr' id='par_1_61' title="bbox 548 3331 2131 3410">
     <span class='ocr_line' id='line_1_61' title="bbox 548 3331 2131 3410; baseline -0.002 -18"><span class='ocrx_word' id='word_1_456' title='bbox 548 3338 728 3410; x_wconf 79' lang='grc' dir='ltr'>ψυχῆς</span> <span class='ocrx_word' id='word_1_457' title='bbox 781 3331 954 3390; x_wconf 83' lang='grc' dir='ltr'>ταῦτα</span> <span class='ocrx_word' id='word_1_458' title='bbox 1001 3335 1203 3403; x_wconf 87' lang='grc' dir='ltr'>λέγεις,</span> <span class='ocrx_word' id='word_1_459' title='bbox 1250 3332 1421 3397; x_wconf 88' lang='grc' dir='ltr'>δεῖξον</span> <span class='ocrx_word' id='word_1_460' title='bbox 1464 3332 1553 3386; x_wconf 86' lang='grc' dir='ltr'>διά</span> <span class='ocrx_word' id='word_1_461' title='bbox 1598 3334 1711 3387; x_wconf 88' lang='grc' dir='ltr'>τῶν</span> <span class='ocrx_word' id='word_1_462' title='bbox 1758 3334 1937 3405; x_wconf 83' lang='grc' dir='ltr'>ἔργων</span> <span class='ocrx_word' id='word_1_463' title='bbox 1988 3337 2131 3402; x_wconf 89' lang='grc' dir='ltr'>τίνος</span> 
     </span>
    </p>
   </div>
   <div class='ocr_carea' id='block_1_62' title="bbox 551 3415 2127 3491">
    <p class='ocr_par' dir='ltr' id='par_1_62' title="bbox 551 3415 2127 3491">
     <span class='ocr_line' id='line_1_62' title="bbox 551 3415 2127 3491; baseline -0.001 -16"><span class='ocrx_word' id='word_1_464' title='bbox 551 3419 965 3491; x_wconf 84' lang='grc' dir='ltr'>κατεφρόνησας</span> <span class='ocrx_word' id='word_1_465' title='bbox 994 3417 1139 3488; x_wconf 85' lang='grc' dir='ltr'>ὑπὲρ</span> <span class='ocrx_word' id='word_1_466' title='bbox 1160 3415 1254 3469; x_wconf 89' lang='grc' dir='ltr'>τοῦ</span> <span class='ocrx_word' id='word_1_467' title='bbox 1285 3419 1360 3487; x_wconf 86' lang='grc' dir='ltr'>μὴ</span> <span class='ocrx_word' id='word_1_468' title='bbox 1392 3416 1742 3471; x_wconf 89' lang='grc' dir='ltr'>σκανδαλίσαι</span> <span class='ocrx_word' id='word_1_469' title='bbox 1766 3418 1857 3471; x_wconf 75' lang='grc' dir='ltr'>τὸν</span> <span class='ocrx_word' id='word_1_470' title='bbox 1880 3420 2127 3490; x_wconf 59' lang='grc' dir='ltr'>ἀδελφόν</span> 
     </span>
    </p>
   </div>
   <div class='ocr_carea' id='block_1_63' title="bbox 550 3497 2133 3569">
    <p class='ocr_par' dir='ltr' id='par_1_63' title="bbox 550 3497 2133 3569">
     <span class='ocr_line' id='line_1_63' title="bbox 550 3497 2133 3569; baseline -0.001 -11"><span class='ocrx_word' id='word_1_471' title='bbox 550 3504 637 3558; x_wconf 74' lang='grc' dir='ltr'>διὰ</span> <span class='ocrx_word' id='word_1_472' title='bbox 666 3497 824 3557; x_wconf 86' lang='grc' dir='ltr'>τοῦτο</span> <span class='ocrx_word' id='word_1_473' title='bbox 854 3500 1225 3569; x_wconf 79' lang='grc' dir='ltr'>ἀναγκάζεται</span> <span class='ocrx_word' id='word_1_474' title='bbox 1250 3498 1439 3551; x_wconf 82' lang='grc' dir='ltr'>λοιπὸν</span> <span class='ocrx_word' id='word_1_475' title='bbox 1460 3501 1539 3563; x_wconf 87' lang='grc' dir='ltr'>εἰς</span> <span class='ocrx_word' id='word_1_476' title='bbox 1567 3501 1665 3569; x_wconf 78' lang='grc' dir='ltr'>τὴν</span> <span class='ocrx_word' id='word_1_477' title='bbox 1694 3501 1970 3567; x_wconf 70' lang='grc' dir='ltr'>ἀπόδειξιν</span> <span class='ocrx_word' id='word_1_478' title='bbox 2010 3504 2133 3557; x_wconf 82' lang='grc' dir='ltr'>τού-</span> 
     </span>
    </p>
   </div>
   <div class='ocr_carea' id='block_1_64' title="bbox 551 3581 2133 3659">
    <p class='ocr_par' dir='ltr' id='par_1_64' title="bbox 551 3581 2133 3659">
     <span class='ocr_line' id='line_1_64' title="bbox 551 3581 2133 3659; baseline 0.001 -18"><span class='ocrx_word' id='word_1_479' title='bbox 551 3604 660 3641; x_wconf 88' lang='grc' dir='ltr'>των</span> <span class='ocrx_word' id='word_1_480' title='bbox 682 3586 949 3649; x_wconf 79' lang='grc' dir='ltr'>καθεῖναι,</span> <span class='ocrx_word' id='word_1_481' title='bbox 975 3584 1070 3636; x_wconf 77' lang='grc' dir='ltr'>καὶ</span> <span class='ocrx_word' id='word_1_482' title='bbox 1094 3583 1265 3648; x_wconf 88' lang='grc' dir='ltr'>δεῖξαι</span> <span class='ocrx_word' id='word_1_483' title='bbox 1299 3582 1415 3646; x_wconf 88' lang='grc' dir='ltr'>πῶς</span> <span class='ocrx_word' id='word_1_484' title='bbox 1442 3583 1537 3637; x_wconf 77' lang='grc' dir='ltr'>καὶ</span> <span class='ocrx_word' id='word_1_485' title='bbox 1570 3581 1680 3636; x_wconf 87' lang='grc' dir='ltr'>τῶν</span> <span class='ocrx_word' id='word_1_486' title='bbox 1702 3599 1765 3639; x_wconf 88' lang='grc' dir='ltr'>συ</span> <span class='ocrx_word' id='word_1_487' title='bbox 1777 3588 2133 3659; x_wconf 84' lang='grc' dir='ltr'>γκεχωρημέ-</span> 
     </span>
    </p>
   </div>
   <div class='ocr_carea' id='block_1_65' title="bbox 553 3664 2132 3742">
    <p class='ocr_par' dir='ltr' id='par_1_65' title="bbox 553 3664 2132 3742">
     <span class='ocr_line' id='line_1_65' title="bbox 553 3664 2132 3742; baseline 0.001 -19"><span class='ocrx_word' id='word_1_488' title='bbox 553 3682 659 3723; x_wconf 88' lang='grc' dir='ltr'>νων</span> <span class='ocrx_word' id='word_1_489' title='bbox 699 3667 957 3738; x_wconf 75' lang='grc' dir='ltr'>ἀπείχετο</span> <span class='ocrx_word' id='word_1_490' title='bbox 998 3666 1137 3737; x_wconf 85' lang='grc' dir='ltr'>ὑπὲρ</span> <span class='ocrx_word' id='word_1_491' title='bbox 1182 3664 1277 3719; x_wconf 87' lang='grc' dir='ltr'>τοῦ</span> <span class='ocrx_word' id='word_1_492' title='bbox 1307 3664 1381 3736; x_wconf 82' lang='grc' dir='ltr'>μὴ</span> <span class='ocrx_word' id='word_1_493' title='bbox 1416 3666 1801 3725; x_wconf 84' lang='grc' dir='ltr'>σκανδαλίσαι.</span> <span class='ocrx_word' id='word_1_494' title='bbox 1850 3671 2027 3726; x_wconf 88' lang='grc' dir='ltr'>καίτοι</span> <span class='ocrx_word' id='word_1_495' title='bbox 2068 3690 2132 3742; x_wconf 88' lang='grc' dir='ltr'>γε</span> 
     </span>
    </p>
   </div>
   <div class='ocr_carea' id='block_1_66' title="bbox 554 3748 2133 3823">
    <p class='ocr_par' dir='ltr' id='par_1_66' title="bbox 554 3748 2133 3823">
     <span class='ocr_line' id='line_1_66' title="bbox 554 3748 2133 3823; baseline 0.004 -20"><span class='ocrx_word' id='word_1_496' title='bbox 554 3752 765 3815; x_wconf 77' lang='grc' dir='ltr'>οὐδενὸς</span> <span class='ocrx_word' id='word_1_497' title='bbox 798 3752 959 3804; x_wconf 77' lang='grc' dir='ltr'>αὑτὸν</span> <span class='ocrx_word' id='word_1_498' title='bbox 989 3748 1147 3803; x_wconf 91' lang='grc' dir='ltr'>τοῦτο</span> <span class='ocrx_word' id='word_1_499' title='bbox 1174 3750 1684 3819; x_wconf 78' lang='grc' dir='ltr'>κατιναγκάζοντος</span> <span class='ocrx_word' id='word_1_500' title='bbox 1715 3753 1901 3823; x_wconf 83' lang='grc' dir='ltr'>νόμου.</span> <span class='ocrx_word' id='word_1_501' title='bbox 1932 3756 2039 3810; x_wconf 77' lang='grc' dir='ltr'>Καὶ</span> <span class='ocrx_word' id='word_1_502' title='bbox 2071 3755 2133 3809; x_wconf 82' lang='grc' dir='ltr'>οὑ</span> 
     </span>
    </p>
   </div>
   <div class='ocr_carea' id='block_1_67' title="bbox 555 3831 2131 3902">
    <p class='ocr_par' dir='ltr' id='par_1_67' title="bbox 555 3831 2131 3902">
     <span class='ocr_line' id='line_1_67' title="bbox 555 3831 2131 3902; baseline 0.003 -16"><span class='ocrx_word' id='word_1_503' title='bbox 555 3831 713 3886; x_wconf 88' lang='grc' dir='ltr'>τοῦτό</span> <span class='ocrx_word' id='word_1_504' title='bbox 735 3850 820 3883; x_wconf 87' lang='grc' dir='ltr'>πω</span> <span class='ocrx_word' id='word_1_505' title='bbox 852 3831 1187 3900; x_wconf 72' lang='grc' dir='ltr'>θαυμαστὸν,</span> <span class='ocrx_word' id='word_1_506' title='bbox 1215 3832 1420 3901; x_wconf 75' lang='grc' dir='ltr'>καίπερ</span> <span class='ocrx_word' id='word_1_507' title='bbox 1444 3833 1503 3884; x_wconf 85' lang='lat' dir='ltr'><strong><em>6v</em></strong></span> <span class='ocrx_word' id='word_1_508' title='bbox 1532 3834 1847 3902; x_wconf 85' lang='grc' dir='ltr'>θαυμαστὸν</span> <span class='ocrx_word' id='word_1_509' title='bbox 1867 3874 1882 3897; x_wconf 86' lang='grc'>,</span> <span class='ocrx_word' id='word_1_510' title='bbox 1910 3836 1991 3888; x_wconf 79' lang='grc' dir='ltr'>ὅτι</span> <span class='ocrx_word' id='word_1_511' title='bbox 2022 3832 2131 3890; x_wconf 82' lang='grc' dir='ltr'>τῶν</span> 
     </span>
    </p>
   </div>
   <div class='ocr_carea' id='block_1_68' title="bbox 559 3911 2133 3986">
    <p class='ocr_par' dir='ltr' id='par_1_68' title="bbox 559 3911 2133 3986">
     <span class='ocr_line' id='line_1_68' title="bbox 559 3911 2133 3986; baseline 0.001 -19"><span class='ocrx_word' id='word_1_512' title='bbox 559 3912 1067 3983; x_wconf 78' lang='grc' dir='ltr'>συγκεχωρημένων</span> <span class='ocrx_word' id='word_1_513' title='bbox 1115 3911 1393 3980; x_wconf 83' lang='grc' dir='ltr'>ἀπείχετο,</span> <span class='ocrx_word' id='word_1_514' title='bbox 1440 3913 1501 3964; x_wconf 86' lang='grc' dir='ltr'>οὑ</span> <span class='ocrx_word' id='word_1_515' title='bbox 1538 3914 1698 3982; x_wconf 89' lang='grc' dir='ltr'>μόνον</span> <span class='ocrx_word' id='word_1_516' title='bbox 1741 3914 1882 3985; x_wconf 83' lang='grc' dir='ltr'>ὑπὲρ</span> <span class='ocrx_word' id='word_1_517' title='bbox 1919 3912 2015 3968; x_wconf 83' lang='grc' dir='ltr'>τοῦ</span> <span class='ocrx_word' id='word_1_518' title='bbox 2058 3917 2133 3986; x_wconf 82' lang='grc' dir='ltr'>μὴ</span> 
     </span>
    </p>
   </div>
   <div class='ocr_carea' id='block_1_69' title="bbox 558 3993 2135 4065">
    <p class='ocr_par' dir='ltr' id='par_1_69' title="bbox 558 3993 2135 4065">
     <span class='ocr_line' id='line_1_69' title="bbox 558 3993 2135 4065; baseline 0.003 -18"><span class='ocrx_word' id='word_1_519' title='bbox 558 3995 931 4058; x_wconf 86' lang='grc' dir='ltr'>σκανδαλίσαι,</span> <span class='ocrx_word' id='word_1_520' title='bbox 962 3993 1074 4048; x_wconf 88' lang='grc' dir='ltr'>ἀλλ’</span> <span class='ocrx_word' id='word_1_521' title='bbox 1098 3994 1181 4047; x_wconf 84' lang='grc' dir='ltr'>ὅτι</span> <span class='ocrx_word' id='word_1_522' title='bbox 1205 3997 1300 4047; x_wconf 78' lang='grc' dir='ltr'>καὶ</span> <span class='ocrx_word' id='word_1_523' title='bbox 1328 3993 1468 4065; x_wconf 88' lang='grc' dir='ltr'>μετά</span> <span class='ocrx_word' id='word_1_524' title='bbox 1498 3995 1693 4049; x_wconf 88' lang='grc' dir='ltr'>πολλοῦ</span> <span class='ocrx_word' id='word_1_525' title='bbox 1722 3997 1813 4050; x_wconf 83' lang='grc' dir='ltr'>τοῦ</span> <span class='ocrx_word' id='word_1_526' title='bbox 1850 3998 2014 4051; x_wconf 89' lang='grc' dir='ltr'>πόνου</span> <span class='ocrx_word' id='word_1_527' title='bbox 2039 3999 2135 4053; x_wconf 81' lang='grc' dir='ltr'>καὶ</span> 
     </span>
    </p>
   </div>
   <div class='ocr_carea' id='block_1_70' title="bbox 555 4076 2136 4155">
    <p class='ocr_par' dir='ltr' id='par_1_70' title="bbox 555 4076 2136 4155">
     <span class='ocr_line' id='line_1_70' title="bbox 555 4076 2136 4155; baseline 0.003 -20"><span class='ocrx_word' id='word_1_528' title='bbox 555 4080 651 4136; x_wconf 89' lang='grc' dir='ltr'>τοῦ</span> <span class='ocrx_word' id='word_1_529' title='bbox 683 4079 931 4133; x_wconf 89' lang='grc' dir='ltr'>κινδύνου</span> <span class='ocrx_word' id='word_1_530' title='bbox 958 4076 1117 4132; x_wconf 82' lang='grc' dir='ltr'>τοῦτο</span> <span class='ocrx_word' id='word_1_531' title='bbox 1147 4079 1344 4132; x_wconf 88' lang='grc' dir='ltr'>ἐποίει.</span> <span class='ocrx_word' id='word_1_532' title='bbox 1383 4078 1448 4132; x_wconf 88' lang='grc' dir='ltr'>Τί</span> <span class='ocrx_word' id='word_1_533' title='bbox 1474 4078 1581 4152; x_wconf 89' lang='grc' dir='ltr'>γάρ</span> <span class='ocrx_word' id='word_1_534' title='bbox 1600 4079 1628 4119; x_wconf 64' lang='grc' dir='ltr'>δ</span> <span class='ocrx_word' id='word_1_535' title='bbox 1660 4081 1769 4152; x_wconf 70' lang='grc' dir='ltr'>χρὴ</span> <span class='ocrx_word' id='word_1_536' title='bbox 1799 4082 1977 4153; x_wconf 86' lang='grc' dir='ltr'>λέγειν</span> <span class='ocrx_word' id='word_1_537' title='bbox 2008 4083 2136 4155; x_wconf 68' lang='grc' dir='ltr'>περὶ</span> 
     </span>
    </p>
   </div>
   <div class='ocr_carea' id='block_1_71' title="bbox 555 4160 2136 4235">
    <p class='ocr_par' dir='ltr' id='par_1_71' title="bbox 555 4160 2136 4235">
     <span class='ocr_line' id='line_1_71' title="bbox 555 4160 2136 4235; baseline 0.002 -17"><span class='ocrx_word' id='word_1_538' title='bbox 555 4166 667 4219; x_wconf 90' lang='grc' dir='ltr'>τῶν</span> <span class='ocrx_word' id='word_1_539' title='bbox 691 4161 1057 4217; x_wconf 80' lang='grc' dir='ltr'>εἰδωλοθύτων</span> <span class='ocrx_word' id='word_1_540' title='bbox 1083 4178 1097 4225; x_wconf 89' lang='grc'><strong>;</strong></span> <span class='ocrx_word' id='word_1_541' title='bbox 1128 4162 1281 4233; x_wconf 83' lang='grc' dir='ltr'>φησί’</span> <span class='ocrx_word' id='word_1_542' title='bbox 1308 4160 1416 4216; x_wconf 87' lang='grc' dir='ltr'>Τοῦ</span> <span class='ocrx_word' id='word_1_543' title='bbox 1443 4162 1552 4235; x_wconf 85' lang='grc' dir='ltr'>γὰρ</span> <span class='ocrx_word' id='word_1_544' title='bbox 1576 4163 1811 4235; x_wconf 80' lang='grc' dir='ltr'>Χριστοῦ</span> <span class='ocrx_word' id='word_1_545' title='bbox 1843 4164 2136 4233; x_wconf 82' lang='grc' dir='ltr'>ἐπιτάξαν-</span> 
     </span>
    </p>
   </div>
   <div class='ocr_carea' id='block_1_72' title="bbox 559 4245 2136 4324">
    <p class='ocr_par' dir='ltr' id='par_1_72' title="bbox 559 4245 2136 4324">
     <span class='ocr_line' id='line_1_72' title="bbox 559 4245 2136 4324; baseline 0.002 -23"><span class='ocrx_word' id='word_1_546' title='bbox 559 4265 648 4311; x_wconf 92' lang='grc' dir='ltr'>τος</span> <span class='ocrx_word' id='word_1_547' title='bbox 684 4249 811 4309; x_wconf 86' lang='grc' dir='ltr'>τοὺς</span> <span class='ocrx_word' id='word_1_548' title='bbox 848 4246 907 4298; x_wconf 87' lang='grc' dir='ltr'>τδ</span> <span class='ocrx_word' id='word_1_549' title='bbox 937 4245 1271 4312; x_wconf 84' lang='grc' dir='ltr'>Εὑαγγέλιον</span> <span class='ocrx_word' id='word_1_550' title='bbox 1309 4245 1673 4314; x_wconf 85' lang='grc' dir='ltr'>κηρύττοντας</span> <span class='ocrx_word' id='word_1_551' title='bbox 1718 4250 1782 4303; x_wconf 81' lang='grc' dir='ltr'>ἐκ</span> <span class='ocrx_word' id='word_1_552' title='bbox 1809 4245 1918 4303; x_wconf 85' lang='grc' dir='ltr'>τῶν</span> <span class='ocrx_word' id='word_1_553' title='bbox 1960 4251 2136 4324; x_wconf 88' lang='grc' dir='ltr'>μαθη-</span> 
     </span>
    </p>
   </div>
   <div class='ocr_carea' id='block_1_73' title="bbox 558 4326 2132 4406">
    <p class='ocr_par' dir='ltr' id='par_1_73' title="bbox 558 4326 2132 4406">
     <span class='ocr_line' id='line_1_73' title="bbox 558 4326 2132 4406; baseline 0.004 -23"><span class='ocrx_word' id='word_1_554' title='bbox 558 4330 864 4399; x_wconf 84' lang='grc' dir='ltr'>τευομένων</span> <span class='ocrx_word' id='word_1_555' title='bbox 887 4329 1007 4399; x_wconf 80' lang='grc' dir='ltr'>ζῇν,</span> <span class='ocrx_word' id='word_1_556' title='bbox 1033 4327 1142 4397; x_wconf 86' lang='grc' dir='ltr'>ἐγὼ</span> <span class='ocrx_word' id='word_1_557' title='bbox 1169 4326 1326 4379; x_wconf 89' lang='grc' dir='ltr'>τοῦτο</span> <span class='ocrx_word' id='word_1_558' title='bbox 1350 4329 1450 4380; x_wconf 81' lang='grc' dir='ltr'>οὐκ</span> <span class='ocrx_word' id='word_1_559' title='bbox 1476 4330 1728 4398; x_wconf 58' lang='grc' dir='ltr'>ἐποίησα</span> <span class='ocrx_word' id='word_1_560' title='bbox 1755 4331 1870 4385; x_wconf 77' lang='grc' dir='ltr'>ἀλλ’</span> <span class='ocrx_word' id='word_1_561' title='bbox 1888 4336 2132 4406; x_wconf 81' lang='grc' dir='ltr'>εἱλόμην,</span> 
     </span>
    </p>
   </div>
   <div class='ocr_carea' id='block_1_74' title="bbox 560 4408 2133 4486">
    <p class='ocr_par' dir='ltr' id='par_1_74' title="bbox 560 4408 2133 4486">
     <span class='ocr_line' id='line_1_74' title="bbox 560 4408 2133 4486; baseline 0.002 -20"><span class='ocrx_word' id='word_1_562' title='bbox 560 4413 615 4466; x_wconf 81' lang='grc' dir='ltr'>εἰ</span> <span class='ocrx_word' id='word_1_563' title='bbox 631 4411 759 4477; x_wconf 85' lang='grc' dir='ltr'>δέοι,</span> <span class='ocrx_word' id='word_1_564' title='bbox 792 4413 885 4465; x_wconf 74' lang='grc' dir='ltr'>καὶ</span> <span class='ocrx_word' id='word_1_565' title='bbox 913 4410 1056 4483; x_wconf 79' lang='grc' dir='ltr'>λιμῷ</span> <span class='ocrx_word' id='word_1_566' title='bbox 1085 4408 1389 4464; x_wconf 87' lang='grc' dir='ltr'>καταλῦσαι</span> <span class='ocrx_word' id='word_1_567' title='bbox 1420 4409 1513 4462; x_wconf 83' lang='grc' dir='ltr'>τὸν</span> <span class='ocrx_word' id='word_1_568' title='bbox 1549 4411 1684 4481; x_wconf 86' lang='grc' dir='ltr'>βίον,</span> <span class='ocrx_word' id='word_1_569' title='bbox 1720 4414 1813 4465; x_wconf 79' lang='grc' dir='ltr'>καί</span> <span class='ocrx_word' id='word_1_570' title='bbox 1846 4416 1936 4468; x_wconf 85' lang='grc' dir='ltr'>τὸν</span> <span class='ocrx_word' id='word_1_571' title='bbox 1972 4419 2133 4486; x_wconf 85' lang='grc' dir='ltr'>χαλε-</span> 
     </span>
    </p>
   </div>
   <div class='ocr_carea' id='block_1_75' title="bbox 561 4493 2138 4569">
    <p class='ocr_par' dir='ltr' id='par_1_75' title="bbox 561 4493 2138 4569">
     <span class='ocr_line' id='line_1_75' title="bbox 561 4493 2138 4569; baseline 0.004 -22"><span class='ocrx_word' id='word_1_572' title='bbox 561 4495 811 4552; x_wconf 81' lang='grc' dir='ltr'>πώτατον</span> <span class='ocrx_word' id='word_1_573' title='bbox 845 4493 1073 4547; x_wconf 88' lang='grc' dir='ltr'>θάνατον</span> <span class='ocrx_word' id='word_1_574' title='bbox 1114 4493 1427 4559; x_wconf 85' lang='grc' dir='ltr'>ἀποθανεῖν,</span> <span class='ocrx_word' id='word_1_575' title='bbox 1471 4493 1612 4547; x_wconf 85' lang='grc' dir='ltr'>ὥστε</span> <span class='ocrx_word' id='word_1_576' title='bbox 1655 4493 1730 4565; x_wconf 91' lang='lat' dir='ltr'>ph</span> <span class='ocrx_word' id='word_1_577' title='bbox 1762 4494 1945 4549; x_wconf 90' lang='grc' dir='ltr'>λαϐεῖν</span> <span class='ocrx_word' id='word_1_578' title='bbox 1988 4501 2138 4569; x_wconf 84' lang='grc' dir='ltr'>παρά</span> 
     </span>
    </p>
   </div>
   <div class='ocr_carea' id='block_1_76' title="bbox 561 4576 2140 4649">
    <p class='ocr_par' dir='ltr' id='par_1_76' title="bbox 561 4576 2140 4649">
     <span class='ocr_line' id='line_1_76' title="bbox 561 4576 2140 4649; baseline -0.001 -15"><span class='ocrx_word' id='word_1_579' title='bbox 561 4578 670 4634; x_wconf 87' lang='grc' dir='ltr'>τῶν</span> <span class='ocrx_word' id='word_1_580' title='bbox 690 4576 1135 4647; x_wconf 83' lang='grc' dir='ltr'>κατηχουμένων·</span> <span class='ocrx_word' id='word_1_581' title='bbox 1166 4577 1265 4630; x_wconf 93' lang='grc' dir='ltr'>οὑκ</span> <span class='ocrx_word' id='word_1_582' title='bbox 1289 4578 1476 4647; x_wconf 82' lang='grc' dir='ltr'>ἐπειδὴ</span> <span class='ocrx_word' id='word_1_583' title='bbox 1506 4577 1952 4643; x_wconf 78' lang='grc' dir='ltr'>σκανδαλίζεσθαι</span> <span class='ocrx_word' id='word_1_584' title='bbox 1979 4580 2140 4649; x_wconf 80' lang='grc' dir='ltr'>ἔμελ-</span> 
     </span>
    </p>
   </div>
   <div class='ocr_carea' id='block_1_77' title="bbox 562 4656 2138 4733">
    <p class='ocr_par' dir='ltr' id='par_1_77' title="bbox 562 4656 2138 4733">
     <span class='ocr_line' id='line_1_77' title="bbox 562 4656 2138 4733; baseline 0.001 -20"><span class='ocrx_word' id='word_1_585' title='bbox 562 4663 673 4722; x_wconf 89' lang='grc' dir='ltr'>λον,</span> <span class='ocrx_word' id='word_1_586' title='bbox 707 4662 756 4713; x_wconf 83' lang='grc' dir='ltr'>εἰ</span> <span class='ocrx_word' id='word_1_587' title='bbox 794 4659 868 4731; x_wconf 80' lang='lat' dir='ltr'><strong>uh</strong></span> <span class='ocrx_word' id='word_1_588' title='bbox 902 4656 1076 4720; x_wconf 82' lang='grc' dir='ltr'>λάϐοι,</span> <span class='ocrx_word' id='word_1_589' title='bbox 1104 4657 1215 4708; x_wconf 84' lang='grc' dir='ltr'>ἀλλ’</span> <span class='ocrx_word' id='word_1_590' title='bbox 1240 4660 1430 4730; x_wconf 76' lang='grc' dir='ltr'>ἐπειδὴ</span> <span class='ocrx_word' id='word_1_591' title='bbox 1448 4661 1867 4732; x_wconf 88' lang='grc' dir='ltr'>οἰκοδομεῖσθαι,</span> <span class='ocrx_word' id='word_1_592' title='bbox 1902 4663 1929 4715; x_wconf 97' lang='lat'>6</span> <span class='ocrx_word' id='word_1_593' title='bbox 1958 4663 2138 4733; x_wconf 88' lang='grc' dir='ltr'>πολλῷ</span> 
     </span>
    </p>
   </div>
   <div class='ocr_carea' id='block_1_78' title="bbox 562 4738 2139 4818">
    <p class='ocr_par' dir='ltr' id='par_1_78' title="bbox 562 4738 2139 4818">
     <span class='ocr_line' id='line_1_78' title="bbox 562 4738 2139 4818; baseline 0.004 -22"><span class='ocrx_word' id='word_1_594' title='bbox 562 4744 726 4796; x_wconf 80' lang='grc' dir='ltr'>πλέον</span> <span class='ocrx_word' id='word_1_595' title='bbox 775 4739 862 4813; x_wconf 74' lang='grc' dir='ltr'>ἧν.</span> <span class='ocrx_word' id='word_1_596' title='bbox 900 4739 1013 4795; x_wconf 66' lang='lat' dir='ltr'>Ka‘t</span> <span class='ocrx_word' id='word_1_597' title='bbox 1053 4738 1245 4793; x_wconf 90' lang='grc' dir='ltr'>τούτου</span> <span class='ocrx_word' id='word_1_598' title='bbox 1293 4741 1572 4812; x_wconf 88' lang='grc' dir='ltr'>μάρτυρας</span> <span class='ocrx_word' id='word_1_599' title='bbox 1615 4746 1813 4810; x_wconf 81' lang='grc' dir='ltr'>αὑτοὺς</span> <span class='ocrx_word' id='word_1_600' title='bbox 1848 4748 1928 4810; x_wconf 86' lang='grc' dir='ltr'>είς</span> <span class='ocrx_word' id='word_1_601' title='bbox 1974 4748 2139 4818; x_wconf 82' lang='grc' dir='ltr'>μέσον</span> 
     </span>
    </p>
   </div>
   <div class='ocr_carea' id='block_1_79' title="bbox 550 4818 2139 4904">
    <p class='ocr_par' dir='ltr' id='par_1_79' title="bbox 550 4818 2139 4904">
     <span class='ocr_line' id='line_1_79' title="bbox 550 4818 2139 4904; baseline 0.006 -26"><span class='ocrx_word' id='word_1_602' title='bbox 550 4828 829 4897; x_wconf 54' lang='grc' dir='ltr'>παράγει,</span> <span class='ocrx_word' id='word_1_603' title='bbox 882 4823 1014 4896; x_wconf 73' lang='grc' dir='ltr'>παρ’</span> <span class='ocrx_word' id='word_1_604' title='bbox 1060 4818 1140 4887; x_wconf 73' lang='grc' dir='ltr'>οἷς</span> <span class='ocrx_word' id='word_1_605' title='bbox 1184 4822 1279 4876; x_wconf 76' lang='grc' dir='ltr'>καὶ</span> <span class='ocrx_word' id='word_1_606' title='bbox 1327 4824 1694 4895; x_wconf 73' lang='grc' dir='ltr'>ἐργαζόμενος</span> <span class='ocrx_word' id='word_1_607' title='bbox 1732 4832 1823 4883; x_wconf 73' lang='grc' dir='ltr'>καὶ</span> <span class='ocrx_word' id='word_1_608' title='bbox 1854 4831 2139 4904; x_wconf 83' lang='grc' dir='ltr'>λιμώττων</span> 
     </span>
    </p>
   </div>
   <div class='ocr_carea' id='block_1_80' title="bbox 564 4906 2141 4988">
    <p class='ocr_par' dir='ltr' id='par_1_80' title="bbox 564 4906 2141 4988">
     <span class='ocr_line' id='line_1_80' title="bbox 564 4906 2141 4988; baseline -0.003 -26"><span class='ocrx_word' id='word_1_609' title='bbox 564 4907 685 4978; x_wconf 82' lang='grc' dir='ltr'>ἔζη,</span> <span class='ocrx_word' id='word_1_610' title='bbox 722 4909 813 4962; x_wconf 73' lang='grc' dir='ltr'>καὶ</span> <span class='ocrx_word' id='word_1_611' title='bbox 845 4909 974 4979; x_wconf 82' lang='grc' dir='ltr'>παρ’</span> <span class='ocrx_word' id='word_1_612' title='bbox 1005 4906 1206 4977; x_wconf 86' lang='grc' dir='ltr'>ἐτέρων</span> <span class='ocrx_word' id='word_1_613' title='bbox 1247 4907 1600 4978; x_wconf 83' lang='grc' dir='ltr'>τρεφόμενος,</span> <span class='ocrx_word' id='word_1_614' title='bbox 1638 4911 1731 4963; x_wconf 75' lang='grc' dir='ltr'>καὶ</span> <span class='ocrx_word' id='word_1_615' title='bbox 1776 4915 2141 4988; x_wconf 81' lang='grc' dir='ltr'>στενοχωρού-</span> 
     </span>
    </p>
   </div>
   <div class='ocr_carea' id='block_1_81' title="bbox 560 4988 2138 5071">
    <p class='ocr_par' dir='ltr' id='par_1_81' title="bbox 560 4988 2138 5071">
     <span class='ocr_line' id='line_1_81' title="bbox 560 4988 2138 5071; baseline 0.008 -30"><span class='ocrx_word' id='word_1_616' title='bbox 560 5008 751 5064; x_wconf 80' lang='grc' dir='ltr'>μενος,</span> <span class='ocrx_word' id='word_1_617' title='bbox 789 4988 928 5071; x_wconf 81' lang='grc' dir='ltr'>ὥστε</span> <span class='ocrx_word' id='word_1_618' title='bbox 959 4988 1034 5059; x_wconf 86' lang='lat' dir='ltr'>ph</span> <span class='ocrx_word' id='word_1_619' title='bbox 1071 4988 1431 5071; x_wconf 46' lang='lat' dir='ltr'>oxav6alidag</span> <span class='ocrx_word' id='word_1_620' title='bbox 1456 4991 1671 5056; x_wconf 79' lang='grc' dir='ltr'>αὐτούς’</span> <span class='ocrx_word' id='word_1_621' title='bbox 1705 4997 1884 5050; x_wconf 81' lang='grc' dir='ltr'>καίτοι</span> <span class='ocrx_word' id='word_1_622' title='bbox 1912 5015 1976 5066; x_wconf 92' lang='grc' dir='ltr'>γε</span> <span class='ocrx_word' id='word_1_623' title='bbox 2015 5000 2138 5071; x_wconf 83' lang='grc' dir='ltr'>εἰκῆ</span> 
     </span>
    </p>
   </div>
   <div class='ocr_carea' id='block_1_82' title="bbox 564 5069 2141 5155">
    <p class='ocr_par' dir='ltr' id='par_1_82' title="bbox 564 5069 2141 5155">
     <span class='ocr_line' id='line_1_82' title="bbox 564 5069 2141 5155; baseline 0.006 -27"><span class='ocrx_word' id='word_1_624' title='bbox 564 5069 1029 5137; x_wconf 79' lang='grc' dir='ltr'>ἐσκανδαλίζοντο’</span> <span class='ocrx_word' id='word_1_625' title='bbox 1054 5071 1218 5155; x_wconf 77' lang='grc' dir='ltr'>νόμον</span> <span class='ocrx_word' id='word_1_626' title='bbox 1242 5073 1350 5147; x_wconf 83' lang='grc' dir='ltr'>γάρ</span> <span class='ocrx_word' id='word_1_627' title='bbox 1376 5070 1528 5139; x_wconf 73' lang='grc' dir='ltr'>οὗτος</span> <span class='ocrx_word' id='word_1_628' title='bbox 1555 5074 1791 5147; x_wconf 76' lang='grc' dir='ltr'>ἐπλήρου</span> <span class='ocrx_word' id='word_1_629' title='bbox 1812 5094 1825 5109; x_wconf 82' lang='lat'><strong><em>°</em></strong></span> <span class='ocrx_word' id='word_1_630' title='bbox 1853 5081 1967 5133; x_wconf 84' lang='grc' dir='ltr'>ἀλλ’</span> <span class='ocrx_word' id='word_1_631' title='bbox 1991 5069 2141 5155; x_wconf 83' lang='grc' dir='ltr'>ὅμως</span> 
     </span>
    </p>
   </div>
   <div class='ocr_carea' id='block_1_83' title="bbox 564 5154 2141 5239">
    <p class='ocr_par' dir='ltr' id='par_1_83' title="bbox 564 5154 2141 5239">
     <span class='ocr_line' id='line_1_83' title="bbox 564 5154 2141 5239; baseline 0.006 -28"><span class='ocrx_word' id='word_1_632' title='bbox 564 5161 632 5212; x_wconf 76' lang='grc' dir='ltr'>ἐκ</span> <span class='ocrx_word' id='word_1_633' title='bbox 660 5157 975 5239; x_wconf 85' lang='grc' dir='ltr'>περιουσίας</span> <span class='ocrx_word' id='word_1_634' title='bbox 1004 5154 1185 5239; x_wconf 65' lang='grc' dir='ltr'>αὐτῶν</span> <span class='ocrx_word' id='word_1_635' title='bbox 1216 5157 1475 5239; x_wconf 80' lang='grc' dir='ltr'>ἐφείδετο.</span> <span class='ocrx_word' id='word_1_636' title='bbox 1504 5159 1569 5213; x_wconf 74' lang='lat' dir='ltr'>El</span> <span class='ocrx_word' id='word_1_637' title='bbox 1602 5158 1659 5213; x_wconf 81' lang='grc' dir='ltr'>δὲ</span> <span class='ocrx_word' id='word_1_638' title='bbox 1686 5161 1827 5233; x_wconf 83' lang='grc' dir='ltr'>ὑπὲρ</span> <span class='ocrx_word' id='word_1_639' title='bbox 1855 5163 1946 5217; x_wconf 80' lang='grc' dir='ltr'>τὸν</span> <span class='ocrx_word' id='word_1_640' title='bbox 1977 5154 2141 5239; x_wconf 82' lang='grc' dir='ltr'>νόμον</span> 
     </span>
    </p>
   </div>
   <div class='ocr_carea' id='block_1_84' title="bbox 566 5238 2143 5311">
    <p class='ocr_par' dir='ltr' id='par_1_84' title="bbox 566 5238 2143 5311">
     <span class='ocr_line' id='line_1_84' title="bbox 566 5238 2143 5311; baseline 0.008 -20"><span class='ocrx_word' id='word_1_641' title='bbox 566 5239 825 5310; x_wconf 73' lang='grc' dir='ltr'>εποίησεν</span> <span class='ocrx_word' id='word_1_642' title='bbox 853 5238 1035 5303; x_wconf 79' lang='grc' dir='ltr'>αὑτὸς,</span> <span class='ocrx_word' id='word_1_643' title='bbox 1064 5238 1152 5293; x_wconf 86' lang='grc' dir='ltr'>ῖνα</span> <span class='ocrx_word' id='word_1_644' title='bbox 1178 5238 1256 5311; x_wconf 83' lang='grc' dir='ltr'>μὴ</span> <span class='ocrx_word' id='word_1_645' title='bbox 1286 5241 1736 5308; x_wconf 65' lang='grc' dir='ltr'>πανδαλισθῶσι,</span> <span class='ocrx_word' id='word_1_646' title='bbox 1764 5245 1859 5299; x_wconf 79' lang='grc' dir='ltr'>καί</span> <span class='ocrx_word' id='word_1_647' title='bbox 1884 5246 1990 5302; x_wconf 87' lang='grc' dir='ltr'>τῶν</span> <span class='ocrx_word' id='word_1_648' title='bbox 2019 5238 2143 5302; x_wconf 83' lang='grc' dir='ltr'>ἐπι-</span> 
     </span>
    </p>
   </div>
   <div class='ocr_carea' id='block_1_85' title="bbox 561 5312 2144 5402">
    <p class='ocr_par' dir='ltr' id='par_1_85' title="bbox 561 5312 2144 5402">
     <span class='ocr_line' id='line_1_85' title="bbox 561 5312 2144 5402; baseline 0.008 -26"><span class='ocrx_word' id='word_1_649' title='bbox 561 5312 961 5394; x_wconf 64' lang='grc' dir='ltr'>’τετραμμέτων</span> <span class='ocrx_word' id='word_1_650' title='bbox 996 5322 1257 5399; x_wconf 83' lang='grc' dir='ltr'>ἀπείχετο</span> <span class='ocrx_word' id='word_1_651' title='bbox 1285 5326 1364 5388; x_wconf 84' lang='grc' dir='ltr'>εἰς</span> <span class='ocrx_word' id='word_1_652' title='bbox 1398 5326 1689 5397; x_wconf 80' lang='grc' dir='ltr'>οἰκοδομὴν</span> <span class='ocrx_word' id='word_1_653' title='bbox 1723 5330 1959 5402; x_wconf 85' lang='grc' dir='ltr'>ἐτέρων,</span> <span class='ocrx_word' id='word_1_654' title='bbox 1998 5335 2144 5399; x_wconf 81' lang='grc' dir='ltr'>τίνος</span> 
     </span>
    </p>
   </div>
   <div class='ocr_carea' id='block_1_86' title="bbox 566 5402 2143 5488">
    <p class='ocr_par' dir='ltr' id='par_1_86' title="bbox 566 5402 2143 5488">
     <span class='ocr_line' id='line_1_86' title="bbox 566 5402 2143 5488; baseline 0.004 -28"><span class='ocrx_word' id='word_1_655' title='bbox 566 5406 634 5460; x_wconf 70' lang='grc' dir='ltr'>ἣν</span> <span class='ocrx_word' id='word_1_656' title='bbox 664 5402 775 5460; x_wconf 76' lang='grc' dir='ltr'>εἶεν</span> <span class='ocrx_word' id='word_1_657' title='bbox 805 5405 944 5471; x_wconf 83' lang='grc' dir='ltr'>ἄξιοι</span> <span class='ocrx_word' id='word_1_658' title='bbox 965 5404 1109 5461; x_wconf 80' lang='grc' dir='ltr'>οὑτοι</span> <span class='ocrx_word' id='word_1_659' title='bbox 1137 5409 1187 5460; x_wconf 87' lang='grc' dir='ltr'>οί</span> <span class='ocrx_word' id='word_1_660' title='bbox 1220 5406 1329 5461; x_wconf 89' lang='grc' dir='ltr'>τῶν</span> <span class='ocrx_word' id='word_1_661' title='bbox 1358 5408 1721 5465; x_wconf 85' lang='grc' dir='ltr'>εἰδωλοθύτων</span> <span class='ocrx_word' id='word_1_662' title='bbox 1755 5412 1831 5484; x_wconf 81' lang='lat' dir='ltr'>ph</span> <span class='ocrx_word' id='word_1_663' title='bbox 1866 5413 2143 5488; x_wconf 85' lang='grc' dir='ltr'>ἀπεχόμε-</span> 
     </span>
    </p>
   </div>
   <div class='ocr_carea' id='block_1_87' title="bbox 566 5489 2145 5569">
    <p class='ocr_par' dir='ltr' id='par_1_87' title="bbox 566 5489 2145 5569">
     <span class='ocr_line' id='line_1_87' title="bbox 566 5489 2145 5569; baseline 0.009 -28"><span class='ocrx_word' id='word_1_664' title='bbox 566 5507 670 5552; x_wconf 89' lang='grc' dir='ltr'>νοι,</span> <span class='ocrx_word' id='word_1_665' title='bbox 706 5492 801 5544; x_wconf 73' lang='grc' dir='ltr'>καὶ</span> <span class='ocrx_word' id='word_1_666' title='bbox 828 5489 999 5543; x_wconf 92' lang='grc' dir='ltr'>ταῦτα</span> <span class='ocrx_word' id='word_1_667' title='bbox 1029 5490 1239 5544; x_wconf 85' lang='grc' dir='ltr'>πολλῶν</span> <span class='ocrx_word' id='word_1_668' title='bbox 1266 5491 1517 5546; x_wconf 82' lang='grc' dir='ltr'>ἐντεῦθεν</span> <span class='ocrx_word' id='word_1_669' title='bbox 1547 5495 1955 5569; x_wconf 80' lang='grc' dir='ltr'>ἀπολλυμένων,</span> <span class='ocrx_word' id='word_1_670' title='bbox 1986 5502 2015 5554; x_wconf 91' lang='lat'>6</span> <span class='ocrx_word' id='word_1_671' title='bbox 2048 5502 2145 5557; x_wconf 80' lang='grc' dir='ltr'>καὶ</span> 
     </span>
    </p>
   </div>
   <div class='ocr_carea' id='block_1_88' title="bbox 568 5572 2147 5655">
    <p class='ocr_par' dir='ltr' id='par_1_88' title="bbox 568 5572 2147 5655">
     <span class='ocr_line' id='line_1_88' title="bbox 568 5572 2147 5655; baseline 0.009 -31"><span class='ocrx_word' id='word_1_672' title='bbox 568 5572 737 5644; x_wconf 74' lang='grc' dir='ltr'>χωρὶς</span> <span class='ocrx_word' id='word_1_673' title='bbox 763 5572 855 5625; x_wconf 91' lang='grc' dir='ltr'>τοῦ</span> <span class='ocrx_word' id='word_1_674' title='bbox 896 5572 1194 5627; x_wconf 84' lang='grc' dir='ltr'>σκανδάλου</span> <span class='ocrx_word' id='word_1_675' title='bbox 1229 5578 1420 5646; x_wconf 87' lang='grc' dir='ltr'>φυγεῖν</span> <span class='ocrx_word' id='word_1_676' title='bbox 1453 5576 1561 5630; x_wconf 83' lang='grc' dir='ltr'>ἔδει</span> <span class='ocrx_word' id='word_1_677' title='bbox 1590 5577 1678 5633; x_wconf 86' lang='grc' dir='ltr'>διὰ</span> <span class='ocrx_word' id='word_1_678' title='bbox 1720 5581 1781 5635; x_wconf 85' lang='grc' dir='ltr'>τὸ</span> <span class='ocrx_word' id='word_1_679' title='bbox 1812 5580 1920 5637; x_wconf 91' lang='grc' dir='ltr'>τῶν</span> <span class='ocrx_word' id='word_1_680' title='bbox 1955 5583 2147 5655; x_wconf 71' lang='grc' dir='ltr'>δαιμόο</span> 
     </span>
    </p>
   </div>
   <div class='ocr_carea' id='block_1_89' title="bbox 630 5704 2141 5782">
    <p class='ocr_par' dir='ltr' id='par_1_89' title="bbox 630 5704 2141 5782">
     <span class='ocr_line' id='line_1_89' title="bbox 630 5704 2141 5782; baseline 0.015 -33"><span class='ocrx_word' id='word_1_681' title='bbox 630 5704 755 5782; x_wconf 40' lang='lat' dir='ltr'>illa.</span> <span class='ocrx_word' id='word_1_682' title='bbox 780 5704 900 5782; x_wconf 59' lang='lat' dir='ltr'>39g.</span> <span class='ocrx_word' id='word_1_683' title='bbox 924 5706 1068 5782; x_wconf 57' lang='grc' dir='ltr'>δοες.</span> <span class='ocrx_word' id='word_1_684' title='bbox 1092 5708 1150 5757; x_wconf 79' lang='lat' dir='ltr'><strong>In</strong></span> <span class='ocrx_word' id='word_1_685' title='bbox 1170 5709 1329 5782; x_wconf 45' lang='lat' dir='ltr'>[Mittis</span> <span class='ocrx_word' id='word_1_686' title='bbox 1358 5711 1473 5782; x_wconf 76' lang='grc' dir='ltr'>ὅπερ</span> <span class='ocrx_word' id='word_1_687' title='bbox 1491 5712 1652 5782; x_wconf 40' lang='lat' dir='ltr'><strong>(gest.</strong></span> <span class='ocrx_word' id='word_1_688' title='bbox 1701 5714 1847 5782; x_wconf 13' lang='grc' dir='ltr'>διιεῖ</span> <span class='ocrx_word' id='word_1_689' title='bbox 1863 5715 1986 5782; x_wconf 76' lang='lat' dir='ltr'>Reg.</span> <span class='ocrx_word' id='word_1_690' title='bbox 2008 5720 2141 5772; x_wconf 81' lang='lat' dir='ltr'><strong>Editi</strong></span> 
     </span>
    </p>
   </div>
   <div class='ocr_carea' id='block_1_90' title="bbox 571 5764 2141 5844">
    <p class='ocr_par' dir='ltr' id='par_1_90' title="bbox 571 5764 2141 5844">
     <span class='ocr_line' id='line_1_90' title="bbox 571 5764 2141 5844; baseline 0.014 -32"><span class='ocrx_word' id='word_1_691' title='bbox 571 5778 704 5844; x_wconf 53' lang='grc' dir='ltr'>νοτε),</span> <span class='ocrx_word' id='word_1_692' title='bbox 720 5764 951 5844; x_wconf 46' lang='grc' dir='ltr'>ἐπείχετο</span> <span class='ocrx_word' id='word_1_693' title='bbox 969 5770 1085 5833; x_wconf 74' lang='grc' dir='ltr'>ὑπὲρ</span> <span class='ocrx_word' id='word_1_694' title='bbox 1117 5770 1202 5844; x_wconf 71' lang='grc' dir='ltr'>τοῦ</span> <span class='ocrx_word' id='word_1_695' title='bbox 1228 5774 1293 5844; x_wconf 78' lang='grc' dir='ltr'>μή</span> <span class='ocrx_word' id='word_1_696' title='bbox 1324 5764 1670 5844; x_wconf 46' lang='lat' dir='ltr'>Wagn;</span> <span class='ocrx_word' id='word_1_697' title='bbox 1692 5764 2141 5841; x_wconf 13' lang='lat' dir='ltr'>ﬁﬁ’ﬁhﬁvfii-ﬂa</span> 
     </span>
    </p>
   </div>
   <div class='ocr_carea' id='block_1_91' title="bbox 571 5828 1717 5901">
    <p class='ocr_par' dir='ltr' id='par_1_91' title="bbox 571 5828 1717 5901">
     <span class='ocr_line' id='line_1_91' title="bbox 571 5828 1717 5901; baseline 0.01 -26"><span class='ocrx_word' id='word_1_698' title='bbox 571 5828 747 5877; x_wconf 77' lang='grc' dir='ltr'>πολλοῦ</span> <span class='ocrx_word' id='word_1_699' title='bbox 780 5828 864 5878; x_wconf 72' lang='grc' dir='ltr'>τοῦ</span> <span class='ocrx_word' id='word_1_700' title='bbox 888 5829 1030 5879; x_wconf 82' lang='grc' dir='ltr'>πόνον</span> <span class='ocrx_word' id='word_1_701' title='bbox 1052 5828 1131 5881; x_wconf 68' lang='grc' dir='ltr'>καὶ</span> <span class='ocrx_word' id='word_1_702' title='bbox 1171 5828 1256 5883; x_wconf 83' lang='grc' dir='ltr'>τοῦ</span> <span class='ocrx_word' id='word_1_703' title='bbox 1278 5828 1506 5885; x_wconf 75' lang='grc' dir='ltr'>κινδύνου.</span> <span class='ocrx_word' id='word_1_704' title='bbox 1535 5836 1591 5885; x_wconf 87' lang='grc' dir='ltr'>Τί</span> <span class='ocrx_word' id='word_1_705' title='bbox 1615 5836 1717 5901; x_wconf 76' lang='grc' dir='ltr'>γάρ.</span> 
     </span>
    </p>
   </div>
   <div class='ocr_carea' id='block_1_92' title="bbox 2226 2581 3813 2658">
    <p class='ocr_par' dir='ltr' id='par_1_92' title="bbox 2226 2581 3813 2658">
     <span class='ocr_line' id='line_1_92' title="bbox 2226 2581 3813 2658; baseline 0.003 -19"><span class='ocrx_word' id='word_1_706' title='bbox 2226 2603 2333 2640; x_wconf 89' lang='grc' dir='ltr'>νων</span> <span class='ocrx_word' id='word_1_707' title='bbox 2354 2581 2494 2641; x_wconf 73' lang='grc' dir='ltr'>εἶναι</span> <span class='ocrx_word' id='word_1_708' title='bbox 2520 2587 2620 2658; x_wconf 81' lang='grc' dir='ltr'>τὴν</span> <span class='ocrx_word' id='word_1_709' title='bbox 2647 2585 2930 2657; x_wconf 74' lang='grc' dir='ltr'>τράπεζαν</span> <span class='ocrx_word' id='word_1_710' title='bbox 2954 2604 2968 2653; x_wconf 89' lang='lat'>;</span> <span class='ocrx_word' id='word_1_711' title='bbox 2995 2587 3070 2641; x_wconf 83' lang='lat' dir='ltr'><strong><em>T6</em></strong></span> <span class='ocrx_word' id='word_1_712' title='bbox 3100 2586 3200 2657; x_wconf 85' lang='grc' dir='ltr'>μὲν</span> <span class='ocrx_word' id='word_1_713' title='bbox 3224 2581 3317 2641; x_wconf 82' lang='grc' dir='ltr'>οῦν</span> <span class='ocrx_word' id='word_1_714' title='bbox 3344 2585 3637 2656; x_wconf 83' lang='grc' dir='ltr'>κεφάλαιον</span> <span class='ocrx_word' id='word_1_715' title='bbox 3662 2586 3813 2643; x_wconf 69' lang='grc' dir='ltr'>ἅπαν</span> 
     </span>
    </p>
   </div>
   <div class='ocr_carea' id='block_1_93' title="bbox 2225 2670 3809 2743">
    <p class='ocr_par' dir='ltr' id='par_1_93' title="bbox 2225 2670 3809 2743">
     <span class='ocr_line' id='line_1_93' title="bbox 2225 2670 3809 2743; baseline 0.001 -20"><span class='ocrx_word' id='word_1_716' title='bbox 2225 2670 2385 2724; x_wconf 88' lang='grc' dir='ltr'>τοῦτό</span> <span class='ocrx_word' id='word_1_717' title='bbox 2416 2673 2586 2736; x_wconf 86' lang='grc' dir='ltr'>ἐστιν,</span> <span class='ocrx_word' id='word_1_718' title='bbox 2618 2672 2646 2725; x_wconf 92' lang='lat'>6</span> <span class='ocrx_word' id='word_1_719' title='bbox 2673 2670 2763 2726; x_wconf 89' lang='grc' dir='ltr'>διά</span> <span class='ocrx_word' id='word_1_720' title='bbox 2793 2671 3005 2725; x_wconf 83' lang='grc' dir='ltr'>πολλῶν</span> <span class='ocrx_word' id='word_1_721' title='bbox 3038 2671 3334 2743; x_wconf 75' lang='grc' dir='ltr'>ἐργάζεται</span> <span class='ocrx_word' id='word_1_722' title='bbox 3380 2671 3595 2742; x_wconf 87' lang='grc' dir='ltr'>στίχων.</span> <span class='ocrx_word' id='word_1_723' title='bbox 3630 2674 3725 2725; x_wconf 87' lang='grc' dir='ltr'>Δεῖ</span> <span class='ocrx_word' id='word_1_724' title='bbox 3748 2672 3809 2725; x_wconf 71' lang='grc' dir='ltr'>δὲ</span> 
     </span>
    </p>
   </div>
   <div class='ocr_carea' id='block_1_94' title="bbox 2228 2754 3810 2827">
    <p class='ocr_par' dir='ltr' id='par_1_94' title="bbox 2228 2754 3810 2827">
     <span class='ocr_line' id='line_1_94' title="bbox 2228 2754 3810 2827; baseline 0 -19"><span class='ocrx_word' id='word_1_725' title='bbox 2228 2754 2436 2808; x_wconf 77' lang='grc' dir='ltr'>ἄνωθεν</span> <span class='ocrx_word' id='word_1_726' title='bbox 2466 2754 2780 2819; x_wconf 74' lang='grc' dir='ltr'>ἐπεξελθεῖν</span> <span class='ocrx_word' id='word_1_727' title='bbox 2814 2758 2928 2819; x_wconf 88' lang='grc' dir='ltr'>τοῖς</span> <span class='ocrx_word' id='word_1_728' title='bbox 2960 2754 3365 2827; x_wconf 82' lang='grc' dir='ltr'>προκειμένοις.</span> <span class='ocrx_word' id='word_1_729' title='bbox 3399 2755 3535 2809; x_wconf 81' lang='grc' dir='ltr'>Οὑδέ</span> <span class='ocrx_word' id='word_1_730' title='bbox 3565 2754 3674 2825; x_wconf 81' lang='grc' dir='ltr'>γάρ</span> <span class='ocrx_word' id='word_1_731' title='bbox 3709 2772 3810 2808; x_wconf 87' lang='grc' dir='ltr'>σα-</span> 
     </span>
    </p>
   </div>
   <div class='ocr_carea' id='block_1_95' title="bbox 2228 2831 3813 2909">
    <p class='ocr_par' dir='ltr' id='par_1_95' title="bbox 2228 2831 3813 2909">
     <span class='ocr_line' id='line_1_95' title="bbox 2228 2831 3813 2909; baseline -0.001 -18"><span class='ocrx_word' id='word_1_732' title='bbox 2228 2837 2345 2906; x_wconf 84' lang='grc' dir='ltr'>φῶς</span> <span class='ocrx_word' id='word_1_733' title='bbox 2373 2838 2507 2892; x_wconf 79' lang='grc' dir='ltr'>αὐτὸ</span> <span class='ocrx_word' id='word_1_734' title='bbox 2530 2837 2725 2903; x_wconf 75' lang='grc' dir='ltr'>οὕτως,</span> <span class='ocrx_word' id='word_1_735' title='bbox 2751 2839 2942 2909; x_wconf 85' lang='grc' dir='ltr'>ὥσπερ</span> <span class='ocrx_word' id='word_1_736' title='bbox 2976 2831 3149 2903; x_wconf 78' lang='grc' dir='ltr'>εἷπον,</span> <span class='ocrx_word' id='word_1_737' title='bbox 3170 2838 3437 2903; x_wconf 85' lang='grc' dir='ltr'>τέθεικεν,</span> <span class='ocrx_word' id='word_1_738' title='bbox 3459 2836 3580 2889; x_wconf 85' lang='grc' dir='ltr'>ούδέ</span> <span class='ocrx_word' id='word_1_739' title='bbox 3604 2836 3813 2900; x_wconf 82' lang='grc' dir='ltr'>εὐθέως</span> 
     </span>
    </p>
   </div>
   <div class='ocr_carea' id='block_1_96' title="bbox 2228 2919 3811 2993">
    <p class='ocr_par' dir='ltr' id='par_1_96' title="bbox 2228 2919 3811 2993">
     <span class='ocr_line' id='line_1_96' title="bbox 2228 2919 3811 2993; baseline 0.001 -20"><span class='ocrx_word' id='word_1_740' title='bbox 2228 2919 2377 2991; x_wconf 85' lang='grc' dir='ltr'>αὑτῷ</span> <span class='ocrx_word' id='word_1_741' title='bbox 2397 2920 2662 2993; x_wconf 78' lang='grc' dir='ltr'>ἐπιπηδᾷ,</span> <span class='ocrx_word' id='word_1_742' title='bbox 2694 2921 2808 2975; x_wconf 83' lang='grc' dir='ltr'>ἀλλ’</span> <span class='ocrx_word' id='word_1_743' title='bbox 2840 2919 3107 2993; x_wconf 78' lang='grc' dir='ltr'>ἑτέρωθεν</span> <span class='ocrx_word' id='word_1_744' title='bbox 3131 2920 3421 2992; x_wconf 71' lang='grc' dir='ltr'>ἀρχεταισ,</span> <span class='ocrx_word' id='word_1_745' title='bbox 3449 2919 3591 2973; x_wconf 80' lang='grc' dir='ltr'>οὑτω</span> <span class='ocrx_word' id='word_1_746' title='bbox 3611 2920 3811 2990; x_wconf 87' lang='grc' dir='ltr'>λέγων·</span> 
     </span>
    </p>
   </div>
   <div class='ocr_carea' id='block_1_97' title="bbox 2233 3000 3817 3074">
    <p class='ocr_par' dir='ltr' id='par_1_97' title="bbox 2233 3000 3817 3074">
     <span class='ocr_line' id='line_1_97' title="bbox 2233 3000 3817 3074; baseline -0.001 -17"><span class='ocrx_word' id='word_1_747' title='bbox 2233 3005 2355 3058; x_wconf 83' lang='grc' dir='ltr'>Οὐκ</span> <span class='ocrx_word' id='word_1_748' title='bbox 2384 3003 2500 3073; x_wconf 71' lang='grc' dir='ltr'>ειμι</span> <span class='ocrx_word' id='word_1_749' title='bbox 2525 3005 2910 3071; x_wconf 73' lang='grc' dir='ltr'>ἁπόστολος;</span> <span class='ocrx_word' id='word_1_750' title='bbox 2938 3002 3093 3057; x_wconf 78' lang='grc' dir='ltr'>Μετά</span> <span class='ocrx_word' id='word_1_751' title='bbox 3118 3004 3227 3074; x_wconf 90' lang='grc' dir='ltr'>γάρ</span> <span class='ocrx_word' id='word_1_752' title='bbox 3257 3003 3367 3056; x_wconf 85' lang='grc' dir='ltr'>τῶν</span> <span class='ocrx_word' id='word_1_753' title='bbox 3392 3000 3698 3074; x_wconf 79' lang='grc' dir='ltr'>εἰρημένων</span> <span class='ocrx_word' id='word_1_754' title='bbox 3719 3002 3817 3056; x_wconf 72' lang='grc' dir='ltr'>καὶ</span> 
     </span>
    </p>
   </div>
   <div class='ocr_carea' id='block_1_98' title="bbox 2230 3081 3816 3160">
    <p class='ocr_par' dir='ltr' id='par_1_98' title="bbox 2230 3081 3816 3160">
     <span class='ocr_line' id='line_1_98' title="bbox 2230 3081 3816 3160; baseline 0 -21"><span class='ocrx_word' id='word_1_755' title='bbox 2230 3085 2371 3160; x_wconf 83' lang='grc' dir='ltr'>αῦτη</span> <span class='ocrx_word' id='word_1_756' title='bbox 2416 3088 2477 3141; x_wconf 90' lang='grc' dir='ltr'>οὑ</span> <span class='ocrx_word' id='word_1_757' title='bbox 2518 3087 2694 3158; x_wconf 85' lang='grc' dir='ltr'>μικρὰ</span> <span class='ocrx_word' id='word_1_758' title='bbox 2723 3087 2991 3159; x_wconf 83' lang='grc' dir='ltr'>διαφορὰ,</span> <span class='ocrx_word' id='word_1_759' title='bbox 3021 3086 3086 3140; x_wconf 81' lang='grc' dir='ltr'>τὸ</span> <span class='ocrx_word' id='word_1_760' title='bbox 3128 3086 3225 3140; x_wconf 74' lang='grc' dir='ltr'>καὶ</span> <span class='ocrx_word' id='word_1_761' title='bbox 3274 3084 3489 3140; x_wconf 88' lang='grc' dir='ltr'>Παῦλον</span> <span class='ocrx_word' id='word_1_762' title='bbox 3534 3081 3675 3139; x_wconf 72' lang='grc' dir='ltr'>εἶναι</span> <span class='ocrx_word' id='word_1_763' title='bbox 3721 3086 3816 3139; x_wconf 79' lang='grc' dir='ltr'>τὸν</span> 
     </span>
    </p>
   </div>
   <div class='ocr_carea' id='block_1_99' title="bbox 2230 3168 3815 3243">
    <p class='ocr_par' dir='ltr' id='par_1_99' title="bbox 2230 3168 3815 3243">
     <span class='ocr_line' id='line_1_99' title="bbox 2230 3168 3815 3243; baseline -0.002 -20"><span class='ocrx_word' id='word_1_764' title='bbox 2230 3169 2403 3223; x_wconf 88' lang='grc' dir='ltr'>ταῦτα</span> <span class='ocrx_word' id='word_1_765' title='bbox 2437 3171 2714 3225; x_wconf 86' lang='grc' dir='ltr'>ποιοῦντα.</span> <span class='ocrx_word' id='word_1_766' title='bbox 2739 3172 2859 3224; x_wconf 85' lang='grc' dir='ltr'>Ἵνα</span> <span class='ocrx_word' id='word_1_767' title='bbox 2891 3169 3000 3243; x_wconf 86' lang='grc' dir='ltr'>γὰρ</span> <span class='ocrx_word' id='word_1_768' title='bbox 3032 3169 3108 3240; x_wconf 87' lang='lat' dir='ltr'>ph</span> <span class='ocrx_word' id='word_1_769' title='bbox 3136 3168 3371 3238; x_wconf 85' lang='grc' dir='ltr'>λέγωσιν</span> <span class='ocrx_word' id='word_1_770' title='bbox 3392 3210 3407 3235; x_wconf 94' lang='grc'>,</span> <span class='ocrx_word' id='word_1_771' title='bbox 3435 3169 3518 3222; x_wconf 83' lang='grc' dir='ltr'>δτι</span> <span class='ocrx_word' id='word_1_772' title='bbox 3562 3168 3815 3231; x_wconf 80' lang='grc' dir='ltr'>Ἔξεστιν</span> 
     </span>
    </p>
   </div>
   <div class='ocr_carea' id='block_1_100' title="bbox 2231 3250 3821 3324">
    <p class='ocr_par' dir='ltr' id='par_1_100' title="bbox 2231 3250 3821 3324">
     <span class='ocr_line' id='line_1_100' title="bbox 2231 3250 3821 3324; baseline -0.003 -18"><span class='ocrx_word' id='word_1_773' title='bbox 2231 3252 2605 3322; x_wconf 87' lang='grc' dir='ltr'>ἀπογεύεσθαι</span> <span class='ocrx_word' id='word_1_774' title='bbox 2633 3251 3013 3324; x_wconf 76' lang='grc' dir='ltr'>σφραγίζοντι,</span> <span class='ocrx_word' id='word_1_775' title='bbox 3034 3252 3173 3316; x_wconf 87' lang='grc' dir='ltr'>τέως</span> <span class='ocrx_word' id='word_1_776' title='bbox 3194 3251 3294 3321; x_wconf 77' lang='grc' dir='ltr'>μὲν</span> <span class='ocrx_word' id='word_1_777' title='bbox 3315 3252 3417 3322; x_wconf 90' lang='grc' dir='ltr'>οὑχ</span> <span class='ocrx_word' id='word_1_778' title='bbox 3442 3251 3656 3303; x_wconf 72' lang='grc' dir='ltr'>ἵσταται</span> <span class='ocrx_word' id='word_1_779' title='bbox 3678 3250 3821 3321; x_wconf 73' lang='grc' dir='ltr'>πρὸς</span> 
     </span>
    </p>
   </div>
   <div class='ocr_carea' id='block_1_101' title="bbox 2230 3332 3821 3406">
    <p class='ocr_par' dir='ltr' id='par_1_101' title="bbox 2230 3332 3821 3406">
     <span class='ocr_line' id='line_1_101' title="bbox 2230 3332 3821 3406; baseline -0.001 -18"><span class='ocrx_word' id='word_1_780' title='bbox 2230 3335 2410 3400; x_wconf 83' lang='grc' dir='ltr'>τοῦτο,</span> <span class='ocrx_word' id='word_1_781' title='bbox 2442 3336 2579 3391; x_wconf 86' lang='grc' dir='ltr'>ἀλλά</span> <span class='ocrx_word' id='word_1_782' title='bbox 2609 3336 2782 3406; x_wconf 84' lang='grc' dir='ltr'>λέγει,</span> <span class='ocrx_word' id='word_1_783' title='bbox 2819 3338 2903 3391; x_wconf 86' lang='grc' dir='ltr'>ὃτι</span> <span class='ocrx_word' id='word_1_784' title='bbox 2940 3337 3005 3389; x_wconf 90' lang='grc' dir='ltr'>Εἰ</span> <span class='ocrx_word' id='word_1_785' title='bbox 3039 3336 3134 3391; x_wconf 79' lang='grc' dir='ltr'>καὶ</span> <span class='ocrx_word' id='word_1_786' title='bbox 3155 3336 3303 3406; x_wconf 83' lang='grc' dir='ltr'>ἐξῆν,</span> <span class='ocrx_word' id='word_1_787' title='bbox 3340 3336 3442 3389; x_wconf 81' lang='grc' dir='ltr'>οὑκ</span> <span class='ocrx_word' id='word_1_788' title='bbox 3471 3335 3576 3387; x_wconf 80' lang='grc' dir='ltr'>ἔδει</span> <span class='ocrx_word' id='word_1_789' title='bbox 3604 3332 3692 3387; x_wconf 85' lang='grc' dir='ltr'>διὰ</span> <span class='ocrx_word' id='word_1_790' title='bbox 3718 3335 3821 3406; x_wconf 78' lang='grc' dir='ltr'>τὴν</span> 
     </span>
    </p>
   </div>
   <div class='ocr_carea' id='block_1_102' title="bbox 2236 3416 3823 3491">
    <p class='ocr_par' dir='ltr' id='par_1_102' title="bbox 2236 3416 3823 3491">
     <span class='ocr_line' id='line_1_102' title="bbox 2236 3416 3823 3491; baseline -0.001 -18"><span class='ocrx_word' id='word_1_791' title='bbox 2236 3417 2444 3491; x_wconf 88' lang='grc' dir='ltr'>βλάϐην</span> <span class='ocrx_word' id='word_1_792' title='bbox 2470 3420 2581 3474; x_wconf 89' lang='grc' dir='ltr'>τῶν</span> <span class='ocrx_word' id='word_1_793' title='bbox 2610 3419 2858 3489; x_wconf 85' lang='grc' dir='ltr'>ἀδελφῶν</span> <span class='ocrx_word' id='word_1_794' title='bbox 2880 3417 3039 3473; x_wconf 91' lang='grc' dir='ltr'>τοῦτο</span> <span class='ocrx_word' id='word_1_795' title='bbox 3066 3419 3260 3471; x_wconf 87' lang='grc' dir='ltr'>ποιεῖν·</span> <span class='ocrx_word' id='word_1_796' title='bbox 3285 3417 3509 3489; x_wconf 86' lang='grc' dir='ltr'>’ὑστερον</span> <span class='ocrx_word' id='word_1_797' title='bbox 3533 3416 3589 3470; x_wconf 79' lang='grc' dir='ltr'>δέ</span> <span class='ocrx_word' id='word_1_798' title='bbox 3611 3416 3823 3472; x_wconf 78' lang='grc' dir='ltr'>δείκνυ-</span> 
     </span>
    </p>
   </div>
   <div class='ocr_carea' id='block_1_103' title="bbox 2236 3500 3823 3573">
    <p class='ocr_par' dir='ltr' id='par_1_103' title="bbox 2236 3500 3823 3573">
     <span class='ocr_line' id='line_1_103' title="bbox 2236 3500 3823 3573; baseline -0.001 -17"><span class='ocrx_word' id='word_1_799' title='bbox 2236 3520 2320 3556; x_wconf 88' lang='grc' dir='ltr'>σιν</span> <span class='ocrx_word' id='word_1_800' title='bbox 2366 3504 2448 3555; x_wconf 84' lang='grc' dir='ltr'>ὅτι</span> <span class='ocrx_word' id='word_1_801' title='bbox 2482 3503 2605 3557; x_wconf 71' lang='grc' dir='ltr'>οὑδὲ</span> <span class='ocrx_word' id='word_1_802' title='bbox 2653 3502 2854 3567; x_wconf 87' lang='grc' dir='ltr'>ἔξεστι.</span> <span class='ocrx_word' id='word_1_803' title='bbox 2890 3501 3008 3555; x_wconf 87' lang='grc' dir='ltr'>Νῦν</span> <span class='ocrx_word' id='word_1_804' title='bbox 3043 3502 3227 3573; x_wconf 88' lang='grc' dir='ltr'>μέντοι</span> <span class='ocrx_word' id='word_1_805' title='bbox 3261 3500 3323 3554; x_wconf 82' lang='grc' dir='ltr'>τὸ</span> <span class='ocrx_word' id='word_1_806' title='bbox 3353 3501 3613 3572; x_wconf 87' lang='grc' dir='ltr'>πρότερον</span> <span class='ocrx_word' id='word_1_807' title='bbox 3648 3518 3823 3555; x_wconf 83' lang='grc' dir='ltr'>κατα·</span> 
     </span>
    </p>
   </div>
   <div class='ocr_carea' id='block_1_104' title="bbox 2236 3583 3822 3656">
    <p class='ocr_par' dir='ltr' id='par_1_104' title="bbox 2236 3583 3822 3656">
     <span class='ocr_line' id='line_1_104' title="bbox 2236 3583 3822 3656; baseline -0.001 -15"><span class='ocrx_word' id='word_1_808' title='bbox 2236 3585 2489 3651; x_wconf 77' lang='grc' dir='ltr'>σκευάζει</span> <span class='ocrx_word' id='word_1_809' title='bbox 2514 3585 2624 3639; x_wconf 70' lang='grc' dir='ltr'>ἀπὸ</span> <span class='ocrx_word' id='word_1_810' title='bbox 2649 3584 2757 3639; x_wconf 89' lang='grc' dir='ltr'>τῶν</span> <span class='ocrx_word' id='word_1_811' title='bbox 2778 3584 2904 3639; x_wconf 87' lang='grc' dir='ltr'>καθ’</span> <span class='ocrx_word' id='word_1_812' title='bbox 2927 3584 3140 3639; x_wconf 79' lang='grc' dir='ltr'>ἑαυτόν·</span> <span class='ocrx_word' id='word_1_813' title='bbox 3161 3583 3255 3639; x_wconf 73' lang='grc' dir='ltr'>καὶ</span> <span class='ocrx_word' id='word_1_814' title='bbox 3278 3584 3487 3656; x_wconf 83' lang='grc' dir='ltr'>μέλλων</span> <span class='ocrx_word' id='word_1_815' title='bbox 3510 3584 3711 3654; x_wconf 86' lang='grc' dir='ltr'>λέγειν,</span> <span class='ocrx_word' id='word_1_816' title='bbox 3738 3586 3822 3639; x_wconf 77' lang='grc' dir='ltr'>δτι</span> 
     </span>
    </p>
   </div>
   <div class='ocr_carea' id='block_1_105' title="bbox 2234 3667 3825 3742">
    <p class='ocr_par' dir='ltr' id='par_1_105' title="bbox 2234 3667 3825 3742">
     <span class='ocr_line' id='line_1_105' title="bbox 2234 3667 3825 3742; baseline -0.001 -19"><span class='ocrx_word' id='word_1_817' title='bbox 2234 3668 2385 3723; x_wconf 80' lang='grc' dir='ltr'>οὐδὲν</span> <span class='ocrx_word' id='word_1_818' title='bbox 2435 3671 2566 3741; x_wconf 86' lang='grc' dir='ltr'>παρ’</span> <span class='ocrx_word' id='word_1_819' title='bbox 2606 3669 2786 3723; x_wconf 85' lang='grc' dir='ltr'>αὑτῶν</span> <span class='ocrx_word' id='word_1_820' title='bbox 2839 3667 2989 3742; x_wconf 75' lang='grc'>[180]</span> <span class='ocrx_word' id='word_1_821' title='bbox 3032 3667 3246 3734; x_wconf 75' lang='grc' dir='ltr'>ἔλαϐεν,</span> <span class='ocrx_word' id='word_1_822' title='bbox 3294 3670 3396 3722; x_wconf 86' lang='grc' dir='ltr'>οὑκ</span> <span class='ocrx_word' id='word_1_823' title='bbox 3438 3667 3642 3730; x_wconf 83' lang='grc' dir='ltr'>εὐθέως</span> <span class='ocrx_word' id='word_1_824' title='bbox 3689 3668 3825 3721; x_wconf 82' lang='grc' dir='ltr'>αὑτδ</span> 
     </span>
    </p>
   </div>
   <div class='ocr_carea' id='block_1_106' title="bbox 2233 3751 3825 3823">
    <p class='ocr_par' dir='ltr' id='par_1_106' title="bbox 2233 3751 3825 3823">
     <span class='ocr_line' id='line_1_106' title="bbox 2233 3751 3825 3823; baseline -0.002 -17"><span class='ocrx_word' id='word_1_825' title='bbox 2233 3752 2469 3822; x_wconf 86' lang='grc' dir='ltr'>τίθησιν,</span> <span class='ocrx_word' id='word_1_826' title='bbox 2502 3753 2640 3807; x_wconf 88' lang='grc' dir='ltr'>ἀλλὰ</span> <span class='ocrx_word' id='word_1_827' title='bbox 2668 3753 2731 3806; x_wconf 81' lang='grc' dir='ltr'>τὸ</span> <span class='ocrx_word' id='word_1_828' title='bbox 2774 3752 2993 3823; x_wconf 80' lang='grc' dir='ltr'>ἀξίωμα</span> <span class='ocrx_word' id='word_1_829' title='bbox 3030 3751 3195 3805; x_wconf 86' lang='grc' dir='ltr'>αὑτοῦ</span> <span class='ocrx_word' id='word_1_830' title='bbox 3233 3751 3449 3823; x_wconf 82' lang='grc' dir='ltr'>πρῶτον</span> <span class='ocrx_word' id='word_1_831' title='bbox 3479 3751 3661 3818; x_wconf 72' lang='grc' dir='ltr'>λέγει·</span> <span class='ocrx_word' id='word_1_832' title='bbox 3700 3752 3825 3804; x_wconf 78' lang='grc' dir='ltr'>Οὐκ</span> 
     </span>
    </p>
   </div>
   <div class='ocr_carea' id='block_1_107' title="bbox 2241 3830 3825 3904">
    <p class='ocr_par' dir='ltr' id='par_1_107' title="bbox 2241 3830 3825 3904">
     <span class='ocr_line' id='line_1_107' title="bbox 2241 3830 3825 3904; baseline -0.001 -16"><span class='ocrx_word' id='word_1_833' title='bbox 2241 3838 2357 3904; x_wconf 72' lang='grc' dir='ltr'>εἰμί</span> <span class='ocrx_word' id='word_1_834' title='bbox 2385 3838 2766 3900; x_wconf 74' lang='grc' dir='ltr'>ἀπόστολος;</span> <span class='ocrx_word' id='word_1_835' title='bbox 2789 3836 2901 3888; x_wconf 79' lang='grc' dir='ltr'>οὐκ</span> <span class='ocrx_word' id='word_1_836' title='bbox 2930 3835 3047 3901; x_wconf 77' lang='grc' dir='ltr'>εἰμί</span> <span class='ocrx_word' id='word_1_837' title='bbox 3069 3834 3423 3899; x_wconf 69' lang='grc' dir='ltr'>ἐλεύθερος;</span> <span class='ocrx_word' id='word_1_838' title='bbox 3457 3832 3576 3883; x_wconf 82' lang='grc' dir='ltr'>Ἵνα</span> <span class='ocrx_word' id='word_1_839' title='bbox 3606 3830 3716 3900; x_wconf 79' lang='grc' dir='ltr'>γάρ</span> <span class='ocrx_word' id='word_1_840' title='bbox 3746 3831 3825 3899; x_wconf 81' lang='grc' dir='ltr'>μὴ</span> 
     </span>
    </p>
   </div>
   <div class='ocr_carea' id='block_1_108' title="bbox 2239 3908 3824 3985">
    <p class='ocr_par' dir='ltr' id='par_1_108' title="bbox 2239 3908 3824 3985">
     <span class='ocr_line' id='line_1_108' title="bbox 2239 3908 3824 3985; baseline -0.001 -18"><span class='ocrx_word' id='word_1_841' title='bbox 2239 3916 2473 3982; x_wconf 85' lang='grc' dir='ltr'>λέγωσιν</span> <span class='ocrx_word' id='word_1_842' title='bbox 2493 3955 2508 3980; x_wconf 96' lang='grc'>,</span> <span class='ocrx_word' id='word_1_843' title='bbox 2540 3917 2623 3967; x_wconf 85' lang='grc' dir='ltr'>ὅτι</span> <span class='ocrx_word' id='word_1_844' title='bbox 2660 3917 2725 3967; x_wconf 88' lang='grc' dir='ltr'>Εἰ</span> <span class='ocrx_word' id='word_1_845' title='bbox 2771 3915 2866 3967; x_wconf 77' lang='grc' dir='ltr'>καὶ</span> <span class='ocrx_word' id='word_1_846' title='bbox 2907 3915 2980 3982; x_wconf 78' lang='grc' dir='ltr'>μὴ</span> <span class='ocrx_word' id='word_1_847' title='bbox 3015 3913 3227 3976; x_wconf 82' lang='grc' dir='ltr'>ἔλαϐες,</span> <span class='ocrx_word' id='word_1_848' title='bbox 3256 3912 3449 3982; x_wconf 79' lang='grc' dir='ltr'>ἐπειδὴ</span> <span class='ocrx_word' id='word_1_849' title='bbox 3476 3911 3594 3976; x_wconf 82' lang='grc' dir='ltr'>ἐξὸν</span> <span class='ocrx_word' id='word_1_850' title='bbox 3628 3912 3703 3983; x_wconf 82' lang='grc' dir='ltr'>μὴ</span> <span class='ocrx_word' id='word_1_851' title='bbox 3731 3908 3824 3985; x_wconf 80' lang='grc' dir='ltr'>ἦν,</span> 
     </span>
    </p>
   </div>
   <div class='ocr_carea' id='block_1_109' title="bbox 2241 3993 3826 4064">
    <p class='ocr_par' dir='ltr' id='par_1_109' title="bbox 2241 3993 3826 4064">
     <span class='ocr_line' id='line_1_109' title="bbox 2241 3993 3826 4064; baseline 0 -15"><span class='ocrx_word' id='word_1_852' title='bbox 2241 3998 2343 4050; x_wconf 91' lang='grc' dir='ltr'>οὑκ</span> <span class='ocrx_word' id='word_1_853' title='bbox 2371 3996 2583 4059; x_wconf 89' lang='grc' dir='ltr'>ἔλαϐες,</span> <span class='ocrx_word' id='word_1_854' title='bbox 2618 3995 2707 4048; x_wconf 85' lang='grc' dir='ltr'>διὰ</span> <span class='ocrx_word' id='word_1_855' title='bbox 2730 3994 2890 4047; x_wconf 88' lang='grc' dir='ltr'>τοῦτο</span> <span class='ocrx_word' id='word_1_856' title='bbox 2916 3993 3132 4064; x_wconf 87' lang='grc' dir='ltr'>πρῶτον</span> <span class='ocrx_word' id='word_1_857' title='bbox 3159 3993 3343 4064; x_wconf 85' lang='grc' dir='ltr'>τίθησι</span> <span class='ocrx_word' id='word_1_858' title='bbox 3379 3993 3479 4057; x_wconf 82' lang='grc' dir='ltr'>τὰς</span> <span class='ocrx_word' id='word_1_859' title='bbox 3514 3994 3695 4058; x_wconf 86' lang='grc' dir='ltr'>αἰτίας</span> <span class='ocrx_word' id='word_1_860' title='bbox 3717 4034 3731 4060; x_wconf 90' lang='grc'>,</span> <span class='ocrx_word' id='word_1_861' title='bbox 3758 3996 3826 4049; x_wconf 86' lang='grc' dir='ltr'>δι’</span> 
     </span>
    </p>
   </div>
   <div class='ocr_carea' id='block_1_110' title="bbox 2243 4076 3610 4149">
    <p class='ocr_par' dir='ltr' id='par_1_110' title="bbox 2243 4076 3610 4149">
     <span class='ocr_line' id='line_1_110' title="bbox 2243 4076 3610 4149; baseline -0.001 -17"><span class='ocrx_word' id='word_1_862' title='bbox 2243 4079 2308 4144; x_wconf 75' lang='grc' dir='ltr'>ἃς</span> <span class='ocrx_word' id='word_1_863' title='bbox 2338 4078 2574 4147; x_wconf 81' lang='grc' dir='ltr'>εὐλόγως</span> <span class='ocrx_word' id='word_1_864' title='bbox 2598 4077 2663 4131; x_wconf 81' lang='grc' dir='ltr'>ἂν</span> <span class='ocrx_word' id='word_1_865' title='bbox 2694 4076 2907 4141; x_wconf 82' lang='grc' dir='ltr'>ἔλαϐεν,</span> <span class='ocrx_word' id='word_1_866' title='bbox 2938 4076 3098 4149; x_wconf 78' lang='grc' dir='ltr'>εἴπερ</span> <span class='ocrx_word' id='word_1_867' title='bbox 3131 4077 3384 4131; x_wconf 89' lang='grc' dir='ltr'>ἐϐούλετο</span> <span class='ocrx_word' id='word_1_868' title='bbox 3407 4076 3610 4132; x_wconf 89' lang='grc' dir='ltr'>λαϐεῖν.</span> 
     </span>
    </p>
   </div>
   <div class='ocr_carea' id='block_1_111' title="bbox 2315 4159 3829 4234">
    <p class='ocr_par' dir='ltr' id='par_1_111' title="bbox 2315 4159 3829 4234">
     <span class='ocr_line' id='line_1_111' title="bbox 2315 4159 3829 4234; baseline 0.001 -19"><span class='ocrx_word' id='word_1_869' title='bbox 2315 4159 2448 4217; x_wconf 77' lang='grc' dir='ltr'>Εἶτα</span> <span class='ocrx_word' id='word_1_870' title='bbox 2466 4163 2552 4217; x_wconf 79' lang='grc' dir='ltr'>ἵνα</span> <span class='ocrx_word' id='word_1_871' title='bbox 2575 4163 2649 4233; x_wconf 83' lang='grc' dir='ltr'>μὴ</span> <span class='ocrx_word' id='word_1_872' title='bbox 2670 4161 2796 4234; x_wconf 74' lang='grc' dir='ltr'>δόξῃ</span> <span class='ocrx_word' id='word_1_873' title='bbox 2816 4161 2941 4227; x_wconf 78' lang='grc' dir='ltr'>τοὺς</span> <span class='ocrx_word' id='word_1_874' title='bbox 2965 4162 3092 4234; x_wconf 79' lang='grc' dir='ltr'>περὶ</span> <span class='ocrx_word' id='word_1_875' title='bbox 3113 4161 3321 4234; x_wconf 88' lang='grc' dir='ltr'>Πέτρον</span> <span class='ocrx_word' id='word_1_876' title='bbox 3335 4160 3637 4216; x_wconf 88' lang='grc' dir='ltr'>διαϐάλλων</span> <span class='ocrx_word' id='word_1_877' title='bbox 3653 4160 3829 4217; x_wconf 88' lang='grc' dir='ltr'>ταῦτα</span> 
     </span>
    </p>
   </div>
   <div class='ocr_carea' id='block_1_112' title="bbox 2243 4245 3830 4319">
    <p class='ocr_par' dir='ltr' id='par_1_112' title="bbox 2243 4245 3830 4319">
     <span class='ocr_line' id='line_1_112' title="bbox 2243 4245 3830 4319; baseline -0.001 -19"><span class='ocrx_word' id='word_1_878' title='bbox 2243 4248 2423 4317; x_wconf 82' lang='grc' dir='ltr'>λέγειν</span> <span class='ocrx_word' id='word_1_879' title='bbox 2448 4248 2464 4319; x_wconf 98' lang='grc'>(</span> <span class='ocrx_word' id='word_1_880' title='bbox 2487 4247 2581 4302; x_wconf 80' lang='grc' dir='ltr'>καὶ</span> <span class='ocrx_word' id='word_1_881' title='bbox 2606 4247 2715 4318; x_wconf 82' lang='grc' dir='ltr'>γὰρ</span> <span class='ocrx_word' id='word_1_882' title='bbox 2737 4245 3046 4318; x_wconf 89' lang='grc' dir='ltr'>ἐλάμϐανον</span> <span class='ocrx_word' id='word_1_883' title='bbox 3071 4246 3313 4318; x_wconf 88' lang='grc' dir='ltr'>ἐκεῖνοι),</span> <span class='ocrx_word' id='word_1_884' title='bbox 3333 4245 3597 4319; x_wconf 86' lang='grc' dir='ltr'>πρότερον</span> <span class='ocrx_word' id='word_1_885' title='bbox 3616 4246 3830 4299; x_wconf 84' lang='grc' dir='ltr'>δείκνυ-</span> 
     </span>
    </p>
   </div>
   <div class='ocr_carea' id='block_1_113' title="bbox 2246 4325 3826 4402">
    <p class='ocr_par' dir='ltr' id='par_1_113' title="bbox 2246 4325 3826 4402">
     <span class='ocr_line' id='line_1_113' title="bbox 2246 4325 3826 4402; baseline -0.003 -17"><span class='ocrx_word' id='word_1_886' title='bbox 2246 4351 2350 4397; x_wconf 89' lang='grc' dir='ltr'>σιν,</span> <span class='ocrx_word' id='word_1_887' title='bbox 2378 4332 2429 4385; x_wconf 89' lang='grc' dir='ltr'>τί</span> <span class='ocrx_word' id='word_1_888' title='bbox 2452 4328 2580 4402; x_wconf 82' lang='grc' dir='ltr'>ἐξῆν</span> <span class='ocrx_word' id='word_1_889' title='bbox 2606 4331 2837 4394; x_wconf 87' lang='grc' dir='ltr'>ἐκείνοις</span> <span class='ocrx_word' id='word_1_890' title='bbox 2862 4329 3184 4401; x_wconf 86' lang='grc' dir='ltr'>λαμϐάνειν·</span> <span class='ocrx_word' id='word_1_891' title='bbox 3210 4325 3328 4383; x_wconf 81' lang='grc' dir='ltr'>εἰτα</span> <span class='ocrx_word' id='word_1_892' title='bbox 3356 4330 3442 4383; x_wconf 84' lang='grc' dir='ltr'>ἴνα</span> <span class='ocrx_word' id='word_1_893' title='bbox 3471 4331 3648 4401; x_wconf 78' lang='grc' dir='ltr'>μήτις</span> <span class='ocrx_word' id='word_1_894' title='bbox 3670 4330 3826 4400; x_wconf 79' lang='grc' dir='ltr'>είπῃ,</span> 
     </span>
    </p>
   </div>
   <div class='ocr_carea' id='block_1_114' title="bbox 2243 4411 3830 4485">
    <p class='ocr_par' dir='ltr' id='par_1_114' title="bbox 2243 4411 3830 4485">
     <span class='ocr_line' id='line_1_114' title="bbox 2243 4411 3830 4485; baseline -0.004 -17"><span class='ocrx_word' id='word_1_895' title='bbox 2243 4417 2324 4468; x_wconf 78' lang='grc' dir='ltr'>ὃτι</span> <span class='ocrx_word' id='word_1_896' title='bbox 2358 4414 2551 4485; x_wconf 84' lang='grc' dir='ltr'>Πέτρῳ</span> <span class='ocrx_word' id='word_1_897' title='bbox 2581 4412 2679 4484; x_wconf 70' lang='grc' dir='ltr'>μὲν</span> <span class='ocrx_word' id='word_1_898' title='bbox 2705 4412 2832 4483; x_wconf 80' lang='grc' dir='ltr'>ἐξῆν</span> <span class='ocrx_word' id='word_1_899' title='bbox 2857 4411 3179 4482; x_wconf 83' lang='grc' dir='ltr'>λαμϐάνειν,</span> <span class='ocrx_word' id='word_1_900' title='bbox 3205 4412 3289 4464; x_wconf 68' lang='grc' dir='ltr'>σοὶ</span> <span class='ocrx_word' id='word_1_901' title='bbox 3315 4412 3371 4465; x_wconf 80' lang='grc' dir='ltr'>δὲ</span> <span class='ocrx_word' id='word_1_902' title='bbox 3390 4415 3491 4466; x_wconf 87' lang='grc' dir='ltr'>οὑκ</span> <span class='ocrx_word' id='word_1_903' title='bbox 3517 4411 3662 4481; x_wconf 85' lang='grc' dir='ltr'>ἐξῆν,</span> <span class='ocrx_word' id='word_1_904' title='bbox 3687 4426 3830 4479; x_wconf 88' lang='grc' dir='ltr'>προ-</span> 
     </span>
    </p>
   </div>
   <div class='ocr_carea' id='block_1_115' title="bbox 2245 4494 3831 4569">
    <p class='ocr_par' dir='ltr' id='par_1_115' title="bbox 2245 4494 3831 4569">
     <span class='ocr_line' id='line_1_115' title="bbox 2245 4494 3831 4569; baseline -0.002 -19"><span class='ocrx_word' id='word_1_905' title='bbox 2245 4496 2658 4569; x_wconf 89' lang='grc' dir='ltr'>καταλαμϐάνει</span> <span class='ocrx_word' id='word_1_906' title='bbox 2681 4495 2771 4549; x_wconf 87' lang='grc' dir='ltr'>τὸν</span> <span class='ocrx_word' id='word_1_907' title='bbox 2792 4494 3070 4567; x_wconf 78' lang='grc' dir='ltr'>ἀκροατὴν</span> <span class='ocrx_word' id='word_1_908' title='bbox 3091 4496 3204 4557; x_wconf 88' lang='grc' dir='ltr'>τοῖς</span> <span class='ocrx_word' id='word_1_909' title='bbox 3232 4496 3529 4565; x_wconf 82' lang='grc' dir='ltr'>ἐγκωμίοις</span> <span class='ocrx_word' id='word_1_910' title='bbox 3558 4496 3670 4556; x_wconf 91' lang='grc' dir='ltr'>τοῖς</span> <span class='ocrx_word' id='word_1_911' title='bbox 3695 4496 3831 4566; x_wconf 84' lang='grc' dir='ltr'>περί</span> 
     </span>
    </p>
   </div>
   <div class='ocr_carea' id='block_1_116' title="bbox 2247 4574 3830 4653">
    <p class='ocr_par' dir='ltr' id='par_1_116' title="bbox 2247 4574 3830 4653">
     <span class='ocr_line' id='line_1_116' title="bbox 2247 4574 3830 4653; baseline -0.001 -19"><span class='ocrx_word' id='word_1_912' title='bbox 2247 4582 2460 4636; x_wconf 83' lang='grc' dir='ltr'>ἑαυτοῦ.</span> <span class='ocrx_word' id='word_1_913' title='bbox 2492 4582 2604 4635; x_wconf 74' lang='grc' dir='ltr'>Καὶ</span> <span class='ocrx_word' id='word_1_914' title='bbox 2622 4580 2763 4653; x_wconf 85' lang='grc' dir='ltr'>ὁρῶν</span> <span class='ocrx_word' id='word_1_915' title='bbox 2789 4580 3038 4652; x_wconf 89' lang='grc' dir='ltr'>ἀνάγκην</span> <span class='ocrx_word' id='word_1_916' title='bbox 3064 4574 3233 4633; x_wconf 82' lang='grc' dir='ltr'>οὖσαν</span> <span class='ocrx_word' id='word_1_917' title='bbox 3258 4579 3451 4632; x_wconf 73' lang='grc' dir='ltr'>ἑαυτὸν</span> <span class='ocrx_word' id='word_1_918' title='bbox 3478 4579 3830 4647; x_wconf 82' lang='grc' dir='ltr'>ἐγκωμιάσαι</span> 
     </span>
    </p>
   </div>
   <div class='ocr_carea' id='block_1_117' title="bbox 2248 4658 3830 4735">
    <p class='ocr_par' dir='ltr' id='par_1_117' title="bbox 2248 4658 3830 4735">
     <span class='ocr_line' id='line_1_117' title="bbox 2248 4658 3830 4735; baseline 0.001 -20"><span class='ocrx_word' id='word_1_919' title='bbox 2248 4662 2429 4729; x_wconf 81' lang='grc' dir='ltr'>(οὑτω</span> <span class='ocrx_word' id='word_1_920' title='bbox 2473 4665 2583 4734; x_wconf 82' lang='grc' dir='ltr'>γὰρ</span> <span class='ocrx_word' id='word_1_921' title='bbox 2619 4664 2899 4734; x_wconf 81' lang='grc' dir='ltr'>Κορίνθιοι</span> <span class='ocrx_word' id='word_1_922' title='bbox 2930 4658 3315 4735; x_wconf 82' lang='grc' dir='ltr'>διωρθοῦντο),</span> <span class='ocrx_word' id='word_1_923' title='bbox 3355 4660 3450 4715; x_wconf 74' lang='grc' dir='ltr'>καὶ</span> <span class='ocrx_word' id='word_1_924' title='bbox 3492 4660 3659 4733; x_wconf 80' lang='grc' dir='ltr'>μηδὲν</span> <span class='ocrx_word' id='word_1_925' title='bbox 3699 4660 3830 4731; x_wconf 84' lang='grc' dir='ltr'>βου-</span> 
     </span>
    </p>
   </div>
   <div class='ocr_carea' id='block_1_118' title="bbox 2247 4742 3835 4817">
    <p class='ocr_par' dir='ltr' id='par_1_118' title="bbox 2247 4742 3835 4817">
     <span class='ocr_line' id='line_1_118' title="bbox 2247 4742 3835 4817; baseline 0.002 -20"><span class='ocrx_word' id='word_1_926' title='bbox 2247 4744 2471 4815; x_wconf 83' lang='grc' dir='ltr'>λόμενος</span> <span class='ocrx_word' id='word_1_927' title='bbox 2510 4747 2653 4815; x_wconf 81' lang='grc' dir='ltr'>μέγα</span> <span class='ocrx_word' id='word_1_928' title='bbox 2683 4748 2810 4816; x_wconf 85' lang='grc' dir='ltr'>περί</span> <span class='ocrx_word' id='word_1_929' title='bbox 2836 4746 3032 4801; x_wconf 78' lang='grc' dir='ltr'>ἑαυτοῦ</span> <span class='ocrx_word' id='word_1_930' title='bbox 3061 4744 3237 4798; x_wconf 88' lang='grc' dir='ltr'>εἰπεῖν</span> <span class='ocrx_word' id='word_1_931' title='bbox 3255 4783 3269 4807; x_wconf 87' lang='grc'>,</span> <span class='ocrx_word' id='word_1_932' title='bbox 3304 4742 3407 4815; x_wconf 79' lang='grc' dir='ltr'>δρα</span> <span class='ocrx_word' id='word_1_933' title='bbox 3439 4744 3555 4809; x_wconf 87' lang='grc' dir='ltr'>πῶς</span> <span class='ocrx_word' id='word_1_934' title='bbox 3581 4746 3835 4817; x_wconf 73' lang='grc' dir='ltr'>ἀμφοτέ-</span> 
     </span>
    </p>
   </div>
   <div class='ocr_carea' id='block_1_119' title="bbox 2252 4824 3827 4901">
    <p class='ocr_par' dir='ltr' id='par_1_119' title="bbox 2252 4824 3827 4901">
     <span class='ocr_line' id='line_1_119' title="bbox 2252 4824 3827 4901; baseline 0.003 -22"><span class='ocrx_word' id='word_1_935' title='bbox 2252 4828 2488 4901; x_wconf 12' lang='grc' dir='ltr'>ροιςδείς</span> <span class='ocrx_word' id='word_1_936' title='bbox 2522 4824 2640 4880; x_wconf 87' lang='grc' dir='ltr'>δέον</span> <span class='ocrx_word' id='word_1_937' title='bbox 2672 4828 2956 4901; x_wconf 84' lang='grc' dir='ltr'>κέχρηται,</span> <span class='ocrx_word' id='word_1_938' title='bbox 3010 4825 3264 4882; x_wconf 88' lang='grc' dir='ltr'>τοσοῦτον</span> <span class='ocrx_word' id='word_1_939' title='bbox 3312 4828 3505 4882; x_wconf 78' lang='grc' dir='ltr'>ἑαυτὸν</span> <span class='ocrx_word' id='word_1_940' title='bbox 3558 4830 3827 4897; x_wconf 87' lang='grc' dir='ltr'>ἐπαινῶν,</span> 
     </span>
    </p>
   </div>
   <div class='ocr_carea' id='block_1_120' title="bbox 2246 4911 3829 4986">
    <p class='ocr_par' dir='ltr' id='par_1_120' title="bbox 2246 4911 3829 4986">
     <span class='ocr_line' id='line_1_120' title="bbox 2246 4911 3829 4986; baseline 0.003 -21"><span class='ocrx_word' id='word_1_941' title='bbox 2246 4912 2345 4982; x_wconf 89' lang='grc' dir='ltr'>οὑχ</span> <span class='ocrx_word' id='word_1_942' title='bbox 2374 4912 2496 4965; x_wconf 86' lang='grc' dir='ltr'>ὅσον</span> <span class='ocrx_word' id='word_1_943' title='bbox 2527 4911 2704 4982; x_wconf 82' lang='grc' dir='ltr'>ἐαυτῷ</span> <span class='ocrx_word' id='word_1_944' title='bbox 2743 4913 2982 4984; x_wconf 79' lang='grc' dir='ltr'>συνῄδει,</span> <span class='ocrx_word' id='word_1_945' title='bbox 3014 4911 3131 4965; x_wconf 77' lang='grc' dir='ltr'>ἀλλ’</span> <span class='ocrx_word' id='word_1_946' title='bbox 3171 4911 3295 4965; x_wconf 84' lang='grc' dir='ltr'>ὅσον</span> <span class='ocrx_word' id='word_1_947' title='bbox 3331 4912 3531 4986; x_wconf 77' lang='grc' dir='ltr'>ἀπῄτει</span> <span class='ocrx_word' id='word_1_948' title='bbox 3566 4915 3667 4986; x_wconf 84' lang='grc' dir='ltr'>τῆς</span> <span class='ocrx_word' id='word_1_949' title='bbox 3693 4932 3829 4986; x_wconf 89' lang='grc' dir='ltr'>προ-</span> 
     </span>
    </p>
   </div>
   <div class='ocr_carea' id='block_1_121' title="bbox 2250 4993 3829 5069">
    <p class='ocr_par' dir='ltr' id='par_1_121' title="bbox 2250 4993 3829 5069">
     <span class='ocr_line' id='line_1_121' title="bbox 2250 4993 3829 5069; baseline 0.004 -25"><span class='ocrx_word' id='word_1_950' title='bbox 2250 4995 2509 5066; x_wconf 82' lang='grc' dir='ltr'>κειμένης</span> <span class='ocrx_word' id='word_1_951' title='bbox 2536 4995 2845 5059; x_wconf 82' lang='grc' dir='ltr'>ὑποθέσεως</span> <span class='ocrx_word' id='word_1_952' title='bbox 2873 4998 2907 5064; x_wconf 82' lang='grc' dir='ltr'>ὴ</span> <span class='ocrx_word' id='word_1_953' title='bbox 2938 4993 3118 5065; x_wconf 77' lang='grc' dir='ltr'>χρεία.</span> <span class='ocrx_word' id='word_1_954' title='bbox 3154 4996 3461 5066; x_wconf 80' lang='grc' dir='ltr'>Δυνάμενος</span> <span class='ocrx_word' id='word_1_955' title='bbox 3490 4997 3598 5069; x_wconf 85' lang='grc' dir='ltr'>γὰρ</span> <span class='ocrx_word' id='word_1_956' title='bbox 3629 4999 3829 5065; x_wconf 87' lang='grc' dir='ltr'>εἰπεῖν,</span> 
     </span>
    </p>
   </div>
   <div class='ocr_carea' id='block_1_122' title="bbox 2247 5072 3829 5153">
    <p class='ocr_par' dir='ltr' id='par_1_122' title="bbox 2247 5072 3829 5153">
     <span class='ocr_line' id='line_1_122' title="bbox 2247 5072 3829 5153; baseline -0.006 -22"><span class='ocrx_word' id='word_1_957' title='bbox 2247 5079 2329 5132; x_wconf 80' lang='grc' dir='ltr'>ὅτι</span> <span class='ocrx_word' id='word_1_958' title='bbox 2359 5077 2491 5150; x_wconf 85' lang='grc' dir='ltr'>Ἐμὲ</span> <span class='ocrx_word' id='word_1_959' title='bbox 2522 5078 2757 5149; x_wconf 87' lang='grc' dir='ltr'>μάλιστα</span> <span class='ocrx_word' id='word_1_960' title='bbox 2776 5078 2995 5132; x_wconf 87' lang='grc' dir='ltr'>πάντων</span> <span class='ocrx_word' id='word_1_961' title='bbox 3019 5072 3189 5148; x_wconf 77' lang='grc' dir='ltr'>ἐχρῆν</span> <span class='ocrx_word' id='word_1_962' title='bbox 3218 5077 3537 5153; x_wconf 69' lang='grc' dir='ltr'>λαμϐάνειν·</span> <span class='ocrx_word' id='word_1_963' title='bbox 3568 5079 3663 5132; x_wconf 75' lang='grc' dir='ltr'>καὶ</span> <span class='ocrx_word' id='word_1_964' title='bbox 3688 5080 3829 5151; x_wconf 72' lang='grc' dir='ltr'>μᾶλ-</span> 
     </span>
    </p>
   </div>
   <div class='ocr_carea' id='block_1_123' title="bbox 2238 5161 3826 5235">
    <p class='ocr_par' dir='ltr' id='par_1_123' title="bbox 2238 5161 3826 5235">
     <span class='ocr_line' id='line_1_123' title="bbox 2238 5161 3826 5235; baseline 0.003 -22"><span class='ocrx_word' id='word_1_965' title='bbox 2238 5161 2329 5214; x_wconf 87' lang='grc' dir='ltr'>λον</span> <span class='ocrx_word' id='word_1_966' title='bbox 2376 5162 2408 5233; x_wconf 77' lang='grc' dir='ltr'>ἦ</span> <span class='ocrx_word' id='word_1_967' title='bbox 2457 5161 2735 5226; x_wconf 87' lang='grc' dir='ltr'>ἐκείνους,</span> <span class='ocrx_word' id='word_1_968' title='bbox 2768 5163 2852 5215; x_wconf 78' lang='grc' dir='ltr'>ὅτι</span> <span class='ocrx_word' id='word_1_969' title='bbox 2891 5162 3279 5235; x_wconf 85' lang='grc' dir='ltr'>περισσότερον</span> <span class='ocrx_word' id='word_1_970' title='bbox 3314 5163 3493 5219; x_wconf 83' lang='grc' dir='ltr'>αὐτῶν</span> <span class='ocrx_word' id='word_1_971' title='bbox 3528 5162 3826 5230; x_wconf 74' lang='grc' dir='ltr'>ἐκοπίασα,</span> 
     </span>
    </p>
   </div>
   <div class='ocr_carea' id='block_1_124' title="bbox 2240 5240 3826 5321">
    <p class='ocr_par' dir='ltr' id='par_1_124' title="bbox 2240 5240 3826 5321">
     <span class='ocr_line' id='line_1_124' title="bbox 2240 5240 3826 5321; baseline 0.003 -23"><span class='ocrx_word' id='word_1_972' title='bbox 2240 5245 2397 5299; x_wconf 89' lang='grc' dir='ltr'>τοῦτο</span> <span class='ocrx_word' id='word_1_973' title='bbox 2432 5246 2530 5316; x_wconf 90' lang='grc' dir='ltr'>μέν</span> <span class='ocrx_word' id='word_1_974' title='bbox 2562 5247 2623 5299; x_wconf 91' lang='grc' dir='ltr'>οὑ</span> <span class='ocrx_word' id='word_1_975' title='bbox 2649 5247 2820 5315; x_wconf 81' lang='grc' dir='ltr'>λέγει,</span> <span class='ocrx_word' id='word_1_976' title='bbox 2848 5243 2988 5315; x_wconf 80' lang='grc' dir='ltr'>ὅπερ</span> <span class='ocrx_word' id='word_1_977' title='bbox 3021 5242 3180 5318; x_wconf 78' lang='grc' dir='ltr'>εἶχεν</span> <span class='ocrx_word' id='word_1_978' title='bbox 3208 5250 3505 5321; x_wconf 73' lang='grc' dir='ltr'>ὑπεροχήνο</span> <span class='ocrx_word' id='word_1_979' title='bbox 3538 5247 3634 5317; x_wconf 77' lang='grc' dir='ltr'>ἀφ’</span> <span class='ocrx_word' id='word_1_980' title='bbox 3657 5240 3735 5302; x_wconf 82' lang='grc' dir='ltr'>ῶν</span> <span class='ocrx_word' id='word_1_981' title='bbox 3765 5248 3826 5303; x_wconf 85' lang='grc' dir='ltr'>δὲ</span> 
     </span>
    </p>
   </div>
   <div class='ocr_carea' id='block_1_125' title="bbox 2240 5326 3826 5403">
    <p class='ocr_par' dir='ltr' id='par_1_125' title="bbox 2240 5326 3826 5403">
     <span class='ocr_line' id='line_1_125' title="bbox 2240 5326 3826 5403; baseline 0.004 -20"><span class='ocrx_word' id='word_1_982' title='bbox 2240 5327 2381 5400; x_wconf 74' lang='grc' dir='ltr'>ἦσαν</span> <span class='ocrx_word' id='word_1_983' title='bbox 2402 5332 2600 5384; x_wconf 82' lang='grc' dir='ltr'>ἐκεῖνοι</span> <span class='ocrx_word' id='word_1_984' title='bbox 2628 5329 2881 5402; x_wconf 89' lang='grc' dir='ltr'>μεγάλοι,</span> <span class='ocrx_word' id='word_1_985' title='bbox 2916 5329 3012 5381; x_wconf 82' lang='grc' dir='ltr'>καί</span> <span class='ocrx_word' id='word_1_986' title='bbox 3036 5333 3128 5401; x_wconf 85' lang='grc' dir='ltr'>ἀφ’</span> <span class='ocrx_word' id='word_1_987' title='bbox 3158 5326 3234 5388; x_wconf 83' lang='grc' dir='ltr'>ῶν</span> <span class='ocrx_word' id='word_1_988' title='bbox 3256 5332 3476 5395; x_wconf 82' lang='grc' dir='ltr'>δικαίως</span> <span class='ocrx_word' id='word_1_989' title='bbox 3496 5332 3826 5403; x_wconf 77' lang='grc' dir='ltr'>ἐλάμϐανον,</span> 
     </span>
    </p>
   </div>
   <div class='ocr_carea' id='block_1_126' title="bbox 2241 5410 3833 5486">
    <p class='ocr_par' dir='ltr' id='par_1_126' title="bbox 2241 5410 3833 5486">
     <span class='ocr_line' id='line_1_126' title="bbox 2241 5410 3833 5486; baseline 0.005 -20"><span class='ocrx_word' id='word_1_990' title='bbox 2241 5413 2415 5467; x_wconf 86' lang='grc' dir='ltr'>ταῦτα</span> <span class='ocrx_word' id='word_1_991' title='bbox 2443 5414 2627 5486; x_wconf 86' lang='grc' dir='ltr'>τίθησι</span> <span class='ocrx_word' id='word_1_992' title='bbox 2660 5414 2817 5484; x_wconf 83' lang='grc' dir='ltr'>μόνα,</span> <span class='ocrx_word' id='word_1_993' title='bbox 2846 5410 3022 5481; x_wconf 88' lang='grc' dir='ltr'>λέγων</span> <span class='ocrx_word' id='word_1_994' title='bbox 3042 5415 3238 5482; x_wconf 72' lang='grc' dir='ltr'>οὕτως·</span> <span class='ocrx_word' id='word_1_995' title='bbox 3266 5419 3392 5471; x_wconf 80' lang='grc' dir='ltr'>οὐκ</span> <span class='ocrx_word' id='word_1_996' title='bbox 3416 5414 3536 5484; x_wconf 73' lang='grc' dir='ltr'>εἰμί</span> <span class='ocrx_word' id='word_1_997' title='bbox 3562 5417 3833 5473; x_wconf 75' lang='grc' dir='ltr'>ἀπόστο-</span> 
     </span>
    </p>
   </div>
   <div class='ocr_carea' id='block_1_127' title="bbox 2248 5495 3830 5566">
    <p class='ocr_par' dir='ltr' id='par_1_127' title="bbox 2248 5495 3830 5566">
     <span class='ocr_line' id='line_1_127' title="bbox 2248 5495 3830 5566; baseline 0.006 -17"><span class='ocrx_word' id='word_1_998' title='bbox 2248 5499 2393 5563; x_wconf 81' lang='grc' dir='ltr'>λος;</span> <span class='ocrx_word' id='word_1_999' title='bbox 2421 5498 2532 5551; x_wconf 80' lang='grc' dir='ltr'>οὐκ</span> <span class='ocrx_word' id='word_1_1000' title='bbox 2554 5497 2673 5562; x_wconf 75' lang='grc' dir='ltr'>εἰμί</span> <span class='ocrx_word' id='word_1_1001' title='bbox 2707 5495 3056 5565; x_wconf 65' lang='grc' dir='ltr'>ἐλεύθεροςς</span> <span class='ocrx_word' id='word_1_1002' title='bbox 3093 5500 3382 5553; x_wconf 88' lang='grc' dir='ltr'>Τουτέστιν</span> <span class='ocrx_word' id='word_1_1003' title='bbox 3400 5538 3417 5564; x_wconf 89' lang='grc'>,</span> <span class='ocrx_word' id='word_1_1004' title='bbox 3449 5498 3550 5552; x_wconf 90' lang='grc' dir='ltr'>οὑκ</span> <span class='ocrx_word' id='word_1_1005' title='bbox 3576 5498 3830 5566; x_wconf 73' lang='grc' dir='ltr'>ἐξουσίαν</span> 
     </span>
    </p>
   </div>
   <div class='ocr_carea' id='block_1_128' title="bbox 2250 5577 3826 5657">
    <p class='ocr_par' dir='ltr' id='par_1_128' title="bbox 2250 5577 3826 5657">
     <span class='ocr_line' id='line_1_128' title="bbox 2250 5577 3826 5657; baseline 0.005 -25"><span class='ocrx_word' id='word_1_1006' title='bbox 2250 5578 2356 5649; x_wconf 75' lang='grc' dir='ltr'>ἔχω</span> <span class='ocrx_word' id='word_1_1007' title='bbox 2392 5580 2633 5651; x_wconf 79' lang='grc' dir='ltr'>ἐμαυτοῦ</span> <span class='ocrx_word' id='word_1_1008' title='bbox 2656 5597 2671 5643; x_wconf 77' lang='grc' dir='ltr'>ς</span> <span class='ocrx_word' id='word_1_1009' title='bbox 2702 5577 2777 5649; x_wconf 86' lang='grc' dir='ltr'>μὴ</span> <span class='ocrx_word' id='word_1_1010' title='bbox 2805 5578 2909 5633; x_wconf 82' lang='grc' dir='ltr'>ὑπό</span> <span class='ocrx_word' id='word_1_1011' title='bbox 2935 5583 3056 5637; x_wconf 89' lang='grc' dir='ltr'>τινά</span> <span class='ocrx_word' id='word_1_1012' title='bbox 3084 5585 3201 5655; x_wconf 85' lang='grc' dir='ltr'>εἰμι</span> <span class='ocrx_word' id='word_1_1013' title='bbox 3228 5582 3321 5635; x_wconf 78' lang='grc' dir='ltr'>τὸν</span> <span class='ocrx_word' id='word_1_1014' title='bbox 3347 5581 3730 5651; x_wconf 74' lang='grc' dir='ltr'>ἀναγκάζοντά</span> <span class='ocrx_word' id='word_1_1015' title='bbox 3754 5604 3826 5657; x_wconf 72' lang='grc' dir='ltr'>με</span> 
     </span>
    </p>
   </div>
   <div class='ocr_carea' id='block_1_129' title="bbox 2250 5660 3825 5737">
    <p class='ocr_par' dir='ltr' id='par_1_129' title="bbox 2250 5660 3825 5737">
     <span class='ocr_line' id='line_1_129' title="bbox 2250 5660 3825 5737; baseline 0.007 -23"><span class='ocrx_word' id='word_1_1016' title='bbox 2250 5664 2343 5719; x_wconf 77' lang='grc' dir='ltr'>καὶ</span> <span class='ocrx_word' id='word_1_1017' title='bbox 2375 5664 2651 5718; x_wconf 89' lang='grc' dir='ltr'>κωλύοντα</span> <span class='ocrx_word' id='word_1_1018' title='bbox 2681 5660 2900 5731; x_wconf 86' lang='grc' dir='ltr'>λαϐεῖν;</span> <span class='ocrx_word' id='word_1_1019' title='bbox 2940 5664 3079 5719; x_wconf 80' lang='grc' dir='ltr'>Ἀλλ’</span> <span class='ocrx_word' id='word_1_1020' title='bbox 3110 5664 3294 5737; x_wconf 86' lang='grc' dir='ltr'>ἔχουσί</span> <span class='ocrx_word' id='word_1_1021' title='bbox 3322 5681 3375 5719; x_wconf 87' lang='grc' dir='ltr'>τι</span> <span class='ocrx_word' id='word_1_1022' title='bbox 3404 5664 3568 5720; x_wconf 82' lang='grc' dir='ltr'>πλέον</span> <span class='ocrx_word' id='word_1_1023' title='bbox 3599 5670 3825 5737; x_wconf 69' lang='grc' dir='ltr'>ἐκεῖνοι,</span> 
     </span>
    </p>
   </div>
   <div class='ocr_carea' id='block_1_130' title="bbox 2312 5848 3713 5917">
    <p class='ocr_par' dir='ltr' id='par_1_130' title="bbox 2312 5848 3713 5917">
     <span class='ocr_line' id='line_1_130' title="bbox 2312 5848 3713 5917; baseline 0.004 -20"><span class='ocrx_word' id='word_1_1024' title='bbox 2312 5850 2335 5879; x_wconf 70' lang='grc' dir='ltr'>ε</span> <span class='ocrx_word' id='word_1_1025' title='bbox 2360 5848 2508 5907; x_wconf 71' lang='lat' dir='ltr'>Beg.,</span> <span class='ocrx_word' id='word_1_1026' title='bbox 2532 5849 2745 5911; x_wconf 81' lang='grc' dir='ltr'>ἄρχεται,</span> <span class='ocrx_word' id='word_1_1027' title='bbox 2769 5862 2877 5913; x_wconf 68' lang='lat' dir='ltr'>qua</span> <span class='ocrx_word' id='word_1_1028' title='bbox 2901 5851 3053 5901; x_wconf 80' lang='lat' dir='ltr'>lectio</span> <span class='ocrx_word' id='word_1_1029' title='bbox 3071 5863 3189 5901; x_wconf 76' lang='lat' dir='ltr'>vera</span> <span class='ocrx_word' id='word_1_1030' title='bbox 3230 5855 3325 5901; x_wconf 85' lang='lat' dir='ltr'>esl.</span> <span class='ocrx_word' id='word_1_1031' title='bbox 3351 5849 3481 5901; x_wconf 76' lang='lat' dir='ltr'>Editi</span> <span class='ocrx_word' id='word_1_1032' title='bbox 3526 5852 3713 5917; x_wconf 77' lang='grc' dir='ltr'>ἔρχεται</span> 
     </span>
    </p>
   </div>
  </div>
