4028 6208
222 363 330 421 ιω

217 493 375 545 esse;
402 477 499 535 sed
520 490 628 534 non
659 474 781 532 ideo
802 470 1180 531 contemnendi
1210 472 1299 543 qui
1330 485 1471 527 nunc
1498 477 1642 525 sunt.
1668 467 1803 525 Nam

217 572 263 626 si
314 578 537 641 prOpter
585 569 863 625 Christum
927 565 1164 621 honores
1227 563 1313 619 vel
1369 562 1659 628 ultimum,
1715 561 1811 615 sed

220 662 458 732 ﬁdelem,
509 662 701 734 dignus
740 676 872 717 sane
914 669 999 716 est
1024 658 1123 729 qui
1156 656 1478 711 honoretur.
1531 653 1739 709 Etenim
1767 654 1813 707 si

220 753 605 811 accedentibus
630 752 756 809 duci
783 750 1014 821 cuipiam
1031 758 1084 804 et
1106 748 1284 813 militi,
1316 746 1660 817 Imperatoris
1681 744 1815 798 ami-

218 846 323 911 cis,
373 846 639 901 ambobus
682 845 900 899 domum
926 840 1248 912 aperueris;
1295 853 1395 908 per
1436 851 1595 907 quem
1644 831 1815 904 magis

222 937 609 1009 Imperatorem
647 938 914 991 honorare
946 930 1223 987 videaris?
1252 928 1416 986 Plane
1446 943 1540 999 per
1567 926 1813 981 militem.

220 1029 355 1085 Nam
385 1029 494 1085 dux
522 1037 716 1099 prater
742 1024 1091 1098 Imperatoris
1126 1023 1416 1078 amicitiam
1456 1020 1683 1091 plurima
1723 1019 1817 1072 lia-

221 1122 336 1195 bet,
362 1136 485 1193 qua:
516 1120 614 1177 tibi
649 1119 879 1175 suadere
911 1126 1154 1188 possunt,
1182 1125 1241 1170 ut
1268 1115 1427 1169 talem
1468 1113 1545 1167 illi
1572 1110 1818 1167 conferas

223 1213 530 1278 honorem;
560 1211 719 1267 miles
745 1224 879 1266 vero
917 1208 1050 1264 nihil
1093 1207 1239 1262 aliud
1276 1221 1436 1277 quam
1476 1203 1819 1273 Imperatoris

221 1307 536 1362 amicitiam.
594 1305 720 1360 Ideo
772 1302 1014 1367 claudos,
1057 1301 1295 1364 mutilos,
1339 1308 1395 1353 et
1431 1312 1525 1353 eos
1573 1297 1663 1366 qui
1712 1310 1819 1348 non

222 1397 434 1467 possint
460 1395 687 1467 gratiam
718 1393 941 1458 referre,
972 1392 1037 1447 ad
1067 1404 1249 1446 ctenas
1277 1400 1331 1445 et
1360 1388 1606 1442 convivia
1634 1395 1817 1439 nostra

221 1502 417 1544 vocare
450 1486 611 1557 jussit
651 1486 812 1547 Deus,
841 1484 965 1554 quia
1008 1482 1123 1537 hac
1162 1480 1330 1550 magis
1358 1480 1575 1548 proprie
1602 1486 1821 1546 propter

224 1580 392 1636 Deum
451 1578 691 1649 praestita
756 1584 882 1632 sunt
936 1574 1216 1631 beneﬁcia.
1274 1571 1329 1628 Si
1383 1585 1513 1625 vero
1565 1583 1819 1639 magnum

222 1668 529 1740 quempiam
557 1677 613 1724 et
654 1668 918 1723 illustrem
962 1665 1265 1733 exceperis,
1300 1663 1417 1716 tunc
1454 1674 1560 1715 non
1587 1659 1659 1713 ita
1691 1673 1817 1727 pura

222 1769 305 1817 est
332 1761 679 1831 eleemosyna
709 1776 724 1825 ;
771 1757 873 1813 sed
912 1765 1118 1827 partem
1149 1754 1384 1825 aliquam
1428 1750 1570 1822 apud
1595 1758 1649 1806 te
1676 1764 1821 1819 same

121 1892 131 1902 .
223 1851 327 1906 sibi
355 1852 596 1906 vindieat
621 1850 797 1905 inanis
817 1850 1007 1920 gloria,
1042 1856 1096 1904 et
1126 1845 1269 1918 quod
1298 1844 1562 1900 beneficio
1587 1843 1661 1898 sis
1685 1840 1823 1896 aﬂ‘ec

222 1951 363 2009 etus,
410 1951 465 1997 et
508 1950 730 2011 propter
756 1940 905 1994 illum
933 1937 1076 2008 apud
1121 1938 1316 1992 multos
1344 1935 1604 2004 insignior
1630 1934 1704 1988 sis
1746 1931 1825 1987 ef-

223 2033 422 2089 fectus.
454 2032 650 2087 Multos
671 2039 819 2086 certe
849 2029 1137 2085 ostendere
1159 2028 1383 2098 possim,
1417 2026 1507 2096 qui
1536 2032 1822 2095 propterea

225 2126 606 2197 iusignioribus
634 2133 941 2179 sanctorum
965 2122 1307 2186 famulantur,
1334 2130 1391 2173 ut
1416 2134 1512 2188 per
1534 2118 1654 2171 illos
1679 2114 1822 2185 apud

224 2218 500 2288 principes
542 2216 735 2285 majori
783 2214 1028 2268 fruantur
1074 2210 1290 2276 fiducia,
1336 2223 1399 2263 ac
1436 2208 1598 2263 rebus
1626 2207 1739 2261 suis
1768 2214 1824 2261 et

224 2308 434 2364 aedibus
460 2306 702 2362 utiliores
730 2304 861 2358 fiant
888 2322 901 2359 :
934 2314 989 2357 et
1016 2318 1045 2356 a
1073 2308 1275 2356 sanctis
1303 2298 1410 2354 illis
1438 2299 1606 2352 multa
1634 2296 1821 2364 hujus-

1273 357 1339 414 IN
1379 356 1593 415 EPIST.
1633 355 1655 411 l
1718 358 1812 414 AD
1850 355 2008 415 COR.
2050 351 2283 410 HOMIL.
2325 350 2464 407 XXI.

3406 354 3497 410 ['71)

1915 467 2062 524 modi
2094 468 2311 538 exigunt
2346 463 2636 530 beneﬁcia;
2669 480 2775 536 quo
2803 464 2866 520 fit
2886 474 2944 521 ut
2974 465 3078 521 illis
3103 473 3291 537 pereat-
3320 470 3501 539 hospi-

1921 560 2139 614 talitatis
2170 573 2399 622 merces,
2423 556 2637 627 quando
2665 556 2757 611 tali
2785 567 2962 613 mente
2980 558 3260 614 accedunt.
3284 557 3351 614 Et
3371 559 3501 628 quid

1917 666 2051 721 opus
2082 649 2297 706 esthoc
2330 650 2399 705 de
2436 652 2635 704 sanctis
2683 648 2904 705 dicere?
2943 647 3153 704 Etenim
3190 649 3279 721 qui
3313 663 3346 704 a
3384 654 3499 710 Deo

1919 744 2160 799 laborum
2207 743 2431 813 praemia
2478 742 2565 797 hic
2609 742 2822 812 quierit,
2854 751 2909 797 et
2955 749 3171 811 propter
3216 741 3500 811 praesentia

1920 837 2169 889 virtutem
2211 833 2342 899 adit,
2384 831 2695 888 mercedem
2742 847 2891 887 suam
2931 832 3158 887 minuit:
3190 830 3278 902 qui
3319 840 3498 887 autem

1921 927 2153 997 integras
2184 926 2292 981 illic
2329 925 2529 994 expetit
2565 938 2814 991 coronas,
2858 925 3014 995 longe
3052 923 3349 979 mirabilior
3375 939 3502 979 eva-

1920 1017 2000 1073 dit
2026 1035 2042 1083 ;
2073 1017 2211 1072 sicut
2235 1015 2470 1071 Lazarus
2492 1016 2600 1082 ille,
2632 1017 2725 1087 qui
2745 1016 2884 1071 bona
2907 1016 3088 1071 omnia
3112 1017 3351 1087 accepit;
3373 1017 3507 1071 sicut

1923 1118 2033 1162 tres
2065 1108 2237 1179 pueri,
2267 1108 2355 1177 qui
2387 1107 2439 1160 in
2466 1106 2737 1162 fornacem
2760 1122 2887 1162 mox
2917 1107 3191 1177 injicieudi
3218 1106 3507 1163 dicebant:

1924 1198 2017 1252 Est
2045 1198 2181 1253 Deus
2225 1201 2277 1253 in
2322 1199 2481 1266 caelis,
2519 1200 2603 1268 qui
2630 1200 2786 1268 possit
2828 1200 3020 1268 eripere
3044 1216 3136 1254 nos
3160 1216 3179 1265 ;
3204 1200 3284 1253 sin
3322 1200 3509 1261 minus,

1922 1299 2096 1343 notum
2126 1290 2190 1342 sit
2234 1289 2342 1356 tibi,
2384 1305 2495 1355 rex,
2542 1289 2679 1361 quod
2721 1290 2841 1343 deos
2870 1298 2982 1347 tuos
3013 1305 3117 1344 non
3156 1290 3392 1354 colimus,
3422 1303 3512 1343 rrec

1922 1388 2145 1433 statuam
2169 1396 2381 1433 auream
2407 1396 2560 1445 quam
2598 1380 2802 1434 erexisti
2843 1380 3114 1434 adoramus
3144 1378 3304 1452 (Dan.
3336 1381 3390 1436 3.
3424 1381 3512 1435 I7.

1916 1468 2029 1547 .18)
2055 1485 2069 1533 ;
2103 1469 2245 1524 sicut
2271 1468 2565 1535 Abraham,
2594 1470 2686 1540 qui
2711 1469 2877 1524 filium
2897 1486 3052 1525 suum
3083 1471 3301 1526 adduxit
3326 1481 3379 1526 et
3405 1487 3517 1527 ma~

1923 1558 2106 1621 ctavit,
2152 1568 2207 1613 et
2251 1558 2368 1614 haec
2399 1575 2503 1614 non
2537 1575 2635 1630 pro
2665 1561 2917 1619 mercede
2958 1561 3106 1629 fecit,
3138 1562 3232 1619 sed
3264 1579 3511 1634 magnam

1924 1650 2241 1705 existimans
2276 1657 2791 1720 remunerationem,
2824 1655 2969 1723 quod
2997 1656 3225 1711 Domino
3252 1656 3516 1713 obediret.
3614 1724 3623 1735 _

1927 1740 2035 1796 llos
2062 1751 2114 1797 et
2151 1757 2250 1797 nos
2275 1758 2485 1813 quoque
2511 1744 2806 1802 imitemur.
2838 1744 2928 1801 Sic
2953 1748 3097 1802 enim
3125 1754 3339 1820 copiosa
3366 1751 3521 1807 nobis

1924 1833 2190 1889 bonorum
2226 1835 2512 1891 retributio
2552 1837 2753 1905 veniet,
2803 1839 2947 1908 quod
2994 1840 3083 1893 tali
3125 1842 3310 1897 animo
3338 1846 3517 1901 omnia

1926 1925 2205 1992 faciamus,
2231 1936 2286 1982 et
2313 1927 2709 1996 splendidiores
2735 1944 3085 2001 assequemur
3106 1946 3361 1999 coronas;
3386 1953 3519 2006 quas

1926 2017 2127 2071 utin-am
2158 2032 2256 2073 nos
2284 2033 2474 2074 omnes
2517 2022 2880 2091 adipiscamur
2904 2025 3076 2094 gratia
3102 2033 3156 2080 et
3188 2025 3517 2098 benignitate

1930 2109 2139 2164 Domini
2196 2113 2365 2166 nostri
2413 2111 2541 2169 Jesu
2591 2114 2812 2183 Christi,
2859 2118 3073 2185 quicum
3110 2119 3254 2176 Patri
3300 2136 3515 2194 unaque

1924 2201 2144 2272 Spiritui
2170 2215 2355 2260 sancto
2379 2207 2568 2276 gloria,
2594 2208 2904 2279 imperium,
2924 2212 3117 2284 honor,
3142 2229 3360 2275 nuneet
3381 2236 3514 2277 sem-

1926 2309 2044 2363 per,
2073 2305 2127 2350 et
2158 2296 2210 2351 in
2242 2298 2440 2352 saecula
2459 2300 2804 2366 ,smculorum.
2833 2304 3026 2359 Amen.

227 2426 3470 2461 MM

1628 2505 1975 2567 HOMILIA
2003 2506 2182 2572 XXI.

224 2668 359 2725 Car.
390 2665 443 2723 9.
474 2682 523 2720 υ.
555 2667 608 2720 I.
639 2663 764 2719 Non
786 2680 900 2718 sum
924 2662 1185 2733 apostolus
1201 2662 1230 2716 7
1250 2677 1353 2715 non
1372 2676 1482 2715 sum
1503 2659 1666 2713 liber?
1692 2674 1818 2712 non-

302 2776 367 2813 ne
396 2758 653 2813 Christum
689 2755 868 2812 Iesum
904 2753 1183 2809 Dominum
1209 2763 1437 2807 nostrum
1472 2751 1617 2804 vidi?
1655 2766 1821 2805 nonne

309 2868 439 2923 opus
474 2866 641 2905 meum
672 2863 759 2904 vos
788 2850 906 2903 estis
929 2850 983 2902 in
1007 2847 1271 2903 Domino?

299 2946 355 2999 1.
386 2943 520 3010 Quia
546 2957 670 2998 cum
708 2941 971 3009 dixisset,
1017 2941 1080 2996 Si
1123 2957 1238 2996 esca
1264 2940 1578 2995 scandalizat
1612 2942 1820 3009 fratrem

224 3032 790 3101 meum,noncomedam
806 3048 984 3087 carnes
999 3033 1051 3086 in
1067 3033 1332 3097 suculam;
1343 3030 1483 3099 quod
1501 3046 1605 3085 non
1624 3029 1821 3084 fecerat

225 3126 477 3199 quidem,
508 3123 601 3179 sed
632 3137 690 3179 se
715 3125 981 3178 facturum
1009 3123 1362 3193 promiserat,
1395 3124 1439 3177 si
1468 3136 1603 3192 opus
1633 3129 1813 3175 esset:

224 3236 297 3277 ne
327 3219 447 3291 quis
475 3216 683 3272 diceret
706 3257 721 3283 ,
768 3215 989 3271 Frustra
1018 3216 1266 3287 gloriaris
1291 3224 1343 3271 et
1366 3216 1545 3272 verbis
1580 3214 1820 3284 philoso-

228 3312 413 3383 pharis
437 3324 637 3380 oreque
668 3309 938 3380 promittis
958 3351 973 3374 ,
1006 3309 1149 3379 quod
1180 3318 1234 3365 et
1260 3308 1392 3363 mihi
1421 3316 1478 3363 et-
1520 3308 1691 3363 cuivis
1737 3307 1819 3363 fa-

225 3406 335 3461 cile
359 3412 444 3460 est
468 3421 482 3458 :
514 3418 637 3457 nam
660 3404 704 3458 si
724 3418 787 3458 ex
821 3403 1000 3457 animo
1017 3402 1134 3458 haec
1161 3402 1317 3470 dicis,
1340 3417 1401 3457 re
1419 3402 1532 3473 ipsa
1558 3402 1780 3458 ostende
1798 3443 1814 3470 ,

227 3496 353 3565 quid
384 3494 704 3565 dexpexeris
724 3538 740 3563 ,
769 3503 830 3550 ut
853 3510 921 3550 ne
944 3493 1096 3550 fratri
1128 3494 1451 3551 oll'endiculo
1471 3509 1621 3551 esses
1647 3512 1660 3547 :
1695 3494 1814 3550 ideo

225 3590 439 3661 cogitur
456 3588 710 3658 deinceps
737 3590 789 3643 in
818 3588 1011 3644 borum
1039 3588 1560 3645 demonstrationem
1585 3590 1814 3646 descen-

231 3679 397 3747 dere,
449 3680 881 3750 ostendereque,
932 3680 1203 3751 quomodo
1258 3696 1289 3736 a
1336 3682 1497 3737 rebus
1546 3684 1817 3738 concessis

226 3773 580 3840 abstinuerit,
613 3771 755 3826 nulla
787 3772 907 3842 lege
940 3771 1116 3842 ipsum
1146 3780 1396 3844 cogente.
1430 3772 1614 3843 Neque
1641 3774 1816 3831 adhuc

227 3866 423 3921 mirum
451 3864 554 3922 hoc
579 3872 660 3921 est
679 3906 694 3933 ,
723 3865 932 3921 etiamsi
958 3866 1031 3920 sit
1075 3865 1373 3921 mirandum
1394 3906 1408 3930 ,
1452 3868 1593 3937 quod
1624 3883 1655 3921 a
1681 3882 1816 3923 con-

226 3960 397 4015 cessis
424 3958 769 4025 abstinuerit,
800 3972 911 4012 non
944 3956 1105 4013 modo
1136 3965 1194 4012 ut
1230 3973 1337 4013 non
1368 3957 1692 4015 offendiculo
1719 3976 1810 4016 es-

224 4060 331 4117 set,
362 4049 458 4106 sed
486 4050 643 4106 etiam
670 4049 812 4120 quod
834 4065 955 4104 cum
972 4050 1138 4105 multo
1163 4049 1351 4105 labore
1367 4058 1418 4105 et
1446 4050 1683 4120 periculo
1715 4051 1815 4107 hoc

225 4144 453 4200 faceret.
478 4143 614 4213 Quid
640 4143 783 4200 enim
811 4143 991 4200 dicere
1019 4151 1248 4215 oportet,
1282 4144 1474 4214 inquit,
1506 4144 1574 4200 de
1601 4145 1665 4199 iis
1694 4161 1814 4216 qua:

226 4238 504 4294 immolata
530 4246 656 4294 sunt
685 4236 877 4293 idolis?
896 4236 1030 4292 Nam
1050 4252 1171 4292 cum
1199 4236 1445 4292 Christus
1467 4238 1731 4305 statuerit,
1757 4248 1815 4293 ut

225 4335 300 4401 ii,
331 4335 423 4406 qui
450 4333 787 4404 evangelium
831 4331 1162 4403 pradicant,
1194 4345 1261 4386 ex
1287 4331 1543 4387 doctrina:
1573 4333 1813 4387 ministe-

230 4428 315 4482 rio
346 4426 559 4493 vivant,
592 4425 693 4480 hoc
716 4439 820 4495 ego
845 4439 951 4479 nou
981 4423 1116 4490 feci;
1148 4424 1429 4479 sed-statui
1452 4467 1465 4490 ,
1495 4425 1537 4478 si
1568 4440 1702 4495 opus
1723 4439 1813 4479 es-

226 4529 340 4585 set,
372 4519 534 4573 etiam
564 4516 703 4573 fame
731 4518 897 4572 vitam
928 4516 1085 4572 finire
1114 4525 1169 4571 et
1204 4525 1430 4572 mortem
1460 4518 1642 4573 subire
1663 4532 1815 4573 acer-

228 4611 526 4676 bissimam,
548 4626 615 4666 ne
631 4608 755 4680 quid
774 4609 1072 4679 acciperem
1090 4609 1158 4665 ab
1176 4610 1239 4664 iis
1254 4609 1342 4680 qui
1361 4609 1775 4665 instituebantur
1796 4630 1808 4665 :

227 4721 333 4760 non
359 4703 505 4775 quod
537 4702 590 4758 id
616 4703 717 4757 illis
747 4701 1071 4757 oﬂ'endiculo
1097 4701 1273 4769 foret,
1301 4702 1345 4755 si
1373 4717 1479 4756 non
1508 4703 1805 4771 acciperet,

233 4796 329 4851 sed
371 4796 495 4865 quia
545 4793 839 4849 aedificandi
871 4801 1060 4857 erant;
1100 4793 1244 4861 quod
1290 4792 1446 4863 longe
1473 4793 1646 4861 majus
1673 4801 1809 4847 erat.

226 4885 295 4941 Et
322 4887 481 4956 hujus
526 4884 603 4940 rei
633 4892 799 4939 testes
828 4884 973 4952 ipsos
1004 4884 1056 4937 in
1106 4884 1344 4937 medium
1371 4883 1621 4948 adducit,
1671 4882 1812 4952 apud

224 4994 363 5051 quos
384 4994 617 5047 operans
636 4987 691 5033 et
709 4977 953 5033 esuriens
978 4975 1138 5029 vixit:
1164 4985 1217 5029 et
1238 4975 1375 5043 apud
1398 4976 1532 5030 alios
1554 4978 1807 5041 nutritus,

223 5075 277 5130 in
328 5072 579 5140 angustia
620 5071 793 5133 vixit,
852 5062 909 5122 ut
962 5080 1030 5121 ne
1097 5065 1202 5119 illis
1253 5063 1578 5119 offendicula
1632 5065 1807 5121 foret:

222 5161 445 5224 etiamsi
462 5160 655 5215 frustra
694 5161 885 5217 offensi
931 5158 1193 5223 fuissent;
1227 5158 1339 5225 ipse
1366 5172 1598 5227 namque
1637 5158 1809 5226 legem

222 5256 505 5330 implebat,
538 5260 773 5307 attamen
803 5269 869 5307 ex
900 5251 1191 5307 abundanti
1225 5251 1329 5305 illis
1355 5250 1629 5319 parcebat.
1655 5248 1807 5317 Quod

218 5357 266 5409 si
300 5363 467 5423 supra
494 5346 660 5416 legem
693 5345 797 5399 hoc
824 5347 1049 5400 faciebat
1075 5346 1184 5411 ille,
1209 5352 1267 5399 ut
1291 5342 1611 5398 oﬂ‘endiculo
1640 5353 1802 5411 esset,

224 5455 275 5503 rt
301 5444 373 5499 ab
396 5443 461 5498 iis
481 5455 599 5512 quae
618 5436 879 5509 permissa
907 5436 1010 5491 sibi
1035 5447 1189 5492 erant
1214 5436 1470 5491 abstinuit
1490 5434 1555 5489 ad
1578 5434 1805 5490 aliorum

219 5533 671 5596 tdiﬁcationem;
704 5528 835 5600 quid
856 5536 1135 5582 merentur
1152 5527 1265 5594 isti,
1282 5525 1374 5595 qui
1396 5527 1466 5582 ab
1496 5526 1808 5597 idolothytis

217 5642 331 5683 non
364 5625 675 5680 abstinent?
717 5620 877 5689 idque
917 5633 1039 5672 cum
1069 5619 1221 5672 multi
1250 5633 1317 5674 ex
1345 5632 1407 5673 ea
1452 5632 1510 5671 re
1540 5626 1802 5685 pereant,

215 5716 367 5789 quod
383 5725 531 5771 certe
546 5716 709 5771 etiam
732 5712 932 5782 absque
951 5708 1276 5765 oﬂ'endiculo
1295 5707 1480 5781 fugere
1506 5717 1801 5777 oporteret,

215 5827 285 5870 eo
315 5810 463 5883 quod
490 5810 562 5867 sit
601 5808 903 5867 darmonum
952 5818 1163 5861 mensa.
1206 5801 1384 5874 Caput
1426 5802 1585 5874 igitur
1633 5812 1803 5858 totum

1933 2663 2037 2719 hoc
2065 2675 2181 2732 est,
2213 2669 2355 2738 quod
2387 2672 2566 2728 multis
2596 2682 2784 2730 tractat
2804 2676 3068 2735 versibus.
3094 2679 3510 2750 Oportetautem

1932 2772 2047 2811 rem
2098 2761 2425 2829 prepositam
2480 2764 2641 2819 altius
2686 2776 2947 2837 repetere.
2998 2769 3181 2842 Neque
3220 2774 3360 2828 enim
3412 2776 3513 2833 hoc

1929 2847 2073 2904 clare
2099 2852 2373 2920 exposuit,
2408 2861 2466 2909 ut
2487 2854 2597 2925 jam
2630 2857 2769 2922 dixi;
2803 2874 2975 2929 neque
3011 2863 3077 2916 ad
3108 2863 3159 2918 id
3202 2867 3383 2921 statim
3426 2884 3512 2923 re-

1928 2941 2070 3007 silit,
2104 2945 2197 2999 sed
2232 2946 2445 3002 aliunde
2474 2948 2658 3020 incipit
2704 2950 2789 3006 his
2815 2952 3033 3010 verbis:
3069 2952 3192 3011 Non
3231 2974 3346 3011 sum
3385 2975 3510 3029 apo-

1927 3033 2124 3089 stolus?
2145 3036 2275 3091 Nam
2301 3054 2423 3094 cum
2449 3041 2531 3106 iis,
2560 3058 2678 3113 quae
2705 3043 2845 3099 dicta
2874 3055 2997 3101 sunt
3021 3048 3267 3114 ,multum
3288 3066 3501 3123 quoque

1927 3125 2252 3183 discriminis
2297 3132 2552 3199 interest,
2586 3135 2729 3206 quod
2754 3136 2952 3195 Paulus
2982 3140 3050 3193 sit
3080 3141 3171 3211 qui
3214 3141 3328 3198 haec
3354 3142 3503 3202 facit.

1924 3217 2003 3273 Ne
2025 3219 2267 3277 dicerent
2294 3224 2459 3293 enim,
2491 3223 2641 3282 Licet
2668 3244 2728 3284 se
2756 3229 2987 3301 signanti
3016 3243 3256 3302 gustare,
3287 3234 3503 3292 interim

1925 3311 2137 3381 quidem
2161 3312 2286 3369 huic
2310 3316 2388 3371 rei
2420 3331 2529 3371 non
2562 3317 2788 3385 insistit;
2820 3320 2916 3376 sed
2943 3322 3091 3390 dicit,
3122 3321 3347 3382 Etiamsi
3376 3328 3507 3383 lice-

1924 3414 2008 3459 ret
2032 3445 2048 3471 ,
2085 3404 2154 3460 ob
2181 3404 2404 3462 fratrum
2430 3407 2685 3465 damnum
2722 3424 2829 3467 non
2859 3422 3133 3481 oporteret
3160 3414 3263 3471 hoc
3292 3416 3468 3473 facere
3487 3460 3506 3486 ,

1925 3494 2255 3567 demumque
2274 3500 2512 3555 ostendit
2537 3516 2645 3557 non
2674 3502 2858 3560 licere.
2885 3503 3039 3561 Nunc
3065 3516 3241 3564 autem
3272 3510 3505 3580 primum

1923 3587 2052 3643 illud
2084 3591 2272 3659 probat
2298 3607 2364 3647 ex
2387 3591 2454 3648 iis
2478 3610 2596 3664 qua:
2623 3594 2690 3650 ad
2718 3610 2778 3652 se
2804 3608 3078 3669 spectant;
3109 3610 3163 3656 et
3183 3600 3421 3660 dicturus
3445 3620 3506 3663 se

1924 3680 2059 3735 nihil
2087 3681 2155 3737 ab
2181 3682 2286 3738 illis
2328 3686 2601 3756 accepisse
2621 3728 2636 3752 ,
2679 3701 2786 3743 non
2815 3690 2993 3744 Statim
3022 3691 3152 3747 illud
3182 3696 3369 3764 ponit,
3401 3698 3497 3753 sed

1922 3771 2233 3843 dignitatem
2279 3789 2428 3830 suam
2460 3776 2635 3846 primo
2666 3776 2833 3833 dicit:
2877 3779 2999 3835 Non
3045 3798 3157 3837 sum
3202 3788 3507 3857 apostolus?

1922 3880 2025 3919 non
2047 3882 2161 3920 sum
2191 3866 2357 3922 liber?
2380 3867 2459 3923 Ne
2487 3868 2730 3925 dicerent
2756 3870 2899 3927 enim
2927 3890 2940 3928 :
2969 3874 3189 3932 Etiamsi
3214 3893 3320 3932 non
3345 3895 3502 3938 acce-

1922 3959 2098 4028 peris,
2127 3960 2269 4029 quod
2318 3976 2425 4017 non
2474 3961 2663 4018 liceret
2690 3977 2799 4019 non
2827 3968 3122 4036 accepisti;
3157 3968 3280 4025 ideo
3327 3972 3502 4042 primo

1921 4052 2072 4121 ponit
2094 4066 2305 4120 causas,
2335 4062 2556 4126 pr0pter
2582 4070 2715 4128 quas
2739 4057 2863 4129 jure
2887 4062 3201 4130 accepisset,
3230 4063 3275 4117 si
3302 4065 3505 4119 voluis-

1919 4150 2002 4197 set
2027 4143 2295 4214 accipere.

1993 4231 2193 4289 Paulus
2230 4252 2323 4289 cur
2348 4237 2571 4307 seipsum
2593 4237 2795 4293 laudet.
2812 4266 2887 4280 --
2916 4239 3116 4295 Deinde
3137 4255 3204 4296 ne
3223 4241 3504 4302 videretur

1922 4323 2037 4381 haec
2053 4324 2237 4381 dicens
2260 4327 2475 4383 Petrum
2489 4338 2544 4385 et
2560 4344 2686 4385 suos
2697 4330 2967 4386 criminari
2988 4332 3131 4402 (nam
3156 4332 3230 4388 illi
3261 4336 3493 4407 accipie-

1924 4416 2083 4491 bant)
2105 4436 2119 4474 :
2136 4420 2307 4489 primo
2327 4422 2560 4477 ostendit
2578 4422 2681 4478 illis
2694 4424 2936 4495 accipere
2955 4424 3196 4482 licuisse:
3215 4426 3496 4484 deindene

1918 4510 2041 4580 quis
2065 4509 2305 4567 diceret:
2335 4512 2494 4568 Petro
2515 4512 2732 4585 quidem
2757 4515 3004 4583 accipere
3034 4514 3218 4585 licuit,
3249 4518 3342 4572 tibi
3370 4532 3499 4573 vero

1920 4618 2026 4658 non
2072 4604 2254 4673 licuit;
2298 4607 2598 4661 auditorem
2641 4608 2918 4678 praevertit
2954 4607 3200 4665 laudibus
3229 4611 3380 4665 suis:
3416 4613 3495 4666 vi-

1918 4698 2159 4770 densque
2199 4702 2559 4755 necessarium
2584 4716 2707 4757 esse
2767 4712 2827 4757 ut
2856 4716 2916 4757 se
2946 4702 3187 4758 laudaret
3218 4702 3329 4774 (sic
3351 4706 3498 4761 enim

1918 4792 2183 4847 Corinthii
2214 4794 2688 4864 corrigebantur);
2730 4794 2981 4865 nihilque
3006 4804 3182 4849 tamen
3217 4796 3403 4852 volens
3430 4799 3498 4854 de

1918 4898 1976 4939 se
1999 4898 2245 4954 magnum
2267 4885 2447 4939 dicere
2464 4927 2477 4949 ,
2512 4885 2608 4940 sed
2632 4895 2888 4956 quantum
2920 4886 3169 4956 exigebat
3197 4903 3326 4943 usus
3355 4906 3493 4957 prae-

1918 4974 2085 5030 sentis
2114 4975 2368 5044 propositi
2394 4994 2405 5027 :
2449 4974 2566 5030 vide
2594 4977 2865 5046 quomodo
2892 4977 3135 5048 utrisque
3167 4988 3224 5034 ut
3257 4994 3287 5033 e
3311 4994 3367 5033 re
3394 4978 3495 5036 fuit

1920 5082 2047 5120 usus
2076 5076 2187 5132 est,
2216 5075 2420 5121 tantum
2442 5081 2502 5122 se
2532 5067 2753 5121 laudans
2773 5106 2789 5133 ,
2826 5082 2933 5121 non
2962 5078 3221 5139 quantum
3248 5069 3363 5138 ipse
3394 5071 3496 5127 sibi

1915 5156 2162 5212 conscius
2184 5166 2334 5222 erat,
2363 5157 2458 5210 sed
2486 5165 2739 5225 quantum
2767 5157 3013 5228 exigebat
3037 5174 3273 5229 praesens
3298 5176 3491 5217 neces-

1915 5247 2063 5301 sitas.
2093 5244 2224 5299 Cum
2254 5253 2432 5315 posset
2458 5246 2600 5300 enim
2631 5246 2833 5315 dicere,
2857 5249 2939 5304 Me
2964 5249 3084 5318 plus
3122 5264 3280 5320 quam
3306 5267 3496 5317 omnes

1915 5349 1968 5394 et
1994 5354 2150 5407 quam
2181 5338 2301 5391 illos
2324 5338 2606 5408 oportebat
2630 5342 2905 5410 accipere,
2937 5341 3057 5409 quia
3082 5340 3200 5411 plus
3228 5358 3387 5414 quam
3417 5344 3493 5399 illi

1914 5431 2180 5494 laboravi;
2212 5431 2313 5486 hoc
2341 5433 2554 5501 quidem
2578 5449 2683 5488 non
2706 5431 2854 5499 dicit,
2879 5433 3023 5503 quod
3053 5436 3333 5491 sublimius
3356 5436 3489 5494 fuis-

1914 5533 2025 5589 set;
2067 5523 2160 5577 sed
2189 5539 2251 5578 ea
2290 5524 2403 5579 sola
2433 5526 2618 5593 ponit,
2649 5539 2718 5578 ex
2745 5524 2938 5593 quibus
2967 5525 3044 5581 illi
3089 5527 3268 5597 magni
3290 5541 3446 5583 erant
3465 5570 3481 5595 ,

1911 5626 1966 5671 ct
1991 5615 2130 5670 unde
2150 5616 2272 5685 jure
2293 5617 2625 5687 accipiebant
2642 5656 2660 5683 ,
2686 5617 2765 5671 sic
2793 5615 3019 5687 loquens
3042 5636 3058 5673 :
3087 5616 3211 5673 Non
3234 5635 3349 5675 sum
3368 5636 3493 5689 apo-

1912 5708 2106 5763 stolas?
2133 5727 2234 5763 non
2261 5727 2375 5763 sum
2401 5709 2561 5764 liber?
2584 5708 2639 5762 Id
2683 5718 2803 5764 est:
2834 5724 3015 5765 annon
3043 5709 3150 5766 mei
3195 5712 3362 5782 ipsius
3388 5727 3487 5783 po-

1912 5810 2158 5857 testatein
2187 5801 2401 5858 habeo?
2428 5816 2499 5857 an
2535 5802 2767 5871 cuipiam
2811 5800 3057 5858 subditus
3097 5816 3251 5874 sum,
3280 5802 3373 5874 qui
3404 5819 3489 5860 me
