  <div class='ocr_page' id='page_1' title='image "/cluster/home/n/w/nwhite01/storage/ocr_20150623/61/nnc1.0022379681/179.png"; bbox 0 0 4022 6214; ppageno 0'>
   <div class='ocr_carea' id='block_1_1' title="bbox 510 284 603 337">
    <p class='ocr_par' dir='ltr' id='par_1_1' title="bbox 510 284 603 337">
     <span class='ocr_line' id='line_1_1' title="bbox 510 284 603 337; baseline 0 0"><span class='ocrx_word' id='word_1_1' title='bbox 510 284 603 337; x_wconf 66' lang='grc'><strong>171</strong></span> 
     </span>
    </p>
   </div>
   <div class='ocr_carea' id='block_1_2' title="bbox 517 391 2090 467">
    <p class='ocr_par' dir='ltr' id='par_1_2' title="bbox 517 391 2090 467">
     <span class='ocr_line' id='line_1_2' title="bbox 517 391 2090 467; baseline -0.004 -15"><span class='ocrx_word' id='word_1_2' title='bbox 517 406 671 467; x_wconf 83' lang='lat' dir='ltr'><strong>cogat</strong></span> <span class='ocrx_word' id='word_1_3' title='bbox 696 404 750 449; x_wconf 92' lang='lat' dir='ltr'><strong>et</strong></span> <span class='ocrx_word' id='word_1_4' title='bbox 776 401 920 449; x_wconf 85' lang='lat' dir='ltr'><strong>vetet</strong></span> <span class='ocrx_word' id='word_1_5' title='bbox 959 393 1244 463; x_wconf 78' lang='lat' dir='ltr'><strong>accipere?</strong></span> <span class='ocrx_word' id='word_1_6' title='bbox 1270 394 1339 447; x_wconf 85' lang='lat' dir='ltr'><strong>At</strong></span> <span class='ocrx_word' id='word_1_7' title='bbox 1374 393 1446 447; x_wconf 85' lang='lat' dir='ltr'><strong>illi</strong></span> <span class='ocrx_word' id='word_1_8' title='bbox 1471 391 1673 461; x_wconf 81' lang='lat' dir='ltr'><strong>aliquid</strong></span> <span class='ocrx_word' id='word_1_9' title='bbox 1704 392 1826 463; x_wconf 98' lang='lat' dir='ltr'><strong>plus</strong></span> <span class='ocrx_word' id='word_1_10' title='bbox 1855 392 2090 457; x_wconf 94' lang='lat' dir='ltr'><strong>habent,</strong></span> 
     </span>
    </p>
   </div>
   <div class='ocr_carea' id='block_1_3' title="bbox 515 482 2099 558">
    <p class='ocr_par' dir='ltr' id='par_1_3' title="bbox 515 482 2099 558">
     <span class='ocr_line' id='line_1_3' title="bbox 515 482 2099 558; baseline -0.003 -17"><span class='ocrx_word' id='word_1_11' title='bbox 515 486 656 558; x_wconf 89' lang='lat' dir='ltr'><strong>quod</strong></span> <span class='ocrx_word' id='word_1_12' title='bbox 690 485 885 541; x_wconf 86' lang='lat' dir='ltr'><strong>fuerint</strong></span> <span class='ocrx_word' id='word_1_13' title='bbox 912 498 1035 539; x_wconf 90' lang='lat' dir='ltr'><strong>cum</strong></span> <span class='ocrx_word' id='word_1_14' title='bbox 1062 483 1297 539; x_wconf 78' lang='lat' dir='ltr'><strong>Christo.</strong></span> <span class='ocrx_word' id='word_1_15' title='bbox 1319 482 1517 538; x_wconf 82' lang='lat' dir='ltr'><strong>Verum</strong></span> <span class='ocrx_word' id='word_1_16' title='bbox 1545 497 1613 538; x_wconf 91' lang='lat' dir='ltr'><strong>ne</strong></span> <span class='ocrx_word' id='word_1_17' title='bbox 1636 482 1729 537; x_wconf 87' lang='lat' dir='ltr'><strong>illo</strong></span> <span class='ocrx_word' id='word_1_18' title='bbox 1757 483 1971 553; x_wconf 87' lang='lat' dir='ltr'><strong>quidem</strong></span> <span class='ocrx_word' id='word_1_19' title='bbox 1999 498 2066 537; x_wconf 79' lang='lat' dir='ltr'><strong>ex</strong></span> <span class='ocrx_word' id='word_1_20' title='bbox 2084 508 2099 520; x_wconf 82' lang='grc' dir='ltr'><strong>ο</strong></span> 
     </span>
    </p>
   </div>
   <div class='ocr_carea' id='block_1_4' title="bbox 513 573 2100 647">
    <p class='ocr_par' dir='ltr' id='par_1_4' title="bbox 513 573 2100 647">
     <span class='ocr_line' id='line_1_4' title="bbox 513 573 2100 647; baseline -0.005 -13"><span class='ocrx_word' id='word_1_21' title='bbox 513 595 635 647; x_wconf 80' lang='lat' dir='ltr'><strong>pers</strong></span> <span class='ocrx_word' id='word_1_22' title='bbox 660 578 729 633; x_wconf 89' lang='lat' dir='ltr'><strong>fui</strong></span> <span class='ocrx_word' id='word_1_23' title='bbox 757 597 771 633; x_wconf 89' lang='lat'><strong>:</strong></span> <span class='ocrx_word' id='word_1_24' title='bbox 804 576 925 632; x_wconf 88' lang='lat' dir='ltr'><strong>ideo</strong></span> <span class='ocrx_word' id='word_1_25' title='bbox 951 575 1081 631; x_wconf 91' lang='lat' dir='ltr'><strong>dicit</strong></span> <span class='ocrx_word' id='word_1_26' title='bbox 1106 594 1119 630; x_wconf 93' lang='lat'><strong>:</strong></span> <span class='ocrx_word' id='word_1_27' title='bbox 1152 573 1339 630; x_wconf 83' lang='lat' dir='ltr'><strong>Nonne</strong></span> <span class='ocrx_word' id='word_1_28' title='bbox 1364 575 1643 630; x_wconf 85' lang='lat' dir='ltr'><strong>Dominum</strong></span> <span class='ocrx_word' id='word_1_29' title='bbox 1666 583 1893 629; x_wconf 83' lang='lat' dir='ltr'><strong>nostrum</strong></span> <span class='ocrx_word' id='word_1_30' title='bbox 1918 573 2100 628; x_wconf 73' lang='lat' dir='ltr'><strong>Iesum</strong></span> 
     </span>
    </p>
   </div>
   <div class='ocr_carea' id='block_1_5' title="bbox 508 666 2099 739">
    <p class='ocr_par' dir='ltr' id='par_1_5' title="bbox 508 666 2099 739">
     <span class='ocr_line' id='line_1_5' title="bbox 508 666 2099 739; baseline -0.006 -11"><span class='ocrx_word' id='word_1_31' title='bbox 508 673 766 728; x_wconf 82' lang='lat' dir='ltr'><strong>Christum</strong></span> <span class='ocrx_word' id='word_1_32' title='bbox 803 670 953 726; x_wconf 77' lang='lat' dir='ltr'><strong>nidi.’</strong></span> <span class='ocrx_word' id='word_1_33' title='bbox 998 668 1291 724; x_wconf 75' lang='lat' dir='ltr'><strong>Novissime</strong></span> <span class='ocrx_word' id='word_1_34' title='bbox 1332 671 1520 739; x_wconf 76' lang='lat' dir='ltr'><strong>quippe</strong></span> <span class='ocrx_word' id='word_1_35' title='bbox 1564 668 1830 735; x_wconf 84' lang='lat' dir='ltr'><strong>omnium,</strong></span> <span class='ocrx_word' id='word_1_36' title='bbox 1886 666 2099 737; x_wconf 85' lang='lat' dir='ltr'><strong>inquit,</strong></span> 
     </span>
    </p>
   </div>
   <div class='ocr_carea' id='block_1_6' title="bbox 507 757 2097 835">
    <p class='ocr_par' dir='ltr' id='par_1_6' title="bbox 507 757 2097 835">
     <span class='ocr_line' id='line_1_6' title="bbox 507 757 2097 835; baseline -0.005 -19"><span class='ocrx_word' id='word_1_37' title='bbox 507 776 762 835; x_wconf 79' lang='lat' dir='ltr'><strong>tamquam</strong></span> <span class='ocrx_word' id='word_1_38' title='bbox 804 762 1032 817; x_wconf 69' lang='lat' dir='ltr'><strong>abortivo</strong></span> <span class='ocrx_word' id='word_1_39' title='bbox 1067 762 1203 816; x_wconf 80' lang='lat' dir='ltr'><strong>nisus</strong></span> <span class='ocrx_word' id='word_1_40' title='bbox 1244 770 1317 814; x_wconf 85' lang='lat' dir='ltr'><strong>est</strong></span> <span class='ocrx_word' id='word_1_41' title='bbox 1368 770 1415 813; x_wconf 90' lang='lat' dir='ltr'><strong>et</strong></span> <span class='ocrx_word' id='word_1_42' title='bbox 1454 758 1579 814; x_wconf 77' lang='lat' dir='ltr'><strong>mihi</strong></span> <span class='ocrx_word' id='word_1_43' title='bbox 1599 758 1620 830; x_wconf 84' lang='lat'>(</span> <span class='ocrx_word' id='word_1_44' title='bbox 1649 759 1704 815; x_wconf 78' lang='grc'><strong>1.</strong></span> <span class='ocrx_word' id='word_1_45' title='bbox 1731 757 1851 814; x_wconf 87' lang='lat' dir='ltr'><strong>Cor.</strong></span> <span class='ocrx_word' id='word_1_46' title='bbox 1886 758 1974 813; x_wconf 79' lang='grc'><strong>15.</strong></span> <span class='ocrx_word' id='word_1_47' title='bbox 2003 757 2097 827; x_wconf 89' lang='grc'><strong>8).</strong></span> 
     </span>
    </p>
   </div>
   <div class='ocr_carea' id='block_1_7' title="bbox 507 849 2101 927">
    <p class='ocr_par' dir='ltr' id='par_1_7' title="bbox 507 849 2101 927">
     <span class='ocr_line' id='line_1_7' title="bbox 507 849 2101 927; baseline -0.007 -15"><span class='ocrx_word' id='word_1_48' title='bbox 507 857 620 912; x_wconf 81' lang='lat' dir='ltr'><strong>Non</strong></span> <span class='ocrx_word' id='word_1_49' title='bbox 650 870 811 927; x_wconf 85' lang='lat' dir='ltr'><strong>parva</strong></span> <span class='ocrx_word' id='word_1_50' title='bbox 842 862 1024 909; x_wconf 90' lang='lat' dir='ltr'><strong>autem</strong></span> <span class='ocrx_word' id='word_1_51' title='bbox 1056 853 1171 908; x_wconf 69' lang='lat' dir='ltr'><strong>hare</strong></span> <span class='ocrx_word' id='word_1_52' title='bbox 1198 861 1314 907; x_wconf 91' lang='lat' dir='ltr'><strong>erat</strong></span> <span class='ocrx_word' id='word_1_53' title='bbox 1339 852 1592 921; x_wconf 90' lang='lat' dir='ltr'><strong>dignitas.</strong></span> <span class='ocrx_word' id='word_1_54' title='bbox 1622 849 1779 904; x_wconf 74' lang='lat' dir='ltr'><strong>Multi</strong></span> <span class='ocrx_word' id='word_1_55' title='bbox 1798 850 1943 904; x_wconf 92' lang='lat' dir='ltr'><strong>enim</strong></span> <span class='ocrx_word' id='word_1_56' title='bbox 1974 864 2101 918; x_wconf 83' lang='lat' dir='ltr'><strong>pro-</strong></span> 
     </span>
    </p>
   </div>
   <div class='ocr_carea' id='block_1_8' title="bbox 509 942 2097 1018">
    <p class='ocr_par' dir='ltr' id='par_1_8' title="bbox 509 942 2097 1018">
     <span class='ocr_line' id='line_1_8' title="bbox 509 942 2097 1018; baseline -0.007 -14"><span class='ocrx_word' id='word_1_57' title='bbox 509 951 673 1018; x_wconf 71' lang='lat' dir='ltr'><strong>phetia</strong></span> <span class='ocrx_word' id='word_1_58' title='bbox 692 958 741 1002; x_wconf 90' lang='lat' dir='ltr'><strong>et</strong></span> <span class='ocrx_word' id='word_1_59' title='bbox 760 948 912 1017; x_wconf 81' lang='lat' dir='ltr'><strong>justi,</strong></span> <span class='ocrx_word' id='word_1_60' title='bbox 941 947 1131 1016; x_wconf 84' lang='lat' dir='ltr'><strong>inquit,</strong></span> <span class='ocrx_word' id='word_1_61' title='bbox 1164 946 1425 1000; x_wconf 77' lang='lat' dir='ltr'><strong>voluerunt</strong></span> <span class='ocrx_word' id='word_1_62' title='bbox 1451 945 1619 998; x_wconf 80' lang='lat' dir='ltr'><strong>uidere</strong></span> <span class='ocrx_word' id='word_1_63' title='bbox 1641 958 1757 1013; x_wconf 73' lang='lat' dir='ltr'><strong>qua:</strong></span> <span class='ocrx_word' id='word_1_64' title='bbox 1785 959 1872 996; x_wconf 82' lang='lat' dir='ltr'><strong>vos</strong></span> <span class='ocrx_word' id='word_1_65' title='bbox 1895 942 2097 1005; x_wconf 83' lang='lat' dir='ltr'><strong>videtis,</strong></span> 
     </span>
    </p>
   </div>
   <div class='ocr_carea' id='block_1_9' title="bbox 508 1032 2100 1111">
    <p class='ocr_par' dir='ltr' id='par_1_9' title="bbox 508 1032 2100 1111">
     <span class='ocr_line' id='line_1_9' title="bbox 508 1032 2100 1111; baseline -0.005 -18"><span class='ocrx_word' id='word_1_66' title='bbox 508 1050 555 1093; x_wconf 87' lang='lat' dir='ltr'><strong>et</strong></span> <span class='ocrx_word' id='word_1_67' title='bbox 606 1056 709 1094; x_wconf 84' lang='lat' dir='ltr'><strong>non</strong></span> <span class='ocrx_word' id='word_1_68' title='bbox 763 1039 1000 1093; x_wconf 78' lang='lat' dir='ltr'><strong>viderunt</strong></span> <span class='ocrx_word' id='word_1_69' title='bbox 1047 1036 1279 1111; x_wconf 60' lang='lat' dir='ltr'><strong>(Matth.</strong></span> <span class='ocrx_word' id='word_1_70' title='bbox 1314 1037 1400 1091; x_wconf 81' lang='grc'><strong>15.</strong></span> <span class='ocrx_word' id='word_1_71' title='bbox 1444 1035 1584 1104; x_wconf 76' lang='lat' dir='ltr'><strong>l7);</strong></span> <span class='ocrx_word' id='word_1_72' title='bbox 1615 1044 1704 1100; x_wconf 91' lang='lat' dir='ltr'><strong>et,</strong></span> <span class='ocrx_word' id='word_1_73' title='bbox 1750 1032 1955 1087; x_wconf 84' lang='lat' dir='ltr'><strong>Venient</strong></span> <span class='ocrx_word' id='word_1_74' title='bbox 1993 1032 2100 1087; x_wconf 78' lang='lat' dir='ltr'><strong>dies</strong></span> 
     </span>
    </p>
   </div>
   <div class='ocr_carea' id='block_1_10' title="bbox 508 1122 2095 1197">
    <p class='ocr_par' dir='ltr' id='par_1_10' title="bbox 508 1122 2095 1197">
     <span class='ocr_line' id='line_1_10' title="bbox 508 1122 2095 1197; baseline -0.007 -12"><span class='ocrx_word' id='word_1_75' title='bbox 508 1131 711 1197; x_wconf 80' lang='lat' dir='ltr'><strong>quando</strong></span> <span class='ocrx_word' id='word_1_76' title='bbox 737 1129 913 1184; x_wconf 75' lang='lat' dir='ltr'><strong>voletis</strong></span> <span class='ocrx_word' id='word_1_77' title='bbox 934 1128 1106 1183; x_wconf 70' lang='lat' dir='ltr'><strong>ridere</strong></span> <span class='ocrx_word' id='word_1_78' title='bbox 1124 1145 1283 1182; x_wconf 83' lang='lat' dir='ltr'><strong>unum</strong></span> <span class='ocrx_word' id='word_1_79' title='bbox 1300 1143 1363 1181; x_wconf 62' lang='lat' dir='ltr'><strong>at:</strong></span> <span class='ocrx_word' id='word_1_80' title='bbox 1392 1127 1471 1181; x_wconf 81' lang='lat' dir='ltr'><strong>bis</strong></span> <span class='ocrx_word' id='word_1_81' title='bbox 1492 1126 1667 1182; x_wconf 83' lang='lat' dir='ltr'><strong>diebus</strong></span> <span class='ocrx_word' id='word_1_82' title='bbox 1695 1123 1848 1194; x_wconf 86' lang='lat' dir='ltr'><strong>(Luc.</strong></span> <span class='ocrx_word' id='word_1_83' title='bbox 1872 1124 1959 1177; x_wconf 83' lang='lat' dir='ltr'><strong>l7.</strong></span> <span class='ocrx_word' id='word_1_84' title='bbox 1980 1122 2095 1192; x_wconf 72' lang='lat'><strong>2.2).</strong></span> 
     </span>
    </p>
   </div>
   <div class='ocr_carea' id='block_1_11' title="bbox 507 1215 2097 1290">
    <p class='ocr_par' dir='ltr' id='par_1_11' title="bbox 507 1215 2097 1290">
     <span class='ocr_line' id='line_1_11' title="bbox 507 1215 2097 1290; baseline -0.007 -11"><span class='ocrx_word' id='word_1_85' title='bbox 507 1222 645 1290; x_wconf 82' lang='lat' dir='ltr'><strong>Quid</strong></span> <span class='ocrx_word' id='word_1_86' title='bbox 673 1231 807 1287; x_wconf 90' lang='lat' dir='ltr'><strong>tum,</strong></span> <span class='ocrx_word' id='word_1_87' title='bbox 834 1222 1045 1277; x_wconf 90' lang='lat' dir='ltr'><strong>etiamsi</strong></span> <span class='ocrx_word' id='word_1_88' title='bbox 1072 1218 1147 1274; x_wconf 90' lang='lat' dir='ltr'><strong>sis</strong></span> <span class='ocrx_word' id='word_1_89' title='bbox 1170 1220 1453 1290; x_wconf 80' lang='lat' dir='ltr'><strong>apostolus</strong></span> <span class='ocrx_word' id='word_1_90' title='bbox 1477 1228 1533 1273; x_wconf 89' lang='lat' dir='ltr'><strong>et</strong></span> <span class='ocrx_word' id='word_1_91' title='bbox 1559 1216 1716 1281; x_wconf 85' lang='lat' dir='ltr'><strong>liber,</strong></span> <span class='ocrx_word' id='word_1_92' title='bbox 1743 1225 1799 1271; x_wconf 91' lang='lat' dir='ltr'><strong>et</strong></span> <span class='ocrx_word' id='word_1_93' title='bbox 1827 1215 2097 1270; x_wconf 83' lang='lat' dir='ltr'><strong>Christum</strong></span> 
     </span>
    </p>
   </div>
   <div class='ocr_carea' id='block_1_12' title="bbox 507 1308 2099 1381">
    <p class='ocr_par' dir='ltr' id='par_1_12' title="bbox 507 1308 2099 1381">
     <span class='ocr_line' id='line_1_12' title="bbox 507 1308 2099 1381; baseline -0.006 -11"><span class='ocrx_word' id='word_1_94' title='bbox 507 1314 744 1381; x_wconf 80' lang='lat' dir='ltr'><strong>videris;</strong></span> <span class='ocrx_word' id='word_1_95' title='bbox 777 1313 824 1370; x_wconf 85' lang='lat' dir='ltr'><strong>si</strong></span> <span class='ocrx_word' id='word_1_96' title='bbox 852 1313 1058 1367; x_wconf 89' lang='lat' dir='ltr'><strong>nullum</strong></span> <span class='ocrx_word' id='word_1_97' title='bbox 1084 1310 1394 1367; x_wconf 79' lang='lat' dir='ltr'><strong>exhibueris</strong></span> <span class='ocrx_word' id='word_1_98' title='bbox 1421 1308 1648 1380; x_wconf 88' lang='lat' dir='ltr'><strong>apostoli</strong></span> <span class='ocrx_word' id='word_1_99' title='bbox 1674 1322 1809 1376; x_wconf 88' lang='lat' dir='ltr'><strong>opus</strong></span> <span class='ocrx_word' id='word_1_100' title='bbox 1833 1347 1849 1370; x_wconf 84' lang='lat'><strong>,</strong></span> <span class='ocrx_word' id='word_1_101' title='bbox 1874 1320 2099 1377; x_wconf 85' lang='lat' dir='ltr'><strong>quomo-</strong></span> 
     </span>
    </p>
   </div>
   <div class='ocr_carea' id='block_1_13' title="bbox 507 1398 2100 1473">
    <p class='ocr_par' dir='ltr' id='par_1_13' title="bbox 507 1398 2100 1473">
     <span class='ocr_line' id='line_1_13' title="bbox 507 1398 2100 1473; baseline -0.003 -12"><span class='ocrx_word' id='word_1_102' title='bbox 507 1407 577 1461; x_wconf 91' lang='lat' dir='ltr'><strong>do</strong></span> <span class='ocrx_word' id='word_1_103' title='bbox 607 1405 774 1461; x_wconf 86' lang='lat' dir='ltr'><strong>debes</strong></span> <span class='ocrx_word' id='word_1_104' title='bbox 818 1404 1109 1473; x_wconf 78' lang='lat' dir='ltr'><strong>accipere?</strong></span> <span class='ocrx_word' id='word_1_105' title='bbox 1159 1401 1282 1458; x_wconf 85' lang='lat' dir='ltr'><strong>Ideo</strong></span> <span class='ocrx_word' id='word_1_106' title='bbox 1334 1410 1522 1472; x_wconf 88' lang='lat' dir='ltr'><strong>postea</strong></span> <span class='ocrx_word' id='word_1_107' title='bbox 1569 1399 1880 1469; x_wconf 79' lang='lat' dir='ltr'><strong>subjunxit:</strong></span> <span class='ocrx_word' id='word_1_108' title='bbox 1912 1398 2100 1456; x_wconf 78' lang='lat' dir='ltr'><strong>Nonne</strong></span> 
     </span>
    </p>
   </div>
   <div class='ocr_carea' id='block_1_14' title="bbox 494 1485 2097 1568">
    <p class='ocr_par' dir='ltr' id='par_1_14' title="bbox 494 1485 2097 1568">
     <span class='ocr_line' id='line_1_14' title="bbox 494 1485 2097 1568; baseline -0.003 -17"><span class='ocrx_word' id='word_1_109' title='bbox 494 1514 633 1568; x_wconf 50' lang='lat' dir='ltr'><strong>‘opus</strong></span> <span class='ocrx_word' id='word_1_110' title='bbox 654 1512 822 1549; x_wconf 83' lang='lat' dir='ltr'><strong>meum</strong></span> <span class='ocrx_word' id='word_1_111' title='bbox 850 1511 939 1549; x_wconf 81' lang='lat' dir='ltr'><strong>nos</strong></span> <span class='ocrx_word' id='word_1_112' title='bbox 959 1494 1076 1548; x_wconf 88' lang='lat' dir='ltr'><strong>estis</strong></span> <span class='ocrx_word' id='word_1_113' title='bbox 1100 1495 1154 1546; x_wconf 83' lang='lat' dir='ltr'><strong>in</strong></span> <span class='ocrx_word' id='word_1_114' title='bbox 1184 1485 1387 1549; x_wconf 85' lang='lat' dir='ltr'><strong>Christo</strong></span> <span class='ocrx_word' id='word_1_115' title='bbox 1409 1492 1439 1547; x_wconf 67' lang='grc' dir='ltr'><strong><em>Ρ</em></strong></span> <span class='ocrx_word' id='word_1_116' title='bbox 1476 1492 1591 1547; x_wconf 81' lang='lat' dir='ltr'><strong>Hoc</strong></span> <span class='ocrx_word' id='word_1_117' title='bbox 1616 1492 1814 1563; x_wconf 84' lang='lat' dir='ltr'><strong>quippe</strong></span> <span class='ocrx_word' id='word_1_118' title='bbox 1839 1505 2097 1561; x_wconf 85' lang='lat' dir='ltr'><strong>magnum</strong></span> 
     </span>
    </p>
   </div>
   <div class='ocr_carea' id='block_1_15' title="bbox 506 1581 2100 1656">
    <p class='ocr_par' dir='ltr' id='par_1_15' title="bbox 506 1581 2100 1656">
     <span class='ocr_line' id='line_1_15' title="bbox 506 1581 2100 1656; baseline -0.006 -11"><span class='ocrx_word' id='word_1_119' title='bbox 506 1599 587 1645; x_wconf 90' lang='lat' dir='ltr'><strong>est</strong></span> <span class='ocrx_word' id='word_1_120' title='bbox 612 1606 625 1642; x_wconf 90' lang='lat'>:</span> <span class='ocrx_word' id='word_1_121' title='bbox 658 1587 899 1643; x_wconf 83' lang='lat' dir='ltr'><strong>nam‘illa</strong></span> <span class='ocrx_word' id='word_1_122' title='bbox 930 1586 1133 1656; x_wconf 87' lang='lat' dir='ltr'><strong>absque</strong></span> <span class='ocrx_word' id='word_1_123' title='bbox 1160 1586 1264 1640; x_wconf 89' lang='lat' dir='ltr'><strong>hoc</strong></span> <span class='ocrx_word' id='word_1_124' title='bbox 1292 1583 1428 1639; x_wconf 84' lang='lat' dir='ltr'><strong>nihil</strong></span> <span class='ocrx_word' id='word_1_125' title='bbox 1460 1582 1667 1653; x_wconf 77' lang='lat' dir='ltr'><strong>juvant.</strong></span> <span class='ocrx_word' id='word_1_126' title='bbox 1695 1582 1906 1637; x_wconf 86' lang='lat' dir='ltr'><strong>Etenim</strong></span> <span class='ocrx_word' id='word_1_127' title='bbox 1933 1581 2100 1637; x_wconf 75' lang='lat' dir='ltr'><strong>ludas</strong></span> 
     </span>
    </p>
   </div>
   <div class='ocr_carea' id='block_1_16' title="bbox 506 1673 2097 1751">
    <p class='ocr_par' dir='ltr' id='par_1_16' title="bbox 506 1673 2097 1751">
     <span class='ocr_line' id='line_1_16' title="bbox 506 1673 2097 1751; baseline -0.003 -16"><span class='ocrx_word' id='word_1_128' title='bbox 506 1679 784 1751; x_wconf 84' lang='lat' dir='ltr'><strong>apostolus</strong></span> <span class='ocrx_word' id='word_1_129' title='bbox 805 1685 923 1734; x_wconf 91' lang='lat' dir='ltr'><strong>erat</strong></span> <span class='ocrx_word' id='word_1_130' title='bbox 944 1686 1000 1733; x_wconf 91' lang='lat' dir='ltr'><strong>et</strong></span> <span class='ocrx_word' id='word_1_131' title='bbox 1031 1677 1168 1732; x_wconf 90' lang='lat' dir='ltr'><strong>liber</strong></span> <span class='ocrx_word' id='word_1_132' title='bbox 1185 1716 1204 1743; x_wconf 93' lang='lat'><strong>,</strong></span> <span class='ocrx_word' id='word_1_133' title='bbox 1234 1683 1397 1746; x_wconf 88' lang='lat' dir='ltr'><strong>atque</strong></span> <span class='ocrx_word' id='word_1_134' title='bbox 1424 1674 1699 1731; x_wconf 81' lang='lat' dir='ltr'><strong>Christum</strong></span> <span class='ocrx_word' id='word_1_135' title='bbox 1727 1674 1967 1740; x_wconf 79' lang='lat' dir='ltr'><strong>viderat;</strong></span> <span class='ocrx_word' id='word_1_136' title='bbox 1998 1673 2097 1730; x_wconf 86' lang='lat' dir='ltr'><strong>sed</strong></span> 
     </span>
    </p>
   </div>
   <div class='ocr_carea' id='block_1_17' title="bbox 506 1766 2096 1844">
    <p class='ocr_par' dir='ltr' id='par_1_17' title="bbox 506 1766 2096 1844">
     <span class='ocr_line' id='line_1_17' title="bbox 506 1766 2096 1844; baseline -0.006 -16"><span class='ocrx_word' id='word_1_137' title='bbox 506 1772 629 1844; x_wconf 84' lang='lat' dir='ltr'><strong>quia</strong></span> <span class='ocrx_word' id='word_1_138' title='bbox 668 1773 896 1843; x_wconf 82' lang='lat' dir='ltr'><strong>apostoli</strong></span> <span class='ocrx_word' id='word_1_139' title='bbox 925 1785 1061 1841; x_wconf 81' lang='lat' dir='ltr'><strong>opus</strong></span> <span class='ocrx_word' id='word_1_140' title='bbox 1103 1784 1211 1824; x_wconf 92' lang='lat' dir='ltr'><strong>non</strong></span> <span class='ocrx_word' id='word_1_141' title='bbox 1242 1768 1459 1833; x_wconf 87' lang='lat' dir='ltr'><strong>habuit,</strong></span> <span class='ocrx_word' id='word_1_142' title='bbox 1506 1766 1641 1821; x_wconf 86' lang='lat' dir='ltr'><strong>nihil</strong></span> <span class='ocrx_word' id='word_1_143' title='bbox 1672 1766 1790 1821; x_wconf 64' lang='lat' dir='ltr'><strong>hate</strong></span> <span class='ocrx_word' id='word_1_144' title='bbox 1837 1767 1939 1836; x_wconf 89' lang='lat' dir='ltr'><strong>ipsi</strong></span> <span class='ocrx_word' id='word_1_145' title='bbox 1969 1779 2096 1835; x_wconf 90' lang='lat' dir='ltr'><strong>pro-</strong></span> 
     </span>
    </p>
   </div>
   <div class='ocr_carea' id='block_1_18' title="bbox 507 1858 2098 1934">
    <p class='ocr_par' dir='ltr' id='par_1_18' title="bbox 507 1858 2098 1934">
     <span class='ocr_line' id='line_1_18' title="bbox 507 1858 2098 1934; baseline -0.006 -15"><span class='ocrx_word' id='word_1_146' title='bbox 507 1868 739 1922; x_wconf 84' lang='lat' dir='ltr'><strong>fuerunt.</strong></span> <span class='ocrx_word' id='word_1_147' title='bbox 782 1864 1076 1934; x_wconf 83' lang='lat' dir='ltr'><strong>Propterea</strong></span> <span class='ocrx_word' id='word_1_148' title='bbox 1119 1870 1177 1918; x_wconf 87' lang='lat' dir='ltr'><strong>et</strong></span> <span class='ocrx_word' id='word_1_149' title='bbox 1218 1860 1323 1915; x_wconf 88' lang='lat' dir='ltr'><strong>hoc</strong></span> <span class='ocrx_word' id='word_1_150' title='bbox 1364 1859 1583 1928; x_wconf 85' lang='lat' dir='ltr'><strong>adjicit,</strong></span> <span class='ocrx_word' id='word_1_151' title='bbox 1630 1858 1884 1929; x_wconf 89' lang='lat' dir='ltr'><strong>ipsosque</strong></span> <span class='ocrx_word' id='word_1_152' title='bbox 1928 1866 2098 1912; x_wconf 86' lang='lat' dir='ltr'><strong>testes</strong></span> 
     </span>
    </p>
   </div>
   <div class='ocr_carea' id='block_1_19' title="bbox 507 1950 2098 2032">
    <p class='ocr_par' dir='ltr' id='par_1_19' title="bbox 507 1950 2098 2032">
     <span class='ocr_line' id='line_1_19' title="bbox 507 1950 2098 2032; baseline -0.009 -12"><span class='ocrx_word' id='word_1_153' title='bbox 507 1971 680 2020; x_wconf 84' lang='lat' dir='ltr'><strong>vocat.</strong></span> <span class='ocrx_word' id='word_1_154' title='bbox 710 1963 779 2018; x_wconf 87' lang='lat' dir='ltr'><strong>Et</strong></span> <span class='ocrx_word' id='word_1_155' title='bbox 801 1960 924 2032; x_wconf 84' lang='lat' dir='ltr'><strong>quia</strong></span> <span class='ocrx_word' id='word_1_156' title='bbox 952 1973 1204 2030; x_wconf 84' lang='lat' dir='ltr'><strong>magnum</strong></span> <span class='ocrx_word' id='word_1_157' title='bbox 1231 1958 1482 2026; x_wconf 85' lang='lat' dir='ltr'><strong>loquutus</strong></span> <span class='ocrx_word' id='word_1_158' title='bbox 1508 1961 1644 2019; x_wconf 89' lang='lat' dir='ltr'><strong>erat,</strong></span> <span class='ocrx_word' id='word_1_159' title='bbox 1674 1952 1801 2009; x_wconf 86' lang='lat' dir='ltr'><strong>vide</strong></span> <span class='ocrx_word' id='word_1_160' title='bbox 1826 1950 2098 2021; x_wconf 87' lang='lat' dir='ltr'><strong>quomodo</strong></span> 
     </span>
    </p>
   </div>
   <div class='ocr_carea' id='block_1_20' title="bbox 508 2045 2099 2125">
    <p class='ocr_par' dir='ltr' id='par_1_20' title="bbox 508 2045 2099 2125">
     <span class='ocr_line' id='line_1_20' title="bbox 508 2045 2099 2125; baseline -0.005 -16"><span class='ocrx_word' id='word_1_161' title='bbox 508 2056 636 2113; x_wconf 89' lang='lat' dir='ltr'><strong>illud</strong></span> <span class='ocrx_word' id='word_1_162' title='bbox 680 2055 909 2125; x_wconf 77' lang='lat' dir='ltr'><strong>castiget</strong></span> <span class='ocrx_word' id='word_1_163' title='bbox 936 2052 1158 2114; x_wconf 91' lang='lat' dir='ltr'><strong>dicens,</strong></span> <span class='ocrx_word' id='word_1_164' title='bbox 1191 2047 1259 2103; x_wconf 88' lang='lat' dir='ltr'><strong>In</strong></span> <span class='ocrx_word' id='word_1_165' title='bbox 1305 2048 1522 2102; x_wconf 87' lang='lat' dir='ltr'><strong>Domino</strong></span> <span class='ocrx_word' id='word_1_166' title='bbox 1550 2061 1571 2101; x_wconf 92' lang='lat'><strong><em>:</em></strong></span> <span class='ocrx_word' id='word_1_167' title='bbox 1607 2045 1661 2101; x_wconf 91' lang='lat' dir='ltr'><strong>id</strong></span> <span class='ocrx_word' id='word_1_168' title='bbox 1686 2053 1811 2111; x_wconf 90' lang='lat' dir='ltr'><strong>est,</strong></span> <span class='ocrx_word' id='word_1_169' title='bbox 1841 2046 1936 2101; x_wconf 85' lang='lat' dir='ltr'><strong>Dei</strong></span> <span class='ocrx_word' id='word_1_170' title='bbox 1962 2061 2099 2115; x_wconf 87' lang='lat' dir='ltr'><strong>opus</strong></span> 
     </span>
    </p>
   </div>
   <div class='ocr_carea' id='block_1_21' title="bbox 505 2136 2103 2215">
    <p class='ocr_par' dir='ltr' id='par_1_21' title="bbox 505 2136 2103 2215">
     <span class='ocr_line' id='line_1_21' title="bbox 505 2136 2103 2215; baseline -0.008 -11"><span class='ocrx_word' id='word_1_171' title='bbox 505 2158 587 2204; x_wconf 86' lang='lat' dir='ltr'><strong>est</strong></span> <span class='ocrx_word' id='word_1_172' title='bbox 609 2186 628 2215; x_wconf 88' lang='lat'><strong>,</strong></span> <span class='ocrx_word' id='word_1_173' title='bbox 659 2161 767 2203; x_wconf 92' lang='lat' dir='ltr'><strong>non</strong></span> <span class='ocrx_word' id='word_1_174' title='bbox 796 2160 995 2201; x_wconf 90' lang='lat' dir='ltr'><strong>meum.</strong></span> <span class='ocrx_word' id='word_1_175' title='bbox 1026 2142 1080 2197; x_wconf 76' lang='grc'><strong>2.</strong></span> <span class='ocrx_word' id='word_1_176' title='bbox 1116 2141 1180 2197; x_wconf 86' lang='lat' dir='ltr'><strong>Si</strong></span> <span class='ocrx_word' id='word_1_177' title='bbox 1222 2140 1337 2194; x_wconf 87' lang='lat' dir='ltr'><strong>aliis</strong></span> <span class='ocrx_word' id='word_1_178' title='bbox 1380 2154 1485 2194; x_wconf 85' lang='lat' dir='ltr'><strong>non</strong></span> <span class='ocrx_word' id='word_1_179' title='bbox 1521 2154 1636 2193; x_wconf 86' lang='lat' dir='ltr'><strong>sum</strong></span> <span class='ocrx_word' id='word_1_180' title='bbox 1660 2137 1925 2207; x_wconf 74' lang='lat' dir='ltr'><strong>apostolus</strong></span> <span class='ocrx_word' id='word_1_181' title='bbox 1946 2176 1963 2203; x_wconf 90' lang='lat'><strong>,</strong></span> <span class='ocrx_word' id='word_1_182' title='bbox 2007 2136 2103 2192; x_wconf 76' lang='lat' dir='ltr'><strong>sed</strong></span> 
     </span>
    </p>
   </div>
   <div class='ocr_carea' id='block_1_22' title="bbox 509 2238 1031 2295">
    <p class='ocr_par' dir='ltr' id='par_1_22' title="bbox 509 2238 1031 2295">
     <span class='ocr_line' id='line_1_22' title="bbox 509 2238 1031 2295; baseline -0.015 0"><span class='ocrx_word' id='word_1_183' title='bbox 509 2251 679 2295; x_wconf 87' lang='lat' dir='ltr'><strong>tamen</strong></span> <span class='ocrx_word' id='word_1_184' title='bbox 719 2238 857 2292; x_wconf 80' lang='lat' dir='ltr'><strong>vobis</strong></span> <span class='ocrx_word' id='word_1_185' title='bbox 895 2250 1031 2290; x_wconf 83' lang='lat' dir='ltr'><strong>sum.</strong></span> 
     </span>
    </p>
   </div>
   <div class='ocr_carea' id='block_1_23' title="bbox 546 2320 2098 2398">
    <p class='ocr_par' dir='ltr' id='par_1_23' title="bbox 546 2320 2098 2398">
     <span class='ocr_line' id='line_1_23' title="bbox 546 2320 2098 2398; baseline -0.008 -11"><span class='ocrx_word' id='word_1_186' title='bbox 546 2330 633 2397; x_wconf 18' lang='lat'><strong>,2.</strong></span> <span class='ocrx_word' id='word_1_187' title='bbox 661 2328 825 2383; x_wconf 76' lang='lat' dir='ltr'><strong>Vides</strong></span> <span class='ocrx_word' id='word_1_188' title='bbox 846 2325 1119 2398; x_wconf 87' lang='lat' dir='ltr'><strong>quomodo</strong></span> <span class='ocrx_word' id='word_1_189' title='bbox 1160 2338 1269 2378; x_wconf 93' lang='lat' dir='ltr'><strong>non</strong></span> <span class='ocrx_word' id='word_1_190' title='bbox 1308 2336 1743 2393; x_wconf 84' lang='lat' dir='ltr'><strong>supervacaneus</strong></span> <span class='ocrx_word' id='word_1_191' title='bbox 1785 2320 1895 2375; x_wconf 81' lang='lat' dir='ltr'><strong>sit?</strong></span> <span class='ocrx_word' id='word_1_192' title='bbox 1936 2320 2098 2391; x_wconf 80' lang='lat' dir='ltr'><strong>Atqui</strong></span> 
     </span>
    </p>
   </div>
   <div class='ocr_carea' id='block_1_24' title="bbox 507 2411 2100 2491">
    <p class='ocr_par' dir='ltr' id='par_1_24' title="bbox 507 2411 2100 2491">
     <span class='ocr_line' id='line_1_24' title="bbox 507 2411 2100 2491; baseline -0.009 -14"><span class='ocrx_word' id='word_1_193' title='bbox 507 2429 717 2491; x_wconf 80' lang='lat' dir='ltr'><strong>poterat</strong></span> <span class='ocrx_word' id='word_1_194' title='bbox 756 2418 938 2474; x_wconf 85' lang='lat' dir='ltr'><strong>dicere</strong></span> <span class='ocrx_word' id='word_1_195' title='bbox 981 2416 1168 2472; x_wconf 90' lang='lat' dir='ltr'><strong>orbem</strong></span> <span class='ocrx_word' id='word_1_196' title='bbox 1220 2425 1378 2469; x_wconf 71' lang='lat' dir='ltr'><strong>terra:</strong></span> <span class='ocrx_word' id='word_1_197' title='bbox 1422 2423 1478 2469; x_wconf 90' lang='lat' dir='ltr'><strong>et</strong></span> <span class='ocrx_word' id='word_1_198' title='bbox 1521 2422 1711 2484; x_wconf 81' lang='lat' dir='ltr'><strong>gentes</strong></span> <span class='ocrx_word' id='word_1_199' title='bbox 1750 2411 2007 2466; x_wconf 86' lang='lat' dir='ltr'><strong>barbaras</strong></span> <span class='ocrx_word' id='word_1_200' title='bbox 2043 2421 2100 2463; x_wconf 87' lang='lat' dir='ltr'><strong>et</strong></span> 
     </span>
    </p>
   </div>
   <div class='ocr_carea' id='block_1_25' title="bbox 508 2504 2111 2591">
    <p class='ocr_par' dir='ltr' id='par_1_25' title="bbox 508 2504 2111 2591">
     <span class='ocr_line' id='line_1_25' title="bbox 508 2504 2111 2591; baseline -0.01 -22"><span class='ocrx_word' id='word_1_201' title='bbox 508 2526 705 2571; x_wconf 83' lang='lat' dir='ltr'><strong>terram</strong></span> <span class='ocrx_word' id='word_1_202' title='bbox 730 2519 787 2569; x_wconf 90' lang='lat' dir='ltr'><strong>et</strong></span> <span class='ocrx_word' id='word_1_203' title='bbox 811 2526 992 2577; x_wconf 88' lang='lat' dir='ltr'><strong>mare;</strong></span> <span class='ocrx_word' id='word_1_204' title='bbox 1021 2509 1118 2565; x_wconf 91' lang='lat' dir='ltr'><strong>sed</strong></span> <span class='ocrx_word' id='word_1_205' title='bbox 1139 2508 1273 2565; x_wconf 86' lang='lat' dir='ltr'><strong>nihil</strong></span> <span class='ocrx_word' id='word_1_206' title='bbox 1303 2507 1493 2562; x_wconf 89' lang='lat' dir='ltr'><strong>horum</strong></span> <span class='ocrx_word' id='word_1_207' title='bbox 1524 2506 1657 2560; x_wconf 89' lang='lat' dir='ltr'><strong>dicit</strong></span> <span class='ocrx_word' id='word_1_208' title='bbox 1683 2544 1701 2569; x_wconf 93' lang='lat'><strong>,</strong></span> <span class='ocrx_word' id='word_1_209' title='bbox 1743 2504 1841 2559; x_wconf 86' lang='lat' dir='ltr'><strong>sed</strong></span> <span class='ocrx_word' id='word_1_210' title='bbox 1880 2518 1949 2557; x_wconf 77' lang='lat' dir='ltr'><strong>ex</strong></span> <span class='ocrx_word' id='word_1_211' title='bbox 1969 2517 2111 2591; x_wconf 15' lang='lat' dir='ltr'><strong>con-4</strong></span> 
     </span>
    </p>
   </div>
   <div class='ocr_carea' id='block_1_26' title="bbox 505 2594 2096 2664">
    <p class='ocr_par' dir='ltr' id='par_1_26' title="bbox 505 2594 2096 2664">
     <span class='ocr_line' id='line_1_26' title="bbox 505 2594 2096 2664; baseline -0.008 -3"><span class='ocrx_word' id='word_1_212' title='bbox 505 2606 752 2661; x_wconf 89' lang='lat' dir='ltr'><strong>cessione</strong></span> <span class='ocrx_word' id='word_1_213' title='bbox 776 2612 831 2659; x_wconf 89' lang='lat' dir='ltr'><strong>et</strong></span> <span class='ocrx_word' id='word_1_214' title='bbox 858 2618 927 2658; x_wconf 82' lang='lat' dir='ltr'><strong>ex</strong></span> <span class='ocrx_word' id='word_1_215' title='bbox 952 2600 1279 2658; x_wconf 86' lang='lat' dir='ltr'><strong>abundantia</strong></span> <span class='ocrx_word' id='word_1_216' title='bbox 1304 2598 1491 2653; x_wconf 89' lang='lat' dir='ltr'><strong>vincit.</strong></span> <span class='ocrx_word' id='word_1_217' title='bbox 1522 2596 1661 2663; x_wconf 86' lang='lat' dir='ltr'><strong>Quid</strong></span> <span class='ocrx_word' id='word_1_218' title='bbox 1687 2594 1833 2650; x_wconf 90' lang='lat' dir='ltr'><strong>enim</strong></span> <span class='ocrx_word' id='word_1_219' title='bbox 1854 2635 1870 2660; x_wconf 94' lang='lat'><strong>,</strong></span> <span class='ocrx_word' id='word_1_220' title='bbox 1897 2595 2096 2664; x_wconf 92' lang='lat' dir='ltr'><strong>inquit,</strong></span> 
     </span>
    </p>
   </div>
   <div class='ocr_carea' id='block_1_27' title="bbox 506 2685 2099 2767">
    <p class='ocr_par' dir='ltr' id='par_1_27' title="bbox 506 2685 2099 2767">
     <span class='ocr_line' id='line_1_27' title="bbox 506 2685 2099 2767; baseline -0.009 -14"><span class='ocrx_word' id='word_1_221' title='bbox 506 2697 637 2753; x_wconf 90' lang='lat' dir='ltr'><strong>mihi</strong></span> <span class='ocrx_word' id='word_1_222' title='bbox 664 2710 802 2767; x_wconf 90' lang='lat' dir='ltr'><strong>opus</strong></span> <span class='ocrx_word' id='word_1_223' title='bbox 826 2702 910 2750; x_wconf 88' lang='lat' dir='ltr'><strong>est</strong></span> <span class='ocrx_word' id='word_1_224' title='bbox 938 2690 1393 2761; x_wconf 81' lang='lat' dir='ltr'><strong>supervacaneis,</strong></span> <span class='ocrx_word' id='word_1_225' title='bbox 1424 2703 1546 2744; x_wconf 92' lang='lat' dir='ltr'><strong>cum</strong></span> <span class='ocrx_word' id='word_1_226' title='bbox 1577 2688 1693 2742; x_wconf 61' lang='lat' dir='ltr'><strong>hac</strong></span> <span class='ocrx_word' id='word_1_227' title='bbox 1722 2686 1991 2742; x_wconf 81' lang='lat' dir='ltr'><strong>sufﬁciant</strong></span> <span class='ocrx_word' id='word_1_228' title='bbox 2030 2685 2099 2740; x_wconf 87' lang='lat' dir='ltr'><strong>ad</strong></span> 
     </span>
    </p>
   </div>
   <div class='ocr_carea' id='block_1_28' title="bbox 507 2779 2097 2859">
    <p class='ocr_par' dir='ltr' id='par_1_28' title="bbox 507 2779 2097 2859">
     <span class='ocr_line' id='line_1_28' title="bbox 507 2779 2097 2859; baseline -0.006 -17"><span class='ocrx_word' id='word_1_229' title='bbox 507 2801 747 2859; x_wconf 74' lang='lat' dir='ltr'><strong>praesens</strong></span> <span class='ocrx_word' id='word_1_230' title='bbox 774 2792 1145 2857; x_wconf 72' lang='lat' dir='ltr'><strong>argumentum</strong></span> <span class='ocrx_word' id='word_1_231' title='bbox 1165 2783 1192 2835; x_wconf 83' lang='lat' dir='ltr'><strong>‘l—</strong></span> <span class='ocrx_word' id='word_1_232' title='bbox 1220 2780 1336 2838; x_wconf 85' lang='lat' dir='ltr'><strong>Non</strong></span> <span class='ocrx_word' id='word_1_233' title='bbox 1363 2781 1483 2837; x_wconf 88' lang='lat' dir='ltr'><strong>dico</strong></span> <span class='ocrx_word' id='word_1_234' title='bbox 1509 2782 1669 2851; x_wconf 80' lang='lat' dir='ltr'><strong>igitur</strong></span> <span class='ocrx_word' id='word_1_235' title='bbox 1694 2780 1783 2834; x_wconf 88' lang='lat' dir='ltr'><strong>illa</strong></span> <span class='ocrx_word' id='word_1_236' title='bbox 1812 2779 2097 2852; x_wconf 56' lang='lat' dir='ltr'><strong>praeclara,</strong></span> 
     </span>
    </p>
   </div>
   <div class='ocr_carea' id='block_1_29' title="bbox 505 2874 2100 2951">
    <p class='ocr_par' dir='ltr' id='par_1_29' title="bbox 505 2874 2100 2951">
     <span class='ocr_line' id='line_1_29' title="bbox 505 2874 2100 2951; baseline -0.004 -17"><span class='ocrx_word' id='word_1_237' title='bbox 505 2895 627 2951; x_wconf 86' lang='lat' dir='ltr'><strong>quae</strong></span> <span class='ocrx_word' id='word_1_238' title='bbox 650 2877 792 2947; x_wconf 84' lang='lat' dir='ltr'><strong>apud</strong></span> <span class='ocrx_word' id='word_1_239' title='bbox 818 2877 1007 2933; x_wconf 88' lang='lat' dir='ltr'><strong>aliosa</strong></span> <span class='ocrx_word' id='word_1_240' title='bbox 1031 2891 1118 2930; x_wconf 90' lang='lat' dir='ltr'><strong>me</strong></span> <span class='ocrx_word' id='word_1_241' title='bbox 1139 2874 1279 2931; x_wconf 88' lang='lat' dir='ltr'><strong>facta</strong></span> <span class='ocrx_word' id='word_1_242' title='bbox 1299 2883 1444 2938; x_wconf 89' lang='lat' dir='ltr'><strong>sunt,</strong></span> <span class='ocrx_word' id='word_1_243' title='bbox 1485 2874 1580 2928; x_wconf 85' lang='lat' dir='ltr'><strong>sed</strong></span> <span class='ocrx_word' id='word_1_244' title='bbox 1621 2888 1684 2928; x_wconf 87' lang='lat' dir='ltr'><strong>ea</strong></span> <span class='ocrx_word' id='word_1_245' title='bbox 1725 2888 1957 2942; x_wconf 85' lang='lat' dir='ltr'><strong>quorum</strong></span> <span class='ocrx_word' id='word_1_246' title='bbox 2004 2886 2100 2927; x_wconf 89' lang='lat' dir='ltr'><strong>vos</strong></span> 
     </span>
    </p>
   </div>
   <div class='ocr_carea' id='block_1_30' title="bbox 507 2962 2100 3040">
    <p class='ocr_par' dir='ltr' id='par_1_30' title="bbox 507 2962 2100 3040">
     <span class='ocr_line' id='line_1_30' title="bbox 507 2962 2100 3040; baseline -0.006 -15"><span class='ocrx_word' id='word_1_247' title='bbox 507 2979 674 3026; x_wconf 83' lang='lat' dir='ltr'><strong>testes</strong></span> <span class='ocrx_word' id='word_1_248' title='bbox 700 2968 855 3024; x_wconf 87' lang='lat' dir='ltr'><strong>estis.</strong></span> <span class='ocrx_word' id='word_1_249' title='bbox 887 2966 1226 3040; x_wconf 85' lang='lat' dir='ltr'><strong>Quapropter</strong></span> <span class='ocrx_word' id='word_1_250' title='bbox 1254 2964 1469 3020; x_wconf 88' lang='lat' dir='ltr'><strong>etiamsi</strong></span> <span class='ocrx_word' id='word_1_251' title='bbox 1495 2978 1600 3019; x_wconf 92' lang='lat' dir='ltr'><strong>non</strong></span> <span class='ocrx_word' id='word_1_252' title='bbox 1632 2963 1868 3029; x_wconf 88' lang='lat' dir='ltr'><strong>aliunde,</strong></span> <span class='ocrx_word' id='word_1_253' title='bbox 1889 2979 1919 3018; x_wconf 90' lang='lat' dir='ltr'><strong>a</strong></span> <span class='ocrx_word' id='word_1_254' title='bbox 1947 2962 2100 3018; x_wconf 83' lang='lat' dir='ltr'><strong>vobis</strong></span> 
     </span>
    </p>
   </div>
   <div class='ocr_carea' id='block_1_31' title="bbox 508 3054 2098 3128">
    <p class='ocr_par' dir='ltr' id='par_1_31' title="bbox 508 3054 2098 3128">
     <span class='ocr_line' id='line_1_31' title="bbox 508 3054 2098 3128; baseline -0.006 -9"><span class='ocrx_word' id='word_1_255' title='bbox 508 3062 747 3119; x_wconf 80' lang='lat' dir='ltr'><strong>maxime</strong></span> <span class='ocrx_word' id='word_1_256' title='bbox 773 3059 1091 3128; x_wconf 89' lang='lat' dir='ltr'><strong>oportebat,</strong></span> <span class='ocrx_word' id='word_1_257' title='bbox 1121 3072 1208 3111; x_wconf 91' lang='lat' dir='ltr'><strong>me</strong></span> <span class='ocrx_word' id='word_1_258' title='bbox 1238 3058 1483 3127; x_wconf 85' lang='lat' dir='ltr'><strong>accipere</strong></span> <span class='ocrx_word' id='word_1_259' title='bbox 1511 3072 1524 3108; x_wconf 90' lang='lat'><strong>:</strong></span> <span class='ocrx_word' id='word_1_260' title='bbox 1556 3063 1793 3110; x_wconf 88' lang='lat' dir='ltr'><strong>attamen</strong></span> <span class='ocrx_word' id='word_1_261' title='bbox 1825 3068 1855 3108; x_wconf 89' lang='lat' dir='ltr'><strong>a</strong></span> <span class='ocrx_word' id='word_1_262' title='bbox 1904 3054 2098 3125; x_wconf 85' lang='lat' dir='ltr'><strong>quibus</strong></span> 
     </span>
    </p>
   </div>
   <div class='ocr_carea' id='block_1_32' title="bbox 509 3141 2105 3220">
    <p class='ocr_par' dir='ltr' id='par_1_32' title="bbox 509 3141 2105 3220">
     <span class='ocr_line' id='line_1_32' title="bbox 509 3141 2105 3220; baseline -0.007 -11"><span class='ocrx_word' id='word_1_263' title='bbox 509 3169 596 3211; x_wconf 91' lang='lat' dir='ltr'><strong>me</strong></span> <span class='ocrx_word' id='word_1_264' title='bbox 621 3153 852 3209; x_wconf 78' lang='lat' dir='ltr'><strong>maxime</strong></span> <span class='ocrx_word' id='word_1_265' title='bbox 878 3141 1437 3220; x_wconf 60' lang='lat' dir='ltr'><strong>oportebat’accipere</strong></span> <span class='ocrx_word' id='word_1_266' title='bbox 1463 3145 1694 3216; x_wconf 89' lang='lat' dir='ltr'><strong>(doctor</strong></span> <span class='ocrx_word' id='word_1_267' title='bbox 1730 3146 1876 3200; x_wconf 89' lang='lat' dir='ltr'><strong>enim</strong></span> <span class='ocrx_word' id='word_1_268' title='bbox 1921 3152 2105 3201; x_wconf 83' lang='lat' dir='ltr'><strong>vester</strong></span> 
     </span>
    </p>
   </div>
   <div class='ocr_carea' id='block_1_33' title="bbox 510 3236 2098 3317">
    <p class='ocr_par' dir='ltr' id='par_1_33' title="bbox 510 3236 2098 3317">
     <span class='ocr_line' id='line_1_33' title="bbox 510 3236 2098 3317; baseline -0.006 -15"><span class='ocrx_word' id='word_1_269' title='bbox 510 3243 622 3317; x_wconf 83' lang='lat' dir='ltr'><strong>fui)</strong></span> <span class='ocrx_word' id='word_1_270' title='bbox 647 3286 662 3310; x_wconf 96' lang='lat'><strong>,</strong></span> <span class='ocrx_word' id='word_1_271' title='bbox 690 3244 759 3297; x_wconf 88' lang='lat' dir='ltr'><strong>ab</strong></span> <span class='ocrx_word' id='word_1_272' title='bbox 786 3243 850 3299; x_wconf 88' lang='lat' dir='ltr'><strong>iis</strong></span> <span class='ocrx_word' id='word_1_273' title='bbox 878 3256 985 3297; x_wconf 89' lang='lat' dir='ltr'><strong>non</strong></span> <span class='ocrx_word' id='word_1_274' title='bbox 1012 3238 1215 3309; x_wconf 83' lang='lat' dir='ltr'><strong>accepi.</strong></span> <span class='ocrx_word' id='word_1_275' title='bbox 1249 3236 1312 3293; x_wconf 87' lang='lat' dir='ltr'><strong>Si</strong></span> <span class='ocrx_word' id='word_1_276' title='bbox 1347 3238 1464 3292; x_wconf 89' lang='lat' dir='ltr'><strong>aliis</strong></span> <span class='ocrx_word' id='word_1_277' title='bbox 1506 3253 1607 3291; x_wconf 87' lang='lat' dir='ltr'><strong>non</strong></span> <span class='ocrx_word' id='word_1_278' title='bbox 1644 3253 1759 3290; x_wconf 90' lang='lat' dir='ltr'><strong>sum</strong></span> <span class='ocrx_word' id='word_1_279' title='bbox 1799 3236 2098 3307; x_wconf 81' lang='lat' dir='ltr'><strong>apostolus,</strong></span> 
     </span>
    </p>
   </div>
   <div class='ocr_carea' id='block_1_34' title="bbox 507 3328 2098 3399">
    <p class='ocr_par' dir='ltr' id='par_1_34' title="bbox 507 3328 2098 3399">
     <span class='ocr_line' id='line_1_34' title="bbox 507 3328 2098 3399; baseline -0.004 -8"><span class='ocrx_word' id='word_1_280' title='bbox 507 3338 597 3392; x_wconf 85' lang='lat' dir='ltr'><strong>sed</strong></span> <span class='ocrx_word' id='word_1_281' title='bbox 642 3334 783 3389; x_wconf 78' lang='lat' dir='ltr'><strong>vobis</strong></span> <span class='ocrx_word' id='word_1_282' title='bbox 832 3348 967 3388; x_wconf 85' lang='lat' dir='ltr'><strong>sum.</strong></span> <span class='ocrx_word' id='word_1_283' title='bbox 1018 3330 1225 3386; x_wconf 77' lang='lat' dir='ltr'><strong>Rursus</strong></span> <span class='ocrx_word' id='word_1_284' title='bbox 1266 3345 1331 3385; x_wconf 78' lang='lat' dir='ltr'><strong>ex</strong></span> <span class='ocrx_word' id='word_1_285' title='bbox 1363 3328 1637 3385; x_wconf 89' lang='lat' dir='ltr'><strong>concessis</strong></span> <span class='ocrx_word' id='word_1_286' title='bbox 1668 3329 1901 3399; x_wconf 88' lang='lat' dir='ltr'><strong>loquitur</strong></span> <span class='ocrx_word' id='word_1_287' title='bbox 1929 3344 1944 3381; x_wconf 89' lang='lat'><strong>:</strong></span> <span class='ocrx_word' id='word_1_288' title='bbox 1973 3344 2098 3385; x_wconf 91' lang='lat' dir='ltr'><strong>nam</strong></span> 
     </span>
    </p>
   </div>
   <div class='ocr_carea' id='block_1_35' title="bbox 506 3420 2095 3496">
    <p class='ocr_par' dir='ltr' id='par_1_35' title="bbox 506 3420 2095 3496">
     <span class='ocr_line' id='line_1_35' title="bbox 506 3420 2095 3496; baseline -0.005 -13"><span class='ocrx_word' id='word_1_289' title='bbox 506 3428 657 3484; x_wconf 87' lang='lat' dir='ltr'><strong>orbis</strong></span> <span class='ocrx_word' id='word_1_290' title='bbox 680 3425 959 3496; x_wconf 85' lang='lat' dir='ltr'><strong>apostolus</strong></span> <span class='ocrx_word' id='word_1_291' title='bbox 989 3431 1125 3479; x_wconf 89' lang='lat' dir='ltr'><strong>erat.</strong></span> <span class='ocrx_word' id='word_1_292' title='bbox 1155 3424 1407 3476; x_wconf 80' lang='lat' dir='ltr'><strong>Attamen</strong></span> <span class='ocrx_word' id='word_1_293' title='bbox 1438 3421 1542 3476; x_wconf 83' lang='lat' dir='ltr'><strong>hoc</strong></span> <span class='ocrx_word' id='word_1_294' title='bbox 1570 3437 1674 3474; x_wconf 92' lang='lat' dir='ltr'><strong>non</strong></span> <span class='ocrx_word' id='word_1_295' title='bbox 1707 3420 1827 3477; x_wconf 86' lang='lat' dir='ltr'><strong>dico</strong></span> <span class='ocrx_word' id='word_1_296' title='bbox 1846 3462 1863 3484; x_wconf 90' lang='lat'><strong>,</strong></span> <span class='ocrx_word' id='word_1_297' title='bbox 1894 3420 2095 3491; x_wconf 88' lang='lat' dir='ltr'><strong>inquit,</strong></span> 
     </span>
    </p>
   </div>
   <div class='ocr_carea' id='block_1_36' title="bbox 511 3510 2099 3591">
    <p class='ocr_par' dir='ltr' id='par_1_36' title="bbox 511 3510 2099 3591">
     <span class='ocr_line' id='line_1_36' title="bbox 511 3510 2099 3591; baseline -0.004 -18"><span class='ocrx_word' id='word_1_298' title='bbox 511 3534 682 3591; x_wconf 86' lang='lat' dir='ltr'><strong>neque</strong></span> <span class='ocrx_word' id='word_1_299' title='bbox 709 3532 889 3589; x_wconf 84' lang='lat' dir='ltr'><strong>pugno</strong></span> <span class='ocrx_word' id='word_1_300' title='bbox 935 3524 991 3571; x_wconf 86' lang='lat' dir='ltr'><strong>et</strong></span> <span class='ocrx_word' id='word_1_301' title='bbox 1031 3513 1342 3577; x_wconf 89' lang='lat' dir='ltr'><strong>contendo,</strong></span> <span class='ocrx_word' id='word_1_302' title='bbox 1394 3510 1492 3567; x_wconf 90' lang='lat' dir='ltr'><strong>sed</strong></span> <span class='ocrx_word' id='word_1_303' title='bbox 1540 3512 1682 3580; x_wconf 88' lang='lat' dir='ltr'><strong>quod</strong></span> <span class='ocrx_word' id='word_1_304' title='bbox 1728 3522 1966 3566; x_wconf 81' lang='lat' dir='ltr'><strong>vestrum</strong></span> <span class='ocrx_word' id='word_1_305' title='bbox 2017 3523 2099 3568; x_wconf 73' lang='lat' dir='ltr'><strong>est</strong></span> 
     </span>
    </p>
   </div>
   <div class='ocr_carea' id='block_1_37' title="bbox 510 3605 2093 3683">
    <p class='ocr_par' dir='ltr' id='par_1_37' title="bbox 510 3605 2093 3683">
     <span class='ocr_line' id='line_1_37' title="bbox 510 3605 2093 3683; baseline -0.008 -13"><span class='ocrx_word' id='word_1_306' title='bbox 510 3628 670 3683; x_wconf 83' lang='lat' dir='ltr'><strong>pono.</strong></span> <span class='ocrx_word' id='word_1_307' title='bbox 702 3610 841 3666; x_wconf 85' lang='lat' dir='ltr'><strong>Nam</strong></span> <span class='ocrx_word' id='word_1_308' title='bbox 866 3608 1185 3682; x_wconf 80' lang='lat' dir='ltr'><strong>signaculum</strong></span> <span class='ocrx_word' id='word_1_309' title='bbox 1223 3605 1541 3677; x_wconf 83' lang='lat' dir='ltr'><strong>apostolatus</strong></span> <span class='ocrx_word' id='word_1_310' title='bbox 1583 3606 1680 3657; x_wconf 83' lang='lat' dir='ltr'><strong>mei</strong></span> <span class='ocrx_word' id='word_1_311' title='bbox 1722 3620 1808 3659; x_wconf 78' lang='lat' dir='ltr'><strong>vos</strong></span> <span class='ocrx_word' id='word_1_312' title='bbox 1851 3606 1971 3660; x_wconf 85' lang='lat' dir='ltr'><strong>estis</strong></span> <span class='ocrx_word' id='word_1_313' title='bbox 2005 3605 2093 3676; x_wconf 72' lang='grc' dir='ltr'><strong>(Ξ.</strong></span> 
     </span>
    </p>
   </div>
   <div class='ocr_carea' id='block_1_38' title="bbox 508 3697 2099 3774">
    <p class='ocr_par' dir='ltr' id='par_1_38' title="bbox 508 3697 2099 3774">
     <span class='ocr_line' id='line_1_38' title="bbox 508 3697 2099 3774; baseline -0.006 -12"><span class='ocrx_word' id='word_1_314' title='bbox 508 3707 628 3763; x_wconf 88' lang='lat' dir='ltr'><strong>Cor.</strong></span> <span class='ocrx_word' id='word_1_315' title='bbox 659 3704 748 3763; x_wconf 70' lang='lat' dir='ltr'><strong>l2.</strong></span> <span class='ocrx_word' id='word_1_316' title='bbox 780 3704 889 3774; x_wconf 76' lang='lat' dir='ltr'><strong>l2)</strong></span> <span class='ocrx_word' id='word_1_317' title='bbox 918 3719 933 3757; x_wconf 89' lang='lat'><strong>:</strong></span> <span class='ocrx_word' id='word_1_318' title='bbox 967 3702 1022 3757; x_wconf 90' lang='lat' dir='ltr'><strong>id</strong></span> <span class='ocrx_word' id='word_1_319' title='bbox 1049 3712 1152 3767; x_wconf 89' lang='lat' dir='ltr'><strong>est,</strong></span> <span class='ocrx_word' id='word_1_320' title='bbox 1181 3697 1592 3755; x_wconf 86' lang='lat' dir='ltr'><strong>demonstratio.</strong></span> <span class='ocrx_word' id='word_1_321' title='bbox 1620 3698 1688 3752; x_wconf 87' lang='lat' dir='ltr'><strong>Et</strong></span> <span class='ocrx_word' id='word_1_322' title='bbox 1726 3698 1771 3753; x_wconf 88' lang='lat' dir='ltr'><strong>si</strong></span> <span class='ocrx_word' id='word_1_323' title='bbox 1800 3699 1922 3768; x_wconf 88' lang='lat' dir='ltr'><strong>quis</strong></span> <span class='ocrx_word' id='word_1_324' title='bbox 1960 3699 2099 3753; x_wconf 86' lang='lat' dir='ltr'><strong>scire</strong></span> 
     </span>
    </p>
   </div>
   <div class='ocr_carea' id='block_1_39' title="bbox 508 3787 2097 3864">
    <p class='ocr_par' dir='ltr' id='par_1_39' title="bbox 508 3787 2097 3864">
     <span class='ocr_line' id='line_1_39' title="bbox 508 3787 2097 3864; baseline -0.008 -11"><span class='ocrx_word' id='word_1_325' title='bbox 508 3800 638 3856; x_wconf 85' lang='lat' dir='ltr'><strong>velit</strong></span> <span class='ocrx_word' id='word_1_326' title='bbox 687 3797 832 3855; x_wconf 90' lang='lat' dir='ltr'><strong>unde</strong></span> <span class='ocrx_word' id='word_1_327' title='bbox 878 3796 980 3851; x_wconf 90' lang='lat' dir='ltr'><strong>sim</strong></span> <span class='ocrx_word' id='word_1_328' title='bbox 1027 3793 1349 3864; x_wconf 83' lang='lat' dir='ltr'><strong>apostolus,</strong></span> <span class='ocrx_word' id='word_1_329' title='bbox 1419 3804 1519 3845; x_wconf 84' lang='lat' dir='ltr'><strong>vos</strong></span> <span class='ocrx_word' id='word_1_330' title='bbox 1570 3787 1791 3858; x_wconf 89' lang='lat' dir='ltr'><strong>profero</strong></span> <span class='ocrx_word' id='word_1_331' title='bbox 1848 3805 1864 3841; x_wconf 89' lang='lat'><strong>:</strong></span> <span class='ocrx_word' id='word_1_332' title='bbox 1916 3791 2097 3843; x_wconf 83' lang='lat' dir='ltr'><strong>omnia</strong></span> 
     </span>
    </p>
   </div>
   <div class='ocr_carea' id='block_1_40' title="bbox 509 3879 2098 3960">
    <p class='ocr_par' dir='ltr' id='par_1_40' title="bbox 509 3879 2098 3960">
     <span class='ocr_line' id='line_1_40' title="bbox 509 3879 2098 3960; baseline -0.009 -11"><span class='ocrx_word' id='word_1_333' title='bbox 509 3894 652 3949; x_wconf 69' lang='lat' dir='ltr'><strong>cutim</strong></span> <span class='ocrx_word' id='word_1_334' title='bbox 697 3906 819 3960; x_wconf 72' lang='lat' dir='ltr'><strong>qua:</strong></span> <span class='ocrx_word' id='word_1_335' title='bbox 857 3895 986 3943; x_wconf 87' lang='lat' dir='ltr'><strong>sunt</strong></span> <span class='ocrx_word' id='word_1_336' title='bbox 1024 3884 1292 3956; x_wconf 88' lang='lat' dir='ltr'><strong>apostoli,</strong></span> <span class='ocrx_word' id='word_1_337' title='bbox 1344 3883 1400 3937; x_wconf 90' lang='lat' dir='ltr'><strong>in</strong></span> <span class='ocrx_word' id='word_1_338' title='bbox 1440 3881 1598 3937; x_wconf 84' lang='lat' dir='ltr'><strong>vobis</strong></span> <span class='ocrx_word' id='word_1_339' title='bbox 1637 3879 1850 3938; x_wconf 87' lang='lat' dir='ltr'><strong>ostendi</strong></span> <span class='ocrx_word' id='word_1_340' title='bbox 1880 3888 1936 3936; x_wconf 89' lang='lat' dir='ltr'><strong>et</strong></span> <span class='ocrx_word' id='word_1_341' title='bbox 1965 3879 2098 3935; x_wconf 84' lang='lat' dir='ltr'><strong>nihil</strong></span> 
     </span>
    </p>
   </div>
   <div class='ocr_carea' id='block_1_41' title="bbox 510 3973 2096 4054">
    <p class='ocr_par' dir='ltr' id='par_1_41' title="bbox 510 3973 2096 4054">
     <span class='ocr_line' id='line_1_41' title="bbox 510 3973 2096 4054; baseline -0.007 -17"><span class='ocrx_word' id='word_1_342' title='bbox 510 3980 857 4054; x_wconf 68' lang='lat' dir='ltr'><strong>prmtermisi;</strong></span> <span class='ocrx_word' id='word_1_343' title='bbox 904 3988 962 4035; x_wconf 90' lang='lat' dir='ltr'><strong>ut</strong></span> <span class='ocrx_word' id='word_1_344' title='bbox 1008 3978 1061 4032; x_wconf 91' lang='lat' dir='ltr'><strong>in</strong></span> <span class='ocrx_word' id='word_1_345' title='bbox 1109 3973 1348 4031; x_wconf 89' lang='lat' dir='ltr'><strong>secunda</strong></span> <span class='ocrx_word' id='word_1_346' title='bbox 1411 3988 1628 4045; x_wconf 89' lang='lat' dir='ltr'><strong>quoque</strong></span> <span class='ocrx_word' id='word_1_347' title='bbox 1676 3973 1902 4044; x_wconf 88' lang='lat' dir='ltr'><strong>epistola</strong></span> <span class='ocrx_word' id='word_1_348' title='bbox 1943 3973 2096 4039; x_wconf 88' lang='lat' dir='ltr'><strong>dicit,</strong></span> 
     </span>
    </p>
   </div>
   <div class='ocr_carea' id='block_1_42' title="bbox 512 4068 2098 4139">
    <p class='ocr_par' dir='ltr' id='par_1_42' title="bbox 512 4068 2098 4139">
     <span class='ocr_line' id='line_1_42' title="bbox 512 4068 2098 4139; baseline -0.008 -5"><span class='ocrx_word' id='word_1_349' title='bbox 512 4075 725 4135; x_wconf 78' lang='lat' dir='ltr'><strong>Etiamsi</strong></span> <span class='ocrx_word' id='word_1_350' title='bbox 782 4071 915 4129; x_wconf 87' lang='lat' dir='ltr'><strong>nihil</strong></span> <span class='ocrx_word' id='word_1_351' title='bbox 964 4087 1111 4137; x_wconf 87' lang='lat' dir='ltr'><strong>sum,</strong></span> <span class='ocrx_word' id='word_1_352' title='bbox 1186 4070 1471 4139; x_wconf 86' lang='lat' dir='ltr'><strong>inquiens,</strong></span> <span class='ocrx_word' id='word_1_353' title='bbox 1523 4068 1670 4139; x_wconf 85' lang='lat' dir='ltr'><strong>signa</strong></span> <span class='ocrx_word' id='word_1_354' title='bbox 1736 4077 1904 4121; x_wconf 87' lang='lat' dir='ltr'><strong>tamen</strong></span> <span class='ocrx_word' id='word_1_355' title='bbox 1970 4085 2098 4139; x_wconf 82' lang='lat' dir='ltr'><strong>apo-</strong></span> 
     </span>
    </p>
   </div>
   <div class='ocr_carea' id='block_1_43' title="bbox 508 4160 2097 4233">
    <p class='ocr_par' dir='ltr' id='par_1_43' title="bbox 508 4160 2097 4233">
     <span class='ocr_line' id='line_1_43' title="bbox 508 4160 2097 4233; baseline -0.006 -9"><span class='ocrx_word' id='word_1_356' title='bbox 508 4168 625 4227; x_wconf 86' lang='lat' dir='ltr'><strong>stoli</strong></span> <span class='ocrx_word' id='word_1_357' title='bbox 661 4167 717 4221; x_wconf 89' lang='lat' dir='ltr'><strong>in</strong></span> <span class='ocrx_word' id='word_1_358' title='bbox 754 4164 891 4220; x_wconf 77' lang='lat' dir='ltr'><strong>nobis</strong></span> <span class='ocrx_word' id='word_1_359' title='bbox 944 4165 1079 4233; x_wconf 78' lang='lat' dir='ltr'><strong>facta</strong></span> <span class='ocrx_word' id='word_1_360' title='bbox 1120 4171 1237 4215; x_wconf 87' lang='lat' dir='ltr'><strong>sunt</strong></span> <span class='ocrx_word' id='word_1_361' title='bbox 1261 4162 1316 4215; x_wconf 89' lang='lat' dir='ltr'><strong>in</strong></span> <span class='ocrx_word' id='word_1_362' title='bbox 1342 4161 1481 4215; x_wconf 86' lang='lat' dir='ltr'><strong>omni</strong></span> <span class='ocrx_word' id='word_1_363' title='bbox 1531 4160 1789 4229; x_wconf 84' lang='lat' dir='ltr'><strong>potentia,</strong></span> <span class='ocrx_word' id='word_1_364' title='bbox 1834 4160 1887 4212; x_wconf 88' lang='lat' dir='ltr'><strong>in</strong></span> <span class='ocrx_word' id='word_1_365' title='bbox 1938 4161 2097 4231; x_wconf 80' lang='lat' dir='ltr'><strong>signis</strong></span> 
     </span>
    </p>
   </div>
   <div class='ocr_carea' id='block_1_44' title="bbox 508 4249 2097 4329">
    <p class='ocr_par' dir='ltr' id='par_1_44' title="bbox 508 4249 2097 4329">
     <span class='ocr_line' id='line_1_44' title="bbox 508 4249 2097 4329; baseline -0.005 -15"><span class='ocrx_word' id='word_1_366' title='bbox 508 4270 554 4317; x_wconf 85' lang='lat' dir='ltr'><strong>et</strong></span> <span class='ocrx_word' id='word_1_367' title='bbox 585 4257 833 4329; x_wconf 78' lang='lat' dir='ltr'><strong>prodigiis</strong></span> <span class='ocrx_word' id='word_1_368' title='bbox 874 4264 924 4309; x_wconf 90' lang='lat' dir='ltr'><strong>et</strong></span> <span class='ocrx_word' id='word_1_369' title='bbox 963 4255 1223 4308; x_wconf 81' lang='lat' dir='ltr'><strong>virtutibus</strong></span> <span class='ocrx_word' id='word_1_370' title='bbox 1256 4250 1434 4323; x_wconf 83' lang='lat' dir='ltr'><strong>(Ibid.</strong></span> <span class='ocrx_word' id='word_1_371' title='bbox 1462 4266 1521 4307; x_wconf 89' lang='lat' dir='ltr'><strong>v.</strong></span> <span class='ocrx_word' id='word_1_372' title='bbox 1575 4251 1659 4304; x_wconf 82' lang='grc' dir='ltr'><strong>Η.</strong></span> <span class='ocrx_word' id='word_1_373' title='bbox 1708 4258 1763 4304; x_wconf 91' lang='lat' dir='ltr'><strong>et</strong></span> <span class='ocrx_word' id='word_1_374' title='bbox 1809 4249 1933 4321; x_wconf 67' lang='lat' dir='ltr'><strong>l2).</strong></span> <span class='ocrx_word' id='word_1_375' title='bbox 1958 4250 2097 4317; x_wconf 85' lang='lat' dir='ltr'><strong>Quid</strong></span> 
     </span>
    </p>
   </div>
   <div class='ocr_carea' id='block_1_45' title="bbox 514 4340 2095 4417">
    <p class='ocr_par' dir='ltr' id='par_1_45' title="bbox 514 4340 2095 4417">
     <span class='ocr_line' id='line_1_45' title="bbox 514 4340 2095 4417; baseline -0.008 -10"><span class='ocrx_word' id='word_1_376' title='bbox 514 4362 597 4407; x_wconf 84' lang='lat' dir='ltr'><strong>est</strong></span> <span class='ocrx_word' id='word_1_377' title='bbox 637 4350 818 4415; x_wconf 89' lang='lat' dir='ltr'><strong>enim,</strong></span> <span class='ocrx_word' id='word_1_378' title='bbox 870 4345 1014 4417; x_wconf 85' lang='lat' dir='ltr'><strong>quod</strong></span> <span class='ocrx_word' id='word_1_379' title='bbox 1056 4344 1233 4399; x_wconf 90' lang='lat' dir='ltr'><strong>minus</strong></span> <span class='ocrx_word' id='word_1_380' title='bbox 1273 4341 1533 4396; x_wconf 86' lang='lat' dir='ltr'><strong>habuistis</strong></span> <span class='ocrx_word' id='word_1_381' title='bbox 1578 4355 1685 4410; x_wconf 67' lang='lat' dir='ltr'><strong>prae</strong></span> <span class='ocrx_word' id='word_1_382' title='bbox 1731 4342 1938 4395; x_wconf 83' lang='lat' dir='ltr'><strong>caeteris</strong></span> <span class='ocrx_word' id='word_1_383' title='bbox 1988 4340 2095 4396; x_wconf 85' lang='lat' dir='ltr'><strong>Ec-</strong></span> 
     </span>
    </p>
   </div>
   <div class='ocr_carea' id='block_1_46' title="bbox 511 4431 2096 4507">
    <p class='ocr_par' dir='ltr' id='par_1_46' title="bbox 511 4431 2096 4507">
     <span class='ocr_line' id='line_1_46' title="bbox 511 4431 2096 4507; baseline -0.008 -8"><span class='ocrx_word' id='word_1_384' title='bbox 511 4440 728 4499; x_wconf 84' lang='lat' dir='ltr'><strong>clesiis?</strong></span> <span class='ocrx_word' id='word_1_385' title='bbox 773 4439 897 4495; x_wconf 89' lang='lat' dir='ltr'><strong>Ideo</strong></span> <span class='ocrx_word' id='word_1_386' title='bbox 940 4438 1014 4493; x_wconf 86' lang='lat' dir='ltr'><strong>ait</strong></span> <span class='ocrx_word' id='word_1_387' title='bbox 1069 4452 1081 4487; x_wconf 94' lang='lat'>:</span> <span class='ocrx_word' id='word_1_388' title='bbox 1136 4434 1472 4507; x_wconf 83' lang='lat' dir='ltr'><strong>Signaculum</strong></span> <span class='ocrx_word' id='word_1_389' title='bbox 1513 4431 1828 4503; x_wconf 83' lang='lat' dir='ltr'><strong>apostolatus</strong></span> <span class='ocrx_word' id='word_1_390' title='bbox 1870 4433 1968 4485; x_wconf 87' lang='lat' dir='ltr'><strong>mei</strong></span> <span class='ocrx_word' id='word_1_391' title='bbox 2010 4449 2096 4487; x_wconf 75' lang='lat' dir='ltr'><strong>vos</strong></span> 
     </span>
    </p>
   </div>
   <div class='ocr_carea' id='block_1_47' title="bbox 518 4524 2093 4603">
    <p class='ocr_par' dir='ltr' id='par_1_47' title="bbox 518 4524 2093 4603">
     <span class='ocr_line' id='line_1_47' title="bbox 518 4524 2093 4603; baseline -0.01 -8"><span class='ocrx_word' id='word_1_392' title='bbox 518 4539 654 4595; x_wconf 81' lang='lat' dir='ltr'><strong>estis.</strong></span> <span class='ocrx_word' id='word_1_393' title='bbox 684 4536 820 4594; x_wconf 87' lang='lat' dir='ltr'><strong>Nam</strong></span> <span class='ocrx_word' id='word_1_394' title='bbox 843 4544 898 4591; x_wconf 92' lang='lat' dir='ltr'><strong>et</strong></span> <span class='ocrx_word' id='word_1_395' title='bbox 924 4534 1075 4603; x_wconf 86' lang='lat' dir='ltr'><strong>signa</strong></span> <span class='ocrx_word' id='word_1_396' title='bbox 1100 4529 1336 4597; x_wconf 88' lang='lat' dir='ltr'><strong>ostendi,</strong></span> <span class='ocrx_word' id='word_1_397' title='bbox 1364 4537 1419 4583; x_wconf 93' lang='lat' dir='ltr'><strong>et</strong></span> <span class='ocrx_word' id='word_1_398' title='bbox 1449 4526 1619 4583; x_wconf 88' lang='lat' dir='ltr'><strong>verbo</strong></span> <span class='ocrx_word' id='word_1_399' title='bbox 1640 4524 1828 4592; x_wconf 90' lang='lat' dir='ltr'><strong>docui,</strong></span> <span class='ocrx_word' id='word_1_400' title='bbox 1854 4535 1909 4581; x_wconf 90' lang='lat' dir='ltr'><strong>et</strong></span> <span class='ocrx_word' id='word_1_401' title='bbox 1950 4526 2093 4596; x_wconf 86' lang='lat' dir='ltr'><strong>peri-</strong></span> 
     </span>
    </p>
   </div>
   <div class='ocr_carea' id='block_1_48' title="bbox 519 4619 2093 4695">
    <p class='ocr_par' dir='ltr' id='par_1_48' title="bbox 519 4619 2093 4695">
     <span class='ocr_line' id='line_1_48' title="bbox 519 4619 2093 4695; baseline -0.007 -9"><span class='ocrx_word' id='word_1_402' title='bbox 519 4631 637 4686; x_wconf 74' lang='lat' dir='ltr'><strong>cuia</strong></span> <span class='ocrx_word' id='word_1_403' title='bbox 666 4630 823 4695; x_wconf 79' lang='lat' dir='ltr'><strong>subii,</strong></span> <span class='ocrx_word' id='word_1_404' title='bbox 851 4638 906 4683; x_wconf 91' lang='lat' dir='ltr'><strong>et</strong></span> <span class='ocrx_word' id='word_1_405' title='bbox 932 4627 1093 4681; x_wconf 88' lang='lat' dir='ltr'><strong>vitam</strong></span> <span class='ocrx_word' id='word_1_406' title='bbox 1122 4622 1445 4692; x_wconf 75' lang='lat' dir='ltr'><strong>inculpatum</strong></span> <span class='ocrx_word' id='word_1_407' title='bbox 1472 4619 1626 4677; x_wconf 81' lang='lat' dir='ltr'><strong>duxi.</strong></span> <span class='ocrx_word' id='word_1_408' title='bbox 1659 4621 1727 4676; x_wconf 86' lang='lat' dir='ltr'><strong>Et</strong></span> <span class='ocrx_word' id='word_1_409' title='bbox 1760 4621 1873 4675; x_wconf 57' lang='lat' dir='ltr'><strong>haec</strong></span> <span class='ocrx_word' id='word_1_410' title='bbox 1916 4621 2093 4675; x_wconf 88' lang='lat' dir='ltr'><strong>omnia</strong></span> 
     </span>
    </p>
   </div>
   <div class='ocr_carea' id='block_1_49' title="bbox 518 4714 2095 4790">
    <p class='ocr_par' dir='ltr' id='par_1_49' title="bbox 518 4714 2095 4790">
     <span class='ocr_line' id='line_1_49' title="bbox 518 4714 2095 4790; baseline -0.011 -4"><span class='ocrx_word' id='word_1_411' title='bbox 518 4728 703 4785; x_wconf 82' lang='lat' dir='ltr'><strong>videre</strong></span> <span class='ocrx_word' id='word_1_412' title='bbox 728 4725 852 4778; x_wconf 84' lang='lat' dir='ltr'><strong>licet</strong></span> <span class='ocrx_word' id='word_1_413' title='bbox 874 4734 972 4790; x_wconf 87' lang='lat' dir='ltr'><strong>per</strong></span> <span class='ocrx_word' id='word_1_414' title='bbox 998 4719 1157 4772; x_wconf 83' lang='lat' dir='ltr'><strong>hasce</strong></span> <span class='ocrx_word' id='word_1_415' title='bbox 1181 4715 1315 4770; x_wconf 90' lang='lat' dir='ltr'><strong>duas</strong></span> <span class='ocrx_word' id='word_1_416' title='bbox 1343 4714 1595 4784; x_wconf 87' lang='lat' dir='ltr'><strong>epistolas</strong></span> <span class='ocrx_word' id='word_1_417' title='bbox 1614 4755 1629 4779; x_wconf 92' lang='lat'><strong>,</strong></span> <span class='ocrx_word' id='word_1_418' title='bbox 1658 4730 1815 4784; x_wconf 89' lang='lat' dir='ltr'><strong>quam</strong></span> <span class='ocrx_word' id='word_1_419' title='bbox 1845 4724 2095 4769; x_wconf 75' lang='lat' dir='ltr'><strong>accurate</strong></span> 
     </span>
    </p>
   </div>
   <div class='ocr_carea' id='block_1_50' title="bbox 521 4805 2091 4891">
    <p class='ocr_par' dir='ltr' id='par_1_50' title="bbox 521 4805 2091 4891">
     <span class='ocr_line' id='line_1_50' title="bbox 521 4805 2091 4891; baseline -0.018 -7"><span class='ocrx_word' id='word_1_420' title='bbox 521 4833 715 4891; x_wconf 84' lang='lat' dir='ltr'><strong>nempe</strong></span> <span class='ocrx_word' id='word_1_421' title='bbox 733 4816 849 4870; x_wconf 85' lang='lat' dir='ltr'><strong>haec</strong></span> <span class='ocrx_word' id='word_1_422' title='bbox 864 4808 1071 4881; x_wconf 85' lang='lat' dir='ltr'><strong>singula</strong></span> <span class='ocrx_word' id='word_1_423' title='bbox 1096 4809 1450 4863; x_wconf 89' lang='lat' dir='ltr'><strong>demonstret.</strong></span> <span class='ocrx_word' id='word_1_424' title='bbox 1481 4806 1535 4861; x_wconf 75' lang='lat'><strong>3.</strong></span> <span class='ocrx_word' id='word_1_425' title='bbox 1574 4805 1692 4859; x_wconf 79' lang='lat' dir='ltr'><strong>Mea</strong></span> <span class='ocrx_word' id='word_1_426' title='bbox 1737 4806 1959 4873; x_wconf 79' lang='lat' dir='ltr'><strong>defensio</strong></span> <span class='ocrx_word' id='word_1_427' title='bbox 1994 4805 2091 4867; x_wconf 87' lang='lat' dir='ltr'><strong>iis,</strong></span> 
     </span>
    </p>
   </div>
   <div class='ocr_carea' id='block_1_51' title="bbox 514 4895 2093 4987">
    <p class='ocr_par' dir='ltr' id='par_1_51' title="bbox 514 4895 2093 4987">
     <span class='ocr_line' id='line_1_51' title="bbox 514 4895 2093 4987; baseline -0.026 -13"><span class='ocrx_word' id='word_1_428' title='bbox 514 4916 603 4987; x_wconf 78' lang='lat' dir='ltr'><strong>qui</strong></span> <span class='ocrx_word' id='word_1_429' title='bbox 628 4927 706 4968; x_wconf 89' lang='lat' dir='ltr'><strong>me</strong></span> <span class='ocrx_word' id='word_1_430' title='bbox 732 4910 1045 4976; x_wconf 79' lang='lat' dir='ltr'><strong>interrogant</strong></span> <span class='ocrx_word' id='word_1_431' title='bbox 1070 4941 1085 4966; x_wconf 96' lang='lat'><strong>,</strong></span> <span class='ocrx_word' id='word_1_432' title='bbox 1115 4900 1221 4955; x_wconf 74' lang='lat' dir='ltr'><strong>lure</strong></span> <span class='ocrx_word' id='word_1_433' title='bbox 1241 4909 1334 4953; x_wconf 84' lang='lat' dir='ltr'><strong>est.</strong></span> <span class='ocrx_word' id='word_1_434' title='bbox 1367 4895 1655 4987; x_wconf 12' lang='lat' dir='ltr'><strong>Quidiest,</strong></span> <span class='ocrx_word' id='word_1_435' title='bbox 1708 4896 1824 4987; x_wconf 83' lang='lat' dir='ltr'><strong>Mea</strong></span> <span class='ocrx_word' id='word_1_436' title='bbox 1870 4896 2093 4968; x_wconf 67' lang='grc' dir='ltr'><strong>ἀείεηεξο</strong></span> 
     </span>
    </p>
   </div>
   <div class='ocr_carea' id='block_1_52' title="bbox 515 4986 2095 5074">
    <p class='ocr_par' dir='ltr' id='par_1_52' title="bbox 515 4986 2095 5074">
     <span class='ocr_line' id='line_1_52' title="bbox 515 4986 2095 5074; baseline -0.013 -12"><span class='ocrx_word' id='word_1_437' title='bbox 515 4986 580 5062; x_wconf 79' lang='lat' dir='ltr'><strong>iis</strong></span> <span class='ocrx_word' id='word_1_438' title='bbox 602 5045 618 5068; x_wconf 91' lang='lat'><strong>,</strong></span> <span class='ocrx_word' id='word_1_439' title='bbox 646 5003 731 5074; x_wconf 84' lang='lat' dir='ltr'><strong>qui</strong></span> <span class='ocrx_word' id='word_1_440' title='bbox 754 5016 835 5056; x_wconf 87' lang='lat' dir='ltr'><strong>me</strong></span> <span class='ocrx_word' id='word_1_441' title='bbox 860 4999 1209 5064; x_wconf 81' lang='lat' dir='ltr'><strong>interrogant,</strong></span> <span class='ocrx_word' id='word_1_442' title='bbox 1243 4991 1349 5045; x_wconf 65' lang='lat' dir='ltr'><strong>hac</strong></span> <span class='ocrx_word' id='word_1_443' title='bbox 1368 4998 1438 5043; x_wconf 86' lang='lat' dir='ltr'><strong>est</strong></span> <span class='ocrx_word' id='word_1_444' title='bbox 1461 4989 1487 5042; x_wconf 77' lang='lat'><strong>.’</strong></span> <span class='ocrx_word' id='word_1_445' title='bbox 1514 4986 1583 5042; x_wconf 90' lang='lat' dir='ltr'><strong>lis</strong></span> <span class='ocrx_word' id='word_1_446' title='bbox 1612 4987 1700 5058; x_wconf 90' lang='lat' dir='ltr'><strong>qui</strong></span> <span class='ocrx_word' id='word_1_447' title='bbox 1749 4986 1956 5041; x_wconf 90' lang='lat' dir='ltr'><strong>discere</strong></span> <span class='ocrx_word' id='word_1_448' title='bbox 2001 5003 2095 5042; x_wconf 76' lang='lat' dir='ltr'><strong>vo-</strong></span> 
     </span>
    </p>
   </div>
   <div class='ocr_carea' id='block_1_53' title="bbox 516 5080 2092 5156">
    <p class='ocr_par' dir='ltr' id='par_1_53' title="bbox 516 5080 2092 5156">
     <span class='ocr_line' id='line_1_53' title="bbox 516 5080 2092 5156; baseline -0.012 -4"><span class='ocrx_word' id='word_1_449' title='bbox 516 5097 634 5152; x_wconf 87' lang='lat' dir='ltr'><strong>lunt</strong></span> <span class='ocrx_word' id='word_1_450' title='bbox 662 5093 927 5151; x_wconf 86' lang='lat' dir='ltr'><strong>undenam</strong></span> <span class='ocrx_word' id='word_1_451' title='bbox 948 5088 1049 5143; x_wconf 90' lang='lat' dir='ltr'><strong>sim</strong></span> <span class='ocrx_word' id='word_1_452' title='bbox 1069 5084 1343 5156; x_wconf 88' lang='lat' dir='ltr'><strong>apostolus</strong></span> <span class='ocrx_word' id='word_1_453' title='bbox 1361 5124 1377 5147; x_wconf 93' lang='lat'><strong>,</strong></span> <span class='ocrx_word' id='word_1_454' title='bbox 1406 5089 1498 5137; x_wconf 89' lang='lat' dir='ltr'><strong>aut</strong></span> <span class='ocrx_word' id='word_1_455' title='bbox 1526 5082 1590 5136; x_wconf 92' lang='lat' dir='ltr'><strong>iis</strong></span> <span class='ocrx_word' id='word_1_456' title='bbox 1634 5080 1724 5150; x_wconf 92' lang='lat' dir='ltr'><strong>qui</strong></span> <span class='ocrx_word' id='word_1_457' title='bbox 1776 5095 1863 5135; x_wconf 91' lang='lat' dir='ltr'><strong>me</strong></span> <span class='ocrx_word' id='word_1_458' title='bbox 1909 5081 2092 5136; x_wconf 86' lang='lat' dir='ltr'><strong>crimi-</strong></span> 
     </span>
    </p>
   </div>
   <div class='ocr_carea' id='block_1_54' title="bbox 509 5174 2087 5253">
    <p class='ocr_par' dir='ltr' id='par_1_54' title="bbox 509 5174 2087 5253">
     <span class='ocr_line' id='line_1_54' title="bbox 509 5174 2087 5253; baseline -0.011 -8"><span class='ocrx_word' id='word_1_459' title='bbox 509 5196 704 5245; x_wconf 87' lang='lat' dir='ltr'><strong>nantur</strong></span> <span class='ocrx_word' id='word_1_460' title='bbox 733 5193 791 5238; x_wconf 91' lang='lat' dir='ltr'><strong>ut</strong></span> <span class='ocrx_word' id='word_1_461' title='bbox 819 5184 909 5253; x_wconf 89' lang='lat' dir='ltr'><strong>qui</strong></span> <span class='ocrx_word' id='word_1_462' title='bbox 934 5180 1186 5253; x_wconf 87' lang='lat' dir='ltr'><strong>pecunias</strong></span> <span class='ocrx_word' id='word_1_463' title='bbox 1211 5176 1471 5245; x_wconf 87' lang='lat' dir='ltr'><strong>accipiam</strong></span> <span class='ocrx_word' id='word_1_464' title='bbox 1498 5217 1513 5240; x_wconf 96' lang='lat'><strong>,</strong></span> <span class='ocrx_word' id='word_1_465' title='bbox 1544 5183 1635 5228; x_wconf 92' lang='lat' dir='ltr'><strong>aut</strong></span> <span class='ocrx_word' id='word_1_466' title='bbox 1664 5174 1728 5227; x_wconf 88' lang='lat' dir='ltr'><strong>iis</strong></span> <span class='ocrx_word' id='word_1_467' title='bbox 1757 5174 1844 5243; x_wconf 92' lang='lat' dir='ltr'><strong>qui</strong></span> <span class='ocrx_word' id='word_1_468' title='bbox 1872 5188 2087 5228; x_wconf 87' lang='lat' dir='ltr'><strong>causam</strong></span> 
     </span>
    </p>
   </div>
   <div class='ocr_carea' id='block_1_55' title="bbox 509 5265 2089 5353">
    <p class='ocr_par' dir='ltr' id='par_1_55' title="bbox 509 5265 2089 5353">
     <span class='ocr_line' id='line_1_55' title="bbox 509 5265 2089 5353; baseline -0.012 -16"><span class='ocrx_word' id='word_1_469' title='bbox 509 5285 757 5353; x_wconf 67' lang='lat' dir='ltr'><strong>quaerunt</strong></span> <span class='ocrx_word' id='word_1_470' title='bbox 779 5289 874 5329; x_wconf 89' lang='lat' dir='ltr'><strong>cur</strong></span> <span class='ocrx_word' id='word_1_471' title='bbox 898 5288 1003 5329; x_wconf 82' lang='lat' dir='ltr'><strong>non</strong></span> <span class='ocrx_word' id='word_1_472' title='bbox 1025 5270 1281 5341; x_wconf 82' lang='lat' dir='ltr'><strong>accipiam</strong></span> <span class='ocrx_word' id='word_1_473' title='bbox 1301 5308 1317 5334; x_wconf 93' lang='lat'><strong>,</strong></span> <span class='ocrx_word' id='word_1_474' title='bbox 1353 5276 1446 5321; x_wconf 90' lang='lat' dir='ltr'><strong>aut</strong></span> <span class='ocrx_word' id='word_1_475' title='bbox 1472 5267 1535 5321; x_wconf 89' lang='lat' dir='ltr'><strong>iis</strong></span> <span class='ocrx_word' id='word_1_476' title='bbox 1562 5266 1655 5335; x_wconf 88' lang='lat' dir='ltr'><strong>qui</strong></span> <span class='ocrx_word' id='word_1_477' title='bbox 1680 5265 1863 5319; x_wconf 82' lang='lat' dir='ltr'><strong>volunt</strong></span> <span class='ocrx_word' id='word_1_478' title='bbox 1908 5276 2089 5319; x_wconf 90' lang='lat' dir='ltr'><strong>osten-</strong></span> 
     </span>
    </p>
   </div>
   <div class='ocr_carea' id='block_1_56' title="bbox 511 5356 2091 5437">
    <p class='ocr_par' dir='ltr' id='par_1_56' title="bbox 511 5356 2091 5437">
     <span class='ocr_line' id='line_1_56' title="bbox 511 5356 2091 5437; baseline -0.013 -8"><span class='ocrx_word' id='word_1_479' title='bbox 511 5373 672 5437; x_wconf 89' lang='lat' dir='ltr'><strong>dere,</strong></span> <span class='ocrx_word' id='word_1_480' title='bbox 702 5382 793 5423; x_wconf 90' lang='lat' dir='ltr'><strong>me</strong></span> <span class='ocrx_word' id='word_1_481' title='bbox 818 5380 925 5420; x_wconf 91' lang='lat' dir='ltr'><strong>non</strong></span> <span class='ocrx_word' id='word_1_482' title='bbox 952 5377 1073 5420; x_wconf 85' lang='lat' dir='ltr'><strong>esse</strong></span> <span class='ocrx_word' id='word_1_483' title='bbox 1098 5360 1401 5433; x_wconf 84' lang='lat' dir='ltr'><strong>apostolum</strong></span> <span class='ocrx_word' id='word_1_484' title='bbox 1432 5398 1446 5422; x_wconf 90' lang='lat'><strong>,</strong></span> <span class='ocrx_word' id='word_1_485' title='bbox 1479 5368 1654 5411; x_wconf 87' lang='lat' dir='ltr'><strong>vestra</strong></span> <span class='ocrx_word' id='word_1_486' title='bbox 1687 5356 1947 5412; x_wconf 87' lang='lat' dir='ltr'><strong>institutio</strong></span> <span class='ocrx_word' id='word_1_487' title='bbox 1970 5399 1985 5418; x_wconf 91' lang='lat'><strong>,</strong></span> <span class='ocrx_word' id='word_1_488' title='bbox 2035 5364 2091 5410; x_wconf 83' lang='lat' dir='ltr'><strong>et</strong></span> 
     </span>
    </p>
   </div>
   <div class='ocr_carea' id='block_1_57' title="bbox 509 5448 2088 5533">
    <p class='ocr_par' dir='ltr' id='par_1_57' title="bbox 509 5448 2088 5533">
     <span class='ocr_line' id='line_1_57' title="bbox 509 5448 2088 5533; baseline -0.012 -13"><span class='ocrx_word' id='word_1_489' title='bbox 509 5479 573 5519; x_wconf 81' lang='lat' dir='ltr'><strong>ea</strong></span> <span class='ocrx_word' id='word_1_490' title='bbox 599 5477 718 5533; x_wconf 78' lang='lat' dir='ltr'><strong>qua:</strong></span> <span class='ocrx_word' id='word_1_491' title='bbox 743 5459 984 5516; x_wconf 84' lang='lat' dir='ltr'><strong>dicturus</strong></span> <span class='ocrx_word' id='word_1_492' title='bbox 1011 5469 1131 5509; x_wconf 88' lang='lat' dir='ltr'><strong>sum</strong></span> <span class='ocrx_word' id='word_1_493' title='bbox 1148 5495 1164 5520; x_wconf 89' lang='lat'><strong>,</strong></span> <span class='ocrx_word' id='word_1_494' title='bbox 1201 5453 1257 5509; x_wconf 93' lang='lat' dir='ltr'><strong>in</strong></span> <span class='ocrx_word' id='word_1_495' title='bbox 1283 5449 1795 5506; x_wconf 87' lang='lat' dir='ltr'><strong>demonstrationem</strong></span> <span class='ocrx_word' id='word_1_496' title='bbox 1822 5459 1875 5501; x_wconf 86' lang='lat' dir='ltr'><strong>et</strong></span> <span class='ocrx_word' id='word_1_497' title='bbox 1903 5448 2088 5503; x_wconf 84' lang='lat' dir='ltr'><strong>defen-</strong></span> 
     </span>
    </p>
   </div>
   <div class='ocr_carea' id='block_1_58' title="bbox 507 5538 2087 5614">
    <p class='ocr_par' dir='ltr' id='par_1_58' title="bbox 507 5538 2087 5614">
     <span class='ocr_line' id='line_1_58' title="bbox 507 5538 2087 5614; baseline -0.011 -4"><span class='ocrx_word' id='word_1_498' title='bbox 507 5552 715 5611; x_wconf 89' lang='lat' dir='ltr'><strong>sionem</strong></span> <span class='ocrx_word' id='word_1_499' title='bbox 743 5551 1056 5609; x_wconf 79' lang='lat' dir='ltr'><strong>ah&#39;eruntur.</strong></span> <span class='ocrx_word' id='word_1_500' title='bbox 1087 5546 1341 5614; x_wconf 57' lang='lat' dir='ltr'><strong>Quanam</strong></span> <span class='ocrx_word' id='word_1_501' title='bbox 1367 5550 1545 5596; x_wconf 92' lang='lat' dir='ltr'><strong>autem</strong></span> <span class='ocrx_word' id='word_1_502' title='bbox 1574 5540 1700 5594; x_wconf 87' lang='lat' dir='ltr'><strong>illa?</strong></span> <span class='ocrx_word' id='word_1_503' title='bbox 1735 5541 1786 5595; x_wconf 70' lang='lat' dir='ltr'><strong>t.</strong></span> <span class='ocrx_word' id='word_1_504' title='bbox 1822 5538 2087 5609; x_wconf 80' lang='lat' dir='ltr'><strong>Numquid</strong></span> 
     </span>
    </p>
   </div>
   <div class='ocr_carea' id='block_1_59' title="bbox 509 5632 2081 5712">
    <p class='ocr_par' dir='ltr' id='par_1_59' title="bbox 509 5632 2081 5712">
     <span class='ocr_line' id='line_1_59' title="bbox 509 5632 2081 5712; baseline -0.011 -11"><span class='ocrx_word' id='word_1_505' title='bbox 509 5662 610 5701; x_wconf 77' lang='lat' dir='ltr'><strong>non</strong></span> <span class='ocrx_word' id='word_1_506' title='bbox 654 5644 888 5699; x_wconf 83' lang='lat' dir='ltr'><strong>habemus</strong></span> <span class='ocrx_word' id='word_1_507' title='bbox 932 5646 1226 5712; x_wconf 80' lang='lat' dir='ltr'><strong>potestatem</strong></span> <span class='ocrx_word' id='word_1_508' title='bbox 1273 5632 1618 5689; x_wconf 81' lang='lat' dir='ltr'><strong>manducandi</strong></span> <span class='ocrx_word' id='word_1_509' title='bbox 1661 5642 1707 5687; x_wconf 89' lang='lat' dir='ltr'><strong>et</strong></span> <span class='ocrx_word' id='word_1_510' title='bbox 1746 5632 1992 5687; x_wconf 81' lang='lat' dir='ltr'><strong>bibendi?</strong></span> <span class='ocrx_word' id='word_1_511' title='bbox 2028 5633 2081 5688; x_wconf 83' lang='lat'><strong>5.</strong></span> 
     </span>
    </p>
   </div>
   <div class='ocr_carea' id='block_1_60' title="bbox 1210 258 3025 341">
    <p class='ocr_par' dir='ltr' id='par_1_60' title="bbox 1210 258 3025 341">
     <span class='ocr_line' id='line_1_60' title="bbox 1210 258 3025 341; baseline 0.004 -8"><span class='ocrx_word' id='word_1_512' title='bbox 1210 278 1266 333; x_wconf 88' lang='lat' dir='ltr'><strong>s.</strong></span> <span class='ocrx_word' id='word_1_513' title='bbox 1307 258 1585 333; x_wconf 73' lang='lat' dir='ltr'><strong>JOANNIS</strong></span> <span class='ocrx_word' id='word_1_514' title='bbox 1619 275 2098 333; x_wconf 74' lang='lat' dir='ltr'><strong>cunvsosrom</strong></span> <span class='ocrx_word' id='word_1_515' title='bbox 2136 273 2453 335; x_wconf 78' lang='lat' dir='ltr'><strong>ARCHIEP.</strong></span> <span class='ocrx_word' id='word_1_516' title='bbox 2493 279 3025 341; x_wconf 64' lang='lat' dir='ltr'><strong>consumma.</strong></span> 
     </span>
    </p>
   </div>
   <div class='ocr_carea' id='block_1_61' title="bbox 3694 295 3794 354">
    <p class='ocr_par' dir='ltr' id='par_1_61' title="bbox 3694 295 3794 354">
     <span class='ocr_line' id='line_1_61' title="bbox 3694 295 3794 354; baseline -0.02 -1"><span class='ocrx_word' id='word_1_517' title='bbox 3694 295 3794 354; x_wconf 70' lang='grc' dir='ltr'>ΗΞ</span> 
     </span>
    </p>
   </div>
   <div class='ocr_carea' id='block_1_62' title="bbox 2205 394 3793 481">
    <p class='ocr_par' dir='ltr' id='par_1_62' title="bbox 2205 394 3793 481">
     <span class='ocr_line' id='line_1_62' title="bbox 2205 394 3793 481; baseline 0.014 -36"><span class='ocrx_word' id='word_1_518' title='bbox 2205 394 2621 452; x_wconf 79' lang='lat' dir='ltr'><strong>circumducendi</strong></span> <span class='ocrx_word' id='word_1_519' title='bbox 2642 397 2669 455; x_wconf 83' lang='lat'><strong>.’</strong></span> <span class='ocrx_word' id='word_1_520' title='bbox 2691 397 3045 469; x_wconf 82' lang='lat' dir='ltr'><strong>thnomodo</strong></span> <span class='ocrx_word' id='word_1_521' title='bbox 3059 400 3174 458; x_wconf 61' lang='lat' dir='ltr'><strong>hac</strong></span> <span class='ocrx_word' id='word_1_522' title='bbox 3190 402 3433 461; x_wconf 88' lang='lat' dir='ltr'><strong>defensio</strong></span> <span class='ocrx_word' id='word_1_523' title='bbox 3453 409 3619 463; x_wconf 77' lang='lat' dir='ltr'><strong>sunt?</strong></span> <span class='ocrx_word' id='word_1_524' title='bbox 3637 412 3793 481; x_wconf 79' lang='lat' dir='ltr'><strong>Quia,</strong></span> 
     </span>
    </p>
   </div>
   <div class='ocr_carea' id='block_1_63' title="bbox 2204 490 3792 575">
    <p class='ocr_par' dir='ltr' id='par_1_63' title="bbox 2204 490 3792 575">
     <span class='ocr_line' id='line_1_63' title="bbox 2204 490 3792 575; baseline 0.013 -35"><span class='ocrx_word' id='word_1_525' title='bbox 2204 502 2331 575; x_wconf 85' lang='lat' dir='ltr'><strong>cum</strong></span> <span class='ocrx_word' id='word_1_526' title='bbox 2356 490 2666 559; x_wconf 87' lang='lat' dir='ltr'><strong>apparuerit</strong></span> <span class='ocrx_word' id='word_1_527' title='bbox 2692 507 2777 546; x_wconf 92' lang='lat' dir='ltr'><strong>me</strong></span> <span class='ocrx_word' id='word_1_528' title='bbox 2802 494 2962 547; x_wconf 90' lang='lat' dir='ltr'><strong>etiam</strong></span> <span class='ocrx_word' id='word_1_529' title='bbox 2988 508 3019 547; x_wconf 86' lang='lat' dir='ltr'><strong>a</strong></span> <span class='ocrx_word' id='word_1_530' title='bbox 3046 498 3319 553; x_wconf 88' lang='lat' dir='ltr'><strong>concessis</strong></span> <span class='ocrx_word' id='word_1_531' title='bbox 3344 498 3649 568; x_wconf 84' lang='lat' dir='ltr'><strong>abstinere,</strong></span> <span class='ocrx_word' id='word_1_532' title='bbox 3682 519 3792 560; x_wconf 90' lang='lat' dir='ltr'><strong>non</strong></span> 
     </span>
    </p>
   </div>
   <div class='ocr_carea' id='block_1_64' title="bbox 2199 582 3795 663">
    <p class='ocr_par' dir='ltr' id='par_1_64' title="bbox 2199 582 3795 663">
     <span class='ocr_line' id='line_1_64' title="bbox 2199 582 3795 663; baseline 0.013 -29"><span class='ocrx_word' id='word_1_533' title='bbox 2199 582 2321 651; x_wconf 90' lang='lat' dir='ltr'><strong>jure</strong></span> <span class='ocrx_word' id='word_1_534' title='bbox 2348 583 2402 637; x_wconf 93' lang='lat' dir='ltr'><strong>in</strong></span> <span class='ocrx_word' id='word_1_535' title='bbox 2432 584 2792 654; x_wconf 88' lang='lat' dir='ltr'><strong>suspicionem</strong></span> <span class='ocrx_word' id='word_1_536' title='bbox 2833 588 3074 643; x_wconf 79' lang='lat' dir='ltr'><strong>venerim</strong></span> <span class='ocrx_word' id='word_1_537' title='bbox 3118 590 3261 660; x_wconf 92' lang='lat' dir='ltr'><strong>quod</strong></span> <span class='ocrx_word' id='word_1_538' title='bbox 3301 591 3465 648; x_wconf 79' lang='lat' dir='ltr'><strong>fallax</strong></span> <span class='ocrx_word' id='word_1_539' title='bbox 3513 596 3618 652; x_wconf 85' lang='lat' dir='ltr'><strong>sim</strong></span> <span class='ocrx_word' id='word_1_540' title='bbox 3645 639 3662 663; x_wconf 94' lang='lat'><strong>,</strong></span> <span class='ocrx_word' id='word_1_541' title='bbox 3709 599 3795 654; x_wconf 83' lang='lat' dir='ltr'><strong>vel</strong></span> 
     </span>
    </p>
   </div>
   <div class='ocr_carea' id='block_1_65' title="bbox 2204 672 3798 761">
    <p class='ocr_par' dir='ltr' id='par_1_65' title="bbox 2204 672 3798 761">
     <span class='ocr_line' id='line_1_65' title="bbox 2204 672 3798 761; baseline 0.014 -37"><span class='ocrx_word' id='word_1_542' title='bbox 2204 672 2348 741; x_wconf 86' lang='lat' dir='ltr'><strong>quod</strong></span> <span class='ocrx_word' id='word_1_543' title='bbox 2374 675 2615 743; x_wconf 77' lang='lat' dir='ltr'><strong>pecunia:</strong></span> <span class='ocrx_word' id='word_1_544' title='bbox 2642 691 2804 733; x_wconf 88' lang='lat' dir='ltr'><strong>causa</strong></span> <span class='ocrx_word' id='word_1_545' title='bbox 2847 679 3051 750; x_wconf 84' lang='lat' dir='ltr'><strong>aliquid</strong></span> <span class='ocrx_word' id='word_1_546' title='bbox 3096 677 3309 737; x_wconf 88' lang='lat' dir='ltr'><strong>faciam.</strong></span> <span class='ocrx_word' id='word_1_547' title='bbox 3356 686 3431 741; x_wconf 83' lang='lat' dir='ltr'><strong>Ea</strong></span> <span class='ocrx_word' id='word_1_548' title='bbox 3471 686 3632 757; x_wconf 82' lang='lat' dir='ltr'><strong>igitur</strong></span> <span class='ocrx_word' id='word_1_549' title='bbox 3672 706 3798 761; x_wconf 69' lang='lat' dir='ltr'><strong>qua</strong></span> 
     </span>
    </p>
   </div>
   <div class='ocr_carea' id='block_1_66' title="bbox 2206 765 3794 852">
    <p class='ocr_par' dir='ltr' id='par_1_66' title="bbox 2206 765 3794 852">
     <span class='ocr_line' id='line_1_66' title="bbox 2206 765 3794 852; baseline 0.012 -35"><span class='ocrx_word' id='word_1_550' title='bbox 2206 765 2354 834; x_wconf 85' lang='lat' dir='ltr'><strong>prius</strong></span> <span class='ocrx_word' id='word_1_551' title='bbox 2382 766 2525 821; x_wconf 89' lang='lat' dir='ltr'><strong>dicta</strong></span> <span class='ocrx_word' id='word_1_552' title='bbox 2552 778 2698 836; x_wconf 87' lang='lat' dir='ltr'><strong>sunt,</strong></span> <span class='ocrx_word' id='word_1_553' title='bbox 2729 778 2785 825; x_wconf 89' lang='lat' dir='ltr'><strong>et</strong></span> <span class='ocrx_word' id='word_1_554' title='bbox 2811 782 2988 826; x_wconf 88' lang='lat' dir='ltr'><strong>vestra</strong></span> <span class='ocrx_word' id='word_1_555' title='bbox 3016 772 3282 841; x_wconf 89' lang='lat' dir='ltr'><strong>doctrina,</strong></span> <span class='ocrx_word' id='word_1_556' title='bbox 3304 784 3360 831; x_wconf 91' lang='lat' dir='ltr'><strong>et</strong></span> <span class='ocrx_word' id='word_1_557' title='bbox 3384 793 3501 848; x_wconf 78' lang='lat' dir='ltr'><strong>qua:</strong></span> <span class='ocrx_word' id='word_1_558' title='bbox 3525 780 3635 850; x_wconf 89' lang='lat' dir='ltr'><strong>jam</strong></span> <span class='ocrx_word' id='word_1_559' title='bbox 3656 783 3794 852; x_wconf 79' lang='lat' dir='ltr'><strong>dixi,</strong></span> 
     </span>
    </p>
   </div>
   <div class='ocr_carea' id='block_1_67' title="bbox 2204 855 3797 931">
    <p class='ocr_par' dir='ltr' id='par_1_67' title="bbox 2204 855 3797 931">
     <span class='ocr_line' id='line_1_67' title="bbox 2204 855 3797 931; baseline 0.013 -23"><span class='ocrx_word' id='word_1_560' title='bbox 2204 856 2270 909; x_wconf 86' lang='lat' dir='ltr'><strong>ad</strong></span> <span class='ocrx_word' id='word_1_561' title='bbox 2300 855 2668 915; x_wconf 82' lang='lat' dir='ltr'><strong>defensionem</strong></span> <span class='ocrx_word' id='word_1_562' title='bbox 2694 860 2846 916; x_wconf 85' lang='lat' dir='ltr'><strong>vobis</strong></span> <span class='ocrx_word' id='word_1_563' title='bbox 2872 862 3185 931; x_wconf 83' lang='lat' dir='ltr'><strong>sufficiunt;</strong></span> <span class='ocrx_word' id='word_1_564' title='bbox 3212 874 3269 921; x_wconf 90' lang='lat' dir='ltr'><strong>et</strong></span> <span class='ocrx_word' id='word_1_565' title='bbox 3311 866 3570 925; x_wconf 87' lang='lat' dir='ltr'><strong>adversus</strong></span> <span class='ocrx_word' id='word_1_566' title='bbox 3603 886 3797 930; x_wconf 89' lang='lat' dir='ltr'><strong>omnes</strong></span> 
     </span>
    </p>
   </div>
   <div class='ocr_carea' id='block_1_68' title="bbox 2203 946 3795 1025">
    <p class='ocr_par' dir='ltr' id='par_1_68' title="bbox 2203 946 3795 1025">
     <span class='ocr_line' id='line_1_68' title="bbox 2203 946 3795 1025; baseline 0.013 -26"><span class='ocrx_word' id='word_1_567' title='bbox 2203 946 2293 1014; x_wconf 89' lang='lat' dir='ltr'><strong>qui</strong></span> <span class='ocrx_word' id='word_1_568' title='bbox 2316 947 2647 1019; x_wconf 80' lang='lat' dir='ltr'><strong>interrogant</strong></span> <span class='ocrx_word' id='word_1_569' title='bbox 2673 966 2761 1007; x_wconf 90' lang='lat' dir='ltr'><strong>me</strong></span> <span class='ocrx_word' id='word_1_570' title='bbox 2784 991 2799 1018; x_wconf 93' lang='lat'><strong>,</strong></span> <span class='ocrx_word' id='word_1_571' title='bbox 2833 951 2922 1009; x_wconf 82' lang='lat' dir='ltr'><strong>hic</strong></span> <span class='ocrx_word' id='word_1_572' title='bbox 2942 954 3053 1021; x_wconf 86' lang='lat' dir='ltr'><strong>jam</strong></span> <span class='ocrx_word' id='word_1_573' title='bbox 3084 964 3207 1025; x_wconf 90' lang='lat' dir='ltr'><strong>sto,</strong></span> <span class='ocrx_word' id='word_1_574' title='bbox 3238 965 3293 1013; x_wconf 91' lang='lat' dir='ltr'><strong>et</strong></span> <span class='ocrx_word' id='word_1_575' title='bbox 3322 958 3439 1015; x_wconf 66' lang='lat' dir='ltr'><strong>haec</strong></span> <span class='ocrx_word' id='word_1_576' title='bbox 3473 971 3528 1016; x_wconf 88' lang='lat' dir='ltr'><strong>et</strong></span> <span class='ocrx_word' id='word_1_577' title='bbox 3571 963 3660 1018; x_wconf 84' lang='lat' dir='ltr'><strong>illa</strong></span> <span class='ocrx_word' id='word_1_578' title='bbox 3705 965 3795 1020; x_wconf 85' lang='lat' dir='ltr'><strong>di-</strong></span> 
     </span>
    </p>
   </div>
   <div class='ocr_carea' id='block_1_69' title="bbox 2204 1038 3800 1113">
    <p class='ocr_par' dir='ltr' id='par_1_69' title="bbox 2204 1038 3800 1113">
     <span class='ocr_line' id='line_1_69' title="bbox 2204 1038 3800 1113; baseline 0.013 -24"><span class='ocrx_word' id='word_1_579' title='bbox 2204 1049 2333 1091; x_wconf 85' lang='lat' dir='ltr'><strong>cens</strong></span> <span class='ocrx_word' id='word_1_580' title='bbox 2364 1055 2378 1092; x_wconf 90' lang='lat'><strong>:</strong></span> <span class='ocrx_word' id='word_1_581' title='bbox 2407 1038 2593 1093; x_wconf 79' lang='lat' dir='ltr'><strong>Annon</strong></span> <span class='ocrx_word' id='word_1_582' title='bbox 2616 1040 2857 1096; x_wconf 80' lang='lat' dir='ltr'><strong>habemus</strong></span> <span class='ocrx_word' id='word_1_583' title='bbox 2907 1054 3206 1113; x_wconf 83' lang='lat' dir='ltr'><strong>potestatem</strong></span> <span class='ocrx_word' id='word_1_584' title='bbox 3248 1050 3594 1106; x_wconf 67' lang='grc' dir='ltr'><strong>»κακόπαηῶ</strong></span> <span class='ocrx_word' id='word_1_585' title='bbox 3632 1063 3679 1108; x_wconf 86' lang='lat' dir='ltr'><strong>et</strong></span> <span class='ocrx_word' id='word_1_586' title='bbox 3721 1055 3800 1109; x_wconf 78' lang='lat' dir='ltr'><strong>bi—</strong></span> 
     </span>
    </p>
   </div>
   <div class='ocr_carea' id='block_1_70' title="bbox 2204 1127 3799 1203">
    <p class='ocr_par' dir='ltr' id='par_1_70' title="bbox 2204 1127 3799 1203">
     <span class='ocr_line' id='line_1_70' title="bbox 2204 1127 3799 1203; baseline 0.013 -23"><span class='ocrx_word' id='word_1_587' title='bbox 2204 1127 2352 1182; x_wconf 81' lang='lat' dir='ltr'><strong>bendi</strong></span> <span class='ocrx_word' id='word_1_588' title='bbox 2373 1129 2399 1183; x_wconf 85' lang='lat'><strong>.’</strong></span> <span class='ocrx_word' id='word_1_589' title='bbox 2424 1146 2595 1186; x_wconf 85' lang='lat' dir='ltr'><strong>annon</strong></span> <span class='ocrx_word' id='word_1_590' title='bbox 2630 1134 2872 1189; x_wconf 77' lang='lat' dir='ltr'><strong>habmus</strong></span> <span class='ocrx_word' id='word_1_591' title='bbox 2915 1145 3212 1203; x_wconf 79' lang='lat' dir='ltr'><strong>potestatem</strong></span> <span class='ocrx_word' id='word_1_592' title='bbox 3261 1156 3484 1196; x_wconf 84' lang='lat' dir='ltr'><strong>sororem</strong></span> <span class='ocrx_word' id='word_1_593' title='bbox 3527 1145 3799 1200; x_wconf 81' lang='lat' dir='ltr'><strong>mulierem</strong></span> 
     </span>
    </p>
   </div>
   <div class='ocr_carea' id='block_1_71' title="bbox 2204 1220 3797 1299">
    <p class='ocr_par' dir='ltr' id='par_1_71' title="bbox 2204 1220 3797 1299">
     <span class='ocr_line' id='line_1_71' title="bbox 2204 1220 3797 1299; baseline 0.016 -29"><span class='ocrx_word' id='word_1_594' title='bbox 2204 1220 2656 1279; x_wconf 76' lang='lat' dir='ltr'><strong>circmnducendi?</strong></span> <span class='ocrx_word' id='word_1_595' title='bbox 2703 1228 2955 1283; x_wconf 86' lang='lat' dir='ltr'><strong>Attamen</strong></span> <span class='ocrx_word' id='word_1_596' title='bbox 3000 1229 3126 1286; x_wconf 90' lang='lat' dir='ltr'><strong>licet</strong></span> <span class='ocrx_word' id='word_1_597' title='bbox 3184 1231 3447 1299; x_wconf 83' lang='lat' dir='ltr'><strong>habeam,</strong></span> <span class='ocrx_word' id='word_1_598' title='bbox 3525 1237 3797 1295; x_wconf 85' lang='lat' dir='ltr'><strong>abstineo.</strong></span> 
     </span>
    </p>
   </div>
   <div class='ocr_carea' id='block_1_72' title="bbox 2203 1310 3800 1401">
    <p class='ocr_par' dir='ltr' id='par_1_72' title="bbox 2203 1310 3800 1401">
     <span class='ocr_line' id='line_1_72' title="bbox 2203 1310 3800 1401; baseline 0.017 -41"><span class='ocrx_word' id='word_1_599' title='bbox 2203 1310 2342 1376; x_wconf 84' lang='lat' dir='ltr'><strong>Quid</strong></span> <span class='ocrx_word' id='word_1_600' title='bbox 2374 1315 2540 1383; x_wconf 81' lang='lat' dir='ltr'><strong>ergo?</strong></span> <span class='ocrx_word' id='word_1_601' title='bbox 2584 1331 2692 1371; x_wconf 93' lang='lat' dir='ltr'><strong>non</strong></span> <span class='ocrx_word' id='word_1_602' title='bbox 2733 1318 3128 1375; x_wconf 74' lang='lat' dir='ltr'><strong>manducabat?</strong></span> <span class='ocrx_word' id='word_1_603' title='bbox 3177 1338 3283 1377; x_wconf 90' lang='lat' dir='ltr'><strong>non</strong></span> <span class='ocrx_word' id='word_1_604' title='bbox 3336 1325 3595 1382; x_wconf 77' lang='lat' dir='ltr'><strong>bibebat?</strong></span> <span class='ocrx_word' id='word_1_605' title='bbox 3640 1328 3800 1401; x_wconf 70' lang='lat' dir='ltr'><strong>Saepe</strong></span> 
     </span>
    </p>
   </div>
   <div class='ocr_carea' id='block_1_73' title="bbox 2202 1407 3800 1479">
    <p class='ocr_par' dir='ltr' id='par_1_73' title="bbox 2202 1407 3800 1479">
     <span class='ocr_line' id='line_1_73' title="bbox 2202 1407 3800 1479; baseline 0.014 -24"><span class='ocrx_word' id='word_1_606' title='bbox 2202 1412 2352 1458; x_wconf 90' lang='lat' dir='ltr'><strong>certe</strong></span> <span class='ocrx_word' id='word_1_607' title='bbox 2398 1420 2497 1460; x_wconf 89' lang='lat' dir='ltr'><strong>nec</strong></span> <span class='ocrx_word' id='word_1_608' title='bbox 2537 1407 2926 1478; x_wconf 89' lang='lat' dir='ltr'><strong>manducabat,</strong></span> <span class='ocrx_word' id='word_1_609' title='bbox 2973 1427 3073 1468; x_wconf 89' lang='lat' dir='ltr'><strong>nec</strong></span> <span class='ocrx_word' id='word_1_610' title='bbox 3119 1413 3379 1473; x_wconf 89' lang='lat' dir='ltr'><strong>bibebat:</strong></span> <span class='ocrx_word' id='word_1_611' title='bbox 3410 1434 3535 1476; x_wconf 90' lang='lat' dir='ltr'><strong>nam</strong></span> <span class='ocrx_word' id='word_1_612' title='bbox 3580 1424 3657 1477; x_wconf 88' lang='lat' dir='ltr'><strong>ait</strong></span> <span class='ocrx_word' id='word_1_613' title='bbox 3684 1440 3698 1476; x_wconf 89' lang='lat'><strong>:</strong></span> <span class='ocrx_word' id='word_1_614' title='bbox 3730 1422 3800 1479; x_wconf 79' lang='lat' dir='ltr'><strong>In</strong></span> 
     </span>
    </p>
   </div>
   <div class='ocr_carea' id='block_1_74' title="bbox 2203 1497 3795 1587">
    <p class='ocr_par' dir='ltr' id='par_1_74' title="bbox 2203 1497 3795 1587">
     <span class='ocr_line' id='line_1_74' title="bbox 2203 1497 3795 1587; baseline 0.016 -41"><span class='ocrx_word' id='word_1_615' title='bbox 2203 1497 2340 1564; x_wconf 73' lang='lat' dir='ltr'><strong>[ante</strong></span> <span class='ocrx_word' id='word_1_616' title='bbox 2362 1506 2409 1550; x_wconf 90' lang='lat' dir='ltr'><strong>et</strong></span> <span class='ocrx_word' id='word_1_617' title='bbox 2435 1498 2556 1566; x_wconf 87' lang='lat' dir='ltr'><strong>siti,</strong></span> <span class='ocrx_word' id='word_1_618' title='bbox 2597 1498 2652 1554; x_wconf 87' lang='lat' dir='ltr'><strong>in</strong></span> <span class='ocrx_word' id='word_1_619' title='bbox 2701 1503 2892 1574; x_wconf 80' lang='lat' dir='ltr'><strong>frigore</strong></span> <span class='ocrx_word' id='word_1_620' title='bbox 2933 1514 2980 1560; x_wconf 89' lang='lat' dir='ltr'><strong>et</strong></span> <span class='ocrx_word' id='word_1_621' title='bbox 3028 1508 3257 1563; x_wconf 85' lang='lat' dir='ltr'><strong>nuditate</strong></span> <span class='ocrx_word' id='word_1_622' title='bbox 3309 1512 3327 1578; x_wconf 92' lang='lat'><strong>(</strong></span> <span class='ocrx_word' id='word_1_623' title='bbox 3346 1511 3384 1565; x_wconf 74' lang='grc'>2</span> <span class='ocrx_word' id='word_1_624' title='bbox 3408 1512 3529 1567; x_wconf 82' lang='lat' dir='ltr'><strong>Cor.</strong></span> <span class='ocrx_word' id='word_1_625' title='bbox 3564 1513 3651 1569; x_wconf 75' lang='lat' dir='ltr'><strong>il.</strong></span> <span class='ocrx_word' id='word_1_626' title='bbox 3683 1516 3795 1587; x_wconf 76' lang='lat'><strong>27)</strong></span> 
     </span>
    </p>
   </div>
   <div class='ocr_carea' id='block_1_75' title="bbox 2204 1586 3799 1675">
    <p class='ocr_par' dir='ltr' id='par_1_75' title="bbox 2204 1586 3799 1675">
     <span class='ocr_line' id='line_1_75' title="bbox 2204 1586 3799 1675; baseline 0.016 -38"><span class='ocrx_word' id='word_1_627' title='bbox 2204 1586 2570 1645; x_wconf 85' lang='lat' dir='ltr'><strong>versabamnr.</strong></span> <span class='ocrx_word' id='word_1_628' title='bbox 2599 1590 2699 1647; x_wconf 83' lang='lat' dir='ltr'><strong>Hie</strong></span> <span class='ocrx_word' id='word_1_629' title='bbox 2730 1602 2911 1650; x_wconf 88' lang='lat' dir='ltr'><strong>autem</strong></span> <span class='ocrx_word' id='word_1_630' title='bbox 2955 1613 3063 1652; x_wconf 91' lang='lat' dir='ltr'><strong>non</strong></span> <span class='ocrx_word' id='word_1_631' title='bbox 3117 1598 3223 1655; x_wconf 89' lang='lat' dir='ltr'><strong>hoc</strong></span> <span class='ocrx_word' id='word_1_632' title='bbox 3265 1598 3434 1669; x_wconf 90' lang='lat' dir='ltr'><strong>dicit;</strong></span> <span class='ocrx_word' id='word_1_633' title='bbox 3486 1604 3582 1661; x_wconf 82' lang='lat' dir='ltr'><strong>sed</strong></span> <span class='ocrx_word' id='word_1_634' title='bbox 3630 1586 3799 1675; x_wconf 79' lang='lat' dir='ltr'><strong>quid?</strong></span> 
     </span>
    </p>
   </div>
   <div class='ocr_carea' id='block_1_76' title="bbox 2202 1680 3801 1769">
    <p class='ocr_par' dir='ltr' id='par_1_76' title="bbox 2202 1680 3801 1769">
     <span class='ocr_line' id='line_1_76' title="bbox 2202 1680 3801 1769; baseline 0.013 -34"><span class='ocrx_word' id='word_1_635' title='bbox 2202 1680 2321 1736; x_wconf 87' lang='lat' dir='ltr'><strong>Non</strong></span> <span class='ocrx_word' id='word_1_636' title='bbox 2352 1683 2738 1740; x_wconf 88' lang='lat' dir='ltr'><strong>manducamus</strong></span> <span class='ocrx_word' id='word_1_637' title='bbox 2762 1702 2864 1743; x_wconf 90' lang='lat' dir='ltr'><strong>nec</strong></span> <span class='ocrx_word' id='word_1_638' title='bbox 2890 1688 3142 1757; x_wconf 88' lang='lat' dir='ltr'><strong>bibimus,</strong></span> <span class='ocrx_word' id='word_1_639' title='bbox 3172 1708 3205 1747; x_wconf 89' lang='lat' dir='ltr'><strong>a</strong></span> <span class='ocrx_word' id='word_1_640' title='bbox 3232 1692 3509 1765; x_wconf 86' lang='lat' dir='ltr'><strong>discipulis</strong></span> <span class='ocrx_word' id='word_1_641' title='bbox 3528 1699 3801 1769; x_wconf 81' lang='lat' dir='ltr'><strong>accipien-</strong></span> 
     </span>
    </p>
   </div>
   <div class='ocr_carea' id='block_1_77' title="bbox 2206 1776 3801 1855">
    <p class='ocr_par' dir='ltr' id='par_1_77' title="bbox 2206 1776 3801 1855">
     <span class='ocr_line' id='line_1_77' title="bbox 2206 1776 3801 1855; baseline 0.011 -27"><span class='ocrx_word' id='word_1_642' title='bbox 2206 1781 2321 1841; x_wconf 88' lang='lat' dir='ltr'><strong>tes,</strong></span> <span class='ocrx_word' id='word_1_643' title='bbox 2349 1776 2559 1832; x_wconf 88' lang='lat' dir='ltr'><strong>etiamsi</strong></span> <span class='ocrx_word' id='word_1_644' title='bbox 2588 1786 2904 1845; x_wconf 85' lang='lat' dir='ltr'><strong>potestatem</strong></span> <span class='ocrx_word' id='word_1_645' title='bbox 2935 1779 3230 1838; x_wconf 86' lang='lat' dir='ltr'><strong>habeamus</strong></span> <span class='ocrx_word' id='word_1_646' title='bbox 3264 1786 3584 1855; x_wconf 89' lang='lat' dir='ltr'><strong>accipiendi.</strong></span> <span class='ocrx_word' id='word_1_647' title='bbox 3628 1789 3801 1845; x_wconf 72' lang='lat' dir='ltr'><strong>Nunt-</strong></span> 
     </span>
    </p>
   </div>
   <div class='ocr_carea' id='block_1_78' title="bbox 2205 1864 3802 1940">
    <p class='ocr_par' dir='ltr' id='par_1_78' title="bbox 2205 1864 3802 1940">
     <span class='ocr_line' id='line_1_78' title="bbox 2205 1864 3802 1940; baseline 0.013 -24"><span class='ocrx_word' id='word_1_648' title='bbox 2205 1864 2328 1933; x_wconf 75' lang='lat' dir='ltr'><strong>quid</strong></span> <span class='ocrx_word' id='word_1_649' title='bbox 2355 1882 2459 1920; x_wconf 86' lang='lat' dir='ltr'><strong>non</strong></span> <span class='ocrx_word' id='word_1_650' title='bbox 2493 1866 2734 1923; x_wconf 80' lang='lat' dir='ltr'><strong>habemus</strong></span> <span class='ocrx_word' id='word_1_651' title='bbox 2773 1880 3071 1940; x_wconf 78' lang='lat' dir='ltr'><strong>potestatem</strong></span> <span class='ocrx_word' id='word_1_652' title='bbox 3116 1889 3344 1929; x_wconf 84' lang='lat' dir='ltr'><strong>sororem</strong></span> <span class='ocrx_word' id='word_1_653' title='bbox 3391 1878 3653 1933; x_wconf 77' lang='lat' dir='ltr'><strong>mulierem</strong></span> <span class='ocrx_word' id='word_1_654' title='bbox 3696 1884 3802 1935; x_wconf 76' lang='lat' dir='ltr'><strong>eir-</strong></span> 
     </span>
    </p>
   </div>
   <div class='ocr_carea' id='block_1_79' title="bbox 2203 1957 3800 2037">
    <p class='ocr_par' dir='ltr' id='par_1_79' title="bbox 2203 1957 3800 2037">
     <span class='ocr_line' id='line_1_79' title="bbox 2203 1957 3800 2037; baseline 0.011 -29"><span class='ocrx_word' id='word_1_655' title='bbox 2203 1957 2571 2025; x_wconf 85' lang='lat' dir='ltr'><strong>cumducendi,</strong></span> <span class='ocrx_word' id='word_1_656' title='bbox 2602 1962 2735 2015; x_wconf 82' lang='lat' dir='ltr'><strong>sicut</strong></span> <span class='ocrx_word' id='word_1_657' title='bbox 2763 1971 2811 2015; x_wconf 86' lang='lat' dir='ltr'><strong>et</strong></span> <span class='ocrx_word' id='word_1_658' title='bbox 2844 1962 3014 2017; x_wconf 67' lang='lat' dir='ltr'><strong>elateri</strong></span> <span class='ocrx_word' id='word_1_659' title='bbox 3048 1964 3272 2031; x_wconf 84' lang='lat' dir='ltr'><strong>apostoli</strong></span> <span class='ocrx_word' id='word_1_660' title='bbox 3294 1975 3341 2021; x_wconf 89' lang='lat' dir='ltr'><strong>et</strong></span> <span class='ocrx_word' id='word_1_661' title='bbox 3364 1971 3549 2037; x_wconf 77' lang='lat' dir='ltr'><strong>fratres</strong></span> <span class='ocrx_word' id='word_1_662' title='bbox 3584 1970 3800 2027; x_wconf 79' lang='lat' dir='ltr'><strong>Domini</strong></span> 
     </span>
    </p>
   </div>
   <div class='ocr_carea' id='block_1_80' title="bbox 2202 2045 2517 2117">
    <p class='ocr_par' dir='ltr' id='par_1_80' title="bbox 2202 2045 2517 2117">
     <span class='ocr_line' id='line_1_80' title="bbox 2202 2045 2517 2117; baseline 0.016 -19"><span class='ocrx_word' id='word_1_663' title='bbox 2202 2054 2252 2098; x_wconf 87' lang='lat' dir='ltr'><strong>et</strong></span> <span class='ocrx_word' id='word_1_664' title='bbox 2275 2045 2473 2117; x_wconf 78' lang='lat' dir='ltr'><strong>Cophes</strong></span> <span class='ocrx_word' id='word_1_665' title='bbox 2490 2049 2517 2103; x_wconf 73' lang='lat'><strong>1’</strong></span> 
     </span>
    </p>
   </div>
   <div class='ocr_carea' id='block_1_81' title="bbox 2276 2136 3797 2224">
    <p class='ocr_par' dir='ltr' id='par_1_81' title="bbox 2276 2136 3797 2224">
     <span class='ocr_line' id='line_1_81' title="bbox 2276 2136 3797 2224; baseline 0.011 -32"><span class='ocrx_word' id='word_1_666' title='bbox 2276 2136 2435 2194; x_wconf 82' lang='lat' dir='ltr'><strong>Pauli</strong></span> <span class='ocrx_word' id='word_1_667' title='bbox 2470 2144 2987 2213; x_wconf 56' lang='lat' dir='ltr'><strong>sementim—Vide</strong></span> <span class='ocrx_word' id='word_1_668' title='bbox 3035 2149 3352 2219; x_wconf 88' lang='lat' dir='ltr'><strong>sapientiam</strong></span> <span class='ocrx_word' id='word_1_669' title='bbox 3399 2168 3414 2205; x_wconf 89' lang='lat'><strong>:</strong></span> <span class='ocrx_word' id='word_1_670' title='bbox 3450 2153 3797 2224; x_wconf 67' lang='lat' dir='ltr'><strong>corypbzum</strong></span> 
     </span>
    </p>
   </div>
   <div class='ocr_carea' id='block_1_82' title="bbox 2202 2230 3796 2313">
    <p class='ocr_par' dir='ltr' id='par_1_82' title="bbox 2202 2230 3796 2313">
     <span class='ocr_line' id='line_1_82' title="bbox 2202 2230 3796 2313; baseline 0.01 -28"><span class='ocrx_word' id='word_1_671' title='bbox 2202 2230 2449 2287; x_wconf 89' lang='lat' dir='ltr'><strong>ultimum</strong></span> <span class='ocrx_word' id='word_1_672' title='bbox 2474 2235 2656 2303; x_wconf 88' lang='lat' dir='ltr'><strong>posuit</strong></span> <span class='ocrx_word' id='word_1_673' title='bbox 2688 2253 2703 2290; x_wconf 72' lang='grc' dir='ltr'>ς</span> <span class='ocrx_word' id='word_1_674' title='bbox 2734 2252 2857 2292; x_wconf 89' lang='lat' dir='ltr'><strong>nam</strong></span> <span class='ocrx_word' id='word_1_675' title='bbox 2886 2239 3033 2309; x_wconf 88' lang='lat' dir='ltr'><strong>quod</strong></span> <span class='ocrx_word' id='word_1_676' title='bbox 3062 2240 3203 2296; x_wconf 86' lang='lat' dir='ltr'><strong>inter</strong></span> <span class='ocrx_word' id='word_1_677' title='bbox 3226 2242 3401 2312; x_wconf 90' lang='lat' dir='ltr'><strong>capita</strong></span> <span class='ocrx_word' id='word_1_678' title='bbox 3433 2242 3627 2301; x_wconf 89' lang='lat' dir='ltr'><strong>fortius</strong></span> <span class='ocrx_word' id='word_1_679' title='bbox 3671 2259 3757 2303; x_wconf 84' lang='lat' dir='ltr'><strong>est</strong></span> <span class='ocrx_word' id='word_1_680' title='bbox 3778 2290 3796 2313; x_wconf 92' lang='lat'><strong>,</strong></span> 
     </span>
    </p>
   </div>
   <div class='ocr_carea' id='block_1_83' title="bbox 2204 2326 3800 2401">
    <p class='ocr_par' dir='ltr' id='par_1_83' title="bbox 2204 2326 3800 2401">
     <span class='ocr_line' id='line_1_83' title="bbox 2204 2326 3800 2401; baseline 0.01 -24"><span class='ocrx_word' id='word_1_681' title='bbox 2204 2332 2332 2378; x_wconf 90' lang='lat' dir='ltr'><strong>tunc</strong></span> <span class='ocrx_word' id='word_1_682' title='bbox 2358 2326 2527 2394; x_wconf 89' lang='lat' dir='ltr'><strong>ponit.</strong></span> <span class='ocrx_word' id='word_1_683' title='bbox 2552 2326 2741 2398; x_wconf 78' lang='lat' dir='ltr'><strong>Neque</strong></span> <span class='ocrx_word' id='word_1_684' title='bbox 2767 2330 2913 2384; x_wconf 90' lang='lat' dir='ltr'><strong>enim</strong></span> <span class='ocrx_word' id='word_1_685' title='bbox 2939 2331 3012 2384; x_wconf 89' lang='lat' dir='ltr'><strong>ita</strong></span> <span class='ocrx_word' id='word_1_686' title='bbox 3036 2332 3340 2387; x_wconf 90' lang='lat' dir='ltr'><strong>mirandum</strong></span> <span class='ocrx_word' id='word_1_687' title='bbox 3365 2345 3519 2401; x_wconf 91' lang='lat' dir='ltr'><strong>erat,</strong></span> <span class='ocrx_word' id='word_1_688' title='bbox 3544 2337 3681 2392; x_wconf 91' lang='lat' dir='ltr'><strong>alios</strong></span> <span class='ocrx_word' id='word_1_689' title='bbox 3706 2352 3800 2393; x_wconf 86' lang='lat' dir='ltr'><strong>os-</strong></span> 
     </span>
    </p>
   </div>
   <div class='ocr_carea' id='block_1_84' title="bbox 2205 2416 3793 2492">
    <p class='ocr_par' dir='ltr' id='par_1_84' title="bbox 2205 2416 3793 2492">
     <span class='ocr_line' id='line_1_84' title="bbox 2205 2416 3793 2492; baseline 0.009 -22"><span class='ocrx_word' id='word_1_690' title='bbox 2205 2416 2425 2473; x_wconf 86' lang='lat' dir='ltr'><strong>tendere</strong></span> <span class='ocrx_word' id='word_1_691' title='bbox 2453 2418 2554 2474; x_wconf 90' lang='lat' dir='ltr'><strong>hoc</strong></span> <span class='ocrx_word' id='word_1_692' title='bbox 2578 2420 2855 2486; x_wconf 87' lang='lat' dir='ltr'><strong>facientes,</strong></span> <span class='ocrx_word' id='word_1_693' title='bbox 2887 2430 2947 2475; x_wconf 89' lang='lat' dir='ltr'><strong>ut</strong></span> <span class='ocrx_word' id='word_1_694' title='bbox 2976 2424 3205 2492; x_wconf 91' lang='lat' dir='ltr'><strong>primum</strong></span> <span class='ocrx_word' id='word_1_695' title='bbox 3232 2434 3286 2479; x_wconf 91' lang='lat' dir='ltr'><strong>et</strong></span> <span class='ocrx_word' id='word_1_696' title='bbox 3311 2441 3436 2481; x_wconf 88' lang='lat' dir='ltr'><strong>eum</strong></span> <span class='ocrx_word' id='word_1_697' title='bbox 3465 2428 3553 2483; x_wconf 77' lang='lat' dir='ltr'><strong>cui</strong></span> <span class='ocrx_word' id='word_1_698' title='bbox 3582 2429 3793 2484; x_wconf 61' lang='lat' dir='ltr'><strong>tradita:</strong></span> 
     </span>
    </p>
   </div>
   <div class='ocr_carea' id='block_1_85' title="bbox 2203 2508 3799 2611">
    <p class='ocr_par' dir='ltr' id='par_1_85' title="bbox 2203 2508 3799 2611">
     <span class='ocr_line' id='line_1_85' title="bbox 2203 2508 3799 2611; baseline 0.008 -49"><span class='ocrx_word' id='word_1_699' title='bbox 2203 2517 2329 2563; x_wconf 86' lang='lat' dir='ltr'><strong>sunt</strong></span> <span class='ocrx_word' id='word_1_700' title='bbox 2356 2508 2538 2565; x_wconf 86' lang='lat' dir='ltr'><strong>claves</strong></span> <span class='ocrx_word' id='word_1_701' title='bbox 2564 2512 2713 2581; x_wconf 82' lang='lat' dir='ltr'><strong>regni</strong></span> <span class='ocrx_word' id='word_1_702' title='bbox 2738 2512 3016 2569; x_wconf 59' lang='lat' dir='ltr'><strong>caelorum.</strong></span> <span class='ocrx_word' id='word_1_703' title='bbox 3050 2513 3314 2611; x_wconf 66' lang='lat' dir='ltr'><strong>Caeterum</strong></span> <span class='ocrx_word' id='word_1_704' title='bbox 3344 2533 3450 2572; x_wconf 91' lang='lat' dir='ltr'><strong>non</strong></span> <span class='ocrx_word' id='word_1_705' title='bbox 3488 2517 3663 2573; x_wconf 89' lang='lat' dir='ltr'><strong>solum</strong></span> <span class='ocrx_word' id='word_1_706' title='bbox 3696 2536 3799 2591; x_wconf 72' lang='lat' dir='ltr'><strong>po.</strong></span> 
     </span>
    </p>
   </div>
   <div class='ocr_carea' id='block_1_86' title="bbox 2205 2601 3799 2682">
    <p class='ocr_par' dir='ltr' id='par_1_86' title="bbox 2205 2601 3799 2682">
     <span class='ocr_line' id='line_1_86' title="bbox 2205 2601 3799 2682; baseline 0.008 -27"><span class='ocrx_word' id='word_1_707' title='bbox 2205 2602 2282 2657; x_wconf 89' lang='lat' dir='ltr'><strong>nit</strong></span> <span class='ocrx_word' id='word_1_708' title='bbox 2302 2642 2316 2668; x_wconf 91' lang='lat'><strong>,</strong></span> <span class='ocrx_word' id='word_1_709' title='bbox 2346 2601 2442 2656; x_wconf 83' lang='lat' dir='ltr'><strong>sed</strong></span> <span class='ocrx_word' id='word_1_710' title='bbox 2466 2616 2656 2658; x_wconf 87' lang='lat' dir='ltr'><strong>omnes</strong></span> <span class='ocrx_word' id='word_1_711' title='bbox 2678 2645 2696 2671; x_wconf 94' lang='lat'><strong>,</strong></span> <span class='ocrx_word' id='word_1_712' title='bbox 2724 2618 2790 2659; x_wconf 91' lang='lat' dir='ltr'><strong>ac</strong></span> <span class='ocrx_word' id='word_1_713' title='bbox 2808 2605 2853 2659; x_wconf 93' lang='lat' dir='ltr'><strong>si</strong></span> <span class='ocrx_word' id='word_1_714' title='bbox 2880 2605 3085 2663; x_wconf 89' lang='lat' dir='ltr'><strong>diceret</strong></span> <span class='ocrx_word' id='word_1_715' title='bbox 3111 2623 3129 2663; x_wconf 87' lang='lat'><strong>:</strong></span> <span class='ocrx_word' id='word_1_716' title='bbox 3159 2601 3286 2663; x_wconf 83' lang='lat' dir='ltr'><strong>Sive</strong></span> <span class='ocrx_word' id='word_1_717' title='bbox 3330 2608 3613 2667; x_wconf 87' lang='lat' dir='ltr'><strong>inferiores</strong></span> <span class='ocrx_word' id='word_1_718' title='bbox 3651 2628 3799 2682; x_wconf 70' lang='lat' dir='ltr'><strong>qum-</strong></span> 
     </span>
    </p>
   </div>
   <div class='ocr_carea' id='block_1_87' title="bbox 2201 2693 3795 2772">
    <p class='ocr_par' dir='ltr' id='par_1_87' title="bbox 2201 2693 3795 2772">
     <span class='ocr_line' id='line_1_87' title="bbox 2201 2693 3795 2772; baseline 0.007 -26"><span class='ocrx_word' id='word_1_719' title='bbox 2201 2707 2292 2747; x_wconf 89' lang='lat' dir='ltr'><strong>ras</strong></span> <span class='ocrx_word' id='word_1_720' title='bbox 2316 2693 2430 2749; x_wconf 84' lang='lat' dir='ltr'><strong>sive</strong></span> <span class='ocrx_word' id='word_1_721' title='bbox 2458 2694 2766 2764; x_wconf 83' lang='lat' dir='ltr'><strong>superiores</strong></span> <span class='ocrx_word' id='word_1_722' title='bbox 2789 2737 2807 2763; x_wconf 95' lang='lat'><strong>,</strong></span> <span class='ocrx_word' id='word_1_723' title='bbox 2839 2697 3082 2753; x_wconf 88' lang='lat' dir='ltr'><strong>omnium</strong></span> <span class='ocrx_word' id='word_1_724' title='bbox 3134 2699 3308 2767; x_wconf 86' lang='lat' dir='ltr'><strong>posita</strong></span> <span class='ocrx_word' id='word_1_725' title='bbox 3356 2710 3484 2754; x_wconf 89' lang='lat' dir='ltr'><strong>sunt</strong></span> <span class='ocrx_word' id='word_1_726' title='bbox 3522 2705 3795 2772; x_wconf 78' lang='lat' dir='ltr'><strong>exempla.</strong></span> 
     </span>
    </p>
   </div>
   <div class='ocr_carea' id='block_1_88' title="bbox 2207 2785 3794 2864">
    <p class='ocr_par' dir='ltr' id='par_1_88' title="bbox 2207 2785 3794 2864">
     <span class='ocr_line' id='line_1_88' title="bbox 2207 2785 3794 2864; baseline 0.009 -26"><span class='ocrx_word' id='word_1_727' title='bbox 2207 2785 2416 2839; x_wconf 82' lang='lat' dir='ltr'><strong>Etenim</strong></span> <span class='ocrx_word' id='word_1_728' title='bbox 2446 2785 2646 2843; x_wconf 89' lang='lat' dir='ltr'><strong>fratres</strong></span> <span class='ocrx_word' id='word_1_729' title='bbox 2672 2788 2887 2844; x_wconf 87' lang='lat' dir='ltr'><strong>Domini</strong></span> <span class='ocrx_word' id='word_1_730' title='bbox 2917 2806 2946 2843; x_wconf 87' lang='lat' dir='ltr'><strong>a</strong></span> <span class='ocrx_word' id='word_1_731' title='bbox 2968 2792 3148 2859; x_wconf 85' lang='lat' dir='ltr'><strong>priore</strong></span> <span class='ocrx_word' id='word_1_732' title='bbox 3164 2792 3539 2849; x_wconf 89' lang='lat' dir='ltr'><strong>incredulitate</strong></span> <span class='ocrx_word' id='word_1_733' title='bbox 3560 2795 3794 2864; x_wconf 80' lang='lat' dir='ltr'><strong>liberati,</strong></span> 
     </span>
    </p>
   </div>
   <div class='ocr_carea' id='block_1_89' title="bbox 2204 2876 3797 2955">
    <p class='ocr_par' dir='ltr' id='par_1_89' title="bbox 2204 2876 3797 2955">
     <span class='ocr_line' id='line_1_89' title="bbox 2204 2876 3797 2955; baseline 0.008 -24"><span class='ocrx_word' id='word_1_734' title='bbox 2204 2876 2342 2932; x_wconf 88' lang='lat' dir='ltr'><strong>inter</strong></span> <span class='ocrx_word' id='word_1_735' title='bbox 2364 2876 2621 2933; x_wconf 86' lang='lat' dir='ltr'><strong>clariores</strong></span> <span class='ocrx_word' id='word_1_736' title='bbox 2649 2889 2830 2945; x_wconf 87' lang='lat' dir='ltr'><strong>erant,</strong></span> <span class='ocrx_word' id='word_1_737' title='bbox 2860 2881 2961 2935; x_wconf 90' lang='lat' dir='ltr'><strong>etsi</strong></span> <span class='ocrx_word' id='word_1_738' title='bbox 2990 2881 3056 2937; x_wconf 88' lang='lat' dir='ltr'><strong>ad</strong></span> <span class='ocrx_word' id='word_1_739' title='bbox 3082 2884 3357 2952; x_wconf 89' lang='lat' dir='ltr'><strong>apostolos</strong></span> <span class='ocrx_word' id='word_1_740' title='bbox 3382 2900 3491 2941; x_wconf 93' lang='lat' dir='ltr'><strong>non</strong></span> <span class='ocrx_word' id='word_1_741' title='bbox 3536 2900 3797 2955; x_wconf 60' lang='lat' dir='ltr'><strong>perveneo</strong></span> 
     </span>
    </p>
   </div>
   <div class='ocr_carea' id='block_1_90' title="bbox 2205 2966 3797 3042">
    <p class='ocr_par' dir='ltr' id='par_1_90' title="bbox 2205 2966 3797 3042">
     <span class='ocr_line' id='line_1_90' title="bbox 2205 2966 3797 3042; baseline 0.008 -23"><span class='ocrx_word' id='word_1_742' title='bbox 2205 2974 2324 3021; x_wconf 89' lang='lat' dir='ltr'><strong>rant</strong></span> <span class='ocrx_word' id='word_1_743' title='bbox 2350 2984 2364 3019; x_wconf 90' lang='lat'>:</span> <span class='ocrx_word' id='word_1_744' title='bbox 2398 2966 2631 3038; x_wconf 90' lang='lat' dir='ltr'><strong>ideoque</strong></span> <span class='ocrx_word' id='word_1_745' title='bbox 2653 2969 2705 3023; x_wconf 93' lang='lat' dir='ltr'><strong>in</strong></span> <span class='ocrx_word' id='word_1_746' title='bbox 2730 2970 2909 3025; x_wconf 88' lang='lat' dir='ltr'><strong>medio</strong></span> <span class='ocrx_word' id='word_1_747' title='bbox 2938 2970 3062 3027; x_wconf 90' lang='lat' dir='ltr'><strong>illos</strong></span> <span class='ocrx_word' id='word_1_748' title='bbox 3092 2974 3271 3042; x_wconf 89' lang='lat' dir='ltr'><strong>posuit</strong></span> <span class='ocrx_word' id='word_1_749' title='bbox 3296 3014 3311 3036; x_wconf 89' lang='lat'><strong>,</strong></span> <span class='ocrx_word' id='word_1_750' title='bbox 3344 2977 3570 3030; x_wconf 89' lang='lat' dir='ltr'><strong>summis</strong></span> <span class='ocrx_word' id='word_1_751' title='bbox 3622 2983 3797 3032; x_wconf 55' lang='lat' dir='ltr'><strong>utrin-</strong></span> 
     </span>
    </p>
   </div>
   <div class='ocr_carea' id='block_1_91' title="bbox 2202 3053 3795 3126">
    <p class='ocr_par' dir='ltr' id='par_1_91' title="bbox 2202 3053 3795 3126">
     <span class='ocr_line' id='line_1_91' title="bbox 2202 3053 3795 3126; baseline 0.008 -22"><span class='ocrx_word' id='word_1_752' title='bbox 2202 3066 2309 3121; x_wconf 90' lang='lat' dir='ltr'><strong>que</strong></span> <span class='ocrx_word' id='word_1_753' title='bbox 2341 3053 2550 3121; x_wconf 89' lang='lat' dir='ltr'><strong>positis.</strong></span> <span class='ocrx_word' id='word_1_754' title='bbox 2586 3054 2641 3108; x_wconf 88' lang='lat'><strong>6.</strong></span> <span class='ocrx_word' id='word_1_755' title='bbox 2673 3054 2775 3108; x_wconf 80' lang='lat' dir='ltr'><strong>Aut</strong></span> <span class='ocrx_word' id='word_1_756' title='bbox 2804 3072 2896 3126; x_wconf 80' lang='lat' dir='ltr'><strong>ego</strong></span> <span class='ocrx_word' id='word_1_757' title='bbox 2922 3056 3061 3111; x_wconf 89' lang='lat' dir='ltr'><strong>solus</strong></span> <span class='ocrx_word' id='word_1_758' title='bbox 3088 3067 3136 3113; x_wconf 79' lang='lat' dir='ltr'><strong>et</strong></span> <span class='ocrx_word' id='word_1_759' title='bbox 3172 3056 3443 3114; x_wconf 81' lang='lat' dir='ltr'><strong>Barnabas</strong></span> <span class='ocrx_word' id='word_1_760' title='bbox 3485 3077 3586 3114; x_wconf 82' lang='lat' dir='ltr'><strong>non</strong></span> <span class='ocrx_word' id='word_1_761' title='bbox 3634 3063 3795 3118; x_wconf 84' lang='lat' dir='ltr'><strong>liabe-</strong></span> 
     </span>
    </p>
   </div>
   <div class='ocr_carea' id='block_1_92' title="bbox 2205 3148 3798 3223">
    <p class='ocr_par' dir='ltr' id='par_1_92' title="bbox 2205 3148 3798 3223">
     <span class='ocr_line' id='line_1_92' title="bbox 2205 3148 3798 3223; baseline 0.008 -24"><span class='ocrx_word' id='word_1_762' title='bbox 2205 3161 2317 3200; x_wconf 73' lang='lat' dir='ltr'><strong>nsus</strong></span> <span class='ocrx_word' id='word_1_763' title='bbox 2341 3156 2643 3216; x_wconf 81' lang='lat' dir='ltr'><strong>potestatem</strong></span> <span class='ocrx_word' id='word_1_764' title='bbox 2671 3163 2773 3201; x_wconf 83' lang='lat' dir='ltr'><strong>non</strong></span> <span class='ocrx_word' id='word_1_765' title='bbox 2794 3149 3043 3218; x_wconf 88' lang='lat' dir='ltr'><strong>operandi</strong></span> <span class='ocrx_word' id='word_1_766' title='bbox 3063 3148 3139 3223; x_wconf 81' lang='grc' dir='ltr'><strong>(α)</strong></span> <span class='ocrx_word' id='word_1_767' title='bbox 3160 3150 3186 3204; x_wconf 72' lang='grc'><em>2</em></span> <span class='ocrx_word' id='word_1_768' title='bbox 3214 3151 3345 3206; x_wconf 80' lang='lat' dir='ltr'><strong>Vide</strong></span> <span class='ocrx_word' id='word_1_769' title='bbox 3364 3153 3719 3210; x_wconf 82' lang='lat' dir='ltr'><strong>humilitatem</strong></span> <span class='ocrx_word' id='word_1_770' title='bbox 3740 3165 3798 3211; x_wconf 88' lang='lat' dir='ltr'><strong>et</strong></span> 
     </span>
    </p>
   </div>
   <div class='ocr_carea' id='block_1_93' title="bbox 2200 3237 3795 3316">
    <p class='ocr_par' dir='ltr' id='par_1_93' title="bbox 2200 3237 3795 3316">
     <span class='ocr_line' id='line_1_93' title="bbox 2200 3237 3795 3316; baseline 0.008 -26"><span class='ocrx_word' id='word_1_771' title='bbox 2200 3237 2437 3291; x_wconf 87' lang='lat' dir='ltr'><strong>animam</strong></span> <span class='ocrx_word' id='word_1_772' title='bbox 2466 3238 2615 3293; x_wconf 88' lang='lat' dir='ltr'><strong>omni</strong></span> <span class='ocrx_word' id='word_1_773' title='bbox 2642 3239 2837 3294; x_wconf 88' lang='lat' dir='ltr'><strong>invidia</strong></span> <span class='ocrx_word' id='word_1_774' title='bbox 2869 3240 3117 3309; x_wconf 88' lang='lat' dir='ltr'><strong>liberam,</strong></span> <span class='ocrx_word' id='word_1_775' title='bbox 3146 3242 3418 3312; x_wconf 85' lang='lat' dir='ltr'><strong>quomodo</strong></span> <span class='ocrx_word' id='word_1_776' title='bbox 3441 3259 3563 3299; x_wconf 91' lang='lat' dir='ltr'><strong>eum</strong></span> <span class='ocrx_word' id='word_1_777' title='bbox 3588 3286 3605 3310; x_wconf 99' lang='lat'><strong>,</strong></span> <span class='ocrx_word' id='word_1_778' title='bbox 3634 3261 3795 3316; x_wconf 85' lang='lat' dir='ltr'><strong>quem</strong></span> 
     </span>
    </p>
   </div>
   <div class='ocr_carea' id='block_1_94' title="bbox 2203 3330 3794 3401">
    <p class='ocr_par' dir='ltr' id='par_1_94' title="bbox 2203 3330 3794 3401">
     <span class='ocr_line' id='line_1_94' title="bbox 2203 3330 3794 3401; baseline 0.006 -17"><span class='ocrx_word' id='word_1_779' title='bbox 2203 3343 2457 3384; x_wconf 89' lang='lat' dir='ltr'><strong>curarum</strong></span> <span class='ocrx_word' id='word_1_780' title='bbox 2482 3330 2687 3385; x_wconf 90' lang='lat' dir='ltr'><strong>socium</strong></span> <span class='ocrx_word' id='word_1_781' title='bbox 2720 3331 2924 3386; x_wconf 88' lang='lat' dir='ltr'><strong>sciebat</strong></span> <span class='ocrx_word' id='word_1_782' title='bbox 2947 3372 2963 3398; x_wconf 96' lang='lat'><strong>,</strong></span> <span class='ocrx_word' id='word_1_783' title='bbox 2996 3348 3103 3387; x_wconf 93' lang='lat' dir='ltr'><strong>non</strong></span> <span class='ocrx_word' id='word_1_784' title='bbox 3133 3334 3378 3401; x_wconf 86' lang='lat' dir='ltr'><strong>tacuerit.</strong></span> <span class='ocrx_word' id='word_1_785' title='bbox 3413 3334 3470 3389; x_wconf 88' lang='lat' dir='ltr'><strong>Si</strong></span> <span class='ocrx_word' id='word_1_786' title='bbox 3500 3338 3643 3390; x_wconf 92' lang='lat' dir='ltr'><strong>enim</strong></span> <span class='ocrx_word' id='word_1_787' title='bbox 3688 3338 3794 3393; x_wconf 86' lang='lat' dir='ltr'><strong>alia</strong></span> 
     </span>
    </p>
   </div>
   <div class='ocr_carea' id='block_1_95' title="bbox 2202 3422 3795 3498">
    <p class='ocr_par' dir='ltr' id='par_1_95' title="bbox 2202 3422 3795 3498">
     <span class='ocr_line' id='line_1_95' title="bbox 2202 3422 3795 3498; baseline 0.006 -21"><span class='ocrx_word' id='word_1_788' title='bbox 2202 3422 2507 3477; x_wconf 87' lang='lat' dir='ltr'><strong>communia</strong></span> <span class='ocrx_word' id='word_1_789' title='bbox 2533 3461 2548 3487; x_wconf 94' lang='lat'><strong>,</strong></span> <span class='ocrx_word' id='word_1_790' title='bbox 2577 3437 2676 3477; x_wconf 92' lang='lat' dir='ltr'><strong>cur</strong></span> <span class='ocrx_word' id='word_1_791' title='bbox 2704 3423 2807 3477; x_wconf 86' lang='lat' dir='ltr'><strong>hoc</strong></span> <span class='ocrx_word' id='word_1_792' title='bbox 2833 3439 2939 3479; x_wconf 91' lang='lat' dir='ltr'><strong>non</strong></span> <span class='ocrx_word' id='word_1_793' title='bbox 2971 3440 3257 3480; x_wconf 90' lang='lat' dir='ltr'><strong>commune</strong></span> <span class='ocrx_word' id='word_1_794' title='bbox 3305 3425 3511 3482; x_wconf 72' lang='lat' dir='ltr'><strong>fuerit?</strong></span> <span class='ocrx_word' id='word_1_795' title='bbox 3550 3430 3795 3498; x_wconf 83' lang='lat' dir='ltr'><strong>Apostoli</strong></span> 
     </span>
    </p>
   </div>
   <div class='ocr_carea' id='block_1_96' title="bbox 2203 3512 3796 3581">
    <p class='ocr_par' dir='ltr' id='par_1_96' title="bbox 2203 3512 3796 3581">
     <span class='ocr_line' id='line_1_96' title="bbox 2203 3512 3796 3581; baseline 0.005 -12"><span class='ocrx_word' id='word_1_796' title='bbox 2203 3522 2329 3569; x_wconf 89' lang='lat' dir='ltr'><strong>sunt</strong></span> <span class='ocrx_word' id='word_1_797' title='bbox 2356 3521 2411 3567; x_wconf 89' lang='lat' dir='ltr'><strong>et</strong></span> <span class='ocrx_word' id='word_1_798' title='bbox 2436 3512 2510 3566; x_wconf 91' lang='lat' dir='ltr'><strong>illi</strong></span> <span class='ocrx_word' id='word_1_799' title='bbox 2542 3524 2599 3568; x_wconf 86' lang='lat' dir='ltr'><strong>et</strong></span> <span class='ocrx_word' id='word_1_800' title='bbox 2624 3528 2723 3567; x_wconf 89' lang='lat' dir='ltr'><strong>nos</strong></span> <span class='ocrx_word' id='word_1_801' title='bbox 2742 3555 2759 3576; x_wconf 93' lang='lat'><strong>,</strong></span> <span class='ocrx_word' id='word_1_802' title='bbox 2789 3522 2844 3569; x_wconf 90' lang='lat' dir='ltr'><strong>et</strong></span> <span class='ocrx_word' id='word_1_803' title='bbox 2869 3514 3024 3571; x_wconf 87' lang='lat' dir='ltr'><strong>liberi</strong></span> <span class='ocrx_word' id='word_1_804' title='bbox 3050 3532 3065 3581; x_wconf 92' lang='lat'><strong>;</strong></span> <span class='ocrx_word' id='word_1_805' title='bbox 3092 3524 3149 3571; x_wconf 89' lang='lat' dir='ltr'><strong>et</strong></span> <span class='ocrx_word' id='word_1_806' title='bbox 3172 3514 3443 3572; x_wconf 90' lang='lat' dir='ltr'><strong>Christum</strong></span> <span class='ocrx_word' id='word_1_807' title='bbox 3473 3518 3702 3576; x_wconf 87' lang='lat' dir='ltr'><strong>vidimus</strong></span> <span class='ocrx_word' id='word_1_808' title='bbox 3735 3531 3796 3576; x_wconf 77' lang='lat' dir='ltr'><strong>et</strong></span> 
     </span>
    </p>
   </div>
   <div class='ocr_carea' id='block_1_97' title="bbox 2202 3605 3795 3681">
    <p class='ocr_par' dir='ltr' id='par_1_97' title="bbox 2202 3605 3795 3681">
     <span class='ocr_line' id='line_1_97' title="bbox 2202 3605 3795 3681; baseline 0.006 -22"><span class='ocrx_word' id='word_1_809' title='bbox 2202 3621 2323 3675; x_wconf 73' lang='lat' dir='ltr'><strong>qua:</strong></span> <span class='ocrx_word' id='word_1_810' title='bbox 2347 3605 2711 3676; x_wconf 87' lang='lat' dir='ltr'><strong>apostolorum</strong></span> <span class='ocrx_word' id='word_1_811' title='bbox 2739 3615 2895 3663; x_wconf 90' lang='lat' dir='ltr'><strong>erant</strong></span> <span class='ocrx_word' id='word_1_812' title='bbox 2916 3606 3279 3663; x_wconf 79' lang='lat' dir='ltr'><strong>exhibuimus.</strong></span> <span class='ocrx_word' id='word_1_813' title='bbox 3296 3608 3441 3681; x_wconf 84' lang='lat' dir='ltr'><strong>Ergo</strong></span> <span class='ocrx_word' id='word_1_814' title='bbox 3461 3625 3561 3665; x_wconf 87' lang='lat' dir='ltr'><strong>nos</strong></span> <span class='ocrx_word' id='word_1_815' title='bbox 3577 3627 3795 3681; x_wconf 88' lang='lat' dir='ltr'><strong>quoque</strong></span> 
     </span>
    </p>
   </div>
   <div class='ocr_carea' id='block_1_98' title="bbox 2204 3700 3793 3771">
    <p class='ocr_par' dir='ltr' id='par_1_98' title="bbox 2204 3700 3793 3771">
     <span class='ocr_line' id='line_1_98' title="bbox 2204 3700 3793 3771; baseline 0.005 -19"><span class='ocrx_word' id='word_1_816' title='bbox 2204 3708 2525 3769; x_wconf 87' lang='lat' dir='ltr'><strong>potestatem</strong></span> <span class='ocrx_word' id='word_1_817' title='bbox 2559 3700 2818 3755; x_wconf 87' lang='lat' dir='ltr'><strong>habemus</strong></span> <span class='ocrx_word' id='word_1_818' title='bbox 2847 3701 2897 3754; x_wconf 93' lang='lat' dir='ltr'><strong>in</strong></span> <span class='ocrx_word' id='word_1_819' title='bbox 2924 3702 3037 3757; x_wconf 90' lang='lat' dir='ltr'><strong>otio</strong></span> <span class='ocrx_word' id='word_1_820' title='bbox 3077 3701 3324 3771; x_wconf 82' lang='lat' dir='ltr'><strong>vivendi,</strong></span> <span class='ocrx_word' id='word_1_821' title='bbox 3374 3712 3433 3757; x_wconf 89' lang='lat' dir='ltr'><strong>et</strong></span> <span class='ocrx_word' id='word_1_822' title='bbox 3465 3703 3717 3760; x_wconf 84' lang='lat' dir='ltr'><strong>alimenta</strong></span> <span class='ocrx_word' id='word_1_823' title='bbox 3761 3722 3793 3760; x_wconf 87' lang='lat' dir='ltr'><strong>a</strong></span> 
     </span>
    </p>
   </div>
   <div class='ocr_carea' id='block_1_99' title="bbox 2202 3789 3795 3861">
    <p class='ocr_par' dir='ltr' id='par_1_99' title="bbox 2202 3789 3795 3861">
     <span class='ocr_line' id='line_1_99' title="bbox 2202 3789 3795 3861; baseline 0.004 -17"><span class='ocrx_word' id='word_1_824' title='bbox 2202 3789 2484 3860; x_wconf 88' lang='lat' dir='ltr'><strong>discipulis</strong></span> <span class='ocrx_word' id='word_1_825' title='bbox 2528 3790 2849 3860; x_wconf 86' lang='lat' dir='ltr'><strong>accipiendi.</strong></span> <span class='ocrx_word' id='word_1_826' title='bbox 2880 3792 2935 3845; x_wconf 82' lang='grc'><strong>7.</strong></span> <span class='ocrx_word' id='word_1_827' title='bbox 2986 3792 3113 3859; x_wconf 83' lang='lat' dir='ltr'><strong>Quis</strong></span> <span class='ocrx_word' id='word_1_828' title='bbox 3148 3793 3334 3847; x_wconf 81' lang='lat' dir='ltr'><strong>militat</strong></span> <span class='ocrx_word' id='word_1_829' title='bbox 3377 3795 3483 3847; x_wconf 86' lang='lat' dir='ltr'><strong>suis</strong></span> <span class='ocrx_word' id='word_1_830' title='bbox 3524 3795 3795 3861; x_wconf 87' lang='lat' dir='ltr'><strong>stipendiis</strong></span> 
     </span>
    </p>
   </div>
   <div class='ocr_carea' id='block_1_100' title="bbox 2202 3881 3792 3953">
    <p class='ocr_par' dir='ltr' id='par_1_100' title="bbox 2202 3881 3792 3953">
     <span class='ocr_line' id='line_1_100' title="bbox 2202 3881 3792 3953; baseline 0.006 -19"><span class='ocrx_word' id='word_1_831' title='bbox 2202 3881 2483 3952; x_wconf 83' lang='lat' dir='ltr'><strong>umquam?</strong></span> <span class='ocrx_word' id='word_1_832' title='bbox 2512 3881 2645 3948; x_wconf 88' lang='lat' dir='ltr'><strong>Quia</strong></span> <span class='ocrx_word' id='word_1_833' title='bbox 2670 3886 2814 3936; x_wconf 89' lang='lat' dir='ltr'><strong>enlm</strong></span> <span class='ocrx_word' id='word_1_834' title='bbox 2840 3922 2855 3949; x_wconf 94' lang='lat'><strong>,</strong></span> <span class='ocrx_word' id='word_1_835' title='bbox 2904 3883 3048 3952; x_wconf 92' lang='lat' dir='ltr'><strong>quod</strong></span> <span class='ocrx_word' id='word_1_836' title='bbox 3087 3883 3471 3939; x_wconf 87' lang='lat' dir='ltr'><strong>validissimum</strong></span> <span class='ocrx_word' id='word_1_837' title='bbox 3521 3895 3674 3953; x_wconf 77' lang='lat' dir='ltr'><strong>erat,</strong></span> <span class='ocrx_word' id='word_1_838' title='bbox 3723 3902 3792 3943; x_wconf 77' lang='lat' dir='ltr'><strong>ex</strong></span> 
     </span>
    </p>
   </div>
   <div class='ocr_carea' id='block_1_101' title="bbox 2201 3974 3790 4049">
    <p class='ocr_par' dir='ltr' id='par_1_101' title="bbox 2201 3974 3790 4049">
     <span class='ocr_line' id='line_1_101' title="bbox 2201 3974 3790 4049; baseline 0.005 -20"><span class='ocrx_word' id='word_1_839' title='bbox 2201 3974 2459 4046; x_wconf 86' lang='lat' dir='ltr'><strong>apostolis</strong></span> <span class='ocrx_word' id='word_1_840' title='bbox 2489 3974 2726 4029; x_wconf 89' lang='lat' dir='ltr'><strong>ostendit</strong></span> <span class='ocrx_word' id='word_1_841' title='bbox 2748 4016 2764 4040; x_wconf 95' lang='lat'><strong>,</strong></span> <span class='ocrx_word' id='word_1_842' title='bbox 2796 3975 2940 4046; x_wconf 87' lang='lat' dir='ltr'><strong>quod</strong></span> <span class='ocrx_word' id='word_1_843' title='bbox 2985 3991 3181 4047; x_wconf 90' lang='lat' dir='ltr'><strong>nempe</strong></span> <span class='ocrx_word' id='word_1_844' title='bbox 3209 3976 3369 4033; x_wconf 88' lang='lat' dir='ltr'><strong>liceat</strong></span> <span class='ocrx_word' id='word_1_845' title='bbox 3418 3979 3519 4035; x_wconf 90' lang='lat' dir='ltr'><strong>hoc</strong></span> <span class='ocrx_word' id='word_1_846' title='bbox 3566 3979 3742 4037; x_wconf 85' lang='lat' dir='ltr'><strong>facere</strong></span> <span class='ocrx_word' id='word_1_847' title='bbox 3772 3998 3790 4049; x_wconf 91' lang='lat'><strong>;</strong></span> 
     </span>
    </p>
   </div>
   <div class='ocr_carea' id='block_1_102' title="bbox 2202 4064 3789 4140">
    <p class='ocr_par' dir='ltr' id='par_1_102' title="bbox 2202 4064 3789 4140">
     <span class='ocr_line' id='line_1_102' title="bbox 2202 4064 3789 4140; baseline 0.005 -21"><span class='ocrx_word' id='word_1_848' title='bbox 2202 4066 2269 4119; x_wconf 85' lang='lat' dir='ltr'><strong>ad</strong></span> <span class='ocrx_word' id='word_1_849' title='bbox 2300 4064 2546 4135; x_wconf 81' lang='lat' dir='ltr'><strong>exempla</strong></span> <span class='ocrx_word' id='word_1_850' title='bbox 2572 4064 2787 4120; x_wconf 90' lang='lat' dir='ltr'><strong>demum</strong></span> <span class='ocrx_word' id='word_1_851' title='bbox 2817 4068 2967 4121; x_wconf 91' lang='lat' dir='ltr'><strong>venit</strong></span> <span class='ocrx_word' id='word_1_852' title='bbox 2994 4076 3049 4122; x_wconf 91' lang='lat' dir='ltr'><strong>et</strong></span> <span class='ocrx_word' id='word_1_853' title='bbox 3096 4068 3164 4122; x_wconf 90' lang='lat' dir='ltr'><strong>ad</strong></span> <span class='ocrx_word' id='word_1_854' title='bbox 3208 4082 3547 4125; x_wconf 87' lang='lat' dir='ltr'><strong>communem</strong></span> <span class='ocrx_word' id='word_1_855' title='bbox 3594 4086 3749 4127; x_wconf 78' lang='lat' dir='ltr'><strong>ltStttll</strong></span> <span class='ocrx_word' id='word_1_856' title='bbox 3772 4115 3789 4140; x_wconf 94' lang='lat'><strong>,</strong></span> 
     </span>
    </p>
   </div>
   <div class='ocr_carea' id='block_1_103' title="bbox 2205 4155 3793 4230">
    <p class='ocr_par' dir='ltr' id='par_1_103' title="bbox 2205 4155 3793 4230">
     <span class='ocr_line' id='line_1_103' title="bbox 2205 4155 3793 4230; baseline 0.003 -19"><span class='ocrx_word' id='word_1_857' title='bbox 2205 4166 2262 4212; x_wconf 89' lang='lat' dir='ltr'><strong>ut</strong></span> <span class='ocrx_word' id='word_1_858' title='bbox 2284 4171 2401 4212; x_wconf 89' lang='lat' dir='ltr'><strong>mos</strong></span> <span class='ocrx_word' id='word_1_859' title='bbox 2422 4166 2508 4211; x_wconf 89' lang='lat' dir='ltr'><strong>est</strong></span> <span class='ocrx_word' id='word_1_860' title='bbox 2531 4156 2605 4210; x_wconf 90' lang='lat' dir='ltr'><strong>illi</strong></span> <span class='ocrx_word' id='word_1_861' title='bbox 2627 4155 2821 4214; x_wconf 78' lang='lat' dir='ltr'><strong>facere.</strong></span> <span class='ocrx_word' id='word_1_862' title='bbox 2855 4158 2981 4225; x_wconf 84' lang='lat' dir='ltr'><strong>Quis</strong></span> <span class='ocrx_word' id='word_1_863' title='bbox 3006 4160 3190 4213; x_wconf 72' lang='lat' dir='ltr'><strong>milita.</strong></span> <span class='ocrx_word' id='word_1_864' title='bbox 3228 4160 3337 4215; x_wconf 89' lang='lat' dir='ltr'><strong>suis</strong></span> <span class='ocrx_word' id='word_1_865' title='bbox 3374 4161 3680 4230; x_wconf 81' lang='lat' dir='ltr'><strong>stipendiis?</strong></span> <span class='ocrx_word' id='word_1_866' title='bbox 3709 4163 3793 4216; x_wconf 86' lang='lat' dir='ltr'><strong>iu-</strong></span> 
     </span>
    </p>
   </div>
   <div class='ocr_carea' id='block_1_104' title="bbox 2206 4251 3789 4324">
    <p class='ocr_par' dir='ltr' id='par_1_104' title="bbox 2206 4251 3789 4324">
     <span class='ocr_line' id='line_1_104' title="bbox 2206 4251 3789 4324; baseline 0.003 -20"><span class='ocrx_word' id='word_1_867' title='bbox 2206 4251 2339 4320; x_wconf 85' lang='lat' dir='ltr'><strong>quit.</strong></span> <span class='ocrx_word' id='word_1_868' title='bbox 2371 4251 2450 4309; x_wconf 87' lang='lat' dir='ltr'><strong>Tu</strong></span> <span class='ocrx_word' id='word_1_869' title='bbox 2471 4265 2601 4306; x_wconf 89' lang='lat' dir='ltr'><strong>vero</strong></span> <span class='ocrx_word' id='word_1_870' title='bbox 2623 4252 2750 4305; x_wconf 92' lang='lat' dir='ltr'><strong>mihi</strong></span> <span class='ocrx_word' id='word_1_871' title='bbox 2782 4253 3081 4322; x_wconf 76' lang='lat' dir='ltr'><strong>perpendes</strong></span> <span class='ocrx_word' id='word_1_872' title='bbox 3101 4252 3282 4321; x_wconf 89' lang='lat' dir='ltr'><strong>velim,</strong></span> <span class='ocrx_word' id='word_1_873' title='bbox 3310 4268 3468 4324; x_wconf 90' lang='lat' dir='ltr'><strong>quam</strong></span> <span class='ocrx_word' id='word_1_874' title='bbox 3488 4264 3789 4322; x_wconf 81' lang='lat' dir='ltr'><strong>opportuna</strong></span> 
     </span>
    </p>
   </div>
   <div class='ocr_carea' id='block_1_105' title="bbox 2203 4342 3791 4416">
    <p class='ocr_par' dir='ltr' id='par_1_105' title="bbox 2203 4342 3791 4416">
     <span class='ocr_line' id='line_1_105' title="bbox 2203 4342 3791 4416; baseline 0.003 -19"><span class='ocrx_word' id='word_1_875' title='bbox 2203 4344 2308 4398; x_wconf 88' lang='lat' dir='ltr'><strong>sint</strong></span> <span class='ocrx_word' id='word_1_876' title='bbox 2360 4342 2653 4414; x_wconf 68' lang='lat' dir='ltr'><strong>propositas</strong></span> <span class='ocrx_word' id='word_1_877' title='bbox 2697 4343 2772 4398; x_wconf 91' lang='lat' dir='ltr'><strong>rei</strong></span> <span class='ocrx_word' id='word_1_878' title='bbox 2820 4344 3063 4411; x_wconf 78' lang='lat' dir='ltr'><strong>exempla</strong></span> <span class='ocrx_word' id='word_1_879' title='bbox 3116 4344 3235 4409; x_wconf 81' lang='lat' dir='ltr'><strong>illa,</strong></span> <span class='ocrx_word' id='word_1_880' title='bbox 3288 4352 3343 4399; x_wconf 92' lang='lat' dir='ltr'><strong>et</strong></span> <span class='ocrx_word' id='word_1_881' title='bbox 3365 4345 3633 4413; x_wconf 86' lang='lat' dir='ltr'><strong>quomodo</strong></span> <span class='ocrx_word' id='word_1_882' title='bbox 3680 4347 3791 4416; x_wconf 88' lang='lat' dir='ltr'><strong>pri-</strong></span> 
     </span>
    </p>
   </div>
   <div class='ocr_carea' id='block_1_106' title="bbox 2202 4433 3790 4510">
    <p class='ocr_par' dir='ltr' id='par_1_106' title="bbox 2202 4433 3790 4510">
     <span class='ocr_line' id='line_1_106' title="bbox 2202 4433 3790 4510; baseline 0.001 -20"><span class='ocrx_word' id='word_1_883' title='bbox 2202 4451 2348 4490; x_wconf 89' lang='lat' dir='ltr'><strong>mum</strong></span> <span class='ocrx_word' id='word_1_884' title='bbox 2404 4433 2710 4510; x_wconf 81' lang='lat' dir='ltr'><strong>meminerit</strong></span> <span class='ocrx_word' id='word_1_885' title='bbox 2779 4435 3091 4504; x_wconf 71' lang='lat' dir='ltr'><strong>periculosa:</strong></span> <span class='ocrx_word' id='word_1_886' title='bbox 3147 4435 3260 4500; x_wconf 91' lang='lat' dir='ltr'><strong>rei,</strong></span> <span class='ocrx_word' id='word_1_887' title='bbox 3314 4434 3550 4499; x_wconf 71' lang='lat' dir='ltr'><strong>militiae,</strong></span> <span class='ocrx_word' id='word_1_888' title='bbox 3601 4452 3790 4492; x_wconf 82' lang='lat' dir='ltr'><strong>armo-</strong></span> 
     </span>
    </p>
   </div>
   <div class='ocr_carea' id='block_1_107' title="bbox 2203 4525 3787 4596">
    <p class='ocr_par' dir='ltr' id='par_1_107' title="bbox 2203 4525 3787 4596">
     <span class='ocr_line' id='line_1_107' title="bbox 2203 4525 3787 4596; baseline -0.001 -13"><span class='ocrx_word' id='word_1_889' title='bbox 2203 4543 2320 4583; x_wconf 88' lang='lat' dir='ltr'><strong>rum</strong></span> <span class='ocrx_word' id='word_1_890' title='bbox 2351 4536 2406 4584; x_wconf 89' lang='lat' dir='ltr'><strong>et</strong></span> <span class='ocrx_word' id='word_1_891' title='bbox 2442 4526 2588 4581; x_wconf 88' lang='lat' dir='ltr'><strong>belli.</strong></span> <span class='ocrx_word' id='word_1_892' title='bbox 2630 4525 2941 4596; x_wconf 79' lang='lat' dir='ltr'><strong>Huiusmodi</strong></span> <span class='ocrx_word' id='word_1_893' title='bbox 2976 4525 3131 4581; x_wconf 75' lang='lat' dir='ltr'><strong>.enim</strong></span> <span class='ocrx_word' id='word_1_894' title='bbox 3178 4539 3266 4580; x_wconf 89' lang='lat' dir='ltr'><strong>res</strong></span> <span class='ocrx_word' id='word_1_895' title='bbox 3311 4534 3395 4580; x_wconf 91' lang='lat' dir='ltr'><strong>est</strong></span> <span class='ocrx_word' id='word_1_896' title='bbox 3434 4529 3787 4596; x_wconf 79' lang='lat' dir='ltr'><strong>apostolatus,</strong></span> 
     </span>
    </p>
   </div>
   <div class='ocr_carea' id='block_1_108' title="bbox 2204 4616 3782 4687">
    <p class='ocr_par' dir='ltr' id='par_1_108' title="bbox 2204 4616 3782 4687">
     <span class='ocr_line' id='line_1_108' title="bbox 2204 4616 3782 4687; baseline -0.001 -12"><span class='ocrx_word' id='word_1_897' title='bbox 2204 4624 2313 4675; x_wconf 87' lang='lat' dir='ltr'><strong>imo</strong></span> <span class='ocrx_word' id='word_1_898' title='bbox 2342 4619 2424 4673; x_wconf 90' lang='lat' dir='ltr'><strong>bis</strong></span> <span class='ocrx_word' id='word_1_899' title='bbox 2449 4618 2618 4673; x_wconf 92' lang='lat' dir='ltr'><strong>multo</strong></span> <span class='ocrx_word' id='word_1_900' title='bbox 2642 4620 2831 4687; x_wconf 84' lang='lat' dir='ltr'><strong>major.</strong></span> <span class='ocrx_word' id='word_1_901' title='bbox 2870 4616 3053 4687; x_wconf 83' lang='lat' dir='ltr'><strong>Neque</strong></span> <span class='ocrx_word' id='word_1_902' title='bbox 3077 4617 3220 4671; x_wconf 92' lang='lat' dir='ltr'><strong>enim</strong></span> <span class='ocrx_word' id='word_1_903' title='bbox 3249 4616 3504 4673; x_wconf 83' lang='lat' dir='ltr'><strong>adversus</strong></span> <span class='ocrx_word' id='word_1_904' title='bbox 3529 4619 3782 4675; x_wconf 81' lang='lat' dir='ltr'><strong>homines</strong></span> 
     </span>
    </p>
   </div>
   <div class='ocr_carea' id='block_1_109' title="bbox 2207 4707 3786 4783">
    <p class='ocr_par' dir='ltr' id='par_1_109' title="bbox 2207 4707 3786 4783">
     <span class='ocr_line' id='line_1_109' title="bbox 2207 4707 3786 4783; baseline -0.001 -16"><span class='ocrx_word' id='word_1_905' title='bbox 2207 4721 2411 4768; x_wconf 68' lang='lat' dir='ltr'><strong>tantum</strong></span> <span class='ocrx_word' id='word_1_906' title='bbox 2440 4710 2640 4766; x_wconf 87' lang='lat' dir='ltr'><strong>bellum</strong></span> <span class='ocrx_word' id='word_1_907' title='bbox 2670 4712 2801 4783; x_wconf 89' lang='lat' dir='ltr'><strong>ipsis</strong></span> <span class='ocrx_word' id='word_1_908' title='bbox 2827 4719 2981 4775; x_wconf 89' lang='lat' dir='ltr'><strong>erat,</strong></span> <span class='ocrx_word' id='word_1_909' title='bbox 3012 4707 3107 4763; x_wconf 91' lang='lat' dir='ltr'><strong>sed</strong></span> <span class='ocrx_word' id='word_1_910' title='bbox 3136 4718 3190 4762; x_wconf 89' lang='lat' dir='ltr'><strong>et</strong></span> <span class='ocrx_word' id='word_1_911' title='bbox 3213 4707 3471 4764; x_wconf 89' lang='lat' dir='ltr'><strong>adversus</strong></span> <span class='ocrx_word' id='word_1_912' title='bbox 3509 4711 3786 4767; x_wconf 72' lang='lat' dir='ltr'><strong>dtemones</strong></span> 
     </span>
    </p>
   </div>
   <div class='ocr_carea' id='block_1_110' title="bbox 2204 4799 3787 4875">
    <p class='ocr_par' dir='ltr' id='par_1_110' title="bbox 2204 4799 3787 4875">
     <span class='ocr_line' id='line_1_110' title="bbox 2204 4799 3787 4875; baseline -0.001 -14"><span class='ocrx_word' id='word_1_913' title='bbox 2204 4817 2258 4861; x_wconf 88' lang='lat' dir='ltr'><strong>ct</strong></span> <span class='ocrx_word' id='word_1_914' title='bbox 2293 4805 2586 4875; x_wconf 79' lang='lat' dir='ltr'><strong>principem</strong></span> <span class='ocrx_word' id='word_1_915' title='bbox 2608 4805 2820 4861; x_wconf 87' lang='lat' dir='ltr'><strong>illorum</strong></span> <span class='ocrx_word' id='word_1_916' title='bbox 2844 4806 3106 4859; x_wconf 88' lang='lat' dir='ltr'><strong>instructa</strong></span> <span class='ocrx_word' id='word_1_917' title='bbox 3141 4799 3304 4856; x_wconf 87' lang='lat' dir='ltr'><strong>acies.</strong></span> <span class='ocrx_word' id='word_1_918' title='bbox 3336 4801 3446 4858; x_wconf 83' lang='lat' dir='ltr'><strong>Hoc</strong></span> <span class='ocrx_word' id='word_1_919' title='bbox 3471 4814 3555 4859; x_wconf 90' lang='lat' dir='ltr'><strong>est</strong></span> <span class='ocrx_word' id='word_1_920' title='bbox 3580 4815 3787 4868; x_wconf 88' lang='lat' dir='ltr'><strong>autem,</strong></span> 
     </span>
    </p>
   </div>
   <div class='ocr_carea' id='block_1_111' title="bbox 2202 4894 3787 4969">
    <p class='ocr_par' dir='ltr' id='par_1_111' title="bbox 2202 4894 3787 4969">
     <span class='ocr_line' id='line_1_111' title="bbox 2202 4894 3787 4969; baseline -0.002 -16"><span class='ocrx_word' id='word_1_921' title='bbox 2202 4897 2345 4969; x_wconf 89' lang='lat' dir='ltr'><strong>quod</strong></span> <span class='ocrx_word' id='word_1_922' title='bbox 2390 4897 2517 4953; x_wconf 87' lang='lat' dir='ltr'><strong>dicit</strong></span> <span class='ocrx_word' id='word_1_923' title='bbox 2544 4915 2560 4953; x_wconf 90' lang='lat'><strong>:</strong></span> <span class='ocrx_word' id='word_1_924' title='bbox 2592 4898 2777 4968; x_wconf 83' lang='lat' dir='ltr'><strong>Neque</strong></span> <span class='ocrx_word' id='word_1_925' title='bbox 2819 4894 3027 4953; x_wconf 79' lang='lat' dir='ltr'><strong>externi</strong></span> <span class='ocrx_word' id='word_1_926' title='bbox 3074 4894 3341 4964; x_wconf 89' lang='lat' dir='ltr'><strong>principes</strong></span> <span class='ocrx_word' id='word_1_927' title='bbox 3386 4896 3488 4951; x_wconf 90' lang='lat' dir='ltr'><strong>hoc</strong></span> <span class='ocrx_word' id='word_1_928' title='bbox 3529 4898 3787 4967; x_wconf 80' lang='lat' dir='ltr'><strong>exigunt.</strong></span> 
     </span>
    </p>
   </div>
   <div class='ocr_carea' id='block_1_112' title="bbox 2202 4985 3785 5062">
    <p class='ocr_par' dir='ltr' id='par_1_112' title="bbox 2202 4985 3785 5062">
     <span class='ocr_line' id='line_1_112' title="bbox 2202 4985 3785 5062; baseline -0.006 -13"><span class='ocrx_word' id='word_1_929' title='bbox 2202 4995 2331 5049; x_wconf 67' lang='grc' dir='ltr'><strong>εωνί</strong></span> <span class='ocrx_word' id='word_1_930' title='bbox 2358 4993 2483 5048; x_wconf 89' lang='lat' dir='ltr'><strong>licet</strong></span> <span class='ocrx_word' id='word_1_931' title='bbox 2508 5002 2561 5049; x_wconf 91' lang='lat' dir='ltr'><strong>et</strong></span> <span class='ocrx_word' id='word_1_932' title='bbox 2587 4993 2789 5062; x_wconf 90' lang='lat' dir='ltr'><strong>iniqui,</strong></span> <span class='ocrx_word' id='word_1_933' title='bbox 2820 5000 2877 5045; x_wconf 89' lang='lat' dir='ltr'><strong>ut</strong></span> <span class='ocrx_word' id='word_1_934' title='bbox 2901 4987 3097 5043; x_wconf 90' lang='lat' dir='ltr'><strong>milites</strong></span> <span class='ocrx_word' id='word_1_935' title='bbox 3127 4985 3327 5041; x_wconf 90' lang='lat' dir='ltr'><strong>bellum</strong></span> <span class='ocrx_word' id='word_1_936' title='bbox 3353 4999 3540 5058; x_wconf 83' lang='lat' dir='ltr'><strong>gerant</strong></span> <span class='ocrx_word' id='word_1_937' title='bbox 3564 4998 3620 5044; x_wconf 89' lang='lat' dir='ltr'><strong>et</strong></span> <span class='ocrx_word' id='word_1_938' title='bbox 3642 4990 3785 5059; x_wconf 89' lang='lat' dir='ltr'><strong>peri-</strong></span> 
     </span>
    </p>
   </div>
   <div class='ocr_carea' id='block_1_113' title="bbox 2199 5078 3789 5155">
    <p class='ocr_par' dir='ltr' id='par_1_113' title="bbox 2199 5078 3789 5155">
     <span class='ocr_line' id='line_1_113' title="bbox 2199 5078 3789 5155; baseline -0.006 -14"><span class='ocrx_word' id='word_1_939' title='bbox 2199 5087 2322 5142; x_wconf 85' lang='lat' dir='ltr'><strong>cula</strong></span> <span class='ocrx_word' id='word_1_940' title='bbox 2342 5087 2575 5152; x_wconf 86' lang='lat' dir='ltr'><strong>adeant,</strong></span> <span class='ocrx_word' id='word_1_941' title='bbox 2607 5100 2782 5155; x_wconf 74' lang='lat' dir='ltr'><strong>exque</strong></span> <span class='ocrx_word' id='word_1_942' title='bbox 2829 5083 2942 5137; x_wconf 89' lang='lat' dir='ltr'><strong>suis</strong></span> <span class='ocrx_word' id='word_1_943' title='bbox 2988 5078 3331 5136; x_wconf 86' lang='lat' dir='ltr'><strong>facultatibus</strong></span> <span class='ocrx_word' id='word_1_944' title='bbox 3366 5083 3579 5137; x_wconf 90' lang='lat' dir='ltr'><strong>alantur</strong></span> <span class='ocrx_word' id='word_1_945' title='bbox 3610 5100 3622 5135; x_wconf 93' lang='lat'><strong>:</strong></span> <span class='ocrx_word' id='word_1_946' title='bbox 3655 5096 3789 5149; x_wconf 88' lang='lat' dir='ltr'><strong>quo-</strong></span> 
     </span>
    </p>
   </div>
   <div class='ocr_carea' id='block_1_114' title="bbox 2199 5174 3788 5252">
    <p class='ocr_par' dir='ltr' id='par_1_114' title="bbox 2199 5174 3788 5252">
     <span class='ocr_line' id='line_1_114' title="bbox 2199 5174 3788 5252; baseline -0.008 -15"><span class='ocrx_word' id='word_1_947' title='bbox 2199 5182 2359 5238; x_wconf 89' lang='lat' dir='ltr'><strong>modo</strong></span> <span class='ocrx_word' id='word_1_948' title='bbox 2398 5198 2529 5252; x_wconf 81' lang='lat' dir='ltr'><strong>ergo</strong></span> <span class='ocrx_word' id='word_1_949' title='bbox 2570 5180 2819 5235; x_wconf 85' lang='lat' dir='ltr'><strong>Christus</strong></span> <span class='ocrx_word' id='word_1_950' title='bbox 2850 5175 2954 5229; x_wconf 90' lang='lat' dir='ltr'><strong>hoc</strong></span> <span class='ocrx_word' id='word_1_951' title='bbox 2980 5189 3231 5242; x_wconf 88' lang='lat' dir='ltr'><strong>umquam</strong></span> <span class='ocrx_word' id='word_1_952' title='bbox 3280 5175 3561 5246; x_wconf 73' lang='lat' dir='ltr'><strong>exegerit?</strong></span> <span class='ocrx_word' id='word_1_953' title='bbox 3600 5174 3788 5242; x_wconf 83' lang='lat' dir='ltr'><strong>Neque</strong></span> 
     </span>
    </p>
   </div>
   <div class='ocr_carea' id='block_1_115' title="bbox 2200 5264 3789 5336">
    <p class='ocr_par' dir='ltr' id='par_1_115' title="bbox 2200 5264 3789 5336">
     <span class='ocr_line' id='line_1_115' title="bbox 2200 5264 3789 5336; baseline -0.008 -8"><span class='ocrx_word' id='word_1_954' title='bbox 2200 5289 2305 5329; x_wconf 91' lang='lat' dir='ltr'><strong>uno</strong></span> <span class='ocrx_word' id='word_1_955' title='bbox 2328 5283 2613 5330; x_wconf 89' lang='lat' dir='ltr'><strong>contentus</strong></span> <span class='ocrx_word' id='word_1_956' title='bbox 2637 5278 2718 5325; x_wconf 84' lang='lat' dir='ltr'><strong>est</strong></span> <span class='ocrx_word' id='word_1_957' title='bbox 2742 5265 3011 5335; x_wconf 79' lang='lat' dir='ltr'><strong>exemplo.</strong></span> <span class='ocrx_word' id='word_1_958' title='bbox 3050 5264 3183 5320; x_wconf 84' lang='lat' dir='ltr'><strong>Nam</strong></span> <span class='ocrx_word' id='word_1_959' title='bbox 3212 5266 3291 5321; x_wconf 85' lang='lat' dir='ltr'><strong>vel</strong></span> <span class='ocrx_word' id='word_1_960' title='bbox 3322 5265 3706 5336; x_wconf 87' lang='lat' dir='ltr'><strong>simpliciorem</strong></span> <span class='ocrx_word' id='word_1_961' title='bbox 3730 5271 3789 5316; x_wconf 88' lang='lat' dir='ltr'><strong>et</strong></span> 
     </span>
    </p>
   </div>
   <div class='ocr_carea' id='block_1_116' title="bbox 2197 5352 3784 5429">
    <p class='ocr_par' dir='ltr' id='par_1_116' title="bbox 2197 5352 3784 5429">
     <span class='ocr_line' id='line_1_116' title="bbox 2197 5352 3784 5429; baseline -0.009 -6"><span class='ocrx_word' id='word_1_962' title='bbox 2197 5369 2517 5423; x_wconf 86' lang='lat' dir='ltr'><strong>crassiorem</strong></span> <span class='ocrx_word' id='word_1_963' title='bbox 2544 5365 2647 5418; x_wconf 89' lang='lat' dir='ltr'><strong>hoc</strong></span> <span class='ocrx_word' id='word_1_964' title='bbox 2691 5359 2927 5415; x_wconf 79' lang='lat' dir='ltr'><strong>maxime</strong></span> <span class='ocrx_word' id='word_1_965' title='bbox 2953 5358 3106 5414; x_wconf 89' lang='lat' dir='ltr'><strong>sedat</strong></span> <span class='ocrx_word' id='word_1_966' title='bbox 3150 5369 3205 5414; x_wconf 90' lang='lat' dir='ltr'><strong>et</strong></span> <span class='ocrx_word' id='word_1_967' title='bbox 3251 5359 3446 5429; x_wconf 89' lang='lat' dir='ltr'><strong>placat.</strong></span> <span class='ocrx_word' id='word_1_968' title='bbox 3479 5370 3602 5409; x_wconf 87' lang='lat' dir='ltr'><strong>eum</strong></span> <span class='ocrx_word' id='word_1_969' title='bbox 3632 5352 3784 5409; x_wconf 88' lang='lat' dir='ltr'><strong>videt</strong></span> 
     </span>
    </p>
   </div>
   <div class='ocr_carea' id='block_1_117' title="bbox 2196 5446 3784 5515">
    <p class='ocr_par' dir='ltr' id='par_1_117' title="bbox 2196 5446 3784 5515">
     <span class='ocr_line' id='line_1_117' title="bbox 2196 5446 3784 5515; baseline -0.009 0"><span class='ocrx_word' id='word_1_970' title='bbox 2196 5474 2534 5515; x_wconf 88' lang='lat' dir='ltr'><strong>communem</strong></span> <span class='ocrx_word' id='word_1_971' title='bbox 2572 5450 3014 5511; x_wconf 86' lang='lat' dir='ltr'><strong>consuetudinem</strong></span> <span class='ocrx_word' id='word_1_972' title='bbox 3043 5466 3163 5507; x_wconf 86' lang='lat' dir='ltr'><strong>cum</strong></span> <span class='ocrx_word' id='word_1_973' title='bbox 3195 5451 3286 5505; x_wconf 92' lang='lat' dir='ltr'><strong>Dei</strong></span> <span class='ocrx_word' id='word_1_974' title='bbox 3325 5446 3531 5515; x_wconf 85' lang='lat' dir='ltr'><strong>legibus</strong></span> <span class='ocrx_word' id='word_1_975' title='bbox 3547 5459 3784 5500; x_wconf 86' lang='lat' dir='ltr'><strong>consen-</strong></span> 
     </span>
    </p>
   </div>
   <div class='ocr_carea' id='block_1_118' title="bbox 2196 5557 2311 5610">
    <p class='ocr_par' dir='ltr' id='par_1_118' title="bbox 2196 5557 2311 5610">
     <span class='ocr_line' id='line_1_118' title="bbox 2196 5557 2311 5610; baseline -0.017 -2"><span class='ocrx_word' id='word_1_976' title='bbox 2196 5557 2311 5610; x_wconf 84' lang='lat' dir='ltr'><strong>rire.</strong></span> 
     </span>
    </p>
   </div>
   <div class='ocr_carea' id='block_1_119' title="bbox 2256 5649 3783 5731">
    <p class='ocr_par' dir='ltr' id='par_1_119' title="bbox 2256 5649 3783 5731">
     <span class='ocr_line' id='line_1_119' title="bbox 2256 5649 3783 5731; baseline 0.001 -2"><span class='ocrx_word' id='word_1_977' title='bbox 2256 5671 2327 5731; x_wconf 83' lang='grc' dir='ltr'><strong>(α)</strong></span> <span class='ocrx_word' id='word_1_978' title='bbox 2353 5669 2407 5719; x_wconf 85' lang='lat' dir='ltr'><strong>In</strong></span> <span class='ocrx_word' id='word_1_979' title='bbox 2431 5665 2637 5731; x_wconf 63' lang='lat' dir='ltr'><strong>Vulgata</strong></span> <span class='ocrx_word' id='word_1_980' title='bbox 2654 5661 2836 5731; x_wconf 64' lang='grc' dir='ltr'><strong>ιοείιιξξ</strong></span> <span class='ocrx_word' id='word_1_981' title='bbox 2861 5665 2981 5731; x_wconf 62' lang='grc' dir='ltr'>Ξέιέί</span> <span class='ocrx_word' id='word_1_982' title='bbox 3002 5650 3538 5731; x_wconf 53' lang='grc' dir='ltr'><strong>εθορίὲιξῖνὲἒένΕεἮ</strong></span> 
     </span>
    </p>
   </div>
   <div class='ocr_carea' id='block_1_120' title="bbox 504 5712 3778 5805">
    <p class='ocr_par' dir='ltr' id='par_1_120' title="bbox 504 5712 3778 5805">
     <span class='ocr_line' id='line_1_120' title="bbox 504 5712 3778 5805; baseline -0.012 -3"><span class='ocrx_word' id='word_1_983' title='bbox 504 5734 747 5801; x_wconf 62' lang='lat' dir='ltr'><strong>uariauit!</strong></span> <span class='ocrx_word' id='word_1_984' title='bbox 782 5751 881 5791; x_wconf 77' lang='lat' dir='ltr'><strong>non</strong></span> <span class='ocrx_word' id='word_1_985' title='bbox 928 5731 1169 5790; x_wconf 59' lang='lat' dir='ltr'><strong>habemus</strong></span> <span class='ocrx_word' id='word_1_986' title='bbox 1218 5737 1510 5799; x_wconf 72' lang='grc' dir='ltr'><em>νοεαταιεηι</em></span> <span class='ocrx_word' id='word_1_987' title='bbox 1557 5722 1817 5779; x_wconf 69' lang='lat' dir='ltr'><strong>&quot;mlierem</strong></span> <span class='ocrx_word' id='word_1_988' title='bbox 1854 5740 2078 5779; x_wconf 71' lang='lat' dir='ltr'><strong>sororem</strong></span> <span class='ocrx_word' id='word_1_989' title='bbox 2193 5712 2467 5798; x_wconf 54' lang='lat' dir='ltr'><strong>putatae&quot;;</strong></span> <span class='ocrx_word' id='word_1_990' title='bbox 2483 5712 2570 5777; x_wconf 59' lang='lat' dir='ltr'><strong>hic</strong></span> <span class='ocrx_word' id='word_1_991' title='bbox 2596 5712 2882 5805; x_wconf 56' lang='grc' dir='ltr'><strong>ορατ-’ἂνπάιέ</strong></span> <span class='ocrx_word' id='word_1_992' title='bbox 2906 5722 2959 5773; x_wconf 89' lang='lat' dir='ltr'><strong>ld</strong></span> <span class='ocrx_word' id='word_1_993' title='bbox 2978 5712 3105 5784; x_wconf 64' lang='lat' dir='ltr'><strong>qu&#39;od</strong></span> <span class='ocrx_word' id='word_1_994' title='bbox 3120 5717 3387 5768; x_wconf 80' lang='lat' dir='ltr'><strong>etiamcmn</strong></span> <span class='ocrx_word' id='word_1_995' title='bbox 3409 5714 3542 5764; x_wconf 85' lang='lat' dir='ltr'><strong>serie</strong></span> <span class='ocrx_word' id='word_1_996' title='bbox 3555 5712 3778 5776; x_wconf 70' lang='lat' dir='ltr'><strong>quadrat.</strong></span> 
     </span>
    </p>
   </div>
  </div>
