4022 6214
484 315 589 371 I75

544 428 719 499 γ’.Διδ
744 428 837 482 καὶ
860 426 945 495 ἐφ’
968 426 1154 497 ἕτερον
1176 422 1687 495 *πρόεισμκαίιιιησι⁹
1714 423 1809 491 Τίς
1824 421 2062 491 φυτεύει

479 512 826 584 ἀμπελῶνα,
857 511 955 565 καί
984 511 1052 564 ἐκ
1086 509 1193 563 τοῦ
1224 508 1461 576 καρποῦ
1489 507 1675 562 αὐτοῦ
1710 509 1821 561 οὐκ
1847 504 2052 567 ἐσθίει,

485 600 563 651 Δι’
598 596 808 650 ἐκείνου
846 595 945 665 μὲν
1000 594 1111 663 γάρ
1141 593 1269 653 τοὺς
1300 590 1600 655 κινδύνους,
1628 590 1716 643 διά
1762 590 1817 643 δὲ
1865 588 2059 642 τούτου

482 683 574 735 τὸν
604 680 766 734 πόνον
792 681 887 731 καὶ
924 678 1022 749 τὴν
1075 676 1280 746 πολλὴν
1325 675 1704 745 ταλαιπωρίαν
1741 674 1836 728 xal
1866 671 2062 742 ἐπιμέ-

481 771 633 822 λειαν
671 764 925 832 ἐνέφηνε.
962 759 1075 813 Kal
1098 760 1279 828 τρίτον
1312 756 1475 811 πάλιν
1501 758 1806 829 ὑπόδειγμα
1837 754 2063 827 προστί-

482 851 633 917 θησι,
661 848 836 914 λέγων
857 863 869 875 ·
930 845 1028 908 Τίς
1063 843 1363 911 ποιμαίνει
1405 842 1688 910 ποίμνην,
1737 840 1835 894 καί
1863 840 1931 894 ἐκ
1954 838 2060 892 τοῦ

483 934 786 1003 γάλακτος
820 926 1011 994 αὐτῆς
1040 928 1151 980 οὐκ
1182 928 1409 989 ὲσθίει;
1454 924 1564 995 Τὴν
1599 924 1926 994 κηδεμονίαν
1964 921 2062 992 τὴν

484 1016 687 1086 πολλὴν
735 1014 835 1084 τὴν
886 1011 1192 1081 διδασκάλῳ
1227 1011 1546 1080 πρέπουσαν
1579 1009 1706 1079 περὶ
1736 1010 1860 1072 τοὺς
1898 1009 2063 1077 ἀρχο-

488 1100 683 1171 μένους
734 1096 1126 1150 έπιδείκνυται.
1177 1095 1284 1146 Kal
1314 1093 1423 1163 γὰρ
1474 1092 1568 1144 καὶ
1604 1091 1937 1163 στρατιῶται
1969 1089 2063 1145 καὶ

483 1183 719 1253 γεωργοὶ
754 1182 846 1234 καὶ
902 1180 1159 1247 ποιμένες
1205 1174 1345 1248 ἦσαν
1390 1179 1438 1229 οἱ
1485 1175 1796 1238 ἀπόστολοι,
1847 1174 1908 1225 οὐ
1956 1173 2061 1242 γῆς

482 1268 603 1319 οὐδὲ
641 1266 852 1332 ἀλόγων
888 1262 1009 1315 οὐδὲ
1042 1261 1294 1330 πολέμων
1322 1258 1598 1331 αἰσθητῶν
1639 1268 1681 1322 ⁸,
1710 1256 1849 1310 ἀλλά
1875 1254 2062 1327 ψυχῶν

484 1349 716 1418 λογικῶν
745 1348 840 1400 καὶ
888 1345 987 1415 τῆς
1022 1346 1159 1415 πρὸς
1192 1344 1318 1407 τοὺς
1364 1342 1627 1411 δαίμονας
1678 1340 2060 1411 παρατάξεως.

484 1429 911 1504 Παρατηρητέον
960 1428 1017 1480 δὲ
1064 1429 1305 1491 κάκεῖνο,
1333 1427 1483 1487 ὅπως
1510 1423 1781 1494 πανταχοῦ
1808 1423 1905 1494 τὴν
1934 1440 2065 1493 συμ-

484 1516 712 1587 μετρίαν
752 1510 1010 1582 ἐφύλαξε,
1044 1513 1107 1562 τὸ
1138 1510 1394 1579 χρειῶδες
1432 1507 1610 1578 ζητῶν
1642 1507 1823 1578 μόνον,
1856 1504 1975 1577 οὐχι
2003 1504 2065 1557 τὸ

482 1600 759 1672 περιττόν.
816 1598 891 1649 Ού
942 1596 1053 1664 γὰρ
1099 1589 1242 1656 εἷπε,
1296 1594 1391 1656 Τίς
1450 1592 1826 1663 στρατεύεται,
1865 1592 1959 1642 καὶ
2000 1589 2062 1642 ού

482 1685 735 1737 πλουτεῖ·
773 1679 932 1742 ἀλλά,
972 1678 1067 1743 Τίς
1117 1677 1506 1745 στρατεύεται
1557 1676 1730 1739 ἰδίοις
1780 1674 2065 1741 ὀψωνίοις

483 1768 669 1831 ποτέ;
711 1764 836 1817 οὐδὲ
889 1758 1037 1823 εἷπε,
1074 1761 1169 1823 Τίς
1224 1758 1445 1827 φυτεύει
1485 1757 1804 1825 ἀμπελῶνα,
1856 1755 1950 1808 καὶ
2001 1756 2062 1807 ού

483 1851 705 1917 συνάγει
730 1847 975 1918 χρυσίον,
1006 1846 1039 1914 ἢ
1070 1845 1160 1896 τὸν
1197 1843 1409 1912 καρπὸν
1438 1841 1730 1911 ὁλόκληρον
1756 1840 1816 1891 οὑ
1853 1839 2062 1910 τρυγᾷ;

484 1934 619 1997 ἀλλ’,
652 1934 747 1984 Ἐκ
781 1930 886 1983 τοῦ
907 1928 1140 1995 καρποῦ
1163 1925 1351 1979 αὑτοῦ
1374 1926 1486 1978 οὐκ
1510 1925 1697 1980 ἐσθίει
1718 1940 1737 1985 ;
1771 1922 1892 1975 οὐδὲ
1918 1920 2063 1986 εἷπε,

485 2020 579 2081 Τίς
630 2014 907 2085 ποιμαίνει
967 2011 1226 2081 ποίμνην,
1258 2010 1351 2062 καὶ
1400 2010 1498 2061 ούκ
1533 2007 1899 2078 ἐμπορεύεται
1940 2008 2066 2069 τοὺς

484 2106 684 2175 ἄρναςς
738 2098 876 2152 ἀλλά
929 2097 1084 2161 πῶς;
1134 2094 1242 2148 Καὶ
1285 2094 1356 2146 ἐκ
1405 2092 1512 2145 τοῦ
1542 2095 1846 2175 γάλακτος
1874 2089 2066 2175 αὐτῆς

485 2172 596 2239 οὐκ
630 2183 851 2244 ὲσθίει;
890 2181 989 2233 οὑκ
1038 2181 1102 2231 ὲκ
1132 2178 1239 2229 τῶν
1279 2176 1482 2247 ἀρνῶν,
1518 2174 1633 2227 ἀλλ’
1668 2173 1771 2227 Ἐκ
1807 2172 1917 2228 τοῦ
1964 2174 2065 2245 γᾴ-

487 2270 738 2329 λακτος·
780 2264 997 2325 δεικνὺς
1050 2259 1201 2332 [185]
1236 2260 1321 2312 ὅτι
1374 2259 1545 2328 μικρᾷ
1596 2256 1923 2328 παραμυθίᾳ
1976 2255 2067 2310 τὸν

485 2347 805 2404 διδάσκαλον
863 2344 1147 2416 ἀρκεῖσθαι
1188 2342 1289 2405 δεῖ,
1343 2341 1439 2394 καὶ
1489 2343 1553 2412 τῆ
1602 2340 1877 2411 ἀναγκαίᾳ
1931 2339 2067 2408 μόνῃ

485 2435 685 2503 τροφῇ.
711 2429 898 2482 Ταῦτα
941 2427 1079 2498 πρὸς
1125 2427 1252 2489 τοὺς
1300 2424 1660 2495 βουλομένους
1701 2424 1879 2477 πάντα
1940 2439 2069 2475 κατ-

487 2518 685 2572 εσθίειν
721 2513 814 2567 καὶ
840 2513 932 2564 τὸν
963 2510 1173 2579 καρπὸν
1201 2508 1491 2579 ὀλόκληρον
1521 2510 1749 2579 τρυγᾷν.
1773 2506 1929 2559 Οὕτω
1974 2505 2069 2557 καὶ

486 2604 515 2654 ό
562 2600 766 2669 Κύριος
820 2584 1199 2665 ἐνομοθέτησε,
1235 2592 1430 2660 λέγων’
1484 2591 1677 2656 Ἄξιος
1735 2593 1768 2642 ὀ
1817 2589 2069 2658 ἐργάτης

488 2682 596 2750 τῆς
633 2679 863 2750 τροφῆς
919 2678 1107 2734 αὑτοῦ
1146 2678 1338 2728 ἐστιν.
1374 2674 1450 2727 Ού
1483 2673 1643 2726 τοῦτο
1694 2673 1751 2725 δὲ
1798 2674 1958 2741 μόνον
1981 2671 2069 2724 διὰ

486 2767 595 2819 τῶν
622 2762 1037 2833 ὑποδειγμάτων
1060 2757 1483 2821 κατασκευάζει,
1515 2756 1649 2809 ἀλλά
1680 2756 1774 2809 καὶ
1798 2755 2069 2808 δείκνυσιν

486 2851 670 2905 ὁποῖον
700 2843 838 2900 εἶναι
876 2845 981 2916 χρὴ
1021 2842 1111 2896 τὸν
1145 2842 1314 2913 ἱερέα.
1352 2842 1461 2893 Kal
1486 2840 1593 2910 γάρ
1627 2837 1958 2909 στρατιώτου
1983 2838 2073 2892 ἀν·

487 2932 669 3005 δρείαν
713 2929 1013 2997 κεκτῆσθαι
1050 2926 1255 2978 δεῖκαὶ
1304 2922 1551 2993 γεωργοῦ
1606 2921 1925 2990 ἐπιμέλειαν
1976 2922 2070 2975 καὶ

488 3014 747 3085 ποιμένος
789 3009 1141 3082 κηδεμονίαν,
1188 3008 1282 3060 καὶ
1328 3006 1467 3076 μετά
1488 3005 1662 3058 ταῦτα
1690 3006 1867 3057 πάντα
1904 3005 2069 3075 μηδὲ]

488 3101 651 3156 πλέον
672 3097 782 3151 τῶν
806 3094 1125 3163 ἀναγκαίων
1162 3091 1364 3161 ζητεῖν.
1408 3089 1600 3155 Δείξας
1631 3090 1811 3142 τοίνυν
1840 3090 1934 3142 καὶ
1962 3090 2071 3141 ἀπὸ

488 3183 601 3238 τῶν
628 3178 965 3243 ἀποστόλων,
997 3178 1078 3229 ὃτι
1109 3176 1169 3227 οὐ
1199 3172 1506 3226 κεκώλυται
1536 3172 1833 3240 λαμϐάνειν
1864 3172 1956 3223 τὸν
1988 3171 2068 3223 δι-

488 3265 778 3327 δάσκαλον,
831 3264 925 3315 καὶ
967 3260 1075 3313 ἀπὸ
1104 3259 1213 3311 τῶν
1241 3257 1383 3311 κατά
1415 3256 1509 3310 τὸν
1543 3256 1656 3325 βίον
1691 3256 2070 3325 παραδειγμά-

490 3366 623 3412 των,
676 3348 773 3400 καὶ
824 3346 918 3395 ἐπὶ
967 3343 1151 3412 τρίτον
1220 3340 1247 3378 δ
1298 3339 1593 3407 κεφάλαιον
1639 3338 1877 3409 ἔρχεται,
1927 3338 2071 3391 οὕτω

490 3432 685 3502 λέγων·
720 3428 817 3497 Μὴ
846 3426 996 3482 κατὰ
1035 3424 1352 3490 ἄνθρωπον
1385 3422 1573 3475 ταῦτα
1601 3421 1769 3474 λαλῶ
1788 3439 1806 3487 ;
1848 3424 1887 3490 ἢ
1930 3422 2069 3491 οὐχὶ

489 3517 591 3572 καί
624 3519 655 3568 ό
692 3514 879 3581 νόμος
915 3509 1103 3562 ταῦτα
1136 3505 1336 3574 λέγεις
1381 3504 1601 3572 Ἐπειδὴ
1649 3505 1755 3575 γὰρ
1797 3506 1934 3561 τέως
1962 3507 2069 3558 ἀπὸ

490 3598 725 3671 Γραφῶν
777 3594 932 3647 οὐδὲν
990 3586 1162 3651 εἶπεν,
1213 3588 1348 3641 ἀλλά
1393 3587 1492 3656 τὴν
1545 3586 1727 3671 κοινὴν
1785 3589 2070 3657 συνήθειαν

492 3670 851 3753 προεϐάλετο,
1029 3672 1308 3753 νομίσητέ-
1327 3688 1416 3741 με,
1442 3670 1597 3739 φησὶ,
1623 3670 1833 3733 τούτοις
1860 3673 2071 3743 ἰσχυρί-

494 3750 683 3833 ζεσθαι
730 3764 931 3831 μόνοις,
987 3758 1119 3827 μηδὲ
1149 3757 1242 3823 ἀφ’
1274 3750 1349 3809 ὧν
1398 3758 1511 3817 τοῖς
1540 3754 1850 3823 ἀνθρώποις
1898 3756 2067 3820 δοκεῖ,

494 3849 669 3903 ταῦτα
698 3844 1030 3914 νομοθετεῖν.
1059 3841 1208 3906 Ἐχω
1251 3837 1358 3905 γὰρ
1400 3837 1591 3899 δεῖξαι,
1625 3838 1705 3887 ὅτι
1734 3838 1827 3888 καὶ
1854 3837 1931 3904 τῷ
1952 3838 2072 3905 Θεῷ

494 3931 670 3986 ταῦτα
705 3927 872 3988 δοκεῖ,
922 3922 1016 3975 καὶ
1048 3920 1279 3971 παλαιὸν
1322 3915 1683 3984 ἀναγινώσκω
1708 3916 1873 3985 νόμον
1902 3916 2075 3971 ταῦτα

494 4012 807 4071 κελεύοντα.
841 4006 929 4058 Διὸ
956 4004 1049 4057 καὶ
1075 4001 1196 4055 κατ’
1228 3999 1495 4071 ἐρώτησιν
1525 3998 1755 4069 προάγει
1781 3997 1873 4052 τὸν
1895 3998 2070 4067 λόγον,

493 4103 631 4166 ὅπερ
674 4093 769 4147 ἐπὶ
801 4089 909 4144 τῶν
939 4088 1144 4157 σφόδρα
1187 4084 1625 4155 ὡμολογημένων
1663 4082 1897 4151 γίνεται,
1933 4082 2074 4137 οὕτω

496 4183 706 4247 λέγων⁸
750 4174 846 4241 Μὴ
899 4171 1048 4226 κατὰ
1095 4171 1411 4237 ἄνθρωπον
1442 4168 1631 4221 ταῦτα
1675 4167 1869 4237 λέγω;
1902 4170 2073 4223 Τουτ-

499 4263 638 4323 ἐστι,
710 4259 803 4326 Μὴ
858 4255 917 4316 ἐξ
965 4252 1323 4320 ἀνθρωπίνων
1389 4250 1565 4318 μόνων
1613 4251 2074 4322 παραδειγμάτων

502 4341 884 4415 ἰσχυρίζομαι;
921 4332 1001 4388 Ἦ
1059 4332 1198 4400 οὐχί
1238 4331 1337 4415 καὶ
1385 4335 1416 4385 ό
1453 4334 1637 4415 νόμος
1667 4335 1854 4386 ταῦτα
1877 4336 2039 4406 λέγει
2053 4355 2072 4401 ;

513 4413 757 4496 Ἑμγάρ
790 4420 869 4486 τῷ
899 4418 1061 4487 νόμῳ
1106 4413 1402 4479 Μωῢσέως
1456 4414 1809 4496 γέγραπται·
1856 4419 1937 4469 Οὐ
1982 4436 2074 4484 φι-

495 4495 718 4583 μώσεις
748 4506 909 4573 βοῦν
939 4500 1234 4558 ἀλοῶντα.
1282 4499 1392 4583 Kal
1431 4496 1575 4583 τίνος
1610 4495 1807 4583 ἕνεκεν⁴
1828 4497 2074 4583 ἐμνήσθη

500 4577 713 4655 τούτου,
740 4591 802 4643 τὸ
848 4587 955 4639 τῶν
980 4584 1168 4655 ἱερέων
1190 4581 1498 4650 ὑπόδειγμα
1542 4578 1714 4649 ἔχων;
1752 4577 1847 4630 Ἐκ
1871 4580 2077 4649 πολλῆς

502 4682 600 4749 τῆς
620 4670 936 4744 περιουσίας
961 4668 1093 4720 αὐτὸ
1120 4666 1529 4718 κατασκευάσαι
1554 4662 1891 4733 βουλόμενος.
1920 4658 2073 4726 Εἶτα,

504 4747 594 4815 ἵνα
622 4760 696 4829 μή
722 4772 804 4818 τις
835 4751 990 4822 λέγῃ,
1016 4750 1126 4803 Kal
1152 4748 1205 4799 τί
1234 4748 1369 4817 πρὸς
1392 4749 1539 4817 ἡμᾶς
1563 4749 1625 4800 τὸ
1655 4749 1780 4819 περὶ
1808 4748 1915 4800 τῶν
1939 4747 2076 4817 βοῶν

503 4842 824 4916 εἰρημένον;
871 4832 1459 4916 ὲπεξεργάζεται-αὺτὸ
1494 4832 1631 4916 μετά
1670 4833 1954 4916 ἀκριϐείας
1985 4832 2073 4884 λέ-

503 4913 649 4999 γὼνᾮ
695 4924 791 4991 Μὴ
850 4920 970 4975 τῶν
1021 4915 1190 4982 ,Βοῶν
1239 4913 1410 4983 μέλει
1456 4914 1535 4999 τῶ
1580 4914 1736 4999 Θεῶ;
1790 4917 1863 4968 Οὐ
1926 4916 2075 4987 μέλει

503 4997 597 5066 οὖν
626 5009 754 5079 περὶ
787 5005 895 5059 τῶν
932 5002 1091 5073 βοῶν,
1143 4999 1265 5051 είπέ
1303 5014 1413 5067 μοι.
1443 4997 1521 5065 τῷ
1565 4998 1721 5068 Θεῷ;
1775 5000 1941 5052 Μέλει
1978 5000 2074 5068 μὲν

503 5090 617 5156 οὖν,
652 5094 749 5162 οὑχ
775 5089 915 5143 οὑτω
950 5088 1027 5151 δὲ,
1063 5085 1137 5148 ώς
1168 5085 1261 5135 καὶ
1299 5082 1463 5150 νόμον
1491 5080 1659 5135 θεῖναι
1692 5084 1832 5153 ὑπὲρ
1859 5082 2070 5136 τούτου.

510 5179 676 5230 Ὥστε
732 5175 780 5224 εί
831 5172 904 5241 μὴ
944 5170 1087 5241 μέγα
1137 5186 1190 5220 τι
1250 5167 1515 5237 ᾐνίττετο,
1575 5168 1935 5236 ὲγγυμνάζων
1965 5169 2075 5231 τοῖς

504 5262 720 5328 ἀλόγοις
777 5256 902 5317 τοὺς
952 5253 1235 5313 Ἰουδαίους
1269 5253 1349 5314 εἰς
1380 5250 1438 5301 τὸ
1465 5245 1603 5301 εἶναι
1636 5248 2068 5321 φιλανθρώπους,

506 5346 599 5397 καὶ
649 5340 760 5396 ἀπὸ
808 5336 1013 5390 τούτων
1043 5336 1137 5388 καὶ
1170 5336 1299 5404 περὶ
1346 5334 1454 5385 τῶν
1504 5331 1841 5384 διδασκάλων
1891 5334 2075 5395 αὐτοῖς

502 5426 907 5494 διαλεγόμενος,
946 5420 1045 5472 οὐκ
1074 5418 1138 5471 ἀν
1175 5418 1446 5487 τοσαύτην
1489 5418 1780 5486 ἐποιήσατο
1816 5416 2071 5487 σπουδὴν,

502 5512 577 5574 ώς
606 5509 702 5561 καὶ
730 5508 892 5575 νόμον
916 5501 1123 5573 γράψαι
1162 5503 1301 5573 ὑπὲρ
1332 5501 1425 5555 τοῦ
1481 5502 1555 5572 μὴ
1601 5499 1906 5571 κημοῦσθαι
1948 5504 2073 5565 τοὺς

507 5592 654 5656 ϐοῦς.
693 5587 971 5643 Ἐντεῦθεν
1018 5585 1110 5639 καὶ
1153 5586 1336 5655 ἕτερόν
1382 5604 1432 5638 τι
1476 5585 1740 5648 δείκνυσι,
1786 5584 1951 5638 πολὺν
1982 5584 2073 5638 τὸν

568 5767 592 5797 ⁸
607 5766 753 5826 Reg.,
768 5763 823 5811 ού
848 5764 899 5811 δὲ
920 5763 1103 5824 ἀλόγων
1123 5765 1231 5812 οὐδὲ
1251 5765 1468 5825 πολέμων
1492 5767 1745 5823 αἰσθητῶν,
1764 5774 1921 5815 recte.
1950 5767 2071 5818 Erilli

509 5842 649 5894 vero,
681 5827 792 5877 οὐδὲ
814 5828 1033 5887 πολέμων
1050 5828 1252 5889 ἀλόγων.
1322 5830 1346 5865 υ
1374 5828 1518 5889 Βεικη
1555 5829 1794 5890 τέταρτον,
1826 5829 1969 5878 male.

1176 306 1234 361 S.
1273 304 1559 361 JOANNIS
1596 300 2083 359 CHRYSOSTOMI
2118 300 2441 359 ARCHIEP.
2480 302 3027 360 CONSTANTINOP.

3644 307 3745 362 {75

2171 420 2331 475 πόνον
2358 422 2466 477 τῶν
2504 423 2840 480 διδασκάλων
2860 428 2953 479 καὶ
2983 426 3131 491 δντα,
3156 428 3248 479 zal
3274 423 3413 480 εἶναι
3437 425 3744 496 δφείλοντω

2171 506 2268 557 καὶ
2297 506 2485 578 ἕτερον
2518 509 2699 564 πάλιν.
2750 509 2910 563 Ποῖον
2941 509 3005 579 δὴ
3038 509 3230 576 τοῦτο;
3266 512 3390 563 Ὅτι
3433 511 3647 578 ὅσαπερ
3678 509 3745 562 ἂν

2169 588 2311 659 ὑπὲρ
2339 591 2438 661 τῆς
2471 592 2577 645 τῶν
2603 594 2813 661 ἀλόγων
2838 592 3157 663 ἐπιμελείας
3184 594 3334 663 παρά
3369 593 3470 664 τῆς
3502 594 3749 657 Παλαιᾶς

2171 671 2421 742 λέγηται,
2457 676 2891 747 προηγουμένως
2917 677 2999 739 είς
3025 675 3124 745 τὴν
3149 675 3258 728 τῶν
3282 675 3587 746 ἀνθρώπων
3620 693 3749 729 συν-

2169 759 2313 812 τελεῖ
2338 759 2686 813 διδασκαλίαν
2709 777 2723 791 ·
2760 761 2951 828 ὥσπερ
2979 755 3073 813 οὖν
3106 761 3202 813 καὶ
3233 759 3300 812 τὰ
3326 759 3463 814 ἄλλα
3510 762 3746 825 ἅπαντα,

2170 835 2280 895 οἷον
2310 843 2381 895 τά
2427 845 2556 915 περὶ
2608 844 2836 915 ἱματίων
2866 844 3149 915 ποικίλων,
3182 843 3277 895 καὶ
3304 841 3373 895 τά
3402 843 3529 912 περὶ
3562 844 3747 914 ἀμπεο

2170 922 2356 980 λώνων
2402 913 2510 979 καὶὴ
2528 913 2860 997 σπερμάτων
2895 913 3111 980 καὶτοῦ
3157 924 3233 996 μή
3274 924 3529 995 διάφορον
3574 913 3751 979 ποιεῖν

2169 1008 2269 1078 τὴν
2311 1009 2436 1079 γῆν,
2471 1010 2541 1062 τά
2594 1011 2724 1079 περὶ
2767 1009 2996 1080 λέπρας,
3032 1008 3127 1062 καὶ
3154 1007 3222 1061 τά
3250 1006 3407 1071 ἄλλα,
3435 1006 3513 1069 ὡς
3549 1006 3747 1071 εἰπεῖν,

2172 1090 2408 1147 ἅπαντα.
2459 1095 2794 1165 Παχυτέροις
2820 1095 2931 1164 γάρ
2980 1090 3127 1147 οὖσιν
3168 1091 3417 1147 ἐντεῦθεν
3457 1089 3749 1158 διελέγετο,

2173 1176 2313 1227 κατά
2343 1178 2541 1247 μικρὸν
2581 1176 2930 1242 ἀναϐιϐάζων
2960 1174 3175 1239 αὐτούς.
3204 1176 3316 1228 Kal
3341 1176 3443 1246 ὂρα
3468 1172 3585 1237 πῶς
3615 1174 3752 1228 αὐτὸ

2171 1259 2291 1313 οὐδὲ
2324 1262 2723 1327 κατασκευάζει
2751 1262 2956 1323 λοιπὸν,
2987 1260 3082 1313 ἀτε
3113 1260 3347 1329 φανερὸν
3378 1260 3437 1313 ὃν
3470 1258 3561 1312 καὶ
3584 1258 3750 1311 αὐτό-

2173 1342 2264 1395 θεν
2292 1342 2472 1411 δῆλον.
2529 1345 2870 1415 Ειπὼνγάρ,
2918 1343 3015 1411 Μὴ
3062 1341 3182 1395 τῶν
3224 1340 3394 1406 ,βοῶν
3452 1341 3621 1411 μέλει
3668 1338 3751 1403 τῷ

2175 1424 2337 1490 aeq");
2369 1428 2672 1497 ἐπήγαγεν,
2708 1424 2785 1483 Ἦ
2814 1428 2891 1481 δι’
2920 1426 3079 1497 ἡμᾶς
3123 1424 3364 1491 πάντως
3392 1425 3595 1494 λέγει;
3630 1423 3753 1477 οὐδὲ

2172 1510 2251 1573 τὸ,
2286 1511 2550 1576 Πάντωξι,
2584 1511 2771 1573 ἀπλῶς
2811 1512 3095 1581 προσθεὶς,
3137 1510 3252 1563 ἀλλ’
3300 1511 3386 1562 ῖνα
3425 1509 3499 1579 μὴ
3535 1526 3755 1578 συγχω-

2174 1596 2319 1665 ρήσῃ
2353 1594 2476 1663 μηδ’
2502 1595 2679 1647 ὁτιοῦν
2703 1597 2978 1648 ἀντειπεῖν
3004 1594 3082 1664 τῷ
3112 1595 3378 1665 ἀκροατῇ.
3410 1595 3522 1647 Kal
3552 1590 3756 1662 ἐπιμέ-

2172 1694 2253 1728 νει
2300 1679 2366 1746 τῇ
2420 1678 2703 1747 μεταφορᾷ
2766 1676 2939 1743 λέγων
2992 1681 3087 1730 καὶ
3142 1676 3615 1745 ἀποφαινόμενος⁸
3673 1673 3755 1727 Δι’

2173 1756 2334 1827 ἡμᾶς
2365 1759 2475 1828 γὰρ
2502 1759 2750 1828 ἐγράφη,
2797 1758 2886 1811 ὅτι
2934 1758 3026 1812 ἐπ’
3070 1758 3272 1812 ἐλπίδι
3302 1760 3534 1827 ὀφείλει
3561 1761 3592 1811 ό
3615 1757 3757 1825 ἀρο-

2174 1840 2351 1907 τριῶν
2411 1841 2729 1910 ἀροτριᾷν·
2788 1842 3156 1911 τουτέστιν,ό
3197 1839 3514 1900 διδάσκαλος
3548 1838 3758 1907 ὀφείλει

2172 1927 2282 1977 τῶν
2309 1927 2488 1980 πόνων
2537 1926 2635 1989 τὰς
2688 1926 2923 1998 ἀμοιϐὰς
2960 1926 3135 1996 ἔχειν·
3187 1926 3286 1979 καὶ
3328 1928 3361 1979 ὁ
3413 1924 3614 1978 ἀλοῶν
3646 1923 3758 1989 τῆς

2174 2009 2425 2075 ἐλπίδος
2474 2010 2663 2064 αὐτοῦ
2713 2010 2993 2083 μετέχειν
3032 2007 3183 2082 [18η
3232 2009 3325 2062 ἐπ’
3378 2007 3605 2063 ἐλπίδι.
3646 2008 3759 2062 Kal

2177 2091 2275 2144 θέα
2312 2092 2545 2146 σύνεσιν.
2585 2094 2718 2146 Ἀπὸ
2758 2094 2867 2164 γὰρ
2898 2093 2993 2146 τοῦ
3027 2094 3228 2164 σπόρου
3273 2092 3365 2145 ἐπὶ
3402 2091 3500 2161 τὴν
3541 2089 3656 2144 ἅλω
3694 2090 3759 2142 τὸ

2177 2177 2411 2245 πρᾶγμα
2458 2177 2781 2247 μετήνεγκε,
2831 2176 2995 2230 πάλιν
3029 2174 3310 2230 κάνταῦθα
3354 2175 3481 2238 τοὺς
3526 2173 3755 2235 πολλοὺς

2180 2259 2411 2329 ἱδρῶτας
2460 2259 2566 2311 τῶν
2599 2258 2937 2312 διδασκάλων
2988 2259 3295 2330 ἐμφαίνων,
3328 2258 3410 2310 ὅτι
3460 2258 3617 2310 αὐτοὶ
3661 2257 3759 2310 καὶ

2176 2343 2475 2412 ἀροτριῶσι
2514 2341 2607 2395 καὶ
2655 2342 2753 2412 τὴν
2788 2342 2901 2396 άλω
2933 2343 3202 2413 τρίϐουσι.
3250 2341 3362 2394 Kal
3406 2341 3500 2393 ἐπὶ
3528 2342 3629 2409 μὶν
3660 2339 3757 2393 τοῦ

2177 2425 2456 2495 ἀροτριᾷν,
2506 2425 2695 2495 ἐπειδὴ
2732 2425 2885 2478 οὐδὲν
2922 2420 2990 2496 ἦν
3042 2423 3464 2495 καρπώσασθαι,
3500 2422 3635 2477 ἀλλά
3661 2422 3758 2474 πό-

2178 2523 2286 2569 νον,
2347 2506 2444 2576 τὴν
2493 2506 2685 2560 ἐλπίδα
2714 2508 2997 2561 τέθεικεν·
3035 2509 3127 2561 επὶ
3179 2507 3237 2560 δὲ
3284 2505 3379 2559 τοῦ
3423 2504 3759 2576 τρίϐειντὴν

2180 2590 2314 2653 ἅλω,
2344 2590 2444 2661 ήδη
2499 2591 2599 2663 τὴν
2651 2592 2953 2646 ἀπόλαυσιν
3008 2593 3301 2664 ἐχαρίσατο
3350 2588 3543 2649 λέγων’
3578 2591 3687 2643 Καὶ
3722 2590 3759 2641 ὀ

2179 2673 2379 2727 ἀλοῶν
2414 2675 2526 2745 τῆς
2556 2676 2809 2741 ἐλπίδος
2838 2676 3027 2731 αὑτοῦ
3053 2676 3309 2745 μετέχει.

2249 2754 2312 2812 δ’.
2343 2753 2494 2821 Εἶτα,
2515 2759 2603 2811 ίνα
2640 2760 2715 2830 μὴ
2735 2759 2865 2831 λέγῃ
2884 2777 2989 2823 τις,
3012 2759 3158 2828 Αὕτη
3188 2756 3326 2829 οὖνὴ
3354 2758 3459 2811 τῶν
3486 2756 3757 2811 τοσούτων

2183 2840 2423 2912 ἱδρώτων
2458 2844 2709 2912 ἀμοιϐή;
2752 2844 3116 2914 προσέθηκεν,
3158 2843 3275 2896 Ἐπ’
3327 2842 3547 2907 ἐλπίδι,
3600 2858 3759 2894 τουτ-

2179 2926 2317 2990 έστι,
2346 2928 2410 2996 τῇ
2449 2924 2738 2998 μελλούσῃ.
2787 2926 2953 2978 Οὐδὲν
2981 2922 3074 2979 οὗν
3104 2926 3291 2996 ἕτερον
3320 2925 3382 2977 τὸ
3418 2926 3590 2995 στόμα
3620 2925 3757 2995 ἀκή-

2184 3027 2361 3079 μωτον
2386 3009 2444 3063 ὂν
2475 3010 2570 3062 τοῦ
2615 3009 2755 3072 ζώου
2798 3009 2987 3062 τούτου
3030 3010 3204 3081 βοᾷ,ἢ
3233 3012 3313 3063 ὅτι
3350 3010 3476 3073 τοὺς
3503 3008 3762 3062 διδασκά-

2180 3093 2306 3154 λους
2332 3094 2459 3155 τοὺς
2497 3092 2796 3155 πονοῦντας
2845 3092 2925 3144 δεῖ
2954 3095 3048 3146 καὶ
3073 3094 3310 3164 ἀμοιϐῆς
3336 3092 3653 3146 ἀπολαύειν.
3687 3094 3761 3145 El

2181 3175 2350 3243 ἡμεῖς
2389 3175 2533 3244 ὑμῖν
2570 3178 2643 3229 τὰ
2682 3180 3055 3244 πνευματικὰ
3085 3176 3469 3246 ἐσπείραμεν,
3500 3174 3674 3243 μέγα.
3706 3176 3762 3227 ει

2182 3257 2352 3322 ἡμεῖς
2379 3254 2546 3323 ὑμῶν
2570 3255 2642 3307 τὰ
2679 3256 2939 3321 σαρκικὰ
2968 3255 3320 3323 θερίσομεν;
3370 3256 3503 3308 ἰδοὺ
3550 3254 3644 3305 xal
3671 3253 3762 3305 τέο

2180 3354 2377 3407 ταρτον
2412 3337 3012 3408 προστίθησιλογισμὸν
3044 3339 3183 3407 ὑπὲρ
3212 3337 3305 3392 τοῦ
3332 3337 3444 3390 δεῖν
3475 3335 3760 3407 παρέχειν.

2194 3419 2411 3491 Ἐπειδὴ
2472 3421 2585 3491 γὰρ
2631 3416 2774 3483 εἷπε,
2816 3420 2911 3485 Τίς
2946 3421 3333 3487 στρατεύεται
3387 3418 3557 3483 ίδίοις
3600 3421 3763 3487 ὀψω-

2180 3502 2336 3568 νίοις
2394 3503 2569 3566 ποτέ;
2617 3504 2731 3567 καὶ,
2787 3504 2882 3569 Τίς
2933 3505 3176 3571 φυτεύει
3228 3500 3588 3571 ἀμπελῶνα;
3639 3504 3758 3563 καὶ,

2188 3588 2285 3653 Τίς
2324 3588 2625 3657 ποιμαίνει
2673 3587 2978 3656 ποίμνην;
3023 3587 3116 3642 καὶ
3171 3588 3461 3658 παρήγαγε
3491 3588 3583 3640 τὸν
3630 3586 3761 3657 βοῦν

2182 3673 2270 3725 τὸν
2298 3672 2563 3733 ἀλοῶντα,
2620 3670 2860 3725 δείκνυσι
2895 3672 2989 3724 καὶ
3028 3671 3195 3742 ἀλλην
3239 3671 3418 3725 αἰτίαν
3452 3670 3761 3737 εὑλογωτά-

2180 3773 2303 3826 την,
2336 3756 2403 3809 δι’
2446 3755 2515 3824 ἢν
2556 3750 2699 3825 ἦσαν
2736 3754 2936 3807 δίκαιοι
2970 3754 3175 3817 λαϐεῖν,
3208 3752 3283 3815 ὡς
3316 3752 3498 3819 πολλῷ
3533 3751 3761 3818 μείζονα

2182 3839 2613 3908 παρεσχηκότες,
2668 3838 2851 3888 οὐκέτι
2906 3838 2981 3897 ὡς
3026 3836 3292 3903 καμόντες
3326 3834 3505 3903 μόνον.
3534 3834 3629 3897 Τίς
3664 3833 3762 3891 οὖν

2182 3923 2332 3971 ἐστιν
2356 3936 2370 3982 ;
2408 3921 2477 3972 El
2504 3917 2675 3984 ἡμεῖς
2702 3917 2846 3983 ὑμῖν
2870 3917 2941 3968 τὰ
2965 3919 3335 3985 πνευματικὰ
3372 3918 3761 3987 ἐσπείραμεν,

2177 4002 2353 4071 μέγα,
2409 4004 2461 4053 εί
2512 4000 2679 4068 ἡμεῖς
2730 4000 2898 4068 ὑμῶν
2956 4000 3031 4053 τὰ
3094 4000 3350 4070 σαρκικὰ
3406 4002 3763 4072 θερίσομενς

2183 4082 2336 4149 Εἶδες
2374 4082 2721 4153 δικαιοτάτην
2754 4083 2934 4137 αἰτίαν
2962 4084 3054 4138 καὶ
3081 4084 3191 4139 τῶν
3218 4087 3498 4159 προτέρων
3526 4088 3763 4156 εὐλογω-

2182 4172 2387 4245 τέραν;
2435 4171 2582 4224 Ἐκεῖ
2629 4170 2727 4240 μὲν
2779 4171 2911 4240 γάρ,
2965 4171 3121 4242 φησὶ,
3164 4171 3425 4245 σαρκικὺς
3469 4174 3498 4226 ό
3534 4173 3759 4245 σπόρος.

2185 4255 2445 4326 σαρκικὸς
2474 4256 2569 4309 καὶ
2594 4256 2625 4307 ό
2654 4255 2864 4325 καρπός
2888 4272 2902 4287 ο
2939 4255 3175 4309 ἐνταῦθα
3198 4256 3254 4309 δὲ
3286 4256 3385 4325 οὐχ
3418 4255 3610 4320 οὕτως,
3642 4256 3759 4309 ἀλλ’

2181 4343 2210 4393 ὁ
2249 4341 2347 4411 μὲν
2391 4338 2588 4407 σπόρος
2635 4338 3018 4408 πνευματικὸς,
3047 4340 3081 4407 ἡ
3109 4339 3167 4391 δὲ
3197 4338 3468 4402 ἀντίδοσις
3496 4339 3757 4411 σαρκική.

2184 4422 2303 4475 Ἵνα
2336 4421 2445 4491 γὰρ
2484 4421 2558 4490 μὴ
2592 4419 3035 4489 μέγαφρονῶσιν
3082 4422 3131 4472 οἱ
3176 4422 3508 4489 παρέχοντες
3534 4424 3648 4483 τοῖς
3676 4422 3760 4472 δι-

2182 4506 2491 4568 δασκάλοις,
2525 4503 2726 4567 ἔδειξεν
2748 4504 2830 4555 ὃτι
2862 4502 3084 4573 μείζονα
3111 4502 3498 4572 λαμϐάνουσιν,
3525 4505 3556 4574 ἢ
3579 4503 3755 4557 διδόα-

2185 4605 2289 4640 σιν.
2335 4589 2397 4641 Οί
2462 4588 2561 4657 μὲν
2608 4588 2716 4655 γάρ
2748 4586 3002 4657 γεωργοὶ,
3033 4584 3179 4655 ἅπερ
3217 4584 3283 4637 ἀν
3326 4586 3756 4657 κατασπείρωσι,

2183 4672 2355 4724 ταῦτα
2382 4672 2475 4724 καὶ
2504 4671 2891 4740 λαμϐάνουσιν·
2925 4671 3085 4739 ἡμεῖς
3116 4668 3173 4719 δὲ
3201 4669 3515 4741 σπείροντες
3541 4672 3621 4734 εἰς
3655 4670 3756 4735 τάς

2186 4755 2455 4825 ὑμετέρας
2509 4755 2687 4824 ψυχὰς
2734 4752 3100 4823 πνευματικὰ,
3137 4751 3426 4823 θερίζομεν
3480 4756 3757 4825 σαρκικάο

2184 4837 2424 4891 τοιοῦτον
2467 4840 2575 4907 γάρ
2624 4838 2657 4907 ή
2710 4836 2840 4907 παρ’
2875 4833 3053 4889 αὐτῶν
3081 4833 3332 4905 διδομένη
3382 4841 3575 4910 τροφή.
3627 4836 3762 4893 Εἶτα

2185 4923 2281 4976 καὶ
2306 4923 2824 4994 ὲντρεπτικώτερονο
2856 4922 2925 4973 El
2956 4919 3131 4972 ἄλλοι
3156 4917 3265 4985 τῆς
3283 4921 3569 4989 ἐξουσίας
3591 4924 3760 4994 ὑμῶν

2180 5004 2560 5075 μετέχουσιν,
2606 5009 2678 5059 οὺ
2712 5003 2921 5067 πολλῷ
2948 4998 3189 5071 μᾶλλον
3240 5004 3453 5071 ἡμεῖς;
3496 5008 3629 5061 Ἰδοὺ
3662 5008 3760 5061 καὶ

2185 5092 2369 5161 ἕτερος
2424 5091 2585 5143 πάλιν
2632 5089 2911 5158 λογισμὸς,
2945 5086 3037 5139 καὶ
3067 5085 3227 5149 αὐτὸς
3270 5088 3335 5140 ὲκ
3381 5092 3762 5163 παραδειγμά-

2185 5193 2314 5239 των,
2362 5175 2475 5227 ἀλλ’
2524 5176 2622 5246 οὐχ
2655 5174 2874 5243 ὁμοίων.
2904 5170 3037 5223 Οὐδὲ
3090 5170 3197 5241 γὰρ
3226 5172 3433 5245 Πέτρου
3483 5176 3759 5245 μέμνηται

2185 5260 2437 5322 ἐνταῦθα,
2488 5260 2610 5312 οὔτε
2660 5257 2769 5309 τῶν
2820 5253 3156 5315 ἀποστόλων.
3191 5256 3308 5311 ἀλλ’
3341 5260 3544 5330 ἑτέρων
3594 5260 3760 5312 τινῶν

2185 5343 2372 5408 νόθων,
2416 5346 2553 5413 πρὸς
2603 5343 2695 5404 οὓς
2739 5339 2973 5409 ὕστερον
3020 5339 3334 5407 ἀποδύεται,
3378 5346 3471 5397 καὶ
3515 5343 3645 5412 περὶ
3681 5336 3758 5396 ὧν

2184 5443 2369 5496 φησιν’
2401 5429 2475 5482 El
2504 5446 2594 5494 τις
2625 5422 2781 5495 ὑμᾶς
2813 5422 3134 5485 κατεσθίει,
3161 5425 3216 5478 εί
3245 5444 3335 5491 τις
3369 5423 3670 5494 λαμϐάνει,
3701 5426 3759 5479 ετ

2184 5526 2272 5573 τις
2297 5510 2624 5577 ἐπαίρεται,
2654 5508 2710 5561 ετ
2742 5525 2831 5573 τις
2863 5510 2950 5573 είς
2988 5508 3313 5575 πρόσωπον
3341 5506 3496 5576 ὑμᾶς
3528 5506 3720 5577 δαίρει
3739 5527 3753 5539 ·

2183 5594 2275 5646 καὶ
2304 5602 2394 5646 τον
2425 5594 2560 5663 πρὸς
2589 5592 2829 5653 ἐκείνους
2857 5591 2958 5662 ἤδη
2991 5590 3459 5661 προανακρούεται
3492 5589 3752 5662 πόλεμον.

2185 5678 2274 5731 Διὸ
2301 5678 2421 5731 οὐδὲ
2451 5674 2625 5741 εἶπεν,
2670 5676 2731 5727 Εἰ
2773 5675 2923 5729 ἄλλοι
2976 5674 3311 5745 λαμϐάνουσι
3345 5684 3368 5713 ο
3413 5673 3543 5746 παρ’
3572 5675 3752 5747 ὑμῶν,

2247 5836 2267 5864 ε
2300 5833 2443 5890 Rea...
2471 5833 2507 5879 εἰ
2534 5830 2665 5879 ἄλλοι
2687 5828 2741 5876 οὐ
2762 5828 3071 5890 λαμϐάνουσι.
