4022 6214
252 342 361 398 175
1282 346 1349 402 IN
1386 347 1601 405 EPIST.
1648 348 1666 401 l
1731 347 1823 404 AD
1858 346 2014 410 (3011.
2053 349 2285 408 HOMIL.
2328 355 2472 417 XXI.
3440 378 3539 431 175

322 457 383 512 5.
434 454 665 527 Ideoque
712 456 780 512 ad
824 456 966 523 aliud
1011 458 1221 530 pergit,
1268 468 1323 517 et
1367 461 1487 515 ait:
1523 461 1651 527 Quis
1687 464 1838 531 plan-
1946 462 2206 560 vestibus,
2234 468 2435 560 qutede
2452 471 2643 539 vineis,
2667 475 2735 530 de
2756 476 3071 549 seminibus,
3096 481 3164 540 de
3195 494 3331 542 terra
3354 528 3369 551 ,
3393 494 3536 560 quod

246 555 326 601 tat
378 548 613 610 vineam,
668 556 716 602 et
770 565 835 604 ea:
875 550 1045 619 fructu
1086 552 1197 620 ejus
1234 569 1336 607 non
1375 553 1516 608 edit?
1551 555 1657 610 Per
1711 555 1840 610 illud
1948 553 2295 646 ttondiversa
2322 556 2566 617 facienda
2592 563 2698 633 sit,
2727 566 2796 623 de
2821 568 3006 643 lepra;
3053 573 3229 645 deque
3270 548 3430 646 aliis,
3477 591 3536 637 ut

244 639 395 694 enim
446 639 719 710 pericula,
772 656 869 709 per
917 640 1020 697 hoc
1073 657 1202 698 vero
1251 643 1529 708 laborem,
1582 647 1840 718 defatiga-
2039 641 2546 737 dicammmnihus.
2576 652 2709 710 Cum
2739 639 2980 717 enim'illi
3007 639 3300 724 crassiores
3329 639 3531 737 essent,

243 731 450 786 tionem
500 732 725 786 multam
778 742 833 787 et
880 747 1067 788 curam
1117 734 1430 791 declaravit.
1478 738 1786 811 Tertiumqu

1946 728 2071 830 hinc
2095 733 2396 795 disserebat
2420 756 2543 798 cum
2574 744 2698 813 illis,
2732 749 2987 817 paulatim
3014 753 3159 824 ipsos
3184 760 3418 830 erigens.

240 836 435 878 rursus
463 824 686 894 apponit
720 825 1027 895 exemplum
1074 827 1261 884 dicens
1294 848 1308 884 :
1344 829 1470 897 Quis
1514 834 1676 903 pascit
1720 852 1786 906 gr.

1941 822 2064 922 vide
2102 829 2375 897 quomodo
2419 830 2524 889 1100
2561 851 2669 893 11011
2714 839 2853 896 ultra
2892 822 3116 913 probet,
3165 822 3348 919 utpote
3385 855 3529 922 quod

238 927 389 983 gem,
416 923 463 967 α
485 916 549 967 αα
582 915 710 969 tam
737 917 849 987 ei.“
874 934 977 970 ηοη
1002 918 1146 972 βάξις)
1169 917 1363 976 cum",
1406 922 1626 979 multam
1650 965 1667 990 ν
1713 942 1834 996 qua,
1940 912 2242 1010 1110110111ᾼο1
2268 933 2334 979 ex
2363 935 2424 976 se
2451 924 2789 983 manifestum
2818 912 2908 986 sit.
2937 931 3072 989 Cum
3103 912 3329 996 dixisset
3356 912 3526 1010 enim,

237 1002 518 1059 doctorem
543 1004 596 1058 in
620 1005 925 1079 erudiendis
943 1008 1219 1079 discipulis
1255 1010 1433 1081 decet,
1460 1014 1551 1070 hic
1576 1017 1828 1093 ostendit.
1940 1001 2207 1075 Numquid
2251 1012 2315 1065 de
2354 1011 2655 1071 000mm
2677 1031 2748 1075 εει
2774 1021 2927 1079 Deo?
2960 1028 3277 1098 subiunxit:
3310 1035 3397 1091 10.
3446 1001 3525 1095 Au

236 1092 372 1148 Nam
393 1104 450 1150 et
473 1096 670 1152 milites
694 1106 746 1153 et
766 1099 1015 1168 agricolae
1037 1108 1093 1155 et
1113 1110 1359 1169 pastores
1383 1107 1613 1174 apostoli
1644 1092 1826 1178 erant;
1936 1103 2141 1197 opif"
2168 1114 2261 1153 ηοε
2281 1104 2488 1197 οξηηὲηο
2508 1106 2603 1161 hoc
2627 1109 2749 1165 dicit
2770 1113 2796 1166 Γ
2836 1114 2946 1171 Nec
2985 1092 3102 1176 sine
3150 1138 3309 1181 causa
3352 1128 3479 1185 illud
3501 1172 3517 1197 ,

233 1200 344 1242 non
369 1195 529 1242 terra:
553 1204 727 1259 neque
748 1189 1025 1245 brutorum
1049 1207 1223 1264 neque
1239 1194 1503 1251 bellorum
1521 1199 1824 1267 sensilium,
1939 1183 2179 1256 θἠηίηον
2204 1193 2376 1261 Ροηῖῑν
2401 1198 2494 1252 Sed
2532 1216 2599 1255 ne
2628 1202 2812 1260 liceret
2838 1209 3069 1267 auditori
3118 1215 3204 1270 vel
3252 1183 3520 1277 tantillum

232 1279 332 1335 ,ω
359 1281 663 1338 animarum
692 1282 1033 1339 ηιίοηηηωη
1077 1295 1132 1339 ει
1178 1285 1349 1353 aciei,
1399 1305 1520 1359 (NB
1567 1291 1827 1351 adversus
1933 1278 2327 1339 contradicere.
2363 1287 2535 1356 Atque
2558 1291 2611 1345 in
2644 1299 2957 1367 metaphora
2991 1316 3190 1372 perstat
3234 1308 3418 1367 dicens
3466 1324 3521 1369 et

231 1371 514 1428 daemonas
536 1373 839 1431 instruitur.
873 1377 1007 1432 lllud
1038 1393 1250 1450 quoque
1276 1381 1671 1440 observandum
1701 1396 1785 1443 est

1932 1374 2285 1438 pronuntians
2313 1393 2329 1427 :
2360 1378 2500 1435 Nam
2525 1396 2732 1455 propter
2757 1406 2847 1445 nos
2882 1371 3071 1463 scripta
3111 1409 3262 1465 sunt;
3302 1405 3422 1474 quia
3464 1406 3518 1461 in

229 1466 510 1535 quomodo
537 1466 733 1539 ubique
759 1467 1181 1526 moderationem
1199 1472 1521 1543 adhibuerit,
1541 1478 1823 1535 utilitatem

230 1558 405 1613 solum
435 1574 685 1630 quaerens
703 1602 719 1629 ,
751 1576 859 1617 non
891 1577 982 1619 res
1006 1565 1325 1635 superﬂuas.
1354 1568 1471 1623 Non
1500 1571 1643 1627 enim
1664 1573 1815 1640 dixit,

228 1652 359 1720 Quis
385 1662 587 1724 pugnat
605 1661 661 1710 et
687 1670 793 1710 non
815 1655 968 1711 dives
992 1659 1117 1712 est?
1147 1658 1242 1714 sed
1261 1702 1277 1728 ,
1312 1660 1438 1726 Quis
1484 1663 1669 1719 militat
1712 1668 1818 1722 suis

224 1744 493 1812 stipendiis
522 1746 797 1815 umquam?
831 1746 950 1803 Non
976 1747 1130 1815 dixit,
1156 1749 1288 1817 Quis
1309 1751 1517 1821 plantat
1534 1756 1742 1811 vineam
1764 1767 1818 1813 et

223 1848 332 1890 non
352 1835 560 1908 colligit
583 1851 796 1904 aurum,
826 1848 917 1893 aut
942 1837 1176 1897 fructum
1204 1850 1372 1897 totum
1397 1858 1503 1900 11011
1534 1844 1817 1918 decerpit?

221 1927 343 1994 sed,
374 1927 461 1983 Ex
485 1934 657 2000 fructu
683 1932 791 2002 ejus
817 1948 917 1986 non
951 1934 1210 1988 comedit?
1234 1934 1418 2007 Neque
1461 1937 1633 2007 dixit,
1681 1940 1813 2011 Quis

218 2020 393 2088 pascit
420 2036 636 2093 gregem
668 2034 722 2077 et
748 2023 817 2079 de
846 2026 998 2093 agnis
1024 2041 1133 2080 non
1162 2037 1378 2084 exercet
1408 2041 1762 2087 mercaturam
1789 2035 1812 2088 ?

216 2108 314 2165 sed
341 2111 656 2183 quomodo?
683 2111 749 2167 Et
783 2129 845 2167 ea;
872 2115 981 2185 ejus
1010 2116 1138 2171 tacte
1164 2134 1263 2171 non
1285 2121 1541 2174 comedit?
1582 2122 1697 2179 Non
1742 2141 1810 2180 ex

214 2203 395 2274 agnis,
419 2204 515 2260 sed
541 2203 626 2261 Ea:
643 2205 809 2272 tacte;
837 2208 1127 2263 ostendens
1143 2209 1416 2267 doctorem
1434 2224 1598 2283 parvo
1617 2216 1809 2273 solatio

212 2301 530 2350 contentum
556 2310 676 2351 esse
701 2308 984 2369 oportere,
1030 2302 1255 2372 soloque
1307 2308 1612 2361 necessario
1662 2309 1803 2363 cibo.

211 2382 342 2438 Hac
366 2383 434 2437 ad
460 2400 554 2440 eos
576 2427 591 2450 ,
621 2387 711 2456 qui
742 2387 1121 2444 voluntomnia
1148 2392 1433 2449 comedere
1452 2434 1467 2457 ,
1497 2405 1550 2449 et
1575 2396 1801 2454 fructum

210 2482 387 2559 totum
417 2474 727 2546 decerpere.
775 2478 925 2534 lianc
968 2488 1023 2535 et
1067 2482 1325 2540 Dominus
1370 2485 1541 2556 legem
1588 2491 1799 2558 posuit,

207 2564 441 2620 dicens:
477 2564 675 2637 Dignus
703 2579 777 2624 est
821 2572 1085 2641 operarius
1126 2575 1237 2629 cibo
1291 2593 1383 2631 suo
1436 2578 1662 2647 (Matth.
1708 2584 1797 2639 10.

206 2657 343 2724 10).
372 2657 490 2712 Non
530 2660 632 2715 hoc
671 2672 851 2716 autem
898 2665 1073 2720 solum
1120 2669 1381 2741 exemplis
1434 2672 1656 2739 probat,
1705 2676 1797 2729 sed

205 2747 373 2802 etiam
421 2749 660 2804 ostendit
706 2752 920 2821 qualem
971 2764 1222 2824 oporteat
1270 2774 1390 2814 esse
1440 2763 1794 2818 sacerdotem.

203 2838 424 2895 Etenim
451 2843 605 2898 militi
632 2843 831 2901 habere
854 2846 1221 2906 fortitudinem
1251 2868 1387 2924 opus
1412 2863 1515 2921 est,
1547 2859 1797 2929 agricolae

202 2943 415 2999 curam,
447 2935 649 3003 pastori
676 2938 1092 2996 sollicitudinem
1130 2958 1237 2997 :ac
1289 2954 1410 3013 post
1458 2948 1573 3001 han
1616 2950 1793 3006 omnia

200 3018 338 3074 nihil
364 3022 594 3099 amplius
620 3040 863 3096 quaerere
891 3045 1049 3099 quam
1080 3034 1402 3090 necessaria.
1445 3034 1578 3090 Cum
1606 3047 1791 3095 osten-

199 3110 375 3168 disset
400 3127 549 3186 ergo,
577 3133 685 3173 non
710 3134 833 3176 esse
852 3123 1076 3178 vetitum
1104 3124 1310 3180 doctori
1342 3131 1607 3197 accipere,
1640 3144 1694 3188 et
1725 3149 1793 3189 ex

198 3203 513 3263 doctoribus
541 3218 595 3264 et
621 3225 686 3266 ex
717 3213 841 3267 vitae
871 3216 1196 3284 quotidianae
1221 3221 1485 3291 exemplis
1510 3262 1525 3283 .
1557 3223 1627 3277 ad
1677 3233 1788 3279 ter-

199 3296 335 3350 tium
366 3308 526 3368 aput
550 3303 724 3370 venit,
752 3304 829 3358 sic
863 3305 1049 3360 dicens
1078 3325 1092 3360 :
1122 3300 1175 3362 8.
1215 3307 1477 3379 Numquid
1514 3315 1791 3369 secundum

200 3388 456 3444 hominem
483 3393 589 3446 lucc
610 3394 723 3448 dico
743 3396 770 3449 .9
784 3411 850 3449 an
872 3406 919 3451 et
944 3400 1029 3453 (ea:
1045 3398 1153 3452 haec
1177 3415 1280 3453 non
1307 3402 1473 3457 dicit?
1489 3402 1621 3469 Quia
1643 3405 1789 3460 enim

196 3479 462 3538 hactenus
489 3499 555 3540 ex
578 3484 868 3555 Scripturis
912 3488 1042 3543 nihil
1082 3490 1246 3554 dixit,
1299 3493 1394 3547 sed
1447 3509 1787 3551 communem

195 3574 418 3646 protulit
466 3578 908 3633 consuetudinem
936 3620 951 3644 ,
1000 3579 1077 3635 Ne
1125 3583 1323 3653 putetis
1372 3599 1458 3639 me
1500 3628 1514 3650 ,
1573 3586 1783 3656 inquit,

196 3662 347 3718 hisee
377 3664 477 3718 niti
503 3666 633 3720 solis
655 3706 671 3733 ,
704 3683 881 3737 neque
909 3684 975 3722 ex
1003 3669 1279 3725 hominum
1308 3674 1501 3741 placito
1528 3675 1643 3731 haec
1672 3684 1785 3730 sta-

195 3762 349 3809 tuere
379 3772 392 3807 :
421 3770 636 3825 possum
684 3758 826 3813 enim
872 3760 1197 3826 ostendere,
1247 3763 1362 3818 haec
1411 3764 1522 3821 Deo
1570 3782 1784 3837 quoque

192 3846 385 3915 placita
405 3862 540 3911 esse,
561 3858 615 3903 et
637 3858 868 3905 veterem
888 3850 1006 3921 lego
1031 3852 1199 3922 legem
1224 3852 1338 3909 haec
1361 3857 1780 3926 praecipientem.

193 3937 322 3992 ldeo
356 3952 450 4007 per
479 3938 951 4009 interrogationem
984 3944 1325 4013 progreditur
1347 3987 1363 4011 ,
1395 3947 1467 4000 uti
1496 3948 1636 4003 solet
1664 3948 1780 4005 ﬁeri

190 4027 247 4082 in
296 4028 362 4081 iis
387 4069 402 4093 ,
447 4043 565 4097 qua:
610 4032 829 4085 omnino
870 4034 923 4086 in
973 4035 1220 4089 confesso
1264 4045 1407 4099 sunt,
1438 4039 1516 4092 sic
1544 4038 1777 4093 dicens:

194 4118 465 4189 Numquid
484 4124 758 4177 secundum
787 4120 1039 4180 hominem
1075 4129 1181 4181 [uec
1211 4129 1366 4182 dico?
1391 4128 1446 4183 ld
1473 4140 1555 4185 est
1584 4174 1599 4198 ,
1639 4131 1778 4187 Num

191 4210 442 4266 humanis
466 4220 665 4268 tantum
693 4216 955 4285 exemplis
986 4219 1159 4273 nitor?
1184 4221 1365 4274 Annon
1393 4224 1543 4275 etiam
1574 4223 1656 4277 lea:
1672 4224 1780 4277 haec

189 4300 359 4354 dicit?
396 4301 448 4357 9.
484 4303 745 4372 Scriptum
774 4314 847 4358 est
877 4307 1009 4359 enim
1033 4309 1086 4360 in
1109 4309 1218 4379 tege
1243 4310 1438 4381 Moysis
1468 4311 1629 4366 :Non
1659 4312 1778 4367 atti-

187 4389 335 4461 gabis
361 4407 417 4445 os
444 4392 553 4447 bovi
582 4396 862 4450 trituranti.
897 4397 964 4451 Et
994 4413 1089 4453 cur
1138 4400 1250 4455 haec
1302 4411 1599 4467 memorat,
1652 4390 1773 4459 cum

188 4479 418 4534 haberet
454 4484 757 4552 exemplum
789 4487 1169 4541 sacerdotum?
1198 4490 1499 4545 Admodum
1540 4492 1773 4547 ubertim

187 4571 307 4626 hmc
336 4573 566 4641 probare
595 4574 799 4630 volens.
820 4577 1040 4644 Deinde,
1067 4596 1133 4635 ne
1155 4582 1275 4651 quis
1295 4582 1499 4637 diceret
1529 4602 1543 4639 :
1573 4586 1774 4655 Ecquid

185 4663 254 4717 ad
287 4680 407 4731 nos,
426 4666 568 4736 quod
596 4667 664 4721 de
687 4667 858 4723 bobus
887 4670 1090 4725 dictum
1120 4675 1362 4730 est?hoc
1377 4687 1625 4732 accurate
1652 4678 1771 4733 dis-

181 4754 320 4809 cutit
344 4754 530 4811 dicens
556 4773 571 4811 :
604 4754 869 4827 Numquid
898 4767 961 4813 de
1011 4762 1163 4818 bobus
1185 4781 1307 4818 cura
1335 4777 1408 4820 est
1429 4766 1578 4822 Deo?
1602 4768 1772 4824 Boves

183 4860 317 4915 ergo
344 4859 453 4899 non
484 4857 656 4913 curat,
680 4863 863 4917 quaeso
890 4858 963 4916 te,
988 4850 1170 4907 Deus?
1196 4852 1362 4909 Curat
1406 4858 1589 4926 utique
1614 4899 1630 4924 ,
1674 4860 1769 4914 sed

187 4951 298 4991 non
322 4937 415 5004 ita,
451 4947 509 4992 ut
533 4937 601 4993 de
628 4939 713 4993 illa
738 4956 799 4995 re
829 4940 997 5011 legem
1026 4944 1227 4999 tulerit.
1263 4946 1598 5019 Quapropter
1622 4992 1636 5015 ,
1668 4953 1770 5007 nisi

184 5044 440 5099 magnum
471 5031 596 5100 quid
625 5031 1007 5101 subindicaret,
1034 5032 1247 5092 Judmos
1278 5054 1373 5107 per
1418 5042 1569 5095 bruta
1615 5058 1779 5097 exers

182 5137 316 5178 cens
344 5121 411 5175 ad
442 5122 823 5193 benignitatem
845 5168 859 5191 ,
883 5136 1044 5197 atque
1067 5128 1227 5182 etiam
1268 5129 1388 5184 illos
1417 5148 1509 5201 per
1549 5134 1664 5189 haec
1701 5136 1770 5194 de

184 5213 498 5269 doctoribus
528 5215 828 5284 alloquens,
854 5232 960 5272 non
994 5219 1098 5272 tale
1127 5220 1451 5288 suscepisset
1496 5225 1729 5280 studium
1749 5266 1765 5293 ,

185 5316 317 5363 utet
346 5307 519 5376 legem
542 5308 801 5361 scriberet
841 5308 909 5363 de
953 5310 1124 5365 bubus
1163 5326 1317 5366 camo
1363 5330 1467 5368 non
1518 5316 1762 5386 Iigandis.

185 5397 315 5452 inde
340 5406 516 5452 autem
539 5397 682 5451 aliud
703 5400 958 5465 ostendit,
987 5404 1211 5457 multum
1233 5419 1353 5460 esse
1378 5405 1656 5464 doctorum
1688 5410 1765 5465 la-

184 5490 374 5543 borem
403 5497 460 5542 et
486 5502 607 5542 esse
635 5487 868 5554 debere;
914 5491 1165 5561 aliudque
1212 5508 1444 5549 rursum.
1484 5496 1761 5563 Quodnam

185 5578 315 5634 illud
335 5578 361 5630 ?
385 5576 535 5644 Quod
566 5592 917 5649 quacumque
938 5580 989 5634 in
1018 5582 1189 5637 veteri
1216 5583 1330 5654 lege
1372 5586 1440 5641 de
1485 5589 1763 5644 brutorum

183 5684 310 5724 cura
338 5668 607 5735 dicuntur,
640 5668 706 5723 ad
726 5669 998 5727 hominum
1022 5673 1318 5731 doctrinam
1342 5680 1606 5751 prmcipue
1634 5696 1766 5735 con-

184 5760 396 5826 teram;
431 5769 488 5814 ut
516 5768 570 5816 et
591 5758 693 5816 alia
712 5764 889 5819 omnia
922 5781 935 5818 ε
965 5766 1110 5822 verbi
1136 5767 1324 5837 gratia,
1358 5785 1476 5839 (ιοω
1500 5770 1569 5828 de
1594 5771 1757 5829 variis

1928 1477 2019 1533 spe
2045 1464 2187 1519 debet
2212 1470 2300 1536 qui
2318 1482 2431 1526 arat
2456 1491 2605 1530 arare
2631 1494 2651 1531 :
2674 1479 2725 1535 id
2752 1492 2853 1547 est,
2880 1484 3071 1542 doctor
3093 1464 3252 1547 debet
3273 1464 3515 1553 laborum

1928 1555 2234 1613 mercedem
2265 1560 2463 1620 habere
2495 1584 2509 1621 :
2539 1578 2586 1623 et
2606 1571 2693 1639 qui
2718 1575 2940 1642 triturat,
2974 1578 3027 1631 in
3061 1597 3151 1651 spe
3175 1585 3371 1654 fructus
3398 1606 3516 1659 per-

1925 1646 2148 1715 cipiendi
2169 1668 2295 1708 esse.
2321 1655 2387 1710 Et
2413 1658 2533 1714 vide
2563 1664 2920 1730 prudentiam.
2946 1672 2991 1725 A
3017 1646 3223 1730 semine
3258 1646 3410 1734 enim.
3443 1684 3511 1737 ad

1922 1750 2103 1792 aream
2137 1757 2247 1797 rem
2282 1746 2553 1817 traduxit;
2594 1752 2689 1808 hic
2730 1771 2941 1813 rursum
2991 1764 3187 1821 multos
3229 1766 3508 1825 doctorum

1921 1828 2146 1886 sudores
2175 1837 2485 1907 ostendens,
2514 1846 2763 1914 quoniam
2796 1849 2894 1918 ipsi
2925 1862 2979 1905 et
3022 1864 3178 1911 arant
3216 1868 3272 1913 01
3319 1875 3503 1917 aream

1922 1929 2119 2025 terunt.
2162 1926 2229 1982 Et
2269 1929 2323 1985 in
2358 1934 2561 1990 arando
2596 1939 2833 2007 quidem,
2862 1946 2986 2013 quia
3014 1948 3189 2004 nullus
3206 1955 3507 2025 percipien-

1917 2011 2016 2112 dus
2044 2016 2247 2075 fructus
2269 2032 2385 2078 erat
2404 2066 2420 2090 ,
2448 2025 2544 2081 sed
2568 2028 2720 2085 labor
2742 2011 2945 2089 tantum
2974 2038 3160 2094 aderat
3178 2011 3373 2113 ,-speni
3410 2061 3504 2117 po-

1914 2103 2022 2157 suit
2052 2121 2067 2157 :
2098 2107 2150 2161 in
2182 2112 2401 2168 terenda
2431 2130 2561 2171 vero
2585 2133 2729 2187 arca,
2757 2121 2865 2191 jam
2895 2141 3049 2181 usum
3092 2103 3321 2188 fructum
3369 2103 3501 2192 0011-

1913 2195 2078 2250 cessit
2102 2198 2287 2268 dicens
2311 2218 2323 2255 :
2352 2204 2420 2258 Et
2452 2209 2539 2277 qui
2559 2211 2781 2279 triturat,
2811 2216 2922 2285 ejus
2948 2220 3054 2289 spei
3080 2224 3335 2296 particeps
3364 2240 3457 2282 est.

1983 2286 2036 2341 4.
2066 2287 2290 2359 Deinde,
2336 2310 2405 2351 110
2443 2302 2564 2375 quis
2605 2300 2764 2369 dicat,
2812 2286 3184 2369 Hucine-est
3229 2286 3495 2377 tantorum

1909 2388 2118 2433 merces
2161 2380 2443 2440 laborum?
2490 2389 2705 2460 adjecit,
2747 2394 2816 2450 In
2862 2416 2990 2469 spe,
3042 2404 3253 2477 scilicet
3292 2408 3492 2471 futura.

1908 2465 2048 2522 Nihil
2078 2484 2207 2541 ergo
2233 2475 2379 2531 aliud
2414 2480 2612 2538 clamat
2636 2500 2697 2540 os
2737 2465 2897 2558 hujus
2920 2494 3167 2552 animalis
3191 2474 3346 2556 came
3388 2521 3491 2561 non

1907 2559 2148 2632 ligatum,
2192 2584 2349 2637 quam
2398 2574 2541 2643 quod
2589 2589 2834 2648 oporteat
2884 2584 3138 2643 doctores
3185 2559 3493 2654 laborantes

1904 2656 2154 2711 mercede
2181 2659 2304 2715 frui.
2335 2663 2422 2717 ll.
2448 2664 2511 2721 Si
2535 2684 2627 2723 nos
2646 2672 2783 2726 vobis
2804 2676 3093 2741 spiritualia
3112 2684 3488 2755 seminavimus,

1902 2760 2142 2815 magnum
2186 2761 2279 2817 est,
2323 2755 2367 2807 si
2412 2772 2505 2811 nos
2543 2762 2774 2815 carnalia
2814 2777 2976 2831 uestra
3018 2775 3305 2828 metamus?
3350 2777 3490 2835 Ecce

1900 2847 2147 2903 quartum
2177 2842 2336 2896 etiam
2368 2844 2515 2901 addit
2541 2850 2878 2909 ratiocinium
2904 2897 2918 2921 ,
2946 2858 3087 2928 quod
3117 2871 3361 2930 oporteat
3385 2868 3488 2923 ali-

1900 2936 2079 2982 menta
2104 2932 2366 2999 praebere.
2391 2934 2526 3003 Quia
2547 2940 2690 2994 enim
2718 2942 2873 3010 dixit,
2902 2947 3029 3013 Quis
3055 2951 3239 3007 militat
3263 2960 3488 3027 propriis

1897 3019 2163 3087 stipendiis
2190 3030 2471 3094 umquam?
2493 3038 2567 3091 et,
2601 3030 2729 3096 Quis
2754 3036 2951 3103 plantat
2979 3042 3174 3097 vineam
3195 3045 3221 3097 Ρ
3246 3019 3319 3113 ct,
3357 3019 3484 3114 Quis

1896 3112 2057 3179 pascit
2094 3118 2336 3183 gregem?
2379 3126 2434 3173 et
2461 3119 2681 3178 adduxit
2721 3124 2912 3184 bovem
2935 3112 3480 3202 triturantem;aliam

1897 3203 2098 3271 profert
2115 3221 2333 3263 causam
2355 3212 2549 3266 rationi
2569 3215 2724 3271 valde
2744 3233 3058 3291 consonam,
3081 3238 3300 3298 propter
3321 3246 3479 3301 quam

1890 3295 2012 3364 jure
2056 3301 2332 3367 accepturi
2376 3315 2565 3370 erant;
2596 3308 2740 3376 quod
2768 3326 2875 3365 non
2916 3315 3077 3370 modo
3120 3295 3477 3391 laborassem,

1894 3388 1987 3441 sed
2014 3396 2068 3443 et
2087 3389 2244 3475 longe
2267 3393 2471 3463 majora
2500 3398 2873 3465 praebuissent.
2903 3405 3159 3473 Quaenam
3201 3427 3329 3484 ergo
3358 3388 3479 3470 est?

1894 3481 1957 3536 Si
1982 3500 2074 3537 nos
2094 3471 2231 3542 nobis
2257 3490 2547 3557 spirituatia
2570 3495 2927 3553 seminavimus
2946 3542 2960 3567 ,
2995 3517 3234 3573 magnum
3284 3517 3354 3562 est
3377 3550 3393 3574 ,
3434 3511 3477 3564 si

1891 3589 1982 3626 nos
2011 3578 2240 3631 carnalia
2268 3591 2433 3634 vestra
2454 3592 2701 3639 metamus
2722 3586 2750 3639 Ρ
2774 3587 3019 3645 Vidistin‘
3046 3609 3262 3650 causam
3282 3598 3475 3665 justis-

1889 3665 2101 3731 simam,
2126 3677 2178 3721 et
2200 3670 2368 3739 magis
2389 3687 2547 3741 quam
2576 3678 2784 3744 priores
2809 3683 3001 3735 rationi
3025 3693 3475 3745 consentaneum?

1890 3756 2004 3810 lllic
2034 3773 2264 3829 namque
2308 3763 2456 3829 dicit,
2502 3765 2728 3823 Carnalc
2775 3784 2959 3827 semen
3007 3785 3109 3842 est,
3158 3781 3389 3835 carnalis
3419 3793 3475 3837 et

1887 3844 2133 3902 fructus?
2161 3849 2247 3904 hic
2291 3862 2468 3908 autem
2514 3869 2621 3911 non
2664 3858 2760 3925 sic,
2806 3862 2899 3915 sed
2926 3877 3111 3919 semen
3150 3869 3467 3940 spirituale,

1888 3955 2098 3997 merces
2124 3956 2253 3998 vero
2280 3947 2529 4002 carnalis.
2562 3949 2692 4004 Nam
2722 3966 2789 4007 ne
2821 3954 3045 4011 multum
3072 3958 3172 4013 sibi
3199 3961 3473 4029 placerent

1886 4030 1959 4095 ii,
1988 4032 2079 4099 qui
2121 4033 2322 4103 aliquid
2347 4033 2662 4095 doctoribud
2695 4044 2999 4110 prteberent
3020 4087 3037 4113 ,
3081 4050 3313 4106 ostendit
3343 4051 3465 4108 illos

1884 4122 2088 4190 majora
2116 4139 2274 4193 quam
2302 4126 2431 4182 dent
2456 4132 2720 4201 accipere.
2753 4137 3017 4205 Agricola:
3044 4155 3275 4211 namque
3297 4184 3312 4209 ,
3342 4160 3463 4214 quas

1884 4213 2180 4283 seminam,
2210 4215 2397 4272 eadem
2428 4220 2542 4289 ipsa
2571 4225 2836 4293 accipiunt
2867 4244 2893 4281 ε.
2914 4244 3013 4284 nos
3041 4240 3218 4288 autem
3239 4276 3255 4302 ,
3288 4213 3378 4305 qui
3408 4238 3462 4293 in

1882 4303 2158 4372 animabus
2193 4308 2396 4363 vestris
2438 4310 2733 4379 spiritualia
2765 4316 2993 4373 serimus
3013 4359 3028 4387 ,
3058 4303 3460 4382 metimus—car-

1883 4395 2019 4448 nalia
2060 4413 2074 4450 :
2116 4397 2220 4452 tale
2264 4414 2492 4471 namque
2535 4412 2617 4458 est
2652 4404 2962 4463 alimentum
3012 4410 3079 4466 ab
3117 4412 3223 4487 illis
3256 4414 3463 4473 datum.

1883 4485 2084 4542 Deinde
2114 4488 2372 4559 majorem
2399 4492 2558 4548 infert
2582 4496 2842 4565 pudorem
2872 4516 2887 4558 :
2914 4501 3000 4555 12.
3032 4502 3095 4558 Si
3120 4504 3211 4558 alii
3236 4517 3459 4575 potesta.

1880 4577 1944 4629 tis
1971 4586 2150 4632 vestra:
2174 4582 2449 4650 participes
2472 4594 2589 4637 sunt
2613 4625 2629 4651 ,
2662 4603 2820 4655 quare
2842 4607 2944 4645 non
2971 4595 3139 4662 potius
3163 4612 3255 4649 nos
3272 4598 3299 4651 ἲ
3321 4599 3461 4656 Ecce

1878 4670 2038 4724 aliam
2078 4671 2340 4727 rationem
2362 4712 2376 4736 ,
2419 4690 2539 4744 quae
2568 4685 2620 4730 et
2648 4677 2760 4746 ipsa
2804 4680 2872 4735 ab
2900 4684 3159 4753 exemplis
3185 4688 3415 4743 sumitur
3438 4730 3455 4757 ,

1876 4761 1971 4816 sed
2020 4778 2124 4816 non
2170 4777 2200 4816 a
2241 4764 2523 4836 similibus.
2565 4767 2749 4839 Neque
2790 4772 2933 4827 enim
2981 4772 3067 4830 hic
3113 4775 3330 4832 Petrum
3360 4796 3459 4836 1100

1876 4856 2149 4924 apostolos
2176 4865 2472 4924 memorat,
2503 4860 2598 4915 sed
2641 4862 2777 4917 alios
2816 4866 3072 4933 quosdam
3102 4869 3455 4939 adulterinos,

1876 4954 2061 5000 contra
2090 4963 2223 5016 quos
2248 4949 2503 5019 deinceps
2532 4966 2760 5023 pugnam
2796 4956 3012 5011 inslruit
3032 4999 3046 5022 ,
3078 4973 3141 5013 ac
3167 4959 3234 5014 de
3259 4963 3454 5031 quibus

1877 5038 2005 5092 dicit
2031 5057 2043 5093 :
2075 5038 2137 5093 Si
2161 5041 2272 5107 quis
2303 5056 2388 5095 vos
2414 5042 2646 5110 devorat,
2674 5046 2721 5098 si
2752 5048 2862 5115 quis
2891 5049 3073 5117 accipit
3092 5090 3107 5115 ,
3152 5051 3195 5103 si
3224 5055 3336 5120 quis
3361 5072 3455 5107 ea:-

1876 5132 2092 5195 tollitur,
2114 5132 2157 5185 si
2183 5134 2295 5200 quis
2325 5138 2376 5187 in
2402 5136 2585 5205 [aciem
2613 5152 2701 5191 vos
2728 5140 2876 5192 cwdit
2903 5139 2922 5208 (
2942 5138 2997 5191 2.
3031 5140 3147 5195 Cor.
3180 5144 3267 5198 ll.
3295 5146 3366 5201 20
3390 5148 3410 5217 )
3435 5163 3452 5213 ;

1873 5231 1927 5274 01
1953 5221 2076 5275 belli
2104 5230 2287 5276 contra
2309 5238 2405 5277 eos
2425 5226 2642 5295 gerendi
2661 5227 2772 5296 jam
2794 5227 2918 5283 facit
2938 5231 3276 5299 prmludium.
3306 5234 3456 5291 Ideo-

1873 5328 1979 5382 que
2007 5329 2111 5368 non
2136 5314 2294 5381 dixit,
2326 5316 2382 5371 Si
2421 5318 2509 5371 alii
2540 5334 2569 5371 a
2598 5321 2748 5375 vobis
2788 5322 3097 5391 accipiunt;
3139 5326 3233 5381 sed
3275 5339 3456 5383 osten-

1873 5403 2007 5460 dens
2047 5406 2263 5460 illorum
2304 5398 2687 5479 ariogantiam,
2728 5414 3069 5483 tyrannidem
3105 5425 3455 5473 0100111111ον-

1873 5499 2011 5553 cium
2032 5541 2047 5565 ,
2071 5499 2199 5554 dicit
2232 5519 2246 5557 :
2275 5502 2338 5557 Si
2366 5504 2458 5557 alii
2483 5506 2741 5574 potestatis
2780 5519 2957 5562 vestra:
2994 5511 3264 5580 participes
3292 5523 3453 5578 sunt;

1872 5591 2063 5657 idest,
2093 5593 2138 5647 si
2170 5593 2435 5665 imperant
2455 5598 2608 5653 vobis
2630 5639 2647 5665 ,
2671 5599 2717 5655 si
2743 5610 3061 5669 potestatem
3090 5614 3378 5671 exercent,
3407 5609 3453 5662 si

1871 5690 1932 5735 ut
1967 5682 2177 5740 famulis
2201 5696 2427 5742 utuntur
2447 5728 2463 5754 ,
2491 5705 2598 5744 non
2628 5690 2791 5746 modo
2817 5692 3141 5761 accipientes
3164 5735 3181 5761 ,
3213 5696 3306 5751 sed
3332 5711 3455 5753 cum

1872 5774 2035 5829 multa
2052 5777 2398 5836 accuratione
2422 5788 2476 5837 01
2501 5782 2845 5839 auctoritate.
2892 5783 3015 5840 ldco
3056 5783 3299 5855 addidit,
3329 5786 3451 5844 Non
