4022 6214
498 306 599 361 175

498 418 667 487 potius
691 415 827 472 nos?
851 414 991 487 quod
1027 427 1135 470 non
1160 412 1417 481 dixisset,
1446 416 1490 467 si
1514 411 1584 469 de
1612 410 1871 482 apostolis
1907 420 2089 465 sermo

496 518 662 566 esset.
706 508 813 564 Sed
858 508 1032 577 palam
1078 514 1217 568 est.
1245 505 1393 560 illum
1440 503 1700 575 quosdam
1747 500 2087 557 subindiearc

502 602 868 671 perniciosos,
922 600 1014 671 qui
1072 599 1219 669 ipsos
1265 598 1599 667 deciperent.
1650 593 1831 666 itaque
1891 601 2088 663 praeter

498 691 696 763 Bloysis
719 692 890 762 legem
931 704 1027 745 vos
1058 702 1274 760 quoque
1311 687 1483 757 legem
1512 685 1723 749 tulistis,
1757 682 1901 755 quod
1944 700 2086 754 prm-

502 784 629 839 bere
647 791 913 856 oporteat.
934 780 1069 835 Cum
1090 779 1224 835 dixit
1244 787 1421 833 autem
1436 817 1451 841 ,
1480 774 1599 831 Non
1626 779 1792 845 potius
1816 790 1906 828 nos
1925 773 1951 827 ?
1978 788 2085 827 non

502 874 693 945 probat
730 888 828 929 cur
874 872 1039 928 multo
1064 870 1234 941 magis
1260 877 1529 945 oporteat,
1570 869 1665 922 sed
1714 867 1926 921 illorum
1957 879 2088 919 con-

499 944 746 1022 scientias
773 963 1108 1035 probandum
1153 944 1446 1033 relinquit,
1479 959 1749 1030 simulque
1787 967 1841 1014 et
1885 967 2088 1012 terrere

499 1063 690 1116 volens
718 1066 774 1115 et
798 1042 1061 1127 majorem
1111 1056 1354 1112 incutere
1398 1052 1681 1124 pudorem.
1725 1050 1832 1106 Sed
1866 1065 1967 1103 non
2008 1048 2090 1101 usi

499 1168 676 1208 simius
726 1149 817 1204 tali
861 1158 1123 1222 potestate.
1156 1147 1212 1203 id
1238 1156 1321 1202 est
1341 1188 1357 1212 ,
1386 1145 1502 1200 Non
1540 1144 1867 1212 accepimus.
1899 1140 2090 1196 Viden‘

502 1242 792 1314 quomodo,
835 1256 960 1298 cum
999 1241 1150 1312 prius
1195 1249 1273 1292 tot
1317 1236 1611 1292 rationibus
1634 1235 1949 1307 probasset,
1982 1248 2087 1286 non

502 1351 623 1392 esse
653 1342 839 1390 contra
868 1333 1039 1402 legem
1066 1372 1082 1397 ,
1114 1330 1362 1400 accipere
1387 1370 1401 1393 ,
1433 1338 1558 1384 tunc
1595 1326 1728 1383 dixit
1761 1346 1775 1380 :
1803 1325 1919 1380 Non
1949 1324 2090 1379 acci-

504 1430 702 1498 pimus,
747 1442 816 1483 ne
856 1425 1098 1480 videatur
1138 1422 1407 1478 abstinere
1439 1431 1707 1488 tamquam
1738 1432 1770 1471 a
1798 1415 2089 1487 prohibito.

501 1523 619 1579 Non
649 1521 815 1587 enim,
844 1519 1035 1591 inquit,
1061 1516 1206 1587 quod
1230 1531 1336 1571 non
1361 1515 1541 1575 liceat,
1572 1527 1678 1567 non
1704 1510 1944 1581 accipio;
1970 1509 2094 1564 licet

500 1616 669 1675 enim,
692 1610 872 1667 ethoc
894 1625 958 1665 ex
979 1608 1162 1663 multis
1181 1607 1695 1668 demonstravimus;
1722 1616 1789 1659 ex
1810 1601 2090 1672 apostolis,

502 1723 571 1761 ex
601 1705 760 1760 rebus
784 1719 905 1774 qua:
934 1699 990 1757 in
1018 1702 1123 1755 vita
1164 1699 1329 1763 fiunt,
1361 1713 1427 1752 ex
1456 1696 1659 1761 milite,
1690 1694 1926 1764 agricola
1945 1734 1960 1758 ,
1991 1705 2094 1763 pa-

505 1806 689 1859 store,
720 1809 749 1848 a
780 1794 898 1864 lege
930 1792 1147 1862 Moysis,
1181 1789 1247 1844 ab
1276 1790 1387 1859 ipsa
1414 1791 1493 1842 rei
1523 1795 1710 1840 natura
1737 1827 1751 1849 ,
1781 1784 1902 1854 quia
1929 1781 2091 1839 semi-

504 1888 751 1942 navimus
788 1884 942 1940 vobis
979 1880 1309 1952 spiritualia;
1354 1893 1421 1932 ex
1453 1876 1519 1931 iis
1542 1917 1558 1942 ,
1604 1890 1723 1945 qua:
1754 1886 1848 1927 vos
1891 1872 2095 1926 fecistis

504 1994 629 2049 erga
669 1977 805 2033 alios
837 1992 851 2030 :
880 1973 977 2029 sed
1006 1973 1184 2037 sicut,
1226 1984 1295 2024 ne
1325 1967 1595 2023 videretur
1634 1963 1837 2037 pudore
1878 1962 2095 2017 afficere

505 2069 800 2139 apostolos.
830 2064 920 2135 qui
947 2062 1306 2133 accipiebant,
1335 2058 1451 2115 haec
1477 2057 1676 2129 posuit,
1705 2055 1964 2127 pudorem
1991 2052 2097 2106 illis

509 2161 781 2217 incutiens
808 2168 863 2213 et
885 2154 1175 2211 ostendens
1214 2168 1274 2207 se
1299 2167 1407 2206 non
1438 2166 1469 2205 a
1495 2164 1556 2204 re
1583 2157 1640 2203 ut
1672 2146 1936 2217 prohibita
1965 2144 2095 2198 abso

508 2256 680 2308 tinere
709 2270 725 2308 :
754 2252 830 2309 ita
858 2263 1070 2305 rursum
1096 2288 1113 2313 ,
1154 2260 1223 2301 ne
1252 2259 1348 2316 per
1383 2241 1606 2299 multam
1651 2239 1794 2294 illam
1824 2235 2096 2308 probatio-

507 2359 632 2399 nem
671 2352 728 2399 et
764 2340 1063 2410 frequentia
1090 2336 1359 2406 exempla,
1391 2334 1547 2404 queis
1572 2330 1811 2387 ostendit
1851 2330 2098 2397 accipere

505 2444 779 2508 oportere,
802 2433 1079 2489 videretur
1102 2439 1161 2485 ut
1175 2429 1405 2499 accipiat
1423 2439 1691 2498 quaerere,
1719 2423 1948 2493 ideoque
1975 2422 2098 2477 talia

510 2528 780 2599 proferre;
805 2527 918 2597 jam
958 2524 1091 2581 illud
1134 2522 1386 2593 corrigit;
1430 2528 1483 2577 et
1511 2520 1710 2575 clarius
1749 2518 1968 2573 demum
1996 2515 2100 2569 hoc

512 2620 710 2692 posuit,
742 2633 865 2674 cum
895 2617 1064 2673 dicit:
1097 2614 1219 2670 Non
1257 2613 1447 2685 scripsi,
1466 2621 1638 2666 autent
1674 2612 1787 2665 lucc
1809 2652 1825 2676 ,
1866 2618 1921 2663 ut
1944 2608 2017 2663 sic
2046 2609 2101 2661 in

515 2729 598 2766 me
622 2711 713 2779 ﬁat
740 2726 758 2763 :
787 2709 875 2764 hic
902 2722 1065 2778 porro
1085 2705 1237 2773 dicit,
1257 2705 1377 2759 Non
1400 2704 1481 2758 usi
1509 2718 1683 2757 sumus
1709 2702 1805 2756 hac
1831 2708 2095 2772 potestate.

510 2801 771 2870 Quodque
797 2798 968 2867 majus
987 2807 1090 2865 est,
1114 2796 1191 2852 Ne
1210 2796 1341 2852 illud
1362 2795 1578 2866 quidem
1600 2792 1797 2865 poterit
1817 2792 2101 2863 quisquam

515 2894 715 2959 dicere,
750 2892 887 2963 quod
910 2906 1029 2946 cum
1056 2890 1213 2945 nobis
1236 2890 1433 2960 ampla:
1457 2888 1743 2945 facultates
1766 2895 1948 2943 essent
1970 2927 1985 2953 ,
2015 2884 2103 2939 his

520 3002 626 3040 uou
653 2984 736 3039 usi
763 2984 963 3047 simus;
1003 2980 1264 3051 siquidem
1312 2990 1539 3051 urgente
1582 2981 1905 3035 necessitate
1929 3021 1942 3046 ,
1990 2993 2100 3033 non

516 3077 774 3132 cessimus
801 3074 1106 3131 necessitati
1140 3092 1153 3128 :
1187 3073 1240 3128 id
1266 3074 1407 3142 quod
1437 3073 1596 3129 etiam
1629 3074 1680 3127 in
1709 3073 1945 3128 secunda
1970 3072 2046 3127 ait
2082 3090 2094 3127 :

518 3169 661 3222 Alias
687 3166 942 3221 Ecclesias
966 3166 1240 3237 exspoliari
1257 3206 1274 3230 ,
1298 3166 1551 3234 accipiens
1578 3166 1831 3236 stipendia
1850 3166 1922 3219 ad
1947 3165 2100 3219 mini-

520 3258 725 3313 sterium
753 3267 1012 3321 oestrum;
1051 3267 1096 3310 et
1132 3273 1245 3310 cum
1284 3273 1439 3311 essem
1469 3258 1610 3325 apud
1650 3273 1736 3312 vos
1774 3267 1821 3312 et
1862 3273 2057 3327 egerem
2078 3295 2098 3324 ,

520 3350 647 3403 nulli
672 3366 911 3405 onerosus
939 3350 1015 3421 fui
1044 3349 1121 3417 (2.
1152 3350 1268 3403 Cor.
1299 3349 1387 3403 Η.
1421 3348 1479 3419 8)
1509 3365 1525 3411 ς
1567 3356 1623 3404 et
1662 3350 1715 3404 in
1744 3349 1847 3404 hac
1874 3365 2059 3405 rursus
2084 3368 2098 3404 :

522 3443 591 3498 Et
628 3443 875 3497 esurimus
909 3451 955 3496 et
986 3442 1185 3496 sitimns
1207 3452 1251 3494 et
1274 3440 1399 3494 undi
1428 3457 1601 3496 sumus
1625 3451 1673 3496 et
1694 3442 1925 3511 colaphis
1947 3442 2104 3496 credi-

522 3552 635 3589 mur
661 3534 736 3607 (l.
772 3532 890 3588 Cor.
929 3535 985 3590 4.
1028 3534 1131 3603 fl).
1164 3533 1230 3587 Et
1266 3533 1354 3588 hic
1392 3547 1576 3589 rursus
1602 3534 1832 3605 idipsum
1856 3535 2101 3590 subindi-

521 3638 645 3692 cat,
692 3626 879 3683 dicens
904 3668 919 3691 ,
960 3626 1067 3682 Sed
1110 3626 1281 3680 omnia
1317 3625 1639 3687 sustinemus.
1686 3626 1880 3682 Dicens
1923 3626 2100 3694 enim,

524 3716 709 3771 Omnia
751 3719 1072 3784 sustinemus,
1122 3716 1313 3772 famem
1357 3716 1660 3773 subindicat
1699 3726 1753 3773 et
1797 3718 2100 3789 angustiam

522 3811 765 3876 multam,
787 3811 997 3882 aliaque
1022 3812 1222 3867 omnia.
1248 3811 1353 3867 Sed
1385 3826 1559 3881 neque
1584 3812 1684 3875 sic,
1719 3811 1909 3882 inquit,
1931 3794 2104 3869 coacti

520 3915 710 3957 sumus
732 3901 943 3956 solvere
969 3902 1161 3970 legem,
1193 3914 1353 3970 quam
1386 3900 1541 3955 nobis
1565 3900 1697 3969 ipsis
1723 3900 2099 3967 imposuimus.

521 3994 740 4063 Quare?
762 3990 846 4048 Ne
870 3994 1006 4063 quod
1033 3990 1396 4058 ofendicuhmt
1416 3989 1593 4044 demus
1613 3990 1871 4061 evangelio
1894 3989 2103 4045 Christi.

519 4090 654 4167 Quia
679 4087 821 4145 enim
845 4086 1168 4143 infirmiores
1197 4082 1458 4139 Corinthii
1477 4093 1648 4150 erant,
1672 4082 1749 4139 Ne
1772 4097 1887 4151 vos,
1912 4083 2103 4153 inquit,

521 4182 915 4238 oﬂ‘enderemus
946 4178 1293 4249 accipientes,
1322 4175 1610 4232 maluimus
1637 4176 1755 4247 plus
1780 4191 1941 4248 quam
1970 4190 2107 4246 prte-

518 4282 731 4343 ccptum
759 4281 876 4328 erat
910 4272 1106 4337 facere,
1139 4286 1299 4340 quam
1331 4269 1541 4325 obicem
1570 4269 1877 4339 quempiam
1910 4268 2105 4325 aﬂ‘erre

520 4364 830 4433 evangelio;
858 4361 912 4415 id
943 4369 1045 4423 est,
1080 4359 1402 4413 institutioni
1426 4368 1643 4413 vestras.
1687 4358 1745 4413 Si
1772 4366 1951 4415 autem
1980 4375 2102 4428 nos,

519 4455 735 4514 etiamsi
762 4455 953 4511 liceret
988 4451 1142 4507 nobis
1168 4460 1224 4507 et
1250 4450 1471 4505 multam
1510 4450 1619 4504 vim
1651 4460 1977 4519 pateremur,
2006 4468 2106 4507 ex-

519 4552 863 4621 emplumque
895 4546 1215 4602 haberemus
1241 4543 1536 4615 apostolos,
1558 4541 1610 4598 id
1637 4556 1741 4599 non
1761 4541 2005 4609 fecimus,
2027 4541 2109 4597 Ne

519 4641 891 4711 olfendiculttm
916 4640 1091 4693 demus
1120 4640 1241 4709 (nec
1268 4637 1399 4691 dixit
1424 4638 1757 4692 eversionem
1780 4679 1794 4703 ,
1820 4636 1912 4691 sed
1940 4634 2113 4690 offen-

519 4737 783 4799 diculum,
832 4745 933 4786 nec
977 4729 1292 4795 simpliciter
1319 4727 1699 4782 otfcndiculum
1720 4769 1735 4793 ,
1764 4726 1856 4783 sed
1883 4725 2111 4781 offendi-

520 4827 701 4882 culum
730 4821 999 4893 quoddam
1024 4860 1041 4883 ,
1075 4826 1223 4873 utne
1244 4817 1328 4870 vel
1350 4817 1680 4873 levissimam
1722 4833 1930 4873 moram
1957 4817 2107 4872 verbi

517 4918 701 4976 cursui
731 4912 1072 4973 inferremus)
1099 4928 1113 4964 :
1143 4910 1187 4965 si
1217 4924 1346 4978 ergo
1373 4923 1475 4963 nos
1502 4918 1645 4964 tanta
1668 4912 1746 4965 usi
1773 4924 1957 4966 sumus
1988 4909 2112 4964 dili-

517 5013 731 5085 gentia,
766 5008 966 5079 inquit,
1003 5012 1206 5076 quanto
1245 5001 1416 5073 magis
1447 5016 1572 5067 vos,
1605 5005 1697 5073 qui
1743 5004 1811 5058 ab
1851 5002 2110 5073 apostolis

518 5106 679 5175 longe
718 5101 937 5162 abestis,
982 5110 1159 5168 neque
1200 5094 1374 5165 legem
1404 5094 1626 5163 potestis
1666 5094 1849 5151 dicere
1892 5111 2012 5168 quae
2059 5096 2108 5151 id

522 5194 834 5267 permittat:
862 5190 956 5247 sed
982 5199 1170 5246 contra
1196 5188 1356 5243 etiam
1387 5184 1650 5255 prohibita
1680 5188 1915 5257 tangitis,
1947 5199 2110 5259 atque

520 5293 684 5346 etiam
705 5301 825 5357 quae
850 5286 1103 5341 damnum
1131 5296 1381 5353 magnum
1408 5279 1637 5335 afferunt
1662 5283 1964 5351 evangelio;
1998 5300 2108 5339 non

518 5378 830 5437 offendiculi
870 5377 1029 5434 modo
1058 5376 1257 5431 vitandi
1298 5388 1480 5440 causa,
1508 5372 1601 5428 sed
1632 5373 1835 5429 nullam
1863 5375 2109 5432 videntes

521 5481 811 5533 instantem
859 5469 1277 5536 necessitatem,
1335 5467 1608 5525 abstinere
1664 5476 1897 5538 oportet.
1959 5469 2109 5524 lianc

522 5573 665 5627 enim
709 5576 876 5623 totam
919 5564 1087 5621 movit
1112 5564 1409 5619 orationem
1442 5572 1663 5633 propter
1702 5564 1823 5620 illos
1849 5605 1863 5628 ,
1892 5563 1980 5633 qui
2012 5580 2107 5634 per

524 5663 699 5717 cibum
732 5658 1155 5729 idolothytorum
1183 5652 1627 5714 imbecillioribus
1656 5656 1912 5714 fratribus
1942 5655 2107 5714 oﬂ'en-

526 5754 699 5812 uliculo
725 5758 899 5808 erant.

1232 298 1295 355 S.
1331 297 1611 356 ιοΑΝΝιε
1643 293 2099 354 CHRYSOSTOM

2204 293 2462 353 RCHIEP.
2500 297 3034 361 CONSTANTINOP.
3670 314 3772 370 {75

2262 410 2316 465 5.
2343 410 2469 468 Haec
2495 428 2594 468 nos
2617 430 2831 486 quoque
2851 418 3151 488 audiamus,
3181 420 3385 491 dilecti,
3419 433 3476 479 ut
3504 440 3571 481 ne
3593 426 3772 496 despi-

2187 500 2393 557 ciamus
2429 518 2525 559 eos
2561 508 2651 574 qui
2678 506 3057 572 offenduntur,
3090 526 3158 566 ne
3201 512 3575 570 ofl‘endiculum
3608 532 3771 587 pona-

2186 606 2308 645 mus
2337 596 2612 664 evangelio
2649 595 2873 662 Christi,
2912 614 3015 654 neu
3048 611 3284 658 nostram
3319 606 3605 673 prodamus
3628 610 3772 663 salu-

2187 689 2315 735 tem.
2345 683 2420 738 Ne
2448 686 2577 739 mihi
2604 688 2749 742 enim
2771 688 2941 753 dicas,
2964 704 3087 745 eum
3112 691 3278 747 frater
3296 694 3586 753 offenditur
3610 716 3624 751 :
3648 698 3767 754 Non

2187 776 2497 843 prohibetur
2523 777 2622 832 hoc
2643 779 2731 834 vel
2761 781 2889 835 illud
2918 782 2970 835 in
2996 797 3103 851 quo
3132 783 3221 839 ille
3251 785 3556 853 offenditur,
3584 800 3640 845 et
3661 791 3773 846 lici-

2189 876 2297 921 tum
2345 879 2446 924 est.
2489 870 2604 940 Ego
2650 873 2794 927 enim
2842 876 2935 929 tibi
2986 877 3187 945 majora
3232 876 3511 935 dicozvel
3554 884 3601 936 si
3651 884 3771 953 ἥρω

2185 957 2431 1015 Christus
2474 958 2808 1031 permiserit,
2846 966 3152 1037 viderisque
3183 967 3379 1022 offendi
3423 973 3726 1039 quempiam
3756 1016 3772 1038 ,

2187 1051 2396 1108 abstine
2423 1064 2476 1108 et
2506 1070 2575 1109 ne
2602 1055 2956 1125 permissione
2979 1059 3169 1113 utaris.
3199 1059 3312 1113 Hoc
3336 1060 3477 1114 enim
3505 1071 3559 1116 ct
3580 1062 3776 1118 Paulus

2192 1142 2316 1198 fecit
2344 1162 2358 1199 :
2385 1146 2476 1215 qui
2514 1162 2635 1201 eum
2665 1148 3007 1216 permittente
3029 1150 3239 1205 Christo
3279 1151 3461 1208 liceret
3503 1154 3775 1223 accipere,

2192 1248 2299 1289 non
2335 1238 2561 1304 accepit.
2594 1234 2727 1292 Cum
2754 1238 2895 1292 enim
2939 1239 3195 1310 benignus
3222 1242 3289 1296 sit
3319 1242 3571 1297 Dominus
3592 1286 3607 1308 ,
3638 1245 3778 1297 Inul-

2192 1333 2296 1377 tatn
2342 1328 2625 1395 praeceptis
2663 1329 2776 1383 suis
2816 1329 3024 1384 miscuit
3056 1332 3552 1398 mansuetudinem,
3582 1345 3639 1389 ut
3668 1351 3775 1389 non

2191 1417 2364 1470 solum
2396 1434 2459 1471 ex
2483 1418 2637 1487 jussu
2658 1458 2675 1484 ,
2715 1420 2809 1474 sed
2840 1421 3001 1475 etiam
3034 1422 3200 1477 multa
3230 1440 3296 1479 ex
3321 1424 3492 1479 libera
3516 1424 3783 1480 faciamus

2192 1507 2355 1561 animi
2395 1510 2681 1563 sententia.
2716 1510 2933 1567 Poterat
2976 1512 3151 1576 enim,
3190 1516 3291 1569 nisi
3336 1514 3439 1571 hoc
3479 1516 3736 1571 voluisset
3761 1557 3779 1580 ,

2195 1607 2458 1669 praecepta
2489 1603 2657 1671 magis
2694 1617 2891 1672 augere
2929 1619 2992 1658 ac
3027 1603 3249 1661 dicere:
3280 1606 3378 1673 Qui
3420 1622 3526 1662 non
3568 1623 3783 1677 semper

2190 1689 2430 1759 jejunat,
2462 1692 2750 1759 puniatur;
2786 1694 2875 1763 qui
2905 1695 3264 1764 virginitatem
3292 1713 3397 1751 non
3428 1710 3626 1765 servat,
3651 1715 3783 1768 sup-

2196 1780 2354 1851 plicio
2378 1780 2672 1848 afficiatur;
2713 1784 2804 1854 qui
2832 1800 2936 1839 non
2966 1799 3025 1840 se
3054 1786 3306 1841 omnibus
3337 1790 3483 1843 exuit
3518 1790 3783 1844 facultati.

2196 1874 2296 1928 bus
2318 1915 2334 1940 ,
2368 1883 2636 1929 extremas
2678 1873 2768 1930 det
2797 1890 3005 1946 pennas.
3039 1877 3145 1932 Sed
3178 1893 3285 1935 non
3318 1878 3419 1934 hoc
3448 1881 3590 1944 fecit,
3616 1881 3785 1935 licen-

2198 1966 2325 2019 tiam
2356 1966 2449 2020 tibi
2475 1966 2609 2021 dans
2634 2007 2650 2032 ,
2684 1968 2727 2020 si
2756 1969 2908 2034 velis,
2941 1968 3145 2039 majora
3183 1971 3531 2039 suscipiendi.
3575 1971 3785 2027 idcirco

2197 2075 2319 2114 cum
2362 2060 2429 2114 de
2471 2060 2780 2127 virginitate
2822 2060 3167 2131 loqueretur,
3212 2061 3425 2118 diccbat
3454 2082 3467 2118 :
3496 2065 3593 2130 Qui
3624 2074 3795 2134 potest

2198 2168 2398 2222 capere,
2422 2153 2589 2220 capiat
2612 2151 2828 2220 (Matth.
2852 2152 2941 2208 19.
2968 2152 3100 2221 12);
3130 2160 3187 2208 et
3209 2153 3358 2208 diviti
3381 2155 3482 2209 alia
3510 2156 3790 2225 pra‘cepit,

2199 2244 2299 2296 alia
2330 2243 2447 2313 ejus
2466 2244 2725 2298 voluntati
2756 2244 3015 2314 permisit.
3039 2243 3223 2314 Neque
3247 2247 3390 2301 enim
3410 2246 3566 2314 dixit,
3591 2247 3788 2303 Vende

2199 2350 2318 2404 quzc
2349 2334 2546 2401 habes;
2572 2334 2689 2398 sui,
2709 2334 2771 2390 Si
2793 2336 2867 2388 vis
2896 2339 3148 2407 perfectus
3163 2340 3579 2414 esss,oeade(fb.
3595 2358 3643 2394 υ.
3665 2340 3789 2413 2|).

2202 2431 2272 2482 At
2311 2442 2411 2482 nos
2447 2442 2555 2481 non
2598 2426 2761 2482 modo
2790 2442 2899 2482 non
2934 2427 3137 2496 majora
3163 2431 3485 2497 suscipimus
3510 2447 3685 2501 neque
3723 2449 3799 2489 ea

2198 2533 2321 2590 qua:
2350 2526 2615 2587 praecepta
2640 2525 2766 2571 sunt
2789 2531 3123 2587 superamus,
3154 2518 3250 2574 sed
3276 2520 3504 2575 multum
3532 2522 3705 2586 abest,
3729 2534 3793 2579 ut

2203 2618 2597 2683 praeceptorum
2627 2624 2934 2667 mensuram
2974 2610 3311 2681 impleamus.
3346 2614 3411 2671 Et
3448 2615 3641 2669 Paulus
3668 2618 3793 2684 qui-

2164 2771 2177 2779 .
2201 2703 2324 2758 dem
2352 2702 2644 2769 esuriebat,
2674 2717 2744 2757 ne
2768 2700 3154 2758 ofl‘endiculum
3181 2704 3440 2773 praeberet
3471 2705 3793 2777 evangelio;

2202 2811 2301 2853 nos
2327 2805 2504 2852 autem
2530 2810 2598 2849 ne
2617 2791 2891 2849 recondita
2917 2793 3131 2863 quidem
3163 2795 3599 2866 nobisattingere
3628 2798 3795 2853 aude-

2202 2906 2363 2955 mus,
2414 2887 2730 2943 iunumeras
2774 2884 3017 2939 videntes
3074 2887 3285 2941 annuas
3332 2902 3573 2942 eversas.
3621 2887 3799 2945 llodat

2202 2982 2381 3046 enim,
2412 2979 2586 3050 inquit
2624 2977 2747 3042 ille,
2779 2976 2917 3039 tinea
2941 3016 2959 3042 ,
2985 2984 3040 3031 et
3069 2991 3175 3030 non
3206 2977 3360 3033 rodat
3402 2993 3639 3048 pauper;
3670 2981 3798 3035 edat

2204 3075 2401 3130 vermis
2418 3114 2435 3140 ,
2462 3082 2518 3129 et
2544 3087 2651 3127 non
2679 3069 2929 3124 induatur
2965 3067 3163 3124 nudus.
3186 3067 3375 3124 Omnia
3410 3083 3798 3127 consumantur

2207 3180 2471 3237 tempore,
2497 3174 2553 3221 et
2582 3178 2690 3218 non
2710 3163 2885 3216 alatur
2912 3160 3178 3225 Christus,
3209 3160 3336 3215 dum
3365 3162 3551 3216 esurit.

2273 3258 2465 3315 Contra
2506 3270 2707 3311 avara.
2734 3281 2808 3294 —
2834 3252 3033 3322 Ecquis
3078 3252 3179 3307 hoe
3205 3252 3374 3307 dicit?
3409 3254 3638 3323 inquies.
3684 3253 3801 3311 lloa

2206 3352 2350 3409 enim
2382 3364 2546 3421 grave
2571 3346 2859 3403 admodum
2882 3354 2965 3401 est
2984 3384 3000 3408 ,
3029 3344 3171 3415 quod
3202 3359 3317 3400 non
3341 3347 3521 3401 verbis
3545 3388 3559 3412 ,
3594 3348 3689 3402 sed
3719 3347 3801 3408 fa-

2203 3447 2306 3501 ctis
2334 3445 2450 3499 lncc
2488 3442 2753 3499 dicantur.
2785 3438 2914 3492 Nam
2945 3437 3120 3491 minus
3149 3451 3311 3505 grave
3350 3448 3494 3492 esset
3535 3440 3582 3494 si
3618 3439 3802 3496 verbis

2203 3539 2512 3603 diceretur,
2553 3548 2713 3604 quam
2744 3545 2869 3586 cum
2908 3530 3083 3597 reipsa
3113 3525 3365 3583 efficitur.
3412 3530 3603 3585 Annon
3654 3534 3801 3588 enim

2206 3632 2324 3687 lucc
2370 3627 2609 3700 quotidie
2650 3625 2848 3681 clamat
2875 3621 3099 3677 avaritia
3121 3661 3137 3686 ,
3169 3621 3417 3677 immanis
3453 3622 3542 3678 illa
3572 3633 3628 3680 et
3655 3640 3801 3682 sana

2210 3722 2473 3795 tyrannis,
2522 3717 2752 3787 captivis
2792 3714 2946 3771 suis?
2993 3715 3346 3784 Apponantur
3396 3724 3574 3770 vestra
3616 3731 3801 3771 come-

2206 3815 2383 3871 denda
2414 3808 2763 3884 schphantis
2782 3847 2798 3874 ,
2828 3805 3127 3861 latronibus
3152 3812 3208 3858 et
3232 3803 3662 3871 insidiatoribus,
3690 3821 3810 3860 non

2207 3915 2387 3961 autem
2409 3902 2668 3957 famelicis
2692 3909 2748 3953 et
2777 3898 2983 3966 egenis.
3008 3896 3199 3947 Annon
3222 3909 3321 3947 vos
3340 3892 3510 3949 facitis
3526 3897 3762 3951 latrones
3779 3900 3805 3953 τ

2209 4010 2389 4051 annon
2434 4007 2530 4046 vos
2574 4004 2755 4045 escam
2802 3986 3055 4056 praebetis
3095 3984 3203 4053 igni
3248 3986 3803 4048 invidorum‘lannon

2208 4101 2306 4141 vos
2333 4083 2508 4138 facitis
2536 4079 2789 4149 fugitivos
2814 4085 2868 4132 et
2898 4074 3258 4142 insidiatores,
3289 4074 3414 4131 dum
3438 4080 3588 4148 quasi
3612 4095 3802 4141 escam

2210 4178 2316 4233 illis
2338 4174 2552 4231 divitias
2574 4181 2781 4226 vestras
2814 4164 3123 4238 apponitis‘l
3149 4181 3268 4236 quae
3290 4176 3374 4224 est
3402 4168 3517 4224 lucc
3542 4168 3751 4229 insania
3775 4178 3801 4231 τ

2211 4266 2421 4325 Insania
2456 4264 2654 4335 quippe
2695 4269 2752 4317 et
2780 4256 3061 4315 manifesta
3092 4260 3323 4313 amentia
3354 4267 3471 4325 est,
3503 4275 3657 4319 arcas
3687 4268 3799 4320 im-

2212 4363 2359 4433 plere
2395 4356 2658 4420 vestibus,
2692 4362 2748 4407 et
2773 4366 2922 4416 eum,
2950 4350 3039 4419 qui
3065 4348 3133 4403 ad
3159 4349 3442 4419 imaginem
3471 4362 3523 4407 et
3548 4355 3804 4413 similitu-

2210 4451 2389 4507 dinem
2436 4448 2529 4503 Dei
2577 4446 2747 4499 factus
2776 4452 2860 4497 est
2884 4484 2900 4508 ,
2928 4439 3128 4496 nudum
3150 4479 3166 4505 ,
3192 4452 3227 4493 α
3257 4437 3451 4510 frigore
3478 4452 3801 4506 trementem

2210 4560 2275 4599 ac
2310 4545 2400 4597 vix
2430 4549 2635 4595 rectum
2680 4542 2910 4591 stantem
2940 4533 3238 4603 despicere.
3278 4536 3348 4591 At
3378 4536 3465 4592 ille
3489 4582 3506 4606 ,
3552 4541 3760 4613 inquies
3784 4586 3801 4610 ,

2214 4642 2505 4687 tremorem
2533 4636 2589 4683 et
2618 4626 2982 4680 infirmitatem
3027 4622 3288 4678 simulat?
3317 4628 3508 4684 Annon
3544 4633 3700 4690 times
3729 4652 3805 4692 ne

2214 4724 2419 4778 fulmen
2468 4721 2536 4773 ab
2580 4720 2680 4774 hoc
2720 4720 2884 4774 verbo
2932 4731 3215 4777 accensum
3244 4732 3310 4774 ex
3339 4721 3447 4777 alto
3476 4724 3805 4795 dejiciatur?

2216 4815 2290 4870 ira
2324 4813 2469 4867 enim
2498 4812 2834 4882 disrumpor,
2868 4810 3147 4881 ignoscite.
3182 4808 3262 4864 Tu
3290 4813 3487 4883 quippe
3516 4822 3686 4875 ventri
3718 4823 3806 4878 in-

2214 4910 2437 4980 dulgens
2462 4916 2513 4963 et
2545 4907 2752 4978 pinguis
2772 4949 2789 4975 ,
2816 4914 2871 4962 et
2895 4906 2962 4960 ad
2992 4902 3307 4975 profundam
3330 4921 3498 4976 usque
3520 4926 3805 4982 vesperam

2214 5004 2661 5074 compotationem
2677 5016 2745 5057 ex
2754 4995 3354 5066 tendens,mollibusque
3375 4998 3516 5058 fotus
3529 5007 3803 5075 stragulis,

2216 5111 2320 5151 non
2342 5110 2531 5152 censes
2559 5105 2610 5149 te
2629 5106 2817 5165 pmnas
2840 5090 3108 5151 daturum,
3131 5104 3251 5144 cum
3274 5100 3378 5147 tam
3401 5093 3579 5165 inique
3597 5097 3690 5152 Dei
3706 5098 3810 5153 do-

2216 5190 2299 5244 nis
2328 5190 2497 5245 utaris
2516 5190 2710 5259 (neque
2729 5184 2871 5239 enim
2894 5182 3076 5236 vinum
3093 5182 3273 5239 datum
3292 5197 3441 5243 estut
3455 5190 3799 5253 inebriemur,

2216 5298 2389 5355 neque
2430 5293 2719 5339 concessus
2766 5277 2919 5332 cibus
2967 5286 3022 5331 ut
3060 5287 3300 5335 ventrem
3340 5280 3707 5336 distendamus
3744 5290 3809 5336 et

2213 5373 2599 5447 dirumpamus)
2631 5390 2644 5426 :
2678 5385 2965 5441 pauperem
2990 5385 3136 5434 vero,
3162 5371 3436 5439 miserum,
3457 5389 3560 5428 non
3578 5371 3807 5429 meliore

2197 5469 2522 5529 ttonditione
2561 5479 2720 5538 quam
2754 5472 3053 5529 mortuum,
3088 5464 3269 5529 illum,
3296 5465 3547 5534 inquam,
3575 5462 3639 5517 ad
3668 5478 3806 5519 exa-

2213 5575 2354 5617 ctam
2386 5562 2648 5616 rationem
2673 5554 3001 5613 reddendam
3032 5556 3178 5624 cogis
3205 5572 3220 5621 ;
3248 5570 3347 5610 nec
3381 5555 3573 5610 metuis
3598 5554 3809 5614 Christi

2216 5654 2447 5708 tribunal
2484 5649 2613 5707 illud
2639 5646 2966 5703 horrendum
2991 5658 3047 5704 et
3076 5646 3458 5702 formidabile?
3480 5645 3613 5701 Nam
3645 5650 3690 5705 si
3720 5651 3805 5705 si-

2216 5747 2380 5805 mulat
2401 5787 2416 5813 ,
2446 5761 2511 5803 ex
2537 5742 2862 5800 necessitate
2889 5751 2944 5798 et
2969 5748 3208 5813 egestate
3237 5738 3485 5806 simulat,
3512 5740 3583 5796 ob
3611 5740 3804 5797 imma-
