4004 6208
486 358 587 414 ΙῖΊ

479 469 663 525 δοῦναι
690 466 865 537 δίκην,
898 465 1044 521 οὕτω
1085 468 1421 538 παρανόμως
1462 468 1578 531 τοῖς
1613 464 1718 520 τοῦ
1752 464 1897 519 Θεοῦ

484 567 643 626 μενος
666 550 857 621 δώροις
888 548 1030 622 (οὑδέ
1066 550 1176 619 7&9
1223 551 1315 605 ἵνα
1352 549 1664 619 μεθύωμεν,
1686 550 1717 602 ὀ
1748 542 1912 611 οἶνος⁹
1946 545 2058 599 οὐδ’

479 636 568 689 ἵνα
596 632 1041 703 γαπριζὼμεοα,
1056 632 1288 705 ήτροφὴ
1314 633 1560 701 γέγονεν·
1582 631 1691 686 οὐδ’
1718 631 1805 684 ῖνα
1826 628 2067 686 διασπῶ-

480 732 581 788 μεν
607 714 708 786 τὴν
756 714 1022 786 γαστέρα,
1073 716 1144 769 τά
1194 716 1385 784 σιτία)·
1440 716 1534 769 τὸν
1568 715 1627 769 δέ
1677 714 1924 785 πένητα,
1971 711 2066 765 τὸν

476 798 683 864 ἄθλιον,
710 798 805 852 τὸν
840 798 993 852 οὐδέν
1027 796 1252 869 ἀμεινον
1292 798 1491 870 νεκροῦ
1531 796 1906 867 διακείμενον,
1939 794 2067 849 τοῦ-

476 900 569 939 τον
600 881 828 947 εὐθύνας
856 882 1112 945 ἀπαιτεῖς
1139 882 1416 952 ἀκριϐεῖς,
1447 884 1543 939 καὶ
1585 883 1647 936 οὐ
1694 880 1939 944 δέδοικας
1972 880 2067 933 τοῦ

477 966 717 1038 Χριστοῦ
742 966 804 1019 τὸ
828 966 1178 1036 δικαστήριον
1204 965 1267 1018 τὸ
1306 964 1535 1036 φρικτὸν
1570 965 1746 1018 ἐκεῖνο
1780 964 1875 1018 καὶ
1903 963 2069 1033 (9061-

481 1050 609 1120 ρόν;
634 1049 749 1102 Καὶ
761 1048 871 1118 γάρ
901 1049 949 1100 εί
976 1048 1351 1119 ὑποκρίνεται,
1372 1047 1432 1114 ἐξ
1448 1048 1695 1116 ἀνάγκης
1715 1044 2068 1117 ὑποκρίνεται

478 1134 576 1188 καὶ
602 1132 811 1194 ἐνδείας
844 1132 931 1185 διά
956 1130 1057 1203 τήν
1083 1132 1347 1203 ὠμότητα
1374 1130 1473 1202 τὴν
1502 1130 1601 1199 σὴν
1628 1132 1726 1185 καὶ
1753 1130 1854 1201 τὴν
1896 1131 2070 1183 ἀπαν-

480 1215 725 1285 θρωπίαν
755 1215 853 1286 τήν
878 1216 1137 1271 τοιούτων
1166 1215 1430 1287 δεομένην
1454 1214 1841 1287 προσωπείων,
1866 1214 1968 1284 τὴν
1993 1214 2067 1283 μὴ

479 1298 863 1370 ἐπικλωμένην
899 1299 1035 1370 πρὸς
1066 1299 1237 1353 ἔλεον.
1282 1299 1379 1361 Τίς
1405 1297 1517 1369 7&9
1552 1297 1725 1360 οὓτως
1753 1295 1939 1359 ἄθλιος
1975 1297 2070 1349 καί⁸

478 1380 844 1451 ταλαίπωρος,
872 1382 947 1444 ὡς
976 1381 1250 1453 μηδεμιᾶς
1271 1381 1521 1450 ἀνάγκης
1546 1378 1908 1449 ἐπικειμένης
1930 1378 2071 1450 ὑπὲρ

478 1465 597 1529 ἐνὸς
622 1465 793 1537 ἄρτου.
811 1464 1040 1518 τοιαῦτα
1059 1465 1392 1534 ἀσχημονεῖν
1410 1463 1505 1522 καὶ
1516 1464 1813 1519 κόπτεσθαι
1826 1464 1919 1517 καὶ
1942 1479 2071 1515 τοσ-

477 1551 651 1621 αύτην
680 1549 976 1619 ὑπομένειν
1024 1548 1210 1616 δίκην;
1240 1548 1403 1599 Ὥστε
1428 1548 1770 1619 ήὺπόκρισις
1803 1549 1835 1618 ή
1860 1548 2070 1600 ἐκείνου

478 1634 580 1703 τῆς
611 1633 711 1699 σῆς
737 1630 1138 1700 ἀπανθρωπίας
1168 1630 1518 1701 περιέρχεται
1550 1632 1847 1700 γιγνομένη
1873 1629 2067 1699 κήρυξ.

492 1715 712 1785 Ἐπειδὴ
738 1714 849 1784 γὰρ
874 1713 1137 1768 ίλκετεύων
1168 1715 1261 1767 καὶ
1280 1713 1528 1783 λιπαρῶν
1551 1716 1644 1768 καὶ
1662 1712 1875 1767 ἐλεεινὰ
1894 1712 2074 1783 προϊέ-

484 1816 647 1865 μενος
676 1799 921 1870 ρήματα,
966 1798 1059 1851 καὶ
1087 1798 1417 1869 ὀδυρόμενος
1446 1797 1540 1852 καὶ
1570 1796 1821 1867 δακρύων
1868 1797 1963 1849 καὶ
2004 1795 2073 1847 δι’

480 1884 609 1952 ὅλης
634 1881 863 1952 περιιὼν
901 1881 1002 1950 τῆς
1034 1881 1271 1951 ἡμέρας,
1294 1880 1417 1934 οὐδὲ
1448 1881 1548 1949 τῆς
1571 1879 1879 1946 ἀναγκαίας
1906 1878 2074 1931 εὐπο-

483 1967 568 2034 ρεῖ
584 1965 823 2035 τροφῆς,
844 1964 1138 2030 ἐπενόησεν
1164 1962 1295 2026 ἴσως
1326 1962 1421 2015 καὶ
1447 1961 1648 2032 ταύτην
1676 1961 1775 2032 τὴν
1802 1963 2073 2030 μηχανὴν,

481 2049 582 2101 οὐκ
618 2048 812 2118 ἐκείνῳ
842 2044 1137 2113 τοσαύτην,
1162 2045 1296 2115 ὅσην
1328 2045 1441 2108 σοὶ,
1464 2045 1739 2114 φέρουσαν
1767 2042 1865 2113 τὴν
1900 2047 2073 2112 ἀσχη-

485 2132 729 2203 μοσύνην
747 2132 842 2185 καὶ
866 2132 965 2200 τὴν
981 2131 1339 2200 κατηγορίαν.
1372 2130 1613 2193 Ἐκεῖνος
1640 2130 1737 2200 μὲν
1770 2130 1879 2199 γὰρ
1902 2129 2073 2181 ἐλεεῖ-

485 2214 611 2268 σθαι
649 2214 876 2277 δίκαιος,
910 2214 993 2265 ὅτι
1048 2214 1128 2275 είς
1176 2211 1447 2282 τοσαύτην
1486 2212 1752 2284 κατῆλθεν
1790 2213 2071 2281 ἀνάγκην

481 2298 650 2367 ήμεῖς
675 2296 733 2348 δὲ
768 2295 978 2365 μυρίων
1020 2293 1160 2360 ἄξιοι
1193 2295 1501 2365 τιμωριῶν,
1538 2296 1621 2348 61:
1665 2296 1791 2357 τοὺς
1836 2295 2075 2365 πένητας

482 2380 708 2433 τοιαῦτα
740 2378 1035 2451 βιαζόμεθα
1076 2379 1324 2447 πάσχειν.
1356 2379 1418 2431 Et
1448 2379 1556 2450 7&9
1585 2378 1643 2445 ἐξ
1676 2379 1923 2441 εὐκολίας
1947 2380 2075 2433 ἐπε-

485 2462 767 2532 κλώμεθα,
800 2464 901 2517 οὑκ
926 2463 990 2516 ἀν
1018 2478 1145 2514 ποτε
1170 2461 1345 2514 εἵλετο
1375 2464 1582 2526 ἐκεῖνος
1612 2461 1833 2515 τοιαῦτα
1864 2463 2075 2531 ὑπομέ-

484 2564 618 2600 νειν.
656 2547 765 2599 Καὶ
798 2547 852 2598 τί
882 2545 1025 2613 λέγω
1045 2545 1325 2613 γύμνωσιν
1344 2546 1438 2599 καὶ
1462 2546 1698 2616 τρόμον;
1728 2546 1801 2599 T0
1829 2547 1936 2613 7&9
1954 2544 2097 2617 τού-ὁ

482 2646 577 2682 του
605 2629 1041 2699 φρικωδέστερον
1058 2628 1187 2695 ἐρῶ,
1206 2628 1289 2681 δτι
1312 2628 1406 2683 καὶ
1426 2628 1623 2690 παῖδας
1648 2628 2077 2696 ἡναγκάσθησαν

485 2731 560 2785 πη
572 2714 741 2785 ρῶσαί
767 2730 910 2775 τινες
938 2713 1115 2782 άωρον
1134 2713 1369 2779 ἄγοντας
1388 2712 1636 2781 ἠλικίαν,¹
1653 2712 1745 2762 ἵνα
1760 2714 1858 2780 τῆς
1880 2712 2077 2781 ἡμετέ-

489 2815 588 2869 ρας
617 2796 977 2865 ἀναισθησίας
1003 2794 1357 2848 καθίκωνται.
1399 2795 1615 2864 Ἐπειδὴ
1645 2796 1753 2865 7&9
1786 2795 2092 2865 βλέποντες

487 2880 581 2933 καὶ
613 2878 812 2947 γυμνοὶ
866 2878 1205 2947 περιιόντες,
1247 2876 1369 2933 οὔτε
1410 2878 1518 2930 ἀπὸ
1556 2882 1654 2948 τῆς
1693 2878 1909 2947 ἡλικίας
1951 2878 2076 2935 οὐτε

486 2962 594 3016 ἀπὸ
616 2962 715 3033 τῆς
743 2963 1028 3032 συμφορεῖς
1056 2961 1438 3015 ἐπεσπάσαντο
1467 2964 1591 3023 τοὺς
1622 2962 1891 3030 ἀνηλεεῖς,
1910 2977 2079 3029 προσ-

488 3046 692 3117 έθηκαν
727 3048 838 3109 τοῖς
880 3044 1157 3106 τοσούτοις
1203 3046 1394 3106 κακοῖς
1443 3044 1636 3113 ἑτέραν
1688 3043 2078 3113 χαλεπωτέραν

486 3130 819 3201 τραγῳδίαν,
858 3128 947 3181 ῖνα
976 3128 1177 3181 λύσωσι
1218 3127 1310 3179 τὸν
1352 3126 1527 3198 λιμὸν,
1564 3126 1894 3198 κουφότερον
1940 3124 2111 3182 εἶναι

489 3214 804 3282 νομίζοντες
839 3210 1249 3282 ἀπεστερῆσθαι
1296 3209 1391 3263 τοῦ
1443 3210 1623 3263 κοινοῦ
1666 3209 1858 3262 τούτου
1901 3209 2078 3277 φωτος

490 3300 587 3351 καὶ
615 3296 714 3365 τῆς
747 3297 881 3347 πᾶσι
929 3296 1219 3366 δεδομένης
1265 3295 1504 3356 ἀκτῖνος,
1562 3294 1593 3365 ἢ
1642 3293 1786 3365 λιμῴ
1827 3292 2081 3346 παλαίειν

491 3380 732 3451 διηνεκεῖ
753 3379 847 3431 καὶ
876 3378 967 3430 τὸν
984 3379 1255 3431 οἴκτιστον
1278 3376 1573 3446 ὑπομένειν
1592 3376 1841 3431 θάνατον.
1860 3374 2082 3446 Ἐπειδὴ

492 3464 603 3535 γὰρ
633 3462 693 3515 οὐ
730 3461 922 3513 πενίαν
950 3461 1182 3530 ἐμάθετε
1214 3460 1405 3522 ἐλεεῖν,
1436 3458 1573 3511 ἀλλὰ
1606 3460 1902 3527 τέρπεσθαι
1937 3476 2073 3529 συμ·

496 3549 711 3617 φοραῖς,
732 3542 1203 3614 πληροῦσιν·ὐμῶν
1218 3544 1319 3612 τὴν
1336 3542 1631 3612 ἀκόρεστον
1652 3542 1969 3611 ἐπιθυμίαν,
1988 3542 2083 3596 καὶ

496 3632 709 3692 ἑαυτοῖς
730 3630 823 3681 καὶ
846 3629 975 3697 ὑμῖν
1000 3637 1019 3658 ⁸
1037 3625 1432 3697 χαλεπωτέραν
1453 3624 1552 3694 τῆς
1575 3625 1799 3696 γεέννης
1822 3626 2086 3678 ἀνάπτον-

495 3731 586 3777 τες
611 3715 709 3783 τὴν
736 3712 929 3780 φλόγα.
963 3711 1071 3764 Καὶ
1105 3712 1192 3764 ἵνα
1233 3710 1443 3779 μάθητε
1478 3710 1558 3762 61:
1593 3710 1680 3761 διά
1722 3710 1878 3763 τοῦτο
1910 3710 2084 3763 ταῦτα

496 3798 706 3865 γίνεται
730 3796 825 3847 καὶ
852 3794 919 3847 τά
940 3793 1186 3858 τοιαῦτα,
1216 3795 1518 3864 τεκμήριον
1562 3793 1691 3862 ὑμῖν
1721 3793 2083 3863 ὡμολογημέ-

498 3898 587 3934 νον
616 3879 746 3950 ἐρῶ,
779 3878 915 3948 πρὸς
942 3878 970 3931 6
1000 3878 1185 3948 μηδεὶς
1208 3878 1443 3947 ἀντερεῖ.
1476 3876 1632 3929 Εἰσὶν
1653 3874 1831 3945 ἐτεροι
1854 3877 2084 3945 πένητες

497 3962 689 4030 κοῦφοι
716 3962 809 4014 καὶ
846 3962 1111 4030 μετέωροι
1141 3960 1238 4021 τὰς
1259 3958 1457 4028 ψυχὰς,
1483 3958 1577 4010 καὶ
1602 3958 1703 4010 οὐκ
1742 3957 1943 4020 εἰδότες
1983 3958 2083 4026 φέ-

500 4065 617 4119 ρειν
642 4047 819 4116 λιμὸν.
846 4044 982 4098 ἀλλά
1003 4044 1178 4096 πάντα
1208 4043 1424 4113 μᾶλλον.
1452 4042 1482 4111 ἦ
1513 4040 1670 4096 τοῦτο
1696 4041 2082 4112 ὑπομένοντες.

498 4126 658 4186 Οὗτοι
690 4129 949 4191 πολλάκις
974 4128 1100 4197 ὑμῖν
1129 4127 1377 4188 ἐλεεινοῖς
1406 4128 1497 4179 καὶ
1522 4127 1765 4197 σχήμασι
1790 4126 1882 4179 καὶ
1907 4128 2085 4196 ῥήμα-

502 4231 584 4268 σιν
623 4213 957 4284 ἐντυχόντες,
1004 4212 1188 4280 ἐπειδὴ
1218 4212 1371 4265 οὐδὲν
1418 4209 1634 4279 ὤνησαν
1666 4210 1765 4272 τὰς
1804 4211 2085 4282 ἱκετηρίας

500 4296 730 4365 ἀφέντες
784 4294 1015 4357 ἐκείνας,
1067 4295 1192 4357 τοὺς
1240 4294 1681 4362 θαυματοποιοὺς
1726 4293 1858 4356 ὑμῖν
1898 4293 2083 4346 λοιπὸν

500 4380 848 4452 παρήλασαν,
873 4380 922 4432 οί
963 4378 1061 4446 μὲν
1096 4378 1343 4449 δέρματα
1372 4376 1736 4444 ὑποδημάτων
1767 4376 2084 4447 μασώμενοι

502 4482 629 4518 πεπι
668 4454 913 4534 οηκότων,
933 4462 983 4514 οἱ
1005 4461 1060 4513 δέ
1079 4462 1219 4514 κατά
1234 4461 1333 4529 τῆς
1362 4460 1603 4529 κεφαλῆς
1627 4459 1789 4529 ἥλους
1809 4459 1951 4525 ὀξεῖς
1971 4461 2085 4514 δια·-

502 4550 804 4619 πείροντες,
834 4548 1011 4617 ἐτεροι
1046 4546 1354 4615 πεπηγόσιν
1387 4543 1572 4596 ὕδασιν
1606 4542 1713 4596 ὑπὸ
1738 4544 1831 4596 τοῦ
1870 4546 2082 4616 κρυμοῦ

502 4634 682 4701 γυμνῇ
729 4634 795 4701 τῇ
832 4633 1034 4699 γαστρί
1082 4627 1567 4698 προσομιλοῦντες,
1624 4626 1773 4680 ἄλλοι
1818 4628 1873 4679 δέ
1920 4630 2084 4700 ἐτερα

501 4713 825 4784 ἀτοπώτερα
853 4712 1057 4765 τούτων
1092 4711 1473 4780 ὑπομένοντες,
1517 4712 1603 4764 ἵνα
1634 4711 1695 4763 τὸ
1724 4712 1958 4784 πονηρὸν
1987 4729 2087 4765 πε-

505 4798 804 4869 ριστήσωσι
835 4794 1079 4862 θέατρον.

577 4887 648 4945 ς’,
686 4879 757 4931 Σὺ
786 4878 866 4939 δὲ,
899 4875 1107 4928 τούτων
1137 4876 1458 4945 γινομένων,
1489 4877 1723 4947 ἕστηκας
1768 4878 1941 4945 γελῶν
1991 4879 2085 4932 καὶ

510 4962 824 5034 θαυμάζων,
856 4959 950 5013 καὶ
974 4959 1349 5029 ἐμπομπεύων
1372 4962 1483 5021 τοῖς
1529 4960 1727 5028 ἐτέρων
1755 4966 1963 5025 κακοῖς,
1986 4965 2085 5032 τῆς

506 5050 690 5113 κοινῆς
717 5042 873 5118 [188]
906 5040 1123 5112 φύσεως
1155 5042 1588 5112 ἀσχημονούσης.
1614 5044 1722 5097 Καὶ
1762 5044 1989 5097 τίπλέον
2021 5045 2087 5098 ἂν

505 5128 797 5198 ἐργάσαιτο
816 5126 1021 5179 τούτων
1052 5124 1261 5194 δαίμων
1286 5126 1477 5195 ἄγριος
1498 5142 1511 5189 ;
1538 5120 1669 5177 Εἶτα
1703 5127 1787 5178 ἴνα
1812 5126 1982 5195 προθυ
1991 5127 2086 5197 μό-

506 5226 663 5281 τερον
702 5211 899 5281 ποιήσῃ
930 5210 1103 5263 ταῦτα
1125 5252 1139 5275 ,
1184 5207 1569 5277 δαψιλέστερον
1612 5208 1768 5271 δίδως
1800 5210 2082 5279 ἀργύριον.

506 5292 619 5348 Καὶ
638 5291 715 5362 τῷ
743 5293 838 5360 μὲν
862 5295 1138 5364 εὐχομένῳ
1167 5294 1370 5347 καὶτὸν
1390 5293 1523 5344 Θεὸν
1549 5290 1824 5353 καλοῦντι,
1848 5297 1939 5346 καὶ
1967 5295 2085 5363 μετ’

507 5376 810 5438 ἐπιεικείας
852 5378 1129 5443 προσιόντι
1164 5378 1306 5442 οὐδὲ,
1341 5374 1732 5447 ἀποκρίνεσθαι
1766 5376 1933 5441 ἀξιοῖς
1966 5378 2087 5431 οὐδέ

509 5458 798 5528 ἐμϐλέψαι,
843 5458 977 5511 ἀλλά
1021 5462 1115 5513 καὶ⁹
1159 5461 1227 5513 τά
1270 5460 1504 5532 φορτικά
1545 5461 1727 5513 ἐκεῖνα
1759 5460 1894 5529 πρὸς
1924 5460 2085 5512 αὑτὸν

511 5543 723 5616 φθέγγῃ
754 5543 994 5613 ῥήματα,
1026 5544 1153 5595 ὅταν
1179 5546 1416 5615 συνεχῶς
1460 5544 1754 5615 ἐνοχλήσῃ·
1794 5544 1995 5597 Τοῦτον
2030 5544 2087 5597 δέ

508 5624 591 5677 δεῖ
612 5624 742 5696 (fw;
772 5627 1029 5679 ἀναπνεῖν
1052 5626 1106 5679 δὲ
1136 5627 1295 5693 ὅλως,
1332 5628 1365 5697 ἢ
1396 5629 1488 5681 τὸν
1512 5630 1662 5698 ἥλιον
1696 5627 1887 5681 τοῦτον
1915 5629 2085 5699 ὁρᾴν;

512 5708 646 5776 πρὸς
784 5710 1025 5773 ἐκείνους
1074 5711 1167 5763 καὶ
1216 5711 1436 5779 φαιδρὸς
1493 5712 1587 5765 καὶ
1637 5712 1936 5783 φιλότιμος,
1991 5711 2087 5765 ἀτε

511 5792 852 5861 ἀγωνοθέτης
884 5812 967 5859 τις
995 5792 1070 5848 ὢν
1108 5797 1207 5865 τῆς
1231 5795 1635 5862 καταγελάστου
1670 5797 1763 5851 καὶ
1794 5795 2089 5867 σατανικῆς

568 5886 589 5908 ⁸
612 5886 757 5950 Βοεο,
782 5896 859 5937 καὶ
879 5900 1007 5951 ὴμιν.

1208 351 1269 407 S.
1310 347 1601 409 JOANNIS
1639 342 2137 407 CHRYSOSTO!"
2176 345 2500 409 ARCIIIEP.
2538 347 3098 412 CONSTAN'HNOP.

3638 346 3738 404 ΗΘ

2166 464 2557 542 ἀσχημοσύνης
2581 468 2816 539 ἐκείνης.
2840 467 2931 521 Διὸ
2951 468 3047 520 καὶ
3071 464 3440 533 εὐλογώτερον
3463 461 3595 532 πρὸς
3617 465 3744 526 τοὺς

2166 548 2412 617 τιθέντας
2439 554 2568 619 τοὺς
2615 554 2835 623 ἀγῶνας
2872 551 3116 615 τούτους,
3154 550 3247 603 καὶ
3277 547 3352 619 μὴ
3392 545 3747 617 προϊεμένους

2168 634 2336 703 μηδὲν
2359 635 2467 700 ῑως
2490 636 2557 691 ἀν
2590 637 2750 690 ῐδωσι·
2765 634 3162 705 κολαζομένους
3190 632 3437 703 ἐτέρους,
3467 629 3640 683 ταῦτα
3680 631 3748 682 ἂν

2166 715 2381 789 λεχθείη
2424 719 2493 773 τά
2549 721 2794 791 ῥήματαο
2829 720 2939 789 Ζῇν
2974 718 3033 771 δέ
3086 715 3312 781 τούτους
3337 755 3350 777 ,
3390 716 3648 768 ἀναπνεῖν
3692 713 3749 765 δέ

2166 800 2337 865 ὄλως;
2365 802 2458 855 τὸν
2482 802 2541 856 δὲ
2572 803 2725 874 ἥλιον
2756 801 2945 855 τοῦτον
2973 802 3106 871 ὀρᾷν
3139 801 3267 861 τοὺς
3313 799 3392 862 είς
3436 797 3535 868 τὴν
3564 797 3751 866 κοινήν

2168 883 2625 955 παρανομοῦντας
2654 884 2839 954 φύσιν,
2869 884 2997 946 τοὺς
3019 886 3100 946 είς
3126 882 3216 935 τὸν
3234 881 3367 933 Θεὸν
3394 879 3749 951 ὑϐρίζονταςς

2169 968 2284 1020 Καὶ
2310 968 2404 1021 τοῦ
2447 968 2547 1039 μὲν
2580 968 2718 1021 Θεοῦ
2757 967 3047 1035 λέγοντος,
3075 965 3175 1029 Δὸς
3217 962 3609 1033 ἐλεημοσύνην,
3657 962 3755 1013 καὶ

2167 1048 2363 1134 δίδωμί
2412 1067 2495 1103 σοι
2538 1050 2817 1134 βασιλείαν
2862 1048 3109 1134 οὐρανῶν
3134 1087 3148 1109 ,
3190 1047 3297 1134 οὐκ
3340 1047 3624 1134 ἡκουσαςο-
3646 1043 3754 1134 τοῦ

2169 1131 2419 1185 διασόλου
2447 1134 2503 1187 δέ
2535 1133 2777 1202 κεφαλὴν
2806 1128 3203 1203 καθηλωμένην
3238 1129 3576 1193 δεικνύντος,
3611 1128 3755 1191 ἐξαί-

2171 1231 2308 1284 φνης
2339 1215 2619 1286 φιλότιμος
2648 1216 2879 1284 γέγονας
2905 1232 2919 1245 ⁸
2970 1216 3064 1267 καὶ
3113 1212 3314 1285 μᾶλλον
3359 1210 3679 1280 ἐπέκαμψεν
3718 1212 3753 1277 ἡ

2166 1296 2261 1350 τοῦ
2292 1298 2531 1368 πονηροῦ
2555 1298 2811 1368 δαίμονος
2850 1301 3070 1369 μηχανή
3101 1296 3369 1366 τοσαύτην
3402 1296 3602 1365 ἔχουσα
3630 1294 3758 1363 βλά-

2171 1379 2358 1451 6ην,ἢ
2405 1383 2438 1451 ή
2477 1382 2572 1435 τοῦ
2606 1381 2745 1435 Θεοῦ
2798 1382 3094 1451 ὑπόσχεσις
3141 1381 3306 1452 μυρία
3354 1379 3655 1444 κομίζουσα
3687 1378 3771 1429 1&-

2171 1464 2375 1533 ἀγαθά·
2405 1466 2546 1530 δέον,
2596 1466 2645 1519 εί
2676 1468 2771 1519 καὶ
2800 1466 3021 1535 χρυσίον
3050 1464 3377 1518 καταϐαλεῖν
3411 1463 3579 1533 ἐχρῆν
3616 1462 3758 1531 ὑπὲρ

2169 1549 2266 1603 τοῦ
2296 1549 2472 1604 ταῦτα
2510 1548 2587 1619 μὴ
2618 1549 2888 1618 γίνεσθαι,
2936 1548 3072 1618 μηδὲ
3098 1548 3363 1619 γινόμενα
3391 1548 3544 1618 ὀρᾷν,
3578 1546 3758 1599 πάντα

2173 1635 2347 1686 ποιεῖν
2377 1634 2472 1686 καὶ
2504 1632 2825 1702 ὑπομένειν,
2855 1631 2996 1685 ὥστε
3030 1632 3237 1685 ἀνελεῖν
3269 1632 3371 1702 τὴν
3397 1630 3597 1701 πολλὴν
3626 1629 3759 1682 ταύ-

2171 1736 2273 1787 την
2304 1718 2541 1788 μανίαν·
2591 1718 2751 1788 ὑμεῖς
2782 1718 2841 1771 δὲ
2891 1718 3033 1786 ὑπὲρ
3089 1716 3181 1769 τοῦ
3228 1718 3323 1769 καί⁸
3369 1716 3616 1785 γίνεσθαι
3663 1715 3761 1766 καὶ⁹

2174 1802 2436 1870 γινόμενα
2476 1802 2611 1872 ὀρᾷν
2634 1842 2649 1865 ,
2682 1801 2860 1855 πάντα
2888 1803 3094 1853 ποιεῖτε
3141 1801 3235 1852 καὶ
3280 1797 3759 1869 πραγματεύεσθε.

2178 1886 2301 1937 Ἐτι
2334 1881 2429 1937 οὖν
2476 1885 2709 1955 ἐρωτᾷς,
2766 1882 2889 1936 είπέ
2933 1900 3043 1953 μοι,
3095 1883 3184 1935 διά
3227 1882 3279 1935 τί
3322 1882 3549 1949 γέεννα;
3600 1880 3765 1931 Ἀλλά

2179 1967 2379 2037 μηκέτι
2426 1968 2585 2021 τοῦτο
2638 1966 2839 2038 ἐρώτα,
2872 1967 3010 2021 ἀλλά
3047 1966 3166 2030 πῶς
3216 1966 3315 2036 μία
3364 1965 3561 2034 γέεννα
3602 1964 3762 2033 μόνη.

2178 2050 2366 2103 Πόσων
2420 2050 2527 2122 7&9
2560 2050 2663 2103 οὐκ
2717 2049 2859 2114 ἄξιοι
2911 2050 3189 2103 κολάσεων
3220 2043 3364 2102 οὗτοι
3418 2048 3468 2099 οἱ
3512 2046 3572 2099 10
3612 2044 3767 2115 ὠμὸν

2176 2131 2334 2185 τοῦτο
2355 2134 2449 2185 καὶ
2477 2133 2686 2202 ἀπηνὲς
2718 2132 3147 2203 συγκροτοῦντες
3170 2131 3417 2202 θέατρον,
3441 2128 3535 2181 καὶ
3557 2126 3763 2196 γελῶν-

2175 2231 2269 2279 τες
2295 2216 2381 2285 ἐφ’
2405 2210 2483 2279 οἷς
2512 2214 2771 2285 δακρύειν
2798 2215 2907 2268 ἔδει
2933 2214 3221 2277 κάκείνους
3248 2214 3341 2265 καὶ
3368 2214 3511 2281 ὑμᾶς
3532 2209 3765 2274 αὐτούςς

2179 2298 2381 2367 μᾶλλον
2412 2298 2471 2351 δέ
2502 2299 2647 2369 ὑμᾶς
2667 2301 2793 2363 τοὺς
2818 2299 2889 2352 τά
2910 2297 3137 2351 τοιαῦτα
3161 2296 3571 2363 ἀναγκάζοντας
3601 2296 3771 2361 ἀσχη-

2180 2384 2362 2450 μονεῖν
2388 2399 2404 2448 ;
2435 2381 2573 2433 Ἀλλ’
2594 2382 2694 2433 οὐκ
2718 2381 3036 2448 ἀναγκάζω,
3069 2379 3226 2448 φησί.
3254 2378 3377 2441 Πῶς
3406 2378 3504 2429 ούκ
3525 2377 3771 2442 ἀναγκά-

2179 2464 2313 2528 ζεις,
2345 2465 2467 2517 είπέ
2497 2481 2610 2534 μοι,
2640 2466 2751 2525 τοῖς
2778 2464 2878 2533 μὲν
2898 2462 3331 2531 ἐπιεικεστέροις
3355 2461 3446 2512 καὶ
3473 2458 3768 2529 δακρύουσι

2180 2548 2275 2601 καὶ
2329 2546 2423 2598 τὸν
2458 2544 2590 2598 Θεὸν
2629 2544 3045 2617 παρακαλοῦσιν
3086 2546 3208 2597 οὐδὲ
3249 2543 3537 2614 προσέχειν
3572 2540 3768 2609 ἀνεχό-

2183 2644 2367 2698 μενοςε
2396 2630 2610 2691 τούτοις
2659 2630 2715 2681 δέ
2770 2629 2864 2681 καὶ
2905 2627 3168 2699 ἀργύριον
3215 2628 3469 2697 παρέχων
3512 2623 3769 2692 δαψιλὲς,

2180 2718 2271 2769 καὶ
2305 2715 2532 2779 πολλοὺς
2563 2714 2860 2785 περιιστῶν
2886 2717 3012 2777 τοὺς
3045 2714 3457 2783 θαυμάζονταςς
3491 2709 3767 2761 K010110-

2180 2802 2413 2871 στῶμεν,
2452 2802 2639 2870 φησὶν,
2673 2798 2949 2861 ἐλεοῦντες
2986 2798 3206 2860 αὐτούς.
3240 2797 3351 2848 Καὶ
3390 2795 3452 2846 σὺ
3491 2791 3648 2844 τοῦτο
3677 2807 3769 2842 κε·

2178 2882 2384 2947 λεύειςς
2420 2885 2533 2937 Οὐκ
2556 2884 2671 2936 ἐστι
2698 2883 2857 2934 τοῦτο
2887 2881 3075 2943 ἐλεεῖν,
3106 2879 3380 2948 ἄνθρωπε,
3407 2876 3467 2928 10
3497 2873 3769 2944 τοσαύτην

2181 2968 2433 3021 ἀπαιτεῖν
2459 2966 2615 3034 δίκην
2647 2965 2787 3035 ὑπὲρ
2815 2963 3011 3030 ὀλίγων
3030 2962 3252 3024 ὀϐολῶν,
3277 2960 3339 3013 τὸ
3364 2958 3603 3011 κελεύειν
3624 2957 3769 3026 ὑπὲρ

2180 3050 2485 3117 ἀναγκαίας
2541 3045 2985 3102 κατακόπτεσθαι
3035 3047 3261 3115 τροφῆς,
3317 3041 3412 3097 καὶ
3464 3043 3543 3105 είς
3595 3039 3768 3093 πολλὰ

2179 3133 2487 3203 διατέμνειν
2514 3131 2614 3202 τῆς
2646 3130 2891 3200 κεφαλῆς
2916 3129 3017 3199 τῆν
3048 3128 3210 3199 δορὰν
3239 3126 3382 3180 οὕτω
3424 3122 3639 3195 πικρῶς
3675 3126 3770 3176 καὶ

2180 3216 2452 3279 ἐλεεινῶς.
2508 3216 2786 3287 Εὐφήμει,
2824 3214 3009 3285 φησιν’
3048 3214 3107 3266 οὐ
3163 3211 3272 3281 γὰρ
3304 3210 3467 3280 ἡμεῖς
3516 3209 3682 3275 ἐσμεν
3716 3205 3768 3258 οἱ

2182 3300 2279 3363 τὰς
2308 3298 2550 3368 κεφαλάς
2580 3296 2945 3369 καθηλοῦντες
2986 3296 3222 3360 ἐκείνας.
3266 3294 3391 3351 Εῖθε
3424 3291 3510 3346 σύο
3547 3291 3640 3343 καὶ
3666 3290 3766 3342 οὐκ

2182 3380 2250 3454 ἦν
2281 3384 2425 3437 οῦτω
2452 3383 2624 3436 δεινὸν
2656 3382 2718 3434 τὸ
2759 3382 2951 3435 δεινόν.
2996 3381 3055 3433 '0
3087 3381 3197 3449 7&9
3234 3379 3482 3447 σφάττων
3511 3374 3632 3427 τινὰ
3671 3371 3767 3424 τοῦ

2183 3467 2497 3528 κελεύοντος
2518 3464 2709 3518 ἐαυτὸν
2728 3464 2984 3533 σφάττειν
3001 3462 3182 3531 πολλῷ
3198 3458 3574 3530 χαλεπώτερον
3600 3456 3766 3509 ποιεῖ·

2182 3550 2211 3603 6
2240 3550 2305 3621 δὴ
2336 3549 2433 3603 καὶ
2457 3548 2551 3601 ἐπὶ
2579 3548 2786 3601 τούτων
2824 3546 3133 3617 συμϐαίνει.
3169 3546 3277 3600 Καὶ
3304 3542 3413 3614 7&9
3438 3540 3767 3612 δριμυτέρας

2187 3632 2517 3702 ὑπομένουσι
2545 3630 2645 3695 τάς
2664 3631 2876 3696 ὀδύνας,
2905 3631 3035 3683 ὅταν
3064 3629 3158 3682 καὶ
3185 3628 3480 3700 αὐτουργοὶ
3504 3624 3763 3679 κελεύωνο

2184 3734 2273 3769 ται
2304 3716 2549 3784 γίνεσθαι
2579 3715 2689 3769 τῶν
2719 3714 2975 3785 πονηρῶν
3003 3713 3210 3767 τούτων
3234 3710 3645 3780 ἐπιταγμάτων,
3670 3708 3764 3761 καὶ

2184 3799 2355 3854 ταῦτα
2412 3803 2469 3853 ἐν
2534 3799 2868 3869 ’Δντιοχείᾳ,
2919 3799 2980 3850 ἐν
3115 3796 3336 3868 πρῶτον
3389 3792 3766 3863 ἐχρημάτισαν

2184 3886 2533 3956 Χριστιανοὶ,
2580 3877 2706 3954 ἐνῇ
2762 3882 3021 3935 ἀπάντων
3077 3878 3378 3950 ἀνθρώπων
3426 3874 3766 3947 ἡμερώτεροι

2185 3972 2493 4038 γεγόνασιν,
2527 3970 2585 4020 ἐν
2692 3966 2857 4028 πολὺς
2884 3965 2987 4034 τῆς
3021 3962 3391 4035 ἐλεημοσύνης
3436 3961 3496 4020 τὸ
3539 3958 3766 4013 παλαιὸν

2184 4054 2358 4122 ἐκόμα
2401 4050 2630 4122 καρπός.
2668 4049 2802 4102 Οὑδέ
2850 4048 2959 4119 7&9
3009 4051 3122 4111 τοῖς
3154 4045 3386 4117 παροῦσι
3409 4044 3598 4122 μόνον,
3629 4041 3765 4098 ἀλλὰ

2186 4118 2416 4195 καῖ’τοῖς
2447 4118 2729 4203 πόρρωθεν
2759 4118 3006 4198 ἔπεμπον
3038 4129 3102 4181 ἐκ
3156 4125 3349 4179 πολλοῦ
3400 4118 3499 4177 τοῦ
3542 4124 3759 4195 διαστήο

2189 4232 2377 4283 ματος,
2415 4214 2509 4267 καὶ
2564 4211 2734 4266 ταῦτα
2786 4211 2947 4283 λιμοῦ
2993 4210 3144 4284 [189]
3190 4207 3657 4281 προσδοκωμένου.
3697 4207 3763 4261 Τί

2184 4294 2277 4351 οῦν
2329 4298 2409 4352 δεῖ
2463 4299 2677 4361 ποιεῖν;
2719 4298 2885 4365 φησί·
2936 4296 3048 4366 Τῆς
3090 4295 3186 4365 μὲν
3216 4290 3505 4364 θηριωδίας
3556 4290 3763 4355 ταύτης

2186 4382 2531 4451 καθυφεῖναι,
2567 4382 2753 4432 πεῖσαι
2781 4379 2837 4431 δέ
2882 4380 3009 4441 τοὺς
3042 4376 3330 4447 δεομένους
3360 4373 3623 4441 ἅπαντας,
3677 4375 3762 4428 ὅτι

2183 4466 2357 4519 ταῦτα
2409 4466 2506 4536 μὲν
2554 4464 2835 4525 ποιοῦντες
2878 4462 3030 4515 οὐδὲν
3072 4462 3368 4533 λήψονται,
3417 4460 3674 4522 ἐπιεικῶς
3705 4459 3763 4513 δέ

2184 4551 2517 4620 προσιόντες,
2541 4548 2744 4618 πολλῆς
2771 4545 3167 4601 ἀπολαύσονται
3187 4547 3289 4616 τῆς
3315 4544 3642 4615 φιλοτιμίας.
3663 4546 3763 4596 Ἂν

2184 4634 2241 4687 δέ
2281 4632 2450 4686 ταῦτα
2482 4631 2715 4704 μάθωσι,
2756 4631 2860 4684 κᾶν
2888 4631 3103 4683 πάντων
3133 4622 3265 4681 ὦσιν
3292 4626 3629 4698 ἀθλιώτεροι,
3663 4627 3762 4696 οὐχ

2184 4716 2499 4786 αἱρήσονται
2544 4714 2799 4768 οὐδέποτε
2850 4712 3073 4765 τοιαῦτα
3124 4710 3485 4775 κολάζεσθαι,
3529 4708 3640 4777 ἐγὼ
3669 4712 3763 4777 ἐγ-

2184 4800 2425 4870 γυῶμαιο
2459 4800 2594 4853 άλλά
2624 4803 2717 4853 καὶ
2746 4800 2909 4870 χάριν
2946 4798 3075 4867 ὑμῖν
3118 4798 3378 4861 εῖσονται,
3417 4795 3501 4847 61:
3533 4794 3627 4846 καὶ
3663 4792 3761 4847 τοῦ

2185 4884 2420 4953 γέλωτος
2454 4886 2546 4937 καὶ
2574 4885 2673 4953 τῆς
2700 4884 2893 4952 ὀδύνης
2924 4880 3120 4942 αὐτοὺς
3149 4878 3491 4948 ἀπηλλάξατε
3525 4877 3762 4948 ἐκείνης.

2256 4968 2369 5021 Νῦν
2403 4969 2458 5020 δὲ
2497 4969 2636 5038 ὑπὲρ
2663 4968 2761 5038 μὲν
2799 4967 3032 5036 ἡνιόχων
3062 4963 3156 5016 καὶ
3188 4963 3380 5025 παῖδας
3411 4961 3476 5015 ἂν
3519 4962 3761 5033 ἐκδοίητε

2183 5054 2309 5117 τοὺς
2345 5052 2667 5123 ὑμετέρους,
2712 5053 2805 5103 καὶ
2853 5051 2991 5119 ὑπὲρ
3040 5048 3321 5118 ὀρχηστῶν
3363 5047 3455 5099 καὶ
3486 5046 3657 5111 αὐτάς
3694 5048 3763 5101 ἀν

2185 5135 2439 5206 πρόοισθε
2464 5137 2558 5197 τὰς
2582 5136 2759 5205 ψυχάς
2783 5150 2794 5161 ·
2832 5132 2973 5202 ὑπὲρ
2994 5131 3048 5183 δέ
3070 5131 3160 5182 τοῦ
3182 5130 3418 5201 Χριστοῦ
3446 5131 3759 5194 πεινῶντος,

2184 5219 2385 5271 οὐδὲτὸ
2421 5218 2709 5271 πολλοστὸν
2742 5216 2841 5283 τῆς
2885 5214 3073 5274 οὐσίας
3108 5214 3363 5283 προΐεσθε
3398 5215 3582 5285 μέρος·
3623 5213 3762 5267 ἀλλὰ

2183 5300 2249 5354 ἂν
2281 5303 2459 5370 ὀλίγον
2488 5302 2624 5355 δῶτε
2671 5299 2955 5370 ἀργύριον,
3002 5297 3076 5361 ὼς
3122 5298 3183 5349 τὸ
3238 5299 3343 5351 πᾶν
3390 5298 3760 5356 ἐκτετικότες,

2183 5384 2323 5437 οὕτω
2350 5385 2647 5447 διάκεισθε,
2689 5384 2789 5436 οὐκ
2829 5380 3029 5444 εἰδότες
3062 5382 3143 5433 ὃτι
3186 5382 3246 5434 οὐ
3281 5381 3342 5435 10
3374 5380 3577 5441 δοῦναι,
3621 5377 3760 5429 ἀλλά

2183 5468 2245 5520 τὸ
2309 5484 2445 5536 μετα
2495 5466 2775 5536 δαψιλείας
2830 5462 3047 5528 δοῦναι,
3103 5464 3260 5517 τοῦτο
3323 5464 3555 5535 μάλιπά
3611 5462 3759 5513 ἐστιν

2185 5552 2543 5623 ἐλεημοσύνη.
2592 5551 2690 5603 Διά
2718 5548 2876 5600 τοῦτο
2913 5548 3006 5601 καὶ
3052 5551 3080 5603 ὁ
3122 5550 3408 5619 προφήτης
3437 5546 3496 5597 οὑ
3527 5544 3652 5605 τοὺς
3681 5543 3757 5597 διο

2182 5634 2369 5697 δόῖθτας
2395 5634 2581 5697 ἁπλῶς
2612 5631 2972 5702 ἀνακηρύττει
3002 5634 3094 5686 καὶ
3128 5629 3438 5702 μακαρίζει,
3472 5627 3606 5679 ἀλλά
3632 5628 3757 5690 τοὺς

2186 5718 2433 5786 ἀφθόνως
2463 5718 2821 5787 παρέχοντας.
2849 5717 2922 5767 Οὐ
2954 5717 3063 5786 γὰρ
3088 5714 3271 5775 ἁπλῶς
3304 5707 3757 5774 εἷπεν,¹Ἐδωκεν,

2188 5802 2325 5855 ἀλλά
2366 5802 2517 5866 πῶς;
2559 5799 2968 5866 Ἐσκόρπισεν,
3018 5798 3200 5851 ἔδωκε
3250 5792 3376 5858 τοῖς
3422 5790 3667 5855 πένησι.
3693 5792 3757 5845 Τί

2191 5886 2298 5951 γὰρ
2322 5882 2531 5951 ὄφελος,
2567 5882 2696 5937 ὅταν
2722 5881 2964 5935 πλουτῶν
3006 5879 3258 5935 τοσοῦτον
3290 5877 3412 5951 δῷς,
3440 5876 3561 5930 ὅσον
3586 5876 3649 5931 ἀν
3674 5890 3757 5938 τις
