4022 6214
287 378 396 430 1ῖῖ

286 496 511 548 nitatem
558 497 617 544 et
657 482 915 541 savitiam
972 492 1113 537 tuam
1143 520 1157 543 ,
1218 494 1336 548 qua:
1382 472 1685 546 huiusmodi
1732 485 1867 540 opus

283 584 457 640 habet
500 579 682 643 larvis,
731 591 850 648 qua:
895 588 1004 629 non
1047 572 1281 628 ﬂectitur
1320 569 1386 624 ad
1427 562 1871 622 misericordiam.

286 662 422 745 Quis
444 674 588 731 enim
616 671 752 727 adeo
776 670 942 725 miser
969 677 1053 725 est
1080 676 1136 722 et
1160 664 1360 728 infelix,
1385 670 1443 716 ut
1466 661 1612 716 nulla
1644 660 1876 715 instante

288 767 615 826 necessitate
638 779 738 836 pro
764 778 873 820 uno
902 776 1039 833 pane
1064 768 1170 814 tam
1198 756 1450 813 indecore
1475 768 1534 810 se
1559 760 1729 824 gerat,
1756 749 1877 821 pul-

285 868 461 925 setur,
498 867 553 914 et
578 868 755 912 tantas
779 854 1039 910 sustineat
1074 848 1300 919 pcenas?
1327 847 1475 901 illius
1505 846 1680 914 itaque
1704 843 1873 897 simu-

285 954 422 1010 latio
463 953 653 1008 circuit
696 945 1137 1006 inhumanitatem
1178 952 1323 998 tuam
1370 939 1687 1011 praedicans.
1739 935 1875 1003 Quia

284 1045 436 1099 enim
461 1043 800 1114 supplicans,
830 1038 1120 1094 obsecrans
1138 1076 1155 1102 ,
1184 1043 1239 1090 et
1263 1031 1587 1088 miserabilia
1621 1028 1875 1085 emittens

284 1137 477 1202 verba,
506 1136 825 1197 lamentans,
859 1129 1162 1201 lacrymans
1190 1137 1247 1181 et
1273 1140 1367 1196 per
1392 1132 1555 1179 totam
1590 1121 1733 1175 diem
1767 1120 1873 1175 cir-

285 1230 552 1293 cumiens,
582 1241 652 1282 ne
672 1223 1039 1281 necessarium
1064 1221 1280 1292 quidem
1308 1218 1509 1272 invenit
1536 1214 1869 1281 alimentum,

286 1322 431 1376 hanc
464 1319 691 1373 fortasse
722 1316 971 1372 technam
999 1310 1351 1382 excogitavit,
1380 1323 1501 1378 quae
1531 1321 1636 1361 non
1666 1314 1871 1360 tantum

283 1414 387 1479 illi,
429 1420 686 1483 quantum
727 1409 822 1464 tibi
860 1407 1015 1463 aﬂ'ert
1058 1403 1291 1460 dedecus
1326 1410 1382 1456 et
1417 1399 1691 1470 probrum.
1729 1398 1873 1453 Illius

284 1506 432 1561 enim
461 1513 519 1559 ut
553 1504 902 1558 misereamus
941 1512 1152 1567 aequum
1180 1503 1281 1559 est,
1311 1492 1435 1564 quia
1464 1493 1517 1547 in
1550 1500 1749 1547 tantam
1782 1505 1869 1545 re-

284 1598 478 1653 dactus
507 1604 590 1651 est
634 1590 1007 1647 necessitatem
1042 1606 1055 1642 :
1086 1602 1187 1643 nos
1231 1602 1360 1641 vero
1402 1585 1551 1641 mille
1597 1582 1871 1653 suppliciis

284 1688 469 1757 digni,
500 1684 620 1755 quia
651 1694 911 1753 pauperes
939 1679 1007 1734 ad
1038 1679 1153 1734 haec
1181 1676 1419 1733 facienda
1446 1674 1707 1746 cogimus.
1734 1672 1868 1729 Nam

282 1779 335 1834 si
363 1776 519 1832 facile
541 1775 899 1839 ﬂecteremur,
928 1786 1217 1842 numquam
1243 1770 1335 1825 ille
1361 1768 1525 1824 vellet
1555 1766 1679 1822 talia
1703 1765 1869 1821 susti-

283 1883 437 1925 nere.
470 1868 537 1923 Et
580 1866 708 1938 quid
753 1867 875 1921 dico
915 1864 1208 1920 nuditatem
1251 1871 1307 1918 et
1348 1858 1671 1916 tremorem?
1713 1856 1867 1924 Quod

283 1961 431 2016 enim
460 1960 616 2031 longe
642 1956 952 2013 horribilius
980 1965 1064 2011 est
1086 1956 1261 2010 dicam
1285 1971 1300 2008 :
1323 1954 1494 2009 coacti
1515 1960 1639 2007 sunt
1652 1950 1868 2022 quidam

282 2053 427 2121 filios
468 2065 746 2107 excaecare
786 2056 942 2103 aetate
987 2048 1300 2102 immaturos
1322 2084 1339 2112 ,
1369 2053 1429 2098 ut
1456 2044 1507 2097 in
1539 2052 1700 2098 tanta
1726 2043 1868 2098 cala-

280 2145 488 2199 mitatis
533 2156 749 2196 sensum
796 2140 1125 2196 veniremus.
1174 2137 1306 2205 Quia
1349 2136 1492 2191 enim
1530 2134 1774 2190 videntes
1814 2142 1870 2189 et

280 2235 414 2291 nudi
442 2233 855 2299 circumeuntes,
886 2246 1060 2302 neque
1084 2245 1153 2285 ex
1181 2237 1337 2284 aetate
1365 2242 1539 2298 neque
1565 2241 1630 2282 ex
1651 2225 1869 2282 calami-

280 2335 395 2382 tate
421 2323 873 2380 immisericordes
898 2321 1256 2387 attrahebant,
1285 2329 1363 2375 tot
1383 2320 1542 2374 malis
1564 2318 1722 2373 aliam
1746 2333 1869 2389 gra-

280 2417 493 2471 viorem
525 2415 838 2487 tragmdiam
863 2414 1223 2481 addiderunt,
1260 2421 1319 2468 ut
1341 2412 1536 2467 famem
1576 2410 1863 2476 sedarent;

278 2500 455 2557 levius
473 2514 605 2556 esse
633 2501 1001 2556 existimantes
1029 2500 1131 2555 hac
1155 2499 1426 2555 communi
1458 2498 1574 2553 luce
1607 2504 1662 2552 et
1686 2496 1869 2552 omni-

279 2592 384 2647 bus
410 2604 670 2646 concesso
688 2590 845 2646 radio
874 2591 1091 2660 privari,
1116 2606 1277 2661 quam
1299 2604 1419 2645 cum
1445 2596 1700 2658 perpetua
1726 2586 1867 2643 fame

276 2684 466 2738 luctari
496 2689 552 2737 et
572 2690 796 2737 mortem
821 2682 1001 2737 subire
1025 2682 1402 2737 miserrimam.
1431 2679 1565 2747 Quia
1593 2680 1736 2735 enim
1759 2694 1865 2736 non

277 2775 543 2832 didicistis
570 2776 811 2830 misereri
840 2776 1190 2845 paupertatis,
1221 2774 1317 2831 sed
1344 2772 1737 2829 calamitatibus
1765 2772 1865 2828 de-

276 2868 504 2934 lectari,
538 2867 893 2924 insatiabilem
937 2875 1167 2923 vestram
1208 2866 1435 2937 implent
1476 2865 1820 2937 cupiditatem
1845 2906 1862 2933 ,

275 2969 334 3015 et
383 2962 485 3015 sibi
534 2968 590 3015 et
640 2960 791 3015 vobis
841 2960 1083 3030 gehenna
1146 2960 1447 3030 graviorem
1516 2958 1866 3015 incendentes

278 3053 573 3107 ﬂammam.
608 3051 676 3107 Et
705 3063 763 3106 ut
787 3053 1031 3119 discetis,
1058 3052 1172 3107 huic
1198 3062 1253 3108 et
1276 3053 1470 3107 similia
1502 3051 1622 3107 ideo
1648 3052 1867 3107 contin-'

275 3160 437 3216 gere,
469 3155 839 3216 argumentum
866 3145 1016 3201 vobis
1042 3145 1329 3215 proferam.
1350 3146 1493 3216 quod
1532 3145 1584 3199 in
1616 3144 1865 3201 confesso

277 3238 392 3302 sit,
431 3235 515 3291 cui
546 3251 707 3291 nemo
734 3236 1086 3293 contradicet.
1119 3236 1253 3292 Sunt
1294 3237 1385 3290 alii
1417 3250 1681 3306 pauperes
1719 3235 1865 3290 leves

276 3330 566 3400 animoque
592 3328 738 3395 elati,
767 3329 857 3399 qui
888 3329 1079 3384 famem
1108 3328 1249 3385 ferre
1274 3328 1534 3394 nesciunt,
1560 3326 1655 3382 sed
1683 3327 1863 3382 omnia

278 3420 459 3491 potius
495 3435 655 3490 quam
686 3420 787 3475 hoc
811 3420 1102 3490 patiuntur.
1131 3419 1197 3475 Hi
1226 3434 1371 3491 srepe
1411 3432 1504 3473 vos
1542 3417 1866 3473 miserabili-

284 3514 386 3568 bus
411 3521 465 3568 et
506 3512 746 3584 gestibus
790 3521 845 3567 et
873 3510 1052 3567 verbis
1078 3510 1339 3567 adeuntes
1358 3552 1372 3577 ,
1404 3525 1526 3566 cum
1554 3508 1686 3563 nihil
1727 3524 1861 3564 con-

278 3604 491 3677 sequuti
530 3612 731 3669 essent,
779 3602 961 3658 missis
1005 3602 1505 3673 supplicationibus,
1563 3600 1864 3671 praestigia-

278 3704 427 3749 tores
463 3694 684 3749 demum
730 3694 887 3764 longe
916 3705 1063 3751 retro
1105 3697 1472 3766 reliquerunt;
1515 3695 1603 3750 alii
1647 3694 1862 3766 quidem

276 3785 603 3842 mandentes
647 3786 793 3841 coria
818 3785 1137 3840 detritorum
1167 3786 1516 3851 calceorum,
1548 3785 1639 3839 alii
1678 3793 1865 3839 acutos

276 3879 467 3934 clavos
490 3878 544 3934 in
574 3886 736 3949 caput
762 3877 1064 3948 infigentes.
1114 3876 1204 3931 alii
1250 3885 1429 3931 autem
1478 3878 1529 3930 in
1561 3876 1713 3945 aquis
1740 3874 1862 3944 gelu

278 3973 552 4028 concretis
598 3971 742 4028 nudo
793 3980 984 4027 ventre
1010 3971 1397 4036 immorantes;
1440 3969 1531 4023 alii
1574 3976 1751 4023 autem
1780 3966 1863 4023 his

275 4063 597 4119 absurdiora
624 4073 680 4119 et
722 4062 1002 4119 acerbiora
1044 4049 1405 4130 sustinentes,
1452 4069 1512 4116 ut
1562 4058 1863 4132 improbum

277 4153 575 4208 exhibeant
604 4153 989 4221 spectaculum.

350 4242 407 4296 6.
446 4240 527 4296 Tu
556 4248 734 4295 autem
770 4241 897 4295 dum
925 4241 1042 4295 hac
1079 4242 1217 4297 ﬁunt
1244 4250 1357 4296 stas
1386 4244 1572 4299 ridens
1600 4252 1655 4299 et
1690 4241 1864 4296 admi-

276 4347 430 4398 rans,
462 4342 516 4388 et
542 4331 610 4387 de
646 4331 880 4388 aliorum
926 4331 1083 4387 malis
1111 4347 1211 4388 ceu
1238 4345 1487 4403 pompam
1516 4348 1703 4403 agens,
1734 4333 1863 4389 dum

278 4424 586 4480 communis
605 4431 794 4479 natura
819 4422 1083 4480 dedecore
1105 4424 1351 4481 afﬁcitur.
1390 4425 1455 4481 Et
1480 4424 1608 4496 quid
1635 4424 1866 4497 amplius

280 4517 485 4573 faceret
513 4516 760 4571 immanis
794 4514 1051 4571 daemon?
1078 4516 1284 4574 Deinde
1326 4528 1388 4575 ut
1423 4520 1722 4591 promptius
1750 4519 1867 4576 huic

281 4607 464 4675 faciat,
489 4607 775 4679 largiorem
805 4607 1082 4675 pecnniam
1125 4624 1338 4681 erogas.
1368 4611 1435 4666 Et
1452 4612 1506 4667 ei
1534 4611 1749 4681 quidem
1775 4612 1868 4682 qui

280 4712 552 4773 precatur,
581 4701 751 4758 Deum
788 4699 1019 4766 invocat,
1054 4700 1366 4774 placideque
1409 4703 1637 4770 accedit,
1686 4718 1753 4759 ne
1782 4719 1869 4761 re-

282 4795 554 4865 spondere
598 4794 816 4865 quidem
855 4792 1091 4863 dignaris
1136 4808 1312 4862 neque
1364 4796 1633 4864 respicere
1678 4794 1866 4862 illum;

283 4888 394 4941 imo
434 4887 594 4942 etiam
637 4889 863 4945 molesta
893 4889 945 4944 in
986 4887 1133 4943 illum
1168 4888 1328 4943 verba
1371 4888 1621 4955 eﬂ'undis,
1654 4887 1872 4958 quando

280 4980 594 5049 frequenter
643 4981 738 5037 tibi
792 4983 1129 5054 importunus
1175 4990 1259 5036 est
1286 5001 1300 5037 :
1332 4982 1609 5040 Hunccine
1656 4990 1873 5053 oportet

282 5070 505 5126 vivere?
535 5070 799 5129 hunccine
828 5080 1119 5146 respirare,
1146 5082 1240 5129 aut
1267 5074 1411 5129 hunc
1449 5075 1617 5131 solem
1646 5075 1872 5132 videre?

284 5178 411 5235 erga
441 5162 562 5219 illos
587 5174 765 5221 autem
794 5166 949 5224 laetus
986 5184 1047 5226 es
1075 5178 1130 5225 et
1157 5167 1414 5234 liberalis,
1444 5178 1630 5241 utpote
1666 5170 1759 5240 qui
1796 5170 1873 5227 sis

283 5272 388 5315 ceu
430 5258 755 5329 agonotheta
796 5259 1011 5330 quidam
1057 5262 1200 5318 illius
1241 5260 1483 5317 ridicula
1528 5272 1585 5318 et
1620 5263 1875 5318 satanicat

284 5348 654 5422 turpitudinis.
696 5352 1056 5421 Quamobrem
1102 5353 1485 5426 congruentius
1510 5354 1595 5420 iis,
1635 5354 1726 5425 qui
1758 5352 1877 5409 haec

287 5452 596 5515 proponunt
632 5444 948 5511 certamina,
993 5455 1049 5500 et
1077 5445 1211 5500 nihil
1241 5444 1496 5501 omittunt
1524 5445 1700 5501 donec
1738 5446 1875 5501 alios

287 5535 527 5591 viderint
564 5535 705 5591 male
728 5535 889 5603 afﬁci,
923 5534 1051 5591 talia
1080 5535 1244 5591 verba
1270 5535 1579 5592 dicerentur
1603 5556 1618 5591 :
1641 5534 1875 5594 Hosciue

286 5625 495 5696 vivere,
522 5629 745 5684 omnino
772 5628 1079 5701 respirare?
1106 5632 1248 5686 hunc
1272 5629 1440 5686 solem
1468 5631 1671 5697 videre,
1700 5633 1787 5703 qui
1821 5633 1876 5688 in

288 5732 635 5777 cornmunem
655 5719 972 5793 delinquunt
991 5731 1261 5791 naturam,
1285 5731 1340 5777 et
1363 5721 1530 5777 Deum
1551 5724 1876 5780 contumelia

290 5811 575 5870 alliciunt?
598 5813 667 5873 Et
697 5827 823 5871 cum
864 5815 1005 5873 Deus
1029 5814 1210 5875 dicat:
1256 5814 1330 5871 Da
1355 5812 1778 5887 eleemosynam,
1821 5826 1878 5875 et

1320 359 1383 415 ΙΝ
1427 354 1642 415 EPIST.
1686 352 1706 408 l
1771 351 1860 406 AD
1896 348 2054 404 COB.
2094 346 2325 403 llUMlL.
2367 347 2511 404 XXI.

3464 352 3569 411 178

1981 464 2054 523 do
2082 466 2176 523 tibi
2206 480 2429 539 regnum
2458 466 2749 527 caelorum:
2796 482 2904 524 non
2940 468 3140 543 gudisti
3172 487 3187 525 :
3213 469 3431 527 diabolo
3472 488 3566 530 aa-

1983 569 2089 617 tem
2118 561 2434 618 ostendente
2458 569 2619 633 caput
2640 560 2807 617 clavis
2831 560 3126 629 conﬂxmn,
3158 563 3339 618 statim
3367 563 3567 628 libera-

1980 651 2049 710 lis
2073 653 2294 709 eﬂectns
2316 669 2379 711 es
2405 672 2420 709 :
2452 655 2729 725 magisque
2756 664 2809 709 te
2828 654 3035 710 inﬂexit
3061 650 3281 725 maligni
3304 655 3568 712 damonis

1981 748 2249 813 machina,
2281 756 2484 802 tantum
2533 746 2771 803 inferens
2810 747 3085 811 damnum,
3114 763 3276 819 quam
3314 749 3407 803 Dei
3438 764 3567 820 pro-

1980 838 2164 893 missio
2182 839 2347 894 millia
2372 838 2605 895 afferens
2626 840 2788 896 bona.
2818 838 2951 896 Cum
2979 842 3325 910 oportuisset,
3349 842 3565 899 etiamsi

1979 944 2170 985 aurum
2195 946 2479 987 numerare
2520 940 2816 1003 oporteret,
2864 942 2922 987 ut
2951 934 3070 988 haec
3109 948 3217 988 non
3245 933 3435 990 flerent
3461 949 3561 991 nec

1979 1019 2115 1075 facta
2144 1031 2535 1092 spectarentur,
2568 1023 2699 1081 nihil
2737 1040 2843 1078 non
2870 1040 3031 1096 agere
3076 1034 3131 1081 et
3164 1026 3293 1095 pati,
3324 1034 3385 1083 ut
3412 1037 3560 1084 tanta

1980 1112 2069 1168 illa
2101 1113 2378 1170 tolleretur
2408 1115 2650 1182 insania;
2682 1130 2779 1170 vos
2805 1124 3003 1179 autem,
3037 1124 3096 1171 ut
3123 1125 3178 1173 et
3200 1116 3331 1171 fiant
3349 1129 3404 1172 et
3425 1118 3562 1175 facta

1980 1205 2280 1275 vidcantur,
2324 1208 2457 1262 nihil
2502 1223 2610 1262 non
2659 1207 2815 1277 agilis
2851 1216 2906 1262 et
2950 1209 3270 1279 operamini.
3301 1209 3563 1265 Adhucne

1979 1297 2298 1369 interrogas,
2327 1298 2414 1354 dic
2443 1297 2594 1365 mihi,
2628 1313 2725 1353 cur
2752 1299 2822 1353 sit
2848 1298 3136 1369 gehenna?
3160 1301 3229 1353 At
3258 1314 3326 1355 ne
3353 1298 3457 1356 hoc
3483 1301 3563 1355 ul-

1978 1399 2058 1443 tra
2087 1390 2407 1461 interroges,
2438 1389 2533 1446 sed
2553 1405 2650 1445 cur
2671 1405 2773 1445 una
2796 1400 3001 1446 tantum
3034 1392 3105 1447 sit
3130 1393 3394 1462 gelienna.
3418 1393 3563 1461 Quot

1975 1480 2119 1535 enim
2146 1496 2259 1536 non
2292 1490 2418 1536 sunt
2440 1481 2715 1551 suppliciis
2741 1481 2885 1551 digni
2911 1482 2987 1548 hi,
3019 1482 3110 1553 qui
3129 1492 3243 1537 tam
3272 1482 3488 1539 crudele
3503 1494 3559 1539 et

1975 1571 2321 1627 inhumanum
2366 1575 2694 1629 constituant
2738 1574 3122 1643 spectaculum,
3168 1575 3448 1647 ridentque
3490 1577 3559 1632 de

1974 1665 2061 1731 iis,
2093 1664 2162 1720 de
2188 1665 2379 1735 quibus
2403 1668 2585 1736 lugere
2604 1676 2660 1722 et
2683 1667 2807 1723 illos
2833 1675 2889 1722 et
2913 1682 3010 1724 vos
3036 1675 3332 1738 oporteret,
3358 1670 3556 1741 magis-

1974 1770 2078 1825 que
2101 1770 2196 1811 vos
2226 1755 2319 1827 qui
2347 1756 2414 1811 ad
2444 1765 2551 1812 tam
2578 1757 2829 1813 indecore
2858 1759 3125 1829 agendum
3164 1760 3395 1832 cogitis?
3425 1762 3555 1830 Sed,

1974 1849 2204 1919 inquies,
2248 1863 2352 1904 non
2388 1863 2545 1920 cogo.
2576 1850 2879 1917 Quomodo,
2923 1866 3106 1922 qumso
3129 1862 3216 1927 te,
3250 1867 3356 1908 non
3384 1856 3555 1925 cogis,

1973 1942 2063 2011 qui
2092 1940 2507 1997 modestioribns
2530 1952 2583 1996 et
2607 1941 2858 1997 ﬂentibus
2894 1957 2957 1997 ac
2985 1943 3154 1998 Deum
3186 1944 3557 2002 invocantibus

1974 2049 2043 2088 ne
2088 2049 2275 2089 aurem
2303 2035 2519 2105 quidem
2565 2038 2807 2106 praebere
2833 2036 3005 2102 velis;
3048 2036 3134 2092 his
3182 2052 3311 2094 vero
3341 2039 3559 2110 largiter

1973 2127 2255 2195 pecuniam
2277 2141 2489 2198 erogas,
2517 2136 2572 2182 ct
2612 2128 2809 2183 multos
2838 2128 3067 2185 advocas
3097 2130 3465 2187 admirantes?
3490 2132 3558 2188 Et

1970 2219 2309 2286 recedamus,
2343 2221 2575 2291 inquies,
2607 2235 2795 2276 eorum
2827 2222 3165 2278 miserentes.
3198 2222 3265 2278 Et
3301 2232 3430 2279 tune
3454 2223 3559 2280 hoc

1966 2313 2164 2385 iubes?
2188 2314 2305 2370 Non
2332 2323 2415 2370 est
2444 2315 2547 2370 hoc
2573 2314 2839 2379 misereri,
2871 2330 2904 2369 ο
2930 2314 3110 2382 homo,
3143 2326 3317 2371 tantas
3343 2316 3558 2387 exigere

1970 2422 2161 2478 poenas
2179 2422 2277 2478 pro
2302 2408 2512 2464 duobus
2535 2408 2730 2473 oholis,
2772 2410 3065 2479 prmcipere
3100 2417 3157 2463 ut
3184 2424 3280 2479 pro
3309 2423 3559 2465 necessa-

1971 2500 2053 2555 rio
2081 2499 2201 2555 cibo
2222 2514 2341 2555 sese
2372 2499 2627 2565 lacerent,
2654 2509 2710 2555 et
2728 2499 2918 2571 capitis
2948 2508 3127 2555 cutem
3155 2509 3261 2555 tam
3289 2500 3483 2557 acerbe
3501 2510 3558 2556 et

1971 2591 2348 2647 miserabiliter
2373 2591 2425 2646 in
2448 2592 2643 2647 multas
2664 2603 2844 2661 partes
2871 2592 3160 2649 dissecent.
3187 2592 3336 2648 Bona
3366 2588 3552 2661 verba,

1972 2683 2210 2753 inquies;
2254 2698 2427 2755 neque
2466 2683 2610 2738 enim
2654 2698 2755 2738 nos
2784 2684 2957 2753 capita
3002 2685 3169 2739 clavis
3214 2684 3552 2755 contigimus.

1974 2770 2187 2827 Utinam
2222 2783 2279 2828 tu
2309 2774 2537 2841 faceres,
2570 2783 2625 2830 et
2652 2789 2741 2830 res
2767 2789 2873 2829 non
2898 2782 3006 2829 tam
3030 2775 3207 2843 gravis
3235 2785 3398 2831 esset.
3421 2774 3557 2830 Nam

1968 2866 2059 2937 qui
2088 2867 2390 2938 quempiam
2420 2866 2689 2933 interficit,
2719 2867 2888 2921 multo
2914 2868 3128 2938 gravius
3155 2866 3299 2934 facit,
3327 2882 3486 2938 quam
3509 2868 3554 2923 is

1968 2959 2057 3028 qui
2087 2958 2322 3027 seipsum
2346 2958 2498 3028 jubet
2524 2958 2848 3014 interficere.
2876 2958 3029 3025 Quod
3055 2958 3215 3014 etiam
3261 2959 3315 3013 in
3341 2959 3426 3014 bis
3455 2973 3554 3013 usu

1970 3050 2156 3105 venit:
2186 3050 2491 3105 acerbiores
2540 3052 2683 3105 enim
2723 3052 2988 3106 sustinent
3036 3050 3289 3116 dolores,
3334 3051 3550 3121 quando

1968 3156 2063 3197 sua
2105 3157 2265 3197 manu
2290 3143 2547 3212 jubentur
2576 3143 2692 3199 haec
2713 3144 2854 3205 male
2878 3144 3029 3214 jussa
3073 3145 3326 3214 exsequi;
3357 3155 3411 3201 et
3437 3144 3553 3201 haec

1967 3234 2287 3302 Antiochia},
2320 3235 2409 3289 ubi
2436 3236 2667 3305 primum
2698 3236 2951 3306 appellati
2995 3245 3120 3291 sunt
3144 3235 3455 3302 Christiani,
3495 3237 3550 3292 in

1967 3342 2072 3399 qua
2100 3328 2248 3384 fuere
2277 3332 2512 3383 omnium
2549 3327 2823 3383 hominum
2852 3330 3139 3398 mitissimi,
3191 3330 3244 3384 in
3275 3344 3378 3399 qua
3418 3329 3549 3386 olim

1966 3421 2180 3493 vigebat
2221 3436 2445 3493 magnus
2495 3422 2859 3493 eleemosynze
2905 3420 3129 3477 fructus.
3174 3421 3358 3491 Neque
3408 3423 3554 3479 enim

1969 3514 2325 3584 prmsentibus
2351 3521 2579 3579 tantum,
2608 3513 2703 3569 sed
2730 3516 2890 3569 etiam
2913 3514 2978 3569 iis
3003 3514 3095 3584 qui
3122 3514 3305 3583 procul
3330 3513 3555 3577 aberant

1967 3607 2276 3673 mittebant,
2296 3607 2453 3677 idque
2472 3607 2599 3662 dum
2617 3608 2785 3662 fames
2804 3618 3223 3677 exspectaretur.
3241 3607 3379 3677 Quid
3400 3623 3550 3678 ergo,

1968 3698 2200 3770 inquies,
2226 3697 2558 3754 faciendum?
2588 3698 2737 3754 Hanc
2757 3697 3021 3754 feritatem
3046 3699 3346 3765 demittere,
3369 3684 3554 3770 egenis

1968 3803 2100 3843 vero
2129 3789 2377 3844 omnibus
2406 3789 2639 3856 edicere,
2672 3790 2719 3844 si
2746 3789 2858 3844 haec
2887 3789 3101 3853 faciant,
3130 3789 3262 3844 nihil
3303 3798 3546 3859 acceptu-

1970 3893 2060 3935 ros
2086 3879 2207 3934 illos
2229 3894 2383 3946 esse;
2414 3881 2458 3935 si
2480 3895 2610 3935 vero
2640 3881 2881 3935 modeste
2901 3880 3178 3945 accedant,
3210 3894 3397 3950 magna
3420 3877 3557 3935 frui-

1974 3982 2123 4028 turos
2146 3973 2412 4044 largitate.
2431 3972 2485 4030 Si
2505 3987 2663 4044 porro
2679 3974 2783 4027 hoc
2798 3971 3056 4036 ediscant,
3084 3970 3295 4027 etiamsi
3310 3971 3552 4027 omnium

1970 4064 2260 4118 miserrimi
2286 4063 2504 4130 fuerint,
2538 4079 2826 4134 numquam
2870 4079 2937 4120 eo
2964 4062 3283 4119 inducentur
3309 4073 3368 4119 ut
3390 4078 3451 4119 se
3474 4063 3555 4119 sic

1969 4154 2192 4219 lanient,
2218 4168 2320 4222 ego
2358 4154 2644 4223 polliceor;
2686 4155 2781 4207 sed
2825 4155 2987 4209 etiam
3017 4156 3169 4209 vobis
3193 4156 3419 4225 gratiam
3450 4154 3551 4210 ha-

1967 4244 2189 4311 bebunt,
2220 4242 2364 4315 quod
2390 4243 2510 4299 illos
2533 4243 2602 4299 ab
2629 4243 2876 4300 irrisione
2905 4253 2960 4300 et
2985 4244 3173 4302 dolore
3205 4246 3295 4303 tali
3322 4246 3542 4319 eripue-

1968 4349 2109 4393 ιἰιιε.

2043 4428 2379 4503 Eleemosgna
2408 4431 2615 4504 largiter
2634 4431 2826 4486 danda.
2851 4430 3178 4487 Antiocheam
3215 4430 3441 4501 «etesia
3473 4446 3555 4486 re-

1971 4522 2109 4577 ditus
2151 4524 2205 4577 in
2243 4538 2492 4594 pauperes
2522 4521 2689 4588 eﬂ'usi.
2721 4549 2793 4563 -
2819 4521 2972 4577 Nunc
3015 4531 3193 4578 autem
3224 4536 3324 4592 pro
3349 4520 3550 4593 aurigis

1974 4613 2135 4669 etiam
2152 4613 2294 4668 ﬁlios
2313 4612 2636 4679 obtuleritis,
2659 4621 2714 4666 et
2732 4626 2837 4681 pro
2862 4612 3207 4667 saltatorihus
3227 4613 3388 4666 etiam
3410 4612 3556 4681 ipsas

1974 4702 2317 4774 profuderitis
2368 4698 2611 4769 animas;
2644 4716 2743 4773 pro
2790 4702 3006 4759 Christo
3048 4711 3230 4759 autem
3281 4703 3553 4759 esuriente

1974 4809 2045 4851 ne
2086 4794 2361 4848 minimam
2410 4792 2626 4864 quidem
2668 4794 2979 4851 facultatum
3008 4805 3215 4867 partem
3262 4794 3555 4861 dederitis;

1973 4886 2067 4942 sed
2097 4886 2142 4942 si
2174 4887 2439 4942 tantillum
2464 4891 2672 4960 argenti
2701 4888 2859 4953 detis,
2906 4902 2969 4943 ac
2996 4889 3039 4943 si
3066 4896 3233 4944 totum
3263 4888 3555 4955 solveritis,

1975 4980 2057 5035 sic
2080 4978 2251 5036 aﬂ‘ecti
2280 4980 2431 5050 estis,
2465 4981 2785 5045 nescientes,
2818 4980 2961 5052 quod
2991 4997 3099 5036 non
3128 4982 3280 5048 dare,
3309 4979 3405 5036 sed
3432 4994 3554 5034 cum

1976 5070 2224 5144 largitate
2259 5072 2411 5139 dare,
2462 5070 2591 5127 illud
2635 5071 2867 5129 maxime
2909 5081 3009 5129 est~
3032 5072 3398 5147 eleemosyna.
3431 5070 3560 5127 Ideo

1977 5164 2237 5235 propheta
2266 5178 2372 5220 non
2401 5177 2496 5220 eos
2521 5164 2614 5235 qui
2641 5164 2815 5220 solum
2842 5164 2974 5220 dant
3003 5163 3260 5236 praedicat
3293 5173 3350 5222 et
3370 5164 3559 5221 beatos

1978 5254 2261 5324 dicit,‘sed
2288 5269 2400 5312 eos
2437 5256 2531 5328 qui
2574 5256 2795 5326 largiter
2828 5256 2978 5313 dant.
3026 5256 3143 5313 Non
3184 5257 3360 5314 solum
3415 5257 3560 5314 enim

1978 5346 2133 5415 dixit,
2161 5348 2353 5414 Dedit;
2383 5348 2478 5404 sed
2508 5348 2822 5421 quomodo?
2849 5348 3121 5421 Dispersit,
3150 5348 3289 5405 dedit
3317 5351 3564 5422 pauperi-

1981 5443 2073 5498 bus
2109 5441 2280 5515 (Ρωι.
2314 5442 2437 5499 111.
2463 5442 2540 5515 9).
2571 5442 2709 5512 Quid
2737 5443 2880 5499 enim
2908 5442 3145 5515 prodest,
3175 5442 3225 5499 si
3262 5458 3329 5499 ex
3363 5443 3563 5499 divitiis

1982 5546 2186 5592 tantum
2210 5534 2450 5603 dederis,
2478 5544 2733 5607 quantum
2754 5534 2963 5592 dederit
2980 5534 3246 5607 quispiam
3270 5535 3417 5592 verbi
3440 5550 3562 5607 gra-

1981 5631 2053 5685 tia
2098 5645 2167 5687 ex
2207 5630 2341 5684 mari
2385 5630 2661 5703 cyathum,
2705 5644 2881 5700 neque
2925 5629 3097 5685 vidua:
3144 5627 3563 5701 magnitudinem

1982 5722 2146 5777 animi
2184 5722 2466 5778 aemulatus
2506 5721 2705 5779 fueris?
2743 5721 3015 5795 quomodo
3057 5722 3281 5790 dixeris,
3326 5721 3561 5791 Βοηιὶηε,

1982 5818 2222 5874 miserere
2247 5820 2345 5875 mei
2378 5818 2655 5874 secundum
2698 5833 2935 5891 magnam
2977 5815 3378 5873 misericordiam
3401 5824 3562 5885 tuam,
