4022 6214
485 382 585 437 179

485 506 535 551 et
561 492 839 549 secndum
878 488 1253 545 multitudinem
1290 483 1670 539 miserationem
1711 489 1915 532 tuarum
1951 475 2063 529 dele

484 587 801 655 iniquitatem
842 597 1006 636 meum
1059 578 1232 649 (Prol.
1272 574 1362 630 50.
1391 574 1445 642 3)
1470 588 1486 639 ;
1516 586 1639 626 cum
1678 570 1795 639 ipse
1840 582 1948 622 non
1975 579 2066 619 se-

484 676 717 731 cundum
744 688 991 744 magnam
1018 666 1445 726 misericordiam
1470 660 1807 725 miserearis;
1836 660 1945 713 imo
1960 657 2071 713 for-

484 768 644 821 tassis
700 779 875 835 neque
917 760 1210 818 secundum
1266 752 1519 827 parvam?
1572 749 1742 807 Valde
1792 750 1938 805 enim
1983 761 2070 801 me

486 855 672 927 pudet,
709 868 832 910 cum
862 851 1038 908 video.
1058 848 1252 910 divites
1298 843 1495 901 multos
1531 841 1686 913 equis
1709 841 1864 894 freno
1904 849 2071 892 aureo

488 945 761 1001 instructis
793 950 996 1005 rectos,
1027 939 1116 1010 qui
1145 950 1328 993 secum
1356 932 1577 990 trahunt
1609 930 1839 986 famulos
1881 942 2072 983 aurum

486 1045 785 1107 gestantes,
840 1043 899 1089 et
942 1031 1113 1087 lectos
1151 1028 1353 1084 habent
1394 1032 1683 1096 argenteos
1736 1020 2075 1089 multumque

489 1131 656 1185 alium
692 1127 919 1188 fastum;
962 1138 1085 1179 cum
1118 1131 1299 1177 autem
1339 1116 1559 1190 pauperi
1604 1111 1935 1185 erogandum
1968 1118 2071 1175 est,

491 1220 656 1276 etiam
681 1217 841 1273 valde
870 1213 1195 1286 pauperibus
1241 1224 1363 1266 esse
1402 1206 1772 1278 pauperiores.
1810 1201 1917 1257 Sed
1948 1198 2077 1271 quid

492 1308 735 1375 estillud
763 1307 909 1379 quod
947 1320 1093 1374 saepe
1120 1300 1345 1357 dicunt?
1373 1298 1567 1363 Habet,
1597 1294 1792 1366 inquit,
1816 1289 2077 1350 Ecclesiae

492 1415 800 1459 commune.
849 1398 921 1454 Et
944 1395 1072 1467 quid
1106 1394 1211 1449 hoc
1252 1392 1318 1447 ad
1348 1391 1439 1447 te?
1487 1403 1660 1459 neque
1686 1386 1857 1451 enim,
1905 1383 1951 1437 si
1979 1394 2081 1449 ego

495 1498 719 1559 dedero,
760 1503 820 1548 tu
849 1492 1033 1548 salvus
1076 1490 1224 1545 eris:
1254 1500 1449 1556 neque,
1493 1484 1539 1538 si
1582 1479 1809 1537 ecclesia
1846 1474 2078 1537 dederit,

501 1599 560 1657 tu
609 1596 825 1658 peccata
876 1594 965 1639 tua
1005 1579 1271 1637 delcvisti.
1330 1574 1564 1642 Ideoque
1619 1586 1724 1625 non
1777 1567 1907 1633 das,
1954 1565 2080 1642 quia

496 1680 720 1735 ecclesia
750 1675 880 1731 dare
906 1672 1069 1728 debet
1095 1668 1283 1739 egenis
1312 1684 1325 1720 :
1356 1666 1483 1736 quia
1510 1661 1819 1719 sacerdotes
1850 1672 2081 1730 precan-

496 1779 604 1835 tur,
633 1776 689 1822 tu
711 1777 1001 1834 numquam
1026 1769 1339 1831 precaturus
1362 1754 1460 1811 es?
1485 1762 1539 1810 et
1564 1754 1689 1823 quia
1704 1750 1795 1804 alii
1813 1748 2082 1819 jejunant,

502 1871 558 1915 tu
586 1868 847 1930 perpetuo
873 1852 1055 1909 ebrius
1084 1849 1237 1905 eris?
1264 1846 1449 1902 Nescis
1479 1848 1604 1914 quia
1633 1856 1740 1896 non
1765 1838 1835 1894 ita
1865 1846 2084 1909 propter

499 1963 761 2022 pauperes
786 1948 1147 2015 elecmosyme
1175 1941 1348 2011 legem
1376 1938 1559 2008 posuit
1585 1934 1746 1999 Deus,
1788 1939 1846 1986 ut
1864 1938 2086 2000 propter

500 2057 595 2099 eos
628 2046 775 2112 ipsos
795 2040 887 2111 qui
916 2032 1255 2108 largiuntur?
1281 2033 1363 2087 An
1395 2030 1489 2085 tibi
1516 2026 1770 2082 sacerdos
1802 2028 2087 2093 suspectus

502 2134 627 2191 est?
672 2133 770 2189 Est
796 2130 1013 2202 quidem
1043 2126 1146 2182 hoc
1191 2140 1355 2197 grave
1400 2129 1722 2192 peccatum;
1765 2116 1861 2173 sed
1889 2116 1957 2171 de
1984 2113 2089 2169 hoc

509 2240 616 2282 non
646 2230 894 2279 accurate
923 2217 1211 2289 disputabo
1237 2233 1253 2271 :
1282 2224 1501 2286 propter
1531 2222 1584 2267 te
1608 2210 1789 2267 omnia
1815 2208 1999 2273 facito,
2033 2214 2089 2260 et

507 2318 587 2373 sic
606 2314 874 2385 duplicem
913 2309 1219 2381 assequeris
1249 2304 1574 2362 mercedem.
1604 2302 1818 2357 Etenim
1842 2314 1964 2369 qua:
1991 2311 2091 2351 nos

503 2412 573 2467 de
590 2412 930 2479 eleemosyna
949 2403 1198 2465 dicimus,
1225 2413 1332 2454 non
1346 2397 1573 2453 dicimus
1587 2405 1644 2449 ut
1663 2394 1731 2450 ad
1753 2408 1851 2448 nos
1871 2389 2090 2454 oflâ€˜eras,

504 2504 601 2561 sed
630 2514 687 2557 ut
715 2512 770 2557 tu
798 2515 893 2571 per
913 2497 1145 2567 teipsum
1166 2492 1458 2548 ministres.
1481 2488 1615 2545 Nam
1640 2488 1684 2542 si
1716 2485 1848 2540 mihi
1874 2482 2089 2547 offeras,

508 2595 754 2651 fortassis
792 2607 823 2647 a
873 2604 1004 2645 vana
1044 2586 1213 2659 gloria
1255 2581 1586 2653 corripieris,
1640 2590 1893 2648 smpeque
1930 2575 2093 2630 etiam

508 2687 750 2743 offensus
776 2682 997 2739 recedes
1034 2678 1175 2735 mala
1213 2675 1553 2745 suspicatus:
1585 2670 1630 2725 si
1668 2677 1847 2724 autem
1876 2680 1973 2737 per
1998 2680 2096 2719 vos

511 2780 657 2849 ipsos
684 2777 865 2833 onznia
896 2771 1125 2836 faciatis,
1155 2778 1211 2825 et
1240 2764 1628 2824 offensionibus
1651 2772 1707 2817 et
1730 2759 1977 2817 absurdis
2004 2771 2095 2814 su-

508 2866 834 2942 spicionibus
862 2864 1013 2920 liberi
1042 2861 1215 2926 eritis,
1247 2860 1527 2928 majorque
1552 2854 1703 2909 vobis
1732 2867 1941 2909 merces
1970 2852 2094 2908 erit.

584 2962 641 3017 7.
680 2959 796 3016 Non
846 2958 1008 3028 igitur
1048 2955 1163 3011 hac
1208 2952 1355 3018 dico,
1384 2960 1442 3007 ut
1477 2951 1585 3005 vim
1617 2948 1768 3003 vobis
1802 2946 1992 3001 faciam
2028 2944 2096 2999 ad

516 3055 771 3126 pecunias
810 3052 917 3107 huc
948 3047 1284 3113 afferendas;
1321 3058 1496 3115 neque
1540 3041 1849 3112 indignatus
1876 3047 2099 3110 propter

510 3143 823 3200 sacerdotes
857 3142 947 3212 qui
974 3141 1112 3195 male
1142 3138 1387 3192 audiunt.
1432 3135 1564 3189 Nam
1608 3134 1653 3188 si
1699 3146 2017 3188 succensere
2046 3141 2101 3186 et

512 3234 697 3290 dolere
721 3240 957 3303 oportet,
986 3246 1083 3302 pro
1112 3230 1264 3285 vobis
1284 3227 1574 3284 dolendum
1602 3235 1685 3282 est
1722 3225 1816 3295 qui
1847 3225 1987 3279 male
2014 3224 2099 3279 di-

515 3326 659 3381 citis.
690 3324 760 3380 lis
792 3325 959 3391 enim,
987 3323 1075 3393 qui
1104 3321 1300 3376 frustra
1340 3328 1396 3374 et
1426 3329 1629 3373 temere
1674 3315 1811 3370 male
1853 3314 2099 3380 audiunt,

519 3430 730 3472 merces
758 3415 970 3483 major;
1000 3412 1299 3467 dicentibus
1328 3419 1505 3463 autem
1530 3406 1789 3477 judicium
1820 3414 1872 3461 et
1902 3405 2105 3475 suppli-

515 3509 658 3564 cium
684 3507 899 3578 gravius
942 3506 1065 3561 erit.
1109 3502 1227 3559 Non
1254 3517 1384 3575 ergo
1411 3515 1509 3570 pro
1540 3500 1646 3554 illis
1676 3498 1791 3553 lnnc
1819 3498 1966 3563 dico,
2006 3497 2103 3552 sed

516 3600 659 3672 quod
689 3599 757 3655 de
786 3597 940 3653 vobis
966 3611 1149 3651 curam
1182 3604 1237 3650 et
1276 3590 1694 3648 sollicitudinem
1722 3605 1926 3660 geram.
1966 3587 2105 3656 Quid

518 3693 660 3746 enim
698 3691 914 3754 mirum,
946 3689 991 3742 si
1021 3694 1181 3742 aetate
1206 3694 1389 3741 nostra
1416 3682 1631 3753 quidam
1662 3683 1715 3737 in
1745 3680 2105 3751 suspicionem

518 3786 762 3853 veniunt,
808 3798 934 3839 cum
962 3782 1124 3837 etiam
1166 3779 1377 3834 illorum
1407 3785 1649 3847 tempore
1678 3784 1985 3831 sanctorum
2014 3773 2106 3843 qui

523 3876 742 3944 angelos
786 3874 1155 3937 imitabantur,
1187 3871 1277 3940 qui
1321 3869 1456 3925 nihil
1497 3868 1599 3925 sibi
1628 3869 1904 3944 proprium
1932 3867 2109 3936 possi-

524 3943 744 4029 debant,
774 3963 1144 4031 apostolorum
1175 3961 1414 4027 inquam,
1453 3971 1697 4009 murmur
1718 3943 1884 4008 fuerit
1926 3955 1978 4007 in
2011 3954 2113 4006 mi-

526 4056 751 4113 nisterio
797 4052 1078 4109 viduarum
1102 4092 1118 4115 ,
1171 4049 1314 4119 quod
1363 4048 1769 4118 despicerentur
1807 4059 2109 4117 pauperes,

528 4144 743 4218 quando
769 4156 930 4198 nemo
950 4140 1236 4211 quidquam
1264 4154 1331 4194 ex
1352 4137 1464 4193 suis
1492 4136 1830 4194 facultatibus
1854 4135 1958 4191 sibi
1988 4149 2114 4207 pro-

526 4241 702 4311 prium
723 4252 843 4292 esse
867 4234 1097 4300 dicebat,
1125 4230 1220 4287 sed
1240 4241 1393 4287 erant
1416 4231 1547 4302 ipsis
1562 4231 1739 4292 omnia
1760 4229 2109 4287 communia?

528 4331 607 4387 Ne
633 4331 734 4385 hos
757 4328 1091 4400 proferamus
1109 4324 1383 4388 obtentus,
1411 4337 1512 4377 nec
1540 4322 1593 4376 in
1619 4322 1984 4377 defensionem
2016 4334 2116 4375 no-

530 4433 697 4479 stram
728 4420 975 4476 conferre
999 4426 1248 4489 putemus
1277 4412 1422 4487 quod
1456 4410 1696 4467 Ecclesia
1742 4410 1907 4465 multa
1938 4410 2113 4478 possi-

532 4516 677 4573 deat.
716 4512 851 4569 Cum
892 4511 1034 4567 enim
1060 4508 1372 4564 facultatum
1402 4504 1521 4577 ejus
1549 4499 1970 4572 magnitudinem
1997 4513 2119 4567 per-

534 4608 719 4679 Spicis,
752 4604 927 4675 cogita
952 4602 1115 4659 etiam
1159 4599 1536 4668 inscriptorum
1561 4605 1854 4665 pauperum
1878 4601 2117 4658 gregem,

534 4699 868 4755 infirmorum
890 4691 1309 4757 multitudinem,
1341 4689 1742 4744 innumerarum
1765 4693 2119 4753 expensarum

537 4793 847 4848 occasiones
872 4806 887 4843 :
908 4786 1121 4841 curiose
1147 4781 1357 4853 inquire
1374 4790 1431 4835 et
1457 4789 1700 4835 scrutare
1725 4795 1740 4832 :
1768 4790 1928 4833 nemo
1953 4775 2124 4844 impe-

537 4887 638 4952 dit,
669 4885 780 4939 imo
820 4878 991 4953 parati
1019 4891 1205 4931 sumus
1238 4873 1306 4929 ad
1340 4872 1579 4927 rationes
1600 4871 1754 4927 vobis
1794 4868 2122 4926 reddendas.

540 4982 648 5039 Sed
677 4974 978 5053 hyperbole
999 4972 1074 5028 uti
1105 4971 1249 5027 volo.
1278 4967 1416 5024 Cum
1440 4966 1582 5021 enim
1612 4964 1847 5020 rationes
1874 4963 2123 5019 reddide-

540 5075 731 5139 rimus,
759 5080 815 5127 et
839 5065 1234 5125 ostenderimus
1261 5072 1552 5131 expensam
1581 5063 1845 5126 proventu
1871 5070 1977 5109 non
2001 5065 2125 5110 esse

545 5166 833 5228 minorem,
878 5162 987 5216 imo
1010 5170 1063 5215 et
1099 5152 1389 5227 aliquando
1416 5149 1672 5220 majorem
1697 5166 1712 5204 :
1741 5146 1872 5203 illud
1912 5162 1944 5201 a
1972 5148 2125 5203 vobis

542 5258 773 5312 libenter
814 5252 1142 5316 sciscitarer,
1185 5262 1307 5304 cum
1346 5244 1437 5300 illo
1466 5240 1895 5312 migraverimus,
1940 5246 1996 5293 et
2031 5253 2126 5293 au-

540 5349 803 5406 dierimus
841 5343 1115 5401 Christum
1160 5342 1427 5397 dicentem
1458 5354 1471 5390 :
1500 5334 1819 5390 Esurientem
1864 5348 1944 5386 me
1991 5333 2124 5386 vidi-

549 5443 662 5503 stis.
692 5450 741 5496 et
768 5452 871 5493 non
914 5451 993 5488 me
1032 5432 1329 5498 nutriuistis,
1360 5430 1555 5486 nudum
1577 5468 1592 5492 ,
1622 5436 1669 5483 et
1716 5443 1819 5482 non
1861 5426 2129 5496 aperuisti:

549 5531 771 5597 (Matth.
788 5529 882 5586 25.
912 5526 1007 5595 42)
1036 5543 1051 5579 :
1077 5524 1203 5596 quid
1231 5524 1471 5580 dicemus
1488 5523 1514 5577 Î¹
1539 5536 1701 5592 quam
1725 5520 2011 5576 aiferemus
2034 5518 2127 5573 de-

549 5622 886 5682 fensionem?
930 5617 1074 5674 hunc
1107 5615 1191 5671 vel
1235 5616 1383 5671 illum
1423 5613 1749 5670 adducemus
1786 5612 1838 5667 in
1871 5609 2126 5675 medium,

550 5715 641 5786 qui
670 5711 756 5769 his
781 5724 888 5767 non
916 5710 1244 5780 obsequutus
1265 5716 1378 5775 est,
1410 5716 1464 5763 et
1484 5704 1747 5777 quosdam
1775 5720 1841 5761 ex
1868 5704 2131 5772 suspectis

550 5800 968 5862 sacerdotibus?
1016 5799 1083 5855 Et
1110 5798 1239 5872 quid
1265 5798 1367 5856 hoc
1395 5798 1460 5853 ad
1488 5804 1568 5854 te?
1588 5796 1820 5869 inquiet;
1858 5808 1959 5865 ego
1983 5793 2126 5847 enim

1185 370 1240 427 S.
1279 364 1555 426 JOANNlS
1587 358 2064 421 CIIRYSOSâ€™I'OMI
2101 357 2417 415 ARCHIEP.
2453 348 3012 413 CONSTANâ€™Iâ€˜INOPX

2172 483 2225 528 te
2248 487 2446 529 accuso
2469 472 2538 529 de
2562 472 2815 543 peccatis,
2845 485 2967 543 quas
2991 469 3272 527 admisisti.
3300 467 3551 537 Purgatio
3568 478 3760 525 etme:

2171 572 2277 630 est,
2299 574 2360 619 ut
2384 564 2599 635 pr0pria
2624 563 2810 619 abluas
2836 569 3078 632 peccata,
3116 576 3222 615 non
3253 570 3312 615 ut
3339 557 3595 614 ostendas
3620 555 3760 610 alios

2173 657 2227 710 in
2255 656 2447 713 eadem
2476 656 2751 711 incidisse.
2778 654 3021 710 Ecclesia
3042 653 3186 708 enim
3223 651 3295 706 oh
3322 660 3557 707 vestram
3583 646 3761 719 parci-

2176 756 2341 802 tatem
2369 747 2608 803 retinere
2642 748 2854 819 cogitur
2876 760 2962 811 ea,
2991 758 3113 815 quas
3140 758 3283 798 nunc
3318 742 3502 797 habet.
3522 740 3680 809 Quod
3708 739 3755 793 si

2176 840 2357 895 omnia
2386 839 2681 895 secundum
2710 838 3036 909 apostolicas
3059 836 3206 905 leges
3231 842 3473 905 agerent,
3491 832 3611 902 ejus
3637 846 3767 901 pro-

2176 942 2395 986 ventum
2425 937 2700 1001 oporteret
2739 944 2863 986 esse
2895 938 3133 984 vestrum
3159 926 3401 981 animum
3426 940 3441 977 :
3472 921 3616 993 quod
3641 924 3763 993 qui-

2179 1020 2303 1075 dem
2346 1028 2403 1075 et
2452 1028 2623 1075 tutum
2663 1028 2810 1075 esset
2853 1018 3192 1089 penuarium,
3247 1025 3304 1071 et
3346 1014 3633 1070 thesaurus
3675 1014 3763 1067 in-

2181 1113 2498 1168 exhaustus.
2514 1110 2665 1167 Nunc
2686 1118 2865 1166 autem
2890 1125 3017 1166 cum
3035 1125 3129 1164 vos
3149 1107 3368 1180 quidem
3388 1104 3770 1162 thesauriaatis

2181 1207 2236 1261 in
2266 1215 2433 1275 terra,
2463 1216 2522 1264 et
2544 1206 2725 1263 omnia
2749 1204 2804 1260 in
2835 1204 3108 1275 penuariis
3144 1202 3341 1258 vestris
3363 1198 3609 1273 clauditis
3627 1213 3645 1263 ;
3664 1198 3768 1255 EC.-

2183 1300 2350 1354 clesia
2373 1315 2507 1355 vero
2534 1297 2848 1370 impendere
2878 1308 3106 1351 necesse
3128 1293 3313 1357 habet,
3351 1291 3629 1345 viduarum
3654 1300 3769 1341 ete-

2185 1390 2345 1457 tibus,
2375 1391 2642 1462 virginum
2680 1388 2883 1453 choris,
2929 1386 3201 1457 hospitum
3226 1380 3565 1445 adventibus,
3612 1393 3773 1448 pere-

2181 1482 2510 1552 grinantium
2536 1480 2814 1548 aerumnis,
2842 1479 3141 1534 vinctorum
3167 1470 3583 1533 calamitatibus,
3613 1466 3772 1523 inï¬r-

2186 1587 2398 1628 morum
2426 1580 2483 1628 et
2506 1571 2823 1627 mutilorum
2862 1566 3296 1630 necessitatibus,
3326 1561 3447 1617 aliis
3465 1556 3772 1628 hujusmodi

2186 1666 2559 1721 occasionibus
2576 1683 2589 1717 :
2609 1662 2738 1733 quid
2756 1660 3053 1715 faciendum
3069 1659 3093 1711 Ï„
3119 1670 3286 1713 eosne
3299 1668 3491 1710 omnes
3504 1649 3771 1715 aversari,

2186 1766 2240 1811 et
2261 1765 2342 1811 tot
2368 1765 2556 1825 portus
2585 1750 2907 1808 obstruere?
2932 1749 3117 1817 ecquis
3137 1746 3429 1817 naufragiis
3459 1744 3584 1800 hinc
3604 1741 3777 1815 partis

2188 1848 2479 1913 suffecerit,
2509 1844 2743 1910 ï¬‚etibus,
2768 1842 3037 1906 lamentis,
3067 1838 3356 1909 ejulatibus
3381 1837 3617 1907 undique
3641 1835 3779 1890 alla-

2190 1939 2297 1994 tis?
2319 1937 2396 1993 Ne
2421 1952 2550 2008 ergo
2570 1944 2773 1992 temere
2800 1934 3084 2005 loquamur
3101 1928 3244 2001 quod
3266 1930 3321 1983 in
3347 1937 3581 1984 mentem
3613 1940 3781 1980 vene-

2192 2033 2283 2086 rit.
2311 2030 2467 2085 Nune
2491 2028 2660 2093 enim,
2684 2037 2749 2082 ut
2772 2027 2880 2098 jam
2917 2026 3047 2089 dixi,
3080 2024 3320 2079 rationes
3348 2021 3503 2077 vobis
3547 2019 3780 2075 reddere

2191 2122 2364 2193 parati
2387 2136 2592 2178 sumus.
2636 2119 2696 2177 Si
2740 2132 2919 2174 autem
2968 2130 3125 2172 secus
3169 2130 3260 2171 res
3306 2128 3366 2170 se
3422 2113 3669 2177 haberet,
3721 2118 3783 2166 et

2192 2215 2237 2272 si
2266 2214 2521 2271 doctores
2549 2213 2822 2269 haberetis
2850 2217 3155 2279 corruptos,
3180 2208 3273 2278 qui
3301 2204 3479 2261 omnia
3523 2211 3786 2273 raperent

2193 2317 2250 2364 et
2272 2307 2416 2361 avari
2439 2316 2639 2370 essent,
2663 2318 2837 2375 neque
2860 2305 2937 2359 sic
2958 2301 3201 2373 purgatio
3216 2307 3392 2355 vestra
3416 2305 3565 2353 esset
3588 2311 3782 2351 eurum

2196 2398 2455 2470 nequitia.
2483 2398 2615 2455 Nam
2642 2398 2902 2467 benignus
2938 2396 3027 2450 ille
3052 2403 3108 2449 et
3134 2390 3561 2464 sapientissimus
3588 2388 3782 2456 unige-
3812 2442 3815 2443 Î½

2198 2496 2343 2551 nitus
2373 2494 2468 2551 Dei
2499 2493 2667 2549 Filius
2694 2492 2875 2546 omnia
2910 2489 3120 2554 videns,
3164 2488 3449 2557 sciensque
3478 2482 3619 2555 quod
3649 2497 3787 2536 eon-

2198 2589 2368 2658 tingat
2410 2586 2609 2641 multos
2656 2585 2709 2640 in
2756 2584 3011 2639 diuturno
3058 2591 3301 2652 tempore
3343 2588 3397 2634 et
3443 2586 3589 2632 tanto
3638 2575 3789 2629 orbis

2198 2681 2373 2751 spatio
2398 2694 2521 2735 esse
2561 2676 2871 2735 sacerdotes
2899 2684 3222 2745 corruptos;
3252 2683 3310 2727 ut
3338 2687 3406 2728 ne
3435 2686 3532 2741 per
3570 2669 3786 2722 illorum

2200 2772 2481 2835 incuriam,
2512 2785 2697 2825 eorum
2730 2769 2819 2839 qui
2849 2768 2977 2838 ipsis
3006 2765 3202 2821 subditi
3251 2772 3378 2820 sunt
3409 2760 3655 2817 socordia
3692 2775 3787 2813 au-

2200 2873 2409 2936 geatur,
2435 2877 2650 2919 omnem
2673 2861 2869 2915 tollens
2893 2858 3229 2930 negligentia:
3254 2853 3655 2912 excusationem
3677 2851 3789 2906 ait:

2203 2958 2375 3029 Super
2406 2956 2704 3011 cathedram
2730 2950 2927 3023 Moysis
2965 2951 3201 3005 sederunt
3227 2948 3407 3002 scribta
3431 2955 3476 3000 et
3514 2941 3790 2997 Pharisaei.

2206 3049 2395 3115 Omnia
2419 3063 2560 3119 ergo,
2590 3061 2705 3112 qua:
2741 3043 2964 3098 dixerint
2991 3040 3129 3094 vobis
3169 3042 3355 3110 facere,
3385 3036 3535 3109 facile
3558 3050 3577 3089 :
3605 3050 3793 3088 secun-

2202 3140 2326 3193 dum
2354 3153 2511 3208 opera
2550 3146 2719 3189 autem
2748 3135 2953 3188 illorum
2988 3148 3051 3185 ne
3096 3130 3294 3199 faciatis
3332 3126 3548 3199 (Matth.
3577 3126 3669 3180 23.
3697 3124 3791 3195 9.);

2203 3228 2517 3295 ostendens,
2539 3225 2682 3296 quod
2712 3223 2922 3280 etiamsi
2943 3222 3216 3277 doctorem
3242 3216 3544 3288 improbum
3568 3214 3793 3279 habeas,

2205 3323 2337 3378 nihil
2364 3320 2461 3375 tibi
2486 3317 2743 3390 prodesse
2775 3315 2990 3385 poterit.
3032 3312 3134 3367 nisi
3164 3312 3230 3365 iis
3270 3326 3389 3381 quae
3429 3309 3681 3364 dicuntur
3707 3315 3798 3359 at-

2208 3414 2414 3470 tendas.
2449 3411 2632 3482 Neque
2660 3410 2801 3464 enim
2845 3406 2913 3462 ab
2950 3405 3017 3459 iis
3043 3418 3162 3474 quae
3190 3403 3379 3459 doctor
3406 3408 3657 3471 operatus
3687 3408 3797 3461 est,

2206 3506 2302 3564 sed
2326 3506 2395 3560 ab
2417 3506 2480 3559 iis
2504 3518 2624 3573 qua:
2649 3500 2866 3564 audisti,
2891 3512 2990 3553 nec
3016 3496 3347 3565 obsequutus
3368 3492 3474 3548 illis
3495 3506 3589 3547 es:
3613 3490 3682 3545 ab
3710 3490 3799 3545 his

2209 3597 2305 3653 tibi
2330 3596 2595 3652 calculum
2626 3591 2767 3648 feret
2792 3591 2954 3645 Deus.
2989 3588 3171 3657 itaque
3209 3586 3254 3642 si
3281 3601 3343 3640 ea
3372 3598 3495 3655 quae
3524 3591 3797 3653 prmcepta

2208 3698 2334 3745 sunt
2361 3688 2573 3749 feceris,
2605 3700 2727 3741 cum
2775 3682 2942 3738 multa
2975 3690 3098 3735 tunc
3124 3680 3290 3734 stabis
3319 3678 3547 3741 fiducia;
3593 3675 3637 3729 si
3667 3690 3802 3729 vero

2210 3782 2370 3839 dictis
2396 3795 2502 3836 non
2531 3779 2861 3848 obsequutus
2886 3773 3070 3838 lueris,
3102 3772 3311 3828 etiamsi
3340 3770 3485 3824 mille
3511 3776 3801 3835 corruptos

2213 3873 2522 3929 sacerdotes
2551 3870 2827 3932 ostendas,
2862 3866 2995 3921 nihil
3021 3866 3123 3919 hoc
3154 3865 3247 3917 tibi
3272 3862 3530 3931 proderit.
3580 3858 3711 3911 Nam
3746 3865 3804 3909 et

2212 3963 2377 4016 Judas
2415 3959 2693 4027 apostolus
2718 3964 2867 4017 erat;
2901 3953 3005 4006 hoc
3049 3961 3227 4004 tamen
3275 3948 3405 4002 nihil
3435 3961 3689 4017 umquam
3716 3960 3807 4000 sa-

2215 4066 2430 4108 crorum
2448 4064 2511 4103 ex
2520 4048 2773 4117 pilatores
2788 4052 2843 4119 et
2862 4056 3053 4097 avaros
3071 4041 3367 4096 excusabit.
3390 4040 3576 4111 Neque
3605 4038 3809 4109 poterit

2216 4142 2339 4213 quis
2364 4147 2649 4193 accusatus
2675 4135 2858 4190 dicere
2892 4150 2906 4187 :
2937 4133 3223 4188 Enimvero
3247 4132 3519 4203 apostolus
3546 4131 3633 4187 fur
3658 4141 3801 4196 erat,

2217 4245 2494 4289 sacrorum
2517 4228 2781 4299 expilator
2803 4237 2856 4283 et
2884 4225 3124 4298 proditor
3152 4244 3166 4281 :
3190 4225 3284 4282 sed
3316 4225 3420 4280 hoc
3450 4240 3546 4281 nos
3569 4226 3806 4279 maxime

2217 4324 2482 4397 supplicio
2505 4321 2679 4377 tradet
2702 4330 2758 4377 et
2777 4319 3073 4385 damnabit,
3095 4318 3237 4390 quod
3263 4333 3368 4374 non
3396 4318 3621 4372 aliorum
3643 4316 3809 4371 malis

2218 4420 2287 4476 ad
2312 4434 2499 4473 sanam
2519 4425 2754 4471 mentem
2780 4413 2985 4469 reducti
3016 4412 3204 4467 simus.
3235 4412 3363 4466 ideo
3386 4411 3528 4465 enim
3552 4410 3639 4464 illa
3667 4409 3809 4462 scri-

2220 4521 2310 4581 pta
2340 4516 2484 4575 stunt,
2536 4517 2594 4562 ut
2623 4506 2886 4576 fugiamus
2924 4504 3137 4559 illorum
3183 4502 3555 4555 imitationem.
3602 4498 3813 4551 Idcirco

2224 4602 2365 4655 hunc
2391 4610 2448 4655 et
2475 4601 2623 4655 illum
2654 4598 3041 4668 relinquentes,
3088 4591 3241 4646 nobis
3266 4590 3397 4659 ipsis
3424 4587 3768 4643 attendamus
3796 4603 3813 4639 Îµ

2225 4694 2593 4760 unusquisque
2636 4689 2781 4745 enim
2827 4698 3067 4745 nostrum
3109 4697 3206 4754 pro
3251 4697 3312 4735 se
3350 4681 3613 4734 rationem
3657 4677 3814 4733 dabit

2227 4783 2363 4838 Deo.
2407 4780 2479 4836 Ut
2522 4796 2651 4851 ergo
2694 4782 2832 4834 hanc
2868 4779 3130 4833 rationem
3171 4787 3294 4829 cum
3342 4770 3483 4824 bona
3522 4767 3816 4823 reddamus

2227 4875 2567 4947 purgatione,
2601 4881 2840 4927 nostram
2882 4880 3266 4941 componamus
3294 4864 3481 4931 vitam,
3525 4874 3579 4918 et
3606 4863 3814 4934 largam

2229 4983 2448 5026 manum
2474 4966 2657 5037 egenis
2687 4965 3023 5037 porrigamus
3051 4981 3065 5017 :
3097 4961 3331 5015 scientes
3354 4958 3491 5012 hanc
3511 4957 3680 5011 solam
3710 4972 3813 5013 no-

2229 5073 2397 5119 stram
2420 5073 2541 5114 esse
2561 5057 2952 5123 defensionem,
2978 5058 3022 5110 si
3050 5050 3396 5107 ostendamus
3423 5064 3523 5105 nos
3542 5062 3814 5121 praecepta

2230 5165 2379 5213 reete
2396 5160 2719 5222 exsequutus
2735 5165 2891 5215 esse;
2920 5146 3227 5214 nullamque
3247 5156 3372 5199 esse
3391 5142 3572 5199 aliam.
3594 5142 3650 5198 Si
3676 5144 3823 5198 hanc

2229 5248 2486 5306 exhibere
2514 5247 2803 5316 possimus,
2835 5236 3196 5298 intolerabiles
3223 5235 3343 5291 illos
3370 5235 3632 5307 gehennae
3655 5233 3823 5289 doloa

2232 5357 2321 5399 res
2360 5339 2694 5410 eï¬‚'ugiemus,
2739 5346 2796 5393 et
2824 5335 3001 5390 futura
3044 5344 3439 5401 consequemur
3478 5328 3660 5383 bona:
3692 5336 3819 5393 quze

2233 5449 2332 5491 nos
2373 5449 2561 5489 omnes
2600 5430 2822 5501 adipisci
2855 5427 3147 5494 contingat,
3178 5424 3345 5495 gratia
3386 5430 3443 5477 et
3485 5417 3819 5486 benignitate

2235 5525 2448 5583 Domini
2495 5526 2662 5580 nostri
2708 5522 2835 5579 Jesu
2885 5518 3107 5585 Christi,
3156 5517 3370 5588 quicum
3410 5511 3553 5568 Patri
3602 5524 3819 5581 unaque

2235 5619 2457 5690 Spiritui
2508 5626 2694 5673 sancto
2738 5612 2928 5685 gloria,
2981 5610 3285 5681 imperium,
3343 5608 3533 5671 honor,
3574 5616 3719 5659 nunc
3766 5616 3822 5663 et

2236 5725 2470 5781 semper,
2500 5721 2553 5767 et
2579 5709 2632 5765 in
2657 5704 2850 5763 smcula
2877 5704 3219 5760 saeculorum.
3254 5704 3444 5756 Amen.
