4004 6208
198 379 308 436 ΠΒ

193 496 311 547 ἀπὸ
357 496 631 564 πελάγους
671 500 875 554 κύαθον
910 502 1023 574 δοίη
1048 544 1062 564 ,
1099 503 1189 556 καὶ
1230 506 1367 577 μηδέ
1394 506 1572 577 χήρας
1603 522 1795 573 γυναι-

194 578 295 641 κὸς
332 582 744 652 μεγαλοψυχίαν
790 586 1079 657 ζηλώσῃςι
1129 590 1246 653 πῶς
1293 591 1350 642 δὲ
1402 592 1569 657 ἐρεῖς,
1595 590 1791 655 Κύριε,

190 662 468 730 ἐλέησόν
488 682 569 733 με
596 669 747 721 κατὰ
772 668 840 722 τὸ
868 671 1022 739 μέγα
1048 670 1222 738 ἔλεός
1247 690 1387 735 σου,
1422 672 1523 726 καί
1545 674 1697 727 κατὰ
1726 671 1794 724 τὸ

190 746 439 816 πλῆθος
462 750 581 803 τῶν
599 754 919 824 οἰκτιρμῶν
935 770 1053 809 σου
1072 754 1403 826 ἐξάλειψον
1423 758 1491 811 τὸ
1512 755 1795 825 ἀνόμημά

186 847 335 897 μου·
370 835 432 886 οὑ
469 836 615 887 κατά
650 838 711 890 τὸ
752 840 895 908 μέγα
941 839 1092 903 ἔλεος
1128 842 1292 905 αὐτὸς
1328 841 1517 907 ἐλεῶν,
1551 840 1697 910 τάχα
1735 839 1793 892 δέ

189 913 317 965 οὐδὲ
352 918 497 969 κατά
525 919 586 970 τὸ
613 922 812 991 μικρόν
839 941 852 986 ;
894 925 1005 977 Καὶ
1039 923 1145 995 γάρ
1178 923 1387 992 σφόδρα
1436 923 1791 994 αἰσχύνομαι.

188 996 326 1050 ὅταν
353 999 449 1052 ῑδω
482 1001 713 1065 πολλοὺς
739 1004 847 1058 τῶν
871 1005 1249 1061 πλουτούντων
1272 1008 1361 1075 ἐφ’
1386 1006 1571 1059 ἵππων
1594 1022 1791 1077 χρυσο-

188 1082 427 1150 χαλίνων
480 1087 853 1157 φερομένους,
907 1090 1003 1143 καὶ
1054 1090 1273 1153 οἰκέτας
1317 1089 1791 1161 χρυσοφοροῦντας

188 1168 666 1238 ἐπισυρομένους,
702 1173 797 1225 καί¹
851 1172 1040 1238 κλίνας
1090 1175 1342 1244 ἀργυρᾶς
1394 1174 1639 1244 ἐχοντας,
1694 1173 1791 1226 καὶ

185 1252 384 1321 ἑτέραν
418 1252 647 1307 πλείονα
677 1256 1002 1323 φαντασίαν,
1042 1258 1135 1310 καὶ
1157 1258 1323 1328 ἡνίκα
1369 1256 1435 1311 ἂν
1476 1256 1671 1327 πένητι
1693 1255 1790 1327 δέῃ

185 1340 521 1407 παρασχεῖν,
546 1336 657 1392 τῶν
688 1338 895 1410 σφόδρα
928 1342 1178 1412 πενήτων
1220 1341 1599 1411 πιωχπέρους
1638 1354 1787 1407 γινο-

185 1422 409 1489 μένους.
462 1423 625 1477 Ἀλλά
669 1426 755 1488 τίς
800 1426 829 1477 6
870 1426 1040 1489 πολὺς
1085 1426 1267 1480 αὐτῶν
1296 1426 1495 1494 λόγος;
1542 1425 1696 1494 Ἔχει
1728 1424 1788 1476 τὸ

184 1506 364 1557 κοινὸν
393 1505 500 1574 τῆς
530 1505 881 1575 Ἐκκλησίας,
913 1509 1068 1579 φησί.
1107 1510 1216 1563 Καὶ
1242 1508 1295 1561 τί
1325 1508 1483 1561 τοῦτο
1512 1508 1652 1578 πρὶς
1684 1508 1783 1571 σὲς

181 1587 308 1640 οὑδέ
342 1588 476 1659 γὰρ,
504 1590 603 1643 ἐάν
631 1588 744 1658 ἐγὼ
768 1591 863 1654 δῶ,
907 1594 972 1646 σὺ
1015 1590 1306 1661 διεσώθης·
1340 1592 1449 1644 οὐδ’
1484 1590 1552 1643 ἂν
1582 1593 1615 1660 ἡ
1660 1590 1785 1643 Ἐκ-

180 1675 385 1743 κλησία
431 1678 718 1749 παράσχῃ,
764 1679 829 1730 σὺ
879 1677 949 1731 τά
989 1680 1365 1749 ἁμαρτήματα
1397 1676 1688 1748 ἐξήλειψας
1716 1676 1785 1728 τὰ

182 1762 275 1813 σά.
315 1762 378 1813 El
410 1764 521 1833 γάρ
545 1772 565 1792 ⁸
600 1763 689 1815 διά
710 1762 869 1816 τοῦτο
895 1763 955 1815 ού
990 1761 1169 1826 δίδως,
1198 1762 1387 1834 ἐπειδὴ
1417 1764 1449 1834 ή
1487 1760 1785 1832 Ἐκκλησία

179 1847 391 1913 ὀφείλει
444 1848 630 1900 δοῦναι
681 1850 794 1911 τοῖς
840 1848 1149 1919 δεομένοις·
1197 1849 1386 1921 ἐπειδὴ
1433 1848 1684 1919 εὔχονται
1734 1850 1782 1900 οἱ

179 1931 383 1999 ἱερεῖς,
419 1931 485 1983 σὺ
520 1931 621 1984 οὐκ
661 1929 793 2002 εῦξῃ
843 1932 1006 1998 ποτέ;
1055 1932 1149 1985 καὶ
1196 1933 1385 2003 ἐπειδὴ
1431 1931 1783 2003 νηστεύουσιν

178 2013 389 2082 ἕτεροι,
424 2015 488 2067 σὺ
522 2013 843 2085 μεθυσθήσῃ
888 2014 1156 2084 διηνεκῶς
1181 2035 1198 2083 ;
1222 2019 1331 2069 ὀὑκ
1369 2012 1547 2078 οἶσθα,
1574 2016 1657 2068 ὄτι
1686 2015 1783 2085 οὑχ

174 2098 329 2150 οὕτω
351 2097 442 2150 διὰ
471 2097 597 2159 τοὺς
634 2098 872 2167 πένητας
914 2100 983 2152 τά
1018 2099 1148 2169 περὶ
1173 2098 1549 2170 ἐλεημοσύνης
1591 2101 1784 2168 ἐνομο-

171 2180 415 2252 θέτησεν
460 2181 488 2231 6
521 2180 685 2243 Θεὸς,
742 2180 816 2242 ὡς
863 2181 931 2233 δι’
976 2181 1177 2244 αὑτοὺς
1226 2182 1355 2246 τοὺς
1404 2183 1778 2253 παρέχοντα;;

190 2263 340 2314 Ἀλλ’
380 2262 708 2325 ὑποπτεύεις
744 2262 834 2315 τὸν
879 2263 1064 2336 ἱερέας
1114 2264 1374 2319 Μάλιστα
1422 2265 1522 2335 μὲν
1568 2263 1779 2334 χαλεπὴ

176 2347 275 2399 καὶ
304 2346 468 2399 τοῦτο
499 2347 768 2420 ἁμαρτία·
803 2346 941 2417 πλὴν
965 2348 1119 2402 οὑδέν
1149 2348 1651 2420 ἀκριϐολογοῦμαι·
1691 2348 1781 2403 διά

175 2429 385 2482 σαυτοῦ
416 2431 596 2484 πάντα
636 2434 800 2494 ποίει,
839 2431 933 2484 καὶ
960 2430 1184 2484 διπλοῦν
1217 2432 1360 2485 οὑτω
1389 2431 1657 2503 καρπώσῃ
1688 2432 1778 2484 τὸν

175 2513 399 2582 μισθόν.
430 2515 543 2569 Καὶ
565 2514 675 2586 γὰρ
703 2514 848 2587 ᾇπερ
871 2516 1031 2585 ἡμεῖς
1051 2516 1192 2587 ὑπὲρ
1218 2516 1590 2587 ἐλεημοσύνης
1620 2516 1779 2584 λέγο-

173 2613 317 2665 μεν,
367 2598 467 2668 οὐχ
500 2597 587 2650 ἵνα
637 2598 770 2668 ἡμῖν
822 2600 1184 2673 προσαγάγῃς
1238 2600 1489 2671 λέγομεν,
1543 2600 1662 2653 ἀλλ’
1692 2600 1778 2653 ἵνα

172 2680 350 2743 αὑτὸς
375 2680 462 2732 διὰ
490 2682 689 2734 σαυτοῦ
734 2681 1013 2753 διακονῇς.
1060 2684 1218 2754 Ἐμοὶ
1254 2685 1353 2755 μὲν
1386 2684 1497 2755 γάρ
1531 2684 1776 2755 προσφέ-

172 2782 317 2837 ρων,
370 2764 501 2827 ἴσως
551 2766 644 2819 καὶ
685 2765 969 2837 κενοδοξία
1021 2765 1230 2839 ἀλὼσῃ,
1278 2766 1541 2832 πολλάκις
1580 2769 1639 2822 δὲ
1682 2771 1778 2824 καὶ

170 2846 594 2911 σκανδαλισθεὶς
622 2849 901 2921 ἀπελεύσῃ
942 2849 1020 2920 τῷ
1057 2850 1275 2921 πονηρά
1308 2850 1677 2905 ὑποπτεῦσαι·
1709 2852 1776 2906 ἂν

164 2929 224 2981 δὲ
255 2928 333 2980 δι’
372 2930 577 2983 ἑαυτῶν
628 2931 807 2985 πάντα
848 2935 1068 3005 ποιῆτε,
1110 2934 1205 2986 καλ⁵
1246 2933 1557 2988 σκανδάλων
1598 2936 1768 2989 ἀπαλ-

165 3012 483 3079 λαγήσεσθε
519 3015 614 3068 καὶ
644 3015 881 3085 ὑποψίας
912 3016 1119 3070 ἀτόπου
1139 3056 1153 3070 .
1201 3017 1295 3071 καὶ
1338 3017 1543 3071 πλείων
1586 3019 1716 3089 ὑμῖν
1745 3021 1776 3073 6

165 3095 395 3162 μισθός.

231 3176 385 3243 ζ’.ού
409 3180 586 3233 τοίνυν
610 3182 1000 3253 ἐκϐιαζόμενος
1020 3183 1165 3253 ὑμᾶς
1186 3183 1424 3238 ἐνταῦθα
1442 3186 1692 3257 κομίζειν
1706 3185 1774 3239 τά

166 3264 457 3333 χρήματα,
488 3266 666 3319 ταῦτα
687 3266 853 3335 λέγω,
877 3268 999 3320 οὑδέ
1024 3267 1355 3335 ἀγανακτῶν
1379 3269 1521 3340 ὑπὲρ
1544 3270 1654 3324 τῶν
1675 3288 1774 3324 και

166 3346 287 3409 κῶς
323 3347 627 3403 ἀκουόντων
659 3350 874 3421 ἱερέων.
939 3352 1003 3404 Εἰ
1030 3353 1139 3423 γὰρ
1172 3354 1508 3421 ἀγανακτεῖν
1544 3353 1651 3425 χρὴ
1678 3356 1773 3408 καὶ

169 3428 385 3497 ἀλγεῖν,
420 3430 563 3502 ὑπὲρ
593 3433 748 3503 ὑμῶν
776 3433 965 3502 ἀλγεῖν
1002 3434 1086 3487 δεῖ
1112 3435 1222 3488 τῶν
1256 3436 1525 3504 λεγόντων
1562 3439 1766 3502 κακῶς.

167 3510 335 3584 μεθ]
353 3513 471 3577 Τοῖς
498 3514 598 3584 μὲν
621 3516 729 3587 γάρ
760 3517 1057 3572 ἀκούουσιν
1083 3520 1207 3590 εἰκῆ
1243 3520 1338 3572 καὶ
1365 3520 1545 3591 μάτην
1583 3523 1772 3585 κακῶς

166 3598 196 3649 6
223 3597 422 3667 μισθὸς
456 3599 682 3669 μείζων,
716 3604 830 3665 τοῖς
872 3602 930 3661 δὲ
958 3603 1177 3673 λέγουσι
1200 3605 1264 3658 τὸ
1305 3607 1483 3676 κρῖμα
1509 3606 1603 3659 καὶ
1627 3608 1659 3677 ή
1685 3623 1770 3659 τι-

172 3681 365 3749 μωρία
396 3680 695 3753 βαρυτέρα.
727 3685 803 3738 υύ
836 3686 1017 3743 τοίνυν
1038 3688 1179 3760 ὑπὲρ
1201 3689 1383 3742 αὐτῶν
1403 3687 1577 3742 ταῦτα
1603 3688 1769 3758 λέγω,

330 3764 478 3833 ὑμῶν
528 3768 827 3837 κηδόμενος
875 3772 971 3823 καὶ
1022 3773 1344 3842 φροντίζων,
1397 3773 1462 3825 Τί
1494 3773 1601 3845 γὰρ
1643 3774 1768 3827 θαυο

171 3848 408 3917 μαστὸν,
459 3850 507 3902 εί
564 3852 659 3904 ἐπὶ
688 3852 790 3922 τῆς
819 3855 1015 3921 γενεᾶς
1050 3872 1195 3919 τινες
1226 3854 1624 3910 ὑποπτεύονται
1671 3859 1771 3928 τῆς

164 3934 474 4002 ἡμετέρας,
503 3935 637 3988 ὅπου
683 3953 747 4004 γε
778 3937 1005 3991 ἐπὶτῶν
1041 3940 1215 4007 ἁγίων
1249 3940 1472 3993 ἐκείνων
1508 3942 1618 3995 τῶν
1644 3944 1770 4005 τοὺς

164 4017 444 4087 ἀγγέλους
468 4021 889 4091 μιμησαμένων,
911 4023 1017 4076 τῶν
1051 4024 1202 4078 οὐδὲν
1235 4024 1366 4077 ῐδιον
1394 4026 1768 4095 κεκτημένων,

163 4104 283 4155 τῶν
316 4103 631 4157 ἀποστόλων
662 4106 827 4174 λέγω,
875 4109 1194 4177 γογγυσμὸς
1233 4104 1301 4180 ἦν
1336 4110 1394 4163 ἐν
1424 4113 1489 4181 τῇ
1523 4112 1769 4183 διακονία

164 4186 281 4238 τῶν
326 4186 531 4256 χηρῶν.
563 4188 645 4240 ὅτι
675 4188 1132 4260 παρεθεωροῦντο
1165 4194 1215 4245 οι
1259 4193 1511 4265 πένητες,
1550 4195 1637 4248 ὅτε
1681 4195 1771 4248 οὑ-

163 4270 283 4332 δείς
317 4287 367 4323 τι
392 4270 502 4322 τῶν
525 4271 884 4344 ὑπαρχόντων
909 4273 1059 4343 αύτῷ
1086 4273 1274 4343 ἔλεγεν
1300 4275 1431 4330 ἴδιον
1467 4272 1627 4344 εἶναι,
1650 4278 1767 4331 ἀλλ’

164 4346 235 4422 ἦν
265 4353 453 4417 αὐτοῖς
494 4353 712 4409 ἅπαντα
750 4357 946 4421 κοινάς
982 4356 1073 4427 Μὴ
1119 4358 1183 4429 δὴ
1214 4359 1417 4421 ταύτας
1449 4360 1768 4432 προϐαλλώ-

170 4435 321 4505 μεθα
337 4437 436 4501 τάς
464 4439 790 4508 προφάσεις,
818 4440 957 4511 μηδέ
980 4440 1278 4506 ἀπολογίαν
1299 4438 1438 4496 εἶναι
1460 4444 1770 4515 νομίζωμεν

164 4520 226 4573 τὸ
260 4522 363 4590 τὴν
379 4522 709 4593 Ἐκκλησίαν
754 4523 928 4577 πολλὰ
965 4524 1295 4594 κεκτῆσθαι.
1331 4526 1500 4578 Ὅταν
1533 4526 1643 4597 γὰρ
1671 4528 1770 4597 τῆς

165 4604 358 4666 οὐσίας
392 4604 564 4675 αὐτῆς
588 4605 651 4659 τὸ
682 4606 913 4677 μέγεθος
950 4606 1093 4680 ίδῃς,
1128 4607 1381 4678 ἐννόησον
1415 4609 1508 4661 καὶ
1539 4610 1649 4662 τῶν
1680 4613 1770 4678 ἐγ-

166 4688 577 4759 γεγραμμένων
610 4692 862 4760 πενήτων
890 4689 988 4752 τάς
1014 4690 1241 4758 ἀγέλας,
1289 4690 1396 4744 τῶν
1425 4692 1771 4763 ἀρρωστούν-

167 4785 279 4823 των
316 4771 387 4824 τά
417 4771 619 4842 πλήθη,
650 4771 761 4825 τῶν
789 4772 1002 4844 μυρίων
1026 4773 1304 4843 χορηγιῶν
1333 4774 1432 4838 τὰς
1458 4776 1765 4840 ὑποθέσεις·

173 4854 562 4928 τηριέργασαι,
596 4856 1154 4928 πολυπραγμόνησον,
1194 4859 1368 4923 οὐδεὶς
1410 4862 1438 4913 6
1483 4860 1765 4923 κωλύσων,

176 4936 314 4991 ἀλλά
345 4941 442 4992 καὶ
473 4940 681 5009 ἕτοιμοι
716 4939 875 5007 λόγον
905 4942 1034 5011 ὑμῖν
1068 4946 1391 5013 παρασχεῖν.
1426 4944 1573 5015 Πλὴν
1599 4944 1769 5014 ὑπερ.

176 5017 339 5089 δολὴν
369 5021 699 5094 ποιήσασθαι
734 5021 1019 5095 βούλομαι.
1056 5026 1224 5078 Ὅταν
1258 5028 1367 5100 γάρ
1390 5028 1767 5099 παράσχωμεν

174 5103 275 5166 τὰς
307 5104 559 5171 εὐθύνας,
588 5106 683 5161 καὶ
704 5106 971 5178 δείξωμεν
1003 5107 1105 5161 οὑκ
1134 5108 1396 5163 ἐλάττονα
1433 5111 1537 5180 τῆς
1596 5129 1767 5183 προσ-

171 5186 293 5239 όδου
320 5187 426 5256 τὴν
452 5188 697 5260 δαπάνην
723 5187 909 5255 οὖσαν,
963 5190 1079 5244 ἀλλ’
1107 5190 1253 5244 ἐστιν
1292 5193 1425 5245 ὅπου
1452 5194 1546 5246 καὶ
1570 5195 1761 5263 πλείω,

174 5269 344 5339 ἡδέως
367 5268 435 5322 ἀν
461 5269 607 5339 ὑμᾶς
640 5275 819 5328 ἐκεῖνο
856 5275 1106 5346 ἐροίμην·
1140 5274 1303 5345 ἡνίκα
1340 5275 1407 5329 ἂν
1435 5277 1763 5350 ἀπέλθωμεν

176 5356 307 5417 ἐκεῖ,
329 5353 425 5407 καὶ
446 5352 771 5425 ἀκούσωμεν
790 5358 887 5412 τοῦ
913 5357 1149 5431 Χριστοῦ
1170 5358 1441 5427 λέγοντος,
1461 5360 1765 5418 Πεινῶντά

176 5456 247 5504 με
289 5437 514 5503 εἶδε-τε,
568 5437 670 5491 καὶ
720 5442 833 5495 οὐκ
877 5443 1200 5513 ἐθρέψατε,
1255 5443 1509 5513 γυμνὸν,
1558 5446 1655 5500 καί
1690 5451 1763 5505 οὐ

176 5520 575 5589 περιεϐάλετο,
594 5520 647 5574 τί
673 5521 908 5594 ἐροῦμεν
931 5542 947 5591 ;
974 5527 1027 5580 τί
1060 5528 1115 5582 δὲ
1140 5527 1628 5597 ἀπολογησόμεθας
1658 5534 1763 5587 Τὸν

175 5602 319 5658 δεῖνα
350 5607 446 5659 καὶ
494 5604 587 5658 τὸν
614 5602 766 5659 δεῖνα
797 5608 877 5669 είς
907 5608 1071 5677 μέσον
1099 5612 1318 5681 οῖσομεν
1350 5611 1441 5663 τὸν
1474 5614 1762 5684 παρακού⁶

180 5704 345 5742 σαντα
365 5689 596 5750 τούτων.
640 5692 733 5746 καί
774 5708 923 5756 τινας
955 5692 1068 5749 τῶν
1113 5695 1305 5767 ἱερέων
1338 5695 1445 5750 τῶν
1464 5697 1759 5769 ύπόπτων;

234 5838 252 5859 ⁸
288 5834 470 5888 Deerat
489 5838 530 5887 εἰ
562 5839 667 5902 γάρ.

1207 388 1273 445 IN
1318 387 1539 445 EPIST.
1575 389 1597 443 ι
1666 388 1758 446 ΑΙ)
1788 388 1948 447 C03.
1993 388 2231 445 ιιοιιιι..
2275 389 2413 447 XXI.

3384 393 3489 447 ISO

1900 504 2006 555 Καὶ
2034 504 2087 556 τί
2110 504 2269 557 τοῦτο
2304 506 2444 579 πρὸς
2481 505 2580 565 σέι
2615 502 2726 575 ἐγὼ
2759 508 2869 576 γάρ
2901 523 2983 560 σοι
3018 502 3257 570 ἐγκαλῶ,
3286 508 3479 574 φησὶν,

1898 586 2040 657 ἀπερ
2098 587 2261 651 αὐτὸς
2292 589 2559 659 ἥμαρτες.
2609 590 2899 658 Ἀπολογία
2953 589 3012 642 δέ
3058 588 3266 642 τούτων
3315 588 3376 641 τὸ
3415 593 3485 642 τὰ

1895 670 2071 744 οίκεῖα
2102 671 2507 726 ἀπολούσασθαι
2539 673 2937 744 ἁμαρτήματα,
2965 673 3028 727 ού
3060 673 3122 725 τὸ
3155 671 3326 736 δεῖξαι
3365 671 3479 725 ἐτέ-

1897 736 2036 823 ρουξ
2067 754 2137 807 τά
2187 756 2329 811 αὑτά
2379 774 2461 811 σοι
2508 736 3067 829 πεπλημμεληκότας.
3133 756 3247 811 Καὶ
3307 756 3418 828 γὰρ
3448 759 3483 825 ἡ

1908 835 2207 905 Ἐκκλησία
2237 837 2327 892 διὰ
2351 841 2450 909 τὴν
2479 840 2756 911 ὑμετέραν
2779 839 3132 912 μικρολογίαν
3152 839 3295 908 ἔχειν
3321 841 3483 905 ἀναγ-

1894 918 2122 983 κάζεται
2163 922 2308 992 άπερ
2340 922 2455 992 ἔχει
2486 924 2602 977 νῦν·
2648 925 2724 988 ὡς
2748 923 2803 979 εί
2830 943 2896 993 γε
2923 923 3065 978 κατά
3089 923 3219 985 τοὺς
3244 923 3481 975 ἀποστο-

1892 1002 2076 1068 λικοὺς
2108 1006 2288 1060 πάντα
2316 1007 2588 1079 ἔπραττον
2615 1009 2836 1079 νόμους,
2862 1006 3128 1079 πρόσοδον
3146 1005 3316 1076 αὑτῆς
3338 999 3479 1057 εἶναι

1891 1087 2061 1159 ἐχρῆν
2086 1089 2185 1159 τὴν
2215 1090 2491 1161 ὑμετέραν
2528 1091 2776 1162 γνώμην,
2810 1090 2840 1145 δ
2884 1091 2979 1145 καὶ
3020 1091 3271 1159 ταμιεῖον
3302 1088 3481 1156 ἀσφα-

1890 1168 1981 1234 λές
2016 1173 2083 1226 ἂν
2106 1168 2174 1237 ἦν
2195 1175 2292 1227 καὶ
2318 1175 2593 1239 ἀνάλωτος
2622 1174 2918 1247 θησαυρός.
2947 1173 3063 1227 Νῦν
3094 1173 3151 1225 δέ
3174 1174 3302 1225 ὅταν
3323 1171 3479 1241 ὑμεῖς

1893 1255 1993 1323 μὲν
2028 1256 2401 1329 θησαυρίζητε
2444 1260 2539 1311 ἐπὶ
2581 1258 2683 1328 τῆς
2725 1258 2851 1329 γῆς,
2899 1259 2997 1310 καὶ
3048 1256 3226 1309 πάντα
3277 1256 3334 1306 ἐν
3366 1255 3479 1317 τοῖς

1890 1340 2163 1407 ταμιείοις
2185 1340 2516 1413 ἀποκλείητε
2535 1343 2647 1406 τοῖς
2670 1341 2978 1411 ὑμετέροις,
2999 1336 3137 1409 αῦτη
3159 1338 3217 1391 δέ
3244 1336 3484 1403 ἀναγκά-

1890 1420 2053 1492 ζηται
2081 1423 2331 1496 δαπανᾷν
2364 1426 2547 1497 χηρῶν
2593 1424 2900 1493 συλλόγοις,
2942 1421 3228 1493 παρθένων
3273 1420 3477 1490 χοροῖς,

1890 1502 2060 1569 ξένων
2086 1506 2432 1579 ἐπιδημίαις,
2464 1509 2897 1580 ἀποδημούντων
2930 1503 3347 1575 ταλαιπωρίαις,
3387 1502 3476 1554 δε-

1890 1591 2127 1660 σμωτῶν
2151 1598 2480 1666 συμφοραῖς,
2504 1595 2937 1668 ἀρρωστούντων
2962 1592 3057 1647 καὶ
3083 1587 3475 1658 λελωϐημένων

1886 1673 2177 1742 ἀνάγκαις,
2201 1677 2419 1747 ἑτέραις
2435 1678 2712 1741 τοιαύταις
2739 1678 3067 1751 προφάσεσι,
3101 1675 3153 1726 τί
3173 1674 3253 1725 δεῖ
3273 1672 3471 1731 ποιεῖν;

1886 1758 2331 1831 ἀποστρέφεσθαι
2360 1762 2584 1826 τούτους
2602 1763 2873 1827 ἅπαντας,
2890 1761 2982 1813 καὶ
3002 1757 3290 1819 τοσούτους
3310 1770 3475 1823 προσ-

1886 1840 2061 1909 χῶσαι
2096 1841 2353 1913 λιμένας;
2391 1846 2485 1897 καὶ
2511 1846 2595 1909 τίς
2622 1846 2688 1899 ἂν
2718 1849 2831 1913 τοῖς
2860 1843 3166 1914 γινομένοις
3193 1836 3475 1906 ναυαγίοις

1885 1924 2174 1992 ἀρκέσειες
2202 1930 2315 1989 τοῖς
2335 1929 2752 1999 ὀδυρμοῖς,,τοῖς
2781 1928 3021 1999 θρήνοις,
3048 1927 3166 1987 ταῖς
3204 1921 3473 1991 οἰμωγαῖς

1885 2009 2003 2069 ταῖς
2039 2009 2376 2079 πανταχόθεν
2417 2013 2780 2082 φερομέναις;
2825 2011 2919 2081 Μὴ
2965 2008 3143 2061 τοίνυν
3196 2003 3382 2066 ἁπλῶς
3413 2000 3474 2054 τδ

1886 2089 2040 2143 ἐπιὸν
2078 2091 2466 2163 φθεγγώμεθα.
2500 2096 2614 2149 Νῦν
2637 2097 2736 2165 μὲν
2768 2096 2899 2167 γὰρ,
2928 2096 3067 2165 ὅπερ
3094 2091 3262 2161 ἔφθην
3282 2085 3470 2148 εἰπὼν.

1884 2176 1979 2226 καὶ
2024 2175 2123 2239 τάς
2155 2177 2389 2242 εὐθύνας
2410 2183 2718 2250 παρασχεῖν
2748 2180 2878 2251 ὑμῖν
2911 2179 3141 2248 ἐτοιμοι·
3178 2177 3229 2229 εί
3276 2174 3335 2228 δέ
3370 2171 3469 2226 καὶ

1882 2252 2194 2308 τούναντίον
2214 2251 2301 2327 ἦν.
2325 2259 2424 2311 καὶ
2446 2258 2878 2330 διεφθαρμένους
2906 2258 3085 2328 εἴχετε
3115 2252 3471 2313 διδασκάλους

1883 2336 1978 2388 καὶ
2030 2337 2205 2392 πάντα
2257 2340 2608 2409 ἁρπάζοντας
2668 2342 2763 2395 καὶ
2809 2338 3307 2401 πλεονεκτοῦντας,
3350 2334 3470 2388 οὑδέ

1880 2416 2055 2483 οὕτως
2083 2421 2213 2491 ὑμῖν
2238 2422 2503 2493 ἀπολογία
2544 2426 2579 2495 ὴ
2613 2425 2839 2479 ἐκείνων
2881 2422 3118 2495 πονηρία
3143 2418 3234 2493 ἦν.
3272 2420 3333 2472 Ὀ
3359 2418 3470 2489 γὰρ

1880 2503 2264 2577 φιλάνθρωπος
2310 2509 2405 2561 καὶ
2459 2512 2767 2579 πάνσοφος,
2809 2512 2837 2564 6
2874 2509 3169 2579 μονογενὴς
3214 2505 3344 2569 Υἱὸς
3373 2501 3469 2557 τοῦ

1879 2588 2034 2654 Θεοῦ,
2085 2590 2114 2641 6
2166 2590 2347 2646 πάντα
2382 2592 2545 2663 ὁρῶν,
2580 2594 2673 2648 καὶ
2698 2593 2854 2657 εἰδὼς
2887 2594 2969 2647 ὅτι
3008 2590 3299 2663 συμϐαίνει
3338 2587 3468 2641 πολ-

1878 2670 2003 2738 λοὺς
2034 2675 2091 2727 ἐν
2110 2672 2261 2747 [191]
2286 2675 2366 2747 τῷ
2395 2675 2593 2750 μακρῷ
2623 2678 2800 2747 χρόνῳ
2827 2680 2921 2730 καὶ
2940 2680 3009 2748 τῇ
3030 2673 3269 2746 τοσαύτῃ
3290 2673 3469 2725 οίκου·

1882 2756 2021 2831 μένῃ
2066 2758 2249 2830 ἱερέας
2277 2760 2531 2829 γενέσθαι
2562 2760 3013 2832 διεφθαρμένους·
3058 2760 3145 2812 ἵνα
3188 2758 3261 2828 μὴ
3296 2758 3329 2827 ή
3358 2754 3469 2807 τῶν

1878 2839 2203 2910 ἀρχομένων
2255 2842 2502 2915 ῥᾳθυμία
2565 2845 2901 2915 ἐπιτείνήται
2955 2842 3045 2896 διά
3091 2844 3191 2912 τῆς
3243 2839 3467 2892 ἐκείνων

1876 2922 2189 2994 ὀλιγωρίας,
2208 2928 2389 2980 πᾶσαν
2413 2928 2651 2998 ἀναιρῶν
2676 2927 2977 2995 ἀπολογίαν
3002 2923 3297 2997 ῥᾳθυμίας,
3333 2921 3463 2975 Ἐπὶ
3550 2960 3553 2961 ν

1876 3005 1987 3072 τῆς
2013 3006 2311 3077 καθέδρας
2334 3010 2655 3076 Μωῦσέως,
2685 3009 2874 3079 φησὶν,
2895 3008 3185 3062 ἐκάθισαν
3212 3009 3265 3058 οἱ
3288 3022 3469 3074 γραμ-

1871 3089 2083 3157 ματεῖς
2124 3092 2221 3144 καὶ
2250 3094 2305 3145 οἱ
2331 3093 2661 3160 φαρισαῖοι·
2702 3091 2901 3145 πάντα
2943 3086 3078 3154 οὖν,
3115 3089 3233 3142 ὅσα
3260 3087 3337 3141 ἂν
3362 3086 3466 3141 λέ-

1874 3189 2063 3240 τωσιν
2084 3174 2229 3243 ὑμῖν
2255 3177 2471 3240 ποιεῖν,
2494 3176 2734 3231 ποιεῖτε·
2760 3174 2911 3228 κατὰ
2929 3173 2997 3227 δέ·
3017 3172 3088 3227 τὰ
3112 3173 3255 3242 ἔργα
3269 3170 3469 3225 αὐτῶν

1873 3254 1958 3325 μὴ
1982 3258 2224 3313 ποιεῖτε·
2250 3260 2467 3321 δεικνὺς
2491 3262 2573 3313 ὅτι
2599 3260 2704 3313 κᾶν
2724 3258 3050 3313 διδάσκαλον
3077 3257 3207 3328 ἐχῃς
3236 3254 3463 3326 φαῦλον,

1873 3342 2029 3395 οὑδέν
2062 3360 2123 3395 σε
2147 3343 2307 3396 τοῦτο
2344 3344 2537 3412 όνῆσαι
2586 3344 2906 3415 δυνήσεται,
2951 3342 3017 3395 ἂν
3066 3342 3141 3411 μὴ
3188 3339 3466 3411 προσέχῃς

1874 3427 1988 3489 τοῖς
2012 3424 2345 3496 λεγομένοις.
2377 3429 2452 3481 Οὑ
2474 3428 2581 3498 γάρ
2607 3429 2699 3496 ἀφ’
2719 3420 2795 3480 ὧν
2812 3427 2840 3478 6
2857 3424 3174 3487 διδάσκαλος
3203 3422 3463 3493 ἔπραξεν,

1876 3508 2012 3562 ἀλλά
2041 3508 2133 3576 ἀφ’
2162 3502 2237 3561 ὧν
2271 3509 2510 3573 ἀκούσας
2551 3511 2944 3580 παρήκουσας,
2989 3507 3098 3562 ἀπὸ
3134 3505 3341 3559 τούτων
3382 3521 3465 3557 σοι

1876 3590 2032 3663 φέρει
2066 3590 2165 3655 τὰς
2193 3591 2406 3665 ψήφους
2441 3595 2471 3647 ὁ
2517 3593 2667 3656 Θεός.
2710 3592 2872 3645 Ὥστε
2918 3592 3013 3663 ἐάν
3059 3590 3157 3660 μὲν
3204 3592 3361 3660 ποιῇς
3391 3590 3459 3641 τα
3490 3610 3503 3619 η-

1874 3675 2300 3745 ἐπιτεταγμένα,
2346 3678 2485 3747 μετὰ
2532 3676 2732 3747 πολλῆς
2760 3678 2883 3729 τότε
2915 3675 3089 3746 στήσῃ
3118 3673 3220 3742 τῆς
3252 3674 3457 3744 παρρη-

1876 3758 2016 3821 σίας·
2044 3758 2109 3812 ἂν
2142 3758 2199 3811 δὲ
2230 3759 2588 3832 παρακούσῃς
2615 3759 2725 3811 τῶν
2744 3758 3071 3829 λεγομένων.
3095 3756 3199 3809 κάν
3232 3756 3458 3826 μυρίους

1879 3839 2058 3909 ἱερέας
2076 3838 2507 3912 διεφθαρμένους
2528 3839 2727 3912 δείξῃς,
2750 3840 2901 3894 οὐδέν
2926 3858 3018 3895 σου
3040 3839 3199 3894 τοῦτο
3222 3840 3461 3909 προστή-

1876 3938 2047 3976 σεται.
2096 3922 2249 3976 Ἐπεὶ
2290 3924 2383 3977 καὶ
2443 3924 2643 3986 Ἰούδας
2671 3923 2965 3986 ἀπόστολος
3014 3919 3101 3993 ἦν,
3150 3922 3265 3975 ἀλλ’
3312 3923 3462 3992 ὅμως

1872 4006 2026 4060 οὐδὲν
2047 4005 2205 4061 τοῦτο
2226 4009 2365 4081 ὑπὲρ
2388 4009 2494 4063 τῶν
2519 4007 2808 4080 ἱεροσύλων
2829 4010 2923 4061 καὶ
2947 4005 3301 4077 φιλαργύρων
3322 4006 3458 4057 ἀπο-

1872 4088 2165 4162 λογήσεται
2198 4110 2349 4145 ποτε.
2394 4092 2529 4145 Οὑδὲ
2584 4090 2873 4163 δυνήσεταί
2926 4107 3011 4153 τις
3059 4087 3459 4157 ἐγκαλούμενος

1870 4175 2048 4245 λέγειν
2077 4178 2156 4230 ὅτι
2184 4216 2199 4238 ,
2255 4177 2365 4230 Καὶ
2417 4178 2527 4247 γὰρ
2562 4180 2591 4230 6
2638 4176 2937 4239 ἀπόστολος
2968 4174 3207 4246 κλέπτης
3247 4168 3315 4243 ἦν
3366 4172 3461 4225 καὶ

1872 4258 2149 4330 ἱερόσυλος
2170 4259 2264 4315 καὶ
2291 4260 2578 4331 προδότης·
2615 4260 2730 4314 ἀλλ’
2758 4258 2889 4311 αὑτὸ
2921 4259 3020 4329 μὲν
3053 4254 3147 4311 οῦν
3176 4256 3332 4309 τοῦτο
3355 4253 3460 4323 μά-

1870 4342 2029 4397 λιστα
2068 4344 2216 4414 ἡμᾶς
2243 4344 2621 4415 τιμωρήσεται
2666 4344 2759 4396 καὶ
2794 4343 3146 4411 κατακρινεῖ,
3193 4340 3274 4392 ὅτι
3324 4338 3461 4408 μηδὲ

1869 4432 1984 4492 τοῖς
2022 4428 2226 4499 ἐτέρων
2261 4430 2453 4491 κακοῖς
2484 4426 2992 4497 ἐσωφρονίσθημεν.
3035 4424 3134 4477 Διά
3170 4422 3279 4492 γὰρ
3304 4420 3461 4474 τοῦτο

1870 4513 1967 4566 καὶ
1988 4511 2405 4583 ἀναγέγραπται
2435 4512 2642 4574 ἐκεῖνα,
2678 4511 2763 4564 ἵνα
2806 4510 3069 4579 φύγωμεν
3110 4506 3338 4560 ἐκείνων
3366 4505 3460 4557 τὸν

1871 4594 2052 4665 ζῆλον.
2099 4595 2190 4648 Διὸ
2232 4594 2323 4648 τὸν
2371 4594 2521 4649 δεῖνα
2554 4594 2649 4649 καὶ
2687 4594 2779 4666 τὸν
2807 4594 2955 4647 δεῖνα
2997 4591 3225 4659 ἀφέντες
3247 4632 3261 4653 ,
3297 4591 3458 4659 ἡμεῖς

1871 4681 2082 4742 ἑαυτοῖς
2114 4677 2494 4751 προσέχωμεν·
2518 4679 2748 4741 ἕκαστος
2778 4678 2887 4748 γὰρ
2914 4674 3069 4747 ήμῶν
3101 4673 3238 4745 ὑπὲρ
3262 4672 3456 4727 ἐαυτοῦ

1870 4764 2025 4831 λόγον
2051 4760 2211 4815 δώσει
2242 4762 2320 4833 τῷ
2354 4762 2494 4832 Θεῷ.
2524 4762 2623 4815 Ἵν⁹
2648 4757 2742 4817 οὖν
2766 4760 2859 4814 τὸν
2896 4760 3051 4828 λόγον
3086 4757 3276 4811 τοῦτον
3319 4757 3457 4828 μετά

1870 4845 2041 4914 καλῆς
2064 4845 2438 4915 παράσχωμεν
2466 4845 2784 4913 ἀπολογίας,
2819 4843 2911 4897 τὸν
2940 4841 3150 4895 ἑαυτῶν
3174 4838 3454 4911 ῥυθμίσω-

1873 4945 1973 4999 μεν
2002 4927 2135 4997 βίον,
2176 4928 2271 4981 καὶ
2300 4927 2497 4999 δαψιλῆ
2526 4929 2623 5001 τὴν
2653 4931 2809 5000 χεῖρα
2837 4927 3172 4996 ἐκτείνωμεν
3198 4928 3312 4989 τοῖς
3345 4925 3451 4977 δεο-

1872 5011 2075 5082 μένοις,
2106 5010 2308 5074 είδότες
2343 5004 2427 5064 όῖι
2455 5011 2594 5084 αὕτη
2637 5013 2773 5083 μόνη
2805 5014 2940 5081 ἡμῖν
2966 5011 3115 5063 ἐστιν
3162 5008 3451 5074 ἀπολογία,

1868 5096 1930 5148 τὸ
1949 5093 2119 5159 δεῖξαι
2144 5095 2293 5165 ἡμᾶς
2310 5094 2507 5158 αὑτοὺς
2535 5094 2967 5166 κατωρθωκότας
2990 5093 3059 5145 τά
3082 5093 3452 5161 ἐπιτεταγμέ-

1868 5197 1955 5244 να,
1976 5179 2143 5250 ἐτέρα
2172 5178 2231 5231 δέ
2257 5177 2501 5248 οὐδεμία.
2534 5177 2653 5231 Κάν
2676 5177 2879 5246 ταύτην
2909 5175 3230 5246 δυνηθῶμεν
3266 5192 3451 5247 παραυ

1868 5265 2037 5334 σχεῖν,
2064 5261 2164 5325 τάς
2183 5260 2491 5329 ἀφορήτους
2516 5261 2729 5323 ἐκείνας
2748 5258 2941 5321 ὀδύνας
2966 5259 3063 5328 τῆς
3084 5258 3310 5330 γεέννης
3335 5259 3452 5313 δια-

1866 5343 2196 5415 φευξόμεθα,
2216 5342 2434 5397 καὶτῶν
2464 5342 2768 5414 μελλόντων
2790 5342 3185 5414 ἐπιτευξόμεθα
3206 5345 3447 5413 ἀγαθῶν·

1863 5423 1940 5483 ὧν
1969 5428 2179 5497 γένοιτο
2201 5427 2409 5490 πάντας
2437 5428 2583 5499 ἡμᾶς
2605 5428 2901 5497 ἐπιτυχεῖν,
2933 5427 3119 5499 χάριτι
3147 5429 3241 5482 καὶ
3259 5426 3446 5497 φιλανο

1864 5512 2083 5585 θρωπίᾳ
2108 5509 2205 5583 τοῦ
2236 5511 2444 5585 Κυρίου
2489 5510 2648 5582 ἡμῶν
2683 5508 2855 5577 Ἰησοῦ
2906 5509 3167 5582 Χριστοῦ,
3221 5509 3340 5582 μεθ’
3382 5502 3445 5563 οὗ

1861 5596 1942 5668 τῷ
1972 5597 2149 5667 Πατρὶ
2202 5596 2320 5668 ἅμα
2366 5593 2446 5667 τῷ
2495 5594 2637 5665 ἁγίῳ
2676 5592 2958 5665 Πνεῦματι
3004 5594 3155 5660 δόξα,
3206 5593 3443 5665 κράτος,

1861 5679 2018 5752 τιμὴ,
2051 5678 2148 5735 νῦν
2180 5680 2275 5737 καὶ
2310 5679 2422 5749 ἀεὶ,
2459 5677 2557 5733 καὶ
2583 5677 2663 5742 είς
2693 5677 2821 5744 τοὺς
2844 5677 3050 5741 αἰῶνας
3077 5675 3185 5731 τῶν
3208 5678 3436 5738 αἰώνως.

1878 5762 1933 5818 ’Δ
1941 5766 2069 5839 μήν.
