4022 6214
568 354 652 409 181
1293 354 1352 411 S.
1389 352 1674 411 JOANNIS
1710 346 2205 407 CHRYSOS’I‘OEII
2247 343 2566 401 ARCHIEP.
2608 335 3171 397 CONSTANTINOP.

1046 485 3818 530 _____________________________________________.__.___.____

573 511 1042 527 ’.Ἃ

3708 324 3819 381 182

1985 613 2230 666 ΟΜΙΛΙᾹ
2268 611 2399 666 KB'.

573 697 695 756 Οὐκ
729 702 929 758 οῖδατε
976 703 1067 757 ὅτι
1112 707 1162 759 οἱ
1212 707 1284 759 τὰ
1329 705 1455 772 ιερὰ
1502 702 1892 772 ἐργαζόμενοι,
1931 703 2000 757 ἐκ
2034 702 2139 755 τοῦ

641 774 801 840 ίεροῦ
854 774 1171 829 ἐσθίουσιν
1192 791 1211 838 ;
1249 780 1303 830 οι
1349 773 1430 839 τῷ
1475 774 1879 841 θυσιαστηρίῳ
1950 787 2141 840 προσ-

640 842 1019 910 εδρεύοντες,
1049 843 1129 907 τῷ
1188 845 1593 913 θυσιαστηρίῳ
1650 842 2140 913 συμμερίζονταυ

644 905 809 966 Οῧτω
836 914 933 967 καί
963 905 1015 968 δ’
1042 905 1256 981 Κῦριος
1284 905 1516 977 διέταεὲ
1548 905 1671 977 τοῖς
1701 905 2143 982 τόέὐᾳγγέλιον

642 980 1188 1056 καταγγέλλουσιν,
1213 984 1282 1037 ἐκ
1310 983 1417 1038 τοῦ
1441 981 1794 1052 εὐαγγελίου
1822 980 1950 1051 ζῇν.

645 1092 716 1142 α’.
734 1087 942 1158 Πολλὴν
958 1089 1192 1142 ποιεῖται
1213 1089 1309 1159 τὴν
1338 1087 1593 1159 σπουδὴν,
1609 1087 1749 1141 ὥστε
1770 1084 1939 1150 δεῖξαι
1962 1084 2039 1155 μὴ
2056 1092 2147 1135 κε-

577 1169 893 1239 κωλυμένον
914 1171 974 1223 τὸ
999 1170 1315 1241 λαμϐάνειν.
1338 1172 1537 1244 Διόπερ
1563 1170 1800 1225 τοσαῦτα
1825 1168 1996 1222 εἱπὼν
2041 1162 2145 1236 ιμ-

577 1251 831 1321 προσθεν,
857 1248 956 1304 οὑκ
985 1254 1250 1323 ἠρκέσθη,
1269 1253 1407 1307 ἀλλά
1422 1262 1515 1307 καὶ
1540 1252 1635 1306 ἐπὶ
1657 1253 1749 1306 τὸν
1774 1252 1938 1322 νόμον
1958 1250 2144 1321 χωρεῖν

573 1336 897 1409 οἱκειότερον
924 1335 1017 1389 τοῦ
1045 1339 1312 1409 προτέρου
1355 1337 1609 1407 παρέχων
1644 1336 1972 1405 ὑπόδειγμα.
2010 1331 2147 1387 Οὑδέ

572 1420 682 1490 γάρ
714 1415 782 1491 ἦν
811 1420 923 1473 ίσον
949 1419 1049 1484 τὰς
1097 1419 1224 1491 βοῦς
1246 1432 1273 1461 ι
1306 1420 1652 1490 παραγαγεῖν
1698 1420 1779 1481 είς
1824 1416 2010 1489 μέσον,
2052 1418 2148 1469 καὶ
2185 1418 2191 1424 ’

576 1501 754 1572 ῥητῶς
774 1503 902 1573 περὶ
925 1503 1116 1574 ἱερέων
1140 1503 1304 1572 νόμον
1323 1501 1576 1571 κείμενον
1600 1502 1679 1564 εἱς
1707 1501 1873 1571 μέσον
1899 1500 2145 1568 ἀγαγεῖν.

572 1586 771 1641 Σκόπει
804 1586 863 1641 δέ
904 1603 997 1657 μοι
1041 1586 1144 1639 κάν
1174 1583 1350 1657 τούτῳ
1384 1584 1483 1655 τὴν
1517 1582 1728 1637 Παύλου
1760 1584 1994 1646 σύνεσιν,
2029 1578 2147 1643 πῶς

574 1668 848 1739 μέμνηται
886 1667 981 1722 τοῦ
1014 1669 1336 1740 πράγματος
1376 1666 1823 1738 μεγαλοπρεπῶς.
1869 1660 2005 1720 Οὑδέ
2037 1662 2145 1734 γάρ

571 1746 747 1818 εἶπεν,
776 1751 844 1806 Οἱ
866 1751 933 1806 τά
961 1752 1083 1823 ἱερά
1112 1750 1467 1822 ἐργαζόμενοι
1496 1751 1561 1804 ἐκ
1589 1748 1697 1803 τῶν
1726 1746 2147 1820 προσφερόντων

576 1832 723 1907 λινε]
754 1834 1141 1905 λαμϐάνουσιν·
1171 1834 1307 1889 ἀλλά
1330 1834 1383 1888 τί
1406 1851 1421 1899 ;
1469 1835 1571 1888 Ἕκ
1597 1833 1705 1888 τοῦ
1728 1832 1889 1902 ίεροῦ
1911 1831 2151 1887 ἐσθίου-

573 1930 696 1971 σιν·
729 1917 816 1971 ἵνα
849 1918 987 1989 μήτε
1027 1918 1077 1971 οἱ
1110 1917 1478 1987 λαμϐάνοντες
1510 1914 1896 1981 όνειδίζωνται,
1932 1913 2070 1985 μήτε
2097 1911 2148 1966 οἱ

573 2002 906 2073 παρέχοντες
922 2001 1276 2072 ἐπαίρωνται.
1291 2002 1381 2054 Διὸ
1399 2000 1495 2055 καὶ
1510 2002 1569 2054 τδ
1584 1997 1710 2070 ἐξῆς
1725 1997 1869 2052 οὕτω
1884 1996 2146 2050 τέθεικεν.

573 2083 709 2138 οὑδέ
740 2085 847 2156 γὰρ
884 2084 1005 2137 οὑδέ
1044 2083 1326 2138 ἐνταῦθαιι
1362 2079 1535 2145 εἶπεν,
1567 2084 1630 2137 Οἱ
1667 2081 1747 2153 τῷ
1778 2078 2151 2150 θυσιαστηρίῳ

573 2167 1025 2238 προσεδρεύοντες
1051 2167 1162 2220 ἀπὸ
1181 2166 1289 2222 τῶν
1312 2166 1546 2219 θυόντων
1570 2165 1960 2236 λαμϐάνουσιν,
1991 2162 2149 2227 ἀλλά,

579 2248 666 2316 Τῷ
719 2252 1129 2320 θυσιαστηρίῳ
1173 2249 1643 2319 συμμερίζονται.
1700 2249 1782 2303 Τὰ
1817 2249 1926 2319 γὰρ
1983 2263 2152 2320 προσο

574 2333 863 2406 ενεχθέντα
882 2335 1067 2389 οὑκέτι
1083 2335 1269 2390 λοιπὸν
1291 2335 1400 2388 τῶν
1418 2334 1897 2406 προσενεγκάντων
1911 2327 2000 2404 ἧν,
2015 2329 2153 2384 ἀλλά

575 2415 672 2471 τοῦ
707 2418 851 2487 ἱεροῦ
883 2420 977 2472 καὶ
1009 2417 1103 2472 τοῦ
1136 2418 1546 2489 θυσιαστηρίου.
1587 2419 1698 2471 Kal
1733 2417 1833 2470 οὑκ
1867 2412 2043 2479 εἶπεν,
2068 2414 2151 2467 ὅτι

575 2503 658 2581 Ta
687 2504 808 2576 ἱερά
832 2504 1223 2575 λαμϐάνουσιν,
1254 2505 1391 2571 ἀλλ’,
1419 2507 1519 2559 Ἐκ
1543 2504 1649 2559 τοῦ
1672 2504 1833 2572 ἱεροῦ
1853 2503 2150 2566 ἐσθίουσι,

576 2587 790 2652 δεικνὺς
824 2588 987 2642 πάλιν
1013 2589 1112 2659 τὴν
1141 2588 1504 2660 συμμετρίαν,
1548 2589 1643 2643 καὶ
1670 2588 1753 2641 ὅτι
1791 2587 1852 2639 οὑ
1884 2582 2155 2657 χρηματί⁶

576 2673 766 2737 ζεσθαι
798 2672 881 2726 δεῖ
907 2672 1026 2726 οὑδὲ
1062 2672 1333 2726 πλουτεῖν.
1386 2673 1449 2726 El
1477 2672 1534 2726 δέ
1573 2671 1743 2740 λέγει,
1790 2671 1872 2723 ὅτι
1926 2666 2010 2733 Τῷ
2051 2670 2154 2722 0v-

577 2755 909 2823 σιαστηρίῳ
940 2754 1397 2825 συμμερίζονται
1417 2796 1432 2820 ,
1458 2755 1519 2807 οὑ
1553 2754 1649 2825 τὴν
1676 2752 1857 2824 ἐξίσης
1894 2752 2155 2821 διανομὴν

578 2838 746 2907 λέγει,
776 2838 913 2891 ἀλλά
952 2838 1051 2909 τὴν
1084 2836 1143 2904 ἐξ
1175 2836 1399 2907 όφειλῆς
1434 2836 1717 2908 διδομένην
1758 2836 1942 2898 αὐτοῖς
1972 2849 2154 2904 παρα-

582 2922 798 2994 μυθίαν.
834 2922 1111 2976 Καίτοιτά
1139 2924 1250 2977 τῶν
1276 2922 1588 2977 ἀποστόλων
1616 2921 1838 2993 μείζονα
1865 2917 2045 2987 πολλῷ
2062 2912 2151 2988 ἦν.

591 3006 740 3060 Ἐκεῖ
768 3007 866 3076 μὲν
891 3007 998 3077 γὰρ
1025 3006 1155 3077 τιμὴ
1181 3002 1247 3078 ἦν
1277 3008 1310 3077 ἡ
1337 3006 1601 3078 ἱερωσύνη
1625 3020 1639 3033 ·
1680 3002 1914 3066 ἐνταῦθα
1942 3002 1999 3053 δὲ
2035 3001 2154 3054 κίν-

579 3086 724 3141 δυνοι
750 3088 844 3141 καὶ
876 3090 1083 3156 σφαγαὶ
1112 3090 1206 3143 καὶ
1239 3090 1413 3159 φόνοι.
1464 3088 1663 3158 Διόπερ
1699 3086 1810 3140 τῶν
1846 3083 2022 3137 ἀλλων
2049 3098 2155 3135 πα-

583 3170 961 3241 ραδειγμάτων
982 3172 1239 3224 ἁπάντων
1270 3171 1404 3224 πολὺ
1456 3169 1638 3240 μεῖξον
1682 3164 1751 3241 ἦν
1780 3168 1841 3221 τδ
1866 3166 2064 3234 λέγειν·
2088 3166 2156 3217 El

582 3255 755 3324 ἡμεῖς
781 3254 924 3323 ὑμῖν
946 3256 1019 3309 τὰ
1043 3258 1416 3325 πνευματικὰ
1438 3255 1821 3324 ἐσπείραμεν.
1855 3253 2024 3304 Ὅταν
2047 3250 2155 3320 γάρ

584 3338 736 3411 εῖπῃ,
778 3338 1191 3407 Ἐσπείμιμεν,
1226 3339 1353 3401 τοὺς
1378 3338 1651 3408 χειμῶνας
1684 3338 1778 3391 καὶ
1822 3336 1948 3398 τοὺς
1976 3332 2154 3386 κινδύ-

586 3437 729 3485 νους,
761 3422 854 3473 καὶ
877 3422 973 3484 τὰς
990 3422 1281 3485 ἐπιϐουλάς
1296 3422 1391 3475 καὶ
1412 3423 1483 3474 τά
1510 3422 1692 3491 ἄφατα
1719 3418 1866 3473 κακά
1889 3415 2155 3471 ἐνδείκνυ-

586 3520 697 3565 ται,
752 3503 896 3574 ἇπερ
946 3495 1217 3575 ὑπέμενον
1256 3506 1641 3577 κηρύττοντες.
1703 3503 1841 3555 Ἀλλ’
1870 3504 2023 3570 ὅμως
2066 3498 2159 3550 καὶ

586 3586 851 3656 τοσαύτης
872 3584 1034 3658 οὑσης
1064 3587 1161 3658 τῆς
1190 3588 1480 3659 ὑπεροχῆς,
1519 3587 1618 3639 οὑκ
1647 3583 1911 3655 ἠθέλησεν
1940 3580 2064 3634 οὑτε
2090 3579 2159 3632 τὰ

585 3670 687 3739 τῆς
729 3668 972 3733 Halani;
1015 3669 1372 3733 ταπεινῶσαι,
1403 3668 1525 3722 οὑτε
1568 3666 1637 3721 τά
1686 3666 1882 3721 ἐαυτοῦ
1926 3665 2155 3734 ἐπᾶραι·

588 3756 726 3811 ἀλλά
765 3756 861 3810 καὶ
892 3755 959 3807 τά
990 3753 1183 3808 ἐαυτοῦ
1222 3753 1520 3818 συστέλλει,
1568 3754 1668 3807 οὑκ
1706 3750 1813 3807 ἀπὸ
1839 3752 1946 3804 τῶν
1979 3747 2161 3803 κινδύ-

589 3857 717 3903 νων,
769 3836 885 3892 ἀλλ’
931 3837 1037 3890 ἀπὸ
1063 3836 1155 3889 τοῦ
1188 3837 1453 3907 μεγέθους
1489 3836 1591 3904 τῆς
1621 3836 1831 3907 δωρεάς
1860 3831 2034 3898 διδοὺς
2062 3833 2161 3909 τὴν

592 3923 884 3993 ὑπεροχήν.
929 3920 1003 3973 Οὑ
1035 3920 1144 3999 γὰρ
1171 3915 1343 3998 εἶπεν,
1382 3920 1445 3972 El
1474 3916 1924 3989 ἐκινδυνεύσαμεν
1952 3917 1986 3987 ἢ
2020 3933 2163 3999 παρέ-

590 4002 1049 4074 εϐουλευσάμεθα.
1076 3998 1213 4067 ἀλλ’,
1238 4004 1309 4055 El
1339 4000 1507 4071 ἡμεῖς
1530 4000 1675 4069 ὑμῖν
1694 4000 1766 4053 τὰ
1790 3998 2162 4069 πνευματικὰ

588 4088 977 4157 ἐσπείραμεν·
1013 4089 1107 4140 καὶ
1138 4085 1207 4139 τὰ
1237 4085 1346 4140 τῶν
1398 4086 1611 4155 ἱερέων,
1646 4084 1721 4148 ὡς
1757 4077 1869 4137 οἷόν
1901 4084 1961 4137 τέ
1992 4085 2160 4147 ἐστιν,

592 4174 806 4243 ἐπαίρει
841 4170 1042 4239 λέγων·
1088 4172 1153 4223 Ol
1185 4167 1259 4223 τὰ
1286 4169 1411 4237 ιερὰ
1442 4166 1837 4239 ἐργαζόμενοι,
1874 4168 1972 4222 καὶ
2007 4171 2061 4223 οί
2084 4162 2165 4232 τῷ

592 4255 999 4322 θυσιαστηρίῳ
1042 4250 1569 4321 προσεδρεύοντες,
1622 4252 1720 4323 τὴν
1767 4250 1991 4322 διηνεκῆ
2042 4249 2163 4302 δου-

592 4336 740 4390 λείαν
773 4337 955 4390 αὑτῶν
985 4336 1076 4391 καλ⁸
1116 4338 1213 4406 τὴν
1240 4336 1535 4407 καρτερίαν
1563 4335 1650 4389 διὰ
1695 4334 1900 4389 τούτων
1932 4332 2164 4397 ἐνδείξα-

593 4419 717 4473 σθαι
759 4418 1099 4489 βουλόμενος.
1136 4418 1245 4471 Kal
1276 4418 1445 4471 εἰπὼν
1490 4419 1616 4482 τοὺς
1650 4416 1830 4490 ἱερέας
1859 4418 1983 4479 τοὺς
2015 4416 2165 4486 παρά

604 4500 1032 4567 ’1ουδαίοις,τοὺς
1052 4518 1110 4555 τε
1123 4500 1354 4564 Λευίτας
1376 4500 1502 4562 τούς
1520 4518 1580 4555 τε
1600 4500 1912 4572 ἀρχιερέας,
1928 4500 2162 4568 ἑκάτερα

590 4584 661 4637 τὰ
712 4585 966 4655 τάγματα
1001 4585 1261 4657 ἐδήλωσε,
1297 4585 1391 4639 καὶ
1436 4584 1505 4639 τά
1537 4584 1942 4655 καταδεέστερα
1972 4585 2164 4639 καὶτὰ

593 4667 956 4738 ὑπερέχοντα·
989 4669 1058 4723 τά
1109 4668 1206 4740 μὲν
1237 4668 1324 4722 διά
1356 4668 1449 4722 τοῦ
1493 4668 1692 4737 λέγειν,
1725 4670 1790 4723 Οἱ
1818 4670 1892 4722 τὰ
1921 4668 2047 4736 ἱερὰ
2075 4668 2167 4736 ἐρ-

592 4748 919 4819 γαζόμενοι,
942 4753 1010 4806 τὰ
1032 4752 1088 4805 δέ
1114 4752 1199 4805 διά
1216 4752 1310 4805 τοῦ
1337 4753 1531 4819 είπεῖν,
1563 4755 1627 4806 Ol
1652 4751 1732 4817 τῷ
1760 4751 2167 4820 θυσιαστηρίῳ

594 4834 1122 4905 προσεδρεύοντες.
1156 4835 1288 4888 Οὑδέ
1320 4835 1429 4906 γάρ
1464 4828 1627 4889 πᾶσιν
1653 4836 1711 4891 ἓν
1740 4837 2167 4907 ἐπιτεταγμένον

592 4918 756 4989 ἔργον
784 4913 886 4988 ἦν·
917 4917 1032 4971 ἀλλ’
1070 4918 1119 4970 οἱ
1152 4916 1251 4987 μὲν
1300 4916 1371 4970 τά
1419 4917 1723 4988 παχύτερα,
1756 4921 1806 4972 οἱ
1838 4920 1896 4973 δὲ
1932 4920 2001 4973 τά
2030 4918 2169 4991 ὑψη-

594 5002 789 5072 λότερα
817 4996 959 5073 ἦσαν
982 4998 1471 5070 ἐγκεχειρισμένοι.
1506 4999 1722 5064 Πάντας
1746 5000 1923 5053 τοίνυν
1944 5000 2168 5067 τούτους

596 5085 928 5155 περιλαϐὼν,
960 5085 1048 5139 ῖνα
1079 5085 1155 5156 μή
1205 5100 1290 5147 τις
1331 5083 1487 5155 λέγῃ,
1519 5082 1585 5136 Τί
1616 5082 1715 5154 τῆς
1758 5082 2007 5148 Παλαιᾶς
2038 5085 2170 5156 ἡμῖν

601 5168 912 5239 μέμνησαις
936 5170 1037 5223 οὑκ
1067 5165 1221 5223 οἶσθα
1247 5167 1329 5221 ὅτι
1358 5165 1796 5239 προσταγμάτων
1821 5165 2170 5236 τελειοτέρων

598 5250 731 5321 ἡμῖν
764 5251 795 5303 ό
819 5252 1043 5322 καιρός;
1088 5251 1207 5324 μετ’
1247 5253 1431 5306 ἐκεῖνα
1475 5250 1656 5305 πάντα
1679 5250 1743 5304 τδ
1771 5249 1991 5305 πάντων
2022 5251 2171 5321 ίσχυ-

602 5335 822 5405 ρότερον
872 5334 1117 5389 τέθεικεν
1159 5335 1359 5391 είπών·
1404 5336 1569 5391 Οὕτω
1605 5334 1705 5389 καὶ
1741 5337 1774 5389 ό
1806 5336 2022 5405 Κύριος
2054 5336 2170 5390 διέ-

596 5418 742 5482 ταξε
766 5416 890 5487 τοῖς
921 5417 987 5469 τό
1018 5420 1369 5490 εὐαγγέλιον
1396 5420 1940 5491 καταγγέλλουσιν,
1973 5420 2042 5474 ἐκ
2063 5419 2171 5475 τοῦ

598 5500 955 5575 εὐαγγελίου
978 5497 1103 5568 ζῇν.
1119 5503 1229 5557 Kal
1252 5504 1375 5558 οὑδὲ
1395 5503 1629 5559 ἐνταῦθα
1653 5504 1718 5557 ἐκ
1733 5502 1843 5557 τῶν
1866 5500 2170 5574 ἀνθρώπων

601 5585 746 5652 λέγει
798 5582 1112 5658 τρέφεσθαι,
1147 5585 1260 5639 ἀλλ’
1287 5586 1474 5661 ὥσπερ
1519 5578 1755 5643 ἐπὶτῶν
1806 5587 2017 5659 ἱερέων,
2070 5586 2170 5641 Ἕκ.

601 5669 709 5725 τοῦ
754 5670 936 5740 ίεροῦ,
984 5669 1081 5723 καὶ
1139 5670 1242 5724 Ἕκ
1274 5670 1379 5725 τοῦ
1411 5674 1870 5743 θυσιαστηρίου,
1900 5672 2043 5728 οὑτω
2076 5674 2171 5727 καὶ

669 5772 695 5843 _‘
725 5774 868 5843 Reg._,
887 5776 1009 5843 τοὺς
1031 5773 1162 5837 βοῦς.
1183 5776 1422 5843 ,ει-ρειηο
1454 5782 1567 5843 βοαί
1584 5778 1884 5843 [detqyo'pov
1917 5779 1994 5833 ἐπὶ
2014 5779 2170 5843 τούτῳ

610 5835 816 5895 κείμενον
836 5835 1113 5899 ἀναγνῶναι.
1183 5836 1209 5876 δ
1246 5836 1437 5897 Deerat,
1458 5835 1567 5887 οὐδὲ
1588 5838 1797 5888 ἐνταῦθα.

2243 699 2495 762 ἐνταῦθα,
2542 699 2645 754 Ἐκ
2691 696 2799 749 τοῦ
2845 691 3223 763 εὐαγγελίου,
3276 687 3579 763 φησί·’καὶ
3626 690 3821 760 ὥσπερ

2242 780 2358 833 ἐκεῖ
2384 780 2658 841 Ἐσθίειν,
2678 778 2853 838 οὑτως
2875 775 3108 829 ἐνταῦθα
3130 774 3275 843 Ζῆν,
3296 776 3398 828 οὑκ
3415 772 3821 843 ἐμπορεύεσθαι

2241 861 2362 914 οὑδὲ
2404 858 2777 933 θησαυρίζειν.
2834 858 3032 923 Ἄξιος
3080 858 3211 928 γὰρ,
3262 856 3445 927 φησὶν,
3490 858 3522 908 ὀ
3562 852 3824 922 ἐργάτης

2242 946 2349 999 τοῦ
2377 945 2599 1014 μισθοῦ
2631 943 2840 997 αὐτοῦ.
2884 941 3025 1009 Ἐγὼ
3054 940 3121 993 δὲ
3152 938 3356 994 οὐδενὶ
3388 940 3614 993 τούτων
3646 938 3824 1006 ἐχρη-

2243 1029 2467 1098 σάμην.
2511 1028 2576 1081 Τί
2602 1024 2716 1090 οὖν,
2753 1028 2801 1079 εἰ
2840 1026 2914 1095 μὴ
2954 1026 3193 1095 ἐχρήσω,
3252 1023 3409 1093 φησὶ,
3440 1021 3558 1086 νῦν,
3592 1022 3727 1093 πρὸς
3764 1020 3824 1073 δὲ

2244 1112 2307 1164 τὸ
2357 1111 2549 1182 μέλλον
2604 1110 2912 1182 χρήσασθαι
2956 1108 3157 1178 βούλει,
3202 1108 3297 1160 καὶ
3327 1107 3416 1160 διὰ
3446 1106 3603 1159 τοῦτο
3647 1103 3827 1158 ταῦτα

2246 1195 2454 1263 λέγεις;
2494 1195 2740 1263 Ἀπαγε·
2778 1193 2872 1246 καὶ
2904 1193 3014 1263 γάρ
3042 1192 3131 1244 διὰ
3160 1192 3315 1245 τοῦτο
3359 1190 3568 1260 ταχέως
3598 1191 3663 1259 τῇ
3698 1190 3826 1240 ἐπι-

2249 1276 2533 1349 διορθώσει
2567 1278 2856 1347 ἐχρήσατο,
2890 1275 3064 1339 οὕτως
3108 1275 3297 1329 εἰπών·
3336 1277 3459 1329 Οὐκ
3492 1274 3725 1343 ἔγραψα
3758 1271 3830 1325 δέ

2247 1362 2455 1428 ταῦτα,
2490 1360 2591 1413 Ira
2634 1360 2790 1414 οὕτω
2837 1358 3101 1429 γένηταικ
3123 1358 3195 1413 έν
3225 1358 3376 1427 ἐμοί.
3427 1357 3538 1410 Kal
3567 1358 3669 1427 ὃρα
3704 1354 3829 1425 μεθ’

2248 1445 2381 1514 ὅσης
2440 1443 2801 1513 σφοδρότητος
2884 1442 3128 1512 ἀρνεῖται
3186 1441 3280 1494 καὶ
3316 1434 3695 1510 ιδιακροὺεται
3764 1434 3829 1491 τὸ

2250 1527 2513 1597 πρᾶγμα·
2560 1524 2764 1580 Καλὸν
2796 1522 2911 1593 γάρ
2950 1540 3053 1593 μοι
3093 1521 3338 1593 μᾶλλον
3385 1519 3729 1584 ἀποθανεῖν,
3786 1514 3827 1585 ἢ

2248 1611 2313 1663 τὸ
2345 1610 2626 1678 καύχημά
2664 1626 2780 1676 μου
2822 1608 2923 1661 ἵνα
2953 1625 3043 1674 τις
3073 1608 3333 1676 κενώσει.
3386 1607 3496 1659 Kal
3526 1606 3625 1674 οὑχ
3677 1598 3832 1666 ἅπαξ

2248 1692 2368 1746 οὑδὲ
2414 1693 2515 1757 δὶς,
2574 1691 2711 1746 ma
2768 1693 2863 1745 καὶ
2908 1692 3171 1756 πολλάκις
3222 1691 3487 1761 κέχρηται
3542 1690 3615 1758 τῇ
3667 1687 3832 1759 ῥήσει

2246 1774 2452 1846 ταύτῃ·
2507 1775 2603 1827 καὶ
2651 1775 2758 1844 γὰρ
2802 1774 3062 1844 ἀνωτέρω
3094 1773 3244 1844 [193]
3284 1770 3458 1837 εἶπεν,
3499 1774 3621 1825 οὐκ
3653 1770 3835 1837 ἔχρη⁴

2249 1857 2482 1927 σάμεθα
2506 1854 2581 1924 τῇ
2605 1855 2862 1924 ἐξουσίᾳ
2890 1857 3078 1924 ταύτῃ
3099 1872 3113 1887 ·
3152 1856 3247 1909 καὶ
3276 1856 3413 1925 μετά
3441 1854 3613 1908 ταῦτα
3643 1851 3832 1915 πάλιν,

2252 1943 2357 2007 Είς
2398 1941 2467 1994 τὸ
2505 1939 2593 2009 μὴ
2646 1940 3147 2009 καταχρήσασθαί
3174 1956 3250 2009 με
3288 1937 3364 2006 τῇ
3400 1937 3656 2003 ἐξουσίᾳ
3680 1949 3832 2003 μου·

2252 2024 2346 2077 καὶ
2372 2022 2625 2085 ἐνταῦθα,
2679 2022 2821 2092 Ἐγὼ
2847 2021 2915 2075 δὲ
2953 2021 3157 2076 οὐδενὶ
3195 2021 3424 2074 τούτων
3454 2019 3834 2086 ἐνρησόμην.

2257 2108 2506 2168 Τούτων,
2540 2107 2741 2171 ποίωνς
2774 2102 2895 2158 Τῶν
2932 2101 3145 2158 πολλῶν
3182 2103 3664 2175 παραδειγμάτων.
3698 2098 3839 2153 Πολ·

2251 2189 2358 2241 λῶν
2392 2188 2502 2260 γάρ
2533 2207 2624 2255 μοι
2650 2189 2999 2259 παρεχόντων
3025 2188 3277 2254 ἐξουσίαν
3296 2226 3312 2250 ,
3341 2185 3437 2240 τοῦ
3472 2182 3838 2255 στρατιώτου,

2251 2271 2347 2325 τοῦ
2394 2271 2666 2343 γεωργοῦ,
2714 2270 2807 2325 τοῦ
2861 2271 3140 2341 ποιμένος,
3198 2264 3305 2323 τῶν
3361 2267 3696 2329 ἀποστόλων,
3740 2264 3839 2318 τοῦ

2252 2356 2438 2426 νόμου,
2466 2354 2574 2408 τῶν
2601 2354 2731 2425 παρ’
2758 2354 2917 2424 ἡμῶν
2941 2353 3020 2415 εἰς
3048 2354 3190 2423 ὑμᾶς
3218 2352 3543 2421 γινομένων,
3566 2350 3675 2402 τῶν
3704 2350 3840 2417 παρ’

2252 2437 2407 2508 ὑμῶν
2451 2439 2532 2500 εἱς
2577 2441 2705 2501 τοὺς
2738 2437 2953 2499 ἀλλους,
2985 2434 3093 2488 τῶν
3120 2436 3331 2504 ἱερέων,
3357 2433 3449 2486 τοῦ
3478 2432 3843 2501 προστάγμαο

2251 2537 2344 2583 τος
2372 2518 2466 2572 τοῦ
2497 2519 2760 2588 Χριστοῦ,
2792 2519 2965 2571 οὐδενὶ
3003 2517 3207 2571 τούτων
3246 2517 3507 2586 ἐπείσθην
3540 2518 3617 2579 εἱς
3646 2514 3706 2566 τὸ
3740 2531 3844 2567 κα-

2252 2603 2481 2657 ταλῦσαι
2527 2600 2619 2656 τὸν
2676 2601 2916 2674 ἐμαυτοῦ
2973 2603 3163 2672 νόμον,
3223 2601 3317 2656 καὶ
3354 2601 3560 2654 λαϐεῖν.
3620 2600 3729 2652 Kal
3762 2599 3840 2669 μή

2257 2706 2347 2760 μοι
2379 2687 2451 2741 τὰ
2498 2684 2838 2756 παρελθόντα
2884 2686 3009 2755 λέγε
3031 2704 3045 2717 ·
3077 2684 3256 2740 καίτοι
3286 2702 3349 2754 γε
3393 2685 3501 2755 ἔχω
3530 2685 3725 2745 εἰπεῖν,
3755 2682 3843 2735 ὅτι

2254 2770 2427 2825 πολλὰ
2457 2767 2552 2823 καὶ
2577 2769 2638 2824 ἐν
2678 2773 2791 2834 τοῖς
2822 2768 3188 2842 παρελθοῦσιν
3228 2770 3497 2839 ὑπέμεινα
3526 2767 3614 2820 διὰ
3642 2764 3805 2818 τοῦτο
3823 2780 3836 2796 ·

2254 2854 2370 2909 ἀλλ’
2398 2856 2548 2925 ὅμως
2576 2854 2676 2907 οὐκ
2703 2854 2932 2917 ἐκείνοις
2965 2851 3315 2925 ἰσχυρίζομαι
3345 2850 3548 2919 μόνοις,
3579 2848 3715 2903 ἀλλὰ
3746 2850 3842 2901 καὶ

2254 2936 2384 3008 περὶ
2444 2936 2551 2988 τῶν
2613 2936 2918 3005 μελλόντων
2977 2934 3377 3005 ὑπισχνοῦμαι,
3431 2934 3514 2986 ὅτι
3575 2928 3842 3000 αἱροῦμαι

2257 3020 2458 3090 μᾶλλον
2513 3018 2806 3072 ἀποθανεῖν
2854 3017 3021 3089 λιμῷ,
3065 3017 3338 3088 ἢτούτων
3394 3013 3842 3085 ἀποστερηθῆναι

2255 3098 2365 3152 τῶν
2393 3097 2692 3167 στεφάνων.
2723 3097 2926 3152 Καλὸν
2953 3094 3067 3166 γάρ
3095 3114 3197 3165 μοι
3223 3095 3466 3165 μᾶλλον
3487 3092 3841 3155 ἀποθανεῖν,

2258 3182 2443 3252 φησὶν,
2486 3182 2525 3250 ἢ
2571 3182 2639 3235 τὸ
2683 3179 2964 3251 καύχημά
3006 3196 3127 3248 μου
3166 3181 3267 3232 ἵνα
3300 3194 3386 3245 τις
3428 3176 3688 3245 κενώσῃ.
3723 3177 3842 3229 Οὐκ

2257 3255 2429 3324 εἶπεν,
2467 3260 2537 3311 Ἦ
2580 3259 2672 3313 τὸν
2715 3260 2878 3329 νόμον
2928 3274 3030 3329 μου
3059 3258 3146 3309 ἴνα
3180 3274 3266 3320 τις
3317 3256 3618 3326 καταλύσῃ,
3679 3254 3838 3316 ἀλλά,

2264 3344 2333 3397 Τὸ
2372 3345 2671 3414 καύχημα.
2719 3345 2838 3397 ’Ὶνα
2874 3342 2985 3413 γὰρ
3018 3343 3092 3413 μὴ
3132 3342 3269 3413 λέγῃ
3307 3358 3411 3404 τις,
3445 3342 3527 3395 ὅτι
3560 3342 3711 3393 Ποιεῖ
3740 3339 3843 3409 μὶν

2259 3426 2412 3489 αὑτό,
2462 3428 2522 3479 οὑ
2572 3428 2776 3498 χαίρων
2823 3428 2900 3492 δὲ,
2937 3426 3073 3479 ἀλλά
3108 3424 3309 3479 στένων
3348 3424 3442 3477 καὶ
3479 3423 3841 3491 ὀδυνώμενος,

2258 3506 2360 3575 τὴν
2389 3505 2694 3576 ὑπερϐολὴν
2750 3505 2850 3576 τῆς
2894 3506 3070 3575 χαρᾶς
3129 3502 3302 3569 δεῖξαι
3365 3503 3533 3555 θέλων
3584 3501 3682 3553 καὶ
3741 3498 3845 3569 τὴν

2263 3587 2579 3659 περιουσίαν
2610 3590 2707 3658 τῆς
2738 3587 3066 3657 προθυμίας,
3097 3587 3193 3638 καὶ
3222 3585 3489 3657 καύχημα
3520 3584 3580 3637 τὸ
3608 3584 3844 3655 πρᾶγμα

2261 3672 2435 3725 καλεῖ.
2464 3670 2729 3725 Τοσοῦτον
2757 3672 2984 3741 ἀπεῖχεν
3009 3670 3318 3734 ὀδυνᾶσθαι,
3346 3670 3428 3723 ὃτι
3454 3669 3549 3721 καὶ
3571 3668 3843 3737 καυχᾶται

2262 3756 2357 3808 καὶ
2377 3754 2668 3808 ἀποθανεῖν
2704 3756 2939 3826 αἱρεῖται
2978 3753 3199 3824 μᾶλλον,
3228 3754 3262 3824 ἢ
3296 3755 3549 3806 ἐκπεσεῖν
3577 3751 3672 3804 τοῦ
3710 3768 3845 3804 καυ-

2263 3838 2506 3909 χήματος
2532 3837 2742 3892 τούτου.
2771 3838 2927 3891 Οῦτω
2955 3838 3047 3890 καὶ
3075 3837 3220 3908 ζωῆς
3249 3836 3397 3907 αὑτῷ
3423 3833 3753 3905 γλυκύτερον
3776 3829 3843 3903 ἦν

2261 3921 2323 3975 τὸ
2348 3921 2654 3989 γινόμενον.

2336 4006 2401 4077 β’.
2432 4003 2563 4059 Εἶτα
2593 4006 2688 4059 καὶ
2710 4004 2974 4075 ἑτέρωθεν
3020 4005 3240 4075 ἐπαίρει
3290 4004 3442 4069 αὑτδ,
3468 4002 3563 4056 καὶ
3608 4000 3844 4055 δείκνυσι

2268 4089 2407 4159 μέγα
2422 4088 2501 4153 ὃν,
2520 4090 2618 4158 οὑχ
2634 4088 2720 4141 ῐνα
2739 4087 2929 4140 ἑαυτὸν
2948 4088 3200 4159 λαμπρὸν
3225 4089 3501 4159 ἀποφήνῃ·
3526 4086 3717 4159 πόῤῥω
3731 4088 3844 4160 γὰρ

2263 4165 2418 4233 οὗτος
2445 4172 2655 4226 ἐκείνου
2688 4171 2782 4225 τοῦ
2819 4172 3056 4235 πάθους·
3087 4171 3201 4225 ἀλλ’
3232 4172 3319 4226 ῖνα
3356 4172 3504 4245 δείξῃ
3530 4172 3611 4223 ὅτι
3640 4170 3841 4240 χαίρει,

2265 4256 2359 4307 καὶ
2382 4254 2483 4326 τὴν
2505 4253 2739 4325 ὑποψίαν
2764 4257 2829 4309 ἐκ
2855 4256 3173 4326 περιουσίας
3195 4256 3381 4328 ἀνέλῃ.
3412 4255 3513 4308 Διά
3536 4254 3645 4323 γάρ
3665 4254 3843 4316 τοῦτο,

2265 4338 2341 4401 ὡς
2369 4336 2538 4407 ἔφθην
2563 4338 2753 4402 εἰπὼν,
2785 4340 2881 4393 καὶ
2912 4339 3173 4411 καύχημα
3204 4340 3337 4394 αὑτὸ
3365 4338 3610 4393 ἐκάλεσε.
3640 4338 3750 4391 Kal
3791 4340 3845 4392 τί

2266 4437 2459 4491 φησιν;
2523 4422 2666 4477 Ἐὰν
2720 4421 2831 4490 γὰρ
2873 4422 3355 4492 εὐαγγελίζωμαι,
3406 4423 3519 4476 οὐκ
3565 4419 3697 4473 ἐστι
3742 4438 3845 4489 μοι

2268 4505 2583 4573 καύχημα·
2634 4505 2868 4573 ἀνάγκη
2915 4504 3025 4575 γάρ
3068 4524 3172 4576 μοι
3221 4506 3538 4559 ἐπίκειται·
3597 4504 3728 4557 οὐαί
3776 4502 3847 4555 δὲ

2263 4588 2367 4657 μοί
2402 4588 2595 4651 ἐστιν,
2645 4587 2756 4640 ἐὰν
2794 4586 2881 4657 μὴ
2916 4587 3413 4659 εὐαγγελίζωμαι]
3439 4588 3509 4640 El
3546 4587 3657 4656 γὰρ
3687 4578 3847 4640 ἑκὼν

2266 4670 2442 4723 τοῦτο
2470 4669 2746 4743 πράσσω.
2776 4671 3004 4740 μισθὸν
3042 4673 3161 4743 ἔχω
3180 4688 3193 4702 ·
3226 4674 3278 4726 εὶ
3308 4670 3378 4724 δὲ
3402 4670 3583 4734 άκων,
3611 4673 3845 4723 οἰκονο-

2260 4753 2411 4821 μίαν
2448 4752 2867 4823 πεπίστευμαι.
2926 4756 3021 4823 Τίς
3050 4752 3167 4811 οὖν
3198 4756 3303 4824 μοί
3331 4754 3501 4806 ἐστιν
3534 4755 3567 4806 ὁ
3586 4754 3843 4822 μισθός;

2270 4834 2406 4888 Ἵνα
2442 4836 2986 4907 εὐαγγελιζόμενος,
3026 4838 3342 4894 ἀδάπανον
3372 4836 3538 4903 θήσω
3569 4838 3635 4891 τὸ
3665 4839 3842 4906 εὐαγ-

2268 4920 2471 4989 γέλιον
2488 4918 2593 4999 τοῦ
2622 4923 2901 4989 Χριστοῦ,
2926 4926 3015 4989 είς
3044 4924 3113 4976 τὸ
3134 4921 3221 4991 μὴ
3250 4919 3746 4989 καταχρήσασθαι
3767 4920 3843 4989 τῇ

2267 5001 2519 5068 ἐξουσίᾳ
2569 5020 2689 5071 μου
2731 5005 2802 5057 ἐν
2851 5005 2932 5071 τῷ
2989 5004 3343 5073 εὐαγγελίῳ.
3382 5003 3446 5055 Τί
3488 5003 3686 5072 λέγεις,
3719 5005 3840 5057 εἰπέ

2272 5100 2396 5153 μοις
2445 5084 2540 5138 ἐὰν
2578 5087 2925 5161 εὑαγγελίζῃ,
2964 5089 3066 5142 οὑκ
3105 5087 3221 5141 ἐστι
3275 5103 3358 5140 σοι
3402 5082 3686 5158 καύχημα,
3723 5088 3840 5143 ἀλλ’

2270 5168 2366 5220 ἐὰν
2397 5168 2669 5223 ἀδάπανον
2696 5172 2795 5244 θῇς
2833 5174 2895 5226 τὸ
2923 5170 3274 5239 εὐαγγέλιον;
3304 5169 3499 5225 οὐκοῦν
3535 5170 3697 5226 τοῦτο
3726 5173 3842 5241 μεῖ-

2271 5248 2362 5315 ζον
2386 5252 2625 5319 ἐκείνους
2651 5254 2917 5326 Οὐδαμῶς
2938 5271 2952 5285 ·
2982 5253 3099 5308 ἀλλ’
3129 5253 3396 5324 ἑτέρωθεν
3421 5252 3534 5326 εχει
3561 5273 3617 5309 τι
3646 5255 3839 5308 πλέον·

2270 5333 2349 5387 δτι
2376 5334 2436 5388 τὸ
2466 5336 2567 5405 μέν
2604 5339 2752 5392 ἐστιν
2782 5337 3084 5406 ἐπίταγμα,
3113 5336 3175 5390 τὺ
3205 5337 3261 5391 δέ
3286 5337 3387 5408 τῆς
3418 5339 3557 5409 ἐμῆς
3580 5334 3839 5409 προαιρέ-

2272 5433 2409 5481 σεως
2444 5420 2796 5491 κατόρθωμα.
2861 5420 2928 5472 Ἃ
2974 5420 3074 5489 μὲν
3128 5422 3238 5493 γάρ
3293 5410 3434 5493 ὑπέρ
3470 5420 3569 5491 τήν
3620 5418 3841 5488 ἐντολὴν

2267 5499 2499 5568 γίνεται,
2538 5504 2708 5556 πολὺν
2735 5502 2851 5573 ιχει
2878 5502 2973 5555 τὸν
3017 5504 3209 5574 μισθὸν
3238 5506 3382 5559 κατά
3405 5503 3567 5558 τοῦτο
3590 5519 3604 5532 ·
3636 5500 3674 5555 α
3699 5500 3758 5555 δέ
3783 5503 3840 5555 ἐν

2270 5584 2486 5655 ἐντολῆς
2511 5585 2685 5651 τάξει,
2706 5586 2775 5661 ,οὑ
2820 5584 3093 5642 τοσοῦτον.
3124 5588 3286 5641 Ὥστε
3311 5586 3456 5642 κατά
3490 5583 3650 5638 τοῦτό
3684 5600 3837 5655 φησι,

2267 5665 2425 5721 τοῦτο
2470 5670 2679 5722 ἐκείνου
2725 5666 2886 5721 πλέον
2941 5665 3099 5735 εῖναι,
3130 5672 3193 5725 οὑ
3221 5672 3343 5725 κατ’
3368 5669 3538 5739 αὐτὴν
3564 5666 3660 5719 τοῦ
3701 5670 3838 5734 πρά-

2268 5766 2476 5819 γματος
2501 5752 2600 5822 τὴν
2650 5749 2832 5819 φύσιν.
2871 5751 2935 5805 Τί
2959 5752 3066 5825 γάρ
3086 5755 3180 5809 τοῦ
3222 5752 3456 5825 κηρῦξαι
3488 5751 3632 5817 [σονς
3668 5750 3837 5804 Ἰοῦτο

2268 5835 2377 5904 γάρ
2423 5837 2519 5892 καὶ
2574 5834 2710 5904 πρὸς
2757 5836 2884 5900 τοὺς
2936 5837 3201 5904 ἀγγέλους
3252 5838 3449 5900 αὑτοὺς
3506 5835 3835 5907 ἁμιλλᾶσθαι
