4022 6214
222 297 312 355 iiii

1255 283 1321 339 ΙΝ
1361 280 1575 340 EPIST.
1619 280 1639 335 ι
1702 277 1793 335 AD
1831 276 1990 335 (ΞΟΠ.
2031 274 2261 332 HOMIL.
2303 272 2472 330 XXII.

3406 283 3507 340 ιετι

232 413 2729 446 _____________________________________________

1516 488 1861 551 HOMILIA
1904 473 2129 552 XXII.-

218 676 350 731 (In.
395 669 449 723 9.
494 682 544 721 ν.
588 666 673 720 l5.
735 662 958 718 Nescitis
1001 658 1139 730 quod
1177 659 1264 727 qui
1312 672 1459 711 sacra
1511 665 1810 725 operantur,

291 777 357 816 ev
384 758 609 815 sacrario
634 756 802 809 vivunt
825 754 850 806 2
874 754 959 822 qui
984 752 1139 805 altari
1159 750 1467 814 deserviunt,
1517 761 1632 798 cum
1659 743 1814 797 altari

294 850 649 923 participant?
701 849 789 902 Η.
841 845 927 899 lta
961 852 1009 898 et
1048 842 1297 897 Dominus
1326 839 1576 895 ordinavit
1608 838 1691 903 iis,
1727 836 1814 906 qui

294 942 608 1011 evangelium
637 937 960 1001 annuntiant,
1000 934 1064 988 de
1091 933 1350 1004 evangelio
1378 933 1561 985 vivere.

292 1038 344 1091 l.
389 1033 608 1089 nultum
632 1039 786 1086 curat
812 1026 1099 1082 ostendere
1124 1040 1229 1080 non
1260 1039 1383 1079 esse
1408 1026 1637 1077 vetitum
1667 1019 1812 1074 acci-

222 1142 368 1199 pere.
406 1123 634 1192 Ideoque
660 1135 782 1173 cum
826 1126 905 1172 tot
936 1125 1190 1186 tantaque
1228 1122 1384 1166 antea
1428 1111 1676 1175 dixisset,
1708 1123 1813 1162 non

221 1220 351 1274 satis
392 1216 600 1278 habuit,
654 1212 749 1269 sed
776 1211 938 1265 etiam
964 1208 1031 1262 ad
1063 1207 1234 1277 legem
1267 1203 1529 1274 procedit,
1564 1201 1812 1272 praebens

224 1310 535 1379 exemplum
571 1306 734 1378 priori
761 1299 1185 1359 convenientius.
1231 1295 1349 1351 Non
1403 1295 1546 1349 enim
1591 1308 1690 1366 par
1729 1307 1817 1347 res

222 1411 336 1455 erat
366 1402 531 1455 boves
561 1399 611 1451 in
640 1394 877 1450 medium
906 1390 1194 1451 adducere,
1245 1393 1301 1441 et
1325 1384 1498 1454 legem
1539 1382 1607 1437 de
1633 1395 1817 1435 sacer-

223 1494 441 1547 dotibus
470 1489 670 1543 diserte
698 1486 857 1538 latam
897 1480 1110 1535 afferre.
1137 1474 1417 1545 Perpende
1460 1482 1641 1527 autem
1689 1470 1816 1543 mihi

225 1586 386 1639 etiam
421 1583 475 1635 in
509 1580 611 1633 hoc
641 1576 786 1631 Pauli
819 1570 1185 1643 prudentiam,
1213 1581 1372 1638 quam
1399 1565 1596 1619 decore
1622 1571 1679 1618 et
1708 1577 1817 1615 ma-

224 1677 420 1743 gniﬁce
460 1686 577 1725 rem
616 1674 897 1722 memoret.
942 1662 1127 1732 Neque
1152 1661 1293 1715 enim
1336 1657 1473 1713 dixit
1502 1674 1515 1710 :
1544 1654 1643 1721 Qui
1668 1666 1817 1707 sacra

228 1742 520 1834 operantur
558 1760 627 1815 ab
672 1756 1021 1812 offerentibus
1064 1751 1365 1819 accipiunt;
1398 1746 1492 1801 sed
1519 1745 1685 1817 quid?
1739 1742 1822 1796 Ea:

226 1855 456 1909 sacrario
487 1852 697 1914 vivunt;
750 1858 807 1901 ut
836 1861 937 1901 nec
981 1844 1307 1913 accipientes
1340 1838 1536 1909 probro
1574 1835 1819 1890 allician-

230 1958 363 2012 tur,
416 1958 515 1998 nec
556 1941 645 2012 qui
694 1937 937 2011 praebent
982 1934 1329 1990 extollantur.
1378 1929 1717 1996 Quapropter
1766 1924 1821 1978 id

229 2039 374 2111 quod
422 2035 667 2106 sequitur
704 2033 783 2087 sic
826 2029 1021 2099 posuit.
1052 2026 1234 2095 Neque
1256 2023 1344 2077 hic
1372 2022 1514 2077 enim
1544 2018 1821 2111 dixit,_Qui

226 2108 387 2185 altari
414 2127 673 2190 assident,
701 2124 769 2177 ab
794 2118 1192 2175 immolantibus
1222 2114 1525 2183 accipiunt;
1555 2110 1671 2174 sed,
1696 2108 1823 2164 Cum

228 2222 386 2276 altari
412 2218 736 2289 participant.
770 2212 902 2267 Nam
924 2225 1045 2280 qtae
1068 2208 1248 2262 oblata
1280 2205 1512 2269 fuerant,
1544 2216 1651 2255 non
1684 2199 1821 2253 ultra

232 2310 576 2367 offerentium
611 2316 785 2371 erant,
826 2304 921 2359 sed
953 2302 1173 2356 sacrarii
1214 2309 1271 2361 et
1291 2297 1496 2353 altaris.
1523 2295 1632 2349 Nec
1656 2292 1821 2353 dixit,

231 2405 397 2460 Sacra
419 2400 704 2470 accipiunt,
730 2396 847 2461 sed,
870 2394 951 2450 Ea:
973 2393 1200 2448 sacrario
1221 2390 1387 2445 vivunt
1406 2405 1424 2449 ;
1443 2402 1631 2442 rursus
1646 2393 1826 2441 osten-

231 2497 370 2552 dens
398 2492 819 2549 moderationem
841 2531 855 2554 ,
898 2495 954 2544 et
995 2485 1138 2556 quod
1168 2500 1274 2537 non
1298 2480 1549 2552 oporteat
1572 2478 1828 2550 pecunias

234 2589 495 2655 colligere
521 2599 621 2639 nec
648 2582 827 2637 ditari.
856 2579 915 2635 Si
942 2588 1122 2633 autem
1148 2576 1296 2641 dicit,
1336 2575 1461 2628 Cum
1487 2573 1639 2627 altari
1670 2570 1831 2641 parti-

233 2681 432 2746 cipant,
480 2689 585 2729 non
606 2688 672 2728 ex
700 2686 852 2741 aequo
882 2669 1074 2723 factam
1102 2665 1532 2721 distributionem
1556 2662 1705 2724 dicit,
1733 2660 1829 2715 sed

236 2769 292 2824 id
315 2766 459 2838 quod
490 2780 559 2820 ex
588 2763 770 2818 debito
791 2763 949 2816 datur
969 2759 1049 2814 eis
1071 2757 1341 2812 solatium.
1363 2756 1521 2826 Atqui
1543 2755 1697 2822 longe
1717 2767 1831 2809 ma-

233 2863 354 2929 jora
388 2858 527 2928 apud
555 2856 826 2926 apostolos
853 2860 1027 2907 erant.
1080 2849 1189 2904 Illic
1216 2851 1359 2904 enim
1388 2847 1563 2901 honor
1588 2853 1705 2900 erat
1742 2858 1833 2911 sa-

237 2952 541 3007 cerdotium
564 2965 580 3015 ;
606 2949 695 3003 hic
720 2956 896 3001 autem
930 2943 1195 3015 pericula,
1216 2939 1579 3011 jugulationes
1596 2980 1611 3003 ,
1634 2936 1829 2992 caedes.

239 3046 372 3101 ideo
400 3042 647 3098 omnibus
671 3040 789 3094 aliis
809 3037 1072 3106 exemplis
1094 3036 1249 3103 longe
1278 3032 1452 3101 majus
1474 3038 1592 3086 erat
1615 3029 1666 3082 id
1693 3027 1832 3097 quod

240 3140 395 3201 dicit,
431 3137 491 3191 Si
523 3152 613 3190 nos
647 3132 783 3188 vobis
804 3130 1095 3201 spiritualia
1121 3126 1496 3180 seminavimus.
1524 3121 1656 3176 Cum
1688 3120 1833 3174 enim

240 3230 397 3293 dicit,
422 3225 816 3289 Seminavimus,
847 3226 1217 3288 tempeStates,
1247 3212 1505 3285 perieula,
1537 3209 1757 3265 insidias
1782 3218 1836 3262 et

244 3317 629 3375 inenarrabilia
664 3314 799 3369 mala
842 3310 1097 3371 ostendit,
1125 3323 1244 3378 quae
1293 3303 1629 3359 sustinebant
1669 3302 1703 3355 ii
1746 3298 1836 3369 qui

246 3410 631 3481 prmdicabant,
650 3408 897 3461 Attamen
920 3402 1021 3457 etsi
1049 3411 1191 3456 tanta
1218 3406 1365 3453 esset
1391 3394 1725 3460 excellentia,
1743 3408 1838 3446 no-

248 3506 347 3557 luit
376 3517 437 3556 ea
462 3516 582 3570 qua:
612 3501 811 3553 veteris
838 3503 995 3551 erant
1024 3493 1159 3562 legis
1184 3491 1509 3559 deprimere,
1547 3500 1719 3556 neque
1743 3499 1837 3538 sua

210 3582 211 3585 ¹
246 3595 510 3650 extollere
531 3611 543 3645 :
566 3592 660 3646 sed
678 3605 771 3646 sua
795 3585 1192 3659 quodammodo
1212 3582 1541 3652 comprimit,
1562 3596 1666 3634 non
1686 3596 1715 3633 a
1743 3595 1837 3649 pe-

250 3686 455 3751 riculis,
481 3684 577 3738 sed
601 3698 630 3737 a
654 3678 1020 3751 magnitudine
1044 3676 1168 3731 doni
1192 3675 1328 3730 dans
1352 3674 1428 3727 illi
1446 3672 1837 3727 excellentiam.

253 3780 376 3835 Non
410 3779 557 3833 enim
580 3776 736 3839 dixit,
758 3774 813 3827 Si
849 3772 1092 3843 pericula
1112 3771 1369 3835 adiimus,
1402 3768 1450 3823 si
1486 3768 1610 3824 vitae
1634 3772 1837 3820 nostra:

256 3885 366 3925 non
390 3866 797 3930 consuluimus,
822 3863 936 3929 sed,
960 3862 1123 3919 Sinos
1136 3862 1280 3916 vobis
1292 3857 1838 3930 spiritualiascmina-

253 3962 458 4015 vimus:
475 3966 528 4012 et
545 3971 667 4027 quae
686 3963 812 4009 sunt
847 3939 1213 4017 sacerdotum,
1236 3956 1498 4019 quantum
1528 3947 1641 4001 ﬁeri
1660 3952 1841 4017 potest

249 4046 466 4102 extollit
507 4044 692 4099 dicens
726 4062 740 4098 :
773 4043 877 4108 Qui
904 4056 1051 4097 sacra
1079 4051 1390 4111 operantur,
1453 4049 1501 4094 et
1553 4041 1639 4108 qui
1690 4038 1843 4090 altari

249 4138 515 4200 assident;
556 4143 867 4205 perpetuam
910 4133 1121 4187 illorum
1162 4132 1474 4187 servitutem
1498 4138 1553 4185 et
1582 4143 1839 4199 perseve-

252 4232 485 4286 rantiam
515 4230 703 4284 volens
732 4226 1037 4283 ostendere.
1085 4226 1151 4280 Et
1186 4239 1307 4279 cum
1336 4224 1562 4278 dixisset
1593 4222 1844 4276 sacerdo-

252 4337 339 4382 tes
379 4324 470 4393 qui
510 4330 635 4377 sunt
672 4320 810 4390 apud
837 4318 1072 4385 Judmos,
1103 4327 1156 4372 et
1188 4316 1403 4376 Levitas
1432 4324 1486 4370 et
1512 4313 1801 4371 Pontifices
1825 4355 1841 4381 ,

254 4427 514 4483 utrosque
560 4413 775 4466 ordines
828 4410 1047 4473 indicat,
1091 4418 1146 4464 et
1172 4409 1260 4477 qui
1303 4415 1429 4462 sunt
1465 4406 1748 4462 inferiores
1790 4413 1845 4461 et

250 4507 343 4579 qui
369 4505 691 4575 superiores,
718 4505 851 4556 alios
871 4502 1084 4571 quidem
1111 4517 1231 4557 cum
1251 4501 1400 4564 dicit,
1436 4500 1535 4565 Qui
1561 4516 1705 4552 sacra
1726 4514 1845 4566 ope-

251 4608 470 4662 rantur;
507 4596 641 4650 alios
670 4611 798 4650 vero
826 4609 947 4646 cum
975 4594 1133 4659 dicit,
1170 4595 1268 4659 Qui
1295 4594 1443 4645 altari
1470 4593 1715 4647 assident.
1739 4590 1818 4645 Ne

251 4706 361 4762 que
392 4688 535 4745 enim
568 4688 817 4742 omnibus
843 4701 1005 4740 unum
1033 4700 1168 4754 opus
1196 4686 1503 4739 mandatum
1550 4692 1701 4749 erat,
1748 4682 1843 4735 sed

251 4782 378 4837 aliis
418 4778 713 4841 crassiora,
745 4779 863 4832 aliis
901 4778 1087 4831 altiora
1119 4772 1428 4830 concredita
1459 4774 1688 4829 fuerant.
1734 4774 1842 4829 Hos

255 4876 420 4944 igitur
443 4884 633 4925 omnes
657 4871 968 4941 complexus
988 4910 1002 4933 ,
1032 4883 1097 4921 ne
1126 4868 1245 4937 quis
1272 4867 1496 4932 diceret,
1529 4866 1635 4920 Cur
1662 4876 1843 4919 vetera

253 4967 415 5021 nobis
442 4964 797 5017 memorasti?
837 4963 1011 5018 nescis
1047 4960 1423 5035 perfectiorum
1470 4959 1842 5015 mandatorum

253 5058 412 5115 iiobis
438 5069 560 5112 esse
590 5054 837 5121 tempus?
880 5064 999 5123 post
1044 5053 1129 5108 illa
1170 5050 1372 5112 omnia,
1412 5049 1553 5117 quod
1592 5049 1844 5102 omnibus

253 5150 450 5205 fortius
481 5147 800 5223 erat‘posnit
828 5146 1012 5200 dicens
1043 5162 1058 5199 :
1100 5144 1183 5199 Ita
1225 5152 1273 5197 et
1304 5141 1554 5195 Dominus
1591 5141 1845 5193 ordinavit

251 5247 336 5307 iis,
392 5244 480 5313 qui
504 5239 814 5307 evangelium
838 5240 1164 5302 annuntiant,
1198 5237 1260 5290 de
1288 5235 1547 5311 evangelio
1569 5234 1749 5286 vivere.
1776 5232 1845 5285 Et

253 5350 434 5404 neque
480 5332 582 5387 hoc
615 5330 765 5393 dicit,
795 5329 878 5382 Ali
907 5329 974 5382 ab
1004 5330 1349 5391 hominibus;
1381 5326 1474 5382 sed
1511 5327 1647 5381 sicut
1671 5326 1721 5379 in
1751 5340 1843 5378 sa-

252 5425 591 5487 cerdotibus,
646 5417 730 5474 Ea:
771 5433 936 5481 sacro,
983 5428 1040 5470 et
1081 5418 1376 5483 Exsultari,
1428 5419 1496 5472 ita
1536 5427 1591 5471 et
1620 5417 1728 5482 hic,
1761 5411 1846 5471 Ea:

254 5516 535 5588 evangelio,
562 5515 688 5569 dicit
715 5530 728 5567 :
758 5520 808 5566 et
832 5510 968 5565 sicut
992 5510 1103 5564 illic
1134 5511 1316 5575 Edere,
1351 5514 1420 5566 ita
1447 5520 1501 5566 et
1524 5512 1607 5566 hic
1639 5509 1846 5574 Vivere;

256 5621 368 5661 non
396 5614 756 5661 mercaturam
785 5601 975 5659 facere.
1001 5600 1085 5654 vel
1120 5600 1505 5658 thesaurizare.
1544 5601 1748 5673 Dignus
1775 5610 1846 5655 est

256 5697 426 5764 enim,
456 5695 646 5766 inquit,
689 5686 951 5763 operarius
979 5690 1205 5745 mercede
1241 5682 1334 5745 sua
1358 5693 1571 5766 (Matth.
1611 5694 1697 5748 l0.
1730 5692 1843 5765 10).

574 5785 847 5848 ΡΔτιιοι.
893 5784 1010 5846 Gn.
1052 5780 1215 5845 LXI.

1922 654 2008 709 15.
2044 652 2156 723 Ego
2192 664 2361 707 autem
2395 654 2536 709 nullo
2564 654 2742 710 horum
2775 673 2892 709 usus
2923 674 3054 711 sum.
3085 658 3219 726 Quid
3252 667 3361 713 tum
3383 700 3397 721 ,
3425 662 3511 717 lu-

1921 744 2093 811 quies,
2124 745 2166 797 si
2198 759 2339 799 nunc
2369 760 2475 800 non
2505 761 2632 801 usus
2661 761 2741 813 es,
2773 748 2822 801 in
2865 747 3045 803 futuro
3073 759 3250 803 autem
3280 754 3360 803 vis
3392 762 3467 804 uti
3492 791 3509 809 .

1920 844 1973 889 ct
2005 845 2286 904 proliterea
2319 836 2435 891 haec
2462 838 2632 892 dicis?
2660 839 2881 907 Apage;
2912 842 3090 894 statim
3131 857 3360 911 namque
3390 858 3513 910 pro-

1922 936 2101 995 pterea
2130 941 2255 980 usus
2285 937 2371 981 est
2401 924 2756 994 eorreetione,
2788 931 2864 983 sic
2905 930 3091 987 dicens
3127 950 3140 984 :
3177 930 3299 986 Non
3328 936 3507 1001 scripsi

1921 1028 2090 1070 autem
2117 1019 2253 1082 haec,
2281 1031 2336 1073 ut
2366 1019 2439 1074 sic
2457 1021 2550 1087 ﬁat
2576 1022 2630 1073 in
2660 1038 2757 1077 me.
2802 1021 2867 1074 Et
2895 1021 3017 1076 vide
3043 1038 3164 1077 cum
3194 1033 3388 1092 quanta
3420 1040 3512 1078 ve-

1923 1110 2190 1165 hementia
2215 1126 2327 1166 rem
2356 1122 2511 1181 negat
2538 1122 2591 1166 et
2618 1112 2835 1183 depellit
2870 1132 2882 1167 :
2915 1111 3116 1170 Bonum
3139 1125 3210 1168 est
3231 1118 3363 1168 enim
3392 1118 3517 1169 mihi

1924 1204 2085 1275 magis
2132 1204 2284 1269 mori,
2333 1220 2485 1273 quam
2514 1215 2565 1256 ut
2595 1203 2813 1275 gloriam
2844 1223 3004 1259 meam
3033 1207 3146 1275 quis
3172 1217 3400 1261 evacuet.
3450 1209 3518 1263 Et

1925 1309 2029 1347 non
2060 1293 2251 1361 semel,
2284 1309 2458 1363 neque
2484 1296 2587 1358 bis,
2631 1294 2724 1350 sed
2768 1298 2963 1368 sacpius
2992 1299 3091 1352 bac
3119 1300 3285 1352 utitur
3314 1298 3507 1353 dictio-

1925 1400 1993 1439 ne
2024 1403 2035 1437 :
2069 1401 2190 1438 nam
2213 1394 2269 1441 et
2299 1386 2547 1456 superius
2575 1387 2707 1440 dixit
2735 1404 2748 1440 :
2782 1386 2903 1441 Non
2942 1388 3020 1442 usi
3047 1406 3221 1444 sumus
3249 1390 3343 1442 hac
3367 1399 3517 1460 pote-

1923 1487 2089 1541 state;
2137 1488 2191 1532 et
2235 1472 2418 1546 postea
2469 1495 2705 1543 rursum,
2760 1479 2829 1536 Ut
2866 1498 2966 1533 non
3000 1481 3185 1536 abutar
3229 1499 3339 1535 mea
3378 1491 3519 1552 pote-

1925 1577 2050 1621 state
2075 1584 2091 1631 ;
2132 1577 2187 1622 et
2217 1569 2302 1623 hic
2335 1589 2348 1623 :
2381 1568 2493 1640 Ego
2521 1583 2687 1625 autem
2718 1572 2858 1626 nullo
2887 1573 3069 1626 horum
3097 1591 3216 1627 usus
3244 1592 3377 1629 sum.
3412 1574 3521 1629 Ho—

1923 1674 2038 1710 rum
2068 1675 2087 1714 :
2124 1662 2392 1730 quorum?
2438 1661 2722 1715 Multorum
2769 1664 3158 1731 exemplorum.
3196 1665 3328 1719 Cmn
3373 1667 3516 1720 enim

1927 1754 2089 1805 multa
2120 1754 2247 1808 mihi
2282 1764 2601 1823 potestatem
2643 1756 2965 1824 prmberent,
3023 1758 3202 1820 miles,
3257 1760 3515 1827 agricola,

1929 1853 2131 1911 pastor,
2164 1845 2415 1911 apostoli,
2438 1846 2544 1907 lex.
2571 1861 2635 1900 ea
2659 1862 2778 1913 quae
2808 1861 2836 1900 a
2869 1846 3023 1901 nobis
3056 1847 3107 1901 in
3136 1862 3229 1901 vos
3264 1849 3417 1910 ﬁunt,
3449 1864 3511 1904 ea

1929 1951 2044 2003 qua:
2074 1950 2101 1986 a
2135 1935 2281 1989 vobis
2305 1937 2355 1989 in
2383 1937 2535 2001 alios,
2566 1920 2906 2001 sacerdotes;
2926 1949 3252 2008 prteceptum
3275 1939 3474 1996 Christi
3503 1959 3516 1995 :

1930 2025 2057 2078 nulli
2085 2023 2274 2079 borum
2304 2024 2692 2096 obtemperavi,
2721 2036 2777 2081 ut
2805 2028 2978 2098 legem
3004 2044 3178 2084 meam
3204 2030 3520 2100 abrogarem

1928 2125 1981 2169 et
2010 2117 2332 2190 acciperem.
2359 2117 2467 2173 Nec
2493 2118 2623 2173 mibi
2646 2117 2921 2174 dicas‘illa
2952 2136 3072 2190 qua:
3101 2124 3472 2189 pra'terierunt
3505 2142 3519 2177 :

1930 2207 2139 2262 etiamsi
2185 2209 2389 2279 possim
2438 2209 2640 2273 dicere,
2674 2225 2763 2265 me
2813 2211 2978 2265 multa
3006 2213 3209 2281 pridem
3240 2224 3522 2282 propterea

1933 2313 2145 2366 passum
2174 2313 2293 2352 esse
2326 2310 2600 2354 :attamen
2642 2315 2747 2355 non
2794 2302 2899 2355 illis
2947 2312 3152 2357 tantum
3199 2306 3379 2366 nitor;
3430 2302 3522 2358 sed

1930 2389 2175 2444 etiamde
2203 2388 2394 2444 futuris
2424 2391 2701 2459 polliceor,
2722 2408 2807 2447 me
2832 2394 2992 2449 malle
3016 2395 3149 2451 mori
3183 2395 3340 2457 fame,
3366 2411 3524 2464 quam

1932 2481 2016 2537 bis
2050 2483 2267 2537 coronis
2298 2482 2515 2552 privari.
2548 2482 2747 2539 Bonum
2768 2493 2841 2537 est
2869 2484 3003 2542 enim
3030 2486 3154 2541 mihi
3183 2488 3344 2556 magis
3372 2488 3523 2553 mori,

1934 2577 2121 2647 inquit,
2143 2593 2293 2649 quam
2321 2587 2376 2631 ut
2404 2578 2621 2648 gloriam
2653 2580 2814 2631 meam
2837 2579 2946 2647 quis
2976 2588 3194 2633 evacuet.
3223 2578 3338 2634 Non
3366 2578 3524 2640 dixit,

1934 2684 2093 2738 quam
2119 2677 2175 2722 ιιι
2205 2668 2376 2738 legem
2402 2684 2579 2724 meam
2606 2670 2724 2739 quis
2755 2672 2959 2732 solvat,
2986 2670 3080 2724 sed
3105 2712 3119 2735 ,
3147 2668 3398 2727 Gloriam.
3446 2669 3529 2726 Ne

1935 2762 2052 2831 quis
2091 2761 2233 2816 enim
2264 2761 2427 2826 dicat,
2462 2763 2633 2831 ipsum
2666 2763 2767 2816 hoc
2798 2762 3017 2831 quidem
3045 2762 3245 2829 facere,
3289 2763 3383 2819 sed
3417 2778 3525 2819 non

1935 2854 2278 2923 gaudentem,
2320 2852 2414 2907 sed
2459 2861 2763 2922 gementem
2804 2863 2859 2907 et
2903 2862 3220 2909 manentem
3249 2871 3261 2916 ;
3292 2854 3527 2911 laetitiam

1938 2949 2208 3016 ingentem
2251 2946 2540 3003 ostendere
2564 2946 2751 3004 volens
2783 2960 3141 3016 magnamque
3166 2947 3526 3013 alacritatem,

1937 3054 2050 3093 rem
2080 3039 2248 3107 ipsam
2275 3038 2509 3106 appellat
2533 3038 2926 3107 gloriationem.
2977 3036 3203 3091 Tantum
3245 3037 3431 3092 aberat
3473 3048 3533 3091 ut

1938 3129 2167 3195 doleret,
2216 3138 2272 3182 ut
2319 3130 2481 3182 etiam
2529 3129 2873 3199 gloriaretur,
2904 3138 2960 3182 et
2992 3129 3124 3183 mori
3155 3129 3326 3190 malit,
3368 3145 3529 3197 quam

1942 3222 2043 3275 hac
2085 3221 2256 3288 gloria
2300 3221 2571 3276 excidere.
2624 3220 2699 3274 Ita
2731 3220 2873 3291 quod
2905 3229 3014 3274 tum
3045 3219 3226 3285 ﬁebat,
3280 3222 3391 3293 ipsa
3424 3222 3531 3278 vita

1940 3312 2149 3367 dulcius
2182 3314 2279 3381 ipsi
2308 3323 2444 3366 erat.

2012 3405 2067 3457 2.
2114 3402 2315 3458 Deinde
2361 3403 2575 3459 aliunde
2609 3405 2769 3477 etiam
2811 3404 2861 3459 id
2903 3405 3134 3472 extollit,
3180 3414 3236 3461 et
3285 3420 3533 3476 magnum

1942 3510 2065 3549 esse
2092 3495 2347 3559 ostendit,
2380 3512 2482 3549 non
2516 3507 2571 3549 ut
2596 3512 2654 3551 se
2684 3497 3022 3566 Splendidam
3052 3498 3383 3563 declararet;
3410 3514 3535 3569 pro-

1941 3588 2026 3642 cul
2053 3590 2195 3643 enim
2226 3590 2315 3644 ille
2337 3598 2453 3644 erat
2482 3591 2549 3657 ab
2579 3590 2683 3645 hoc
2706 3592 2867 3645 animi
2894 3591 3119 3652 allecto;
3150 3593 3241 3646 sed
3275 3602 3330 3645 ut
3354 3603 3534 3649 oeten-

1944 3680 2101 3734 dcret
2123 3696 2185 3733 se
2213 3681 2403 3747 laetari,
2434 3690 2486 3735 et
2515 3682 2875 3749 suspicionem
2907 3664 3120 3749 omnem
3143 3682 3208 3737 de
3230 3682 3407 3746 medio
3436 3684 3538 3735 tol-

1944 3772 2098 3826 leret.
2122 3772 2246 3827 ideo
2262 3772 2428 3837 enim,
2450 3782 2506 3827 ut
2524 3773 2635 3841 =iam
2662 3774 2791 3837 dixi,
2816 3790 2931 3829 rem
2961 3785 3115 3829 vocat
3138 3776 3533 3843 gloriationem.

1944 3864 2011 3918 Et
2038 3865 2161 3933 quid
2188 3865 2306 3918 ait?
2349 3866 2435 3919 16.
2472 3863 2610 3919 Nam
2641 3868 2683 3918 si
2713 3868 3138 3936 euangelizavero,
3170 3883 3271 3920 non
3298 3875 3369 3920 est
3410 3866 3535 3919 mihi

1944 3955 2109 4027 gloria
2133 3973 2151 4021 ;
2186 3956 2453 4009 necessitas
2480 3958 2611 4009 enim
2647 3958 2774 4010 mihi
2800 3960 3043 4013 incumbit
3066 3976 3086 4025 ;
3120 3975 3192 4012 va:
3216 3969 3382 4016 autem
3410 3958 3536 4011 mihi

1947 4056 2040 4111 est,
2069 4048 2113 4099 si
2139 4062 2240 4099 non
2266 4047 2693 4118 wangrlizavero.
2729 4050 2816 4103 l7.
2866 4050 2929 4104 Si
2954 4052 3084 4107 enim
3110 4053 3279 4104 volens
3306 4049 3399 4102 hoc
3439 4066 3532 4119 ego

1947 4134 2103 4204 facio,
2146 4135 2425 4189 mercedem
2455 4138 2612 4191 habeo
2640 4155 2658 4191 :
2686 4139 2729 4205 si
2758 4147 2929 4193 autem
2974 4140 3179 4200 invitus,
3223 4138 3537 4207 dispensatio

1948 4228 2073 4280 mihi
2123 4229 2316 4281 credita
2367 4238 2459 4281 est.
2506 4230 2591 4284 18.
2642 4229 2769 4294 Qua:
2801 4238 2875 4282 est
2907 4246 3027 4301 ergo
3053 4245 3239 4282 nterces
3267 4230 3420 4285 mea?
3468 4227 3536 4285 Ut

1947 4319 2261 4388 evangelium
2288 4308 2593 4387 pradicans,
2623 4321 2733 4383 sine
2761 4331 2966 4390 sumptu
3001 4337 3184 4389 ponam
3221 4321 3534 4389 evangelium

1950 4408 2188 4464 Christi:
2227 4419 2280 4463 ut
2330 4428 2431 4463 non
2477 4410 2655 4463 abutar
2704 4422 2947 4482 potestate
2991 4429 3102 4468 mea
3151 4413 3201 4465 in
3256 4412 3535 4487 mvangelio.

1947 4502 2108 4569 Quid,
2144 4518 2346 4572 qua'so,
2377 4504 2557 4557 dicis?
2594 4503 2639 4557 si
2674 4504 3029 4573 evangelizas,
3064 4521 3170 4559 non
3198 4515 3278 4560 est
3306 4505 3397 4558 tibi
3421 4506 3537 4574 glo-

1950 4595 2138 4655 riatio;
2191 4594 2283 4648 sed
2332 4597 2374 4651 si
2417 4596 2534 4650 sine
2587 4606 2799 4671 sumptu
2832 4612 3000 4667 ponas
3034 4595 3409 4665 evangelium?
3437 4596 3539 4652 hoc

1949 4701 2077 4755 ergo
2108 4685 2279 4754 majus
2304 4697 2387 4739 est
2418 4688 2547 4739 illo?
2595 4688 2934 4757 Nequaquam
2964 4706 2981 4753 ;
3024 4689 3119 4742 sed
3172 4686 3389 4741 aliunde
3436 4688 3536 4742 ali-

1950 4781 2077 4850 quid
2106 4780 2337 4848 amplius
2371 4780 2569 4844 hubet;
2615 4784 2869 4849 quoniam
2916 4781 3057 4833 aliud
3093 4781 3309 4850 quidem
3340 4796 3541 4849 prtere-

1950 4882 2096 4940 ptum
2123 4881 2226 4938 est,
2256 4871 2399 4924 aliud
2432 4883 2610 4927 autem
2642 4889 2669 4926 a
2696 4888 2812 4926 mea
2848 4872 3122 4927 voluntate
3153 4874 3408 4943 praeclare
3438 4888 3534 4942 ge-

1949 4971 2089 5015 stum
2133 4972 2234 5016 est.
2284 4961 2416 5017 Nam
2448 4980 2566 5032 qua:
2596 4976 2753 5032 supra
2784 4962 3091 5017 mandatum
3127 4964 3281 5024 ﬁunt.
3315 4965 3536 5019 multam

1948 5054 2030 5107 vel
2065 5053 2186 5108 inde
2217 5053 2517 5108 mercedem
2549 5053 2746 5107 habent
2772 5071 2784 5116 ;
2813 5070 2930 5121 quae
2961 5044 3138 5108 anth
3172 5066 3239 5107 ex
3262 5054 3537 5121 mandato,

1950 5158 2055 5217 non
2103 5151 2325 5197 tantam.
2371 5143 2555 5213 Itaque
2600 5145 2696 5200 hac
2744 5146 2951 5203 ratione
2978 5144 3124 5208 dicit,
3174 5142 3278 5200 hoc
3306 5144 3396 5199 illo
3416 5160 3542 5201 esse

1951 5236 2214 5302 amplius,
2259 5250 2363 5289 non
2405 5222 2696 5288 secundum
2745 5228 2910 5304 ipsam
2964 5235 3039 5289 rei
3088 5244 3375 5291 naturam:
3408 5234 3535 5305 quid

1951 5321 2092 5378 enim
2117 5324 2481 5392 prtedicalioni
2505 5341 2599 5393 par
2627 5324 2825 5377 fuerit?
2858 5324 2969 5377 Hoc
2994 5324 3137 5377 enim
3170 5326 3353 5389 efficit,
3375 5335 3432 5378 ut
3460 5323 3537 5377 illi

1950 5430 2073 5470 cum
2102 5415 2305 5483 angelis
2332 5423 2645 5468 concertent
2676 5433 2688 5468 :
2718 5426 2951 5467 attamen
2982 5418 3233 5486 quoniam
3264 5414 3389 5469 illud
3419 5415 3537 5485 qui-

1952 5506 2075 5561 dem
2127 5496 2450 5574 pratceptum
2500 5513 2583 5559 est
2631 5514 2684 5559 et
2724 5505 2982 5568 debitum,
3017 5506 3116 5560 hoc
3142 5515 3318 5559 autem
3350 5506 3534 5560 libera:

1955 5586 2253 5679 voluntatis
2277 5613 2412 5669 Opus
2441 5598 2688 5653 alacriter
2713 5610 3059 5667 susceptum;
3106 5597 3405 5653 “secundum
3446 5596 3536 5650 illo

1954 5678 2182 5762 amplius
2208 5701 2308 5747 est.
2359 5690 2482 5746 ldeo
2509 5691 2601 5754 ait,
2643 5690 2743 5745 hoc
2770 5690 2940 5761 ipsum
2980 5691 3341 5757 interpretans
3386 5688 3531 5759 quod

3145 5782 3219 5845 12
