4022 6214
495 300 587 348 ίκξῖ
1241 291 1295 345 S.
1324 290 1600 345 JOANNIS
1640 287 2100 344 CHRYSOSTOMI
2145 290 2451 344 ARCHIEP.
2495 292 3024 352 CONSTANTINOP.

488 423 632 463 nunc
660 407 772 463 dixi
807 424 819 459 :
847 408 906 463 Si
928 410 1060 461 enim
1086 407 1254 460 volens
1282 408 1376 459 hoc
1403 407 1559 477 facio,
1588 404 1863 458 mercedem
1891 404 2086 465 habeo;

485 516 528 552 si
564 509 732 553 autem
758 500 964 563 invitus,
994 501 1305 571 dispensatio
1330 500 1454 551 milii
1482 499 1667 551 tradita
1690 507 1758 550 est
1784 514 1801 549 :
1834 497 1958 550 illud
1987 496 2088 551 Vo-

487 594 594 644 Iens
649 600 706 645 et
746 588 944 646 Invitus
992 590 1285 659 accipiens.
1318 604 1415 659 pro
1444 604 1509 643 eo
1547 591 1688 658 quod
1722 588 2086 641 concreditum

487 682 569 735 vel
606 698 713 736 non
740 683 1110 738 concreditum
1141 694 1245 736 est.
1278 682 1365 737 Sic
1396 684 1559 737 etiam
1597 682 1749 745 illud,
1792 679 2089 734 Necessitas

488 773 617 826 mihi
654 774 922 836 incumbit,
979 772 1384 843 intelligendum
1433 782 1534 836 est,
1570 788 1675 826 non
1715 771 1857 841 quod
1888 770 2087 839 aliquid

494 862 687 917 horum
719 862 917 916 invitus
946 860 1144 927 faciat,
1175 862 1316 916 absit
1342 881 1357 926 ;
1390 861 1485 916 sed
1521 871 1575 914 ιιι
1603 864 1695 931 qui
1724 862 1793 914 sit
1823 860 2089 913 obnoxius

492 953 556 1007 iis
588 968 708 1023 qua:
749 952 899 1024 jussa
938 964 1060 1007 sunt
1086 994 1100 1018 ,
1143 962 1197 1007 et
1239 951 1306 1007 ad
1358 952 1756 1006 distinctionem
1809 951 2075 1005 libertatis

490 1060 611 1114 qius:
642 1045 780 1099 dicta
812 1055 895 1099 est
919 1044 969 1099 in
999 1045 1337 1113 accipiendo.
1369 1044 1599 1112 Ideoque
1625 1041 1908 1111 discipulis
1938 1039 2087 1094 dice-

493 1136 583 1188 bat
606 1132 851 1189 Christus
882 1153 893 1187 :
932 1134 1057 1188 Cum
1088 1137 1261 1188 omnia
1289 1135 1531 1205 feceritis,
1564 1134 1736 1197 dicite,
1780 1132 1925 1186 Servi
1975 1132 2089 1183 iuu-

492 1230 603 1283 tiles
627 1247 833 1293 sumus;
860 1246 971 1299 qua
998 1231 1133 1284 enim
1157 1228 1418 1281 debuimus
1445 1232 1636 1297 facere,
1674 1227 1885 1297 fecimus
1932 1223 2084 1295 (Luc.

492 1322 582 1376 17.
618 1321 728 1391 10).
770 1322 900 1388 Quae
942 1330 1021 1375 est
1058 1336 1187 1390 ergo
1219 1334 1429 1374 merces
1456 1319 1616 1373 mea?
1664 1316 1731 1371 Ut
1775 1317 2088 1386 evangelium

491 1413 777 1481 prwdicans
809 1414 921 1465 sine
948 1422 1157 1481 sumptu
1186 1427 1373 1480 ponam
1395 1409 1732 1480 evangelium.
1770 1408 1907 1474 Quid
1935 1422 2085 1476 ergo,

491 1518 675 1571 quieso
710 1512 783 1567 te,
817 1502 1006 1556 Petrus
1040 1501 1348 1555 mercedem
1395 1517 1500 1553 non
1530 1499 1729 1554 habet?
1754 1508 1807 1551 et
1830 1500 1949 1567 quis
1971 1512 2087 1549 nin-

491 1607 650 1660 quam
681 1602 878 1646 tantam
912 1593 1178 1656 habuerit,
1209 1602 1461 1662 quantam
1490 1590 1619 1655 ille?
1640 1589 1767 1659 quid
1800 1604 1928 1642 vero
1958 1588 2089 1642 reli-

491 1683 580 1751 qui
605 1683 874 1751 apostoli?
905 1684 1175 1753 quomodo
1202 1699 1331 1753 ergo
1360 1683 1492 1735 dixit
1523 1702 1535 1734 :
1575 1681 1635 1735 Si
1675 1682 1843 1733 volens
1882 1681 2085 1749 quidem

493 1774 586 1824 lioc
610 1790 727 1843 ago,
751 1774 1031 1827 mercedem
1061 1774 1258 1838 habeo;
1290 1776 1333 1826 si
1360 1774 1565 1835 invitus,
1607 1772 1916 1840 dispensatio
1964 1770 2087 1821 milii

490 1867 681 1919 credita
716 1868 819 1919 est?
866 1865 1027 1921 Vides
1071 1867 1157 1919 hic
1198 1881 1413 1934 quoque
1468 1862 1849 1933 prudentiam?
1902 1862 2085 1929 Neque

490 1957 632 2010 enim
660 1956 813 2022 dixit,
850 1957 907 2012 Si
935 1967 1113 2011 autem
1145 1958 1365 2020 invitus,
1402 1971 1506 2008 non
1538 1954 1713 2009 habeo
1744 1953 2083 2017 mercedem;

492 2050 621 2113 sed,
673 2049 1001 2119 Dispensatio
1046 2051 1173 2102 mihi
1216 2050 1410 2103 credita
1448 2058 1561 2112 est;
1600 2047 1891 2101 ostendens
1921 2060 1980 2099 se
2009 2045 2084 2099 sic

491 2155 703 2208 quoque
736 2140 1041 2195 mercedem
1072 2140 1290 2201 habere,
1324 2140 1417 2193 sed
1449 2140 1627 2202 talem,
1653 2138 1863 2207 qualem
1898 2137 1963 2201 is,
1992 2139 2081 2204 qui

491 2231 859 2300 quodjussum
889 2244 1004 2287 erat
1031 2243 1357 2302 exsequutus
1381 2241 1496 2297 est;
1527 2246 1633 2284 non
1660 2230 1871 2301 qualem
1903 2230 1965 2291 is,
1992 2231 2101 2298 qui‘

494 2338 560 2375 ex
604 2332 750 2376 metu
804 2337 901 2378 suo
947 2324 1198 2378 alacriter
1226 2335 1551 2393 praeceptum
1581 2325 1878 2391 superavit.
1928 2323 2084 2389 Qum-

492 2429 614 2468 nam
645 2430 774 2485 ergo
804 2431 1011 2471 merces
1036 2417 1158 2470 est?
1207 2415 1275 2470 Ut
1308 2416 1621 2486 evangelium
1649 2414 1957 2484 pradicans,
2005 2414 2083 2465 in—

495 2507 643 2575 quit,
675 2507 785 2559 sine
817 2519 1023 2577 sumptu
1063 2524 1249 2577 ponam
1304 2506 1618 2575 evangelium
1644 2514 1733 2569 ;ut
1776 2521 1875 2557 non
1904 2504 2084 2557 abutar

491 2608 735 2666 potestate
774 2616 887 2653 mea
912 2600 964 2653 in
990 2600 1269 2670 evangelio.
1323 2598 1514 2652 Viden’
1549 2597 1821 2667 quomodo
1872 2613 2084 2667 semper

490 2692 768 2757 potestatis
801 2692 1019 2744 nomine
1050 2700 1268 2747 utatur:
1303 2690 1593 2744 ostendens
1625 2690 1773 2754 illud,
1804 2690 1944 2760 quod
1976 2690 2083 2745 fre-

489 2790 720 2847 quenter
746 2780 893 2844 dixi,
945 2780 1087 2850 quod
1132 2798 1229 2835 nec
1258 2782 1332 2834 illi
1362 2782 1602 2849 quidem,
1652 2782 1742 2851 qui
1789 2783 2078 2851 accipiunt,

489 2872 633 2940 digni
674 2872 781 2924 sint
818 2872 1283 2940 reprehensione?
1326 2873 1547 2927 Addidit
1589 2884 1790 2937 autem,
1822 2872 1890 2927 1n
1925 2890 2080 2927 evan-

488 2962 639 3029 gelio,
669 2962 828 3021 simul
856 2963 1162 3033 signiﬁcans
1182 2963 1540 3031 evangelium,
1573 2971 1626 3015 et
1659 2963 1945 3031 prohibens
1969 2966 2083 3019 ubi-

489 3068 591 3122 que
618 3067 732 3106 rem
759 3053 1015 3107 educere.
1070 3055 1365 3107 Ducentem
1388 3052 1530 3107 enim
1563 3063 1775 3121 oportet
1803 3055 2078 3125 accipere,

490 3160 595 3199 non
628 3153 806 3198 autem
837 3145 1089 3199 otiosum.
1123 3144 1211 3199 i9.
1235 3142 1374 3197 Nam
1401 3160 1517 3196 cum
1547 3144 1673 3197 liber
1700 3161 1857 3197 essem
1884 3163 1946 3199 ex
1976 3163 2083 3199 om-

490 3236 657 3299 nibus,
690 3236 914 3287 omnium
946 3252 1023 3287 me
1043 3250 1239 3287 servum
1268 3234 1384 3305 feci,
1419 3243 1473 3285 ut
1501 3234 1671 3301 plures
1708 3235 2081 3305 lucrifacerem.

492 3325 591 3379 llic
634 3340 817 3378 rursus
846 3326 1006 3378 aliam
1049 3326 1200 3393 ponit
1241 3324 1595 3396 hyperbolen.
1653 3326 1897 3397 Magnum
1940 3330 2080 3383 enim

492 3425 575 3471 est
602 3431 706 3469 non
731 3416 1003 3485 accipere;
1033 3414 1135 3469 hoc
1160 3423 1338 3469 autem
1363 3415 1503 3484 quod
1523 3414 1765 3472 dicturus
1789 3429 1891 3484 est,
1927 3419 2085 3490 longe

492 3508 665 3577 majus
695 3508 789 3562 illo
815 3514 917 3561 est.
949 3505 1089 3572 Quid
1134 3514 1313 3560 autem
1360 3515 1445 3561 est
1484 3506 1536 3561 id
1589 3507 1729 3576 quod
1775 3508 1936 3563 dicit?
1966 3509 2082 3564 Non

493 3598 669 3653 solum
717 3612 826 3651 non
865 3597 1067 3667 accepi,
1109 3596 1300 3667 inquit,
1353 3613 1529 3668 neque
1575 3599 1750 3653 solum
1796 3615 1900 3654 non
1954 3614 2083 3655 usus

493 3705 611 3744 sum
657 3689 759 3744 hac
806 3697 1069 3759 potestate
1094 3730 1107 3754 ,
1153 3689 1245 3744 sed
1277 3690 1439 3744 etiam
1470 3705 1556 3745 me
1579 3691 1823 3745 servituti
1852 3692 2081 3762 subjeci,

496 3782 604 3834 imo
633 3780 792 3834 variae
820 3788 873 3834 et
900 3780 1076 3835 omnis
1101 3781 1315 3851 generis
1344 3781 1605 3835 servituti.
1639 3782 1823 3851 Neque
1850 3784 1995 3837 enim
2029 3785 2084 3838 in

493 3872 733 3939 pecuniis
758 3872 971 3925 solum:
1016 3871 1111 3925 sed
1138 3871 1279 3940 quod
1308 3872 1551 3941 pecuniis
1577 3874 1739 3944 longe
1771 3876 1947 3944 majus
1976 3886 2080 3940 est,

494 3966 546 4019 in
595 3964 779 4017 multis
820 3972 875 4017 et
904 3962 1069 4017 variis
1108 3965 1337 4033 negotiis
1379 3963 1481 4018 hoc
1519 3965 1692 4033 ipsum
1740 3967 1996 4020 exhibui:
2032 3977 2086 4022 et

491 4056 739 4112 servituti
772 4070 858 4110 me
895 4054 1125 4124 subjeci,
1166 4070 1288 4109 cum
1334 4057 1384 4110 in
1432 4055 1577 4110 nulla
1606 4072 1665 4112 re
1692 4058 1964 4127 subjectus
1995 4073 2083 4112 es-

492 4162 627 4211 sem,
655 4162 754 4201 nec
774 4147 879 4200 ulla
900 4147 1220 4201 necessitate
1241 4145 1468 4201 ducerer
1490 4163 1505 4211 ;
1531 4147 1632 4201 hoc
1656 4148 1797 4201 enim
1821 4156 1904 4202 est
1933 4147 2081 4212 illud,

494 4237 643 4291 Liber
670 4254 786 4290 cum
809 4253 966 4291 essem
1002 4254 1063 4291 ea:
1096 4238 1327 4291 omnibus
1352 4254 1371 4299 ;
1400 4254 1573 4308 neque
1614 4241 1703 4293 uni
1749 4248 1953 4294 tantum
1998 4256 2085 4295 me

494 4330 721 4399 subjeci,
756 4329 849 4383 sed
895 4339 1007 4383 toto
1054 4330 1174 4384 orbi
1223 4341 1486 4383 terrarum
1537 4349 1549 4382 :
1598 4340 1926 4400 quapropter
1954 4332 2081 4386 sub-

488 4423 686 4489 jnnxit,
721 4419 960 4473 Omnium
1000 4438 1079 4474 me
1114 4437 1311 4474 servum
1341 4422 1457 4489 feci.
1487 4421 1619 4475 Nam
1648 4423 1939 4490 priedicare
1964 4422 2082 4489 jus-

492 4527 585 4565 sus
632 4526 779 4565 erain
802 4553 814 4576 ,
861 4521 916 4565 et
941 4512 1259 4565 annuntiare
1290 4526 1374 4576 ea,
1409 4527 1528 4579 quae
1571 4511 1699 4566 mihi
1734 4512 1935 4566 credita
1970 4511 2085 4567 fue-

493 4615 653 4661 rant:
704 4605 1115 4660 innumerabilia
1143 4614 1321 4659 autem
1352 4606 1645 4660 machinari
1675 4614 1728 4659 et
1755 4606 2081 4676 excogitare,

492 4715 559 4754 ex
587 4715 708 4754 meo
735 4700 913 4753 studio
941 4696 1237 4767 profectum
1269 4706 1372 4751 est.
1424 4697 1557 4750 Nam
1608 4697 1877 4752 solvenda:
1918 4712 2083 4767 pecu-

494 4792 595 4845 niae
628 4801 835 4846 tantum
864 4790 1132 4845 obnoxius
1158 4804 1305 4845 eram
1342 4806 1354 4841 :
1391 4803 1493 4857 ego
1533 4803 1663 4843 vero
1697 4805 1795 4859 pro
1836 4789 1923 4844 illa
1968 4790 2081 4843 exi-

492 4884 661 4953 genda
692 4884 821 4938 nihil
854 4899 960 4938 non
993 4883 1239 4953 agebam,
1272 4881 1424 4950 plura
1457 4890 1693 4945 tentans,
1718 4896 1878 4951 quam
1903 4882 2084 4950 jussus

496 4989 669 5029 eram.
718 4975 851 5041 Quia
891 4976 1035 5029 enim
1078 4990 1143 5029 ex
1190 4973 1437 5037 arbitrio,
1470 4973 1756 5026 alacritate
1780 4980 1833 5025 et
1862 4976 2083 5027 caritate

493 5078 619 5133 erga
669 5062 939 5117 Christum
984 5065 1162 5117 omnia
1210 5064 1443 5134 agebat,
1489 5063 1776 5117 insatiabili
1816 5061 2086 5117 desiderio

491 5157 717 5211 salutem
750 5156 1024 5210 hominum
1053 5158 1362 5226 exoptabat.

570 5246 765 5302 Paulus
783 5256 973 5317 quanta
1002 5250 1177 5317 fecerit
1207 5264 1299 5316 pro
1326 5248 1543 5301 aliorum
1573 5250 1757 5303 salute.
1789 5278 1861 5289 —
1888 5249 2086 5315 Quam-

489 5344 675 5399 obrem
710 5358 776 5396 ex
810 5342 1013 5412 ingenti
1045 5342 1326 5395 alacritate
1370 5352 1519 5409 septa
1564 5340 1936 5404 transiliebat,
1992 5355 2087 5408 per

500 5435 679 5489 omnia
710 5434 883 5505 ipsum
911 5447 1128 5503 quoque
1154 5432 1350 5486 caelum
1379 5431 1786 5485 trauscendens.
1844 5433 1921 5483 Ac
1964 5444 2085 5483 cum

488 5526 802 5581 servitutem
853 5525 1102 5590 dixisset,
1149 5523 1326 5578 varios
1368 5523 1508 5576 illius
1550 5522 1740 5575 modos
1767 5520 1961 5575 deinde
2002 5535 2085 5573 re-

496 5630 701 5676 censet.
730 5620 957 5689 Quinam
988 5620 1063 5674 illi
1092 5619 1258 5673 simi?
1282 5616 1375 5675 20.
1406 5616 1473 5671 Et
1502 5616 1667 5686 factus
1695 5631 1840 5680 sum,
1876 5612 2049 5682 inquit
2068 5651 2081 5673 ,

489 5710 705 5779 δυόωσι,
754 5722 1012 5784 massam
1052 5712 1293 5780 ludatis,
1352 5722 1408 5766 ut
1458 5708 1673 5764 Judwos
1716 5706 1960 5759 lucrarer.
2022 5703 2085 5756 Et

3804 48 3939 239 Ι..
4012 12 4022 270 Ι

3706 306 3811 361 {Sd

2198 409 2468 473 quomodo
2509 409 2611 462 lioe
2642 412 2838 464 factum
2871 412 2992 466 est?
3038 414 3261 481 Quando
3315 418 3681 487 circumCidn,
3746 437 3805 476 ui

2198 508 2462 552 everteret
2500 502 2989 558 circumcisionein.
3035 505 3162 560 Ideo
3196 524 3299 561 nou
3328 508 3500 573 dixit,
3533 510 3759 567 Judmus
3788 532 3804 573 ;

2197 587 2312 647 sed.
2340 585 2626 659 Tamquam
2665 592 2905 659 Judwus,
2937 596 3080 665 quod
3115 608 3229 650 crat
3264 598 3624 668 dispensatio.
3656 603 3803 671 Quid

2196 676 2372 732 dicis?
2423 696 2600 749 praeco
2646 684 2825 751 orbis,
2855 688 2942 755 qui
2973 689 3137 740 caelus
3168 691 3314 758 ipsos
3344 693 3541 761 tetigit,
3572 704 3625 749 et
3656 696 3803 749 adeo

2199 770 2249 823 in
2276 773 2443 841 gratia
2466 771 2633 839 fulsit,
2665 776 2710 828 is
2738 789 2960 845 repente
3003 789 3207 834 tantum
3239 782 3555 837 descendit?
3584 786 3798 849 Etiam;

2198 861 2300 915 hoc
2344 864 2487 917 enim
2519 874 2600 919 est
2626 867 2941 923 ascendere.
2974 869 3160 939 Neque
3198 874 3341 925 enim
3372 873 3473 927 hoc
3499 876 3671 928 solum
3706 890 3797 928 re-

2196 953 2412 1020 Spicias,
2463 956 2603 1024 quod
2633 956 2946 1025 descendat,
2989 960 3083 1014 sed
3116 962 3257 1030 quod
3297 963 3457 1017 etiam
3488 979 3609 1017 eum
3631 1006 3647 1032 ,
3698 967 3793 1035 qui

2198 1042 2405 1098 inferne
2450 1045 2615 1114 jacet,
2663 1048 2835 1118 erigat
2873 1061 2929 1103 et
2972 1053 3035 1104 ad
3069 1068 3128 1106 se
3158 1053 3409 1108 adducat.
3450 1054 3540 1108 2!.
3588 1054 3666 1109 lis
3706 1059 3796 1124 qui

2196 1135 2286 1184 sub
2331 1134 2435 1202 lege
2478 1146 2621 1201 sunt,
2660 1140 2805 1205 quasi
2835 1140 2924 1191 sub
2968 1141 3076 1209 lege
3113 1158 3308 1208 essem,
3352 1161 3466 1196 cum
3504 1160 3795 1199 uouessnn

2196 1226 2287 1277 sub
2322 1225 2447 1293 lege,
2487 1238 2539 1278 ut
2568 1244 2650 1281 eos
2675 1230 2761 1297 qui
2782 1230 2871 1282 sub
2894 1230 3001 1301 lege
3026 1240 3143 1284 sunt
3171 1232 3538 1303 lucrifacerem.

2267 1316 2319 1367 5.
2363 1318 2469 1369 Aut
2512 1326 2591 1370 est
2639 1320 2927 1387 explicatio
2966 1322 3161 1389 prioris
3197 1325 3349 1391 dicti,
3387 1336 3478 1377 aut
3519 1326 3792 1396 quidpiam

2196 1406 2496 1459 subindicat
2522 1418 2716 1476 prurter
2746 1409 2873 1463 illud
2902 1414 3049 1480 prius
3085 1431 3097 1463 :
3126 1412 3342 1467 Judznos
3371 1416 3584 1483 quidem
3608 1418 3795 1470 dicens

2196 1510 2311 1560 eos,
2346 1499 2434 1564 qui
2458 1499 2569 1565 jam
2598 1500 2726 1553 olim
2756 1500 2823 1554 ab
2854 1501 3004 1554 initio
3038 1502 3170 1557 tales
3195 1516 3383 1567 erant;
3421 1507 3520 1558 sub
3553 1506 3669 1575 lege
3696 1523 3797 1560 au-

2197 1594 2302 1640 tem
2324 1630 2339 1653 ,
2392 1590 2694 1660 proselytos
2715 1631 2729 1655 ,
2777 1601 2868 1644 aut
2896 1608 2991 1646 eos
3019 1595 3106 1662 qui
3141 1594 3327 1649 ﬁdeles
3354 1606 3508 1649 erant
3536 1608 3583 1650 et
3617 1597 3797 1653 adhuc

2196 1676 2296 1744 legi
2330 1678 2624 1732 haerebant.
2649 1679 2761 1732 Non
2789 1683 2930 1733 enim
2964 1684 3099 1735 ultra
3126 1696 3281 1739 erant
3305 1698 3573 1755 tamquam
3597 1689 3797 1757 Judari,

2194 1769 2288 1821 sed
2339 1770 2441 1822 sub
2488 1773 2623 1839 lege.
2673 1772 2737 1824 Et
2766 1774 2981 1841 quando
3011 1776 3177 1828 lactus
3204 1786 3286 1829 est
3314 1778 3412 1829 sub
3454 1778 3612 1847 lege?
3654 1780 3795 1834 Cum

2198 1867 2385 1914 tonsus
2418 1860 2551 1921 fuit,
2599 1876 2719 1915 eum
2754 1863 3081 1917 sacrificavit
3136 1864 3261 1919 Hinc
3295 1882 3452 1934 porro
3479 1867 3616 1922 facta
3642 1881 3793 1933 sunt,

2195 1967 2299 2002 non
2329 1951 2469 2019 quod
2500 1953 2820 2007 sententiam
2847 1965 3139 2019 mutasset;
3192 1956 3375 2012 fuisset
3417 1962 3558 2013 enim
3606 1975 3665 2013 ea
3705 1976 3793 2015 res

2194 2040 2373 2105 mala;
2432 2043 2524 2096 sed
2569 2044 2792 2098 caritate
2833 2062 2953 2099 sese
2996 2056 3407 2115 attemperante.
3452 2049 3583 2103 Nam
3614 2062 3667 2103 nt
3695 2067 3795 2106 eos

2191 2133 2280 2200 qui
2315 2148 2439 2187 vere
2466 2144 2619 2187 erant
2651 2136 2717 2188 ad
2750 2136 2864 2190 haec
2897 2138 3237 2205 traduceret,
3281 2140 3451 2194 factus
3481 2152 3565 2195 est
3593 2153 3647 2195 et
3675 2144 3793 2211 ipse

2194 2222 2443 2293 (Judzeus
2474 2225 2528 2292 ),
2578 2242 2680 2279 non
2714 2242 2838 2280 vere
2861 2269 2875 2289 ,
2910 2228 3004 2281 sed
3037 2238 3241 2283 tantum
3275 2231 3324 2284 id
3354 2247 3461 2300 pra:
3487 2247 3546 2285 se
3576 2233 3790 2294 ferens,

2193 2329 2313 2365 cum
2362 2325 2537 2367 tamen
2586 2317 2705 2369 talis
2749 2333 2853 2370 non
2888 2327 3065 2384 esset,
3100 2336 3201 2375 nec
3230 2337 3296 2376 ex
3324 2324 3505 2375 animo
3536 2324 3637 2377 hoc
3662 2341 3794 2380 vere

2194 2404 2414 2459 faceret.
2448 2408 2730 2472 Quomodo
2769 2409 2911 2463 enim
2958 2410 3173 2465 iecisset
3195 2455 3209 2477 ,
3237 2414 3327 2482 qui
3356 2413 3491 2469 alios
3521 2426 3793 2469 transmu-

2195 2507 2307 2551 tare
2350 2499 2603 2563 curabat;
2652 2510 2705 2554 et
2746 2500 2867 2554 ideo
2896 2501 2997 2555 hoc
3024 2500 3252 2557 faciebat
3277 2546 3292 2570 ,
3327 2514 3384 2557 ut
3413 2505 3547 2558 alios
3579 2506 3679 2561 hoc
3706 2509 3789 2561 la-

2194 2590 2396 2642 cientes
2448 2590 2701 2644 liberaret
2750 2592 2818 2645 ab
2872 2592 3171 2648 humilitate
3217 2596 3661 2665 hujusmodi?lis
3700 2605 3793 2671 qui

2191 2683 2298 2733 sine
2320 2681 2425 2751 lege
2455 2694 2617 2749 erant,
2645 2694 2900 2754 tamquam
2928 2687 3035 2738 sine
3062 2687 3169 2756 lege
3199 2704 3373 2740 essent.
3411 2688 3473 2742 lli
3498 2705 3670 2759 neque
3698 2693 3792 2745 Ju-

2193 2773 2295 2825 dati
2328 2784 2483 2826 erant
2515 2788 2689 2843 neque
2717 2774 3011 2829 Christiani
3047 2793 3216 2846 neque
3245 2777 3449 2843 Grtcci;
3500 2780 3591 2833 sed
3636 2793 3791 2835 extra

2194 2866 2365 2934 legem
2396 2876 2571 2931 erant,
2607 2877 2662 2920 ut
2686 2879 2801 2921 erat
2833 2866 3138 2934 Cornelius,
3171 2880 3225 2923 et
3246 2872 3290 2924 si
3322 2873 3410 2940 qui
3434 2872 3524 2925 alii
3561 2874 3787 2927 similes.

2193 2957 2272 3009 Ad
2304 2957 2424 3011 illos
2449 2958 2591 3011 enim
2624 2958 2953 3027 ingrediens,
2997 2961 3163 3014 multa
3193 2962 3257 3014 ad
3290 2963 3435 3031 ipsos
3465 2964 3791 3032 pertinentia

2194 3049 2500 3102 simulabat.
2547 3051 2772 3116 Quidam
2806 3067 2933 3106 vero
2971 3052 3195 3117 dicunt,
3245 3053 3397 3106 illum
3446 3056 3790 3109 siibindicaie

2192 3140 2629 3211 disputatiOnem,
2684 3158 2842 3212 quam
2891 3144 3150 3198 habuerat
3200 3160 3320 3198 cum
3369 3146 3792 3201 Atheniensibus

2192 3234 2332 3287 circa
2380 3234 2783 3303 inscriptionem
2835 3235 2886 3287 in
2922 3251 3010 3288 ara
3044 3235 3272 3305 podiam
3296 3276 3311 3299 ,
3345 3246 3392 3290 et
3440 3236 3558 3291 ideo
3584 3237 3788 3301 dicere,

2193 3322 2267 3376 Iis
2292 3324 2377 3393 qui
2396 3324 2503 3376 sine
2529 3326 2635 3393 lege
2657 3334 2792 3389 sunt,
2825 3335 3079 3395 tamquam
3100 3326 3206 3379 sine
3231 3326 3339 3396 lege
3362 3342 3538 3380 essent.
3567 3328 3787 3391 Deinde.

2192 3430 2260 3467 ne
2290 3412 2410 3483 quis
2450 3423 2661 3481 putaret
2703 3429 2816 3467 rem
2856 3415 3002 3468 illam
3048 3430 3167 3469 esse
3208 3417 3489 3472 sententiae
3528 3421 3787 3472 mutatio~

2193 3522 2334 3568 nem,
2362 3505 2565 3559 addidit
2592 3526 2605 3559 :
2636 3506 2761 3559 Cum
2780 3507 2887 3560 sine
2914 3508 3022 3576 lege
3051 3504 3142 3559 Dei
3172 3522 3275 3559 non
3304 3523 3482 3570 essent,
3501 3510 3589 3561 sed
3610 3510 3659 3562 in
3682 3511 3794 3580 lege

2193 3616 2349 3654 essem
2388 3599 2595 3653 Christi.
2649 3598 2703 3653 Id
2748 3607 2865 3664 est,
2896 3596 3027 3652 Cum
3061 3614 3165 3651 non
3198 3599 3357 3653 modo
3388 3616 3493 3655 non
3529 3602 3645 3656 sine
3672 3603 3793 3673 lege

2192 3706 2366 3746 essem
2386 3731 2401 3755 ,
2430 3690 2522 3744 sed
2551 3691 2711 3744 etiam
2742 3705 2848 3743 non
2882 3690 3059 3744 solum
3086 3690 3187 3743 sub
3219 3690 3336 3761 lege
3363 3706 3581 3757 essem,
3610 3699 3705 3748 sed
3738 3706 3796 3749 et

2194 3782 2363 3851 legem
2390 3780 2645 3835 haberem
2674 3781 2841 3834 veteri
2871 3782 3027 3851 longe
3054 3780 3447 3847 sublimiorem,
3474 3784 3525 3836 id
3553 3795 3654 3846 est.
3678 3784 3795 3855 Spi-

2193 3876 2327 3928 ritus
2362 3884 2416 3927 et
2444 3874 2630 3943 gratia:
2662 3890 2675 3926 :
2708 3873 2934 3943 ideoque
2978 3872 3285 3944 subjungit,
3334 3872 3547 3929 Christi.
3596 3876 3794 3933 Postea

2194 3982 2316 4021 cuin
2347 3966 2398 4020 id
2444 3965 2734 4030 ell‘ecisset,
2778 3975 2835 4019 ut
2880 3964 2949 4019 de
2996 3979 3089 4018 sua
3138 3965 3403 4019 sententia
3436 3966 3793 4035 conﬁderent,

2194 4058 2403 4113 lucrum
2437 4056 2634 4111 deinde
2666 4056 2785 4110 talis
2814 4070 2925 4110 sua:
2954 4058 3417 4125 attemperationis
3458 4060 3644 4126 ponit,
3702 4060 3795 4112 di-

2192 4164 2321 4205 cens
2354 4170 2365 4204 :
2403 4147 2471 4204 Ut
2499 4149 2849 4221 lucrifacerem
2877 4165 2981 4210 eos.
3013 4150 3100 4218 qui
3128 4150 3235 4202 sine
3260 4148 3370 4220 lege
3391 4158 3554 4202 erant.
3584 4149 3652 4205 Et
3671 4151 3798 4206 ubi-

2192 4259 2296 4312 que
2323 4257 2544 4297 causam
2585 4242 2741 4296 atl‘ert
2767 4242 3233 4311 attemperationis
3279 4242 3441 4295 illius.
3486 4241 3667 4311 Neque
3719 4246 3796 4299 ibi

2193 4333 2418 4404 gradum
2458 4334 2621 4399 sistit,
2668 4332 2786 4398 sed,
2816 4332 2906 4386 22.
2939 4332 3004 4385 Et
3029 4333 3264 4400 inﬁrmus
3295 4334 3461 4403 factus
3493 4349 3602 4385 sum
3633 4343 3684 4385 ut
3710 4336 3798 4388 in-

2194 4428 2367 4495 ﬁrmos
2394 4426 2743 4495 lurrifaeerem
2769 4440 2787 4477 :
2816 4423 2917 4478 hoc
2948 4425 3164 4478 demum
3195 4424 3379 4477 dicens
3406 4421 3471 4475 ad
3505 4422 3625 4477 illos
3660 4439 3795 4494 per-

2197 4519 2392 4579 tinens,
2446 4527 2667 4584 propter
2710 4515 2853 4585 quod
2909 4516 3021 4569 hinc
3067 4514 3244 4567 omnia
3271 4513 3412 4567 dicta
3437 4523 3583 4567 sunt.
3629 4515 3793 4583 Atqui

2195 4611 2282 4663 illa
2328 4618 2484 4663 erant
2528 4610 2685 4679 longe
2730 4608 2957 4677 majora,
3007 4608 3107 4661 hoc
3149 4621 3279 4661 vero
3323 4607 3734 4661 convenientius
3773 4626 3785 4660 :

2194 4702 2541 4772 quamobrem
2582 4712 2915 4772 postremum
2946 4698 3076 4753 illud
3110 4700 3279 4767 ponit.
3308 4696 3544 4765 ldipsum
3574 4711 3795 4766 quoque

2195 4793 2333 4863 apud
2378 4792 2653 4846 Romanos
2698 4791 2843 4857 fecit,
2872 4789 3089 4860 quando
3125 4788 3195 4843 de
3220 4787 3358 4842 cibis
3388 4786 3701 4851 accusabat,
3739 4796 3798 4841 et

2195 4883 2247 4936 in
2270 4882 2448 4936 multis
2474 4882 2595 4936 aliis
2620 4882 2773 4935 locis.
2805 4879 3028 4944 Deinde,
3060 4894 3127 4933 ne
3153 4877 3361 4946 singula
3386 4885 3440 4931 et
3464 4874 3641 4929 omnia
3664 4890 3796 4945 per-

2194 4988 2425 5041 sequens
2465 4972 2660 5025 diutius
2704 4980 2965 5032 moretur,
2994 4970 3068 5022 ait
3096 4987 3109 5021 :
3148 4967 3399 5021 Omnibus
3424 4964 3595 5019 omnia
3622 4969 3795 5035 factus

2193 5080 2326 5130 sum,
2355 5073 2413 5118 ut
2432 5064 2635 5116 omnino
2656 5061 2904 5133 quosdam
2921 5061 3088 5114 salvos
3114 5063 3357 5130 facerem.
3382 5057 3569 5111 Viden‘
3595 5054 3794 5127 hyper-

2194 5156 2359 5211 bolen
2380 5156 2403 5209 .’
2427 5154 2688 5209 Omnibus
2715 5154 2894 5207 omnia
2928 5151 3096 5205 factus
3127 5165 3267 5213 sum,
3300 5164 3405 5203 non
3428 5145 3572 5217 quod
3600 5162 3795 5201 omnes

2195 5246 2369 5299 salvos
2400 5245 2575 5297 facere
2601 5258 2899 5313 sperarem,
2946 5241 3039 5296 sed
3094 5250 3152 5294 ut
3203 5241 3391 5295 saltem
3438 5251 3639 5307 paucos
3685 5240 3797 5291 sal-

2196 5352 2291 5390 vos
2341 5336 2548 5390 faciam.
2584 5337 2650 5389 Et
2687 5336 2786 5389 hoc
2816 5335 3030 5404 quidem
3071 5334 3306 5389 studium
3334 5372 3355 5397 ,
3397 5330 3790 5385 ministeriism-

2196 5441 2298 5495 que
2343 5428 2448 5482 tale
2482 5428 2657 5492 subii,
2711 5437 2973 5497 quantum
3017 5442 3115 5497 par
3155 5434 3272 5479 erat
3299 5437 3445 5486 eum,
3477 5424 3567 5493 qui
3596 5440 3790 5480 omnes

2197 5518 2373 5571 salvos
2397 5517 2614 5583 faceret,
2644 5532 2749 5568 non
2778 5527 2957 5570 tamen
2986 5528 3212 5583 sperans
3242 5528 3329 5567 me
3357 5527 3547 5567 omnes
3569 5529 3793 5585 supera-

2198 5617 2374 5661 turum
2399 5623 2521 5663 esse
2556 5624 2568 5658 :
2608 5607 2748 5675 quod
2780 5621 2910 5661 vere
2939 5620 3190 5675 magnum
3234 5613 3379 5671 erat,
3423 5604 3793 5677 ferventisque

2196 5698 2382 5755 animi.
2424 5698 2555 5754 Nam
2600 5705 2689 5768 qui
2731 5696 3050 5765 seminabat,
3080 5698 3277 5769 ubique
3320 5697 3648 5766 seminabat,
3684 5712 3788 5753 nec
