4022 6214
258 383 369 440 185

258 509 438 553 totum
476 493 708 553 servavit
733 499 1070 554 sementem;
1113 497 1351 545 attamen
1380 491 1525 561 quod
1553 504 1707 544 suum
1735 497 1856 543 erat

257 587 535 657 praestitit.
584 584 806 639 Etcum
856 591 1192 637 servatorum
1236 580 1556 649 paucitatem
1608 578 1852 644 dixisset,

258 691 479 733 rursum
507 676 596 731 illa
618 674 799 729 addita
828 688 983 739 voce,
1034 672 1279 737 Omnino,
1308 672 1616 727 consolatus
1644 678 1729 724 est
1760 685 1854 724 eos

257 769 356 839 qui
387 766 455 823 de
479 767 546 821 iis
571 765 839 820 dolerent.
868 764 1000 818 Nam
1029 764 1130 818 etsi
1160 762 1277 817 ﬁeri
1302 776 1410 816 non
1443 769 1638 831 potest,
1668 769 1726 813 ut
1769 770 1855 813 to-

258 848 378 914 tum
418 873 605 914 semen
646 858 853 912 salvum
893 858 998 921 sit;
1062 867 1299 910 attamen
1350 862 1411 908 ut
1458 862 1626 909 totum
1674 864 1857 923 pereat

259 950 382 1007 ﬁeri
413 951 621 1022 nequit.
655 949 780 1005 Ideo
808 949 970 1011 dixit,
1007 947 1228 1001 Omnino
1257 961 1276 999 :
1298 946 1421 1015 quia
1452 958 1675 999 necesse
1705 958 1857 1013 pror-

258 1057 355 1099 sus
381 1052 484 1108 est,
514 1050 575 1096 ut
604 1042 693 1111 qui
722 1050 829 1095 tam
860 1039 1130 1095 ferventer
1156 1052 1272 1101 rem
1298 1044 1483 1102 curat,
1508 1037 1669 1090 etiam
1700 1050 1848 1089 asse—

259 1143 477 1203 quatur.
503 1132 593 1187 2‘5.
631 1130 817 1186 Omnia
838 1139 1004 1184 autem
1027 1129 1167 1198 facio
1191 1137 1398 1197 propter
1422 1126 1762 1196 evangelium,
1791 1134 1848 1178 ut

262 1224 524 1295 particeps
544 1223 655 1291 eius
675 1223 881 1293 coicior.
918 1220 975 1275 ld
1013 1228 1117 1283 est,
1144 1229 1202 1274 ut
1229 1218 1414 1274 videar
1441 1228 1495 1272 et
1518 1218 1633 1287 ipse
1658 1216 1860 1285 aliquid

260 1327 335 1368 ex
358 1327 447 1368 me
467 1312 731 1376 attulisse,
756 1320 813 1366 et
834 1311 1101 1381 particeps
1125 1310 1223 1363 sim
1246 1322 1567 1363 coronarum
1585 1324 1704 1379 quae
1732 1308 1861 1362 tide-

265 1404 413 1458 libus
464 1403 719 1472 reposita:
763 1411 908 1456 sunt.
954 1398 1419 1469 Quemadmodum
1447 1398 1594 1454 enim
1625 1399 1857 1462 dicebat,

267 1493 355 1550 Es
395 1494 656 1565 euangelio
700 1494 884 1558 viuere,
939 1492 991 1544 id
1035 1500 1140 1555 est,
1183 1505 1249 1545 ex
1277 1489 1624 1545 credentibus
1658 1511 1671 1545 :
1702 1490 1781 1544 sic
1806 1495 1863 1543 et

267 1590 374 1644 hoc
398 1588 541 1653 loco,
568 1586 837 1654 Particeps
865 1584 1051 1654 eniciar
1077 1581 1361 1653 evangelii,
1389 1590 1449 1637 ut
1476 1583 1675 1653 possim
1709 1596 1861 1635 com-

264 1679 548 1733 municare
589 1692 715 1732 cum
765 1677 866 1741 iis,
910 1674 1001 1745 qui
1034 1674 1087 1728 in
1126 1672 1467 1744 evangelium
1494 1672 1859 1728 crediderunt.

265 1768 461 1825 Viden’
492 1767 875 1833 humilitatem,
925 1764 1202 1836 quomodo
1233 1764 1287 1819 in
1328 1764 1590 1821 mercedis
1629 1762 1863 1818 retribu-

266 1861 420 1917 tione
444 1874 606 1915 unum
634 1858 776 1913 inter
802 1857 1003 1912 multos
1030 1872 1153 1912 sese
1181 1865 1378 1926 ponat,
1411 1859 1532 1911 cum
1562 1857 1681 1926 plus
1704 1871 1863 1925 quam

264 1965 464 2007 omnes
499 1948 863 2005 laboraverit?
917 1948 1073 2004 Unde
1114 1948 1290 2018 palam
1324 1957 1442 2014 est,
1475 1948 1616 2002 illius
1648 1948 1865 2017 praemia

268 2042 479 2112 majora
504 2038 643 2096 fore.
676 2043 925 2095 Attamen
952 2054 1061 2092 non
1090 2052 1149 2093 se
1178 2038 1398 2108 dignum
1426 2049 1613 2093 censet
1637 2038 1727 2109 qui
1755 2037 1866 2105 pri-

268 2152 392 2192 mas
418 2143 619 2201 teneat,
652 2134 748 2190 sed
773 2141 993 2203 ex0ptat
1021 2140 1078 2187 ut
1105 2147 1227 2187 cum
1254 2131 1374 2186 aliis
1400 2133 1666 2202 particeps
1685 2132 1755 2185 sit
1778 2146 1868 2185 co-

272 2244 528 2285 ronarum
554 2242 674 2298 quae
704 2226 954 2297 repositte
979 2233 1124 2281 sunt.
1158 2223 1285 2278 Haec
1312 2238 1475 2293 porro
1500 2224 1732 2286 dicebat,
1758 2235 1866 2275 non

271 2322 419 2392 quod
463 2336 561 2390 pro
604 2316 854 2373 mercede
899 2316 1075 2386 aliqua
1121 2316 1223 2370 hoc
1263 2313 1498 2380 faceret,
1535 2312 1631 2370 sed
1660 2322 1719 2367 ut
1743 2311 1871 2367 illos

273 2412 403 2465 hinc
430 2423 638 2480 quoque
662 2406 959 2461 attraheret
980 2447 995 2472 ,
1044 2412 1099 2459 et
1129 2419 1224 2474 per
1248 2418 1400 2473 spem
1429 2402 1734 2472 huiusmodi
1762 2401 1871 2456 illis

274 2499 647 2571 persuaderet,
680 2506 738 2550 ut
779 2495 958 2550 omnia
990 2510 1088 2565 pro
1116 2493 1372 2549 fratribus
1405 2495 1662 2549 facerent.
1712 2491 1864 2547 Vidi-

275 2589 403 2646 stin‘
436 2587 813 2660 prudentiam?
841 2585 1076 2641 vidistin‘
1096 2584 1389 2656 diligentia:
1422 2584 1865 2655 magnitudinem,

276 2681 553 2752 quomodo
602 2679 722 2749 plus
761 2694 923 2749 quam
963 2688 1289 2747 praeceptum
1317 2676 1495 2731 fuerat
1524 2676 1707 2731 fecerit
1740 2676 1870 2730 nihil

276 2774 573 2844 accipiens,
605 2785 729 2825 cum
773 2770 1018 2837 accipere
1067 2767 1291 2822 liceret?
1336 2768 1571 2822 vidistin‘
1603 2782 1871 2822 summam

278 2866 805 2936 attemperationem,
834 2861 1110 2932 quomodo
1140 2860 1232 2931 qui
1264 2859 1318 2915 in
1350 2860 1467 2930 lege
1491 2860 1687 2915 Christi
1718 2869 1869 2927 erat,

280 2971 333 3016 et
362 2972 668 3029 supremam
696 2955 945 3011 servabat
973 2953 1171 3024 legem,
1204 2953 1269 3008 iis
1288 2955 1377 3024 qui
1406 2954 1524 3008 sine
1548 2954 1665 3023 lege
1696 2962 1870 3020 erant,

284 3064 556 3121 tamquam
585 3048 704 3103 sine
732 3049 850 3117 lege
875 3056 1056 3111 esset;
1102 3045 1302 3101 Judzeis
1337 3054 1606 3115 tamquam
1634 3045 1871 3111 Judmus,

284 3149 338 3197 in
386 3143 629 3209 utrisque
672 3154 913 3193 summus
958 3152 1225 3208 apparens
1266 3146 1320 3191 et
1365 3152 1555 3193 omnes
1613 3138 1876 3192 vincens?

293 3235 407 3289 Hoc
430 3242 484 3287 et
516 3243 570 3285 tu
592 3230 784 3294 facito,
825 3238 878 3283 et
906 3245 971 3283 ne
1003 3239 1158 3297 putes
1186 3238 1238 3281 te
1265 3228 1457 3283 cadere
1484 3244 1604 3283 cum
1636 3244 1877 3282 summus

284 3327 399 3387 sis.
429 3318 474 3379 si
505 3320 633 3392 quid
672 3329 897 3392 propter
927 3320 1145 3373 fratrem
1178 3319 1381 3373 humile
1406 3328 1458 3372 et
1487 3318 1754 3387 ahjectum
1786 3334 1878 3388 pa-

286 3417 482 3471 tiaris:
516 3429 619 3468 non
647 3422 731 3466 est
758 3412 903 3466 enim
938 3411 1067 3464 illud
1104 3411 1335 3476 cadere,
1385 3411 1478 3466 sed
1524 3411 1875 3466 descendere.

286 3507 391 3574 Qui
418 3504 611 3561 cecidit
637 3504 801 3565 enim,
823 3503 969 3571 jacet
993 3511 1047 3556 et
1077 3502 1161 3555 vix
1193 3502 1422 3569 resurgit
1454 3519 1467 3555 :
1499 3505 1585 3572 qui
1624 3519 1756 3558 vero
1782 3503 1875 3558 de‘

289 3598 522 3661 scendit,
572 3594 847 3661 ascendet,
878 3605 928 3647 et
961 3608 1083 3648 eum
1109 3593 1275 3648 multo
1304 3594 1451 3648 lucro
1484 3610 1498 3647 :
1529 3594 1882 3663 quemadmo-

290 3689 422 3744 dum
459 3688 619 3743 etiam
660 3685 858 3741 Paulus
884 3684 1164 3740 descendit
1193 3686 1340 3741 solus
1364 3686 1603 3756 quidem,
1636 3686 1729 3741 sed
1758 3702 1883 3741 cum

291 3781 429 3835 urbe
448 3775 690 3833 ascendit
718 3793 733 3831 :
757 3791 863 3830 non
888 3776 1184 3841 simulans;
1216 3792 1389 3845 neque
1419 3778 1560 3832 enim
1588 3792 1774 3832 eorum
1792 3780 1883 3848 qui

292 3869 497 3928 servati
524 3877 650 3923 sunt
673 3867 880 3921 lucrum
908 3868 1261 3935 quaesivisset,
1289 3867 1334 3920 si
1357 3868 1676 3922 simulassel.
1709 3870 1886 3939 Hypo-

292 3962 430 4018 crita
467 3959 609 4013 cnim
642 3958 862 4011 exitium
905 3956 1130 4027 quierit,
1162 3967 1217 4010 et
1253 3957 1472 4012 simulat
1511 3968 1570 4013 ut
1614 3960 1881 4029 accipiat,

295 4067 407 4108 non
436 4059 487 4105 ut
516 4050 608 4105 det
640 4066 653 4104 :
684 4048 771 4104 hic
796 4062 924 4103 vero
947 4064 1052 4102 non
1082 4050 1182 4111 sic,
1210 4046 1305 4102 sed
1330 4058 1386 4101 ut
1415 4050 1673 4113 medicus,
1704 4059 1763 4107 ut
1791 4051 1888 4105 do-

292 4156 438 4210 ctor,
471 4152 525 4197 ut
554 4152 724 4213 pater,
751 4142 841 4196 ille
860 4140 1077 4211 quidem
1109 4151 1333 4212 mgroto,
1367 4142 1767 4213 hicdiscipulo,
1799 4145 1887 4201 hic

298 4238 411 4292 tilio
451 4249 572 4290 sese
609 4243 963 4303 atteinpcrat,
1016 4242 1077 4288 ut
1120 4235 1389 4305 corrigat,
1427 4250 1532 4291 non
1560 4246 1620 4292 ut
1646 4249 1835 4293 noceat
1869 4258 1883 4293 :

287 4331 369 4385 .ita
394 4329 555 4384 etiam
587 4326 692 4384 hic.

370 4421 426 4476 4.
459 4418 578 4493 Non
625 4416 769 4488 quod
810 4432 895 4482 ea,
926 4432 1045 4489 quae
1093 4416 1234 4472 dicta
1279 4428 1425 4484 sunt,
1458 4421 1729 4478 simulatio
1779 4440 1885 4481 non

297 4519 504 4576 essent,
524 4525 647 4565 cum
670 4508 802 4564 nihil
834 4508 1138 4579 hujusmodi
1170 4509 1251 4563 vel
1276 4509 1458 4565 dicere
1486 4512 1565 4566 vel
1598 4512 1773 4570 facere
1798 4532 1888 4571 co-

296 4612 538 4677 geretur,
570 4594 837 4672 sed‘quod
861 4601 1108 4673 allectum
1140 4616 1294 4656 suum
1325 4602 1680 4674 fiduciamque
1708 4619 1891 4662 osten-

298 4700 431 4752 dere
447 4696 631 4759 vellet,
661 4693 790 4749 audi
831 4695 1004 4763 ipsum
1030 4694 1296 4748 dicentem
1326 4708 1342 4748 :
1373 4692 1553 4763 Neque
1590 4698 1691 4749 vita
1730 4712 1887 4770 neque

298 4799 455 4852 mors,
481 4801 641 4856 neque
665 4785 832 4856 angeli
859 4801 1017 4854 neque
1043 4784 1357 4855 principatus
1395 4800 1553 4852 neque
1595 4798 1884 4858 potestates,

297 4896 461 4952 neque
480 4878 724 4934 instantia
744 4893 902 4947 neque
921 4877 1116 4947 futura,
1151 4891 1308 4945 neque
1332 4876 1548 4933 altitudo
1585 4897 1742 4951 neque
1765 4899 1888 4953 pro-

296 4969 546 5041 fundum,
561 4968 910 5036 neque-aliqua
929 4968 1034 5021 alia
1054 4975 1307 5031 creatura,
1332 4968 1514 5037 poterit
1538 4987 1629 5027 nos
1651 4989 1889 5043 separare

294 5080 327 5116 α
352 5061 568 5115 cm-itats
601 5060 718 5128 Dei,
745 5076 861 5129 qua
890 5070 963 5115 est
996 5062 1049 5115 in
1073 5059 1272 5115 Christo
1305 5057 1433 5113 Iesu
1473 5060 1693 5121 Domino
1712 5077 1887 5124 nostro

294 5152 479 5224 (Rom.
507 5150 563 5206 8.
588 5151 682 5207 38.
703 5151 817 5223 39).
854 5150 1102 5206 Vidistin‘
1128 5150 1407 5206 caritatem
1452 5151 1573 5221 igne
1616 5155 1887 5211 ardentio-

293 5243 453 5301 rem?
499 5242 575 5303 ita
609 5251 663 5297 et
691 5258 791 5299 nos
819 5258 1033 5315 quoque
1060 5243 1330 5300 Christum
1371 5243 1695 5315 diligamus;
1728 5249 1888 5307 facile

298 5347 534 5405 namque
549 5341 652 5400 est,
672 5333 717 5386 si
744 5334 992 5391 velimus.
1015 5336 1199 5406 Neque
1225 5336 1368 5391 enim
1396 5336 1491 5392 ille
1512 5336 1631 5391 talis
1648 5348 1764 5393 erat
1792 5356 1887 5396 na-

299 5439 459 5482 tura:
486 5422 713 5494 ideoque
742 5424 919 5492 priora
946 5426 1089 5483 illius
1115 5427 1204 5482 his
1228 5428 1493 5483 contraria
1542 5427 1707 5484 fuisse
1755 5433 1884 5488 scri-

297 5529 452 5589 ptur-
482 5528 564 5572 est
587 5555 604 5582 ,
636 5522 694 5570 ut
721 5514 990 5570 discamus
1011 5532 1147 5586 opus
1174 5518 1307 5575 illud
1331 5519 1483 5575 liberi
1510 5518 1714 5575 arbitrii
1744 5538 1885 5590 esse,

296 5620 355 5667 et
373 5608 679 5667 volentibus
698 5608 879 5661 omnia
898 5621 1019 5663 esse
1042 5608 1238 5664 facilia.
1259 5610 1337 5667 Ne
1362 5612 1708 5682 desperemus
1728 5629 1887 5687 ergo;

297 5702 400 5759 sed
422 5699 864 5759 etsi'mttledictus
884 5714 965 5765 es,
996 5701 1097 5755 etsi
1124 5717 1337 5769 avarus,
1359 5707 1459 5761 etsi
1478 5706 1692 5775 quidvis
1721 5707 1885 5779 aliud,

302 5794 479 5865 cogita
525 5792 749 5849 Paulum
789 5791 1159 5861 blasphemum
1202 5793 1387 5864 fuisse,
1420 5809 1886 5869 persequutorem,

1291 375 1359 433 IN
1395 373 1611 435 EPIST.
1653 374 1673 431 Ι
1734 374 1827 429 AD
1864 371 2022 428 COR.
2062 373 2295 430 HOMIL.
2338 374 2501 434 XXII.

3441 378 3543 434 188

1962 488 2433 555 contumeliosum,
2484 500 2931 564 peccatorumque
2980 494 3233 564 primum,
3280 503 3336 550 et
3382 499 3544 550 dere-

1964 589 2125 651 pente
2150 582 2215 636 ad
2261 582 2434 654 ipsum
2462 584 2675 640 virtutis
2715 585 2928 639 culmen
2970 586 3297 654 pervenisse,
3331 595 3386 643 et
3414 584 3544 641 nihil

1962 672 2060 740 ipsi
2107 672 2476 741 impedimenti
2517 676 2711 746 priora_
2733 676 3009 731 attulisse:
3041 678 3188 746 atqui
3235 690 3545 735 nemo'cum

1934 772 2111 818 tanto
2164 765 2346 821 furore
2403 766 2691 836 nequitiam
2747 775 3005 832 sectatur,
3049 780 3172 821 cum
3212 776 3415 837 quanto
3457 768 3548 823 ille

1964 853 2160 908 bellum
2202 865 2389 910 contra
2428 857 2745 912 Ecclesiam.
2778 856 2909 911 Nam
2939 866 3066 911 tunc
3092 857 3207 925 ipse
3248 871 3399 911 suam
3434 866 3547 910 tra-

1964 945 2096 999 didit
2121 946 2387 1011 animam;
2420 957 2475 1001 et
2501 948 2623 1014 quia
2656 963 2762 1002 non
2792 947 2939 1003 mille
2976 962 3167 1002 manus
3196 946 3447 1012 habebat,
3492 957 3552 1000 ut

1963 1036 2211 1090 omnibus
2257 1036 2591 1107 Stephanum
2638 1039 2945 1108 impeteret,
2976 1038 3213 1095 dolebat.
3261 1039 3327 1094 Et
3370 1046 3550 1092 tamen

1964 1128 2042 1181 sic
2062 1141 2275 1197 quoque
2298 1125 2516 1182 modum
2549 1128 2773 1192 invenit,
2794 1144 2902 1199 quo
2925 1138 3110 1199 posset
3134 1130 3281 1184 illum
3314 1124 3553 1199 pluribus

1964 1217 2125 1273 ferire
2149 1219 2398 1274 manibus
2428 1218 2685 1273 falsorum
2714 1221 2951 1286 testium,
2972 1222 3359 1290 quorumipse'
3374 1228 3553 1274 vestes

1965 1311 2233 1366 servabat.
2261 1312 2329 1366 Et
2368 1326 2490 1367 cum
2536 1312 2597 1366 in
2625 1312 2819 1367 domos
2865 1300 3112 1378 intraret,
3145 1321 3416 1381 tamquam
3444 1313 3566 1368 ferar

1966 1402 2254 1470 insiliebat,
2293 1402 2513 1457 trahens
2554 1400 2899 1458 etlacerans
2941 1402 3102 1468 viros,
3135 1401 3420 1468 mulieres;
3468 1411 3557 1456 tu»

1967 1494 2135 1549 multu
2165 1502 2221 1549 et
2244 1494 2471 1563 strepitu
2497 1509 2560 1548 ac
2600 1493 2756 1549 bellis
2784 1494 3054 1549 sexcentis
3079 1494 3260 1547 omnia
3299 1492 3551 1562 impleas.

1965 1584 2039 1639 lta
2069 1600 2263 1659 nempe
2291 1585 2549 1641 terribilis
2582 1594 2721 1650 erat,
2749 1594 2809 1659 ut
2838 1586 3068 1655 apostoli
3090 1585 3248 1640 etiam
3280 1592 3402 1654 post
3419 1583 3560 1653 opti-

1967 1691 2108 1730 mam
2150 1675 2267 1745 ejus
2305 1676 2715 1731 conversionem
2756 1676 2995 1731 nondum
3035 1675 3293 1731 auderent
3318 1675 3417 1745 ipsi
3448 1674 3555 1730 ha:-

1962 1772 2110 1821 ‘rere.
2132 1766 2382 1820 Attamen
2412 1775 2534 1834 post
2559 1766 2648 1819 illa
2670 1767 2851 1819 omnia
2881 1766 3001 1820 talis
3031 1755 3260 1820 effectus
3294 1774 3401 1831 est,
3423 1778 3554 1836 qua-

1970 1858 2037 1912 lis
2063 1871 2188 1911 vere
2217 1855 2348 1911 fuit:
2380 1871 2553 1926 neque
2578 1857 2722 1911 enim
2748 1856 2898 1924 plura
2924 1856 3107 1911 dicere
3130 1870 3268 1926 opus
3293 1865 3396 1911 est.
3427 1856 3555 1913 Ubi-

1968 1964 2092 2003 nam
2120 1962 2249 2019 ergo
2293 1956 2420 2002 sunt
2460 1947 2559 2011 illi,
2588 1933 2800 2018 quifati
2830 1948 3210 2001 necessitatem
3260 1945 3560 2001 obtendunt

1970 2041 2225 2095 adversus
2250 2040 2456 2094 arbitrii
2500 2041 2668 2094 nostri
2698 2038 3040 2094 libertatem?
3078 2038 3203 2093 "th
3231 2038 3473 2104 audiant,
3505 2049 3561 2093 ct

1970 2144 2062 2184 ora
2095 2144 2190 2184 sua
2231 2131 2532 2185 obstruent.
2568 2130 2703 2185 Eum
2736 2131 2882 2184 enim
2910 2131 3003 2201 qui
3044 2130 3216 2185 bonus
3260 2143 3380 2186 esse
3407 2131 3557 2198 velit,

1975 2221 2111 2275 nihil
2139 2220 2383 2290 impedit,
2417 2220 2627 2276 etiamsi
2676 2222 2818 2277 inter
2848 2222 3209 2291 nequissimos
3246 2230 3401 2277 antea
3426 2236 3559 2277 cen-

1971 2320 2203 2367 seretur.
2229 2311 2310 2367 Ad
2343 2311 2447 2367 hoc
2482 2313 2626 2367 cnim
2670 2316 2908 2382 aptiores
2933 2328 3139 2378 sumus,
3167 2324 3430 2386 quatenus
3470 2330 3558 2370 se-

1971 2403 2202 2459 cundum
2230 2411 2476 2459 naturam
2503 2405 2673 2460 virtus
2723 2407 2862 2461 ineSt
2889 2406 3063 2473 nobis,
3090 2415 3146 2462 et
3173 2415 3367 2478 praeter
3395 2418 3553 2463 natu-

1975 2509 2087 2548 ram
2133 2494 2358 2560 vitium;
2406 2495 2545 2549 sicut
2569 2497 2730 2550 etiam
2773 2506 3036 2566 tegrotare
3083 2508 3138 2553 et
3181 2498 3319 2554 bene
3362 2499 3559 2555 valere.

1977 2586 2185 2639 Etenim
2233 2584 2416 2639 oculos
2454 2585 2610 2640 nobis
2657 2585 2804 2640 dedit
2849 2588 3009 2652 Deus,
3043 2603 3150 2642 non
3196 2597 3253 2643 ut
3297 2588 3563 2661 impudice

1975 2678 2335 2748 aspiciamus,
2368 2677 2463 2733 sed
2512 2684 2571 2737 ut
2612 2691 2703 2733 res
2744 2677 2812 2732 ab
2853 2694 2920 2733 eo
2962 2689 3173 2733 creatas
3211 2680 3556 2748 admirantes,

1974 2767 2318 2823 Conditorem
2364 2766 2670 2823 adoremus.
2701 2768 2854 2834 Quod
2882 2778 3056 2823 autem
3080 2768 3169 2823 hic
3195 2770 3265 2824 sit
3284 2771 3561 2827 oculorum

1977 2874 2127 2922 usus,
2158 2860 2335 2927 palam
2376 2868 2460 2913 est
2488 2876 2555 2915 ex
2593 2860 2756 2914 rebus
2784 2861 2883 2915 sub
2920 2870 3196 2931 aspectum
3227 2861 3560 2919 cadentibus.
3646 2848 3651 2853 ι

1980 2949 2441 3005 Pulchritudinem
2482 2944 2715 3019 namque
2763 2953 2892 3005 solis
2932 2961 2983 3005 et
3024 2953 3141 3007 caeli
3183 2968 3249 3008 ex
3301 2955 3564 3009 immenso

1978 3042 2265 3111 a5picimus
2309 3042 2627 3097 intervallo:
2679 3044 2920 3098 mulieris
2959 3059 3089 3099 vero
3134 3047 3357 3100 formam
3406 3063 3564 3103 nemo

1980 3150 2043 3190 ex
2073 3146 2221 3189 tanto
2252 3136 2426 3205 spatio
2456 3136 2683 3190 noverit.
2716 3136 2896 3201 Viden‘
2928 3137 3140 3214 oculum
3175 3138 3329 3193 nobis
3368 3140 3432 3193 ad
3464 3141 3565 3197 hoc

1980 3227 2215 3279 maxime
2240 3226 2421 3279 datum
2450 3225 2660 3281 fuisse?
2704 3227 2909 3283 Rursus
2937 3230 3174 3285 auditum
3204 3230 3349 3297 fecit,
3378 3248 3482 3287 non
3511 3244 3567 3289 ut

1982 3318 2290 3387 blasphema
2323 3317 2650 3388 excipiamus
2676 3321 2875 3387 verba,
2906 3322 2999 3377 sed
3044 3332 3101 3377 ut
3139 3324 3388 3379 salutaria
3432 3326 3565 3397 dog-

1984 3417 2148 3462 mata.
2215 3406 2447 3477 ldeoque
2508 3423 2629 3463 cum
2686 3410 2958 3480 quidpiam
3007 3412 3266 3467 absonum
3320 3418 3560 3485 excipit,

1984 3510 2039 3556 ct
2066 3500 2278 3557 animus
2319 3511 2374 3555 et
2419 3487 2590 3571 ipsum
2633 3518 2830 3574 corpus
2872 3508 3145 3576 torpescit.
3204 3508 3384 3563 Sermo
3436 3514 3570 3567 enim

1987 3592 2204 3645 multum
2232 3593 2482 3663 jurantis,
2519 3595 2648 3664 pilos
2692 3597 2860 3667 erigit,
2896 3598 3087 3666 inquit.
3121 3600 3186 3655 Et
3226 3602 3269 3655 si
3298 3604 3422 3673 quid
3448 3620 3569 3659 cru-

1987 3685 2109 3761 dele
2134 3686 2219 3740 vel
2244 3686 2448 3742 immite
2474 3687 2776 3753 audiamus,
2813 3692 3344 3763 rursuS‘horremus;
3373 3700 3416 3751 si
3445 3714 3573 3755 vero

1988 3778 2115 3847 quid
2149 3793 2498 3832 numerosum
2542 3788 2598 3834 et
2631 3778 2945 3846 humanum,
2972 3792 3025 3837 et
3055 3773 3313 3853 gestimus
3340 3796 3393 3843 et
3425 3789 3577 3844 la'ta-r

1989 3884 2129 3922 mur.
2162 3868 2234 3923 Os
2255 3883 2469 3939 quoque
2490 3870 2733 3925 nostrum
2772 3873 2945 3943 turpia
2969 3874 3210 3944 loquens,
3244 3878 3500 3947 pudorem
3522 3892 3577 3937 et

1988 3958 2370 4014 verecundiam
2416 3958 2611 4026 infert;
2649 3962 2731 4016 sin
2760 3971 2937 4023 autem
2981 3962 3226 4033 honesta,
3268 3967 3478 4038 placide
3522 3981 3576 4026 et

1991 4064 2110 4103 cum
2148 4051 2293 4104 omni
2331 4050 2580 4106 libertate
2626 4052 2714 4105 illa
2761 4055 2977 4108 emittit.
3006 4056 3080 4110 De
3124 4056 3185 4110 iis
3223 4069 3425 4127 autem,
3450 4076 3579 4141 quae

1992 4150 2116 4195 sunt
2137 4141 2433 4196 secundum
2460 4150 2709 4197 naturam
2739 4160 2898 4198 nemo
2921 4146 3228 4214 erubuerit;
3266 4149 3359 4204 sed
3385 4152 3455 4206 de
3488 4152 3579 4217 iis,

1993 4248 2111 4313 qua:
2156 4241 2282 4287 sunt
2327 4244 2521 4302 praeter
2560 4242 2827 4291 naturam.
2863 4236 2931 4290 Et
2979 4251 3167 4292 manus
3196 4240 3412 4309 quidem
3456 4258 3577 4298 cum

1993 4324 2228 4395 rapiunt,
2259 4338 2317 4377 se
2364 4324 2679 4390 occultant,
2710 4336 2766 4381 et
2809 4326 3178 4385 defensionem
3208 4343 3487 4401 quaarunt;
3536 4336 3587 4391 si

1993 4432 2126 4479 vero
2157 4416 2556 4487 eleemosynam
2590 4417 2740 4481 dent,
2770 4418 2931 4473 etiam
2961 4420 3281 4490 gloriantur.
3312 4422 3498 4495 Itaque
3536 4425 3582 4480 si

1994 4509 2243 4574 velimus,
2270 4522 2518 4576 magnam
2548 4507 2781 4580 undique
2802 4508 3063 4567 habemus
3089 4512 3156 4567 ad
3180 4518 3429 4570 virtutem
3458 4531 3581 4585 pro-

1996 4599 2333 4669 pensionem.
2381 4599 2439 4655 Si
2480 4608 2660 4655 autem
2692 4600 2825 4656 mihi
2867 4603 3193 4673 voluptatem
3235 4622 3303 4660 ex
3347 4610 3580 4677 nequitia

1996 4700 2201 4759 partam
2246 4690 2413 4753 dicas,
2446 4691 2621 4759 cogita
2668 4704 2767 4743 nos
2815 4688 2961 4745 illam
3005 4694 3261 4763 majorem
3288 4713 3354 4752 ex
3385 4700 3582 4756 virtute

1995 4781 2308 4850 decerpere.
2336 4779 2548 4834 Etenim
2580 4780 2777 4835 bonam
2808 4781 3010 4840 habere
3032 4786 3437 4849 conscientiam.
3468 4804 3584 4844 om-

1996 4872 2153 4927 nibus
2182 4872 2235 4926 in
2283 4871 2639 4929 admiratione
2666 4889 2811 4942 esse,
2838 4876 3143 4949 bonamque
3189 4896 3340 4951 spem
3374 4893 3580 4951 tenere,

1995 4963 2232 5019 omnium
2256 4962 2709 5035 jucundissimum
2726 4976 2809 5023 est
2829 4968 3003 5039 ei,qui
3027 4972 3317 5041 voluptatis
3338 4985 3583 5030 naturam

1995 5056 2377 5127 perpenderit;
2409 5066 2466 5113 ut
2493 5058 2762 5113 contraria
2782 5060 3026 5114 omnium
3055 5062 3436 5120 molestissima
3458 5078 3583 5122 sunt

1994 5153 2063 5218 ei,
2082 5153 2171 5223 qui
2189 5150 2393 5207 doloris
2422 5161 2667 5208 naturam
2691 5153 2870 5207 novit:
2897 5153 3046 5209 verbi
3071 5156 3262 5226 gratia,
3294 5167 3345 5211 et
3370 5160 3584 5228 probris

1994 5242 2063 5298 ab
2102 5242 2351 5298 omnibus
2394 5240 2540 5297 afﬁci
2565 5252 2619 5298 et
2653 5258 2682 5296 a
2730 5258 2790 5299 se
2825 5244 2943 5315 ipso
2986 5248 3251 5315 accusari,
3283 5252 3478 5309 timere
3512 5267 3577 5308 ac

1996 5343 2230 5390 tremere
2267 5337 2547 5403 praesentia
2573 5349 2637 5390 ac
2664 5333 2859 5391 futura.

2067 5431 2121 5487 5.
2172 5430 2418 5502 Voluptas
2446 5428 2607 5485 brevis
2636 5439 2729 5495 est,
2762 5430 2909 5486 dolor
2929 5432 3051 5487 hinc
3080 5442 3260 5503 partes
3286 5446 3583 5507 perpetuus.

1997 5528 2147 5584 —Et
2182 5538 2263 5584 ut‘
2288 5528 2338 5583 id
2380 5529 2521 5598 quod
2553 5529 2673 5584 dico
2701 5528 2900 5583 clarius
2940 5527 3168 5594 evadat,
3217 5541 3581 5599 supponamus

1995 5624 2299 5693 quempiam
2328 5638 2551 5678 uxorem
2596 5622 2879 5679 habentem
2916 5624 3146 5693 proximi
3196 5623 3405 5695 nuptias
3454 5639 3579 5692 per-

1998 5713 2202 5782 fodere,
2226 5724 2360 5769 etex
2393 5714 2493 5770 hoc
2523 5715 2769 5786 improbo
2798 5714 2941 5771 furto
2968 5717 3056 5772 illa
3086 5716 3187 5772 frui
3209 5732 3368 5787 quam
3389 5726 3533 5773 amat
3558 5738 3572 5783 ;

1995 5806 2195 5861 deinde
2234 5805 2398 5862 alium
2447 5808 2570 5864 huic
2611 5822 2943 5880 opponamus
2972 5849 2987 5879 ,
3020 5809 3110 5881 qui
3154 5825 3381 5867 uxorem
3422 5827 3575 5868 suam
