4022 6214
480 376 580 431 1Βῖ

474 491 863 563 complectatur
890 506 903 543 :
937 496 1099 557 utque
1128 486 1351 541 victoria
1382 485 1578 541 clarior
1606 484 1829 550 evadat,
1858 484 1945 540 hic
1969 494 2061 555 qui

474 588 586 642 sola
613 599 709 641 sua
734 597 901 639 uxore
926 581 1119 637 fruitur
1136 623 1151 645 ,
1175 582 1336 636 etiam
1369 580 1514 636 illam
1541 588 1688 635 amet
1715 595 1835 649 quae
1854 579 2061 637 adulte-

478 687 657 744 ratur,
692 676 786 731 sed
819 690 1056 736 amorem
1101 674 1353 737 cohibeat
1398 672 1639 743 nihilque
1680 673 1811 727 mali
1859 672 2056 739 faciat,

472 786 793 842 quamquam
824 784 893 825 ne
921 768 1023 827 hoc
1042 768 1258 838 quidem
1280 776 1365 822 est
1385 781 1515 838 pura
1546 767 1896 835 temperantia
1922 782 1936 830 ;
1966 782 2061 822 ve-

475 881 588 917 rum
616 862 681 917 ad
730 862 940 919 libitttm
962 903 979 925 ,
1011 870 1069 914 ut
1115 859 1291 914 discas
1314 867 1512 927 quanta
1559 858 1630 912 sit
1660 857 1874 911 virtutis
1901 858 2058 912 volu-

474 964 609 1020 ptas,
642 953 762 1010 ideo
788 951 1093 1020 huiusmodi
1118 951 1305 1005 drama
1330 948 1653 1005 efﬁnximus.
1685 948 1779 1003 His
1802 962 1933 1018 ergo
1952 964 2057 1004 una

470 1047 792 1115 compamtis
812 1086 827 1111 ,
858 1045 939 1100 sic
961 1043 1149 1097 ambos
1175 1044 1586 1111 interrogemus,
1615 1042 1787 1096 utrius
1811 1043 1914 1095 vita
1937 1042 2058 1095 dul-

469 1139 583 1192 cior
607 1155 619 1189 :
649 1145 705 1190 ct
723 1136 909 1189 audies
935 1135 1082 1189 illum
1112 1133 1327 1204 quidem
1352 1132 1675 1204 gloriantem
1695 1142 1752 1189 et
1775 1136 2051 1190 exsultan-

471 1239 575 1282 tem
603 1228 670 1282 de
695 1228 957 1293 victoria,
986 1241 1149 1299 quam
1177 1235 1361 1281 contra
1397 1225 1675 1281 libidinem
1718 1228 2050 1295 reportavit;

471 1321 611 1375 iltlllc
638 1333 798 1383 vero;
825 1320 932 1378 imo
954 1332 1058 1371 non
1081 1316 1501 1386 exspectandum
1520 1327 1603 1372 est
1630 1328 1689 1371 ut
1706 1317 1777 1373 ab
1803 1317 1895 1371 illo
1924 1320 2051 1389 quid

468 1412 815 1467 ediscamus:
848 1410 1053 1466 videbis
1091 1410 1234 1464 enim
1282 1409 1431 1468 illum
1456 1410 1708 1478 ,etiamsi
1756 1410 1807 1464 id
1854 1412 2052 1466 millies

470 1503 773 1573 negaverit,
803 1501 1159 1557 miserabilius
1180 1515 1343 1570 quam
1373 1500 1410 1553 ii
1448 1500 1539 1569 qui
1552 1489 1559 1510 ⁷
1575 1508 1702 1554 sunt
1740 1500 1792 1554 in
1823 1502 2049 1557 vinculis

463 1595 734 1651 affectum.
768 1594 903 1651 Nam
927 1606 1116 1645 omnes
1156 1591 1306 1646 timet
1333 1599 1390 1645 et
1427 1599 1705 1659 suspectos
1750 1591 1953 1659 habet,
1996 1601 2051 1650 et

463 1701 686 1739 morem
708 1699 858 1741 suam
880 1691 935 1742 et
953 1682 1210 1738 adultera:
1231 1681 1405 1735 virum
1428 1680 1708 1752 ipsamque
1730 1683 2046 1749 adulteram,

467 1776 776 1838 familiares,
805 1773 1008 1829 amicos
1032 1814 1048 1838 ,
1076 1783 1355 1841 cognatos,
1388 1773 1645 1841 parietes,
1671 1771 1911 1839 umbras,
1943 1774 2050 1828 δεῖν

466 1882 615 1934 psum
643 1884 657 1929 ;
687 1876 738 1920 et
772 1864 911 1933 quod
942 1874 1024 1919 est
1064 1864 1303 1917 omnium
1328 1863 1702 1933 gravissimum
1723 1905 1741 1929 ,
1770 1866 2052 1921 conscien—

465 1963 590 2025 tiam
636 1960 796 2031 liabet
840 1960 1223 2013 reclamantem
1267 1965 1324 2012 et
1361 1957 1599 2028 quotidie
1644 1959 1948 2013 latrantem.
1990 1959 2045 2013 Si

460 2068 589 2107 vero
610 2053 769 2113 etiam
799 2051 891 2105 Dei
924 2051 1153 2105 tribunal
1186 2049 1241 2103 in
1270 2057 1506 2104 mentem
1533 2049 1776 2116 venerit,
1804 2066 1873 2104 ne
1901 2059 2049 2105 stare

460 2143 675 2212 quidem
706 2142 921 2210 poterit.
955 2141 1019 2194 Et
1046 2141 1290 2211 voluptas
1311 2139 1527 2210 quidem
1553 2128 1732 2195 brevis
1757 2150 1861 2207 est,
1891 2141 2048 2195 dolor

459 2235 791 2297 autemliinc
823 2243 1007 2302 partus
1034 2243 1346 2303 perpetuus.
1390 2231 1522 2287 Nam
1565 2240 1621 2285 et
1658 2247 1879 2301 vespere
1917 2233 2045 2287 etin

460 2339 618 2382 nocte
647 2367 659 2384 .
696 2326 748 2383 in
780 2326 1066 2380 Solitudine
1091 2364 1105 2386 ,
1138 2326 1190 2379 in
1220 2325 1436 2379 civitate
1460 2331 1516 2378 et
1545 2323 1742 2393 ubique
1765 2332 2048 2379 accusator

460 2419 721 2487 sequitur,
751 2415 987 2487 gladium
1018 2424 1325 2469 monstrans
1352 2427 1567 2469 acutum
1597 2425 1653 2469 et
1690 2415 2041 2470 intolerabilia

457 2508 720 2576 supplicia
743 2549 757 2567 ,
791 2518 936 2562 metu
976 2520 1302 2560 consumens
1349 2506 1520 2561 illum.
1561 2505 1655 2560 Ille
1678 2521 1807 2561 vero
1837 2514 2041 2575 tempe-

458 2616 604 2660 rans.
642 2602 724 2653 his
752 2598 1002 2652 omnibus
1032 2611 1255 2662 vacuus,
1287 2598 1339 2650 in
1368 2595 1613 2651 libertate
1639 2605 1739 2661 est,
1769 2604 1826 2650 et
1852 2610 2042 2650 secure

457 2708 675 2747 uxorem
703 2706 855 2745 suam
883 2691 1026 2744 videt
1051 2730 1064 2753 ,
1099 2688 1237 2744 filios
1258 2728 1273 2752 ,
1303 2690 1506 2742 amicos
1538 2728 1552 2751 ,
1580 2696 1637 2741 et
1665 2686 1848 2741 liberis
1873 2686 2045 2739 oculis

455 2785 633 2837 «ηιιιιῑτι
661 2783 875 2853 aspicit.
925 2781 983 2836 Si
1028 2790 1206 2835 autem
1235 2781 1280 2834 is
1311 2781 1401 2848 qui
1426 2788 1610 2843 amat,
1656 2784 1712 2830 et
1758 2786 1937 2831 tamen
1980 2790 2042 2831 se

455 2881 733 2942 continet,
787 2886 941 2931 tanta.
974 2875 1171 2931 fruitur
1222 2874 1532 2942 voluptate:
1561 2873 1651 2943 qui
1694 2886 1803 2927 non
1851 2881 2037 2937 amat,

457 2973 550 3028 sed
604 2987 737 3041 pure
792 2978 1099 3040 temperans
1147 2978 1265 3035 est,
1321 2982 1427 3037 quo
1486 2976 1683 3037 portu,
1736 2980 1837 3035 qua
1890 2977 2038 3019 tran-

452 3064 713 3132 quillitate
750 3076 857 3117 non
897 3061 1193 3115 dulciorem
1234 3070 1289 3114 et
1342 3058 1693 3128 placidiorem
1744 3056 2041 3126 possidebit

453 3158 685 3208 animam
712 3154 737 3209 ’ἒ
767 3153 889 3207 Ideo
917 3162 1066 3207 certe
1098 3150 1373 3205 adulteros
1401 3148 1597 3203 videris
1629 3163 1826 3217 paucos
1850 3190 1866 3214 ,
1899 3159 2037 3202 tem-

454 3255 700 3314 perantes
720 3255 895 3298 autem
923 3243 1123 3313 plures.
1147 3241 1301 3309 Quod
1328 3241 1371 3294 si
1402 3240 1505 3293 huc
1520 3238 1729 3293 dulcius
1749 3250 1911 3305 esset,
1938 3239 2038 3296 hoc

454 3340 625 3406 ipsum
657 3336 807 3395 multi
832 3335 1111 3403 eligerent.
1162 3333 1268 3388 Nec
1308 3332 1436 3386 mihi
1471 3330 1620 3385 dicas
1660 3331 1836 3400 legum
1876 3332 2035 3387 timo.

452 3444 601 3492 rem;
632 3442 805 3496 neque
830 3426 978 3481 enim
1006 3424 1093 3480 hic
1120 3424 1241 3481 illos
1262 3425 1502 3479 continet
1527 3463 1544 3487 ,
1573 3421 1667 3475 sed
1694 3422 2037 3478 absurditatis

452 3516 779 3590 magnitudo,
801 3517 1013 3586 etquod
1042 3516 1191 3585 plura
1224 3514 1297 3569 ibi
1317 3516 1425 3567 sint
1454 3514 1623 3567 tristia
1648 3529 1806 3582 quam
1828 3517 2032 3581 suavia,

452 3618 506 3662 rt
529 3608 872 3665 conscientia:
920 3622 1134 3678 quoque
1177 3606 1434 3679 calculus.
1466 3606 1535 3659 Et
1574 3608 1786 3662 adulter
1814 3609 2030 3678 quidem

449 3700 572 3753 talis
596 3709 697 3753 est.
724 3699 779 3753 Si
809 3699 981 3772 placet
1005 3708 1207 3763 autem,
1231 3712 1451 3757 avarum
1472 3702 1687 3767 quoque
1709 3698 2039 3754 adducamus

448 3791 502 3845 in
530 3791 801 3857 medium,
832 3790 995 3843 alium
1028 3800 1217 3843 rursus
1246 3789 1482 3858 iniquum
1507 3805 1748 3842 amorem
1776 3790 2034 3860 detegen-

448 3893 547 3937 tes.
584 3883 795 3939 Etenim
818 3883 990 3952 ipsum
1012 3880 1173 3935 etiam
1205 3881 1502 3940 videbimus
1525 3882 1711 3937 eadem
1738 3884 2035 3937 formidan—

449 3988 577 4040 tem,
607 3992 707 4031 nec
732 3975 995 4032 valentem
1020 3990 1149 4044 pura
1172 3976 1271 4029 frui
1296 3974 1585 4043 voluptate.
1609 3975 1784 4030 Mente
1807 3992 2035 4046 namque

444 4084 671 4124 versans
698 4084 791 4123 eos
816 4069 906 4141 qui
949 4069 1141 4136 injuria
1186 4068 1495 4121 afficiuntur
1520 4110 1533 4134 ,
1564 4080 1618 4122 et
1647 4083 1747 4123 eos
1763 4070 1851 4136 qui
1880 4085 2031 4124 eom-

446 4162 789 4216 miseratione
819 4162 1088 4215 ducuntur
1107 4201 1120 4224 ,
1146 4169 1199 4216 et
1224 4175 1567 4216 communem
1586 4162 1824 4216 ominum
1851 4162 1920 4217 de
1942 4163 2034 4217 illo

445 4255 749 4320 calculum,
781 4254 929 4309 mille
969 4254 1199 4323 agitatur
1244 4255 1357 4322 ipse
1396 4255 1662 4310 fluctibus.
1706 4256 1890 4325 Neque
1932 4235 2037 4311 lioe

445 4347 621 4399 solum
665 4347 951 4403 molestum
981 4348 1078 4415 ipsi
1100 4356 1179 4402 est
1208 4390 1221 4410 ,
1254 4346 1348 4400 Sed
1377 4362 1549 4417 neque
1578 4348 1771 4403 dilecta
1804 4365 1900 4404 sua
1933 4350 2035 4405 frui

447 4447 643 4507 potest.
669 4438 815 4502 Talis
838 4442 982 4496 enim
1025 4450 1109 4492 est
1138 4454 1421 4492 avarorum
1458 4455 1572 4492 mos
1607 4457 1621 4494 :
1653 4438 1854 4496 habent
1877 4482 1892 4505 ,
1927 4456 2031 4495 non

447 4538 504 4582 ut
545 4528 825 4593 fruantur,
853 4528 946 4583 sed
980 4537 1038 4581 ut
1084 4542 1189 4580 non
1236 4530 1508 4583 tmautur.
1541 4528 1695 4595 Quod
1724 4532 1767 4582 si
1808 4531 1910 4585 hoc
1939 4532 2035 4585 tibi

445 4622 670 4690 :ruigma
697 4633 819 4673 esse
842 4617 1073 4683 videtur,
1101 4616 1242 4687 quod
1264 4618 1438 4671 adhuc
1462 4619 1613 4687 pejus
1641 4628 1695 4673 et
1718 4622 1892 4691 magis
1913 4636 2034 4690 per-

448 4715 661 4781 plexum
690 4711 919 4773 estaudi
949 4729 961 4763 :
997 4712 1145 4781 ipsus
1182 4727 1376 4780 nempe
1413 4727 1520 4768 non
1565 4712 1687 4767 ideo
1727 4714 1903 4768 solum
1936 4732 2033 4770 vo-

448 4805 648 4872 luptate
677 4802 896 4872 privari,
919 4803 1197 4872 quodnon
1211 4802 1448 4857 audeant
1467 4806 1621 4859 bonis
1644 4803 1749 4859 frui
1766 4816 1823 4859 ut
1845 4808 2033 4874 velint,

447 4895 542 4949 sed
569 4894 730 4950 etiam
762 4894 910 4963 quod
938 4908 1226 4962 numquam
1262 4893 1582 4958 impleantur
1601 4936 1615 4960 ,
1642 4913 1705 4951 ac
1738 4914 1953 4967 semper
1982 4900 2032 4955 in

448 4988 534 5041 siti
568 4995 850 5045 versentur
878 5001 894 5039 :
924 5001 1032 5054 quo
1054 4984 1183 5054 quid
1212 4984 1490 5039 molestius
1513 4995 1567 5039 et
1590 4989 1807 5056 gravius
1835 4992 1993 5046 fuerit
2011 4991 2040 5045 ἲ

451 5084 517 5133 At
537 5079 716 5148 justus
755 5094 861 5141 non
880 5085 973 5135 est
1000 5077 1122 5146 talis
1145 5117 1161 5140 ,
1190 5076 1284 5131 sed
1314 5086 1582 5140 tremore,
1620 5077 1780 5142 odio,
1813 5091 1958 5135 metu
1982 5091 2037 5137 et

452 5170 556 5223 bac
584 5169 864 5225 iuctlrabili
884 5169 975 5227 siti
1004 5169 1139 5223 liber
1161 5178 1265 5223 est;
1295 5168 1373 5231 Ac
1402 5168 1853 5245 quemadmodum
1884 5170 2034 5226 illum
2068 5234 2075 5237 _

1205 371 1262 425 S.
1300 367 1579 425 JOANNIS
1611 366 2087 425 CHRYSOSTOIH
2126 369 2441 427 ARCHIEP.
2482 369 3015 429 CONS‘I'ANTINOP.

3650 375 3755 431 I88

2168 502 2357 544 omnes
2380 499 2753 555 exsecrantur,
2783 490 2854 545 ita
2887 489 3008 543 buic
3038 503 3226 543 omnes
3256 487 3394 545 bene
3417 498 3708 559 precantur
3730 532 3750 556 ,

2167 595 2230 636 ac
2258 580 2393 636 sicut
2434 582 2522 637 ille
2550 583 2757 637 nullum
2797 581 2961 638 habet
2985 582 3215 636 amicum
3241 622 3257 645 ,
3301 581 3380 637 sic
3409 581 3511 637 iste
3548 581 3752 637 nullum

2166 672 2458 728 inimicm.
2487 673 2624 742 Quid
2655 676 2833 745 igitur,
2858 673 2975 729 haec
3003 673 3054 727 in
3080 672 3331 729 confesso
3348 687 3472 728 cum
3495 673 3629 738 sint,
3658 684 3753 729 aut

2166 766 2398 835 nequitia
2430 767 2791 835 injucundlus,
2822 777 2914 821 aut
2943 767 3139 821 virtute
3167 764 3383 820 suavius
3412 764 3614 820 fuerit?
3636 763 3753 819 Imo

2165 872 2297 913 vero
2337 860 2545 914 etiamsi
2599 861 2877 915 innumera
2925 859 3259 925 dixerimus,
3291 873 3451 913 nemo
3492 859 3580 913 vel
3630 859 3747 912 vitii

2163 964 2451 1006 maerorem
2472 993 2488 1019 ,
2525 952 2609 1008 vel
2637 952 2851 1007 virtutis
2879 953 3212 1021 voluptatem
3241 952 3420 1006 verbis
3445 950 3753 1020 exprimere

2163 1043 2362 1109 possit,
2392 1043 2566 1099 donec
2592 1044 2678 1099 illa
2711 1043 2973 1099 fruemur.
3001 1045 3154 1100 Tunc
3176 1043 3320 1099 enim
3347 1052 3402 1097 et
3446 1042 3571 1097 felle
3598 1057 3749 1097 ama-

2160 1135 2274 1189 rius
2298 1128 2636 1191 inveniemus
2660 1136 2848 1191 vitium
2869 1179 2883 1199 ,
2913 1152 3033 1192 cum
3062 1138 3167 1192 mel
3194 1136 3407 1190 virtutis
3436 1133 3745 1204 degustabi-

2160 1243 2300 1292 mus.
2332 1227 2429 1283 Est
2456 1229 2598 1283 enim
2623 1229 2784 1285 etiam
2813 1246 2953 1284 nunc
2977 1230 3184 1295 vitium,
3216 1227 3586 1299 iniucundum,
3612 1241 3747 1281 one-

2160 1333 2346 1374 rosum
2369 1331 2425 1375 et
2444 1322 2732 1377 molestum
2758 1340 2773 1389 ;
2801 1322 2947 1392 quod
2974 1338 3146 1394 neque
3171 1321 3245 1377 illi
3273 1329 3489 1391 negant,
3520 1320 3611 1391 qui
3642 1319 3745 1389 ipsi

2160 1411 2484 1466 famulantur
2510 1430 2523 1465 :
2553 1429 2673 1468 cum
2716 1425 2896 1487 autem
2928 1414 2997 1467 ab
3024 1415 3114 1469 illo
3138 1414 3597 1475 abscesserimus,
3628 1421 3745 1463 tum

2160 1502 2303 1556 illius
2322 1502 2511 1557 acerba
2527 1501 2675 1573 jussa
2702 1504 3003 1561 accuratius
3028 1505 3341 1560 sentiemus.
3365 1503 3516 1570 Quod
3540 1504 3584 1554 si
3606 1499 3746 1554 mul-

2162 1593 2196 1646 ti
2224 1593 2291 1647 ad
2322 1593 2450 1648 illud
2474 1606 2777 1663 accumut,
2807 1596 2939 1651 uihil
2966 1597 3161 1650 mirum
3186 1611 3203 1660 ;
3227 1591 3657 1666 quandoquidem
3686 1598 3744 1644 et

2156 1684 2304 1751 Pueri
2344 1700 2522 1754 sarpe,
2555 1689 2733 1742 minus
2770 1688 2945 1743 dulcia
2992 1687 3288 1757 eligentes,
3318 1701 3383 1740 ea
3409 1700 3531 1754 qum
3571 1682 3745 1753 magis

2151 1774 2422 1833 delectant
2458 1777 2763 1849 despiciunt
2790 1821 2805 1843 ,
2832 1788 2887 1834 et
2910 1778 3099 1848 aegroti
3147 1791 3246 1847 pro
3291 1775 3431 1830 ﬂuxa
3484 1774 3744 1843 brevique

2150 1871 2319 1939 gratia
2366 1879 2680 1941 perpetuam
2736 1871 3095 1939 tutioremque
3137 1867 3377 1923 latitiam
3419 1868 3718 1920 amiserunt

2154 1961 2265 2018 Hoc
2288 1974 2465 2018 autem
2491 1979 2559 2019 ex
2579 1963 2872 2019 amantium
2898 1960 3261 2016 imbecillitate
3282 1967 3338 2015 et
3363 1958 3587 2012 stultitia
3610 1971 3736 2026 pro-

2153 2054 2320 2118 venit,
2352 2069 2457 2107 non
2486 2070 2553 2109 ex
2581 2055 2695 2125 ipsa
2734 2068 2915 2110 rerum
2944 2060 3156 2106 natura.
3188 2050 3288 2118 Qui
3317 2048 3463 2103 enim
3489 2062 3611 2102 cum
3640 2062 3739 2100 vo-

2152 2144 2353 2212 luptate
2382 2146 2546 2211 vivit,
2593 2144 2641 2200 is
2670 2153 2752 2200 est
2780 2146 2869 2215 qui
2899 2143 3154 2198 virtutem
3180 2150 3421 2196 sectatur
3441 2179 3457 2205 ,
3491 2140 3579 2209 qui
3610 2152 3742 2193 vere

2150 2233 2301 2289 dives
2324 2244 2378 2289 et
2409 2249 2533 2288 vere
2560 2235 2693 2290 liber
2714 2244 2815 2291 cst.
2843 2234 2997 2300 Quod
3027 2235 3072 2288 si
3102 2234 3225 2303 quis
3246 2232 3347 2285 alia
3377 2229 3592 2301 quidem
3622 2229 3738 2282 vir-

2150 2327 2245 2381 tuti
2272 2326 2626 2391 concesserit,
2653 2325 2977 2387 libertatem.
3007 2326 3349 2379 securitatem
3369 2365 3386 2390 ,
3414 2338 3445 2376 a
3470 2321 3611 2377 curis
3635 2334 3736 2374 va-

2147 2434 2305 2473 cuum
2334 2433 2492 2483 esse,
2535 2418 2804 2472 neminem
2849 2418 3073 2479 timere,
3116 2416 3383 2471 neminem
3427 2422 3739 2483 suspectum

2149 2510 2388 2574 habere;
2440 2511 2771 2579 voluptatem
2807 2524 2935 2563 vero
2970 2509 3068 2577 ipsi
3112 2523 3218 2562 non
3246 2506 3615 2570 concesserit,
3645 2504 3738 2561 hic

2148 2600 2277 2653 mihi
2320 2601 2370 2653 in
2418 2610 2651 2656 mentem
2698 2599 2877 2653 veniet
2920 2598 3142 2669 profuse
3178 2597 3377 2652 ridere.
3407 2596 3545 2664 Quid
3587 2597 3737 2650 enim

2145 2691 2288 2745 aliud
2320 2703 2399 2746 est
2426 2693 2690 2761 voluptas,
2720 2708 2883 2761 quam
2915 2707 2945 2744 a
2973 2691 3354 2747 curisliberari
3380 2732 3397 2754 ,
3437 2705 3468 2744 a
3500 2691 3691 2745 timore
3711 2729 3730 2754 ,

2145 2801 2173 2839 a
2204 2802 2461 2854 mmrore,
2511 2794 2567 2841 et
2602 2802 2632 2839 a
2672 2787 2815 2842 nulla
2857 2803 2915 2842 re
2947 2800 3103 2855 posse
3134 2785 3367 2840 vinciri?
3395 2783 3527 2841 Uter
3547 2785 3692 2838 enim
3713 2824 3733 2849 ,

2144 2896 2325 2949 quaso
2344 2922 2358 2943 ,
2388 2881 2441 2933 in
2468 2880 2745 2948 voluptate
2772 2888 2853 2934 est
2879 2919 2894 2945 ,
2924 2880 3038 2933 isne
3066 2876 3155 2949 qui
3186 2876 3335 2942 furit,
3368 2876 3595 2946 agitatur
3617 2885 3672 2931 et
3698 2892 3733 2929 a

2144 2972 2328 3027 multis
2348 2971 2727 3040 cupiditatibus
2757 2971 3087 3035 confoditur,
3132 2985 3307 3038 neque
3331 2968 3472 3037 apud
3510 2982 3569 3022 se
3593 2982 3729 3021 con-

2141 3064 2317 3127 sistit;
2351 3078 2417 3117 an
2450 3064 2538 3132 qui
2574 3062 2643 3117 ab
2689 3062 2939 3116 omnibus
2984 3060 3131 3115 hisce
3170 3059 3420 3115 fluctibus
3450 3060 3586 3115 liber
3612 3100 3628 3123 ,
3676 3060 3737 3114 in

2142 3154 2479 3225 pliilosOpltia
2532 3169 2630 3209 ceu
2675 3154 2726 3207 in
2772 3162 2929 3222 portu
2976 3151 3378 3206 sedetiannon
3426 3151 3597 3220 palam
3646 3160 3731 3205 est

2144 3247 2283 3301 hunc
2310 3247 2471 3300 esse?
2497 3244 2601 3300 Sed
2629 3244 2731 3299 hoc
2756 3244 2995 3300 cernitur
3013 3243 3196 3297 virtuti
3221 3243 3514 3312 proprium.
3542 3242 3730 3311 Itaque

2142 3338 2326 3391 vitium
2354 3336 2530 3390 solum
2558 3351 2756 3390 nomen
2783 3335 2941 3390 habet
2965 3335 3253 3404 voluptatis
3272 3376 3288 3401 ,
3319 3349 3379 3388 re
3404 3345 3582 3389 autem
3611 3334 3730 3403 ipsa

2139 3436 2363 3485 vacuum
2391 3440 2512 3484 est:
2543 3438 2598 3483 et
2626 3438 2912 3499 antequam
2957 3428 3047 3481 illa
3096 3427 3329 3493 fruaris,
3368 3427 3571 3481 insania
3602 3436 3685 3481 est
3708 3468 3725 3490 ,

2140 3537 2247 3574 non
2276 3522 2522 3587 voluptas
2546 3537 2560 3583 ;
2592 3529 2872 3590 postquam
2900 3519 2988 3573 illa
3017 3519 3117 3572 frui
3142 3519 3443 3588 contigerit,
3473 3520 3582 3587 ipsa
3610 3529 3728 3572 sta-

2141 3613 2234 3665 tim
2264 3612 2639 3682 exstioguitur.
2669 3611 2725 3665 Si
2753 3625 2882 3681 ergo
2909 3626 3079 3682 neque
3118 3610 3271 3665 initio
3290 3651 3305 3671 ,
3334 3626 3508 3680 neque
3537 3620 3727 3679 postea

2139 3703 2265 3757 licet
2288 3702 2404 3770 ejus
2426 3701 2610 3761 videre
2638 3702 2987 3770 voluptatem.
3012 3699 3098 3754 ubi
3120 3709 3370 3754 eernetur
3391 3711 3444 3753 et
3466 3700 3679 3768 quando
3700 3700 3724 3753 τ

2141 3792 2209 3848 Ut
2237 3802 2416 3848 autem
2445 3792 2497 3847 id
2523 3791 2665 3861 quod
2691 3791 2815 3846 dico
2840 3791 3036 3846 clarius
3065 3790 3274 3845 ediscas
3294 3832 3308 3855 ,
3335 3791 3584 3860 exemplo
3607 3806 3731 3847 rem

2138 3897 2467 3941 tractemus“:
2493 3884 2711 3938 attende
2734 3892 2933 3937 autem.
2955 3882 3154 3951 Captus
3174 3889 3258 3935 est
3283 3882 3545 3951 quispiam
3570 3894 3730 3936 amo-

2138 3993 2198 4032 re
2226 3978 2464 4033 mulieris
2496 3976 2734 4047 pulchra:
2762 3985 2817 4032 et
2847 3974 3097 4030 formosa:
3122 3993 3136 4029 :
3168 3973 3257 4028 hic
3278 3972 3449 4028 donec
3472 3989 3731 4043 assequa-

2140 4080 2225 4123 tur
2252 4078 2525 4137 Optatum,
2556 4065 2853 4121 furentibus
2878 4074 2931 4120 et
2976 4064 3180 4119 insanis
3204 4063 3394 4118 similis
3424 4074 3545 4129 est;
3580 4074 3732 4135 post-

2138 4176 2299 4231 quam
2347 4170 2527 4213 autem
2579 4166 2899 4228 assequutus
2941 4166 3062 4221 est,
3090 4156 3580 4225 canoupiscentiam
3633 4171 3728 4210 ex-

2138 4257 2344 4309 stinxit.
2374 4254 2429 4308 Si
2459 4267 2591 4321 ergo
2618 4267 2790 4321 neque
2816 4250 2967 4304 initio
2986 4250 3314 4318 voluptatem
3342 4248 3545 4314 liabet;
3577 4247 3731 4303 furor

2138 4348 2281 4400 enim
2306 4355 2431 4407 tunc
2458 4355 2540 4398 est
2563 4361 2578 4407 ;
2610 4358 2782 4413 neque
2803 4343 2855 4396 in
2882 4342 3017 4404 ﬁne:
3044 4356 3165 4396 nam
3186 4342 3471 4396 concubitu
3496 4350 3729 4396 uestrum

2138 4437 2394 4491 exstinxit
2418 4455 2431 4490 :
2463 4436 2675 4489 ubinam
2709 4435 2852 4487 illam
2885 4432 3263 4487 inveniemus?
3290 4431 3396 4488 Sed
3418 4449 3505 4488 res
3530 4445 3731 4489 nostra:

2141 4543 2244 4583 non
2277 4526 2441 4583 ita’se
2477 4526 2696 4592 habent,
2744 4525 2838 4579 sed
2889 4524 3039 4578 initio
3089 4524 3491 4591 perturbatione
3541 4538 3731 4580 vacua

2138 4629 2282 4685 sunt,
2310 4628 2361 4674 et
2394 4632 2561 4685 usque
2591 4617 2644 4670 in
2687 4617 2847 4670 linem
2876 4617 3120 4683 voluptas
3163 4615 3347 4683 vigens
3373 4626 3682 4683 perseverat
3710 4633 3728 4681 ;

2139 4712 2251 4767 imo
2281 4712 2457 4781 potius
2488 4725 2593 4763 non
2640 4708 2761 4764 finis
2804 4718 2885 4762 est
2914 4707 3197 4776 voluptatis
3227 4708 3280 4760 in
3328 4709 3483 4762 nobis
3506 4752 3522 4773 ,
3553 4725 3734 4781 neque

2140 4804 2278 4858 bona
2308 4811 2493 4856 nostra
2533 4805 2823 4866 terminum
2868 4798 3105 4863 habent,
3134 4814 3310 4867 neque
3340 4799 3456 4855 haec
3483 4801 3734 4869 voluptas

2139 4908 2392 4964 umquam
2410 4891 2740 4947 dissolvitur.
2761 4889 2889 4944 Hac
2912 4890 3093 4958 itaque
3120 4889 3299 4943 omnia
3330 4890 3652 4960 cogitantes,
3679 4890 3730 4945 si

2141 4986 2468 5053 voluptatem
2488 4996 2753 5047 amamus,
2778 4981 3028 5034 virtutem
3046 4981 3423 5049 suscipiamus,
3445 4990 3504 5033 ut
3518 4990 3573 5034 et
3590 4995 3733 5049 pne-

2140 5078 2311 5135 sentia
2349 5084 2404 5130 et
2451 5074 2643 5128 futura
2666 5071 2804 5126 bona
2833 5087 3183 5142 assequamur
3214 5088 3229 5122 :
3258 5086 3379 5141 qua
3410 5070 3610 5126 utinam
3635 5088 3736 5129 nos

2142 5184 2336 5233 omnes
2349 5166 2576 5237 adipisci
2598 5165 2893 5236 contingat,
2920 5166 3090 5234 gratia
3117 5170 3173 5216 et
3202 5161 3557 5231 benignitate,
3580 5172 3690 5219 etc.

476 5300 3697 5328 Mm

1783 5380 2126 5447 HOMILLA
2166 5384 2407 5449 XXIII.

448 5527 584 5585 Car.
608 5523 663 5579 9.
693 5538 751 5579 γ.
781 5520 874 5580 ει.
905 5519 1293 5591 Nescitis.un
1319 5521 1359 5574 ii
1378 5567 1391 5586 ,
1422 5522 1509 5589 qui
1537 5523 1591 5575 in
1617 5523 1783 5579 stadio
1804 5536 2039 5591 currunt,

527 5606 699 5670 omnes
722 5614 926 5684 quidem
949 5622 1154 5669 cuman
1173 5655 1189 5679 ,
1213 5618 1305 5670 sed
1333 5630 1463 5668 unus
1488 5615 1674 5685 accipit
1702 5618 1927 5671 brevium
1944 5618 1974 5673 .’

530 5707 581 5766 ι.
606 5707 737 5762 Cum
758 5706 1104 5769 ostendisset,
1125 5722 1243 5760 rem
1260 5722 1382 5768 esse
1399 5706 1691 5763 admodum
1714 5709 1900 5766 utilem
1921 5724 2051 5765 sese

463 5809 835 5871 attemperare,
856 5806 910 5859 et
939 5799 1080 5852 hanc
1094 5811 1216 5853 esse
1235 5814 1503 5854 summam
1533 5799 1919 5869 perfectin
1946 5820 1960 5857 :
1987 5812 2041 5858 et

2141 5525 2288 5598 quod
2304 5526 2415 5595 ipse
2432 5522 2703 5594 (Paulus),
2716 5533 2841 5575 αιω
2855 5516 3152 5589 plusquam
3170 5517 3436 5575 omnesad
3454 5514 3747 5586 perfectio-

2143 5631 2266 5679 nem
2316 5614 2647 5670 ascendisset
2666 5652 2685 5677 ,
2715 5610 2828 5663 imo
2852 5606 3273 5663 transcendisset
3297 5648 3312 5671 ,
3336 5621 3406 5662 eo
3432 5604 3578 5676 quod
3624 5604 3746 5676 (ad

2146 5711 2347 5764 victum
2373 5700 2716 5771 necessaria)
2744 5713 2854 5756 non
2884 5699 3184 5770 acceperit,
3212 5699 3334 5769 plus
3368 5711 3525 5766 quam
3550 5709 3750 5757 omne.

2146 5807 2328 5869 postea
2353 5786 2729 5859 descenderit,
2746 5798 2804 5846 et
2830 5791 3111 5862 utriusque
3138 5788 3220 5844 rei
3245 5797 3484 5856 tempora
3513 5792 3638 5847 nota
3665 5787 3745 5842 te-
