4022 6214
562 408 671 464 189

549 517 811 587 ἀδελφοὺς
834 515 1180 582 ἀπολλύουσι,
1211 522 1304 573 καὶ
1330 522 1481 575 οὐδὲν
1508 521 1689 584 αὐτοῖς
1714 520 1904 587 ὄφελος
1926 518 2133 586 γίνεται

550 601 659 653 ἀπὸ
692 602 791 670 τῆς
817 600 1075 667 γνώσεως
1107 601 1201 671 τῆς
1226 604 1459 670 τελείας,
1484 605 1581 657 ὲάν
1613 604 1687 673 μὴ
1717 602 1904 671 ἀγάπη
1933 602 2131 671 προσῇ,

551 685 715 738 πάλιν
774 685 864 735 ὲπὶ
899 685 1077 736 κοινὸν
1117 684 1334 756 ἔρχεται
1378 687 1749 757 παράδειγμα,
1808 684 1901 737 καὶ
1949 684 2132 753 φησιν’

554 765 676 815 Οὐκ
724 761 925 813 οἴδατε
952 760 1039 815 ὅτι
1076 766 1131 815 οἱ
1165 763 1236 815 ἐν
1266 765 1493 826 σταδίῳ
1534 764 1868 831 τρέχοντες.
1911 762 2136 826 πάντες

550 844 661 905 μὲν
685 843 1025 911 τρέχουσιν,
1044 842 1130 910 εἷς
1145 846 1212 898 δὲ
1232 847 1519 915 λαμϐάνει
1539 848 1604 900 τὸ
1625 845 1941 912 ,ϐραϐεῖον;
1968 844 2138 898 Τοῦτο

550 927 605 978 δὲ
633 925 795 992 λέγει,
828 928 925 996 οὑχ
950 928 1024 989 ώς
1052 929 1146 981 καὶ
1178 930 1409 982 ἐνταῦθα
1444 930 1561 992 ἐνὸς
1584 931 1647 981 ὲκ
1674 930 1891 981 πάντων
1927 928 2139 998 μέλλον-

549 1024 638 1069 τος
679 1007 967 1070 σώζεσθαι.
1027 1010 1229 1076 ἄπαγε,
1283 1012 1396 1065 ἀλλ’
1432 1013 1507 1074 ώς
1558 1011 1756 1081 πολλὴν
1814 1009 2138 1079 ὀφειλόντων

551 1092 583 1159 ή
594 1090 708 1156 μῶν
737 1092 1067 1158 εἰσενεγκεῖν
1093 1094 1189 1163 τὴν
1217 1094 1470 1164 σπουδήν.
1499 1095 1709 1163 Ὠσπερ
1736 1093 1844 1163 γὰρ
1874 1096 1991 1145 ὲκεῖ
2015 1108 2141 1143 κατ-

554 1173 744 1224 ιόντων
779 1174 988 1226 πολλῶν
1023 1178 1102 1238 εἰς
1134 1177 1194 1229 τὸ
1229 1178 1465 1235 στάδιον,
1498 1177 1556 1230 οὑ
1592 1175 1985 1245 στεφανοῦνται
2012 1172 2139 1225 πολ-

550 1253 654 1319 λοὶ,
694 1256 807 1307 ἀλλ’
846 1259 924 1320 εἰς
965 1258 1059 1310 ἕνα
1106 1259 1262 1311 τοῦτο
1306 1261 1675 1329 περιίσταται,
1709 1258 1807 1309 καὶ
1842 1258 1941 1309 οὑκ
1981 1257 2141 1325 ἀρκεῖ

551 1338 612 1389 τὸ
656 1337 902 1391 καθεῖναι
949 1342 1027 1403 εἰς
1055 1341 1146 1393 τὸν
1176 1342 1383 1409 ἀγῶνα,
1413 1341 1536 1394 οὔτε
1584 1342 1645 1393 τὸ
1680 1339 2001 1410 ἀλείψασθαι
2046 1340 2139 1395 καὶ

553 1418 834 1471 παλαῖσαι·
866 1421 1009 1474 οὓτω
1052 1424 1144 1475 καὶ
1172 1424 1405 1476 ἐνταῦθα
1430 1424 1531 1476 οὑκ
1568 1424 1730 1493 ἀρκεῖ
1756 1424 1818 1475 τὸ
1852 1421 2139 1475 πιστεῦσαι

554 1503 645 1554 καὶ
670 1502 743 1564 ὡς
764 1504 955 1573 ἔτυχεν
979 1506 1375 1572 ἀγωνίσασθαι⁹
1402 1506 1538 1560 ἀλλά
1566 1507 1630 1560 ἂν
1657 1507 1729 1576 μὴ
1751 1505 1894 1558 οὕτω
1922 1505 2140 1575 δράμω-

556 1601 676 1652 μεν,
708 1585 783 1648 ὼς
825 1588 989 1654 μέχρι
1035 1588 1130 1640 τοῦ
1174 1589 1363 1651 τέλους
1395 1588 1665 1658 ἀλήπτους
1698 1590 1922 1649 έαυτοὺς
1959 1602 2129 1658 παρα-

553 1672 723 1738 σχεῖν,
778 1671 870 1721 καὶ
907 1672 1076 1738 ἐγγὺς
1126 1672 1379 1741 γενέσθαι
1420 1672 1514 1725 τοῦ
1546 1672 1822 1742 βραϐείου,
1854 1672 1975 1726 οὐδὲ
2008 1674 2139 1742 ἡμῖν

551 1750 707 1804 ἔσται
730 1752 911 1804 πλέον.
936 1754 997 1805 Εἰ
1019 1754 1128 1826 γὰρ
1152 1756 1241 1807 καὶ
1263 1755 1465 1807 τέλειον
1487 1754 1727 1825 νομίζεις
1755 1754 1893 1808 εἶναι
1924 1755 2136 1817 σαυτὸν,

553 1836 709 1903 φησί,
733 1836 875 1887 κατὰ
905 1835 1002 1906 τὴν
1027 1836 1245 1904 γνῶσιν,
1277 1838 1391 1890 ἀλλ’
1419 1839 1632 1891 οὐδέπω
1655 1837 1749 1891 τοῦ
1787 1840 1988 1901 παντὸς
2016 1840 2138 1891 ὲπι-

553 1917 721 1985 λήψῃ,
758 1919 893 1987 ὅπερ
923 1921 1291 1989 αἰνιττόμενος
1314 1920 1517 1989 ἔλεγεν·
1558 1920 1711 1994 [201]
1749 1922 1911 1975 Οὕτω
1940 1921 2139 1989 τρέχε-

555 2017 640 2073 τε,
699 2002 799 2053 ἵνα
845 2002 1236 2069 καταλάϐητε.
1269 2005 1384 2057 Οὑκ
1441 2004 1550 2073 ἀρα
1609 2022 1709 2057 που
1754 2004 2143 2071 κατειληφότες

553 2072 715 2151 ἦσαν.
752 2085 861 2136 Καὶ
901 2084 1068 2139 εἰπὼν
1122 2085 1285 2149 οὕτω,
1338 2087 1431 2138 καὶ
1478 2072 1569 2138 τὸν
1626 2086 1827 2153 τρόπον
1877 2086 2137 2138 mam;-

554 2164 679 2229 Πᾶς
719 2164 787 2217 δὲ
832 2169 863 2219 ό
892 2164 1317 2232 ἀγωνιζόμενος
1358 2167 1553 2219 πάντα
1598 2167 2031 2233 ἐγκρατεύεται.
2077 2167 2141 2218 Τί

554 2248 693 2311 ἐστι,
720 2247 922 2301 Πάντα
946 2266 966 2311 ;
1006 2250 1139 2317 Οὑχὶ
1165 2248 1317 2301 τοῦδε
1354 2250 1451 2319 μὲν
1476 2249 1759 2318 ἀπέχεται,
1793 2251 1849 2301 ἐν
1882 2249 2053 2319 ἑτέρῳ
2087 2249 2142 2301 δὲ

551 2328 974 2399 διαμαρτάνειι,
1002 2330 1138 2384 ἀλλά
1162 2332 1255 2385 καὶ
1282 2330 1746 2403 γαστριμαργίας,
1769 2332 1861 2384 καὶ
1888 2330 2143 2399 λαγνείας

552 2417 649 2465 καὶ
704 2412 895 2483 μέθης,
931 2414 1025 2466 καὶ
1069 2415 1287 2467 πάντων
1334 2414 1520 2477 ἁπλῶς
1567 2417 1760 2486 κρατεῖ
1794 2414 1900 2467 τῶν
1933 2414 2138 2467 παθῶν.

552 2494 726 2547 Τοῦτο
764 2495 893 2565 γὰρ,
930 2497 1086 2567 φησί,
1122 2497 1215 2551 καὶ
1244 2497 1469 2550 ἐπὶτῶν
1509 2497 1707 2562 ἔξωθεν
1743 2497 1968 2565 ἀγώνων
1992 2497 2141 2565 γίνεο

554 2593 665 2632 ται.
722 2578 857 2631 Οὐδὲ
911 2580 1019 2647 γάρ
1066 2579 1286 2650 μεθύειν
1333 2579 1507 2643 ἔξεστι
1560 2584 1671 2644 τοῖς
1717 2580 2143 2650 ἀγωνιζομένοις

554 2661 693 2711 κατά
723 2661 812 2713 τὸν
845 2662 1036 2730 καιρὸν
1066 2662 1163 2733 τῆς
1185 2663 1425 2729 ἀγωνίας
1453 2663 1596 2727 οὑδὲ,
1622 2664 1928 2733 πορνεύειν,
1961 2663 2047 2715 ἴνα
2070 2660 2143 2729 μὴ

555 2743 650 2813 τὴν
681 2744 908 2814 δύναμιν
946 2744 1270 2811 ὲκλύσωσιν,
1306 2746 1419 2799 ἀλλ’
1441 2747 1563 2799 οὑδὲ
1605 2747 1735 2817 περὶ
1755 2746 1883 2797 ἀλλο
1911 2763 1964 2797 τι
1988 2745 2143 2797 οὐδὲν

555 2827 889 2896 ἢσχολῆσθαι
910 2846 923 2858 '
960 2830 1097 2883 ἀλλά
1122 2832 1339 2884 πάντων
1366 2831 1591 2891 ἑαυτοὺς
1627 2828 1773 2892 ἀπαξ
1798 2831 2140 2898 ἀποστήσαν-

549 2925 663 2973 τες,
708 2914 819 2973 τοῖς
875 2912 1200 2980 γυμνασίοις
1246 2913 1404 2981 μόνον
1444 2911 1818 2981 προσέχουσιν.
1846 2911 1908 2963 Εἰ
1937 2910 1992 2961 δὲ
2028 2912 2142 2963 ἐκεῖ

558 2991 749 3050 ταῦτα.
790 2994 924 3044 ὅπου
969 2994 1063 3045 καὶ
1102 2995 1179 3055 εἰς
1208 2995 1303 3047 ἕνα
1332 2996 1359 3046 ό
1399 2995 1682 3063 στέφανος,
1717 2993 1898 3062 πολλῷ
1940 2994 2141 3062 μᾶλλον

556 3075 809 3141 ἐνταῦθα,
834 3076 968 3128 ὅπου
1009 3078 1101 3129 καὶ
1130 3077 1326 3131 πλείων
1355 3081 1386 3149 ἡ
1425 3078 1723 3147 φιλοτιμία.
1755 3078 1889 3131 Οὐδὲ
1926 3078 2032 3146 γὰρ
2063 3072 2143 3137 εἷς

558 3159 583 3211 δ
618 3159 1049 3227 στεφανούμενος
1096 3160 1273 3229 μόνος,
1308 3163 1402 3214 καὶ
1426 3162 1492 3212 τὰ
1518 3162 1730 3214 ἔπαθλα
1759 3161 1815 3211 δὲ
1852 3164 1985 3214 πολὺ
2020 3160 2143 3222 τοὺς

558 3241 750 3304 πόνους
776 3244 920 3312 νικᾷ.
946 3242 1036 3293 Διὸ
1060 3243 1153 3294 καὶ
1180 3244 1547 3313 ὲντρεπτικῶς
1578 3244 1707 3294 αὑτὸ
1739 3242 1920 3314 τίθησι
1948 3244 2141 3311 λέγωνέ

567 3322 809 3377 Ἐκεῖνοι
840 3324 957 3391 μὲν
983 3322 1115 3389 οὖν,
1171 3325 1274 3378 ἵνα
1322 3326 1589 3393 φθαρτὸν
1629 3326 1935 3395 στέφανον
1963 3326 2145 3380 λάϐω-

556 3421 676 3460 σιν-⁸
720 3407 889 3475 ἡμεῖς
938 3406 1005 3460 δὲ
1050 3409 1375 3479 ἄφθαρτον.
1412 3410 1559 3479 Ἐγὼ
1608 3411 1814 3463 τοίνυν
1842 3412 1993 3463 οὕτω
2020 3409 2142 3477 τρέ-

560 3504 660 3555 χω,
683 3493 761 3557 ὡς
791 3495 901 3545 οὐκ
924 3492 1182 3559 ἀδήλως.
1229 3494 1523 3565 Ἐντρέψας
1546 3498 1654 3565 γὰρ
1681 3496 1877 3557 αὑτοὺς
1909 3495 2015 3548 ἀπὸ
2038 3496 2144 3548 τῶν

560 3573 778 3639 ἔξωθεν,
810 3576 903 3627 καὶ
938 3578 1129 3630 ἑαυτὸν
1164 3580 1243 3640 εἰς
1279 3578 1443 3647 μέσον
1468 3580 1589 3646 ἀγει
1620 3579 1823 3644 λοιπὸν,
1852 3581 1987 3649 ὅπερ
2022 3581 2145 3648 ἀρι-

560 3673 681 3719 στος
714 3658 913 3727 τρόπος
941 3660 1286 3722 διδασκαλίας
1313 3661 1447 3715 ὲστί.
1483 3662 1573 3713 Διὸ
1598 3664 1692 3714 καὶ
1719 3660 1994 3730 πανταχοῦ
2027 3662 2148 3729 φαί-

558 3754 707 3793 νεται
741 3739 897 3793 τοῦτο
922 3743 1110 3797 ποιῶν.
1145 3744 1209 3796 Τί
1240 3745 1296 3796 δέ
1342 3744 1509 3807 ἐστιν,
1540 3747 1661 3797 Οὐκ
1695 3743 1933 3809 ἀδήλως
1953 3762 1972 3809 ;
2005 3746 2148 3814 Πρὸς

562 3824 760 3875 σκοπόν
812 3842 932 3877 τινα
982 3826 1215 3895 βλέπων,
1270 3827 1455 3896 φησὶν,
1512 3828 1611 3879 οὐκ
1652 3828 1771 3895 εἰκῆ
1818 3828 1911 3879 καὶ
1948 3828 2144 3897 μάτην,

561 3904 811 3975 καθάπερ
850 3908 1026 3975 ὑμεῖς.
1059 3910 1123 3961 Τί
1163 3909 1270 3981 γὰρ
1309 3906 1675 3980 ὑμῖν-γίνεται
1721 3909 1881 3961 πλέον
1915 3911 2023 3961 ἀπὸ
2052 3909 2145 3961 τοῦ

560 3987 639 4049 εἰς
673 3987 918 4040 εἰδωλεῖα
946 3992 1193 4054 εἰσιέναι,
1226 3994 1318 4044 καὶ
1346 3994 1443 4061 τὴν
1470 3993 1779 4061 τελειότητα
1815 3993 1973 4061 δῆθεν
2004 3993 2148 4043 ὲκεί-

560 4086 659 4137 νην
713 4070 1148 4138 ὲπιδείκνυσθαι;
1188 4074 1371 4126 Οὐδέν.
1422 4074 1560 4125 Ἀλλ’
1592 4076 1691 4125 οὑκ
1734 4074 1843 4141 ἐγὼ
1889 4073 2147 4139 τοιοῦτος,

564 4153 699 4205 ἀλλά
735 4154 934 4216 πάντα,
970 4155 1113 4226 ἅπερ
1142 4155 1302 4216 ποιῶ,
1333 4157 1473 4227 ὑπὲρ
1512 4158 1609 4226 τῆς
1642 4156 1750 4209 τῶν
1783 4157 2010 4227 πλησίον
2042 4174 2147 4209 σω-

564 4236 757 4305 τηρίας
809 4238 963 4288 ποιῶο
1023 4238 1127 4290 κᾶν
1182 4238 1493 4310 τελειότητα
1532 4239 1908 4310 ὲπιδείξωμαι,
1950 4241 2016 4292 δι’
2053 4241 2151 4293 αὑ-

564 4318 709 4379 τούς·
762 4318 865 4371 κᾶν
920 4320 1347 4386 πγκατάϐασιν,
1406 4322 1472 4374 δι’
1520 4323 1733 4386 αὐτούς’
1790 4324 1891 4375 κᾶν
1928 4324 2151 4393 ὑπερϐὦ

566 4402 771 4470 Πέτρον
806 4403 863 4453 ἐν
892 4400 968 4470 τῷ
1002 4402 1075 4471 μὴ
1110 4402 1432 4473 λαμϐάνειν,
1469 4405 1555 4458 ἵνα
1586 4407 1663 4477 μὴ
1698 4407 2149 4459 σκανδαλισθῶσι·

566 4483 669 4537 κᾶν
703 4485 929 4536 καταϐῶ
978 4485 1139 4537 πλέον
1172 4489 1411 4550 πάντων,
1445 4490 1905 4559 περιτεμνόμενος
1933 4497 2025 4543 καὶ
2058 4490 2151 4555 ξυ-

570 4568 831 4637 ρώμενος,
865 4568 950 4619 ἵνα
998 4568 1071 4639 μὴ
1105 4570 1553 4625 ὑποσκελισθῶσι.
1604 4573 1775 4625 Τοῦτό
1817 4574 1985 4635 ἐστιν,
2030 4578 2151 4631 nim

566 4651 825 4719 ἀδήλως.
858 4653 930 4704 Σὺ
952 4653 1006 4705 δὲ
1032 4652 1118 4706 διά
1141 4654 1193 4705 τί
1215 4656 1413 4719 ἐσθίεις
1440 4658 1498 4709 ὲν
1527 4657 1836 4721 ειδωλείοις,
1873 4659 1991 4711 εἰπέ
2025 4679 2149 4729 pm;

580 4734 718 4787 Ἀλλ’
758 4736 857 4788 οὑκ
900 4734 966 4789 ἂν
1006 4735 1149 4805 ἔχοις
1191 4740 1367 4792 εἰπεῖν
1397 4740 1576 4793 αἰτίαν
1619 4739 1841 4809 εὔλογον
1871 4741 2147 4811 οὐδεμίαν.

571 4816 772 4887 Βρῶμα
818 4820 925 4889 γάρ
956 4835 1013 4870 σε
1044 4819 1105 4871 οὑ
1142 4821 1435 4891 παρίστησι
1476 4822 1554 4892 τῷ
1586 4822 1734 4893 Θεῷ⁸
1780 4824 1873 4881 καὶ
1906 4824 2027 4877 οὑτε
2058 4826 2152 4878 ἐὰν

572 4900 773 4971 φάγῃς,
828 4900 1196 4969 περισσεύεις,
1240 4900 1363 4953 οὔτε
1410 4904 1503 4956 ὲάν
1567 4906 1640 4974 μὴ
1679 4906 1878 4975 φάγῃς,
1929 4908 2149 4979 ὑστερῇ.

572 4982 779 5034 Οὐκοῦν
833 4984 1018 5047 ἁπλῶς
1068 4986 1162 5037 καὶ
1210 4984 1285 5047 ὡς
1334 4985 1490 5054 ἔτυχε
1546 4988 1780 5057 τρέχεις
1832 4988 1985 5041 τοῦτο
2046 4994 2154 5062 γάρ

572 5067 740 5124 ἐστιν,
784 5064 1055 5132 Ἀδήλως.
1102 5069 1269 5121 Οὕτω
1310 5071 1606 5131 πυκτεύω,
1637 5072 1716 5136 ὠς
1742 5073 1851 5123 οὐκ
1891 5074 2035 5139 ἀέρα
2065 5075 2157 5128 δέ-

572 5162 710 5210 ρων.
758 5145 923 5198 Πάλιν
968 5150 1027 5201 τὸ
1083 5152 1182 5204 οὑκ
1232 5151 1357 5220 εἰκῆ
1410 5153 1502 5204 καὶ
1550 5153 1726 5223 μάτην
1766 5155 2152 5225 αἰνιττόμενος,

574 5226 730 5281 τοῦτό
761 5245 943 5298 φησιν’
978 5231 1127 5298 Ἐχω
1160 5233 1269 5303 γὰρ
1297 5234 1355 5286 ὃν
1382 5234 1589 5304 πλήξω,
1627 5236 1896 5303 τουτέστι,
1922 5238 2013 5291 τὸν
2040 5238 2155 5294 διά-

575 5311 749 5364 ῡολονο
784 5312 848 5363 σὺ
878 5310 933 5363 δὲ
959 5313 1119 5363 αὐτὸν
1155 5316 1214 5365 οὑ
1252 5316 1527 5386 πλήττεις,
1556 5318 1690 5371 ἀλλά
1717 5319 1809 5371 καὶ
1838 5320 2023 5385 ἀπλῶς
2062 5324 2153 5375 ὲκ-

576 5396 722 5464 χέεις
761 5392 958 5447 σαυτοῦ
1008 5394 1105 5464 τὴν
1148 5396 1319 5464 ἰσχύν.
1363 5400 1511 5463 Τέως
1544 5403 1641 5468 μὲν
1684 5399 1777 5455 οὖν
1818 5407 2014 5469 αὑτοὺς
2045 5407 2157 5460 δια-

576 5479 883 5543 ϐαστάζων,
929 5476 1073 5530 οὑτω
1124 5478 1307 5546 φησίν.
1364 5480 1580 5551 Ἐπειδὴ
1636 5486 1745 5554 γὰρ
1788 5488 2155 5560 σφοδροτέρως

576 5564 757 5627 αὑτοῖς
797 5562 1069 5633 ἐχρήσατο
1112 5560 1170 5611 ὲν
1223 5564 1334 5624 τοῖς
1372 5560 1698 5631 ἔμπροσθεν,
1746 5569 1905 5623 πάλιν
1937 5574 2156 5643 κατέχει

577 5646 673 5715 τὴν
708 5647 1047 5716 ἐπιτίμησιν,
1096 5644 1172 5715 τῷ
1202 5643 1353 5710 ,τέλει
1393 5644 1485 5695 τοῦ
1524 5645 1683 5712 λόγου
1722 5652 1902 5720 τηρῶν
1934 5655 2029 5716 τὴν
2062 5658 2156 5724 βα-

660 5906 675 5926 ⁸
706 5902 849 5969 ἰὶοεη
877 5910 1137 5971 ἀδιαφορεῖ.
1189 5907 1345 5966 l‘IdiU,
1375 5908 1677 5969 διαμαρτανιι

1255 405 1313 462 S.
1353 402 1638 462 JOANNIS
1676 397 2173 460 CHRYSOSTOMI
2210 397 2529 455 ARCHIEP.
2570 398 3120 459 CONSTANTINOP.

3202 48 3219 59 Ix

3210 68 3219 75 v

3202 80 3207 89 ι

3214 68 3219 75 γ

3214 48 3999 240 _

3715 401 3815 457 £90

2242 518 2391 569 θεῖαν
2424 517 2618 588 τομήν.
2662 519 2925 573 ἐνταῦθα
2953 518 3052 590 μὶν
3094 518 3203 589 γάρ
3232 534 3417 587 φησιν,
3444 521 3525 570 δτι
3566 520 3687 587 εἰκῆ
3722 518 3822 571 καὶ

2243 601 2420 669 μάτην
2477 600 2738 655 ποιοῦσιν·
2786 601 3013 674 ὕστερον
3041 601 3099 655 δὲ
3131 601 3419 665 δείκνυσιν,
3455 600 3558 664 δτι,
3595 601 3693 653 καὶ
3727 599 3820 654 ἐπ’

2237 683 2441 753 ὀλέθρῳ
2472 683 2651 754 πολλῷ
2678 686 2778 756 τῆς
2807 687 3014 739 ἑαυτῶν
3036 685 3296 755 κεφαλῆς,
3336 685 3431 738 καὶ
3472 685 3556 738 ὅτι
3587 684 3684 737 καὶ
3706 703 3820 754 χω-

2241 767 2325 834 ρὶς
2363 767 2463 834 τῆς
2504 766 2710 839 βλάϐης
2738 769 2846 821 τῶν
2883 770 3151 838 ἀδελφῶν,
3195 769 3316 822 οὐδὲ
3348 768 3500 821 αὐτοὶ
3536 766 3823 820 ἀνεύθυνα

2238 856 2412 910 ταῦτα
2454 858 2783 927 τολμῶντες.
2828 863 2989 915 Ἀλλ’
3036 858 3349 920 ὑπωπιάζω
3387 877 3504 929 μου
3544 858 3609 911 τὸ
3649 855 3824 924 σῶμα

2241 940 2337 992 καί
2373 940 2752 1013 δουλαγωγῶ,
2781 942 2867 1013 μή
2907 960 3030 1011 πως
3071 944 3285 1008 ἄλλοις
3317 941 3603 1010 κηρύξας,
3637 941 3826 1004 αὐτὸς

2239 1022 2522 1092 ἀδόκιμος
2547 1024 2797 1094 γένωμαι
2833 1026 3005 1098 [9.02].
3038 1026 3301 1079 Ἐνταῦθα
3333 1025 3572 1078 δείκνυσι
3596 1023 3689 1075 καὶ
3716 1021 3827 1074 ὑπὸ

2241 1106 2534 1175 ἐπιθυμίας
2578 1107 2813 1179 γαστρὸς
2844 1109 3245 1179 κατεχομένους
3276 1109 3372 1161 καὶ
3407 1107 3657 1167 ἀνιέντας
3683 1102 3823 1173 αὐτῇ

2240 1190 2338 1253 τὰς
2359 1191 2536 1259 ἡνίας,
2578 1192 2673 1244 καὶ
2712 1194 3060 1262 προσχήματι
3102 1194 3440 1262 τελειότητος
3470 1190 3566 1261 τὴν
3598 1203 3829 1257 γαστρι-

2246 1289 2391 1342 μαργ
2400 1273 2483 1327 ίαν
2519 1275 2619 1346 τὴν
2648 1275 2857 1328 ἑαυτῶν
2890 1275 3250 1347 πληροῦντας·
3278 1276 3306 1329 δ
3334 1275 3429 1328 καὶ
3460 1271 3661 1328 ἀνωθεν
3699 1268 3829 1321 6:6:-

2241 1371 2328 1405 νεν
2356 1351 2562 1419 εἰπεῖνῖ
2575 1358 2663 1410 ὅτε
2685 1358 2857 1426 ἔλεγε·
2897 1360 2973 1412 Τὰ
2988 1357 3273 1428 ,ϐρώματα
3308 1356 3381 1426 τῇ
3406 1357 3624 1422 κοιλίᾳ,
3653 1352 3753 1405 και
3789 1353 3828 1419 ἠ

2241 1438 2442 1491 κοιλία
2482 1440 2606 1506 τοῖς
2635 1442 2969 1512 βρώμασιν.
3016 1441 3235 1515 Ἐπειδὴ
3275 1443 3384 1513 γὰρ
3430 1441 3522 1495 καὶ
3569 1437 3832 1509 πορνείαν

2241 1523 2420 1592 τρυφὴ
2442 1527 2604 1586 ποιεῖ,
2636 1525 2731 1578 καὶ
2756 1526 3196 1598 εἰδωλολατρείαν
3220 1526 3375 1580 τοῦτο
3400 1526 3573 1583 ἔτεκε,
3601 1522 3832 1583 εἰκότως

2244 1605 2511 1676 πολλαχοῦ
2540 1607 2874 1663 καθικνεῖται
2901 1610 2995 1663 τοῦ
3017 1612 3342 1682 νοσήματος⁸
3366 1609 3459 1662 καὶ
3487 1607 3699 1667 δεικνὺς
3724 1605 3833 1657 ὅσα

2243 1689 2410 1742 ἔπαθε
2438 1691 2525 1743 διὰ
2563 1690 2623 1744 τὸ
2659 1692 2997 1762 εὐαγγέλιον,
3036 1694 3312 1747 καὶτοῦτο
3344 1692 3461 1763 μετ’
3490 1688 3711 1742 ὲκείνων
3739 1686 3830 1739 τί·

2244 1770 2417 1840 θησινι
2454 1774 2664 1844 Ὥσπερ
2688 1776 2815 1845 γὰρ,
2848 1778 3034 1846 φησὶν,
3076 1776 3349 1847 ὑπερέϐην
3372 1774 3439 1827 τά
3465 1770 3830 1843 προστάγμα-

2241 1870 2329 1918 τα,
2358 1856 2450 1907 καὶ
2485 1856 2659 1910 ταῦτα
2691 1859 2751 1909 οὑ
2780 1858 2983 1926 κούφου
3025 1875 3115 1927 μοι
3149 1858 3244 1910 τοῦ
3285 1859 3608 1928 πράγματος
3646 1853 3829 1915 ὄντος⁹

2244 1937 2338 1989 καί
2356 1938 2485 2009 γὰρ,
2511 1939 2717 1993 Πάντα
2742 1942 3057 2009 στέγομεν,
3084 1941 3270 2011 φησίνδ
3296 1940 3435 1992 οὑτω
3465 1940 3559 1992 καὶ
3593 1936 3836 1991 ἐνταῦθα

2245 2021 2412 2074 πολὺν
2449 2023 2704 2090 ὑπομένω
2740 2025 2922 2090 πόνον,
2950 2025 3092 2079 ὥστε
3137 2024 3427 2095 σωφρόνως
3466 2022 3585 2092 ζῇν·
3623 2021 3685 2073 Εί
3721 2018 3838 2089 γὰρ

2246 2105 2341 2159 καὶ
2362 2106 2671 2171 δυσένδοτος
2701 2110 2733 2178 ἡ
2770 2108 3032 2178 ἐπιθυμία
3060 2108 3153 2161 καί
3176 2109 3208 2176 ὴ
3243 2103 3341 2176 τῆς
3367 2102 3602 2174 γαστρὸς
3627 2116 3837 2173 τυρανο

2244 2190 2347 2251 νίς,
2403 2187 2522 2241 ἀλλ’
2570 2191 2718 2260 ὅμως
2771 2190 2941 2261 αὑτὴν
2990 2189 3227 2261 χαλινῶ,
3277 2188 3373 2241 καὶ
3422 2190 3522 2241 οὑκ
3578 2184 3839 2253 ἑνδίδωμι

2244 2270 2477 2341 ἐμαυτὸν
2515 2271 2595 2342 τῷ
2620 2272 2804 2339 πάθει,
2831 2271 2969 2327 ἀλλά
2994 2274 3171 2327 πάντα
3198 2271 3456 2341 ὑπομένω
3479 2270 3661 2337 πόνον,
3688 2269 3839 2324 ὥστε

2247 2356 2321 2427 μὴ
2351 2358 2757 2427 παρασυρῆναι.

2317 2442 2479 2509 β’.Μὴ
2498 2441 2606 2511 γὰρ
2618 2441 2681 2509 δὴ
2699 2441 2959 2511 νομίσητε
2982 2439 3352 2513 ἀπραγμόνως
3367 2454 3432 2507 με
3447 2435 3619 2490 ταῦτα
3634 2451 3841 2504 κατορ-

2245 2523 2391 2577 θοῦν.
2414 2524 2525 2576 Καὶ
2542 2524 2648 2592 γὰρ
2667 2524 2863 2593 δρόμος
2888 2524 3004 2576 ἐστὶ
3024 2523 3120 2577 καὶ
3144 2519 3479 2591 παγκράτιον
3502 2520 3595 2572 καὶ
3614 2517 3837 2587 φύσεως

2244 2607 2517 2674 τυραννὶς,
2542 2604 3037 2675 κατεξανισταμένη
3064 2604 3299 2675 συνεχῶς
3321 2603 3413 2657 καὶ
3435 2596 3840 2671 ἐλευθεριάζειν

2248 2688 2546 2757 βουλομένη
2608 2688 2724 2741 ἀλλ’
2758 2690 2859 2741 οὑκ
2884 2688 3167 2758 ἀνέχομαι,
3193 2686 3329 2741 ἀλλὰ
3362 2682 3708 2739 καταστέλλω
3739 2681 3839 2734 καὶ

2245 2772 2528 2824 ὑποτάττω
2570 2771 2710 2840 μετά
2753 2770 2965 2825 πολλῶν
3003 2771 3111 2824 τῶν
3158 2768 3612 2841 ἰδρώτωναύτήν.
3644 2764 3840 2818 Ταῦτα

2244 2855 2301 2908 δὲ
2332 2854 2499 2923 λέγει,
2548 2855 2635 2907 ἵνα
2680 2855 2863 2924 μηδεὶς
2898 2853 3249 2924 ἀπογινώσκῃ
3295 2852 3405 2907 τῶν
3446 2851 3586 2920 ὑπὲρ
3629 2847 3841 2919 ἀρετῆς

2245 2939 2494 3007 ἀγώνων,
2557 2939 2744 3009 ἐπειδὴ
2800 2939 2860 2991 τὸ
2920 2940 3152 3008 πρᾶγμα
3184 2938 3487 2991 ἐπίπονονο
3521 2934 3598 2987 διό
3643 2949 3838 3002 φησιν,

2258 3020 2596 3081 ’Υπωπιάζω
2650 3023 2745 3074 καί
2783 3020 3160 3090 δουλαγωγῶ.
3198 3022 3312 3075 Οὐκ
3353 3015 3527 3082 εἶπεν,
3576 3014 3837 3087 Ἀναιρῶ,

2245 3107 2391 3169 οὑδὲ,
2421 3105 2651 3169 Κολάζω
2682 3107 2707 3145 δ
2732 3123 2745 3135 ο
2774 3105 2894 3159 οὑδὲ
2922 3106 3030 3175 γὰρ
3062 3104 3231 3175 ἐχθρά
3265 3106 3299 3174 ἡ
3329 3103 3485 3175 σάρξ
3518 3101 3653 3165 ἀλλ’,
3690 3100 3839 3153 ’Υπο

2247 3187 2471 3247 ωπιάζω
2517 3188 2615 3241 καί
2660 3187 3039 3257 δουλαγωγῶ,
3074 3188 3101 3241 δ
3130 3188 3390 3242 δεσπότου
3429 3186 3599 3250 ἐστὶν,
3641 3184 3702 3238 οὐ
3740 3200 3841 3236 ποο

2247 3268 2470 3341 λεμίουί
2504 3272 2845 3333 διδασκάλου,
2898 3273 2996 3325 οὑκ
3052 3272 3267 3343 ἐχθροῦ
3320 3270 3692 3339 παιδοτρίϐου,
3736 3268 3841 3321 οὑκ

2248 3354 2510 3408 ἐναντίου.
2549 3355 2645 3421 Μή
2688 3371 2810 3419 πως
2845 3355 3057 3421 ἄλλοις
3087 3355 3374 3423 κηρύξας,
3408 3353 3592 3418 αὐτὸς
3630 3351 3839 3407 ἀδόκι-

2242 3459 2356 3509 μος
2391 3439 2666 3509 γένωμαι.
2703 3440 2765 3491 Εἰ
2798 3440 2854 3491 δὲ
2890 3440 3101 3503 Παῦλος
3136 3440 3297 3492 τοῦτο
3325 3438 3561 3491 δέδοικεν
3589 3438 3619 3489 δ
3644 3436 3843 3489 τοσού-

2248 3542 2372 3587 τους
2402 3523 2620 3586 διδάξας
2641 3563 2654 3583 ,
2707 3523 2802 3575 καὶ
2833 3523 3037 3574 δέδοικε
3072 3522 3210 3591 μετά
3241 3522 3300 3575 τὸ
3334 3518 3570 3591 κηρῦξαι
3614 3520 3711 3571 καὶ
3742 3536 3841 3587 γε-

2249 3608 2438 3661 νέσθαι
2476 3606 2728 3675 ἀγγελος,
2761 3607 2855 3659 καὶ
2882 3608 2979 3675 τῆς
3003 3607 3326 3675 οἰκουμένης
3362 3606 3464 3674 τὴν
3499 3603 3845 3675 προστασίαν

2248 3688 2571 3755 δέξασθαιο,
2610 3689 2661 3741 τί
2701 3689 2767 3741 ἀν
2796 3690 3047 3757 εἰποιμεν
3078 3690 3272 3759 ἡμεῖς
3301 3688 3392 3757 Μὴ
3428 3686 3539 3755 γάρ
3578 3685 3642 3754 δὴ
3678 3683 3841 3754 νομίο

2253 3790 2403 3841 σητε,
2439 3773 2625 3841 φησὶν,
2658 3772 2845 3840 ἐπειδὴ
2878 3772 3255 3835 ἐπιστεύσατε,
3285 3771 3366 3823 ὅτι
3386 3770 3548 3838 ἀρκεῖ
3571 3768 3732 3820 τοῦτο
3756 3768 3840 3831 εἰς

2252 3857 2527 3925 σωτηρίαν
2556 3856 2707 3926 ὑμῖν.
2740 3856 2801 3907 Εἰ
2833 3855 2942 3926 γὰρ
2977 3853 3102 3925 ἐμοὶ
3136 3856 3195 3908 τὸ
3226 3854 3481 3926 κηρῦξαι,
3513 3853 3574 3906 τὸ
3600 3851 3842 3917 διδάξαι,

2250 3942 2311 3993 τὸ
2346 3940 2576 4009 μυρίους
2601 3941 2997 4010 προσαγαγεῖν,
3034 3940 3133 3991 οὑκ
3167 3940 3328 4010 ἀρκεῖ
3361 3940 3440 4001 εἰς
3458 3936 3759 4005 σωτηρίαν,
3792 3937 3846 3990 ιι

2256 4023 2329 4094 μὴ
2358 4026 2452 4077 καὶ
2481 4023 2549 4075 τὰ
2570 4024 2690 4076 κατ’
2713 4023 2950 4091 ἐμαυτὸν
2980 4024 3372 4092 παρασχοίμην
3392 4021 3629 4089 ἀληπτα.
3656 4018 3846 4088 πολλῷ

2256 4108 2454 4177 μᾶλλον
2493 4108 2642 4174 ὑμῖν.
2690 4101 2821 4158 Εῐτα
2860 4108 2945 4172 ἐφ’
2996 4106 3158 4175 ἕτερα
3199 4104 3573 4175 ὑποδείγματα
3615 4103 3845 4174 ἔρχεται

2255 4192 2416 4243 πάλιν
2439 4208 2451 4220 ·
2490 4192 2583 4241 καὶ
2616 4186 2807 4257 ὥσπερ
2830 4186 3087 4257 ἀνωτέρω
3128 4186 3195 4239 τά
3228 4186 3337 4240 τῶν
3369 4186 3707 4251 ἀποστόλων,
3744 4187 3843 4239 καὶ

2252 4273 2321 4325 τά
2358 4274 2455 4340 τῆς
2485 4272 2671 4340 κοινῆς
2714 4269 3024 4340 συνηθείας,
3060 4271 3153 4324 καὶ
3188 4270 3255 4323 τὰ
3289 4270 3399 4324 τῶν
3426 4270 3617 4341 ἱερέων
3637 4270 3734 4323 καὶ
3766 4269 3840 4321 τά

2254 4355 2447 4407 ἑαυτοῦ
2487 4354 2755 4406 τέθεικεν’
2796 4351 2939 4405 οὑτω
2978 4354 3074 4406 καὶ
3104 4353 3337 4408 ἐνταῦθα
3363 4354 3431 4406 τὰ
3469 4353 3578 4406 τῶν
3633 4350 3839 4422 Ὀλυμ-

2254 4438 2469 4490 πιακῶν
2498 4437 2744 4504 ἀγώνων.
2782 4436 2891 4489 Καὶ
2916 4436 2983 4489 τά
3012 4437 3141 4508 παρ’
3169 4435 3364 4490 ἑαυτοῦ
3390 4436 3523 4501 θεὶς,
3556 4433 3719 4489 πάλιν
3744 4435 3843 4487 ἐπὶ

2254 4521 2352 4583 τὰς
2377 4521 2475 4590 τῆς
2505 4521 2750 4581 Παλαιάς
2780 4520 3024 4589 πρόεισιν
3058 4520 3320 4590 ἱστορίας.
3356 4521 3468 4574 Καὶ
3493 4517 3681 4589 mm.
3712 4519 3849 4588 μέ).-

2256 4608 2337 4659 λει
2382 4605 2786 4675 φορτικώτερον
2822 4608 2997 4657 ποιεῖν
3025 4605 3115 4657 τὸν
3147 4604 3307 4672 λόγον
3328 4646 3341 4669 ,
3371 4605 3559 4673 κοινὴν
3603 4607 3846 4658 ποιεῖται

2255 4690 2354 4761 τὴν
2388 4690 2730 4759 παραίνεσιν,
2758 4688 2851 4741 καὶ
2876 4689 2937 4741 οὐ
2963 4690 3090 4759 περὶ
3118 4688 3227 4741 τῶν
3250 4691 3627 4758 προκειμένων
3651 4688 3844 4757 μόνον,

2257 4774 2392 4827 ἀλλά
2430 4774 2525 4825 καὶ
2558 4774 2688 4843 περὶ
2728 4772 2943 4825 πάντων
2971 4771 3159 4833 ἀπλῶς
3196 4772 3305 4825 τῶν
3350 4771 3500 4841 παρά
3532 4771 3848 4841 Κορινθίοις

2258 4858 2581 4927 νοσημάτων
2605 4856 2932 4924 διαλέγεται.
2962 4855 3070 4909 Καὶ
3102 4855 3194 4907 ἐπὶ
3221 4854 3319 4923 μὲν
3344 4853 3451 4907 τῶν
3478 4854 3676 4919 ἔξωθεν
3694 4854 3847 4922 ἀγώ-

2258 4958 2385 4995 νων·
2427 4941 2548 4994 Ούκ
2584 4940 2805 5001 οιδατε,
2839 4940 3003 5010 φησίν
3028 4957 3041 4969 ·
3082 4937 3317 4992 ἐνταῦθα
3349 4937 3429 5000 δὲ,
3472 4941 3555 4992 Ob
3585 4937 3741 4992 θέλω
3773 4937 3846 4991 δὲ

2257 5022 2412 5092 ὑμᾶς
2438 5023 2699 5091 ἀγνοεῖν,
2724 5022 2996 5093 ἀδελφοί.
3032 5020 3203 5075 Τοῦτο
3230 5020 3285 5072 δὲ
3314 5020 3488 5089 ἔλεγε,
3512 5020 3844 5085 δεικνὺς-ὃτι

2257 5110 2316 5162 οὑ
2353 5108 2557 5179 σφόδρα
2588 5104 2729 5179 ἦσαν
2772 5107 2944 5161 ταῦτα
2971 5106 3419 5171 πεπαιδευμένοι.
3460 5106 3569 5160 Καὶ
3598 5107 3652 5159 τί
3681 5106 3846 5161 τοῦτό

2258 5194 2425 5257 ἐστιν,
2452 5192 2589 5259 ὅπερ
2608 5192 2670 5243 οὑ
2699 5190 2876 5252 θέλεις
2902 5192 3049 5260 ἡμᾶς
3080 5190 3295 5256 ἀγνοεῖν
3318 5204 3333 5253 ;
3362 5188 3491 5242 Ὀτι
3511 5193 3565 5243 οί
3587 5192 3846 5259 πατέρες

2259 5274 2429 5344 ἡμῶν
2460 5274 2703 5340 πάντες,
2737 5276 2920 5345 φησιν,
2954 5275 3071 5328 ὑπὸ
3102 5272 3218 5341 τὴν
3242 5271 3509 5341 νεφέλην
3531 5269 3714 5343 ἦσαν,
3742 5280 3848 5329 καὶ

2258 5358 2355 5411 διὰ
2393 5357 2500 5425 τῆς
2540 5356 2861 5423 θαλάσσης
2889 5354 3161 5425 διῆλθον,
3194 5355 3292 5409 καί
3322 5359 3409 5422 εις
3438 5357 3545 5411 τὸν
3575 5358 3850 5425 Μωῦσῆν

2260 5442 2660 5493 ἐϐαπτίσαντο
2692 5441 2761 5493 ἐν
2788 5438 2864 5506 τῇ
2893 5436 3118 5507 νεφέλῃ
3148 5438 3245 5491 καί
3284 5438 3356 5492 ἐν
3394 5438 3470 5509 τῇ
3512 5440 3801 5507 θαλάσσῃ
3827 5457 3844 5471 ο

2260 5524 2359 5577 καὶ
2389 5523 2613 5588 πάντες
2641 5524 2708 5576 τὸ
2736 5523 2881 5583 αὐτὸ
2904 5520 3117 5589 ,βρῶμα
3148 5528 3558 5593 πνευματικὸν
3590 5525 3845 5593 ἔφαγον,

2260 5614 2359 5666 καὶ
2386 5612 2450 5664 τὸ
2474 5611 2621 5665 αὐτὸ
2648 5612 2810 5678 πόμα
2831 5610 3236 5677 πνευματικὸν
3261 5612 3437 5667 ἔπιον
3464 5613 3711 5683 (ἔπινον
3730 5610 3847 5678 γὰρ

2261 5698 2327 5749 ἐκ
2365 5692 2772 5762 πνευματικῆς
2796 5694 3255 5762 ἀκολουθούσης
3286 5695 3525 5763 πέτρας
3558 5694 3597 5757 ἡ
3631 5692 3701 5745 δέ
3738 5694 3848 5747 al-

2328 5914 2351 5950 b
2380 5914 2568 5972 Deerat,
2609 5916 2715 5964 οὐδὲ
2738 5915 2941 5972 κολάζω.
3011 5920 3034 5949 ε
3060 5914 3321 5977 Legebat!“-
3354 5913 3679 5969 ἐπιδιίεασοαι.
