4022 6214
446 371 539 428 illi
1217 360 1278 416 S.
1315 356 1594 415 JOANNIS
1628 348 2101 411 CHIlYSOSTOMI
2140 349 2457 407 ABCIIIEP.
2499 354 3037 415 CONSTANTINOP.

444 481 605 537 nostri
626 494 804 533 omnes
827 520 843 544 ,
886 476 1060 548 inquit
1080 517 1093 536 .
1128 476 1220 531 sub
1250 474 1382 528 nube
1419 475 1651 544 fuerunt,
1679 480 1727 524 et
1767 484 1860 539 per
1892 481 2036 521 mare

444 574 749 641 transierunt
768 588 787 625 :
811 571 944 624 1E:
970 571 1023 622 in
1053 568 1235 637 Moyse
1261 566 1506 633 baptismi
1531 573 1647 617 sunt
1672 564 1725 616 in
1753 561 1881 616 nube
1906 570 1954 616 et
1982 560 2036 613 in

447 668 579 715 mari
605 679 620 714 :
659 664 711 718 3.
732 659 794 714 Et
827 676 997 714 omnes
1026 658 1254 715 eamdem
1281 673 1444 711 eseam
1470 655 1785 726 spiritualem
1812 652 2033 706 viandu-

444 764 706 818 mueruut,
730 756 780 807 ι.
800 751 867 806 Et
887 752 1115 806 eumdem
1144 759 1320 818 potum
1344 746 1655 817 spiritualem
1683 746 1909 798 biberunt
1935 743 2039 813 (δι-ι

446 846 621 897 hebant
646 845 779 899 enim
806 847 869 896 de
898 840 1157 909 spirituali
1186 849 1517 907 consequente
1543 854 1629 891 eos
1658 845 1797 902 petra
1831 850 1850 888 :
1892 842 2037 903 petra

444 946 612 987 autem
637 943 744 987 erat
783 932 1015 986 Christus
1047 928 1305 999 ):5.Sed
1351 945 1454 981 non
1500 928 1553 981 in
1599 925 1825 994 pluribus
1862 938 2035 989 eorum

441 1027 809 1092 beneptacitum
857 1032 931 1077 est
987 1021 1114 1076 Deo.
1170 1022 1237 1075 Et
1282 1035 1386 1089 qua
1435 1021 1503 1074 de
1542 1033 1700 1073 causa
1733 1016 1849 1070 haec
1872 1013 2036 1068 dicit?

446 1114 513 1169 Ut
534 1116 804 1179 ostendat,
829 1114 973 1183 quod
998 1114 1130 1168 sicut
1156 1112 1260 1166 illis
1284 1127 1390 1165 non
1418 1110 1635 1181 profuit.
1663 1107 1802 1177 quod
1830 1113 2034 1160 tantum

441 1208 745 1276 acceperint
798 1208 1045 1270 donum;
1101 1206 1172 1259 ita
1222 1221 1397 1273 neque
1445 1202 1513 1258 iis
1561 1201 1837 1271 proderit,
1890 1195 2034 1268 quod

442 1300 700 1369 baptisma
757 1298 1064 1366 acceperint
1117 1307 1172 1350 et
1238 1294 1597 1365 spiritualium
1655 1289 2031 1361 mysteriorum

440 1399 723 1444 consortes
771 1388 1009 1453 fuerint,
1063 1387 1166 1441 nisi
1212 1387 1375 1439 vitam
1421 1393 1564 1437 tanta
1605 1382 1771 1452 gratia
1818 1380 2031 1446 dignam

439 1480 771 1533 exhibeant:
826 1480 1054 1547 ideoque
1095 1476 1312 1531 adducit
1352 1474 1687 1542 baptismatis
1728 1480 1786 1527 et
1828 1480 2029 1541 myste-

439 1574 638 1625 riorum
671 1583 846 1642 typos.
874 1570 1012 1637 Quid
1040 1569 1139 1623 sibi
1170 1568 1283 1622 vult
1309 1566 1461 1632 illud,
1490 1565 1557 1619 In
1589 1564 1766 1635 Moyse
1794 1563 2031 1633 baptizati

434 1663 595 1715 sunt?
635 1661 1097 1728 Quemadmodum
1129 1676 1227 1714 nos
1254 1659 1471 1713 Christo
1498 1657 1781 1712 credentes
1821 1663 1875 1710 et
1915 1654 2030 1722 ejus

437 1754 840 1820 rcsurrectioni,
870 1754 1224 1823 baptizamur,
1254 1761 1312 1807 ut
1333 1752 1421 1820 qui
1449 1759 1504 1804 et
1524 1750 1622 1819 ipsi
1651 1748 2029 1819 mysteriorum

436 1847 722 1914 participes
761 1843 925 1899 futuri
957 1846 1161 1908 simus;
1195 1843 1537 1912 Baptizamur
1576 1841 1722 1896 enim
1749 1881 1765 1905 ,
1812 1836 1987 1907 inquit
2010 1877 2025 1902 ,

437 1951 534 2003 pro
566 1937 794 1990 mortuis
839 1934 933 2006 (1.
967 1934 1087 1988 Cor.
1120 1934 1210 1988 1'5.
1239 1932 1310 1988 29
1336 1934 1393 2001 );
1445 1932 1496 1985 id
1542 1940 1666 1994 est,
1712 1928 2030 1999 corporibus

436 2028 634 2081 nostris
660 2046 674 2081 :
704 2027 778 2082 ita
817 2036 873 2083 et
917 2028 1027 2092 illi,
1062 2026 1230 2097 Moysi
1264 2023 1522 2088 ﬁdentes,
1554 2021 1607 2076 id
1638 2030 1754 2086 est,
1784 2019 2029 2073 videntes

436 2118 584 2171 illum
614 2118 848 2188 primum
884 2116 1238 2186 trajicientem
1268 2155 1285 2179 ,
1311 2114 1428 2168 ausi
1456 2120 1581 2167 sunt
1607 2120 1661 2165 et
1682 2110 1791 2180 ipsi
1818 2123 2029 2178 quoque

435 2210 485 2263 in
514 2223 681 2275 aquas
708 2208 936 2280 ingredi.
964 2206 1072 2262 Sed
1096 2206 1221 2277 quia
1252 2205 1362 2259 vult
1394 2205 1613 2274 ﬁguram
1640 2214 1807 2271 prope
1834 2199 2030 2254 verita-

432 2311 540 2355 tem
569 2301 870 2367 adducere,
900 2315 1006 2355 non
1040 2300 1110 2353 ita
1140 2299 1296 2364 dicit,
1332 2296 1426 2351 sed
1454 2294 1694 2350 veritatis
1725 2294 2028 2349 nominibus

430 2396 592 2447 etiam
635 2393 692 2447 in
735 2401 863 2463 typo
904 2407 1032 2445 usus
1070 2400 1172 2445 est.
1215 2390 1279 2442 Et
1318 2389 1419 2443 hoc
1447 2386 1662 2457 quidem
1692 2392 1774 2440 est
1811 2382 2023 2456 symbo-

432 2486 541 2537 lum
572 2483 768 2537 lavacri
796 2498 812 2546 ;
854 2497 976 2552 quze
1008 2491 1309 2549 sequuntur
1343 2488 1518 2533 autem
1542 2519 1557 2543 ,
1602 2491 1771 2532 sacrae
1803 2489 2021 2531 mensae.

436 2573 506 2628 lit
550 2574 694 2629 enim
742 2582 797 2626 tu
842 2587 1039 2640 corpus
1071 2572 1403 2625 Dominicum
1432 2568 1673 2624 comedis
1700 2609 1715 2633 ,
1763 2567 1842 2621 sic
1869 2576 1923 2620 et
1950 2564 2025 2619 illi

431 2681 665 2730 manna;
708 2675 763 2720 et
803 2673 862 2718 ut
901 2673 956 2718 tu
998 2665 1310 2732 sanguinem
1347 2662 1520 2726 bibis,
1549 2662 1619 2715 ita
1655 2669 1709 2714 et
1734 2660 1805 2713 illi
1832 2672 2025 2726 aquam

429 2759 498 2813 de
535 2766 707 2828 petra.
755 2757 979 2812 Etiamsi
1014 2758 1155 2811 enim
1198 2755 1416 2812 sensilia
1457 2762 1637 2808 essent
1674 2752 1761 2806 illa
1792 2766 1910 2820 qua:
1940 2750 2028 2805 lie.

430 2849 592 2910 bant,
631 2859 687 2901 at
715 2850 1068 2917 spiritualiter
1108 2848 1526 2917 prmbebantur,
1572 2860 1679 2898 non
1727 2843 2026 2898 secundum

434 2949 639 2991 natura:
679 2938 1145 3007 consequentiam,
1177 2936 1271 2991 sed
1312 2952 1379 2991 ex
1422 2935 1555 2989 doni
1580 2934 1749 3005 gratia
1778 2950 1793 2997 ;
1826 2942 2025 2988 etcum

429 3045 657 3099 corpore
687 3030 921 3083 animam
953 3044 1168 3099 quoque
1194 3028 1502 3083 nutriebant
1526 3069 1541 3093 ,
1570 3028 1636 3083 ad
1664 3026 1825 3083 ﬁdem
1866 3026 2026 3081 indu-

429 3123 630 3176 centia.
676 3121 800 3175 Ideo
844 3120 914 3176 de
956 3121 1078 3174 cibo
1109 3120 1323 3189 quidem
1354 3119 1486 3173 nihil
1528 3118 1700 3181 dixit;
1731 3126 1846 3171 erat
1883 3118 2026 3171 enim

432 3222 688 3275 mutatus,
715 3228 821 3266 non
851 3221 1059 3266 tantum
1080 3211 1259 3273 modo,
1289 3210 1382 3265 sed
1406 3210 1565 3264 etiam
1589 3216 1807 3272 natura;
1833 3222 2026 3262 manna

431 3304 627 3372 quippe
656 3312 810 3365 erat;
858 3302 924 3357 de
953 3312 1085 3373 potu
1122 3316 1250 3356 vero
1270 3343 1284 3363 ,
1323 3302 1448 3371 quia
1478 3299 1638 3355 dandi
1666 3300 1855 3354 modus
1880 3299 2030 3354 solus

431 3404 628 3466 prmter
656 3395 962 3462 Opinionem
994 3404 1131 3459 erat,
1162 3393 1323 3448 etiam
1365 3393 1679 3463 probatione
1702 3405 1837 3462 opus
1866 3390 2030 3447 babe-

434 3488 560 3539 bat:
608 3486 727 3540 ideo
766 3501 887 3540 cum
932 3486 1184 3547 dixisset,
1218 3483 1468 3539 Eurudem
1498 3492 1674 3555 potum
1710 3482 2028 3553 spiritualem

440 3580 668 3632 biberunt
694 3620 709 3642 ,
749 3578 1026 3648 subiunxit
1050 3594 1064 3643 ;
1096 3576 1340 3631 Bibcbant
1366 3578 1500 3631 enim
1522 3592 1593 3632 ea:
1618 3576 1875 3647 spirituali
1899 3592 2025 3631 eou-

431 3678 669 3738 sequente
709 3679 893 3738 petra;
922 3678 975 3723 et
1020 3668 1255 3731 addidit,
1308 3667 1465 3722 Petra
1511 3678 1681 3721 autem
1721 3676 1830 3721 erat
1876 3666 2028 3721 Chri-

431 3771 560 3813 stus.
594 3757 709 3813 Non
749 3760 894 3814 enim
936 3767 1104 3829 petra:
1148 3768 1337 3814 natura
1375 3775 1565 3829 aquam
1598 3759 1912 3825 emittebat,
1942 3761 2030 3814 in-

430 3852 576 3921 quit,
629 3851 862 3921 alioquin
913 3863 1093 3907 autem
1141 3860 1297 3905 antea
1352 3851 1725 3930 scaturiisset;
1785 3850 1881 3906 sed
1927 3850 2027 3905 alia

436 3943 681 4007 utimdam
710 3951 861 4011 petra
894 3942 1186 4012 spiritualis
1219 3943 1322 3996 hoc
1350 3952 1518 3996 totum
1548 3941 1813 4007 faciebat;
1844 3942 1894 3996 id
1921 3950 2027 4008 est,

428 4034 683 4087 Christus
709 4074 724 4095 ,
771 4032 860 4101 qui
890 4048 1105 4101 semper
1144 4033 1274 4102 ipsis
1312 4046 1552 4101 prmsens
1586 4041 1735 4099 erat,
1767 4042 1823 4088 et
1850 4034 2027 4087 omnia

434 4124 755 4179 mirabiliter
797 4124 1141 4192 Operabatur.
1192 4122 1321 4178 ldeo
1352 4139 1587 4194 namque
1624 4123 1792 4191 dicit,
1838 4122 2027 4181 Conse-

432 4229 633 4289 quente.
700 4217 949 4272 Vidistin’
991 4217 1145 4271 Pauli
1190 4218 1510 4288 sapientiam
1537 4258 1557 4283 ,
1598 4218 1867 4289 quomodo
1903 4234 2027 4273 eum

432 4311 670 4365 ostendit
728 4320 1016 4380 utrumque
1055 4310 1524 4381 suppeditavisse,
1574 4320 1630 4367 et
1675 4310 1775 4366 hac
1822 4312 2030 4367 ratione

434 4414 618 4473 typum
646 4418 816 4474 prope
840 4406 1121 4459 veritatem
1148 4404 1411 4459 adduxit?
1430 4404 1530 4472 Qui
1551 4405 1695 4459 enim
1725 4403 1812 4457 illa
1837 4405 2026 4473 inquit,

434 4494 565 4564 ipsis
588 4494 985 4563 suppeditavit;
1029 4494 1115 4548 hic
1137 4494 1251 4565 ipse
1286 4494 1423 4548 hanc
1444 4493 1723 4564 apparavit
1754 4509 2026 4549 mensam:

430 4596 487 4642 et
548 4586 688 4641 idem
734 4586 850 4657 ipse
904 4587 1026 4641 illos
1081 4601 1180 4657 per
1223 4601 1409 4654 mare,
1458 4595 1510 4642 te
1559 4602 1657 4656 per
1701 4587 2026 4657 baptismum

432 4678 583 4731 duxit
606 4693 623 4738 ;
665 4677 878 4749 illisque
907 4693 1101 4732 manna
1129 4687 1186 4732 et
1213 4694 1443 4748 aquam,
1474 4678 1567 4733 tibi
1595 4694 1791 4748 corpus
1816 4688 1872 4734 et
1899 4695 2027 4735 san-

432 4770 647 4838 guinem
676 4771 924 4839 prmbuit.
974 4772 1041 4826 Et
1088 4772 1211 4826 talia
1250 4780 1378 4826 sunt
1412 4786 1476 4826 ea
1513 4787 1634 4842 quae
1671 4770 1871 4826 donum
1912 4772 2029 4842 ejus

434 4870 699 4927 spectant.
733 4862 1028 4929 Videamus
1055 4878 1188 4918 vero
1213 4864 1373 4918 etiam
1402 4866 1680 4933 sequentia
1708 4904 1723 4928 ,
1770 4871 1824 4917 et
1851 4866 2028 4928 consi-

434 4952 686 5007 deremus
728 4968 794 5006 an
816 4995 832 5019 ,
863 4970 984 5009 cum
1015 4954 1161 5010 dono
1191 4954 1393 5026 indigni
1425 4955 1525 5009 visi
1550 4965 1731 5011 essent
1758 4956 1866 5021 illi,
1899 4956 2029 5026 ipsis

438 5044 761 5114 pepercerit.
795 5046 864 5099 At
893 5046 999 5101 hoc
1027 5047 1208 5103 dicere
1238 5063 1344 5102 non
1376 5049 1547 5119 possis
1572 5066 1584 5102 :
1618 5048 1739 5103 ideo
1764 5048 2025 5104 subdidit:

438 5136 546 5191 Sed
576 5153 676 5189 non
706 5136 760 5189 in
789 5137 1018 5205 pluribus
1046 5155 1217 5192 eorum
1246 5139 1615 5210 beneplaeitttm
1642 5151 1717 5196 est
1754 5138 1894 5209 Deo,
1925 5143 2025 5197 etsi

438 5238 590 5283 tanto
627 5228 750 5281 illos
788 5226 997 5282 honore
1040 5228 1292 5298 dignatus
1330 5237 1434 5284 est.
1486 5231 1555 5283 At
1599 5230 1732 5284 nihil
1775 5229 1879 5285 hoc
1923 5232 2029 5287 illis

438 5319 680 5392 profuit;
728 5318 822 5373 sed
866 5319 1052 5388 plures
1092 5333 1161 5373 ex
1203 5318 1268 5373 iis
1316 5320 1610 5388 perierunt.
1653 5321 1810 5389 Atqui
1839 5336 2027 5377 omnes

435 5413 685 5484 periere;
741 5426 809 5467 ne
856 5419 1038 5465 autem
1085 5409 1329 5464 videatur
1368 5409 1473 5463 illis
1510 5417 1806 5463 extremm
1852 5413 2026 5480 perni-

433 5506 572 5562 ciem
602 5504 949 5576 prOphetare,
982 5502 1102 5559 ideo
1129 5502 1285 5565 dixit,
1313 5504 1505 5572 plures.
1552 5500 1714 5570 Atqui
1750 5510 1905 5556 erant
1940 5502 2026 5555 in-

434 5596 825 5663 numerabiles,
860 5593 956 5651 sed
987 5592 1119 5649 nihil
1149 5592 1349 5664 profuit
1380 5590 1668 5647 multitudo
1695 5607 1709 5645 :
1740 5591 2026 5662 omniaque

434 5687 527 5744 illa
568 5700 725 5746 erant
766 5688 970 5746 amoris
1001 5688 1195 5744 indicia
1222 5704 1237 5753 ;
1268 5686 1363 5743 sed
1398 5700 1571 5757 neque
1612 5685 1714 5739 hoc
1744 5685 1871 5753 ipsis
1898 5699 2023 5755 pro-

435 5775 529 5839 luit
556 5820 572 5844 ,
615 5782 867 5851 quoniam
896 5797 1019 5855 qua:
1056 5780 1258 5835 amoris
1300 5786 1454 5834 erant
1494 5790 1604 5833 non
1634 5772 2016 5845 rependerant.

3628 357 3737 413 19?.

2151 466 2284 534 Quia
2329 469 2471 522 enim
2522 467 2587 525 iis
2625 487 2744 541 qua
2782 473 2851 527 de
2884 473 3130 543 gehenna
3174 472 3423 529 dicuntur
3445 470 3600 527 multi
3625 487 3735 527 non

2144 557 2412 623 credunt,
2472 570 2659 629 utpote
2717 578 2839 632 quae
2883 580 2989 616 non
3035 574 3324 633 appareant
3372 578 3472 618 nec
3512 562 3735 619 videan-

2146 657 2267 714 tur;
2312 649 2380 703 ab
2428 650 2492 706 iis
2532 667 2650 720 qua:
2686 652 2799 721 jam
2844 652 2980 708 facta
3026 653 3238 709 fuerant
3278 654 3533 716 ostendit.
3564 655 3734 711 Deum

2144 739 2335 807 punire
2377 752 2691 809 peccatores
2718 784 2733 808 ,
2766 744 2979 798 etiamsi
3020 744 3317 800 innumeris
3344 745 3467 800 illos
3494 745 3737 802 aﬂecerit

2142 828 2461 886 beneﬁciis:
2497 849 2619 887 nam
2648 835 2694 888 si
2737 835 2930 891 futuris
2970 852 3077 894 non
3112 837 3365 900 creditis.
3414 840 3626 906 inquit,
3671 841 3736 896 iis

2142 930 2290 975 certe
2318 936 2437 989 qua:
2464 922 2576 991 jam
2610 923 2747 978 facta
2780 936 2905 979 sunt
2934 942 3042 980 non
3074 926 3233 981 fidem
3264 928 3545 998 negabitis.

2214 1010 2268 1064 3.
2310 1009 2662 1067 Considerate
2714 1030 2844 1085 ergo
2886 1025 3018 1085 quot
3066 1016 3325 1072 beneﬁcia
3377 1018 3479 1072 illis
3518 1019 3737 1089 praesti-

2142 1102 2401 1158 teritzab
2454 1103 2692 1190 Eglpto
2739 1116 2795 1161 et
2849 1122 2878 1160 a
2922 1109 3235 1177 captivitate
3278 1112 3425 1180 ipsos
3466 1111 3733 1176 liberavit,

2141 1209 2289 1249 mare
2318 1197 2528 1264 stravit,
2563 1214 2628 1252 ex
2656 1199 2789 1252 melo
2819 1216 3013 1254 manna
3040 1200 3277 1266 demisit,
3305 1217 3371 1256 ex
3395 1211 3532 1257 terra
3560 1202 3737 1259 fontes

2140 1300 2395 1355 aquarum
2428 1305 2535 1343 non
2580 1300 2921 1359 exspectatus
2951 1292 3163 1357 emisit;
3198 1293 3330 1362 ipsis
3358 1293 3552 1364 ubique
3597 1309 3740 1363 prc-

2138 1394 2264 1434 sens
2284 1391 2400 1435 erat
2424 1382 2683 1441 miracula
2725 1383 2913 1451 edens,
2944 1393 2999 1439 et
3020 1386 3255 1455 undique
3284 1386 3430 1457 ipsos
3461 1389 3731 1443 muniens.

2137 1471 2388 1526 Attamen
2422 1474 2545 1543 quia
2596 1484 2746 1528 tanto
2770 1474 2915 1528 dono
2958 1476 3177 1545 dignum
3227 1476 3360 1531 nihil
3408 1478 3731 1546 exhibuere,

2137 1579 2243 1619 non
2272 1567 2515 1635 pepercit
2552 1567 2678 1630 illis,
2704 1566 2801 1623 sed
2828 1584 3019 1625 omnes
3044 1568 3297 1637 perdidit.
3327 1567 3466 1623 Nam
3494 1572 3735 1638 prostrati

2135 1665 2275 1721 sunt,
2300 1657 2491 1726 inquit,
2514 1658 2565 1711 in
2582 1658 2814 1723 deserto;
2842 1660 3178 1727 repentinum
3204 1659 3412 1713 illorum
3433 1659 3730 1727 interitum,

2136 1760 2324 1813 pinnas
2353 1755 2409 1800 et
2430 1748 2690 1819 supplicia
2720 1748 2980 1802 divinitus
3006 1748 3244 1805 immissa
3279 1764 3373 1818 per
3400 1749 3504 1805 hoc
3530 1750 3735 1804 dictum

2136 1836 2445 1905 declarans,
2488 1849 2544 1893 et
2567 1839 2710 1909 quod
2749 1846 3024 1909 proposita
3056 1843 3274 1910 prtemia
3304 1856 3408 1897 non
3440 1843 3551 1897 sint
3576 1857 3733 1898 asse-

2135 1930 2263 1981 cuti.
2298 1929 2481 1999 Neque
2511 1931 2657 1984 enim
2686 1931 2736 1984 in
2761 1941 2901 1985 terra
2931 1932 3306 2002 promissionis
3332 1934 3447 1989 hate
3476 1936 3555 1990 eis
3582 1934 3732 1999 fecit;

2135 2018 2229 2073 sed
2253 2030 2403 2073 extra
2435 2030 2491 2074 et
2520 2021 2709 2091 procul
2736 2021 2805 2075 ab
2835 2023 2921 2076 illa
2951 2022 3193 2093 regione,
3246 2022 3445 2092 duplici
3489 2023 3736 2079 alliciens

2134 2111 2421 2178 supplicio,
2442 2120 2498 2166 et
2517 2112 2658 2180 quod
2682 2128 2786 2167 non
2806 2114 3130 2169 concederet
3152 2114 3280 2183 ipsis
3303 2124 3500 2169 terram
3524 2115 3730 2178 videre,

2132 2216 2293 2269 quam
2323 2201 2452 2270 ipsis
2476 2203 2817 2271 promiserat,
2841 2213 2898 2259 et
2922 2203 3060 2274 quod
3084 2205 3234 2274 gravi
3254 2204 3516 2275 supplicio
3532 2205 3733 2261 affere-

2133 2294 2223 2347 rit.
2255 2293 2323 2348 Et
2349 2294 2473 2363 quid
2504 2294 2642 2360 hmo,
2674 2297 2903 2367 inquies,
2934 2297 2999 2356 ad
3033 2297 3173 2351 nos?
3205 2296 3283 2352 Ad
3314 2308 3367 2353 te
3394 2300 3575 2369 utique
3603 2315 3732 2370 spe-

2132 2395 2280 2439 etant
2309 2403 2323 2438 :
2356 2385 2479 2440 ideo
2504 2387 2826 2456 subiunxit:
2858 2391 2913 2444 6.
2950 2388 3075 2442 Ha'c
3105 2398 3273 2442 autem
3317 2390 3369 2443 iu
3401 2391 3567 2460 ﬁgura
3594 2394 3733 2460 facta
3772 2464 3775 2465 ν

2131 2488 2247 2532 sunt
2278 2480 2461 2532 nostri.
2493 2479 2644 2535 Sicut
2671 2481 2814 2533 enim
2856 2481 2993 2536 dona
3024 2480 3208 2550 ﬁgurte
3240 2492 3386 2548 sunt,
3418 2483 3488 2535 ita
3516 2498 3733 2553 quoque

2132 2568 2395 2637 supplicia
2446 2568 2629 2639 ﬁguras
2664 2589 2677 2625 :
2710 2579 2766 2625 et
2791 2572 2930 2625 sicut
2978 2571 3241 2641 baptisma
3272 2580 3328 2626 et
3357 2586 3543 2626 mensa
3582 2573 3733 2641 prius

2132 2659 2599 2727 describebantur,
2630 2661 2701 2715 ita
2747 2663 2799 2716 in
2835 2664 3186 2733 sequentibus
3214 2666 3433 2735 prepter
3461 2680 3561 2718 nos
3587 2682 3728 2735 pra:-

2132 2749 2490 2816 signiﬁcatum
2532 2761 2637 2817 est,
2685 2752 2826 2821 quod
2872 2755 2961 2823 qui
2995 2755 3084 2807 tali
3134 2754 3500 2826 donoindigni
3533 2754 3735 2812 fuerint

2132 2842 2393 2911 supplicio
2442 2842 2714 2898 alliciendi
2761 2845 2889 2907 sint,
2932 2854 2989 2899 ut
3032 2845 3230 2899 talibus
3258 2847 3515 2917 exemplis
3542 2848 3730 2903 moniti

2134 2934 2581 3002 tetnperantiores
2596 2936 2785 2990 simus.
2803 2936 2929 2991 ideo
2944 2935 3148 2991 addidit
3169 2955 3181 2989 :
3208 2936 3276 2991 Ut
3304 2954 3405 2991 non
3428 2939 3586 2993 simus
3608 2955 3735 2993 eou-

2134 3027 2444 3096 cupiscentes
2483 3027 2757 3093 malorum,
2813 3031 2939 3082 sicut
2983 3039 3031 3083 et
3056 3031 3133 3083 illi
3173 3032 3551 3101 concupierunt.
3581 3033 3734 3089 Sicut

2132 3118 2275 3170 enim
2303 3118 2353 3170 in
2392 3117 2667 3174 beneﬂciis
2703 3120 2814 3191 typi
2847 3131 3244 3190 praecesserunt
3290 3131 3345 3177 et
3396 3131 3620 3194 sequuta
3647 3136 3733 3180 est

2135 3208 2374 3261 veritas:
2406 3209 2483 3261 sic
2528 3218 2583 3263 et
2627 3210 2680 3263 in
2731 3205 3008 3281 suppliciis
3051 3222 3326 3283 sequetur.
3358 3214 3546 3271 Viden‘
3591 3231 3731 3286 quo-

2134 3299 2296 3354 modo
2324 3300 2593 3365 o-tendat,
2645 3316 2753 3356 non
2804 3303 2964 3358 modo
2994 3305 3136 3374 quod
3178 3304 3434 3375 puniendi
3473 3307 3603 3372 sint,
3633 3307 3730 3363 sed

2133 3393 2293 3446 etiam
2320 3392 2464 3461 quod
2494 3395 2662 3464 magis
2702 3410 2861 3463 quam
2894 3396 3010 3450 illi?
3039 3396 3171 3451 Nam
3224 3398 3272 3452 si
3328 3397 3460 3453 illud
3512 3398 3749 3470 quidem'

2135 3490 2294 3551 typus
2319 3494 2420 3548 est,
2458 3484 2560 3538 hoc
2600 3495 2779 3539 autem
2808 3487 3025 3551 veritas,
3079 3502 3303 3543 necesse
3330 3497 3414 3543 est
3444 3490 3495 3542 in
3520 3490 3730 3559 suppli-

2133 3575 2233 3629 ciis
2262 3590 2514 3644 magnum
2544 3590 2665 3630 esse
2694 3578 2928 3647 culmen,
2953 3590 3009 3633 ut
3040 3581 3201 3635 etiam
3228 3580 3281 3635 in
3308 3581 3485 3638 donis.
3508 3580 3575 3636 Et
3604 3597 3733 3651 per-

2134 3664 2310 3735 pende
2336 3666 2388 3719 iu
2424 3682 2683 3736 quosnam
2708 3668 2939 3737 primum
2970 3670 3296 3738 invehatur;
3331 3672 3383 3727 in
3414 3686 3509 3728 eos
3536 3689 3734 3744 nempe

2134 3757 2223 3825 qui
2255 3756 2306 3809 in
2337 3756 2555 3826 templis
2595 3757 2859 3813 idolorum
2908 3761 3281 3817 comedebaut.
3331 3763 3465 3818 Cum
3504 3747 3733 3819 dixisset

2134 3848 2301 3913 enim,
2354 3847 2439 3902 Ne
2485 3850 2598 3903 sttis
2651 3851 3061 3921 concupiscentes
3100 3855 3371 3918 malarum,
3419 3855 3562 3925 quod
3612 3855 3734 3908 uni-

2135 3940 2345 3994 versate
2374 3948 2511 4004 erat,
2543 3939 2686 4010 quod
2706 3942 2758 3995 in
2782 3943 2964 4011 specie
2984 3951 3100 3998 erat
3119 3944 3415 4014 subiunxit,
3438 3944 3733 4001 ostendens

2138 4030 2347 4101 singula
2408 4040 2623 4100 peccata
2668 4048 2736 4087 ex
2779 4034 2915 4087 mala
2934 4048 3059 4091 esse
3080 4036 3479 4108 cupiditate;et
3500 4041 3730 4107 primum

2138 4122 2242 4178 hoc
2267 4124 2404 4178 dixit
2427 4142 2441 4178 :
2471 4126 2525 4178 ’1.
2553 4122 2732 4194 Neque
2756 4124 3041 4180 idololatria
3065 4127 3349 4198 efﬁciamini
3372 4129 3501 4182 sicut
3523 4129 3735 4199 quidam

2134 4230 2198 4269 ea:
2238 4215 2364 4283 ipsis
2386 4257 2398 4278 ,
2439 4216 2864 4284 quemadmodum
2902 4220 3146 4289 scriptum
3179 4228 3250 4272 est
3278 4235 3298 4273 :
3326 4218 3473 4275 Sedit
3511 4222 3734 4291 populus

2135 4306 2449 4359 manducare
2494 4316 2540 4360 et
2586 4307 2770 4369 bibere,
2819 4318 2865 4362 et
2902 4322 3227 4364 surreceruut
3276 4311 3471 4367 ludere.
3518 4310 3732 4368 Audisti

2134 4398 2408 4466 quomodo
2436 4398 2647 4453 tandem
2691 4399 3001 4456 idololatras
3024 4402 3215 4457 vocet?
3256 4403 3351 4458 sed
3384 4403 3471 4458 hic
3513 4403 3732 4473 quidem

2138 4490 2525 4558 pronuntians,
2574 4500 2759 4560 postea
2789 4502 2967 4547 autem
3018 4494 3180 4548 etiam
3215 4495 3465 4564 probans.
3499 4496 3732 4551 Causam

2134 4590 2313 4636 autem
2344 4582 2523 4651 posuit
2556 4584 2626 4639 ob
2648 4599 2807 4655 quam
2836 4584 2904 4639 ad
2934 4600 3149 4641 mensas
3185 4586 3305 4641 illas
3329 4588 3685 4643 accurrebant
3712 4605 3733 4645 :

2135 4688 2198 4728 ea
2228 4682 2342 4727 erat
2367 4674 2511 4742 gula.
2535 4675 2875 4745 Quapropter
2892 4691 3014 4731 cum
3039 4677 3292 4744 dixisset,
3322 4677 3406 4733 Ne
3422 4682 3580 4734 simus
3608 4696 3733 4735 cou-

2134 4756 2445 4835 cttpis'centes
2470 4767 2744 4833 malorum,
2765 4767 3144 4833 etaddidisset,
3179 4767 3263 4824 Ne
3293 4770 3405 4825 sitis
3420 4769 3732 4838 idololatrc,

2135 4857 2358 4928 hujusce
2408 4860 2703 4929 iniquitatis
2730 4876 2946 4916 causam
2989 4862 3201 4932 posuit;
3246 4862 3363 4919 haec
3406 4872 3584 4919 autem
3614 4877 3737 4920 erat

2132 4948 2281 5017 gula.
2305 4949 2451 5003 Sedit
2478 4953 2645 5016 enim,
2675 4952 2869 5021 inquit,
2895 4952 3116 5022 populus
3137 4954 3448 5007 manducare
3467 4963 3515 5007 et
3541 4953 3730 5010 bibere.

2135 5041 2202 5095 Et
2230 5039 2390 5095 tinem
2422 5040 2548 5097 inde
2585 5028 2897 5113 seqdientem
2922 5043 3090 5105 addit,
3133 5058 3347 5115 nempe,
3385 5041 3736 5098 Senem-unt

2134 5132 2330 5186 ludere.
2361 5131 2432 5190 Ut
2462 5134 2563 5201 illi,
2599 5135 2796 5203 inquit,
2829 5150 2859 5189 a
2898 5134 3109 5190 deliciis
3137 5136 3205 5189 ad
3249 5134 3601 5191 idololatriam
3628 5138 3732 5195 dc-

2133 5234 2395 5278 venerunt
2426 5241 2441 5277 :
2469 5224 2547 5279 sic
2579 5224 2873 5279 timendum
2899 5233 2983 5279 est
3004 5240 3074 5278 ne
3102 5237 3195 5278 vos
3221 5223 3426 5291 indeeo
3445 5221 3727 5285 decidatis.

2134 5313 2384 5369 Vidistin’
2412 5315 2684 5384 quomodo
2711 5314 2962 5369 ostendat
2984 5315 3147 5370 hosce
3178 5315 3444 5383 perfectos
3474 5318 3581 5375 illis
3602 5335 3733 5378 esse

2133 5407 2596 5477 imperfectiores?
2617 5422 2755 5478 quos
2784 5406 3053 5476 pungebat
3091 5423 3198 5462 non
3229 5424 3296 5465 eo
3333 5411 3535 5479 solum,
3583 5412 3732 5482 quod

2140 5491 2248 5553 non
2274 5500 2633 5562 sustinerent;
2664 5496 2760 5550 sed
2802 5496 2946 5566 quod
2992 5500 3155 5553 etiam
3180 5500 3260 5555 illi
3296 5512 3362 5556 ex
3390 5501 3728 5571 ignorantia,

2130 5589 2223 5643 alii
2240 5606 2305 5644 ex
2328 5588 2561 5659 ingluvie
2581 5598 2865 5658 peecarent
2888 5604 2903 5643 :
2925 5598 2981 5646 et
2999 5590 3209 5647 illorum
3238 5592 3451 5661 quidem
3470 5592 3729 5662 pernicid

2134 5681 2462 5750 punitionem
2492 5678 2575 5733 his
2598 5679 2809 5745 tribuit;
2842 5678 2941 5735 hos
2961 5690 3140 5737 autem
3170 5696 3275 5736 non
3314 5681 3444 5736 sinit
3471 5680 3553 5736 sui
3594 5696 3727 5750 pee-

2136 5773 2242 5829 cati
2269 5787 2486 5828 causam
2534 5772 2734 5828 referre
2782 5773 2834 5829 in
2881 5773 3184 5837 aiium.sed
3212 5772 3374 5829 etsui
3418 5781 3471 5829 et
3495 5771 3730 5829 aliorum
