4004 6208
206 327 313 381 193

194 441 375 496 damni
408 444 551 514 ipsos
575 443 841 500 obnoxios
868 448 1202 515 pronuntiat.
1238 447 1419 516 Neque
1449 448 1756 519 fornicemur
1775 488 1790 508 ,

193 532 325 584 sicut
345 532 554 597 quidam
583 550 646 587 ea:
669 534 796 604 ipsis
822 537 1065 606 fornicati
1090 546 1227 591 sunt.
1252 537 1431 602 Quare
1452 536 1538 589 hic
1560 536 1793 590 fornica-

195 627 397 679 tionem
426 637 714 689 memorat.
742 641 865 682 cum
889 627 958 683 de
988 628 1077 682 illa
1115 637 1273 683 antea
1296 636 1498 682 tantum
1527 627 1797 682 disserue-

192 716 302 769 rit?
328 715 443 770 Mos
469 727 553 772 est
581 732 799 788 semper
841 718 1028 783 Paulo,
1063 733 1186 773 cum
1233 719 1301 773 de
1346 719 1530 773 multis
1572 727 1794 772 accusat

194 807 448 874 peccatis,
486 807 676 861 ordine
705 808 796 862 illa
822 824 1024 877 ponere
1066 819 1121 863 et
1168 810 1441 879 proposita
1489 808 1792 877 singulatim

192 899 480 967 persequi;
508 914 571 953 ac
599 915 784 954 rursus
809 900 896 954 ubi
920 900 985 955 de
1006 901 1127 954 aliis
1150 900 1404 969 loquitur,
1430 902 1608 969 priora
1632 901 1791 954 etiam

190 999 453 1057 repetere.
492 990 643 1058 Quod
674 991 815 1046 Dens
846 1007 1061 1061 quoque
1091 993 1322 1047 faciebat
1354 995 1406 1046 in
1459 992 1642 1047 Veteri
1693 992 1795 1046 Tc-

188 1088 499 1144 stamento;
531 1082 581 1134 in
613 1081 836 1152 singulis
863 1082 1076 1137 delictis
1106 1084 1326 1137 vitulum
1354 1084 1555 1137 .ludaais
1587 1098 1796 1137 memo-

188 1170 362 1231 rabat.
394 1178 449 1225 et
480 1170 607 1225 illud
641 1182 915 1240 peccatum
967 1172 1018 1226 in
1047 1173 1281 1227 medium
1308 1173 1627 1227 adducebat.
1679 1172 1792 1227 Hoc

188 1262 371 1331 itaque
398 1273 454 1317 et
484 1262 679 1318 Paulus
708 1263 795 1319 hic
819 1263 975 1331 facit,
1008 1265 1135 1319 illud
1160 1267 1319 1320 simul
1363 1281 1793 1320 commemorans

184 1364 494 1421 peccatum,
524 1365 579 1410 et
601 1356 803 1411 docens
834 1357 936 1411 hoc
968 1358 1231 1426 prodiisse
1258 1374 1326 1412 ex
1347 1358 1552 1414 deliciis
1572 1367 1627 1413 et
1645 1358 1786 1427 gula.

183 1444 529 1515 Quapropter
578 1449 813 1517 adjecit:
852 1448 1028 1518 Neque
1070 1450 1538 1517 fomicemur,sicut
1581 1450 1790 1519 quidam

181 1552 359 1589 eorum
391 1540 631 1607 fornicati
654 1547 792 1605 sunt,
840 1550 887 1593 et
915 1540 1198 1592 ceciderunt
1239 1557 1341 1593 una
1368 1542 1450 1593 die
1472 1532 1650 1609 viginti
1691 1542 1789 1592 tria

184 1628 374 1680 millia.
410 1629 476 1681 Et
500 1643 596 1682 cur
616 1645 719 1683 non
743 1630 893 1698 ponit
908 1632 1067 1685 etiam
1090 1630 1406 1684 idololatria:
1424 1626 1786 1698 ponitionerh?

183 1720 295 1772 Aut
318 1719 442 1788 quia
472 1720 676 1773 clarum
713 1730 908 1775 eratet
949 1721 1287 1775 manifestum
1324 1740 1336 1776 :
1366 1730 1457 1775 aut
1486 1721 1609 1789 quia
1661 1729 1785 1774 tunc

185 1810 342 1880 plaga
381 1826 485 1864 non
517 1822 661 1865 tanta
698 1811 815 1877 fuit,
856 1822 1052 1883 quanta
1104 1812 1336 1865 Balaami
1370 1821 1630 1881 tempore.
1662 1826 1782 1864 cum

184 1902 381 1956 initiati
410 1911 537 1955 sunt
580 1903 932 1972 Beclphegor,
978 1902 1332 1956 Madianiticis
1377 1902 1693 1956 mulieribus
1732 1902 1783 1953 in

181 1995 359 2047 aciem
389 1994 772 2047 accedentibus
818 1995 1070 2062 ipsosque
1094 1993 1160 2046 ad
1193 1992 1468 2046 libidinem
1496 1992 1783 2046 allicienti-

182 2084 307 2147 bus,
359 2086 655 2139 secundum
699 2084 930 2137 Balaami
985 2084 1286 2137 consilium.
1337 2083 1467 2137 Nam
1509 2084 1650 2153 quod
1683 2084 1784 2138 huc

183 2175 389 2228 malum
446 2176 733 2230 consilium
782 2176 1017 2229 Balaami
1066 2186 1231 2238 esset.
1288 2174 1528 2229 declarat
1573 2174 1781 2244 Moyses

184 2275 374 2336 postea
404 2268 589 2323 dicens
614 2269 664 2322 in
698 2268 803 2323 fine
831 2269 951 2323 libri
978 2267 1335 2323 Numerorum
1368 2288 1381 2323 :
1414 2268 1628 2321 Balaam
1653 2286 1779 2335 quo-

179 2376 279 2429 que
303 2362 472 2428 filium
498 2360 632 2415 Beor
672 2363 967 2415 occiderunt
1014 2364 1067 2416 in
1112 2362 1243 2416 bello
1291 2362 1504 2415 Madian
1527 2378 1643 2415 cum
1664 2364 1780 2412 tmt-

188 2449 415 2510 iteratis.
447 2459 493 2502 et
516 2452 841 2505 adduxerunt
865 2452 1051 2521 spolia.
1084 2450 1148 2506 Et
1175 2452 1337 2506 iratus
1366 2463 1437 2506 est
1472 2451 1669 2522 Moyses
1692 2493 1707 2514 ,
1732 2461 1780 2503 et

180 2539 314 2594 dixit
339 2557 359 2594 :
399 2540 503 2595 Cur
525 2543 664 2596 vivas
711 2544 913 2612 cepistis
964 2560 1137 2597 omnes
1185 2545 1457 2599 mulieres!
1485 2544 1624 2611 Ipsa
1648 2546 1780 2598 enim

179 2639 327 2683 erant
378 2630 501 2697 ﬁliis
530 2630 697 2684 Israel
741 2632 795 2685 in
817 2632 1118 2685 scandalum
1146 2635 1422 2686 secundum
1452 2635 1650 2685 verbum
1675 2632 1780 2685 Ba-

180 2720 342 2785 laam,
371 2729 426 2773 ut
450 2720 721 2787 deﬁcerent
745 2731 793 2774 et
822 2722 1134 2791 despicerent
1176 2724 1381 2775 verbum
1425 2721 1631 2775 Domini
1657 2740 1776 2791 pro-

181 2825 292 2882 pter
311 2811 525 2883 Phegor
554 2810 752 2882 (Nam.
786 2814 877 2868 5|.
908 2813 961 2869 8.
992 2814 1079 2867 14.
1110 2813 1233 2882 16).
1258 2813 1311 2868 9.
1341 2811 1519 2883 Neque
1536 2823 1778 2869 tenteums

178 2903 459 2968 Christum,
490 2906 620 2958 sicut
646 2905 854 2975 quidam
880 2921 1054 2959 eorum
1096 2914 1408 2959 tentaverunt
1436 2915 1481 2958 et
1519 2921 1550 2957 a
1575 2922 1779 2974 serpen-

179 2996 312 3050 tibus
354 2995 632 3066 perierunt.

249 3091 305 3143 ι.
340 3087 441 3141 Per
469 3086 572 3140 hoc
601 3102 790 3141 rursus
815 3086 960 3141 aliud
1004 3089 1313 3141 subindicat
1356 3086 1582 3149 crimen,
1636 3085 1775 3157 quod

177 3179 341 3233 etiam
374 3179 429 3233 in
460 3178 565 3232 line
591 3179 759 3247 ponit,
790 3193 1049 3233 accusans
1079 3177 1201 3230 illos
1227 3176 1371 3246 quod
1390 3176 1459 3231 de
1484 3176 1649 3246 signis
1674 3192 1776 3245 pu-

177 3280 427 3341 gnarent.
467 3280 522 3325 et
559 3279 775 3341 propter
816 3270 1137 3325 tentationes
1162 3277 1563 3323 murmurarent
1586 3267 1772 3321 dicen-

180 3376 258 3421 tes
290 3384 303 3419 :
336 3364 564 3433 Quando
585 3365 801 3419 venient
828 3361 1003 3418 bona?
1024 3362 1238 3431 quando
1270 3361 1522 3429 praemia?
1547 3360 1775 3431 Ideoque

178 3457 457 3529 snbjungit
485 3457 604 3510 illos
621 3455 902 3525 corrigens
928 3468 993 3507 ac
1021 3461 1233 3508 terrens
1266 3469 1279 3505 :
1312 3452 1400 3506 to.
1427 3450 1604 3520 Neque
1633 3469 1771 3505 mur-

180 3548 522 3613 muraoen'tis,
566 3548 696 3601 sicut
743 3546 954 3615 quidam
988 3560 1162 3598 eorum
1206 3551 1681 3605 murmuraverunt,
1725 3551 1773 3595 et

178 3640 434 3708 perierunt
473 3638 537 3690 ab
574 3637 982 3690 exterminatore.
1006 3633 1121 3688 Non
1147 3633 1319 3689 solum
1346 3633 1490 3687 enim
1518 3632 1773 3700 qua-ritur

177 3729 284 3797 pati
310 3741 409 3799 pro
425 3726 661 3791 Christo,
683 3724 966 3781 sedetiam
988 3739 1108 3793 qua:
1128 3722 1377 3778 accidunt
1396 3722 1605 3777 fortiter
1634 3722 1772 3777 terre

172 3830 230 3875 et
248 3834 372 3875 cum
405 3818 553 3875 omni
580 3816 871 3886 voluptate.
899 3814 1014 3869 Hoc
1038 3822 1121 3868 est
1139 3817 1283 3869 enim
1300 3813 1518 3868 omnino
1538 3824 1736 3866 corona
1752 3815 1771 3878 ;'

173 3920 235 3966 ut
290 3911 339 3966 si
380 3909 487 3964 hoc
530 3924 636 3963 non
667 3909 847 3972 fuerit,
881 3922 1040 3975 pinna
1093 3907 1254 3960 etiam
1283 3915 1540 3975 sequatur
1566 3922 1660 3960 eos
1681 3908 1771 3976 qui

170 4018 319 4072 agre
348 4001 545 4057 lerunt.
575 4000 698 4055 Ideo
722 4001 951 4068 apostoli
975 3998 1155 4068 ﬂagris
1181 4000 1304 4053 caesi
1346 3999 1647 4068 gaudebant
1667 4040 1683 4065 ,
1716 4008 1772 4054 et

171 4093 374 4148 Paulus
398 4092 451 4145 in
480 4089 860 4144 afﬂictionibus
886 4088 1237 4158 gloriabatur.
1291 4089 1380 4143 Η.
1427 4087 1557 4142 Hec
1599 4101 1769 4145 autem

164 4184 348 4239 omnia
373 4184 427 4236 in
458 4182 625 4251 ﬁgura
656 4178 1017 4247 contingebant
1046 4179 1151 4232 illis
1174 4196 1194 4245 ;
1221 4178 1414 4249 scripta
1442 4190 1557 4232 sunt
1600 4190 1769 4234 autent

167 4274 240 4328 ad
265 4274 639 4342 correptionem
664 4277 912 4332 nostram,
934 4269 1003 4321 ad
1021 4284 1148 4337 quos
1188 4270 1317 4335 ﬁnes
1339 4270 1638 4326 acutorum
1678 4271 1767 4325 de-

163 4375 438 4422 venerunt.

244 4457 426 4512 Paule
453 4460 639 4527 futuras
663 4465 813 4511 erum
840 4464 1063 4511 eterna.
1087 4482 1156 4493 —
1178 4452 1384 4510 Rursus
1410 4464 1576 4510 terret
1605 4455 1763 4511 linem

169 4561 508 4611 memorans,
535 4554 586 4601 et
618 4546 683 4599 ad
706 4546 911 4615 majora
942 4542 1209 4615 prioribus
1237 4545 1596 4614 exspectanda
1626 4562 1766 4617 prae-

168 4646 344 4708 parat.
374 4636 508 4691 Nam
534 4635 681 4704 quod
709 4650 897 4705 pinnas
936 4635 1110 4690 daturi
1150 4633 1339 4698 simus,
1367 4650 1436 4689 ex
1468 4635 1648 4702 dictis,
1679 4638 1764 4695 in-

165 4720 303 4799 quit,
328 4727 548 4797 planum
575 4736 659 4779 est
678 4728 840 4780 etiam
874 4726 939 4779 iis
962 4726 1051 4793 qui
1072 4724 1145 4778 de
1160 4724 1406 4793 gehenna
1428 4725 1585 4785 dictis
1607 4728 1761 4784 tidem

167 4835 277 4874 non
303 4817 542 4880 habent;
574 4816 720 4886 quod
747 4828 929 4871 autem
953 4814 1249 4885 graviores,
1274 4830 1339 4870 ex
1360 4831 1428 4871 eo
1448 4817 1589 4887 quod
1613 4818 1762 4886 plura

164 4907 489 4979 consequuti
537 4906 707 4961 simus
755 4905 1037 4971 beneﬁcia,
1084 4913 1143 4958 et
1168 4919 1235 4959 ex
1264 4921 1332 4959 eo
1360 4907 1504 4975 quod
1534 4908 1621 4962 illa
1652 4908 1762 4980 typi

162 5009 373 5061 essein.
406 4997 541 5054 Nam
585 4999 630 5052 si
674 5000 729 5054 in
757 5000 915 5056 donis
935 4996 1313 5068 exsuperantia
1345 4998 1436 5062 lit;
1476 5008 1651 5068 petam
1680 5011 1764 5055 est

161 5102 219 5154 In
244 5092 515 5164 supplicio
539 5105 756 5161 quoque
783 5092 920 5171 fore.
963 5092 1200 5161 ldeoque
1223 5088 1421 5159 ﬁguras
1445 5091 1759 5157 appellavit,

161 5190 219 5243 et
250 5190 475 5257 prapter
504 5196 602 5234 nos
628 5180 826 5250 scripta
856 5178 1018 5238 fuisse
1035 5181 1188 5247 dixit,
1208 5189 1263 5236 et
1290 5178 1448 5233 linem
1478 5179 1528 5232 in
1554 5195 1760 5235 meme.

164 5280 301 5335 riam
325 5275 621 5341 revocavit,
650 5280 710 5327 ut
744 5274 1228 5329 consummationis
1254 5272 1581 5329 mentionem
1610 5273 1757 5329 face-

161 5380 269 5427 ret.
292 5368 413 5425 Non
440 5367 585 5423 enim
618 5364 741 5419 talia
772 5373 898 5418 tunc
943 5375 1100 5420 erant
1137 5365 1418 5436 supplicia,
1450 5380 1569 5433 qua:
1599 5366 1757 5421 linem

172 5460 506 5529 sccipiebant
544 5468 601 5513 et
644 5456 1003 5523 tollebantur;
1051 5458 1145 5514 sed
1192 5472 1352 5528 pana
1383 5457 1485 5511 erit
1528 5467 1752 5513 aaterna.

172 5554 313 5609 Iicut
336 5553 483 5608 enim
516 5551 677 5621 hujus
702 5549 823 5604 vita
850 5563 1022 5619 ptume
1060 5552 1217 5605 simul
1246 5564 1373 5605 cum
1403 5548 1509 5601 vita
1537 5548 1756 5602 solvun-

165 5656 274 5714 tur,
312 5646 393 5701 sic
419 5642 529 5702 illic
555 5659 731 5712 poena:
764 5650 980 5698 πίει-ηει-
1009 5652 1191 5698 erunt.
1223 5642 1356 5698 Cum
1392 5648 1572 5697 autem
1601 5640 1751 5705 dicit,

164 5736 326 5795 tua
352 5734 684 5797 seculorum,
710 5735 846 5791 nihit
865 5734 1014 5792 aliud
1029 5734 1182 5806 dicit,
1214 5749 1374 5806 quam
1391 5732 1532 5806 quod
1563 5732 1629 5789 de
1649 5748 1755 5788 caa-

1226 334 1289 390 lN
1333 334 1539 389 EPIST.
1586 334 1600 386 l
1668 334 1755 388 ΛΙ)
1793 334 1947 390 COR.
1991 337 2222 394 ΙΙΟΜΙΙ..
2265 337 2456 395 XXI".

3386 350 3489 404 νη

1910 458 2025 504 tero
2053 451 2211 506 instet
2239 452 2498 517 judicium
2528 452 2655 507 illud
2690 454 3035 511 horrendum.
3076 461 3161 514 l2.
3195 462 3376 523 Itaque
3405 468 3491 531 qui

1900 556 1955 592 se
1979 542 2241 596 existimat
2266 553 2423 606 stare,
2447 544 2611 599 videat
2638 561 2699 599 ne
2716 547 2891 601 cadat.
2921 548 3127 605 Rursus
3154 552 3365 609 illorum
3409 556 3491 609 fa-

1900 640 2041 683 stum
2070 633 2286 701 dejecit,
2316 639 2406 703 qni
2430 636 2498 691 de
2528 638 2746 690 scientia
2768 654 2860 691 sua
2892 642 3057 693 altum
3093 644 3395 713 sapiebant.
3432 647 3489 701 Si

1898 721 2041 773 enim
2072 721 2168 787 illi,
2200 724 2290 792 qui
2326 735 2468 778 tanta
2502 736 2625 780 sunt
2649 726 2784 782 bona
2814 733 3150 799 consequuti,
3185 734 3309 788 talia
3345 738 3487 804 passi

1898 819 2042 875 sunt,
2074 821 2127 866 et
2173 814 2266 867 alii
2306 816 2521 884 quidem
2555 834 2651 887 pro
2684 823 3107 876 murmuratione
3145 826 3319 879 solum
3351 828 3489 883 tales

1901 899 2115 954 luerunt
2140 918 2355 969 poenas;
2386 906 2474 959 alii
2506 908 2649 977 quod
2682 920 2998 979 tentassent,
3027 926 3080 967 et
3114 930 3285 985 neque
3316 933 3488 987 popu-

1900 988 1983 1043 lus
2017 991 2180 1045 Deum
2207 1004 2289 1048 est
2318 996 2601 1063 reveritus,
2646 1015 2820 1069 neque
2847 1005 2988 1070 quod
3022 1013 3127 1057 tam
3161 1008 3324 1061 multa
3352 1024 3486 1061 con-

1898 1088 2155 1147 sequutus
2182 1092 2360 1148 esset;
2389 1085 2560 1139 multo
2590 1090 2758 1157 magis
2791 1091 2841 1143 in
2873 1093 3028 1146 nobis
3063 1095 3163 1147 nisi
3208 1096 3487 1165 vigilemus

1898 1169 2000 1224 hoc
2021 1173 2145 1227 erit.
2172 1173 2237 1227 Et
2264 1178 2507 1244 apposite
2529 1178 2697 1233 dixit:
2731 1181 2827 1248 Qut
2856 1200 2909 1236 se
2927 1186 3182 1239 existimat
3200 1200 3352 1242 stare.
3376 1190 3488 1246 lloc

1897 1262 2039 1314 enim
2071 1277 2177 1316 non
2207 1275 2289 1317 est
2315 1277 2457 1321 stare
2511 1278 2569 1322 ut
2597 1280 2743 1324 stare
2768 1282 2999 1340 Oportet,
3048 1276 3150 1329 sibi
3182 1279 3282 1345 ipsi
3317 1282 3489 1333 conti-

1895 1350 2061 1406 dere:
2094 1355 2183 1423 qui
2220 1356 2341 1410 talis
2368 1367 2450 1412 est
2474 1362 2637 1426 enim,
2684 1363 2842 1417 citius
2870 1366 3058 1421 cadet:
3087 1383 3208 1421 nam
3245 1370 3319 1427 illi
3343 1389 3483 1440 quo-

1892 1457 2017 1510 que,
2048 1445 2148 1497 nisi
2178 1448 2343 1501 altum
2374 1455 2680 1519 sapuissent
2703 1462 2759 1508 et
2780 1457 3149 1523 conﬁdissent,
3170 1461 3264 1515 sed
3289 1462 3335 1515 si
3362 1478 3484 1518 sese

1892 1533 2289 1603 enhibuissent,
2330 1556 2437 1596 non
2469 1542 2583 1598 hmc
2610 1547 2750 1613 passi
2778 1558 2981 1602 essent.
3017 1549 3169 1606 Unde
3198 1554 3361 1623 liquet
3391 1570 3483 1611 ar-

1891 1625 2189 1715 rogantiam
2225 1631 2480 1695 maxime,
2524 1634 2825 1705 deindeque
2853 1642 3154 1697 socordiam
3185 1654 3239 1698 et
3277 1647 3480 1715 gulam,

1892 1710 2081 1765 horum
2109 1728 2230 1769 esse
2272 1717 2443 1771 fontes
2486 1723 2771 1779 malorum.
2802 1726 2984 1794 Itaque
3011 1731 3055 1783 si
3086 1742 3219 1797 stas,
3252 1710 3382 1791 cave
3414 1710 3482 1792 ne

1888 1802 2072 1856 cadas.
2124 1805 2253 1859 Nam
2300 1809 2384 1862 hic
2413 1820 2576 1879 stare,
2611 1829 2716 1868 non
2745 1826 2828 1870 est
2856 1817 3082 1874 ﬁrmiter
3114 1832 3278 1888 stare,
3307 1828 3480 1881 donec

1890 1892 2184 1987 liberemur
2213 1914 2239 1950 a
2278 1905 2558 1969 prrsentis
2588 1906 2708 1961 vitre
2737 1909 3008 1974 ﬂuctibus,
3037 1922 3090 1965 et
3122 1915 3187 1968 ad
3214 1920 3478 1987 tranquil-

1889 1981 1997 2071 lum
2022 1996 2236 2079 portum
2265 1992 2615 2057 appellamus.
2645 1996 2722 2051 Ne
2751 1999 2931 2068 itaque
2957 2001 3123 2057 altum
3141 2006 3316 2075 sapias
3336 1981 3478 2079 quod

1886 2082 2019 2138 stes,
2067 2076 2162 2129 sed
2212 2092 2343 2133 cave
2388 2082 2617 2150 lapsum.
2670 2086 2727 2141 Si
2780 2104 3013 2161 namque
3041 2094 3239 2151 Paulus
3280 2076 3475 2167 timuit,

1885 2176 2125 2219 omnium
2176 2166 2523 2237 fortissimus,
2558 2177 2725 2230 multo
2757 2182 2926 2249 magis
2958 2198 3055 2236 nos
3100 2186 3290 2242 timere
3319 2166 3480 2259 opurs

1888 2262 1980 2349 tet.
2010 2258 2303 2324 Apostolus
2335 2256 2514 2333 itaque
2540 2268 2755 2324 dicebat
2779 2288 2791 2323 :
2824 2272 3145 2343 Quapropter
3171 2284 3258 2349 qui
3286 2256 3381 2335 sibi
3402 2286 3479 2336 vi-

1884 2344 2033 2397 detur
2060 2359 2213 2415 stare,
2243 2353 2413 2407 videat
2432 2373 2496 2410 ne
2511 2359 2662 2413 cadat
2687 2376 2703 2415 :
2724 2377 2821 2417 nos
2846 2374 3025 2419 autem
3050 2384 3115 2421 ne
3135 2344 3237 2424 hoc
3261 2374 3477 2441 quidem

1887 2450 2169 2531 possumus
2201 2443 2398 2507 dicere,
2434 2462 2557 2501 cum
2591 2467 2780 2508 omnes
2809 2454 2923 2511 fere
2966 2458 3103 2527 lapsi
3136 2470 3189 2515 et
3222 2468 3474 2531 prostrati

1883 2526 1992 2582 sint
2019 2528 2276 2603 humique
2299 2535 2535 2602 jaceant.
2562 2540 2659 2594 Cui
2687 2544 2830 2597 enim
2857 2546 2958 2600 hoc
2979 2526 3195 2604 dicam?
3220 2526 3369 2610 illine
3385 2557 3475 2628 qui

1883 2621 2122 2712 quotidie
2153 2626 2326 2692 rapit?
2359 2629 2452 2682 sed
2492 2629 2637 2698 jacet
2667 2633 2758 2686 illc
2796 2650 2992 2706 magno
3031 2638 3182 2710 lapsu
3209 2621 3472 2712 dejectus.

1883 2709 1953 2761 At
1978 2716 2299 2767 scortatori?
2320 2718 2414 2771 sed
2443 2717 2587 2773 humi
2621 2724 2894 2792 proiectus
2920 2736 3021 2782 est.
3045 2709 3128 2785 Arn
3158 2709 3477 2792 ebriosoiat

1883 2798 1998 2867 ipse
2018 2815 2242 2894 quoque?
2246 2806 2413 2873 jacet,
2450 2819 2505 2863 et
2531 2815 2703 2867 nescit
2723 2830 2783 2868 se
2802 2816 3009 2885 jacere.
3044 2822 3225 2892 Itaque
3236 2824 3348 2894 jam
3367 2843 3473 2883 non

1882 2897 1969 2985 est
1996 2899 2204 2985 tempus
2232 2893 2391 2964 hujus
2418 2899 2725 2966 proferendi
2758 2906 2928 2971 verbi,
2956 2911 3049 2962 sed
3080 2912 3221 2968 illius
3242 2893 3475 2985 prophe-

1886 2980 1993 3044 tici,
2016 2983 2399 3051 quod-dicebat
2423 2988 2664 3046 Judzeis:
2700 2993 2953 3065 Numqui
2982 3001 3136 3063 cadit,
3161 2980 3263 3056 non
3297 2980 3472 3061 resur.

1886 3073 1951 3140 git
1978 3073 2152 3143 (Psal.
2181 3078 2273 3132 40.
2308 3080 2401 3150 9)?
2434 3083 2643 3139 Etenim
2671 3098 2862 3142 omnes
2898 3090 3098 3159 jacent,
3151 3110 3247 3149 nec
3286 3096 3473 3155 volunt

1880 3177 2183 3234 resurgere.
2214 3168 2575 3235 Quamobrem
2613 3175 2925 3231 adhortatio
2955 3182 3109 3235 nobis
3140 3195 3244 3251 est,
3279 3202 3384 3242 non
3414 3199 3472 3244 ut

1880 3268 1952 3309 ne
1971 3257 2249 3325 cadamus,
2278 3261 2371 3314 sed
2416 3272 2474 3317 ut
2512 3266 2550 3317 .ii
2596 3267 2684 3335 qui
2710 3269 2895 3336 jacent
2924 3273 3134 3338 possint
3165 3290 3470 3347 resurgere.

1878 3345 2243 3419 Resurgamus
2275 3352 2436 3421 igitur
2478 3357 2557 3410 vel
2600 3373 2725 3412 sero
2768 3360 3013 3426 tandem,
3043 3364 3251 3431 dilecti,
3282 3345 3470 3426 resur-

1876 3453 2066 3506 gamus
2084 3452 2137 3495 et
2160 3442 2372 3497 fortiter
2396 3455 2619 3501 stemus.
2644 3450 2936 3521 Quousque
2962 3454 3239 3521 iacemus?
3260 3475 3464 3528 quous-

1876 3544 1982 3598 que
2003 3531 2135 3585 ebrii
2166 3549 2373 3599 sumns,
2411 3538 2574 3590 multa
2605 3556 2785 3595 rerum
2829 3546 3167 3601 saecularium
3209 3555 3469 3627 concupi-

1876 3621 2082 3675 scentia
2122 3624 2370 3691 gravati?
2411 3625 2783 3696 Opportunum
2836 3643 2920 3687 est
2961 3642 3105 3691 nunc
3131 3639 3355 3697 dicere:
3385 3621 3468 3699 λιι

1875 3722 2034 3810 quem
2066 3711 2255 3782 loquar
2293 3722 2349 3768 et
2378 3716 2743 3773 testiﬁcabor?
2784 3737 2954 3792 usque
2993 3726 3129 3781 adeo
3168 3746 3360 3789 nunties
3400 3736 3467 3790 ad
3510 3800 3511 3803 η
3612 3802 3621 3811 _

1876 3799 2045 3869 ipsam
2072 3804 2282 3859 virtutis
2297 3804 2597 3862 doctrinam
2619 3810 3038 3882 obsurduerunt,
3062 3828 3118 3872 et
3140 3822 3322 3876 multis
3340 3824 3467 3879 hinc

1874 3894 2063 3964 repleti
2090 3904 2219 3950 sunt
2249 3897 2423 3952 malis.
2453 3898 2520 3953 Et
2539 3902 2582 3953 si
2608 3916 2888 3971 possemus
2909 3907 3115 3961 animas
3145 3911 3328 3965 videre
3369 3929 3468 3965 nu-

1874 3982 1993 4049 das,
2028 3986 2162 4041 utin
2189 3989 2517 4045 exercitibus
2558 4003 2681 4059 post
2724 3994 3052 4064 conﬂictum,
3101 4002 3191 4053 alii
3240 4005 3461 4071 mortui,

1874 4077 1964 4131 alii
2022 4079 2284 4136 vulnerati
2333 4082 2611 4149 videntur;
2642 4087 2797 4141 sicin
2853 4088 3089 4143 Ecclesia
3130 4092 3459 4152 videremus.

1872 4169 2233 4235 Quamobrem
2290 4173 2517 4227 obsecro
2566 4187 2621 4231 et
2663 4193 2761 4234 oro
2790 4220 2806 4245 ,
2860 4196 3076 4235 manum
3130 4184 3265 4239 alter
3307 4187 3464 4246 alteri

1876 4265 2212 4335 porrigamus
2228 4275 2283 4319 et
2308 4281 2681 4336 exsurgamus.
2708 4270 2840 4325 Nam
2868 4282 2921 4327 et
2947 4288 3046 4343 ego
3066 4290 3130 4329 ex
3154 4279 3462 4335 sauciorum

1877 4369 2102 4408 numero
2126 4370 2268 4419 sum,
2301 4366 2355 4411 et
2383 4373 2568 4412 eorum
2610 4360 2700 4429 qui
2745 4360 3049 4430 pharmacis
3078 4380 3215 4435 opus
3241 4367 3457 4424 habent.

1871 4444 1975 4500 Sed
2009 4460 2077 4500 ne
2108 4446 2228 4499 ideo
2252 4449 2488 4514 animum
2514 4448 2927 4517 despondeatis:
2953 4468 3074 4507 nam
3120 4458 3221 4510 etsi
3268 4460 3457 4525 gravia

1869 4546 1996 4591 sunt
2040 4537 2286 4603 vulnera,
2339 4548 2394 4591 at
2443 4554 2547 4591 non
2603 4539 2944 4593 incurabilia.
2989 4541 3135 4596 Talis
3162 4553 3245 4596 est
3274 4555 3459 4600 noster

1870 4630 2140 4691 medicus;
2176 4629 2337 4682 modo
2367 4629 2587 4683 vulnera
2618 4630 2936 4697 sentiamus,
2963 4633 3173 4688 etiamsi
3203 4636 3252 4687 in
3280 4644 3460 4691 extre-

1869 4734 2015 4772 mum
2064 4718 2311 4786 nequitia:
2356 4718 2684 4780 venerimus.
2728 4721 2925 4777 multas
2953 4723 3108 4779 nobis
3133 4725 3307 4795 aperit
3341 4730 3453 4782 vias

1869 4810 2076 4863 salutis.
2108 4808 2239 4863 Nam
2261 4810 2306 4865 si
2338 4811 2583 4879 proximo
2614 4812 2749 4867 iram
2791 4816 3090 4879 remiseris,
3114 4818 3457 4873 remittentnr

1870 4903 1964 4958 tibi
1996 4903 2225 4958 delicta:
2262 4904 2324 4958 Si
2364 4906 2521 4969 enim,
2567 4906 2759 4974 inquit,
2806 4900 3107 4963 "miseritis
3146 4908 3455 4978 hominibus,

1866 4994 2082 5050 remittet
2110 5004 2156 5047 et
2185 4995 2321 5048 vobis
2352 4993 2507 5047 Pater
2532 5005 2691 5047 vester
2718 4994 2933 5049 caelestis
2981 4992 3191 5063 (Matth.
3235 4993 3292 5049 6.
3340 4996 3449 5066 Η).

1866 5086 1932 5140 Et
1961 5087 2003 5141 si
2030 5085 2429 5153 eleemosynam
2456 5083 2693 5150 dederis,
2720 5082 3050 5154 condombit
3073 5082 3165 5137 tibi
3192 5097 3407 5153 peccata
3435 5106 3449 5141 :

1866 5175 2167 5245 Iniquitates
2193 5175 2336 5227 enim
2360 5183 2494 5238 tuas,
2520 5173 2714 5244 inquit,
2731 5173 3064 5245 eleemosynis
3080 5174 3271 5228 redime
3287 5174 3448 5243 (Dan.

1863 5267 1917 5320 4.
1946 5265 2059 5333 2i).
2095 5263 2149 5318 Si
2175 5264 2461 5334 diligenter
2486 5266 2749 5329 oraveris,
2781 5264 3103 5318 remissione
3133 5263 3353 5320 frueris.
3384 5266 3451 5320 Et

1864 5360 1964 5413 hoc
1995 5359 2231 5413 ostendit
2259 5358 2439 5425 vidua,
2468 5374 2586 5427 qua:
2609 5360 2894 5413 immanem
2924 5357 3326 5428 illumjudicetn
3343 5357 3451 5412 fre-

1862 5452 2046 5520 quenti
2078 5452 2339 5521 petitione
2370 5450 2595 5505 inﬂexit.
2628 5450 2683 5505 Si
2709 5459 2929 5519 peccata
2962 5458 3050 5504 tua
3079 5453 3445 5515 accusaveris,

1864 5543 2027 5599 babes
2044 5543 2468 5598 consolatio:..-em
2492 5558 2503 5592 :
2530 5540 2628 5594 Dic
2650 5554 2703 5595 tu
2723 5543 2865 5596 enim
2891 5542 3085 5609 primus
3114 5549 3318 5610 peccata
3337 5550 3444 5605 tua,

1861 5646 1916 5689 ut
1937 5635 2235 5705 juuiﬁceris
2258 5632 2416 5705 (Isai.
2450 5635 2538 5687 ιδ.
2576 5633 2694 5701 26).
2720 5634 2775 5689 Si
2808 5647 2904 5703 pro
2946 5635 3011 5688 iis
3053 5633 3221 5688 tristis
3260 5629 3445 5694 fueris,

1864 5740 1919 5784 et
1958 5728 2059 5783 hoc
2105 5726 2200 5781 tibi
2244 5726 2597 5797 pharmacum
2636 5726 2740 5783 erit
2768 5728 3093 5787 maximum:
3131 5723 3249 5784 Vidi
3284 5722 3443 5789 enim,
