4022 6214
506 355 612 413 195

506 470 700 540 inquit,
732 466 867 533 quod
890 464 1065 519 dolore
1093 460 1307 527 aﬂ‘cctus
1328 460 1413 520 sit,
1443 464 1489 509 et
1516 454 1694 509 abierit
1722 450 1901 514 tristia,
1932 458 1979 500 et
2000 462 2091 499 cu-

507 563 616 616 ravi
633 562 739 614 vias
767 560 878 629 ejus
908 555 1063 626 (Iani.
1090 554 1181 608 57.
1216 553 1302 605 Π.
1349 550 1461 619 18).
1492 548 1561 602 Et
1586 548 1631 600 si
1659 543 1786 613 quid
1820 541 1943 595 mali
1974 554 2094 608 pas-

510 666 624 712 sus.
658 649 868 704 fortiter
897 644 1027 699 illud
1058 642 1271 705 tuleris,
1300 649 1468 693 totum
1497 634 1713 691 exuiSti.
1741 633 1853 687 lloe
1882 643 2099 699 quoque

511 743 654 798 enim
679 738 829 793 diviti
873 737 949 789 illi
992 732 1257 787 Abraham
1297 728 1559 785 dicebat:
1607 724 1824 791 Recepit
1868 721 2101 774 Lazarus

513 834 652 887 mala
680 846 798 894 sua,
832 837 887 882 et
916 826 1000 880 hic
1027 823 1453 879 consolationem
1488 818 1651 871 habet
1687 814 1838 885 (Luc.
1861 811 1952 867 16.
1980 808 2101 878 ‘25).

512 925 568 981 Si
594 923 769 977 vidua:
792 922 1043 973 misertus
1069 917 1251 976 fueris,
1284 912 1572 967 abluuntur
1591 916 1807 979 peccata
1838 914 1925 977 tua
1948 917 2102 956 :nam

512 1016 591 1069 ait
615 1032 629 1066 :
652 1011 895 1065 Judicate
925 1006 1146 1078 pupillo,
1179 1003 1439 1076 defendite
1481 999 1710 1063 viduam,
1744 1008 1791 1050 et
1818 996 1979 1049 uenite
2024 990 2108 1045 di-

514 1114 818 1165 sceptenms,
851 1103 928 1154 ait
959 1099 1248 1162 Dominus;
1300 1105 1346 1149 et
1390 1094 1432 1147 si
1482 1091 1675 1163 fuerint
1706 1097 1915 1159 peccata
1944 1093 2110 1138 uestra

516 1200 646 1253 sicut
667 1199 955 1265 puniceum,
988 1202 1042 1245 ut
1070 1192 1231 1243 nivem
1254 1186 1537 1249 dealbabo;
1565 1194 1613 1237 et
1639 1183 1680 1236 si
1708 1180 1897 1251 fuerint
1924 1186 1975 1228 ut
1995 1191 2113 1227 coc-

519 1291 709 1355 cinum,
740 1298 792 1341 ut
823 1290 997 1340 latium
1035 1281 1279 1336 dealbabo
1325 1276 1477 1349 (Isai.
1528 1278 1578 1330 1.
1630 1275 1719 1328 l7.
1766 1270 1876 1338 18).
1925 1266 2110 1335 Neque

519 1382 664 1435 enim
694 1380 777 1433 vel
802 1375 1111 1431 cicntricem
1138 1373 1424 1425 vulnerum
1452 1367 1583 1420 sinit
1612 1374 1897 1431 apparere.

592 1475 644 1529 5.
692 1470 1009 1525 Paenitentiw
1031 1468 1103 1519 vis
1128 1465 1181 1517 in
1208 1466 1303 1516 hac
1332 1463 1454 1524 vita,
1478 1457 1727 1511 inutilitus
1768 1455 1820 1507 in
1866 1453 2117 1506 altera.—

519 1568 626 1623 Sed
651 1564 862 1620 etiamsi
892 1561 1200 1615 venerimus
1231 1558 1283 1610 in
1316 1553 1441 1607 illud
1474 1547 1790 1621 profundum
1829 1546 2113 1605 malorum,

521 1660 576 1712 in
601 1656 744 1727 quod
776 1654 966 1708 incidit
1001 1653 1046 1705 is
1074 1650 1165 1719 qui
1200 1657 1417 1715 paterna
1452 1644 1587 1697 bona
1621 1639 1802 1693 exedit
1829 1647 1883 1690 et
1911 1634 2117 1703 siliquis

522 1726 861 1812 vescebatur,
893 1755 948 1799 et
980 1741 1351 1814 penitentiam
1402 1738 1695 1806 egerimus,
1729 1731 1950 1785 mnnino
1981 1726 2115 1782 Salvi

524 1837 995 1898 erimuszetiamsi
1026 1834 1211 1889 decem
1247 1830 1409 1885 millia
1454 1828 1652 1880 talenta
1704 1822 2019 1882 debeamus,
2066 1825 2121 1870 et

526 1930 889 2003 procidamus,
941 1925 1369 1992 iniuriarnmque
1412 1915 1727 1970 memoriam
1767 1910 2120 1977 deponamus,

527 1999 708 2075 omnia
754 2019 907 2074 nobis
953 2015 1349 2070 remittuntur:
1389 2007 1599 2063 etiamsi
1645 2003 1753 2057 illic
1780 1999 2124 2056 aberraveri-

530 2129 674 2177 mus,
706 2104 793 2166 ubi
824 2111 939 2165 ovis
966 2109 1033 2162 ab
1062 2106 1191 2161 ovili
1222 2101 1513 2160 aberravit,
1550 2098 1674 2151 inde
1706 2096 1796 2149 ille
1837 2107 1934 2146 nos
1963 2089 2123 2147 redu-

533 2209 629 2272 cit,
656 2206 700 2259 si
723 2204 882 2258 modo
910 2201 1157 2263 velimus,
1183 2196 1361 2251 dilecti
1385 2212 1397 2247 :
1419 2192 1681 2260 benignus
1702 2188 1843 2241 enim
1865 2192 1949 2238 est
1964 2183 2123 2235 Deus.

537 2299 667 2354 Ideo
715 2296 882 2349 etiam
937 2292 1068 2346 satis
1108 2290 1184 2343 illi
1222 2288 1337 2349 fuit,
1386 2284 1527 2355 quod
1559 2283 1603 2334 is
1632 2280 1722 2350 qui
1753 2279 1938 2332 decem
1965 2276 2125 2360 millia

539 2390 739 2444 talenta
768 2384 1020 2447 debebat,
1075 2390 1200 2433 ante
1230 2394 1290 2432 se
1340 2373 1733 2445 procumberet,
1768 2381 1822 2425 et
1850 2366 1993 2438 quod
2040 2356 2128 2433 q'ui

541 2489 763 2551 paterna
782 2477 921 2530 bona
939 2474 1328 2540 absumpserat,
1349 2467 1518 2521 solntu
1539 2470 1976 2522 reverteretur,et
1990 2456 2131 2527 quod

543 2550 733 2626 errans
757 2568 873 2622 ovis
903 2567 1102 2635 portari
1136 2563 1313 2617 vellet.
1346 2560 1659 2629 Cogi'ames
1687 2557 1847 2625 igitur
1886 2550 2133 2620 benigni-

547 2662 673 2716 tatis
700 2659 816 2728 ejns
845 2654 1290 2725 magnitudinem,
1326 2653 1410 2705 hic
1460 2650 1610 2702 illum
1645 2647 1798 2699 nobis
1845 2644 2133 2712 propitium

546 2751 857 2815 reddamus,
892 2756 946 2802 et
976 2755 1411 2814 praeoccupemus
1443 2738 1629 2793 faciem
1672 2736 1790 2805 ejus
1837 2735 1887 2787 iu
1925 2731 2137 2787 confes-

550 2845 725 2909 sione,
745 2851 803 2895 ut
828 2854 894 2894 ne
919 2837 1043 2891 hinc
1062 2836 1322 2890 abeuntes
1344 2833 1461 2887 sine
1479 2828 1814 2893 defensione,
1838 2836 2137 2880 extremum

552 2935 845 2992 subeamus
868 2929 1219 2998 supplicium.
1249 2925 1306 2979 Si
1337 2924 1479 2977 enim
1511 2924 1562 2975 in
1593 2918 1847 2991 praesenti
1877 2921 1983 2970 vita
2012 2931 2143 2985 qua-

554 3022 1270 3119 lemcumqueadhibeamus
1309 3016 1667 3085 diligentiam,
1702 3012 1934 3066 maxima
1962 3012 2141 3064 lucra-

555 3123 763 3178 bimur:
790 3120 833 3173 si
862 3128 1042 3171 autem
1071 3128 1177 3166 non
1208 3105 1462 3165 meliores
1491 3107 1668 3162 eﬂ‘ecti
1697 3105 2141 3166 abscesserimns,

557 3215 769 3271 etiamsi
824 3210 930 3264 illic
973 3205 1276 3262 vehementi
1324 3200 1636 3272 paenitentia
1681 3199 1960 3261 ducamur,
2015 3195 2148 3249 nihil

560 3306 717 3362 nobis
744 3303 999 3374 proderit.
1028 3298 1327 3369 Oportebat
1365 3296 1511 3351 enim
1545 3295 1681 3348 intra
1728 3302 1879 3360 septa
1928 3305 2151 3344 manen—

561 3409 673 3454 tem
716 3398 1011 3457 decertare,
1061 3408 1166 3445 non
1212 3400 1389 3445 autem
1440 3397 1723 3459 postquam
1774 3385 2005 3439 solutum
2054 3384 2149 3437 fuit

565 3491 833 3544 theatrum
882 3482 1166 3539 lamentari
1206 3490 1260 3535 et
1286 3480 1416 3534 ﬂere
1461 3476 1759 3542 inutiliter,
1787 3483 1844 3528 ut
1867 3475 2018 3528 dives
2064 3472 2153 3527 ille

564 3579 813 3641 faciebat,
845 3577 1148 3630 lamentans
1176 3580 1231 3625 et
1260 3570 1491 3637 ejulans,
1520 3568 1612 3622 sed
1632 3567 1743 3637 jam
1768 3564 1963 3620 frustra
1991 3574 2044 3618 et
2070 3564 2152 3617 iu-

564 3684 801 3732 cassum,
831 3666 955 3735 quia
988 3673 1200 3731 tempus
1242 3659 1371 3713 illud
1402 3656 1746 3727 despexerat,
1786 3671 1891 3723 quo
1936 3653 2049 3706 lucc
2076 3651 2154 3705 fa-

566 3774 692 3815 cere
723 3757 979 3827 oportuit.
1013 3753 1128 3808 Non
1173 3751 1263 3804 ille
1310 3757 1486 3803 autem
1537 3747 1704 3808 solus,
1752 3745 1845 3800 sed
1879 3744 2029 3798 multi
2066 3744 2156 3797 alii

564 3851 675 3922 jam
699 3857 825 3904 sunt
844 3847 1037 3901 divites
1066 3843 1167 3913 ipsi
1198 3841 1427 3902 similes,
1447 3840 1535 3909 qui
1560 3837 1813 3907 pecunias
1829 3836 2043 3905 quidem
2063 3835 2159 3890 de-

568 3943 778 4011 spicere
801 3937 1013 4001 nolunt,
1036 3934 1129 3989 sed
1162 3934 1281 3987 loco
1311 3932 1657 3999 pecuniarum
1701 3929 1933 3981 animam
1971 3926 2157 3996 despi-

570 4034 753 4087 ciunt:
786 4027 927 4098 quod
961 4026 1146 4081 mirari
1188 4024 1332 4077 subit
1372 4022 1524 4086 mihi,
1557 4035 1677 4075 cum
1719 4019 1875 4073 video
1913 4018 2032 4071 illos
2066 4018 2157 4072 Dei

572 4120 995 4178 misericordiam
1025 4126 1326 4185 precantes,
1358 4124 1412 4167 et
1442 4112 1515 4165 ita
1541 4110 1761 4165 aﬂ'cctos
1790 4125 1921 4180 erga
1953 4112 2158 4177 seipsos

571 4223 631 4269 ut
653 4210 979 4267 incurabiles
1009 4209 1136 4269 sint,
1166 4206 1468 4273 animmque
1494 4218 1605 4256 sure
1633 4213 1905 4272 tamquam
1930 4202 2159 4255 inimica:

574 4322 682 4360 non
708 4311 1012 4373 parcentes.
1047 4298 1122 4352 Ne
1150 4298 1421 4359 ludamus,
1472 4312 1504 4348 ο
1547 4295 1753 4357 dilecti,
1794 4308 1865 4347 ne
1891 4292 2157 4359 ludamus,

574 4408 750 4465 neque
777 4407 873 4445 nos
904 4392 1049 4460 ipsos
1080 4388 1462 4455 despiciemus,
1486 4385 1613 4437 dum
1646 4399 1898 4453 rogamus
1918 4384 2088 4439 Deum
2106 4394 2162 4439 ut

574 4486 748 4544 nastri
776 4484 1111 4544 misereatur,
1135 4489 1189 4534 et
1216 4476 1602 4532 misericordia:
1628 4477 1745 4545 ejus
1772 4478 2043 4545 pecunias,
2065 4478 2161 4534 de-

573 4580 726 4637 licias
743 4577 996 4632 etomnia
1012 4572 1410 4641 anteponimus.
1440 4568 1624 4637 Neque
1651 4568 1817 4627 enim.
1847 4570 1890 4621 si
1920 4570 2039 4638 quis
2068 4571 2163 4625 tibi

575 4675 751 4730 dicam
781 4670 1020 4730 offerret,
1050 4676 1104 4721 et
1130 4664 1435 4735 quempiam
1464 4676 1724 4717 accusans
1751 4660 1979 4725 diceret,
2012 4662 2159 4716 illum

573 4763 724 4820 mille
753 4770 955 4814 mortes
981 4756 1306 4818 subiturum,
1337 4768 1458 4807 cum
1503 4762 1686 4821 posset
1726 4752 1937 4807 modica
1996 4768 2163 4823 pecu-

585 4858 672 4911 nia
721 4867 845 4908 sese
892 4850 1181 4910 redimere,
1233 4846 1395 4900 malle
1447 4848 1586 4900 mori
1640 4860 1801 4916 quam
1843 4844 2045 4914 aliquid
2098 4860 2162 4899 ex

574 4947 687 5003 suis
744 4955 1065 5003 numerare;
1118 4936 1491 4992 misericordia
1535 4948 1628 4992 aut
1666 4937 1823 4992 venia
1869 4938 2016 4991 illum
2044 4953 2166 4993 esse

574 5038 792 5104 dignum
822 5032 1050 5086 diceres.
1083 5027 1195 5081 Hoc
1230 5041 1360 5095 ergo
1396 5036 1449 5081 et
1477 5026 1543 5081 de
1572 5026 1745 5099 teipse
1773 5038 1962 5097 repnla
1993 5045 2007 5081 :
2039 5045 2163 5083 nam

576 5142 678 5183 nos
705 5140 916 5195 quoque
942 5123 1041 5176 hoc
1070 5119 1314 5184 facimus,
1344 5128 1400 5174 ct
1440 5119 1668 5176 salutem
1715 5128 1953 5175 nostram
1982 5120 2163 5191 despi.

576 5224 804 5281 cientes,
835 5215 1074 5286 pecuniis
1102 5214 1391 5282 parcimus.
1411 5210 1689 5278 Quomodo
1706 5228 1836 5281 ergo
1857 5213 2022 5266 Deum
2045 5227 2164 5281 pre-

576 5311 718 5367 caris
744 5319 803 5363 ut
826 5308 919 5362 tibi
948 5316 1151 5376 parcat,
1181 5320 1302 5359 cum
1333 5314 1386 5358 tu
1416 5307 1529 5371 ipse
1574 5304 1665 5357 tibi
1711 5321 1816 5357 non
1857 5319 2067 5373 parcas,
2111 5314 2167 5359 et

575 5402 773 5458 anima:
801 5400 1053 5469 pecunias
1095 5397 1387 5466 praeferas?
1428 5395 1686 5460 Quocirca
1730 5395 2020 5450 admodum
2064 5395 2167 5449 ob-

575 5501 830 5564 stupesco
856 5491 1119 5561 cogitans,
1147 5499 1364 5560 quantae
1393 5490 1446 5542 in
1486 5490 1728 5557 pecuniis
1770 5488 1973 5541 lateant
2020 5502 2163 5556 pra:-

577 5586 783 5652 stigize;
811 5583 920 5637 imo
948 5596 1053 5636 non
1093 5581 1146 5635 in
1177 5581 1441 5650 pecuniis,
1473 5579 1567 5634 sed
1598 5580 1648 5632 in
1676 5594 1862 5633 eorum
1891 5579 1980 5649 qui
2009 5578 2161 5632 deci-

580 5676 801 5747 piuntur
825 5673 1041 5729 animis.
1070 5672 1209 5727 Sunt
1236 5672 1400 5736 enim,
1431 5680 1557 5725 sunt
1582 5671 1783 5739 utique,
1816 5670 1908 5741 qui
1938 5670 2162 5723 multum

576 5762 745 5821 hasce
798 5766 1095 5836 prastigias
1135 5762 1379 5819 irrident.
1427 5762 1566 5831 Quid
1610 5763 1753 5819 enim
1799 5760 1853 5816 in
1894 5760 2001 5816 illis
2044 5769 2151 5828 est,

1213 344 1269 400 S.
1311 339 1590 399 JOANNIS
1626 332 2092 395 CllRYSOSTOMI
2135 329 2453 385 AllClllEl’.
2496 327 3028 383 CONSTANTINOP.

3692 330 3792 383 196

2205 443 2350 512 quod
2407 456 2505 497 nos
2554 442 2822 495 fascinare
2875 441 3092 508 possit?
3146 456 3321 496 nonne
3365 441 3657 495 inanimata
3714 451 3796 495 est

2205 538 2451 602 materia,
2506 548 2682 589 nonne
2723 532 2898 587 ﬂuxa?
2953 548 3131 586 nonne
3184 533 3345 587 inﬁda
3398 541 3485 588 est
3520 532 3638 601 ejus
3667 544 3794 600 pos-

2204 628 2412 686 sessio?
2437 643 2615 682 amton
2644 626 2927 680 timoribus
2957 625 3111 693 plena
3129 634 3213 677 est
3228 634 3280 677 et
3306 623 3597 693 periculis?
3615 637 3799 676 aimon

2207 721 2448 776 caedibus
2468 729 2527 775 et
2554 716 2797 773 insidiis?
2822 731 3003 770 annon
3033 714 3313 769 inimicitia
3340 723 3396 769 et
3421 713 3547 769 odio
3564 713 3591 766 2
3619 728 3801 767 annon

2208 810 2454 867 socordia
2480 820 2533 863 et
2560 808 2796 878 nequitia
2825 806 3025 860 multa?
3053 790 3232 859 annon
3263 814 3405 858 terra
3433 814 3518 859 est
3542 811 3600 858 et
3626 801 3804 858 cinis?

2209 916 2331 970 qua:
2360 898 2601 953 insania?
2628 900 2749 968 quis
2785 897 3049 951 morbus?
3089 899 3161 950 At
3200 911 3308 950 non
3349 894 3637 949 accusandi
3680 902 3808 947 sunt

2212 1001 2441 1054 tantum,
2472 990 2705 1058 inquies,
2752 990 2853 1043 hoc
2894 989 3082 1042 morbo
3124 987 3457 1050 laborantes,
3501 984 3599 1039 sed
3640 985 3806 1039 etiam

2214 1082 2504 1137 solvendus
2529 1090 2614 1135 est
2638 1096 2812 1133 amor.
2865 1080 2934 1133 Et
2981 1095 3088 1148 quo
3139 1080 3247 1133 alio
3298 1076 3459 1133 modo
3509 1077 3807 1137 solvemus,

2214 1190 2373 1243 quam
2397 1173 2743 1228 ostendentes
2761 1187 2875 1225 rem
2904 1186 3025 1225 esse
3051 1171 3248 1225 malam
3273 1170 3681 1238 innumerisque
3697 1168 3811 1237 plc-

2217 1280 2341 1317 nam
2368 1256 2559 1329 malis?
2603 1265 2672 1317 At
2713 1277 2819 1317 non
2850 1263 3004 1316 facile
3031 1272 3115 1315 est
3143 1261 3194 1315 id
3223 1262 3425 1314 amanti
3454 1259 3808 1330 persuadere.

2219 1355 2400 1423 Itaque
2424 1354 2526 1407 alia
2556 1352 2657 1422 ipsi
2686 1351 3031 1422 pulchritudo
3069 1350 3390 1419 opponenda
3419 1359 3523 1403 est.
3552 1350 3661 1405 Sed
3688 1364 3810 1403 cum

2219 1455 2464 1511 mgrotet,
2486 1445 2857 1512 iueorpoream
2882 1459 2989 1497 non
3006 1442 3154 1496 videt
3178 1440 3633 1510 pulchritudinem
3656 1459 3669 1492 :
3689 1455 3812 1495 cor-

2222 1551 2438 1606 poream
2467 1550 2596 1604 ergo
2625 1535 2700 1589 illi
2728 1534 3098 1599 ostendamus,
3128 1542 3182 1587 et
3206 1533 3450 1587 dicamus
3482 1533 3592 1586 illi:
3626 1532 3815 1602 Cogita

2222 1637 2396 1699 prata,
2425 1636 2482 1683 et
2507 1628 2668 1681 ﬂores
2694 1627 2783 1696 qui
2814 1627 2864 1679 in
2895 1626 2999 1679 illis
3025 1633 3169 1690 sunt,
3199 1627 3389 1693 quovis
3415 1640 3547 1678 auro
3590 1626 3813 1693 elegan-

2223 1720 2412 1783 tiores,
2441 1727 2496 1771 et
2522 1718 2799 1787 quibusvis
2827 1716 3022 1785 lapillis
3073 1724 3128 1769 et
3174 1717 3403 1784 gemmis
3451 1717 3720 1785 gratiores
3764 1724 3822 1768 et

2226 1808 2637 1879 pellucidiorcs:
2669 1809 2852 1878 cogita
2882 1808 3101 1876 limpida
3131 1806 3360 1861 fontium
3385 1808 3605 1873 ﬂuenta,
3626 1808 3821 1862 ﬂuvios

2226 1902 2316 1971 qui
2347 1902 2517 1954 instar
2542 1899 2647 1954 olei
2674 1900 2791 1953 sine
2818 1902 3045 1968 strepitu
3073 1914 3104 1953 e
3133 1909 3276 1953 terra
3306 1898 3573 1968 proﬂuunt
3593 1919 3607 1953 ;
3627 1916 3824 1954 ascen-

2228 1990 2295 2045 de
2322 1991 2374 2043 in
2406 1990 2597 2045 caelum
2624 1998 2679 2044 et
2708 1989 2830 2044 vide
2859 1989 2993 2044 solis
3031 1988 3516 2059 pulchritudinem,
3550 1991 3694 2043 luna:
3724 1990 3822 2044 de-

2230 2097 2437 2149 corem,
2481 2081 2757 2136 stellarum
2804 2080 2985 2135 ﬂores.
3030 2080 3099 2135 Et
3127 2080 3253 2150 quid
3282 2080 3405 2147 hoc,
3438 2082 3683 2151 inquies?
3716 2095 3825 2134 non

2231 2175 2378 2230 enim
2412 2175 2519 2229 illis
2541 2174 2743 2228 utimur
2765 2183 2822 2227 ut
2849 2174 3112 2242 pecuniis.
3143 2174 3301 2244 Atqui
3332 2174 3503 2242 magis
3529 2187 3693 2243 quam
3729 2187 3827 2240 pe-

2233 2267 2429 2331 cuniis,
2469 2274 2737 2336 quatenus
2764 2279 2957 2319 eorum
2993 2280 3122 2318 usus
3152 2274 3236 2318 est
3267 2265 3433 2332 magis
3464 2263 3826 2320 necessarius.

2240 2368 2294 2413 et
2323 2358 2390 2411 iis
2417 2357 2646 2410 fruimur
2675 2356 2939 2409 securius.
2971 2353 3160 2423 Neque
3206 2356 3349 2407 enim
3399 2355 3576 2416 times,
3611 2355 3833 2423 nequis

2237 2452 2325 2504 illa
2352 2459 2409 2502 ut
2438 2448 2695 2517 pecunias
2724 2446 2973 2499 auferens
2999 2445 3269 2510 discedat;
3319 2444 3411 2499 sed
3462 2444 3584 2498 licet
3628 2444 3724 2499 tibi
3761 2443 3836 2498 de

2239 2543 2304 2595 iis
2330 2547 2588 2608 perpetuo
2616 2536 2915 2603 conlidere,
2948 2545 3111 2604 atque
3140 2536 3257 2590 sine
3282 2536 3389 2589 ulla
3412 2550 3540 2589 cura
3564 2536 3648 2589 vel
3676 2537 3835 2590 solli-

2241 2630 2498 2684 citudine.
2523 2628 2576 2683 Si
2600 2636 2781 2683 autem
2809 2627 2929 2683 ideo
2958 2627 3129 2692 doles,
3154 2627 3297 2696 quod
3328 2642 3451 2681 cum
3482 2628 3603 2681 aliis
3630 2626 3833 2680 fruaris

2243 2722 2372 2786 illis,
2401 2730 2457 2775 et
2486 2718 2631 2787 quod
2659 2733 2764 2771 non
2796 2718 2946 2771 solus
2984 2718 3071 2771 illa
3114 2717 3408 2785 possideas,
3454 2725 3512 2771 ut
3538 2718 3833 2786 pecunias;

2244 2828 2351 2866 non
2372 2810 2655 2880 pecunias,
2687 2808 2779 2863 sed
2812 2809 3087 2860 avaritiam
3115 2808 3285 2861 solam
3316 2808 3443 2862 mihi
3470 2823 3653 2862 amare
3682 2807 3839 2862 vide-

2247 2904 2367 2955 ris:
2417 2915 2517 2953 nec
2566 2898 2823 2969 pecunias
2863 2912 3096 2961 amares,
3138 2897 3182 2950 si
3224 2912 3540 2951 connuunes
3584 2898 3841 2951 omnibus

2249 2998 2575 3065 prostarent.
2606 2989 2737 3044 Cum
2762 2988 2922 3057 igitur
2947 2987 3193 3041 dilectam
3225 2987 3610 3052 invenerimus,
3644 3002 3844 3055 nempe

2250 3087 2564 3149 avaritiam;
2593 3098 2713 3153 age,
2749 3081 3026 3136 ostendam
3060 3081 3175 3145 tibi,
3204 3080 3477 3149 quomodo
3506 3080 3593 3133 illa
3626 3090 3676 3134 te
3717 3080 3844 3133 odia

2254 3178 2449 3231 habeat
2492 3186 2545 3229 ct
2591 3184 2906 3230 aversetur:
2942 3184 3071 3243 quot
3100 3184 3285 3227 contra
3319 3182 3372 3227 te
3410 3172 3618 3242 gladios
3659 3181 3843 3235 acuat,

2254 3284 2414 3339 quam
2440 3268 2609 3321 multa
2642 3266 2811 3321 fodiat
2842 3266 3114 3331 barathra,
3145 3281 3306 3333 quam
3335 3267 3530 3319 multos
3559 3266 3746 3321 tendat
3769 3266 3848 3318 la-

2254 3377 2445 3433 queos,
2475 3369 2672 3430 quanta
2701 3368 2925 3429 apparet
2952 3359 3280 3429 prrccipitia;
3307 3368 3363 3412 ut
3389 3360 3465 3413 sic
3491 3374 3847 3413 amorem-ex-

2257 3456 2517 3524 stinguas.
2560 3452 2843 3508 Uudenam
2886 3452 3001 3506 hmo
3033 3452 3161 3506 sciri
3202 3456 3460 3521 possunt?
3501 3454 3579 3507 Ex
3627 3455 3750 3520 viis,
3780 3470 3848 3508 ex

2256 3548 2436 3612 bellis,
2482 3561 2548 3601 ex
2590 3546 2748 3610 mari,
2778 3559 2845 3599 ex
2875 3544 3255 3599 tribunalibus.
3299 3544 3431 3599 Nam
3463 3562 3613 3602 mare
3658 3548 3853 3617 implet

2258 3639 2541 3710 sanguine,
2566 3648 2620 3691 et
2645 3636 2878 3705 iudicum
2904 3651 3050 3706 saepe
3071 3646 3317 3691 cruentat
3338 3636 3565 3707 gladios,
3599 3656 3745 3709 saepe
3770 3643 3855 3694 in-

2254 3730 2423 3801 juste,
2456 3743 2656 3797 eosque
2681 3728 2771 3795 qui
2801 3735 2961 3781 noctu
2986 3737 3038 3781 et
3068 3727 3297 3781 interdiu
3321 3728 3375 3782 in
3403 3729 3503 3783 viis
3529 3729 3855 3786 insidiantur

2262 3825 2376 3892 ipsa
2415 3829 2611 3887 armat,
2640 3829 2697 3874 et
2722 3818 2915 3877 suadet
2959 3820 3209 3889 ignorare
3237 3828 3483 3875 naturam
3508 3843 3521 3878 :
3553 3825 3855 3892 parricidas

2263 3914 2391 3969 facit
2418 3926 2472 3968 et
2502 3911 2834 3975 matricidas,
2887 3918 2946 3966 et
2972 3910 3150 3965 omnia
3198 3910 3338 3965 mala
3370 3912 3425 3965 in
3473 3914 3635 3967 vitam
3668 3914 3851 3971 infert.

2333 4006 2387 4059 6.
2443 4003 2674 4072 Ideoque
2719 4003 2917 4057 Paulus
2941 4011 3099 4057 vocat
3127 4002 3272 4056 illam
3298 4003 3561 4058 malorum
3594 4006 3852 4063 radicem.

2264 4095 2383 4166 lpsa
2410 4105 2681 4149 amatores
2707 4109 2834 4149 suos
2861 4109 2969 4148 non
3002 4093 3226 4148 meliore
3245 4094 3553 4151 conditione
3576 4096 3763 4165 jacere
3782 4100 3860 4152 si-

2267 4190 2365 4254 nit,
2406 4204 2567 4258 quam
2588 4204 2684 4244 eos
2706 4191 2795 4258 qui
2818 4189 3033 4244 metalla
3058 4198 3367 4258 operantur.
3390 4191 3856 4257 Quemadmodum

2265 4286 2406 4340 enim
2431 4283 2505 4336 illi
2529 4291 2788 4351 perpetuo
2815 4282 2867 4335 in
2897 4282 3130 4336 tenebris
3154 4281 3390 4337 conclusi
3418 4293 3472 4338 et
3498 4285 3657 4338 vincti
3698 4286 3861 4340 inuti-

2266 4377 2389 4430 liter
2407 4376 2650 4429 laborant
2676 4394 2688 4427 :
2712 4374 2788 4426 sic
2809 4383 2861 4427 et
2882 4373 2967 4426 isti
2990 4374 3042 4426 in
3065 4373 3336 4442 speluncis
3361 4375 3601 4428 avaritia:
3630 4375 3855 4441 defossi,

2268 4468 2483 4521 nemine
2512 4465 2886 4519 necessitatem
2937 4462 3222 4531 inferente,
3256 4480 3350 4518 sua
3378 4475 3569 4535 sponte
3598 4467 3700 4521 sibi
3732 4483 3861 4538 sup-

2269 4559 2486 4626 pliciqu
2509 4554 2804 4619 attrahunt,
2820 4568 2880 4608 se
2901 4554 3275 4609 insolubilibus
3293 4556 3723 4623 circumligantes
3745 4561 3861 4612 vin-

2269 4648 2425 4702 culis.
2454 4647 2524 4701 Et
2546 4646 2613 4700 ad
2642 4646 2853 4701 metalla
2881 4646 3114 4699 danmati
3142 4646 3380 4714 quidem,
3411 4659 3634 4711 vestiere
3665 4649 3857 4703 saltem

2270 4739 2588 4792 adveniente
2633 4755 2664 4791 a
2710 4738 2981 4791 laboribus
3028 4738 3343 4800 solvuntur;
3397 4734 3451 4788 hi
3497 4751 3627 4790 vero
3670 4750 3727 4793 et
3773 4741 3861 4795 die

2271 4841 2325 4885 et
2366 4838 2523 4883 nocte
2560 4828 2801 4895 improba
2847 4829 2962 4883 haec
3009 4828 3221 4883 metalla
3270 4824 3551 4882 defodiunt
3591 4847 3604 4882 :
3652 4841 3708 4885 et
3753 4832 3858 4887 illis

2271 4922 2486 4993 quidem
2509 4921 2701 4975 modus
2732 4930 2815 4975 est
2842 4922 3165 4975 constitutus
3187 4918 3469 4975 laboriosa:
3496 4922 3637 4977 illius
3668 4939 3860 4992 opera-

2274 5016 2469 5080 tionis;
2501 5013 2555 5068 hi
2588 5030 2716 5069 vero
2740 5015 2945 5068 nullum
2993 5010 3208 5065 modum
3241 5022 3457 5082 norunt,
3486 5016 3580 5069 sed
3608 5032 3717 5084 quo
3750 5034 3860 5070 ma-

2271 5114 2351 5180 gis
2378 5108 2624 5173 foderint,
2646 5122 2711 5163 eo
2732 5108 2991 5176 majorem
3012 5114 3263 5174 appetunt
3283 5106 3571 5163 miseriam.
3596 5107 3652 5163 Si
3676 5121 3856 5165 autem

2272 5204 2351 5259 illi
2387 5202 2601 5274 quidem
2649 5200 2817 5264 inviti,
2854 5198 2909 5252 hi
2948 5212 3077 5253 vero
3125 5210 3315 5269 sponte
3361 5217 3477 5265 sna,
3508 5200 3681 5256 morbi
3727 5205 3857 5258 mihi

2272 5298 2406 5354 dicis
2430 5301 2769 5370 gravitatem,
2794 5293 2936 5363 quod
2958 5309 3151 5365 nempe
3176 5296 3390 5351 liberari
3418 5311 3525 5350 non
3556 5297 3782 5365 possint,
3816 5301 3859 5353 si

2272 5390 2485 5460 quidem
2518 5390 2712 5445 malam
2744 5404 2894 5441 suam
2925 5395 3127 5443 sortem
3155 5403 3261 5443 non
3288 5390 3534 5443 oderunt.
3568 5388 3676 5442 Sed
3704 5392 3859 5461 quasi

2274 5498 2365 5538 sus
2390 5485 2443 5538 in
2473 5485 2603 5549 luto,
2637 5482 2715 5536 sic
2738 5479 2812 5535 illi
2840 5482 2893 5534 in
2922 5481 3162 5537 avaritia:
3189 5480 3473 5538 fetoribus
3497 5480 3716 5537 volutati
3758 5485 3858 5539 sibi

2273 5575 2486 5645 placent
2508 5617 2522 5638 ,
2550 5572 2794 5646 graviora
2824 5573 3089 5642 patientes
3128 5588 3287 5643 quam
3332 5571 3569 5625 damnati
3602 5572 3695 5627 illi.
3725 5574 3858 5629 Nam

2273 5666 2414 5736 quod
2449 5667 2631 5738 pejore
2656 5664 2962 5720 conditione
3004 5666 3115 5720 sint
3134 5707 3149 5731 ,
3178 5665 3301 5717 audi
3328 5677 3449 5733 quae
3474 5662 3540 5718 ad
3570 5665 3693 5719 illos
3732 5682 3859 5735 spe-

2277 5767 2442 5825 ctant,
2479 5767 2534 5813 et
2562 5764 2690 5819 tunc
2723 5757 2909 5814 audies
2946 5772 3067 5827 quae
3095 5756 3168 5812 ad
3202 5756 3302 5810 hos
3340 5756 3627 5824 pertinent.
3659 5758 3862 5813 Dicitur
