  <div class='ocr_page' id='page_1' title='image "/cluster/home/n/w/nwhite01/storage/ocr_20150623/61/nnc1.0022379681/204.png"; bbox 0 0 4004 6208; ppageno 0'>
   <div class='ocr_carea' id='block_1_1' title="bbox 244 318 349 376">
    <p class='ocr_par' dir='ltr' id='par_1_1' title="bbox 244 318 349 376">
     <span class='ocr_line' id='line_1_1' title="bbox 244 318 349 376; baseline -0.01 0"><span class='ocrx_word' id='word_1_1' title='bbox 244 318 349 376; x_wconf 65' lang='grc'>195</span> 
     </span>
    </p>
   </div>
   <div class='ocr_carea' id='block_1_2' title="bbox 238 437 1836 505">
    <p class='ocr_par' dir='ltr' id='par_1_2' title="bbox 238 437 1836 505">
     <span class='ocr_line' id='line_1_2' title="bbox 238 437 1836 505; baseline -0.013 -7"><span class='ocrx_word' id='word_1_2' title='bbox 238 438 421 502; x_wconf 77' lang='grc' dir='ltr'>ὀδοὺς</span> <span class='ocrx_word' id='word_1_3' title='bbox 442 438 649 493; x_wconf 79' lang='grc' dir='ltr'>αὐτοῦ.</span> <span class='ocrx_word' id='word_1_4' title='bbox 685 438 802 492; x_wconf 79' lang='grc' dir='ltr'>Κᾶν</span> <span class='ocrx_word' id='word_1_5' title='bbox 843 440 1013 492; x_wconf 86' lang='grc' dir='ltr'>κακόν</span> <span class='ocrx_word' id='word_1_6' title='bbox 1060 455 1110 490; x_wconf 90' lang='grc' dir='ltr'>τι</span> <span class='ocrx_word' id='word_1_7' title='bbox 1135 438 1343 501; x_wconf 85' lang='grc' dir='ltr'>παθὼν,</span> <span class='ocrx_word' id='word_1_8' title='bbox 1386 438 1653 505; x_wconf 90' lang='grc' dir='ltr'>γενναίως</span> <span class='ocrx_word' id='word_1_9' title='bbox 1680 437 1836 503; x_wconf 76' lang='grc' dir='ltr'>ἐνέγ-</span> 
     </span>
    </p>
   </div>
   <div class='ocr_carea' id='block_1_3' title="bbox 236 519 1834 592">
    <p class='ocr_par' dir='ltr' id='par_1_3' title="bbox 236 519 1834 592">
     <span class='ocr_line' id='line_1_3' title="bbox 236 519 1834 592; baseline -0.003 -17"><span class='ocrx_word' id='word_1_10' title='bbox 236 539 366 592; x_wconf 73' lang='grc' dir='ltr'>κῃς,</span> <span class='ocrx_word' id='word_1_11' title='bbox 395 520 456 574; x_wconf 85' lang='grc' dir='ltr'>τὺ</span> <span class='ocrx_word' id='word_1_12' title='bbox 492 524 599 576; x_wconf 80' lang='grc' dir='ltr'>πᾶν</span> <span class='ocrx_word' id='word_1_13' title='bbox 621 522 895 574; x_wconf 89' lang='grc' dir='ltr'>ἀπεδύσω.</span> <span class='ocrx_word' id='word_1_14' title='bbox 935 521 1107 575; x_wconf 88' lang='grc' dir='ltr'>Τοῦτο</span> <span class='ocrx_word' id='word_1_15' title='bbox 1136 521 1246 591; x_wconf 84' lang='grc' dir='ltr'>γάρ</span> <span class='ocrx_word' id='word_1_16' title='bbox 1272 521 1368 573; x_wconf 72' lang='grc' dir='ltr'>καὶ</span> <span class='ocrx_word' id='word_1_17' title='bbox 1386 521 1523 587; x_wconf 66' lang='grc' dir='ltr'>πρὸς</span> <span class='ocrx_word' id='word_1_18' title='bbox 1551 521 1644 572; x_wconf 74' lang='grc' dir='ltr'>τὸν</span> <span class='ocrx_word' id='word_1_19' title='bbox 1671 519 1834 572; x_wconf 76' lang='grc' dir='ltr'>πλούο</span> 
     </span>
    </p>
   </div>
   <div class='ocr_carea' id='block_1_4' title="bbox 236 602 1841 674">
    <p class='ocr_par' dir='ltr' id='par_1_4' title="bbox 236 602 1841 674">
     <span class='ocr_line' id='line_1_4' title="bbox 236 602 1841 674; baseline 0 -19"><span class='ocrx_word' id='word_1_20' title='bbox 236 620 354 655; x_wconf 90' lang='grc' dir='ltr'>σιον</span> <span class='ocrx_word' id='word_1_21' title='bbox 393 606 422 656; x_wconf 93' lang='grc' dir='ltr'>ὁ</span> <span class='ocrx_word' id='word_1_22' title='bbox 476 603 728 674; x_wconf 76' lang='grc' dir='ltr'>Ἀϐραὰμ</span> <span class='ocrx_word' id='word_1_23' title='bbox 765 604 973 671; x_wconf 77' lang='grc' dir='ltr'>ἔλεγεν,</span> <span class='ocrx_word' id='word_1_24' title='bbox 1018 604 1100 656; x_wconf 87' lang='grc' dir='ltr'>ὃτι</span> <span class='ocrx_word' id='word_1_25' title='bbox 1162 603 1427 655; x_wconf 79' lang='grc' dir='ltr'>Ἀπέλαϐε</span> <span class='ocrx_word' id='word_1_26' title='bbox 1472 602 1722 672; x_wconf 79' lang='grc' dir='ltr'>Λάζαρος</span> <span class='ocrx_word' id='word_1_27' title='bbox 1773 602 1841 655; x_wconf 73' lang='grc' dir='ltr'>τὰ</span> 
     </span>
    </p>
   </div>
   <div class='ocr_carea' id='block_1_5' title="bbox 234 684 1838 756">
    <p class='ocr_par' dir='ltr' id='par_1_5' title="bbox 234 684 1838 756">
     <span class='ocr_line' id='line_1_5' title="bbox 234 684 1838 756; baseline 0.001 -20"><span class='ocrx_word' id='word_1_28' title='bbox 234 684 389 737; x_wconf 80' lang='grc' dir='ltr'>κακά</span> <span class='ocrx_word' id='word_1_29' title='bbox 420 686 719 748; x_wconf 79' lang='grc' dir='ltr'>αὑτοῦ,καὶ</span> <span class='ocrx_word' id='word_1_30' title='bbox 746 686 978 739; x_wconf 85' lang='grc' dir='ltr'>ἐνταῦθα</span> <span class='ocrx_word' id='word_1_31' title='bbox 1020 686 1446 756; x_wconf 83' lang='grc' dir='ltr'>παρακαλεῖται.</span> <span class='ocrx_word' id='word_1_32' title='bbox 1490 686 1608 738; x_wconf 80' lang='grc' dir='ltr'>Κᾶν</span> <span class='ocrx_word' id='word_1_33' title='bbox 1661 686 1838 755; x_wconf 89' lang='grc' dir='ltr'>χὴραν</span> 
     </span>
    </p>
   </div>
   <div class='ocr_carea' id='block_1_6' title="bbox 232 768 1834 840">
    <p class='ocr_par' dir='ltr' id='par_1_6' title="bbox 232 768 1834 840">
     <span class='ocr_line' id='line_1_6' title="bbox 232 768 1834 840; baseline 0.001 -20"><span class='ocrx_word' id='word_1_34' title='bbox 232 768 491 840; x_wconf 80' lang='grc' dir='ltr'>ἐλεὴσῃς,</span> <span class='ocrx_word' id='word_1_35' title='bbox 525 770 779 823; x_wconf 81' lang='grc' dir='ltr'>πλύνεται</span> <span class='ocrx_word' id='word_1_36' title='bbox 799 787 893 822; x_wconf 91' lang='grc' dir='ltr'>σου</span> <span class='ocrx_word' id='word_1_37' title='bbox 925 769 993 822; x_wconf 87' lang='grc' dir='ltr'>τὰ</span> <span class='ocrx_word' id='word_1_38' title='bbox 1017 771 1416 839; x_wconf 68' lang='grc' dir='ltr'>ἁμαρτήματα*</span> <span class='ocrx_word' id='word_1_39' title='bbox 1435 771 1687 837; x_wconf 84' lang='grc' dir='ltr'>Κρίνατε</span> <span class='ocrx_word' id='word_1_40' title='bbox 1703 768 1834 838; x_wconf 84' lang='grc' dir='ltr'>γὰρ,</span> 
     </span>
    </p>
   </div>
   <div class='ocr_carea' id='block_1_7' title="bbox 233 843 1840 921">
    <p class='ocr_par' dir='ltr' id='par_1_7' title="bbox 233 843 1840 921">
     <span class='ocr_line' id='line_1_7' title="bbox 233 843 1840 921; baseline 0.001 -19"><span class='ocrx_word' id='word_1_41' title='bbox 233 854 423 918; x_wconf 71' lang='grc' dir='ltr'>φησὶν.</span> <span class='ocrx_word' id='word_1_42' title='bbox 455 852 720 921; x_wconf 74' lang='grc' dir='ltr'>ὀρφανῷ,</span> <span class='ocrx_word' id='word_1_43' title='bbox 756 854 855 905; x_wconf 78' lang='grc' dir='ltr'>καί</span> <span class='ocrx_word' id='word_1_44' title='bbox 886 843 1243 905; x_wconf 67' lang='grc' dir='ltr'>δικαιώσατε</span> <span class='ocrx_word' id='word_1_45' title='bbox 1264 851 1480 920; x_wconf 82' lang='grc' dir='ltr'>χήραν,</span> <span class='ocrx_word' id='word_1_46' title='bbox 1520 852 1621 904; x_wconf 78' lang='grc' dir='ltr'>καὶ</span> <span class='ocrx_word' id='word_1_47' title='bbox 1664 850 1840 904; x_wconf 79' lang='grc' dir='ltr'>δεῦτε</span> 
     </span>
    </p>
   </div>
   <div class='ocr_carea' id='block_1_8' title="bbox 231 928 1839 1004">
    <p class='ocr_par' dir='ltr' id='par_1_8' title="bbox 231 928 1839 1004">
     <span class='ocr_line' id='line_1_8' title="bbox 231 928 1839 1004; baseline -0.001 -18"><span class='ocrx_word' id='word_1_48' title='bbox 231 935 335 987; x_wconf 79' lang='grc' dir='ltr'>καί</span> <span class='ocrx_word' id='word_1_49' title='bbox 362 934 793 1004; x_wconf 69' lang='grc' dir='ltr'>διαλεχθῶμεν,</span> <span class='ocrx_word' id='word_1_50' title='bbox 825 936 987 1003; x_wconf 70' lang='grc' dir='ltr'>,λέγει</span> <span class='ocrx_word' id='word_1_51' title='bbox 1033 936 1271 1000; x_wconf 84' lang='grc' dir='ltr'>Κύριος’</span> <span class='ocrx_word' id='word_1_52' title='bbox 1313 935 1410 987; x_wconf 79' lang='grc' dir='ltr'>καὶ</span> <span class='ocrx_word' id='word_1_53' title='bbox 1443 934 1551 987; x_wconf 82' lang='grc' dir='ltr'>ἐὰν</span> <span class='ocrx_word' id='word_1_54' title='bbox 1599 928 1753 986; x_wconf 82' lang='grc' dir='ltr'>ὦσιν</span> <span class='ocrx_word' id='word_1_55' title='bbox 1779 935 1839 985; x_wconf 85' lang='grc' dir='ltr'>αι</span> 
     </span>
    </p>
   </div>
   <div class='ocr_carea' id='block_1_9' title="bbox 230 1014 1832 1086">
    <p class='ocr_par' dir='ltr' id='par_1_9' title="bbox 230 1014 1832 1086">
     <span class='ocr_line' id='line_1_9' title="bbox 230 1014 1832 1086; baseline -0.001 -18"><span class='ocrx_word' id='word_1_56' title='bbox 230 1016 511 1084; x_wconf 72' lang='grc' dir='ltr'>ἁμαρτίαι</span> <span class='ocrx_word' id='word_1_57' title='bbox 542 1016 709 1084; x_wconf 84' lang='grc' dir='ltr'>ὑμῶν</span> <span class='ocrx_word' id='word_1_58' title='bbox 739 1020 821 1082; x_wconf 84' lang='grc' dir='ltr'>ὡς</span> <span class='ocrx_word' id='word_1_59' title='bbox 856 1015 1197 1086; x_wconf 69' lang='grc' dir='ltr'>φοινικοῦν,</span> <span class='ocrx_word' id='word_1_60' title='bbox 1225 1017 1305 1081; x_wconf 84' lang='grc' dir='ltr'>ὡς</span> <span class='ocrx_word' id='word_1_61' title='bbox 1338 1017 1511 1084; x_wconf 84' lang='grc' dir='ltr'>χιόνα</span> <span class='ocrx_word' id='word_1_62' title='bbox 1532 1014 1832 1069; x_wconf 73' lang='grc' dir='ltr'>λευκανῶ·</span> 
     </span>
    </p>
   </div>
   <div class='ocr_carea' id='block_1_10' title="bbox 228 1096 1833 1167">
    <p class='ocr_par' dir='ltr' id='par_1_10' title="bbox 228 1096 1833 1167">
     <span class='ocr_line' id='line_1_10' title="bbox 228 1096 1833 1167; baseline 0 -17"><span class='ocrx_word' id='word_1_63' title='bbox 228 1098 343 1151; x_wconf 77' lang='grc' dir='ltr'>ἐὰν</span> <span class='ocrx_word' id='word_1_64' title='bbox 372 1099 440 1151; x_wconf 80' lang='grc' dir='ltr'>δὲ</span> <span class='ocrx_word' id='word_1_65' title='bbox 466 1096 621 1154; x_wconf 84' lang='grc' dir='ltr'>ὦσιν</span> <span class='ocrx_word' id='word_1_66' title='bbox 647 1101 727 1164; x_wconf 86' lang='grc' dir='ltr'>ὡς</span> <span class='ocrx_word' id='word_1_67' title='bbox 744 1102 1049 1163; x_wconf 73' lang='grc' dir='ltr'><em>κόκκινον,</em></span> <span class='ocrx_word' id='word_1_68' title='bbox 1100 1099 1245 1153; x_wconf 82' lang='grc' dir='ltr'>ὡσεί</span> <span class='ocrx_word' id='word_1_69' title='bbox 1308 1100 1470 1167; x_wconf 72' lang='grc' dir='ltr'>ἔριον</span> <span class='ocrx_word' id='word_1_70' title='bbox 1531 1097 1833 1151; x_wconf 71' lang='grc' dir='ltr'>λευκανῶ.</span> 
     </span>
    </p>
   </div>
   <div class='ocr_carea' id='block_1_11' title="bbox 230 1182 1835 1254">
    <p class='ocr_par' dir='ltr' id='par_1_11' title="bbox 230 1182 1835 1254">
     <span class='ocr_line' id='line_1_11' title="bbox 230 1182 1835 1254; baseline 0.001 -22"><span class='ocrx_word' id='word_1_71' title='bbox 230 1182 367 1235; x_wconf 84' lang='grc' dir='ltr'>Οὑδέ</span> <span class='ocrx_word' id='word_1_72' title='bbox 411 1185 521 1254; x_wconf 80' lang='grc' dir='ltr'>γάρ</span> <span class='ocrx_word' id='word_1_73' title='bbox 569 1184 730 1253; x_wconf 81' lang='grc' dir='ltr'>οὐλὴν</span> <span class='ocrx_word' id='word_1_74' title='bbox 778 1182 886 1235; x_wconf 86' lang='grc' dir='ltr'>τῶν</span> <span class='ocrx_word' id='word_1_75' title='bbox 942 1184 1273 1253; x_wconf 71' lang='grc' dir='ltr'>τραυμάτων</span> <span class='ocrx_word' id='word_1_76' title='bbox 1334 1183 1527 1252; x_wconf 79' lang='grc' dir='ltr'>ἀφίησι</span> <span class='ocrx_word' id='word_1_77' title='bbox 1598 1182 1835 1252; x_wconf 86' lang='grc' dir='ltr'>φανῆναί</span> 
     </span>
    </p>
   </div>
   <div class='ocr_carea' id='block_1_12' title="bbox 226 1280 371 1318">
    <p class='ocr_par' dir='ltr' id='par_1_12' title="bbox 226 1280 371 1318">
     <span class='ocr_line' id='line_1_12' title="bbox 226 1280 371 1318; baseline 0.021 -3"><span class='ocrx_word' id='word_1_78' title='bbox 226 1280 371 1318; x_wconf 86' lang='grc' dir='ltr'>τινα.</span> 
     </span>
    </p>
   </div>
   <div class='ocr_carea' id='block_1_13' title="bbox 300 1347 1829 1419">
    <p class='ocr_par' dir='ltr' id='par_1_13' title="bbox 300 1347 1829 1419">
     <span class='ocr_line' id='line_1_13' title="bbox 300 1347 1829 1419; baseline 0.003 -20"><span class='ocrx_word' id='word_1_79' title='bbox 300 1355 361 1401; x_wconf 89' lang='grc' dir='ltr'>ε’.</span> <span class='ocrx_word' id='word_1_80' title='bbox 402 1348 563 1400; x_wconf 77' lang='grc' dir='ltr'>’Λλλά</span> <span class='ocrx_word' id='word_1_81' title='bbox 589 1348 692 1400; x_wconf 73' lang='grc' dir='ltr'>κᾶν</span> <span class='ocrx_word' id='word_1_82' title='bbox 732 1348 810 1411; x_wconf 84' lang='grc' dir='ltr'>είς</span> <span class='ocrx_word' id='word_1_83' title='bbox 829 1351 1004 1401; x_wconf 86' lang='grc' dir='ltr'>ἐκεῖνο</span> <span class='ocrx_word' id='word_1_84' title='bbox 1021 1347 1263 1419; x_wconf 72' lang='grc' dir='ltr'>ἔλθωμεν</span> <span class='ocrx_word' id='word_1_85' title='bbox 1281 1350 1346 1401; x_wconf 83' lang='grc' dir='ltr'>τὸ</span> <span class='ocrx_word' id='word_1_86' title='bbox 1381 1348 1544 1417; x_wconf 81' lang='grc' dir='ltr'>βάθος</span> <span class='ocrx_word' id='word_1_87' title='bbox 1580 1349 1689 1402; x_wconf 92' lang='grc' dir='ltr'>τῶν</span> <span class='ocrx_word' id='word_1_88' title='bbox 1724 1368 1829 1405; x_wconf 87' lang='grc' dir='ltr'>κα-</span> 
     </span>
    </p>
   </div>
   <div class='ocr_carea' id='block_1_14' title="bbox 226 1430 1833 1502">
    <p class='ocr_par' dir='ltr' id='par_1_14' title="bbox 226 1430 1833 1502">
     <span class='ocr_line' id='line_1_14' title="bbox 226 1430 1833 1502; baseline 0.001 -18"><span class='ocrx_word' id='word_1_89' title='bbox 226 1431 366 1495; x_wconf 79' lang='grc' dir='ltr'>κῶν,</span> <span class='ocrx_word' id='word_1_90' title='bbox 392 1434 471 1495; x_wconf 88' lang='grc' dir='ltr'>είς</span> <span class='ocrx_word' id='word_1_91' title='bbox 496 1432 523 1484; x_wconf 78' lang='grc' dir='ltr'>ὃ</span> <span class='ocrx_word' id='word_1_92' title='bbox 556 1432 859 1484; x_wconf 78' lang='grc' dir='ltr'>κατέπεσεν</span> <span class='ocrx_word' id='word_1_93' title='bbox 887 1435 916 1484; x_wconf 92' lang='grc' dir='ltr'>ὁ</span> <span class='ocrx_word' id='word_1_94' title='bbox 952 1430 1021 1483; x_wconf 84' lang='grc' dir='ltr'>τά</span> <span class='ocrx_word' id='word_1_95' title='bbox 1045 1432 1277 1502; x_wconf 82' lang='grc' dir='ltr'>πατρῷα</span> <span class='ocrx_word' id='word_1_96' title='bbox 1324 1432 1703 1501; x_wconf 87' lang='grc' dir='ltr'>κατεδηδοκὼς</span> <span class='ocrx_word' id='word_1_97' title='bbox 1736 1436 1833 1486; x_wconf 76' lang='grc' dir='ltr'>καὶ</span> 
     </span>
    </p>
   </div>
   <div class='ocr_carea' id='block_1_15' title="bbox 227 1513 1834 1584">
    <p class='ocr_par' dir='ltr' id='par_1_15' title="bbox 227 1513 1834 1584">
     <span class='ocr_line' id='line_1_15' title="bbox 227 1513 1834 1584; baseline 0.002 -19"><span class='ocrx_word' id='word_1_98' title='bbox 227 1514 465 1583; x_wconf 81' lang='grc' dir='ltr'>κεράτια</span> <span class='ocrx_word' id='word_1_99' title='bbox 499 1513 718 1580; x_wconf 89' lang='grc' dir='ltr'>ἐσθίων,</span> <span class='ocrx_word' id='word_1_100' title='bbox 756 1516 851 1566; x_wconf 69' lang='grc' dir='ltr'>καὶ</span> <span class='ocrx_word' id='word_1_101' title='bbox 898 1516 1350 1584; x_wconf 82' lang='grc' dir='ltr'>μετανοήσωμεν,</span> <span class='ocrx_word' id='word_1_102' title='bbox 1380 1513 1667 1584; x_wconf 84' lang='grc' dir='ltr'>σωζόμεθα</span> <span class='ocrx_word' id='word_1_103' title='bbox 1702 1518 1834 1569; x_wconf 84' lang='grc' dir='ltr'>πάν-</span> 
     </span>
    </p>
   </div>
   <div class='ocr_carea' id='block_1_16' title="bbox 223 1598 1831 1669">
    <p class='ocr_par' dir='ltr' id='par_1_16' title="bbox 223 1598 1831 1669">
     <span class='ocr_line' id='line_1_16' title="bbox 223 1598 1831 1669; baseline 0.001 -20"><span class='ocrx_word' id='word_1_104' title='bbox 223 1614 358 1660; x_wconf 88' lang='grc' dir='ltr'>τως·</span> <span class='ocrx_word' id='word_1_105' title='bbox 385 1598 493 1650; x_wconf 78' lang='grc' dir='ltr'>κᾶν</span> <span class='ocrx_word' id='word_1_106' title='bbox 534 1598 704 1669; x_wconf 87' lang='grc' dir='ltr'>μύρια</span> <span class='ocrx_word' id='word_1_107' title='bbox 734 1598 971 1650; x_wconf 86' lang='grc' dir='ltr'>τάλαντα</span> <span class='ocrx_word' id='word_1_108' title='bbox 1009 1598 1338 1667; x_wconf 87' lang='grc' dir='ltr'>ὁφείλωμεν,</span> <span class='ocrx_word' id='word_1_109' title='bbox 1374 1601 1467 1650; x_wconf 74' lang='grc' dir='ltr'>καὶ</span> <span class='ocrx_word' id='word_1_110' title='bbox 1508 1600 1831 1669; x_wconf 83' lang='grc' dir='ltr'>προσπέσω-</span> 
     </span>
    </p>
   </div>
   <div class='ocr_carea' id='block_1_17' title="bbox 227 1680 1825 1754">
    <p class='ocr_par' dir='ltr' id='par_1_17' title="bbox 227 1680 1825 1754">
     <span class='ocr_line' id='line_1_17' title="bbox 227 1680 1825 1754; baseline 0.003 -24"><span class='ocrx_word' id='word_1_111' title='bbox 227 1696 331 1746; x_wconf 80' lang='grc' dir='ltr'>μεν</span> <span class='ocrx_word' id='word_1_112' title='bbox 366 1681 462 1731; x_wconf 78' lang='grc' dir='ltr'>καὶ</span> <span class='ocrx_word' id='word_1_113' title='bbox 501 1680 575 1750; x_wconf 81' lang='grc' dir='ltr'>μὴ</span> <span class='ocrx_word' id='word_1_114' title='bbox 626 1681 1157 1754; x_wconf 65' lang='grc' dir='ltr'>μνησικακήσωμεν,</span> <span class='ocrx_word' id='word_1_115' title='bbox 1200 1681 1378 1732; x_wconf 84' lang='grc' dir='ltr'>πάντα</span> <span class='ocrx_word' id='word_1_116' title='bbox 1406 1684 1539 1750; x_wconf 89' lang='grc' dir='ltr'>ἡμῖν</span> <span class='ocrx_word' id='word_1_117' title='bbox 1564 1682 1783 1749; x_wconf 86' lang='grc' dir='ltr'>ἀφίεται</span> <span class='ocrx_word' id='word_1_118' title='bbox 1813 1699 1825 1712; x_wconf 81' lang='grc'><em>’</em></span> 
     </span>
    </p>
   </div>
   <div class='ocr_carea' id='block_1_18' title="bbox 223 1756 1829 1834">
    <p class='ocr_par' dir='ltr' id='par_1_18' title="bbox 223 1756 1829 1834">
     <span class='ocr_line' id='line_1_18' title="bbox 223 1756 1829 1834; baseline -0.001 -18"><span class='ocrx_word' id='word_1_119' title='bbox 223 1762 330 1816; x_wconf 76' lang='grc' dir='ltr'>κᾶν</span> <span class='ocrx_word' id='word_1_120' title='bbox 364 1765 543 1815; x_wconf 97' lang='grc' dir='ltr'>ἐκεῖσε</span> <span class='ocrx_word' id='word_1_121' title='bbox 579 1762 1079 1833; x_wconf 84' lang='grc' dir='ltr'>ἀποπλανηθῶμεν,</span> <span class='ocrx_word' id='word_1_122' title='bbox 1109 1756 1169 1816; x_wconf 81' lang='grc' dir='ltr'>οῦ</span> <span class='ocrx_word' id='word_1_123' title='bbox 1193 1763 1253 1816; x_wconf 84' lang='grc' dir='ltr'>τὺ</span> <span class='ocrx_word' id='word_1_124' title='bbox 1284 1763 1557 1834; x_wconf 80' lang='grc' dir='ltr'>πρόϐατον</span> <span class='ocrx_word' id='word_1_125' title='bbox 1591 1765 1829 1815; x_wconf 79' lang='grc' dir='ltr'>ἀπεδου-</span> 
     </span>
    </p>
   </div>
   <div class='ocr_carea' id='block_1_19' title="bbox 222 1844 1825 1915">
    <p class='ocr_par' dir='ltr' id='par_1_19' title="bbox 222 1844 1825 1915">
     <span class='ocr_line' id='line_1_19' title="bbox 222 1844 1825 1915; baseline -0.001 -18"><span class='ocrx_word' id='word_1_126' title='bbox 222 1844 459 1915; x_wconf 77' lang='grc' dir='ltr'>κολὴθη,</span> <span class='ocrx_word' id='word_1_127' title='bbox 492 1845 746 1898; x_wconf 86' lang='grc' dir='ltr'>κάκεῖθεν</span> <span class='ocrx_word' id='word_1_128' title='bbox 780 1848 927 1915; x_wconf 76' lang='grc' dir='ltr'>ἡμᾶς</span> <span class='ocrx_word' id='word_1_129' title='bbox 979 1846 1285 1899; x_wconf 77' lang='grc' dir='ltr'>ἀνακτᾶται</span> <span class='ocrx_word' id='word_1_130' title='bbox 1310 1861 1323 1873; x_wconf 89' lang='grc'><strong>·</strong></span> <span class='ocrx_word' id='word_1_131' title='bbox 1352 1847 1513 1914; x_wconf 79' lang='grc' dir='ltr'>μόνον</span> <span class='ocrx_word' id='word_1_132' title='bbox 1550 1844 1825 1914; x_wconf 81' lang='grc' dir='ltr'>βουληθῶ-</span> 
     </span>
    </p>
   </div>
   <div class='ocr_carea' id='block_1_20' title="bbox 228 1927 1827 1998">
    <p class='ocr_par' dir='ltr' id='par_1_20' title="bbox 228 1927 1827 1998">
     <span class='ocr_line' id='line_1_20' title="bbox 228 1927 1827 1998; baseline 0.001 -19"><span class='ocrx_word' id='word_1_133' title='bbox 228 1943 353 1996; x_wconf 85' lang='grc' dir='ltr'>μεν,</span> <span class='ocrx_word' id='word_1_134' title='bbox 384 1927 700 1997; x_wconf 85' lang='grc' dir='ltr'>ἀγαπητοί·</span> <span class='ocrx_word' id='word_1_135' title='bbox 731 1928 1112 1997; x_wconf 79' lang='grc' dir='ltr'>φιλάνθρωπος</span> <span class='ocrx_word' id='word_1_136' title='bbox 1134 1928 1244 1998; x_wconf 79' lang='grc' dir='ltr'>γὰρ</span> <span class='ocrx_word' id='word_1_137' title='bbox 1275 1928 1476 1992; x_wconf 87' lang='grc' dir='ltr'>ὁΘεός.</span> <span class='ocrx_word' id='word_1_138' title='bbox 1526 1928 1626 1981; x_wconf 84' lang='grc' dir='ltr'>Διά</span> <span class='ocrx_word' id='word_1_139' title='bbox 1669 1930 1827 1981; x_wconf 89' lang='grc' dir='ltr'>τοῦτο</span> 
     </span>
    </p>
   </div>
   <div class='ocr_carea' id='block_1_21' title="bbox 220 2010 1823 2082">
    <p class='ocr_par' dir='ltr' id='par_1_21' title="bbox 220 2010 1823 2082">
     <span class='ocr_line' id='line_1_21' title="bbox 220 2010 1823 2082; baseline 0.001 -20"><span class='ocrx_word' id='word_1_140' title='bbox 220 2011 319 2062; x_wconf 73' lang='grc' dir='ltr'>καὶ</span> <span class='ocrx_word' id='word_1_141' title='bbox 350 2013 442 2063; x_wconf 73' lang='grc' dir='ltr'>ἐπὶ</span> <span class='ocrx_word' id='word_1_142' title='bbox 466 2010 559 2062; x_wconf 85' lang='grc' dir='ltr'>τοῦ</span> <span class='ocrx_word' id='word_1_143' title='bbox 616 2010 688 2062; x_wconf 83' lang='grc' dir='ltr'>τὰ</span> <span class='ocrx_word' id='word_1_144' title='bbox 737 2011 904 2079; x_wconf 87' lang='grc' dir='ltr'>μύρια</span> <span class='ocrx_word' id='word_1_145' title='bbox 933 2012 1175 2063; x_wconf 88' lang='grc' dir='ltr'>τάλαντα</span> <span class='ocrx_word' id='word_1_146' title='bbox 1215 2012 1519 2080; x_wconf 71' lang='grc' dir='ltr'>ὀφείλο-ηος</span> <span class='ocrx_word' id='word_1_147' title='bbox 1559 2015 1623 2082; x_wconf 82' lang='grc' dir='ltr'>τῇ</span> <span class='ocrx_word' id='word_1_148' title='bbox 1653 2030 1823 2082; x_wconf 87' lang='grc' dir='ltr'>προσ-</span> 
     </span>
    </p>
   </div>
   <div class='ocr_carea' id='block_1_22' title="bbox 220 2093 1824 2166">
    <p class='ocr_par' dir='ltr' id='par_1_22' title="bbox 220 2093 1824 2166">
     <span class='ocr_line' id='line_1_22' title="bbox 220 2093 1824 2166; baseline 0.001 -20"><span class='ocrx_word' id='word_1_149' title='bbox 220 2093 429 2146; x_wconf 80' lang='grc' dir='ltr'>πτώσει</span> <span class='ocrx_word' id='word_1_150' title='bbox 461 2097 702 2164; x_wconf 88' lang='grc' dir='ltr'>ἡρκεῖτο,</span> <span class='ocrx_word' id='word_1_151' title='bbox 743 2102 836 2148; x_wconf 67' lang='grc' dir='ltr'>καὶ¹</span> <span class='ocrx_word' id='word_1_152' title='bbox 860 2096 951 2147; x_wconf 74' lang='grc' dir='ltr'>ἐπὶ</span> <span class='ocrx_word' id='word_1_153' title='bbox 981 2095 1077 2148; x_wconf 82' lang='grc' dir='ltr'>τοῦ</span> <span class='ocrx_word' id='word_1_154' title='bbox 1107 2095 1178 2147; x_wconf 88' lang='grc' dir='ltr'>τὰ</span> <span class='ocrx_word' id='word_1_155' title='bbox 1201 2096 1431 2166; x_wconf 83' lang='grc' dir='ltr'>πατρῷα</span> <span class='ocrx_word' id='word_1_156' title='bbox 1467 2096 1824 2165; x_wconf 82' lang='grc' dir='ltr'>κατεδηδοκό-</span> 
     </span>
    </p>
   </div>
   <div class='ocr_carea' id='block_1_23' title="bbox 216 2177 1823 2249">
    <p class='ocr_par' dir='ltr' id='par_1_23' title="bbox 216 2177 1823 2249">
     <span class='ocr_line' id='line_1_23' title="bbox 216 2177 1823 2249; baseline 0.002 -21"><span class='ocrx_word' id='word_1_157' title='bbox 216 2193 312 2239; x_wconf 90' lang='grc' dir='ltr'>τος</span> <span class='ocrx_word' id='word_1_158' title='bbox 343 2179 409 2246; x_wconf 81' lang='grc' dir='ltr'>τῇ</span> <span class='ocrx_word' id='word_1_159' title='bbox 447 2177 691 2247; x_wconf 86' lang='grc' dir='ltr'>ἐπανόδῳ</span> <span class='ocrx_word' id='word_1_160' title='bbox 719 2178 873 2249; x_wconf 76' lang='grc' dir='ltr'>μόνη,</span> <span class='ocrx_word' id='word_1_161' title='bbox 906 2178 1000 2229; x_wconf 76' lang='grc' dir='ltr'>καὶ</span> <span class='ocrx_word' id='word_1_162' title='bbox 1041 2180 1133 2231; x_wconf 59' lang='grc' dir='ltr'>ἐπὶ⁵</span> <span class='ocrx_word' id='word_1_163' title='bbox 1166 2179 1258 2230; x_wconf 91' lang='grc' dir='ltr'>τοῦ</span> <span class='ocrx_word' id='word_1_164' title='bbox 1289 2177 1565 2246; x_wconf 76' lang='grc' dir='ltr'>προϐάτου</span> <span class='ocrx_word' id='word_1_165' title='bbox 1588 2177 1666 2247; x_wconf 82' lang='grc' dir='ltr'>τῷ</span> <span class='ocrx_word' id='word_1_166' title='bbox 1694 2179 1823 2247; x_wconf 85' lang='grc' dir='ltr'>βου-</span> 
     </span>
    </p>
   </div>
   <div class='ocr_carea' id='block_1_24' title="bbox 216 2259 1823 2331">
    <p class='ocr_par' dir='ltr' id='par_1_24' title="bbox 216 2259 1823 2331">
     <span class='ocr_line' id='line_1_24' title="bbox 216 2259 1823 2331; baseline 0.002 -20"><span class='ocrx_word' id='word_1_167' title='bbox 216 2259 452 2329; x_wconf 85' lang='grc' dir='ltr'>ληθῆναι</span> <span class='ocrx_word' id='word_1_168' title='bbox 486 2260 879 2330; x_wconf 76' lang='grc' dir='ltr'>βασταχθῆναι.</span> <span class='ocrx_word' id='word_1_169' title='bbox 908 2261 1292 2330; x_wconf 84' lang='grc' dir='ltr'>Ἐννοὴσαντες</span> <span class='ocrx_word' id='word_1_170' title='bbox 1320 2259 1498 2312; x_wconf 81' lang='grc' dir='ltr'>τοίνυν</span> <span class='ocrx_word' id='word_1_171' title='bbox 1514 2261 1575 2313; x_wconf 83' lang='grc' dir='ltr'>τὸ</span> <span class='ocrx_word' id='word_1_172' title='bbox 1595 2262 1823 2331; x_wconf 86' lang='grc' dir='ltr'>μέγεθος</span> 
     </span>
    </p>
   </div>
   <div class='ocr_carea' id='block_1_25' title="bbox 216 2343 1822 2415">
    <p class='ocr_par' dir='ltr' id='par_1_25' title="bbox 216 2343 1822 2415">
     <span class='ocr_line' id='line_1_25' title="bbox 216 2343 1822 2415; baseline 0.002 -20"><span class='ocrx_word' id='word_1_173' title='bbox 216 2343 385 2396; x_wconf 85' lang='grc' dir='ltr'>αὑτοῦ</span> <span class='ocrx_word' id='word_1_174' title='bbox 410 2345 510 2413; x_wconf 83' lang='grc' dir='ltr'>τῆς</span> <span class='ocrx_word' id='word_1_175' title='bbox 545 2344 983 2415; x_wconf 79' lang='grc' dir='ltr'>φιλανθρωπίας,</span> <span class='ocrx_word' id='word_1_176' title='bbox 1008 2344 1245 2398; x_wconf 85' lang='grc' dir='ltr'>ἐνταῦθα</span> <span class='ocrx_word' id='word_1_177' title='bbox 1302 2344 1464 2397; x_wconf 77' lang='grc' dir='ltr'>αὑτὸν</span> <span class='ocrx_word' id='word_1_178' title='bbox 1506 2346 1822 2415; x_wconf 69' lang='grc' dir='ltr'>ποιήσωμεν</span> 
     </span>
    </p>
   </div>
   <div class='ocr_carea' id='block_1_26' title="bbox 216 2425 1821 2499">
    <p class='ocr_par' dir='ltr' id='par_1_26' title="bbox 216 2425 1821 2499">
     <span class='ocr_line' id='line_1_26' title="bbox 216 2425 1821 2499; baseline 0.003 -23"><span class='ocrx_word' id='word_1_179' title='bbox 216 2425 377 2477; x_wconf 78' lang='grc' dir='ltr'>ἵλεων</span> <span class='ocrx_word' id='word_1_180' title='bbox 411 2428 564 2495; x_wconf 83' lang='grc' dir='ltr'>ἡμῖν,</span> <span class='ocrx_word' id='word_1_181' title='bbox 594 2428 689 2478; x_wconf 79' lang='grc' dir='ltr'>καὶ</span> <span class='ocrx_word' id='word_1_182' title='bbox 719 2428 1126 2497; x_wconf 83' lang='grc' dir='ltr'>προφθάσωμεν</span> <span class='ocrx_word' id='word_1_183' title='bbox 1148 2428 1210 2480; x_wconf 85' lang='grc' dir='ltr'>τὸ</span> <span class='ocrx_word' id='word_1_184' title='bbox 1242 2428 1537 2499; x_wconf 84' lang='grc' dir='ltr'>πρόσωπον</span> <span class='ocrx_word' id='word_1_185' title='bbox 1574 2430 1738 2482; x_wconf 83' lang='grc' dir='ltr'>αὐτοῦ</span> <span class='ocrx_word' id='word_1_186' title='bbox 1764 2432 1821 2481; x_wconf 93' lang='grc' dir='ltr'>ἐν</span> 
     </span>
    </p>
   </div>
   <div class='ocr_carea' id='block_1_27' title="bbox 215 2508 1820 2580">
    <p class='ocr_par' dir='ltr' id='par_1_27' title="bbox 215 2508 1820 2580">
     <span class='ocr_line' id='line_1_27' title="bbox 215 2508 1820 2580; baseline 0.003 -19"><span class='ocrx_word' id='word_1_187' title='bbox 215 2508 628 2579; x_wconf 65' lang='grc' dir='ltr'>ἐξομολογήσει,</span> <span class='ocrx_word' id='word_1_188' title='bbox 660 2510 747 2562; x_wconf 86' lang='grc' dir='ltr'>ἵνα</span> <span class='ocrx_word' id='word_1_189' title='bbox 780 2512 854 2580; x_wconf 76' lang='grc' dir='ltr'>μὴ</span> <span class='ocrx_word' id='word_1_190' title='bbox 877 2511 1205 2574; x_wconf 81' lang='grc' dir='ltr'>ἀπελθόντες</span> <span class='ocrx_word' id='word_1_191' title='bbox 1259 2512 1514 2564; x_wconf 89' lang='grc' dir='ltr'>ἐντεῦθεν</span> <span class='ocrx_word' id='word_1_192' title='bbox 1556 2513 1820 2566; x_wconf 86' lang='grc' dir='ltr'>ἀναπολό-</span> 
     </span>
    </p>
   </div>
   <div class='ocr_carea' id='block_1_28' title="bbox 213 2593 1819 2663">
    <p class='ocr_par' dir='ltr' id='par_1_28' title="bbox 213 2593 1819 2663">
     <span class='ocr_line' id='line_1_28' title="bbox 213 2593 1819 2663; baseline 0.002 -21"><span class='ocrx_word' id='word_1_193' title='bbox 213 2609 397 2661; x_wconf 90' lang='grc' dir='ltr'>γητοι,</span> <span class='ocrx_word' id='word_1_194' title='bbox 427 2593 529 2658; x_wconf 84' lang='grc' dir='ltr'>τὴν</span> <span class='ocrx_word' id='word_1_195' title='bbox 549 2593 788 2661; x_wconf 85' lang='grc' dir='ltr'>ἐσχάτην</span> <span class='ocrx_word' id='word_1_196' title='bbox 824 2594 1206 2661; x_wconf 80' lang='grc' dir='ltr'>ὑπομείνωμεν</span> <span class='ocrx_word' id='word_1_197' title='bbox 1264 2594 1557 2663; x_wconf 78' lang='grc' dir='ltr'>τιμωρίαν.</span> <span class='ocrx_word' id='word_1_198' title='bbox 1588 2596 1683 2645; x_wconf 77' lang='grc' dir='ltr'>Ἂν</span> <span class='ocrx_word' id='word_1_199' title='bbox 1722 2596 1819 2663; x_wconf 88' lang='grc' dir='ltr'>μὲν</span> 
     </span>
    </p>
   </div>
   <div class='ocr_carea' id='block_1_29' title="bbox 212 2673 1817 2744">
    <p class='ocr_par' dir='ltr' id='par_1_29' title="bbox 212 2673 1817 2744">
     <span class='ocr_line' id='line_1_29' title="bbox 212 2673 1817 2744; baseline 0.001 -18"><span class='ocrx_word' id='word_1_200' title='bbox 212 2676 323 2744; x_wconf 82' lang='grc' dir='ltr'>γὰρ</span> <span class='ocrx_word' id='word_1_201' title='bbox 353 2673 498 2726; x_wconf 86' lang='grc' dir='ltr'>κατά</span> <span class='ocrx_word' id='word_1_202' title='bbox 522 2673 612 2725; x_wconf 80' lang='grc' dir='ltr'>τὸν</span> <span class='ocrx_word' id='word_1_203' title='bbox 646 2674 888 2742; x_wconf 85' lang='grc' dir='ltr'>παρόντα</span> <span class='ocrx_word' id='word_1_204' title='bbox 942 2673 1054 2741; x_wconf 86' lang='grc' dir='ltr'>βίον</span> <span class='ocrx_word' id='word_1_205' title='bbox 1118 2674 1519 2742; x_wconf 77' lang='grc' dir='ltr'>ἐπιδειξώμεθα</span> <span class='ocrx_word' id='word_1_206' title='bbox 1577 2677 1817 2743; x_wconf 73' lang='grc' dir='ltr'>σπουδὴν</span> 
     </span>
    </p>
   </div>
   <div class='ocr_carea' id='block_1_30' title="bbox 213 2756 1816 2827">
    <p class='ocr_par' dir='ltr' id='par_1_30' title="bbox 213 2756 1816 2827">
     <span class='ocr_line' id='line_1_30' title="bbox 213 2756 1816 2827; baseline 0 -17"><span class='ocrx_word' id='word_1_207' title='bbox 213 2758 319 2810; x_wconf 80' lang='grc' dir='ltr'>κάν</span> <span class='ocrx_word' id='word_1_208' title='bbox 352 2758 452 2827; x_wconf 78' lang='grc' dir='ltr'>τὴν</span> <span class='ocrx_word' id='word_1_209' title='bbox 481 2756 777 2826; x_wconf 81' lang='grc' dir='ltr'>τυχοῦσαν,</span> <span class='ocrx_word' id='word_1_210' title='bbox 828 2757 895 2809; x_wconf 87' lang='grc' dir='ltr'>τά</span> <span class='ocrx_word' id='word_1_211' title='bbox 927 2758 1160 2826; x_wconf 88' lang='grc' dir='ltr'>μέγιστα</span> <span class='ocrx_word' id='word_1_212' title='bbox 1210 2756 1579 2827; x_wconf 87' lang='grc' dir='ltr'>κερδανοῦμεν</span> <span class='ocrx_word' id='word_1_213' title='bbox 1603 2774 1616 2787; x_wconf 91' lang='grc'><strong>·</strong></span> <span class='ocrx_word' id='word_1_214' title='bbox 1667 2757 1732 2810; x_wconf 84' lang='grc' dir='ltr'>ἂν</span> <span class='ocrx_word' id='word_1_215' title='bbox 1761 2758 1816 2811; x_wconf 79' lang='grc' dir='ltr'>δὲ</span> 
     </span>
    </p>
   </div>
   <div class='ocr_carea' id='block_1_31' title="bbox 216 2840 1815 2911">
    <p class='ocr_par' dir='ltr' id='par_1_31' title="bbox 216 2840 1815 2911">
     <span class='ocr_line' id='line_1_31' title="bbox 216 2840 1815 2911; baseline 0.001 -18"><span class='ocrx_word' id='word_1_216' title='bbox 216 2841 382 2911; x_wconf 83' lang='grc' dir='ltr'>μηδὲν</span> <span class='ocrx_word' id='word_1_217' title='bbox 414 2841 651 2894; x_wconf 87' lang='grc' dir='ltr'>ἐνταῦθα</span> <span class='ocrx_word' id='word_1_218' title='bbox 705 2841 985 2910; x_wconf 79' lang='grc' dir='ltr'>γενόμενοι</span> <span class='ocrx_word' id='word_1_219' title='bbox 1042 2840 1284 2911; x_wconf 79' lang='grc' dir='ltr'>βελτίους</span> <span class='ocrx_word' id='word_1_220' title='bbox 1336 2840 1682 2909; x_wconf 76' lang='grc' dir='ltr'>ἀπέλθωμεν,</span> <span class='ocrx_word' id='word_1_221' title='bbox 1715 2841 1815 2894; x_wconf 76' lang='grc' dir='ltr'>κᾶν</span> 
     </span>
    </p>
   </div>
   <div class='ocr_carea' id='block_1_32' title="bbox 215 2922 1813 2994">
    <p class='ocr_par' dir='ltr' id='par_1_32' title="bbox 215 2922 1813 2994">
     <span class='ocr_line' id='line_1_32' title="bbox 215 2922 1813 2994; baseline -0.001 -17"><span class='ocrx_word' id='word_1_222' title='bbox 215 2924 577 2994; x_wconf 84' lang='grc' dir='ltr'>σφοδρότερον</span> <span class='ocrx_word' id='word_1_223' title='bbox 624 2926 741 2975; x_wconf 88' lang='grc' dir='ltr'>ἐκεῖ</span> <span class='ocrx_word' id='word_1_224' title='bbox 792 2924 1239 2993; x_wconf 77' lang='grc' dir='ltr'>μετανοήτωμεν,</span> <span class='ocrx_word' id='word_1_225' title='bbox 1297 2922 1449 2974; x_wconf 73' lang='grc' dir='ltr'>οὐδὲν</span> <span class='ocrx_word' id='word_1_226' title='bbox 1481 2925 1611 2991; x_wconf 87' lang='grc' dir='ltr'>ἡμῖν</span> <span class='ocrx_word' id='word_1_227' title='bbox 1662 2925 1813 2975; x_wconf 77' lang='grc' dir='ltr'>ἐσται</span> 
     </span>
    </p>
   </div>
   <div class='ocr_carea' id='block_1_33' title="bbox 213 3004 1811 3075">
    <p class='ocr_par' dir='ltr' id='par_1_33' title="bbox 213 3004 1811 3075">
     <span class='ocr_line' id='line_1_33' title="bbox 213 3004 1811 3075; baseline 0 -18"><span class='ocrx_word' id='word_1_228' title='bbox 213 3006 399 3057; x_wconf 80' lang='grc' dir='ltr'>πλέον.</span> <span class='ocrx_word' id='word_1_229' title='bbox 432 3007 542 3058; x_wconf 74' lang='grc' dir='ltr'>Καὶ</span> <span class='ocrx_word' id='word_1_230' title='bbox 564 3006 673 3073; x_wconf 81' lang='grc' dir='ltr'>γὰρ</span> <span class='ocrx_word' id='word_1_231' title='bbox 704 3004 808 3056; x_wconf 84' lang='grc' dir='ltr'>ἔδει</span> <span class='ocrx_word' id='word_1_232' title='bbox 853 3005 962 3056; x_wconf 86' lang='grc' dir='ltr'>τῶν</span> <span class='ocrx_word' id='word_1_233' title='bbox 1016 3008 1360 3075; x_wconf 88' lang='grc' dir='ltr'>σκαμμάτων</span> <span class='ocrx_word' id='word_1_234' title='bbox 1416 3006 1545 3057; x_wconf 83' lang='grc' dir='ltr'>εῐσω</span> <span class='ocrx_word' id='word_1_235' title='bbox 1584 3006 1811 3074; x_wconf 81' lang='grc' dir='ltr'>μένοντα</span> 
     </span>
    </p>
   </div>
   <div class='ocr_carea' id='block_1_34' title="bbox 212 3089 1811 3161">
    <p class='ocr_par' dir='ltr' id='par_1_34' title="bbox 212 3089 1811 3161">
     <span class='ocr_line' id='line_1_34' title="bbox 212 3089 1811 3161; baseline 0.001 -17"><span class='ocrx_word' id='word_1_236' title='bbox 212 3092 615 3161; x_wconf 82' lang='grc' dir='ltr'>ἀγωνίσασθαι,</span> <span class='ocrx_word' id='word_1_237' title='bbox 653 3093 711 3143; x_wconf 78' lang='grc' dir='ltr'>οὺ</span> <span class='ocrx_word' id='word_1_238' title='bbox 749 3093 887 3161; x_wconf 80' lang='grc' dir='ltr'>μετὰ</span> <span class='ocrx_word' id='word_1_239' title='bbox 925 3092 985 3143; x_wconf 72' lang='grc' dir='ltr'>τὸ</span> <span class='ocrx_word' id='word_1_240' title='bbox 1007 3089 1235 3160; x_wconf 80' lang='grc' dir='ltr'>λυθῆναι</span> <span class='ocrx_word' id='word_1_241' title='bbox 1260 3092 1319 3143; x_wconf 75' lang='grc' dir='ltr'>τὸ</span> <span class='ocrx_word' id='word_1_242' title='bbox 1346 3093 1574 3161; x_wconf 88' lang='grc' dir='ltr'>θέατρον</span> <span class='ocrx_word' id='word_1_243' title='bbox 1609 3093 1811 3145; x_wconf 77' lang='grc' dir='ltr'>ἀποδύ-</span> 
     </span>
    </p>
   </div>
   <div class='ocr_carea' id='block_1_35' title="bbox 215 3173 1811 3245">
    <p class='ocr_par' dir='ltr' id='par_1_35' title="bbox 215 3173 1811 3245">
     <span class='ocr_line' id='line_1_35' title="bbox 215 3173 1811 3245; baseline 0.001 -18"><span class='ocrx_word' id='word_1_244' title='bbox 215 3173 409 3244; x_wconf 86' lang='grc' dir='ltr'>ρεσθαι</span> <span class='ocrx_word' id='word_1_245' title='bbox 441 3176 535 3226; x_wconf 76' lang='grc' dir='ltr'>καὶ</span> <span class='ocrx_word' id='word_1_246' title='bbox 564 3173 821 3245; x_wconf 77' lang='grc' dir='ltr'>δακρύειν</span> <span class='ocrx_word' id='word_1_247' title='bbox 840 3174 1073 3243; x_wconf 87' lang='grc' dir='ltr'>ἀνόνητα</span> <span class='ocrx_word' id='word_1_248' title='bbox 1094 3192 1104 3201; x_wconf 93' lang='grc'><strong>·</strong></span> <span class='ocrx_word' id='word_1_249' title='bbox 1131 3174 1267 3244; x_wconf 82' lang='grc' dir='ltr'>ὅπερ</span> <span class='ocrx_word' id='word_1_250' title='bbox 1286 3177 1313 3225; x_wconf 84' lang='grc' dir='ltr'>ὁ</span> <span class='ocrx_word' id='word_1_251' title='bbox 1337 3175 1592 3237; x_wconf 88' lang='grc' dir='ltr'>πλούσιος</span> <span class='ocrx_word' id='word_1_252' title='bbox 1607 3178 1811 3239; x_wconf 80' lang='grc' dir='ltr'>ἐκεῖνος</span> 
     </span>
    </p>
   </div>
   <div class='ocr_carea' id='block_1_36' title="bbox 212 3256 1810 3328">
    <p class='ocr_par' dir='ltr' id='par_1_36' title="bbox 212 3256 1810 3328">
     <span class='ocr_line' id='line_1_36' title="bbox 212 3256 1810 3328; baseline 0.002 -18"><span class='ocrx_word' id='word_1_253' title='bbox 212 3258 409 3323; x_wconf 77' lang='grc' dir='ltr'>ἐποίει,</span> <span class='ocrx_word' id='word_1_254' title='bbox 446 3256 661 3328; x_wconf 87' lang='grc' dir='ltr'>θρηνῶν</span> <span class='ocrx_word' id='word_1_255' title='bbox 690 3258 790 3328; x_wconf 83' lang='grc' dir='ltr'>μὲν</span> <span class='ocrx_word' id='word_1_256' title='bbox 822 3258 914 3310; x_wconf 78' lang='grc' dir='ltr'>καὶ</span> <span class='ocrx_word' id='word_1_257' title='bbox 937 3258 1356 3328; x_wconf 77' lang='grc' dir='ltr'>ὀλοφυρόμενος,</span> <span class='ocrx_word' id='word_1_258' title='bbox 1393 3260 1517 3326; x_wconf 83' lang='grc' dir='ltr'>είκῆ</span> <span class='ocrx_word' id='word_1_259' title='bbox 1546 3260 1602 3311; x_wconf 85' lang='grc' dir='ltr'>δὲ</span> <span class='ocrx_word' id='word_1_260' title='bbox 1626 3260 1810 3313; x_wconf 77' lang='grc' dir='ltr'>λοιπὸν</span> 
     </span>
    </p>
   </div>
   <div class='ocr_carea' id='block_1_37' title="bbox 212 3338 1808 3412">
    <p class='ocr_par' dir='ltr' id='par_1_37' title="bbox 212 3338 1808 3412">
     <span class='ocr_line' id='line_1_37' title="bbox 212 3338 1808 3412; baseline 0.003 -19"><span class='ocrx_word' id='word_1_261' title='bbox 212 3341 309 3394; x_wconf 75' lang='grc' dir='ltr'>καὶ</span> <span class='ocrx_word' id='word_1_262' title='bbox 350 3342 550 3411; x_wconf 87' lang='grc' dir='ltr'>μάτην,</span> <span class='ocrx_word' id='word_1_263' title='bbox 584 3342 770 3411; x_wconf 84' lang='grc' dir='ltr'>ἐπειδὴ</span> <span class='ocrx_word' id='word_1_264' title='bbox 791 3342 882 3394; x_wconf 85' lang='grc' dir='ltr'>τὸν</span> <span class='ocrx_word' id='word_1_265' title='bbox 922 3338 1126 3412; x_wconf 84' lang='grc' dir='ltr'>καιρὸν</span> <span class='ocrx_word' id='word_1_266' title='bbox 1174 3340 1347 3412; x_wconf 63' lang='lat'>[&quot;208],</span> <span class='ocrx_word' id='word_1_267' title='bbox 1376 3343 1495 3395; x_wconf 79' lang='grc' dir='ltr'>καθ’</span> <span class='ocrx_word' id='word_1_268' title='bbox 1524 3343 1582 3395; x_wconf 88' lang='grc' dir='ltr'>ὃν</span> <span class='ocrx_word' id='word_1_269' title='bbox 1634 3343 1808 3397; x_wconf 85' lang='grc' dir='ltr'>ταῦτα</span> 
     </span>
    </p>
   </div>
   <div class='ocr_carea' id='block_1_38' title="bbox 212 3425 1807 3497">
    <p class='ocr_par' dir='ltr' id='par_1_38' title="bbox 212 3425 1807 3497">
     <span class='ocr_line' id='line_1_38' title="bbox 212 3425 1807 3497; baseline 0.002 -19"><span class='ocrx_word' id='word_1_270' title='bbox 212 3425 384 3496; x_wconf 84' lang='grc' dir='ltr'>ἐχρῆν</span> <span class='ocrx_word' id='word_1_271' title='bbox 405 3427 601 3488; x_wconf 80' lang='grc' dir='ltr'>ποιεῖν,</span> <span class='ocrx_word' id='word_1_272' title='bbox 638 3425 939 3495; x_wconf 81' lang='grc' dir='ltr'>ὑπερεῖδεν.</span> <span class='ocrx_word' id='word_1_273' title='bbox 965 3427 1081 3478; x_wconf 76' lang='grc' dir='ltr'>Οὐκ</span> <span class='ocrx_word' id='word_1_274' title='bbox 1112 3428 1317 3489; x_wconf 86' lang='grc' dir='ltr'>ἐκεῖνος</span> <span class='ocrx_word' id='word_1_275' title='bbox 1370 3426 1426 3479; x_wconf 87' lang='grc' dir='ltr'>δέ</span> <span class='ocrx_word' id='word_1_276' title='bbox 1458 3428 1640 3497; x_wconf 87' lang='grc' dir='ltr'>μόνος,</span> <span class='ocrx_word' id='word_1_277' title='bbox 1672 3428 1807 3481; x_wconf 84' lang='grc' dir='ltr'>ἀλλά</span> 
     </span>
    </p>
   </div>
   <div class='ocr_carea' id='block_1_39' title="bbox 211 3508 1803 3579">
    <p class='ocr_par' dir='ltr' id='par_1_39' title="bbox 211 3508 1803 3579">
     <span class='ocr_line' id='line_1_39' title="bbox 211 3508 1803 3579; baseline 0.003 -17"><span class='ocrx_word' id='word_1_278' title='bbox 211 3511 308 3562; x_wconf 73' lang='grc' dir='ltr'>καὶ</span> <span class='ocrx_word' id='word_1_279' title='bbox 356 3509 543 3561; x_wconf 73' lang='grc' dir='ltr'>πολλοὶ</span> <span class='ocrx_word' id='word_1_280' title='bbox 596 3508 775 3577; x_wconf 85' lang='grc' dir='ltr'>ἐτεροι</span> <span class='ocrx_word' id='word_1_281' title='bbox 836 3511 958 3563; x_wconf 83' lang='grc' dir='ltr'>κατ’</span> <span class='ocrx_word' id='word_1_282' title='bbox 1008 3512 1216 3564; x_wconf 86' lang='grc' dir='ltr'>ἐκεῖνον</span> <span class='ocrx_word' id='word_1_283' title='bbox 1254 3509 1347 3563; x_wconf 90' lang='grc' dir='ltr'>νῦν</span> <span class='ocrx_word' id='word_1_284' title='bbox 1401 3513 1505 3564; x_wconf 87' lang='grc' dir='ltr'>είσι</span> <span class='ocrx_word' id='word_1_285' title='bbox 1540 3512 1803 3579; x_wconf 89' lang='grc' dir='ltr'>πλούσιοι,</span> 
     </span>
    </p>
   </div>
   <div class='ocr_carea' id='block_1_40' title="bbox 210 3591 1804 3669">
    <p class='ocr_par' dir='ltr' id='par_1_40' title="bbox 210 3591 1804 3669">
     <span class='ocr_line' id='line_1_40' title="bbox 210 3591 1804 3669; baseline 0.005 -27"><span class='ocrx_word' id='word_1_286' title='bbox 210 3592 516 3661; x_wconf 82' lang='grc' dir='ltr'>χρημάτων</span> <span class='ocrx_word' id='word_1_287' title='bbox 550 3592 649 3659; x_wconf 83' lang='grc' dir='ltr'>μὲν</span> <span class='ocrx_word' id='word_1_288' title='bbox 678 3592 739 3643; x_wconf 83' lang='grc' dir='ltr'>οὒ</span> <span class='ocrx_word' id='word_1_289' title='bbox 771 3591 1088 3663; x_wconf 87' lang='grc' dir='ltr'>βουλόμενοι</span> <span class='ocrx_word' id='word_1_290' title='bbox 1110 3598 1496 3663; x_wconf 75' lang='grc' dir='ltr'>καταφρονεῖν,</span> <span class='ocrx_word' id='word_1_291' title='bbox 1522 3597 1699 3669; x_wconf 78' lang='grc' dir='ltr'>ψυχῆς</span> <span class='ocrx_word' id='word_1_292' title='bbox 1748 3598 1804 3650; x_wconf 83' lang='grc' dir='ltr'>δὲ</span> 
     </span>
    </p>
   </div>
   <div class='ocr_carea' id='block_1_41' title="bbox 210 3675 1806 3751">
    <p class='ocr_par' dir='ltr' id='par_1_41' title="bbox 210 3675 1806 3751">
     <span class='ocr_line' id='line_1_41' title="bbox 210 3675 1806 3751; baseline 0.004 -24"><span class='ocrx_word' id='word_1_293' title='bbox 210 3676 337 3727; x_wconf 73' lang='grc' dir='ltr'>ἀντὶ</span> <span class='ocrx_word' id='word_1_294' title='bbox 367 3675 668 3745; x_wconf 83' lang='grc' dir='ltr'>χρημάτων</span> <span class='ocrx_word' id='word_1_295' title='bbox 718 3676 1187 3747; x_wconf 85' lang='grc' dir='ltr'>καταφρονοῦντες</span> <span class='ocrx_word' id='word_1_296' title='bbox 1210 3694 1221 3705; x_wconf 90' lang='grc'><strong>·</strong></span> <span class='ocrx_word' id='word_1_297' title='bbox 1249 3678 1341 3742; x_wconf 84' lang='grc' dir='ltr'>οὒς</span> <span class='ocrx_word' id='word_1_298' title='bbox 1371 3678 1560 3748; x_wconf 78' lang='grc' dir='ltr'>ἔμοιγε</span> <span class='ocrx_word' id='word_1_299' title='bbox 1592 3682 1806 3751; x_wconf 88' lang='grc' dir='ltr'>θαυμά-</span> 
     </span>
    </p>
   </div>
   <div class='ocr_carea' id='block_1_42' title="bbox 209 3756 1805 3833">
    <p class='ocr_par' dir='ltr' id='par_1_42' title="bbox 209 3756 1805 3833">
     <span class='ocr_line' id='line_1_42' title="bbox 209 3756 1805 3833; baseline 0.004 -23"><span class='ocrx_word' id='word_1_300' title='bbox 209 3759 327 3822; x_wconf 79' lang='grc' dir='ltr'>ζειν</span> <span class='ocrx_word' id='word_1_301' title='bbox 353 3756 585 3823; x_wconf 66' lang='grc' dir='ltr'>ἔπεισιν,</span> <span class='ocrx_word' id='word_1_302' title='bbox 608 3760 739 3812; x_wconf 84' lang='grc' dir='ltr'>ὅταν</span> <span class='ocrx_word' id='word_1_303' title='bbox 771 3759 864 3812; x_wconf 75' lang='grc' dir='ltr'>ἴδω</span> <span class='ocrx_word' id='word_1_304' title='bbox 892 3760 971 3831; x_wconf 85' lang='grc' dir='ltr'>τῷ</span> <span class='ocrx_word' id='word_1_305' title='bbox 1021 3760 1119 3829; x_wconf 88' lang='grc' dir='ltr'>μέν</span> <span class='ocrx_word' id='word_1_306' title='bbox 1152 3760 1271 3830; x_wconf 87' lang='grc' dir='ltr'>Θεῷ</span> <span class='ocrx_word' id='word_1_307' title='bbox 1304 3763 1435 3833; x_wconf 79' lang='grc' dir='ltr'>περὶ</span> <span class='ocrx_word' id='word_1_308' title='bbox 1480 3763 1631 3816; x_wconf 80' lang='grc' dir='ltr'>ἐλέου</span> <span class='ocrx_word' id='word_1_309' title='bbox 1677 3781 1805 3816; x_wconf 88' lang='grc' dir='ltr'>συν-</span> 
     </span>
    </p>
   </div>
   <div class='ocr_carea' id='block_1_43' title="bbox 207 3840 1804 3916">
    <p class='ocr_par' dir='ltr' id='par_1_43' title="bbox 207 3840 1804 3916">
     <span class='ocr_line' id='line_1_43' title="bbox 207 3840 1804 3916; baseline 0.004 -22"><span class='ocrx_word' id='word_1_310' title='bbox 207 3840 352 3912; x_wconf 78' lang='grc' dir='ltr'>εχῶς</span> <span class='ocrx_word' id='word_1_311' title='bbox 378 3842 835 3912; x_wconf 74' lang='grc' dir='ltr'>ἐντυγχάνοντας,</span> <span class='ocrx_word' id='word_1_312' title='bbox 862 3844 1063 3904; x_wconf 79' lang='grc' dir='ltr'>αὐτοὺς</span> <span class='ocrx_word' id='word_1_313' title='bbox 1086 3844 1143 3897; x_wconf 89' lang='grc' dir='ltr'>δέ</span> <span class='ocrx_word' id='word_1_314' title='bbox 1172 3845 1239 3897; x_wconf 83' lang='grc' dir='ltr'>τὰ</span> <span class='ocrx_word' id='word_1_315' title='bbox 1270 3847 1549 3916; x_wconf 80' lang='grc' dir='ltr'>ἀνήκεστα</span> <span class='ocrx_word' id='word_1_316' title='bbox 1578 3850 1804 3914; x_wconf 83' lang='grc' dir='ltr'>ἑαυτοὺς</span> 
     </span>
    </p>
   </div>
   <div class='ocr_carea' id='block_1_44' title="bbox 204 3923 1803 3999">
    <p class='ocr_par' dir='ltr' id='par_1_44' title="bbox 204 3923 1803 3999">
     <span class='ocr_line' id='line_1_44' title="bbox 204 3923 1803 3999; baseline 0.005 -22"><span class='ocrx_word' id='word_1_317' title='bbox 204 3923 571 3990; x_wconf 76' lang='grc' dir='ltr'>διατιθέντας,</span> <span class='ocrx_word' id='word_1_318' title='bbox 606 3926 700 3979; x_wconf 71' lang='grc' dir='ltr'>καὶ</span> <span class='ocrx_word' id='word_1_319' title='bbox 727 3926 919 3996; x_wconf 82' lang='grc' dir='ltr'>ὥσπερ</span> <span class='ocrx_word' id='word_1_320' title='bbox 968 3927 1253 3998; x_wconf 83' lang='grc' dir='ltr'>πολεμίας,</span> <span class='ocrx_word' id='word_1_321' title='bbox 1284 3928 1427 3981; x_wconf 86' lang='grc' dir='ltr'>οῦτω</span> <span class='ocrx_word' id='word_1_322' title='bbox 1462 3932 1561 3999; x_wconf 86' lang='grc' dir='ltr'>τῆς</span> <span class='ocrx_word' id='word_1_323' title='bbox 1596 3932 1803 3985; x_wconf 79' lang='grc' dir='ltr'>ἑαυτῶν</span> 
     </span>
    </p>
   </div>
   <div class='ocr_carea' id='block_1_45' title="bbox 204 4007 1803 4086">
    <p class='ocr_par' dir='ltr' id='par_1_45' title="bbox 204 4007 1803 4086">
     <span class='ocr_line' id='line_1_45' title="bbox 204 4007 1803 4086; baseline 0.002 -24"><span class='ocrx_word' id='word_1_324' title='bbox 204 4007 562 4075; x_wconf 78' lang='grc' dir='ltr'>ἁφειδοῦντας</span> <span class='ocrx_word' id='word_1_325' title='bbox 586 4008 786 4077; x_wconf 76' lang='grc' dir='ltr'>ψυχῆς.</span> <span class='ocrx_word' id='word_1_326' title='bbox 819 4009 909 4080; x_wconf 82' lang='grc' dir='ltr'>Μὴ</span> <span class='ocrx_word' id='word_1_327' title='bbox 938 4008 1003 4079; x_wconf 86' lang='grc' dir='ltr'>δὴ</span> <span class='ocrx_word' id='word_1_328' title='bbox 1047 4010 1355 4079; x_wconf 77' lang='grc' dir='ltr'>παίζωμεν,</span> <span class='ocrx_word' id='word_1_329' title='bbox 1393 4013 1688 4083; x_wconf 70' lang='grc' dir='ltr'>ἀγαπητοὶ,</span> <span class='ocrx_word' id='word_1_330' title='bbox 1726 4015 1803 4086; x_wconf 78' lang='grc' dir='ltr'>μὴ</span> 
     </span>
    </p>
   </div>
   <div class='ocr_carea' id='block_1_46' title="bbox 203 4089 1801 4167">
    <p class='ocr_par' dir='ltr' id='par_1_46' title="bbox 203 4089 1801 4167">
     <span class='ocr_line' id='line_1_46' title="bbox 203 4089 1801 4167; baseline 0.005 -25"><span class='ocrx_word' id='word_1_331' title='bbox 203 4089 516 4161; x_wconf 71' lang='grc' dir='ltr'>παίζωμεν,</span> <span class='ocrx_word' id='word_1_332' title='bbox 561 4090 696 4161; x_wconf 87' lang='grc' dir='ltr'>μηδὲ</span> <span class='ocrx_word' id='word_1_333' title='bbox 734 4089 1234 4162; x_wconf 81' lang='grc' dir='ltr'>παραλογιζώμεθα</span> <span class='ocrx_word' id='word_1_334' title='bbox 1286 4095 1531 4159; x_wconf 80' lang='grc' dir='ltr'>ἑαυτοὺς,</span> <span class='ocrx_word' id='word_1_335' title='bbox 1565 4097 1656 4149; x_wconf 89' lang='grc' dir='ltr'>τὸν</span> <span class='ocrx_word' id='word_1_336' title='bbox 1702 4098 1801 4167; x_wconf 85' lang='grc' dir='ltr'>μὲν</span> 
     </span>
    </p>
   </div>
   <div class='ocr_carea' id='block_1_47' title="bbox 200 4173 1798 4245">
    <p class='ocr_par' dir='ltr' id='par_1_47' title="bbox 200 4173 1798 4245">
     <span class='ocr_line' id='line_1_47' title="bbox 200 4173 1798 4245; baseline 0.006 -20"><span class='ocrx_word' id='word_1_337' title='bbox 200 4173 342 4226; x_wconf 77' lang='grc' dir='ltr'>Θεὺν</span> <span class='ocrx_word' id='word_1_338' title='bbox 398 4174 677 4239; x_wconf 78' lang='grc' dir='ltr'>ἀξιοῦντες</span> <span class='ocrx_word' id='word_1_339' title='bbox 735 4176 880 4245; x_wconf 77' lang='grc' dir='ltr'>ἡμᾶς</span> <span class='ocrx_word' id='word_1_340' title='bbox 931 4176 1175 4245; x_wconf 88' lang='grc' dir='ltr'>ἐλεῆσαι,</span> <span class='ocrx_word' id='word_1_341' title='bbox 1236 4177 1389 4230; x_wconf 79' lang='grc' dir='ltr'>αὐτοὶ</span> <span class='ocrx_word' id='word_1_342' title='bbox 1425 4177 1482 4229; x_wconf 83' lang='grc' dir='ltr'>δέ</span> <span class='ocrx_word' id='word_1_343' title='bbox 1523 4178 1616 4231; x_wconf 87' lang='grc' dir='ltr'>τοῦ</span> <span class='ocrx_word' id='word_1_344' title='bbox 1648 4181 1798 4235; x_wconf 88' lang='grc' dir='ltr'>ἐλέου</span> 
     </span>
    </p>
   </div>
   <div class='ocr_carea' id='block_1_48' title="bbox 199 4256 1800 4331">
    <p class='ocr_par' dir='ltr' id='par_1_48' title="bbox 199 4256 1800 4331">
     <span class='ocr_line' id='line_1_48' title="bbox 199 4256 1800 4331; baseline 0.004 -20"><span class='ocrx_word' id='word_1_345' title='bbox 199 4256 398 4311; x_wconf 74' lang='grc' dir='ltr'>τούτου</span> <span class='ocrx_word' id='word_1_346' title='bbox 438 4257 535 4311; x_wconf 75' lang='grc' dir='ltr'>καὶ</span> <span class='ocrx_word' id='word_1_347' title='bbox 566 4260 827 4328; x_wconf 87' lang='grc' dir='ltr'>χρήματα</span> <span class='ocrx_word' id='word_1_348' title='bbox 860 4260 955 4311; x_wconf 77' lang='grc' dir='ltr'>καὶ</span> <span class='ocrx_word' id='word_1_349' title='bbox 990 4260 1206 4331; x_wconf 81' lang='grc' dir='ltr'>τρυφὴν</span> <span class='ocrx_word' id='word_1_350' title='bbox 1250 4261 1343 4313; x_wconf 73' lang='grc' dir='ltr'>καὶ</span> <span class='ocrx_word' id='word_1_351' title='bbox 1406 4262 1583 4315; x_wconf 89' lang='grc' dir='ltr'>πάντα</span> <span class='ocrx_word' id='word_1_352' title='bbox 1614 4265 1800 4329; x_wconf 81' lang='grc' dir='ltr'>ἁπλῶς</span> 
     </span>
    </p>
   </div>
   <div class='ocr_carea' id='block_1_49' title="bbox 200 4337 1794 4419">
    <p class='ocr_par' dir='ltr' id='par_1_49' title="bbox 200 4337 1794 4419">
     <span class='ocr_line' id='line_1_49' title="bbox 200 4337 1794 4419; baseline 0.004 -26"><span class='ocrx_word' id='word_1_353' title='bbox 200 4337 579 4410; x_wconf 74' lang='grc' dir='ltr'>προτιθέντες.</span> <span class='ocrx_word' id='word_1_354' title='bbox 620 4339 756 4392; x_wconf 82' lang='grc' dir='ltr'>Οὑδέ</span> <span class='ocrx_word' id='word_1_355' title='bbox 790 4341 920 4411; x_wconf 81' lang='grc' dir='ltr'>γὰρ,</span> <span class='ocrx_word' id='word_1_356' title='bbox 955 4342 1011 4393; x_wconf 86' lang='grc' dir='ltr'>εῐ</span> <span class='ocrx_word' id='word_1_357' title='bbox 1060 4343 1146 4405; x_wconf 93' lang='grc' dir='ltr'>τίς</span> <span class='ocrx_word' id='word_1_358' title='bbox 1193 4360 1274 4396; x_wconf 88' lang='grc' dir='ltr'>σοι</span> <span class='ocrx_word' id='word_1_359' title='bbox 1318 4343 1476 4414; x_wconf 88' lang='grc' dir='ltr'>δίκην</span> <span class='ocrx_word' id='word_1_360' title='bbox 1528 4351 1794 4419; x_wconf 79' lang='grc' dir='ltr'>προσῆγε,</span> 
     </span>
    </p>
   </div>
   <div class='ocr_carea' id='block_1_50' title="bbox 199 4420 1797 4497">
    <p class='ocr_par' dir='ltr' id='par_1_50' title="bbox 199 4420 1797 4497">
     <span class='ocr_line' id='line_1_50' title="bbox 199 4420 1797 4497; baseline 0.006 -22"><span class='ocrx_word' id='word_1_361' title='bbox 199 4424 295 4475; x_wconf 84' lang='grc' dir='ltr'>καί</span> <span class='ocrx_word' id='word_1_362' title='bbox 326 4420 652 4491; x_wconf 88' lang='grc' dir='ltr'>κατηγορῶν</span> <span class='ocrx_word' id='word_1_363' title='bbox 678 4422 772 4475; x_wconf 90' lang='grc' dir='ltr'>τοῦ</span> <span class='ocrx_word' id='word_1_364' title='bbox 800 4422 969 4485; x_wconf 84' lang='grc' dir='ltr'>δεῖνος</span> <span class='ocrx_word' id='word_1_365' title='bbox 992 4424 1199 4491; x_wconf 71' lang='grc' dir='ltr'>ἔλεγεν,</span> <span class='ocrx_word' id='word_1_366' title='bbox 1230 4426 1309 4478; x_wconf 85' lang='grc' dir='ltr'>ὅτι</span> <span class='ocrx_word' id='word_1_367' title='bbox 1331 4427 1558 4495; x_wconf 86' lang='grc' dir='ltr'>μυρίους</span> <span class='ocrx_word' id='word_1_368' title='bbox 1586 4431 1797 4497; x_wconf 77' lang='grc' dir='ltr'>μέλλων</span> 
     </span>
    </p>
   </div>
   <div class='ocr_carea' id='block_1_51' title="bbox 196 4504 1796 4583">
    <p class='ocr_par' dir='ltr' id='par_1_51' title="bbox 196 4504 1796 4583">
     <span class='ocr_line' id='line_1_51' title="bbox 196 4504 1796 4583; baseline 0.003 -24"><span class='ocrx_word' id='word_1_369' title='bbox 196 4504 498 4575; x_wconf 73' lang='grc' dir='ltr'>ὑπομένειν</span> <span class='ocrx_word' id='word_1_370' title='bbox 528 4505 810 4568; x_wconf 83' lang='grc' dir='ltr'>θανάτους,</span> <span class='ocrx_word' id='word_1_371' title='bbox 866 4506 961 4559; x_wconf 80' lang='grc' dir='ltr'>καὶ</span> <span class='ocrx_word' id='word_1_372' title='bbox 1006 4506 1194 4577; x_wconf 88' lang='grc' dir='ltr'>κύριος</span> <span class='ocrx_word' id='word_1_373' title='bbox 1237 4506 1313 4559; x_wconf 82' lang='grc' dir='ltr'>ὢν</span> <span class='ocrx_word' id='word_1_374' title='bbox 1355 4509 1513 4562; x_wconf 91' lang='grc' dir='ltr'>λῦσαι</span> <span class='ocrx_word' id='word_1_375' title='bbox 1565 4512 1663 4575; x_wconf 83' lang='grc' dir='ltr'>τὰς</span> <span class='ocrx_word' id='word_1_376' title='bbox 1689 4513 1796 4583; x_wconf 79' lang='grc' dir='ltr'>ψή-</span> 
     </span>
    </p>
   </div>
   <div class='ocr_carea' id='block_1_52' title="bbox 195 4588 1793 4662">
    <p class='ocr_par' dir='ltr' id='par_1_52' title="bbox 195 4588 1793 4662">
     <span class='ocr_line' id='line_1_52' title="bbox 195 4588 1793 4662; baseline 0.008 -26"><span class='ocrx_word' id='word_1_377' title='bbox 195 4603 337 4655; x_wconf 75' lang='grc' dir='ltr'>φους</span> <span class='ocrx_word' id='word_1_378' title='bbox 403 4588 683 4657; x_wconf 86' lang='grc' dir='ltr'>χρήμασιν</span> <span class='ocrx_word' id='word_1_379' title='bbox 732 4588 953 4655; x_wconf 82' lang='grc' dir='ltr'>ὀλίγοις,</span> <span class='ocrx_word' id='word_1_380' title='bbox 1008 4590 1181 4642; x_wconf 74' lang='grc' dir='ltr'>είλετο</span> <span class='ocrx_word' id='word_1_381' title='bbox 1222 4590 1421 4659; x_wconf 79' lang='grc' dir='ltr'>μᾶλλον</span> <span class='ocrx_word' id='word_1_382' title='bbox 1470 4594 1793 4662; x_wconf 80' lang='grc' dir='ltr'>ἀποθανεῖν,</span> 
     </span>
    </p>
   </div>
   <div class='ocr_carea' id='block_1_53' title="bbox 194 4669 1797 4749">
    <p class='ocr_par' dir='ltr' id='par_1_53' title="bbox 194 4669 1797 4749">
     <span class='ocr_line' id='line_1_53' title="bbox 194 4669 1797 4749; baseline 0.006 -27"><span class='ocrx_word' id='word_1_383' title='bbox 194 4670 229 4749; x_wconf 74' lang='grc' dir='ltr'>ἡ</span> <span class='ocrx_word' id='word_1_384' title='bbox 264 4687 322 4722; x_wconf 88' lang='grc' dir='ltr'>τι</span> <span class='ocrx_word' id='word_1_385' title='bbox 350 4669 663 4749; x_wconf 74' lang='grc' dir='ltr'>τῶναύτοῦ</span> <span class='ocrx_word' id='word_1_386' title='bbox 690 4670 971 4749; x_wconf 73' lang='grc' dir='ltr'>προέσθαι,</span> <span class='ocrx_word' id='word_1_387' title='bbox 1012 4672 1162 4725; x_wconf 88' lang='grc' dir='ltr'>ἐλέου</span> <span class='ocrx_word' id='word_1_388' title='bbox 1196 4673 1342 4738; x_wconf 82' lang='grc' dir='ltr'>τινὸς</span> <span class='ocrx_word' id='word_1_389' title='bbox 1382 4674 1415 4745; x_wconf 76' lang='grc' dir='ltr'>ἡ</span> <span class='ocrx_word' id='word_1_390' title='bbox 1462 4679 1797 4749; x_wconf 84' lang='grc' dir='ltr'>συγγνώμης</span> 
     </span>
    </p>
   </div>
   <div class='ocr_carea' id='block_1_54' title="bbox 191 4745 1793 4820">
    <p class='ocr_par' dir='ltr' id='par_1_54' title="bbox 191 4745 1793 4820">
     <span class='ocr_line' id='line_1_54' title="bbox 191 4745 1793 4820; baseline 0.006 -20"><span class='ocrx_word' id='word_1_391' title='bbox 191 4747 338 4820; x_wconf 76' lang='grc' dir='ltr'>ιφης</span> <span class='ocrx_word' id='word_1_392' title='bbox 361 4748 527 4801; x_wconf 81' lang='grc' dir='ltr'>αὐτὸν</span> <span class='ocrx_word' id='word_1_393' title='bbox 554 4747 702 4813; x_wconf 81' lang='grc' dir='ltr'>ἀξιον</span> <span class='ocrx_word' id='word_1_394' title='bbox 737 4745 898 4803; x_wconf 76' lang='grc' dir='ltr'>εἶναι.</span> <span class='ocrx_word' id='word_1_395' title='bbox 930 4749 1101 4803; x_wconf 89' lang='grc' dir='ltr'>Τοῦτο</span> <span class='ocrx_word' id='word_1_396' title='bbox 1123 4753 1303 4805; x_wconf 86' lang='grc' dir='ltr'>τοίνυν</span> <span class='ocrx_word' id='word_1_397' title='bbox 1346 4755 1441 4807; x_wconf 78' lang='grc' dir='ltr'>καὶ</span> <span class='ocrx_word' id='word_1_398' title='bbox 1473 4756 1567 4808; x_wconf 81' lang='grc' dir='ltr'>ἐπὶ</span> <span class='ocrx_word' id='word_1_399' title='bbox 1597 4745 1793 4811; x_wconf 82' lang='grc' dir='ltr'>σαυτοῦ</span> 
     </span>
    </p>
   </div>
   <div class='ocr_carea' id='block_1_55' title="bbox 189 4828 1793 4908">
    <p class='ocr_par' dir='ltr' id='par_1_55' title="bbox 189 4828 1793 4908">
     <span class='ocr_line' id='line_1_55' title="bbox 189 4828 1793 4908; baseline 0.01 -32"><span class='ocrx_word' id='word_1_400' title='bbox 189 4828 443 4897; x_wconf 76' lang='grc' dir='ltr'>λογίζου·</span> <span class='ocrx_word' id='word_1_401' title='bbox 478 4832 575 4883; x_wconf 75' lang='grc' dir='ltr'>καὶ</span> <span class='ocrx_word' id='word_1_402' title='bbox 604 4830 716 4902; x_wconf 83' lang='grc' dir='ltr'>γὰρ</span> <span class='ocrx_word' id='word_1_403' title='bbox 739 4832 833 4885; x_wconf 81' lang='grc' dir='ltr'>καὶ</span> <span class='ocrx_word' id='word_1_404' title='bbox 862 4833 1023 4901; x_wconf 80' lang='grc' dir='ltr'>ἡμεῖς</span> <span class='ocrx_word' id='word_1_405' title='bbox 1051 4832 1212 4885; x_wconf 89' lang='grc' dir='ltr'>τοῦτο</span> <span class='ocrx_word' id='word_1_406' title='bbox 1237 4835 1521 4907; x_wconf 87' lang='grc' dir='ltr'>ποιοῦμεν,</span> <span class='ocrx_word' id='word_1_407' title='bbox 1557 4840 1654 4893; x_wconf 77' lang='grc' dir='ltr'>καὶ</span> <span class='ocrx_word' id='word_1_408' title='bbox 1692 4840 1793 4908; x_wconf 89' lang='grc' dir='ltr'>τῆς</span> 
     </span>
    </p>
   </div>
   <div class='ocr_carea' id='block_1_56' title="bbox 190 4911 1793 4990">
    <p class='ocr_par' dir='ltr' id='par_1_56' title="bbox 190 4911 1793 4990">
     <span class='ocr_line' id='line_1_56' title="bbox 190 4911 1793 4990; baseline 0.009 -29"><span class='ocrx_word' id='word_1_409' title='bbox 190 4913 479 4990; x_wconf 77' lang='grc' dir='ltr'>σωτηρίας</span> <span class='ocrx_word' id='word_1_410' title='bbox 505 4911 664 4990; x_wconf 84' lang='grc' dir='ltr'>ἡμῶν</span> <span class='ocrx_word' id='word_1_411' title='bbox 688 4913 1183 4983; x_wconf 69' lang='grc' dir='ltr'>καταφρονοῦντες,</span> <span class='ocrx_word' id='word_1_412' title='bbox 1222 4918 1331 4970; x_wconf 88' lang='grc' dir='ltr'>τῶν</span> <span class='ocrx_word' id='word_1_413' title='bbox 1352 4936 1455 4990; x_wconf 86' lang='grc' dir='ltr'>χρη</span> <span class='ocrx_word' id='word_1_414' title='bbox 1466 4922 1649 4989; x_wconf 86' lang='grc' dir='ltr'>μάτων</span> <span class='ocrx_word' id='word_1_415' title='bbox 1674 4940 1793 4989; x_wconf 81' lang='grc' dir='ltr'>φει-</span> 
     </span>
    </p>
   </div>
   <div class='ocr_carea' id='block_1_57' title="bbox 186 4988 1787 5065">
    <p class='ocr_par' dir='ltr' id='par_1_57' title="bbox 186 4988 1787 5065">
     <span class='ocr_line' id='line_1_57' title="bbox 186 4988 1787 5065; baseline 0.009 -24"><span class='ocrx_word' id='word_1_416' title='bbox 186 4988 422 5058; x_wconf 64' lang='grc' dir='ltr'>δόμεθαο</span> <span class='ocrx_word' id='word_1_417' title='bbox 451 4992 574 5056; x_wconf 92' lang='grc' dir='ltr'>Πῶς</span> <span class='ocrx_word' id='word_1_418' title='bbox 593 4989 686 5047; x_wconf 82' lang='grc' dir='ltr'>οὖν</span> <span class='ocrx_word' id='word_1_419' title='bbox 709 4992 801 5046; x_wconf 76' lang='grc' dir='ltr'>τὸν</span> <span class='ocrx_word' id='word_1_420' title='bbox 823 4993 955 5046; x_wconf 82' lang='grc' dir='ltr'>Θεὸν</span> <span class='ocrx_word' id='word_1_421' title='bbox 977 4992 1148 5059; x_wconf 80' lang='grc' dir='ltr'>ἀξιοῖς</span> <span class='ocrx_word' id='word_1_422' title='bbox 1167 5012 1259 5049; x_wconf 92' lang='grc' dir='ltr'>σου</span> <span class='ocrx_word' id='word_1_423' title='bbox 1292 4988 1599 5065; x_wconf 82' lang='grc' dir='ltr'>φείσασθαι,</span> <span class='ocrx_word' id='word_1_424' title='bbox 1625 4988 1787 5065; x_wconf 75' lang='grc' dir='ltr'>αύτὸς</span> 
     </span>
    </p>
   </div>
   <div class='ocr_carea' id='block_1_58' title="bbox 189 5066 1785 5149">
    <p class='ocr_par' dir='ltr' id='par_1_58' title="bbox 189 5066 1785 5149">
     <span class='ocr_line' id='line_1_58' title="bbox 189 5066 1785 5149; baseline 0.01 -32"><span class='ocrx_word' id='word_1_425' title='bbox 189 5066 402 5120; x_wconf 83' lang='grc' dir='ltr'>σαυτοῦ</span> <span class='ocrx_word' id='word_1_426' title='bbox 454 5070 627 5134; x_wconf 79' lang='grc' dir='ltr'>οὕτως</span> <span class='ocrx_word' id='word_1_427' title='bbox 684 5072 960 5139; x_wconf 80' lang='grc' dir='ltr'>ἀφειδῶν,</span> <span class='ocrx_word' id='word_1_428' title='bbox 1012 5074 1106 5126; x_wconf 83' lang='grc' dir='ltr'>καὶ</span> <span class='ocrx_word' id='word_1_429' title='bbox 1173 5076 1435 5146; x_wconf 85' lang='grc' dir='ltr'>χρήματα</span> <span class='ocrx_word' id='word_1_430' title='bbox 1502 5082 1785 5149; x_wconf 85' lang='grc' dir='ltr'>προτιμῶν</span> 
     </span>
    </p>
   </div>
   <div class='ocr_carea' id='block_1_59' title="bbox 183 5149 1785 5232">
    <p class='ocr_par' dir='ltr' id='par_1_59' title="bbox 183 5149 1785 5232">
     <span class='ocr_line' id='line_1_59' title="bbox 183 5149 1785 5232; baseline 0.009 -32"><span class='ocrx_word' id='word_1_431' title='bbox 183 5149 412 5220; x_wconf 52' lang='grc' dir='ltr'>ψυχῆς</span> <span class='ocrx_word' id='word_1_432' title='bbox 463 5152 556 5203; x_wconf 84' lang='grc' dir='ltr'>Διὸ</span> <span class='ocrx_word' id='word_1_433' title='bbox 605 5155 698 5207; x_wconf 67' lang='grc' dir='ltr'>καὶ</span> <span class='ocrx_word' id='word_1_434' title='bbox 761 5155 969 5227; x_wconf 86' lang='grc' dir='ltr'>σφόδρα</span> <span class='ocrx_word' id='word_1_435' title='bbox 1025 5157 1443 5228; x_wconf 79' lang='grc' dir='ltr'>ἐκπέπληγμαι,</span> <span class='ocrx_word' id='word_1_436' title='bbox 1500 5163 1639 5232; x_wconf 87' lang='grc' dir='ltr'>πόση</span> <span class='ocrx_word' id='word_1_437' title='bbox 1673 5167 1785 5225; x_wconf 84' lang='grc' dir='ltr'>τοῖς</span> 
     </span>
    </p>
   </div>
   <div class='ocr_carea' id='block_1_60' title="bbox 184 5234 1782 5312">
    <p class='ocr_par' dir='ltr' id='par_1_60' title="bbox 184 5234 1782 5312">
     <span class='ocr_line' id='line_1_60' title="bbox 184 5234 1782 5312; baseline 0.013 -32"><span class='ocrx_word' id='word_1_438' title='bbox 184 5235 479 5305; x_wconf 78' lang='grc' dir='ltr'>χρήμασιν</span> <span class='ocrx_word' id='word_1_439' title='bbox 525 5234 897 5307; x_wconf 80' lang='grc' dir='ltr'>ἐγκέκρυπται</span> <span class='ocrx_word' id='word_1_440' title='bbox 942 5242 1190 5311; x_wconf 82' lang='grc' dir='ltr'>γοητεία,</span> <span class='ocrx_word' id='word_1_441' title='bbox 1250 5243 1450 5312; x_wconf 77' lang='grc' dir='ltr'>μᾶλλον</span> <span class='ocrx_word' id='word_1_442' title='bbox 1478 5245 1535 5298; x_wconf 82' lang='grc' dir='ltr'>δὲ</span> <span class='ocrx_word' id='word_1_443' title='bbox 1568 5248 1629 5299; x_wconf 82' lang='grc' dir='ltr'>οὑ</span> <span class='ocrx_word' id='word_1_444' title='bbox 1668 5251 1782 5311; x_wconf 81' lang='grc' dir='ltr'>τοῖς</span> 
     </span>
    </p>
   </div>
   <div class='ocr_carea' id='block_1_61' title="bbox 182 5314 1785 5398">
    <p class='ocr_par' dir='ltr' id='par_1_61' title="bbox 182 5314 1785 5398">
     <span class='ocr_line' id='line_1_61' title="bbox 182 5314 1785 5398; baseline 0.011 -33"><span class='ocrx_word' id='word_1_445' title='bbox 182 5318 499 5388; x_wconf 74' lang='grc' dir='ltr'>χρήμασιν,</span> <span class='ocrx_word' id='word_1_446' title='bbox 517 5314 655 5369; x_wconf 83' lang='grc' dir='ltr'>ἀλλά</span> <span class='ocrx_word' id='word_1_447' title='bbox 675 5321 796 5380; x_wconf 90' lang='grc' dir='ltr'>ταῖς</span> <span class='ocrx_word' id='word_1_448' title='bbox 844 5320 955 5372; x_wconf 87' lang='grc' dir='ltr'>τῶν</span> <span class='ocrx_word' id='word_1_449' title='bbox 1006 5324 1384 5394; x_wconf 81' lang='grc' dir='ltr'>άπατωμένων</span> <span class='ocrx_word' id='word_1_450' title='bbox 1411 5328 1627 5398; x_wconf 80' lang='grc' dir='ltr'>ψυχαῖς.</span> <span class='ocrx_word' id='word_1_451' title='bbox 1661 5330 1785 5382; x_wconf 77' lang='grc' dir='ltr'>Εἰσὶ</span> 
     </span>
    </p>
   </div>
   <div class='ocr_carea' id='block_1_62' title="bbox 180 5398 1779 5484">
    <p class='ocr_par' dir='ltr' id='par_1_62' title="bbox 180 5398 1779 5484">
     <span class='ocr_line' id='line_1_62' title="bbox 180 5398 1779 5484; baseline 0.011 -34"><span class='ocrx_word' id='word_1_452' title='bbox 180 5399 341 5484; x_wconf 64' lang='grc' dir='ltr'>γὰρ,</span> <span class='ocrx_word' id='word_1_453' title='bbox 358 5398 497 5484; x_wconf 64' lang='grc' dir='ltr'>είσὶν</span> <span class='ocrx_word' id='word_1_454' title='bbox 523 5398 696 5484; x_wconf 36' lang='grc' dir='ltr'>οίᾉκαὶ</span> <span class='ocrx_word' id='word_1_455' title='bbox 718 5399 930 5484; x_wconf 74' lang='grc' dir='ltr'>σφόδρα</span> <span class='ocrx_word' id='word_1_456' title='bbox 958 5407 1058 5471; x_wconf 84' lang='grc' dir='ltr'>τῆς</span> <span class='ocrx_word' id='word_1_457' title='bbox 1085 5409 1426 5473; x_wconf 82' lang='grc' dir='ltr'>μαγγανείας</span> <span class='ocrx_word' id='word_1_458' title='bbox 1448 5412 1651 5484; x_wconf 82' lang='grc' dir='ltr'>ταύτης</span> <span class='ocrx_word' id='word_1_459' title='bbox 1680 5430 1779 5467; x_wconf 84' lang='grc' dir='ltr'>κα-</span> 
     </span>
    </p>
   </div>
   <div class='ocr_carea' id='block_1_63' title="bbox 181 5482 1783 5562">
    <p class='ocr_par' dir='ltr' id='par_1_63' title="bbox 181 5482 1783 5562">
     <span class='ocr_line' id='line_1_63' title="bbox 181 5482 1783 5562; baseline 0.012 -30"><span class='ocrx_word' id='word_1_460' title='bbox 181 5482 556 5549; x_wconf 79' lang='grc' dir='ltr'>ταγελῶντες.</span> <span class='ocrx_word' id='word_1_461' title='bbox 578 5482 643 5535; x_wconf 86' lang='grc' dir='ltr'>τί</span> <span class='ocrx_word' id='word_1_462' title='bbox 669 5483 778 5552; x_wconf 81' lang='grc' dir='ltr'>γὰρ</span> <span class='ocrx_word' id='word_1_463' title='bbox 804 5484 900 5535; x_wconf 80' lang='grc' dir='ltr'>καὶ</span> <span class='ocrx_word' id='word_1_464' title='bbox 927 5486 1112 5541; x_wconf 75' lang='grc' dir='ltr'>ἰκανὸν</span> <span class='ocrx_word' id='word_1_465' title='bbox 1128 5493 1279 5558; x_wconf 82' lang='grc' dir='ltr'>ἡμᾶς</span> <span class='ocrx_word' id='word_1_466' title='bbox 1326 5494 1435 5546; x_wconf 86' lang='grc' dir='ltr'>τῶν</span> <span class='ocrx_word' id='word_1_467' title='bbox 1488 5497 1546 5548; x_wconf 91' lang='grc' dir='ltr'>ἐν</span> <span class='ocrx_word' id='word_1_468' title='bbox 1594 5482 1783 5562; x_wconf 79' lang='grc' dir='ltr'>αὐτοῖς</span> 
     </span>
    </p>
   </div>
   <div class='ocr_carea' id='block_1_64' title="bbox 181 5563 1777 5651">
    <p class='ocr_par' dir='ltr' id='par_1_64' title="bbox 181 5563 1777 5651">
     <span class='ocr_line' id='line_1_64' title="bbox 181 5563 1777 5651; baseline 0.01 -35"><span class='ocrx_word' id='word_1_469' title='bbox 181 5563 490 5651; x_wconf 81' lang='grc' dir='ltr'>γοητεῦσαι</span> <span class='ocrx_word' id='word_1_470' title='bbox 515 5582 530 5630; x_wconf 88' lang='grc'>;</span> <span class='ocrx_word' id='word_1_471' title='bbox 562 5565 684 5636; x_wconf 79' lang='grc' dir='ltr'>οὐχὶ</span> <span class='ocrx_word' id='word_1_472' title='bbox 707 5565 913 5637; x_wconf 74' lang='grc' dir='ltr'>ἄψυχός</span> <span class='ocrx_word' id='word_1_473' title='bbox 935 5568 1083 5620; x_wconf 88' lang='grc' dir='ltr'>ἐστιν</span> <span class='ocrx_word' id='word_1_474' title='bbox 1112 5573 1145 5641; x_wconf 90' lang='grc' dir='ltr'>ἡ</span> <span class='ocrx_word' id='word_1_475' title='bbox 1182 5571 1307 5643; x_wconf 74' lang='grc' dir='ltr'>ὕλη,</span> <span class='ocrx_word' id='word_1_476' title='bbox 1337 5577 1457 5645; x_wconf 74' lang='grc' dir='ltr'>οὐχὶ</span> <span class='ocrx_word' id='word_1_477' title='bbox 1481 5579 1777 5651; x_wconf 77' lang='grc' dir='ltr'>ἐπίκηρος;</span> 
     </span>
    </p>
   </div>
   <div class='ocr_carea' id='block_1_65' title="bbox 179 5650 1777 5733">
    <p class='ocr_par' dir='ltr' id='par_1_65' title="bbox 179 5650 1777 5733">
     <span class='ocr_line' id='line_1_65' title="bbox 179 5650 1777 5733; baseline 0.012 -34"><span class='ocrx_word' id='word_1_478' title='bbox 179 5650 308 5717; x_wconf 79' lang='grc' dir='ltr'>οὐχὶ</span> <span class='ocrx_word' id='word_1_479' title='bbox 339 5651 571 5716; x_wconf 75' lang='grc' dir='ltr'>ἄπιστος</span> <span class='ocrx_word' id='word_1_480' title='bbox 613 5653 855 5725; x_wconf 86' lang='grc' dir='ltr'>αὑτῶνὴ</span> <span class='ocrx_word' id='word_1_481' title='bbox 902 5655 1129 5723; x_wconf 86' lang='grc' dir='ltr'>κτῆσις;</span> <span class='ocrx_word' id='word_1_482' title='bbox 1182 5658 1245 5709; x_wconf 83' lang='grc' dir='ltr'>οὐ</span> <span class='ocrx_word' id='word_1_483' title='bbox 1285 5661 1464 5726; x_wconf 77' lang='grc' dir='ltr'>φὸῦων</span> <span class='ocrx_word' id='word_1_484' title='bbox 1494 5666 1653 5733; x_wconf 80' lang='grc' dir='ltr'>γέμει</span> <span class='ocrx_word' id='word_1_485' title='bbox 1680 5650 1777 5720; x_wconf 74' lang='grc' dir='ltr'>καῖ</span> 
     </span>
    </p>
   </div>
   <div class='ocr_carea' id='block_1_66' title="bbox 182 5735 1772 5817">
    <p class='ocr_par' dir='ltr' id='par_1_66' title="bbox 182 5735 1772 5817">
     <span class='ocr_line' id='line_1_66' title="bbox 182 5735 1772 5817; baseline 0.013 -32"><span class='ocrx_word' id='word_1_486' title='bbox 182 5735 491 5802; x_wconf 51' lang='lat' dir='ltr'>minim;</span> <span class='ocrx_word' id='word_1_487' title='bbox 523 5741 584 5791; x_wconf 79' lang='grc' dir='ltr'>οὐ</span> <span class='ocrx_word' id='word_1_488' title='bbox 616 5740 788 5807; x_wconf 85' lang='grc' dir='ltr'>φόνων</span> <span class='ocrx_word' id='word_1_489' title='bbox 814 5742 906 5794; x_wconf 75' lang='grc' dir='ltr'>καὶ</span> <span class='ocrx_word' id='word_1_490' title='bbox 925 5740 1255 5812; x_wconf 74' lang='grc' dir='ltr'>ἐπιϐουλῆςς</span> <span class='ocrx_word' id='word_1_491' title='bbox 1288 5747 1385 5797; x_wconf 73' lang='grc' dir='ltr'>οὐκ</span> <span class='ocrx_word' id='word_1_492' title='bbox 1421 5748 1623 5817; x_wconf 75' lang='grc' dir='ltr'>ἔχθρας</span> <span class='ocrx_word' id='word_1_493' title='bbox 1676 5756 1772 5808; x_wconf 76' lang='grc' dir='ltr'>καὶ</span> 
     </span>
    </p>
   </div>
   <div class='ocr_carea' id='block_1_67' title="bbox 1204 319 2444 377">
    <p class='ocr_par' dir='ltr' id='par_1_67' title="bbox 1204 319 2444 377">
     <span class='ocr_line' id='line_1_67' title="bbox 1204 319 2444 377; baseline 0.001 -1"><span class='ocrx_word' id='word_1_494' title='bbox 1204 324 1271 377; x_wconf 81' lang='lat' dir='ltr'>IN</span> <span class='ocrx_word' id='word_1_495' title='bbox 1319 321 1537 376; x_wconf 75' lang='lat' dir='ltr'>EPIST.</span> <span class='ocrx_word' id='word_1_496' title='bbox 1578 321 1597 375; x_wconf 79' lang='grc'><strong>1</strong></span> <span class='ocrx_word' id='word_1_497' title='bbox 1647 320 1740 375; x_wconf 77' lang='lat' dir='ltr'>AD</span> <span class='ocrx_word' id='word_1_498' title='bbox 1782 319 1939 375; x_wconf 76' lang='lat' dir='ltr'>COR.</span> <span class='ocrx_word' id='word_1_499' title='bbox 1976 319 2213 374; x_wconf 66' lang='lat' dir='ltr'>IIOMIL.</span> <span class='ocrx_word' id='word_1_500' title='bbox 2252 321 2444 377; x_wconf 74' lang='lat' dir='ltr'>XXIII.</span> 
     </span>
    </p>
   </div>
   <div class='ocr_carea' id='block_1_68' title="bbox 3434 324 3534 379">
    <p class='ocr_par' dir='ltr' id='par_1_68' title="bbox 3434 324 3534 379">
     <span class='ocr_line' id='line_1_68' title="bbox 3434 324 3534 379; baseline 0 0"><span class='ocrx_word' id='word_1_501' title='bbox 3434 324 3534 379; x_wconf 63' lang='lat'>1‘36</span> 
     </span>
    </p>
   </div>
   <div class='ocr_carea' id='block_1_69' title="bbox 1944 436 3525 510">
    <p class='ocr_par' dir='ltr' id='par_1_69' title="bbox 1944 436 3525 510">
     <span class='ocr_line' id='line_1_69' title="bbox 1944 436 3525 510; baseline 0.001 -23"><span class='ocrx_word' id='word_1_502' title='bbox 1944 436 2039 487; x_wconf 77' lang='grc' dir='ltr'>καὶ</span> <span class='ocrx_word' id='word_1_503' title='bbox 2066 438 2295 503; x_wconf 86' lang='grc' dir='ltr'>σποδός;</span> <span class='ocrx_word' id='word_1_504' title='bbox 2328 438 2409 499; x_wconf 87' lang='grc' dir='ltr'>τίς</span> <span class='ocrx_word' id='word_1_505' title='bbox 2436 441 2469 509; x_wconf 90' lang='grc' dir='ltr'>ἡ</span> <span class='ocrx_word' id='word_1_506' title='bbox 2519 440 2705 508; x_wconf 83' lang='grc' dir='ltr'>μανία,</span> <span class='ocrx_word' id='word_1_507' title='bbox 2737 440 2819 503; x_wconf 86' lang='grc' dir='ltr'>τίς</span> <span class='ocrx_word' id='word_1_508' title='bbox 2849 442 2881 510; x_wconf 91' lang='grc' dir='ltr'>ἡ</span> <span class='ocrx_word' id='word_1_509' title='bbox 2936 440 3119 502; x_wconf 77' lang='grc' dir='ltr'>νόσοςί</span> <span class='ocrx_word' id='word_1_510' title='bbox 3158 438 3295 494; x_wconf 85' lang='grc' dir='ltr'>άλλά</span> <span class='ocrx_word' id='word_1_511' title='bbox 3323 439 3433 505; x_wconf 73' lang='grc' dir='ltr'>γὰρ</span> <span class='ocrx_word' id='word_1_512' title='bbox 3466 440 3525 492; x_wconf 84' lang='grc' dir='ltr'>ού</span> 
     </span>
    </p>
   </div>
   <div class='ocr_carea' id='block_1_70' title="bbox 1943 526 3529 597">
    <p class='ocr_par' dir='ltr' id='par_1_70' title="bbox 1943 526 3529 597">
     <span class='ocr_line' id='line_1_70' title="bbox 1943 526 3529 597; baseline 0.003 -21"><span class='ocrx_word' id='word_1_513' title='bbox 1943 529 2274 596; x_wconf 83' lang='grc' dir='ltr'>κατηγορεῖν</span> <span class='ocrx_word' id='word_1_514' title='bbox 2320 526 2400 579; x_wconf 86' lang='grc' dir='ltr'>δεῖ</span> <span class='ocrx_word' id='word_1_515' title='bbox 2445 528 2605 597; x_wconf 87' lang='grc' dir='ltr'>μόνον</span> <span class='ocrx_word' id='word_1_516' title='bbox 2659 528 2769 580; x_wconf 91' lang='grc' dir='ltr'>τῶν</span> <span class='ocrx_word' id='word_1_517' title='bbox 2818 528 3120 582; x_wconf 80' lang='grc' dir='ltr'>νοσούντων</span> <span class='ocrx_word' id='word_1_518' title='bbox 3167 529 3235 580; x_wconf 86' lang='grc' dir='ltr'>τά</span> <span class='ocrx_word' id='word_1_519' title='bbox 3282 526 3529 593; x_wconf 87' lang='grc' dir='ltr'>τοιαῦτα,</span> 
     </span>
    </p>
   </div>
   <div class='ocr_carea' id='block_1_71' title="bbox 1943 611 3531 686">
    <p class='ocr_par' dir='ltr' id='par_1_71' title="bbox 1943 611 3531 686">
     <span class='ocr_line' id='line_1_71' title="bbox 1943 611 3531 686; baseline 0.003 -23"><span class='ocrx_word' id='word_1_520' title='bbox 1943 612 2130 682; x_wconf 81' lang='grc' dir='ltr'>φησὶν,</span> <span class='ocrx_word' id='word_1_521' title='bbox 2155 611 2295 665; x_wconf 85' lang='grc' dir='ltr'>ἀλλά</span> <span class='ocrx_word' id='word_1_522' title='bbox 2330 613 2425 665; x_wconf 74' lang='grc' dir='ltr'>καὶ</span> <span class='ocrx_word' id='word_1_523' title='bbox 2454 614 2746 668; x_wconf 86' lang='grc' dir='ltr'>καταλύειν</span> <span class='ocrx_word' id='word_1_524' title='bbox 2772 615 2863 669; x_wconf 80' lang='grc' dir='ltr'>τὸν</span> <span class='ocrx_word' id='word_1_525' title='bbox 2880 614 3081 686; x_wconf 70' lang='grc' dir='ltr'>ἔρωτα.</span> <span class='ocrx_word' id='word_1_526' title='bbox 3119 616 3229 668; x_wconf 82' lang='grc' dir='ltr'>Καὶ</span> <span class='ocrx_word' id='word_1_527' title='bbox 3271 614 3391 675; x_wconf 89' lang='grc' dir='ltr'>πῶς</span> <span class='ocrx_word' id='word_1_528' title='bbox 3415 615 3531 667; x_wconf 82' lang='grc' dir='ltr'>ἐτέ-</span> 
     </span>
    </p>
   </div>
   <div class='ocr_carea' id='block_1_72' title="bbox 1943 698 3527 772">
    <p class='ocr_par' dir='ltr' id='par_1_72' title="bbox 1943 698 3527 772">
     <span class='ocr_line' id='line_1_72' title="bbox 1943 698 3527 772; baseline 0.002 -22"><span class='ocrx_word' id='word_1_529' title='bbox 1943 714 2052 767; x_wconf 91' lang='grc' dir='ltr'>ρως</span> <span class='ocrx_word' id='word_1_530' title='bbox 2076 698 2475 769; x_wconf 84' lang='grc' dir='ltr'>καταλύσομεν,</span> <span class='ocrx_word' id='word_1_531' title='bbox 2510 702 2625 753; x_wconf 76' lang='grc' dir='ltr'>ἀλλ’</span> <span class='ocrx_word' id='word_1_532' title='bbox 2656 702 2687 772; x_wconf 84' lang='grc' dir='ltr'>ἡ</span> <span class='ocrx_word' id='word_1_533' title='bbox 2713 702 3021 765; x_wconf 85' lang='grc' dir='ltr'>δεικνύντες</span> <span class='ocrx_word' id='word_1_534' title='bbox 3042 701 3245 770; x_wconf 89' lang='grc' dir='ltr'>φαῦλον</span> <span class='ocrx_word' id='word_1_535' title='bbox 3275 701 3407 754; x_wconf 74' lang='grc' dir='ltr'>ὄντα</span> <span class='ocrx_word' id='word_1_536' title='bbox 3435 701 3527 753; x_wconf 68' lang='grc' dir='ltr'>καὶ</span> 
     </span>
    </p>
   </div>
   <div class='ocr_carea' id='block_1_73' title="bbox 1945 786 3530 857">
    <p class='ocr_par' dir='ltr' id='par_1_73' title="bbox 1945 786 3530 857">
     <span class='ocr_line' id='line_1_73' title="bbox 1945 786 3530 857; baseline 0.002 -20"><span class='ocrx_word' id='word_1_537' title='bbox 1945 786 2154 856; x_wconf 81' lang='grc' dir='ltr'>μυρίων</span> <span class='ocrx_word' id='word_1_538' title='bbox 2175 788 2365 839; x_wconf 87' lang='grc' dir='ltr'>κακῶν</span> <span class='ocrx_word' id='word_1_539' title='bbox 2398 789 2750 857; x_wconf 54' lang='grc' dir='ltr'>ἀνάμεστον)</span> <span class='ocrx_word' id='word_1_540' title='bbox 2778 789 2942 843; x_wconf 84' lang='grc' dir='ltr'>Ἀλλά</span> <span class='ocrx_word' id='word_1_541' title='bbox 2973 789 3132 842; x_wconf 88' lang='grc' dir='ltr'>τοῦτο</span> <span class='ocrx_word' id='word_1_542' title='bbox 3172 791 3274 842; x_wconf 81' lang='grc' dir='ltr'>οὐκ</span> <span class='ocrx_word' id='word_1_543' title='bbox 3305 788 3530 841; x_wconf 74' lang='grc' dir='ltr'>εὔκολον</span> 
     </span>
    </p>
   </div>
   <div class='ocr_carea' id='block_1_74' title="bbox 1939 866 3529 941">
    <p class='ocr_par' dir='ltr' id='par_1_74' title="bbox 1939 866 3529 941">
     <span class='ocr_line' id='line_1_74' title="bbox 1939 866 3529 941; baseline 0.003 -23"><span class='ocrx_word' id='word_1_544' title='bbox 1939 866 2029 919; x_wconf 80' lang='grc' dir='ltr'>τὸν</span> <span class='ocrx_word' id='word_1_545' title='bbox 2055 868 2266 939; x_wconf 83' lang='grc' dir='ltr'>ἐρῶντα</span> <span class='ocrx_word' id='word_1_546' title='bbox 2295 874 2481 925; x_wconf 83' lang='grc' dir='ltr'>πεῖσαι</span> <span class='ocrx_word' id='word_1_547' title='bbox 2513 873 2641 941; x_wconf 77' lang='grc' dir='ltr'>περὶ</span> <span class='ocrx_word' id='word_1_548' title='bbox 2683 872 2790 926; x_wconf 87' lang='grc' dir='ltr'>τῶν</span> <span class='ocrx_word' id='word_1_549' title='bbox 2824 872 3113 926; x_wconf 83' lang='grc' dir='ltr'>παιδικῶν.</span> <span class='ocrx_word' id='word_1_550' title='bbox 3161 870 3371 924; x_wconf 82' lang='grc' dir='ltr'>υύκοῦν</span> <span class='ocrx_word' id='word_1_551' title='bbox 3406 872 3529 923; x_wconf 86' lang='grc' dir='ltr'>ἐτε-</span> 
     </span>
    </p>
   </div>
   <div class='ocr_carea' id='block_1_75' title="bbox 1942 953 3529 1026">
    <p class='ocr_par' dir='ltr' id='par_1_75' title="bbox 1942 953 3529 1026">
     <span class='ocr_line' id='line_1_75' title="bbox 1942 953 3529 1026; baseline 0.003 -26"><span class='ocrx_word' id='word_1_552' title='bbox 1942 966 2033 1019; x_wconf 84' lang='grc' dir='ltr'>ρον</span> <span class='ocrx_word' id='word_1_553' title='bbox 2065 953 2213 1022; x_wconf 70' lang='grc' dir='ltr'>αὐτῷ</span> <span class='ocrx_word' id='word_1_554' title='bbox 2261 954 2454 1018; x_wconf 84' lang='grc' dir='ltr'>κάλλος</span> <span class='ocrx_word' id='word_1_555' title='bbox 2508 956 2830 1026; x_wconf 81' lang='grc' dir='ltr'>ἀντιστῆσαι</span> <span class='ocrx_word' id='word_1_556' title='bbox 2879 956 2979 1010; x_wconf 90' lang='grc' dir='ltr'>δεῖ.</span> <span class='ocrx_word' id='word_1_557' title='bbox 3029 956 3189 1009; x_wconf 77' lang='grc' dir='ltr'>Ἀλλὰ</span> <span class='ocrx_word' id='word_1_558' title='bbox 3236 954 3529 1023; x_wconf 78' lang='grc' dir='ltr'>ἀσώματον</span> 
     </span>
    </p>
   </div>
   <div class='ocr_carea' id='block_1_76' title="bbox 1937 1035 3527 1108">
    <p class='ocr_par' dir='ltr' id='par_1_76' title="bbox 1937 1035 3527 1108">
     <span class='ocr_line' id='line_1_76' title="bbox 1937 1035 3527 1108; baseline 0.002 -22"><span class='ocrx_word' id='word_1_559' title='bbox 1937 1035 2035 1105; x_wconf 77' lang='grc' dir='ltr'>οὐχ</span> <span class='ocrx_word' id='word_1_560' title='bbox 2067 1037 2170 1106; x_wconf 75' lang='grc' dir='ltr'>ὁρᾷ</span> <span class='ocrx_word' id='word_1_561' title='bbox 2197 1038 2410 1101; x_wconf 83' lang='grc' dir='ltr'>κάλλος,</span> <span class='ocrx_word' id='word_1_562' title='bbox 2455 1038 2534 1092; x_wconf 77' lang='grc' dir='ltr'>ἐτι</span> <span class='ocrx_word' id='word_1_563' title='bbox 2580 1040 2768 1093; x_wconf 76' lang='grc' dir='ltr'>νοσῶψ</span> <span class='ocrx_word' id='word_1_564' title='bbox 2807 1039 3007 1093; x_wconf 81' lang='grc' dir='ltr'>οὐκοῦν</span> <span class='ocrx_word' id='word_1_565' title='bbox 3052 1038 3367 1108; x_wconf 82' lang='grc' dir='ltr'>σωματικὸν</span> <span class='ocrx_word' id='word_1_566' title='bbox 3402 1041 3527 1090; x_wconf 75' lang='grc' dir='ltr'>ἐπι-</span> 
     </span>
    </p>
   </div>
   <div class='ocr_carea' id='block_1_77' title="bbox 1936 1116 3526 1192">
    <p class='ocr_par' dir='ltr' id='par_1_77' title="bbox 1936 1116 3526 1192">
     <span class='ocr_line' id='line_1_77' title="bbox 1936 1116 3526 1192; baseline 0.006 -23"><span class='ocrx_word' id='word_1_567' title='bbox 1936 1116 2219 1189; x_wconf 81' lang='grc' dir='ltr'>δείξωμεν,</span> <span class='ocrx_word' id='word_1_568' title='bbox 2261 1122 2354 1173; x_wconf 71' lang='grc' dir='ltr'>καὶ</span> <span class='ocrx_word' id='word_1_569' title='bbox 2388 1124 2630 1192; x_wconf 74' lang='grc' dir='ltr'>εἴπωμεν</span> <span class='ocrx_word' id='word_1_570' title='bbox 2662 1123 2798 1192; x_wconf 85' lang='grc' dir='ltr'>πρὸς</span> <span class='ocrx_word' id='word_1_571' title='bbox 2849 1122 3033 1177; x_wconf 79' lang='grc' dir='ltr'>αὐτόν·</span> <span class='ocrx_word' id='word_1_572' title='bbox 3074 1122 3362 1190; x_wconf 79' lang='grc' dir='ltr'>Ἐννόησον</span> <span class='ocrx_word' id='word_1_573' title='bbox 3399 1121 3526 1180; x_wconf 78' lang='grc' dir='ltr'>τοὺς</span> 
     </span>
    </p>
   </div>
   <div class='ocr_carea' id='block_1_78' title="bbox 1934 1199 3527 1275">
    <p class='ocr_par' dir='ltr' id='par_1_78' title="bbox 1934 1199 3527 1275">
     <span class='ocr_line' id='line_1_78' title="bbox 1934 1199 3527 1275; baseline 0.006 -23"><span class='ocrx_word' id='word_1_574' title='bbox 1934 1199 2205 1270; x_wconf 86' lang='grc' dir='ltr'>λειμῶνας</span> <span class='ocrx_word' id='word_1_575' title='bbox 2235 1206 2416 1258; x_wconf 77' lang='grc' dir='ltr'>καὶτὰ</span> <span class='ocrx_word' id='word_1_576' title='bbox 2438 1208 2496 1257; x_wconf 81' lang='grc' dir='ltr'>ἐν</span> <span class='ocrx_word' id='word_1_577' title='bbox 2528 1208 2707 1267; x_wconf 79' lang='grc' dir='ltr'>αὐτοῖς</span> <span class='ocrx_word' id='word_1_578' title='bbox 2741 1206 2901 1275; x_wconf 76' lang='grc' dir='ltr'>ἄνθη,</span> <span class='ocrx_word' id='word_1_579' title='bbox 2954 1204 3021 1259; x_wconf 79' lang='grc' dir='ltr'>τὰ</span> <span class='ocrx_word' id='word_1_580' title='bbox 3065 1203 3292 1275; x_wconf 87' lang='grc' dir='ltr'>χρυσίου</span> <span class='ocrx_word' id='word_1_581' title='bbox 3325 1202 3527 1263; x_wconf 69' lang='grc' dir='ltr'>παντὸς</span> 
     </span>
    </p>
   </div>
   <div class='ocr_carea' id='block_1_79' title="bbox 1936 1286 3526 1358">
    <p class='ocr_par' dir='ltr' id='par_1_79' title="bbox 1936 1286 3526 1358">
     <span class='ocr_line' id='line_1_79' title="bbox 1936 1286 3526 1358; baseline 0 -21"><span class='ocrx_word' id='word_1_582' title='bbox 1936 1286 2263 1358; x_wconf 87' lang='grc' dir='ltr'>φαιδρότερα</span> <span class='ocrx_word' id='word_1_583' title='bbox 2314 1290 2407 1342; x_wconf 77' lang='grc' dir='ltr'>καὶ</span> <span class='ocrx_word' id='word_1_584' title='bbox 2485 1289 2591 1341; x_wconf 88' lang='grc' dir='ltr'>τῶν</span> <span class='ocrx_word' id='word_1_585' title='bbox 2638 1289 2996 1342; x_wconf 88' lang='grc' dir='ltr'>παντοδαπῶν</span> <span class='ocrx_word' id='word_1_586' title='bbox 3044 1288 3376 1357; x_wconf 87' lang='grc' dir='ltr'>χαριέστερα</span> <span class='ocrx_word' id='word_1_587' title='bbox 3431 1286 3526 1338; x_wconf 75' lang='grc' dir='ltr'>καὶ</span> 
     </span>
    </p>
   </div>
   <div class='ocr_carea' id='block_1_80' title="bbox 1932 1369 3525 1441">
    <p class='ocr_par' dir='ltr' id='par_1_80' title="bbox 1932 1369 3525 1441">
     <span class='ocr_line' id='line_1_80' title="bbox 1932 1369 3525 1441; baseline -0.001 -21"><span class='ocrx_word' id='word_1_588' title='bbox 1932 1369 2291 1440; x_wconf 86' lang='grc' dir='ltr'>διαυγέστερα</span> <span class='ocrx_word' id='word_1_589' title='bbox 2336 1371 2532 1424; x_wconf 83' lang='grc' dir='ltr'>λίθων’</span> <span class='ocrx_word' id='word_1_590' title='bbox 2565 1373 2819 1441; x_wconf 81' lang='grc' dir='ltr'>ἐννόησον</span> <span class='ocrx_word' id='word_1_591' title='bbox 2846 1371 2916 1425; x_wconf 88' lang='grc' dir='ltr'>τὰ</span> <span class='ocrx_word' id='word_1_592' title='bbox 2955 1372 3125 1440; x_wconf 83' lang='grc' dir='ltr'>διειδῆ</span> <span class='ocrx_word' id='word_1_593' title='bbox 3183 1370 3290 1423; x_wconf 89' lang='grc' dir='ltr'>τῶν</span> <span class='ocrx_word' id='word_1_594' title='bbox 3330 1370 3525 1437; x_wconf 90' lang='grc' dir='ltr'>πηγῶν</span> 
     </span>
    </p>
   </div>
   <div class='ocr_carea' id='block_1_81' title="bbox 1935 1453 3525 1525">
    <p class='ocr_par' dir='ltr' id='par_1_81' title="bbox 1935 1453 3525 1525">
     <span class='ocr_line' id='line_1_81' title="bbox 1935 1453 3525 1525; baseline -0.001 -22"><span class='ocrx_word' id='word_1_595' title='bbox 1935 1453 2148 1523; x_wconf 79' lang='grc' dir='ltr'>ῥεῖθρα,</span> <span class='ocrx_word' id='word_1_596' title='bbox 2176 1456 2301 1517; x_wconf 75' lang='grc' dir='ltr'>τοὺς</span> <span class='ocrx_word' id='word_1_597' title='bbox 2349 1456 2631 1525; x_wconf 81' lang='grc' dir='ltr'>ποταμοὺς</span> <span class='ocrx_word' id='word_1_598' title='bbox 2670 1456 2798 1518; x_wconf 84' lang='grc' dir='ltr'>τοὺς</span> <span class='ocrx_word' id='word_1_599' title='bbox 2841 1455 3023 1510; x_wconf 90' lang='grc' dir='ltr'>ἐλαίου</span> <span class='ocrx_word' id='word_1_600' title='bbox 3072 1455 3230 1523; x_wconf 87' lang='grc' dir='ltr'>δίκην</span> <span class='ocrx_word' id='word_1_601' title='bbox 3279 1453 3525 1521; x_wconf 72' lang='grc' dir='ltr'>ἀψοφητὶ</span> 
     </span>
    </p>
   </div>
   <div class='ocr_carea' id='block_1_82' title="bbox 1932 1535 3519 1609">
    <p class='ocr_par' dir='ltr' id='par_1_82' title="bbox 1932 1535 3519 1609">
     <span class='ocr_line' id='line_1_82' title="bbox 1932 1535 3519 1609; baseline 0.001 -24"><span class='ocrx_word' id='word_1_602' title='bbox 1932 1535 2154 1603; x_wconf 77' lang='grc' dir='ltr'>ῥέοντας</span> <span class='ocrx_word' id='word_1_603' title='bbox 2189 1539 2295 1589; x_wconf 79' lang='grc' dir='ltr'>ἀπὸ</span> <span class='ocrx_word' id='word_1_604' title='bbox 2339 1539 2439 1608; x_wconf 86' lang='grc' dir='ltr'>τῆς</span> <span class='ocrx_word' id='word_1_605' title='bbox 2470 1539 2577 1607; x_wconf 82' lang='grc' dir='ltr'>γῆς</span> <span class='ocrx_word' id='word_1_606' title='bbox 2607 1557 2619 1570; x_wconf 89' lang='grc'><strong>·</strong></span> <span class='ocrx_word' id='word_1_607' title='bbox 2672 1540 2908 1609; x_wconf 76' lang='grc' dir='ltr'>ἀνάϐηθι</span> <span class='ocrx_word' id='word_1_608' title='bbox 2962 1538 3099 1608; x_wconf 76' lang='grc' dir='ltr'>πρὸς</span> <span class='ocrx_word' id='word_1_609' title='bbox 3140 1538 3232 1590; x_wconf 82' lang='grc' dir='ltr'>τὸν</span> <span class='ocrx_word' id='word_1_610' title='bbox 3269 1536 3519 1607; x_wconf 81' lang='grc' dir='ltr'>οὐρανὸν,</span> 
     </span>
    </p>
   </div>
   <div class='ocr_carea' id='block_1_83' title="bbox 1933 1613 3521 1689">
    <p class='ocr_par' dir='ltr' id='par_1_83' title="bbox 1933 1613 3521 1689">
     <span class='ocr_line' id='line_1_83' title="bbox 1933 1613 3521 1689; baseline -0.001 -25"><span class='ocrx_word' id='word_1_611' title='bbox 1933 1614 2026 1665; x_wconf 80' lang='grc' dir='ltr'>καὶ</span> <span class='ocrx_word' id='word_1_612' title='bbox 2049 1613 2123 1665; x_wconf 83' lang='grc' dir='ltr'>ίδε</span> <span class='ocrx_word' id='word_1_613' title='bbox 2155 1614 2246 1666; x_wconf 91' lang='grc' dir='ltr'>τοῦ</span> <span class='ocrx_word' id='word_1_614' title='bbox 2276 1616 2429 1684; x_wconf 81' lang='grc' dir='ltr'>ἡλίου</span> <span class='ocrx_word' id='word_1_615' title='bbox 2455 1616 2517 1668; x_wconf 82' lang='grc' dir='ltr'>τὸ</span> <span class='ocrx_word' id='word_1_616' title='bbox 2550 1618 2767 1679; x_wconf 74' lang='grc' dir='ltr'>κάλλος,</span> <span class='ocrx_word' id='word_1_617' title='bbox 2799 1619 2893 1687; x_wconf 86' lang='grc' dir='ltr'>τῆς</span> <span class='ocrx_word' id='word_1_618' title='bbox 2930 1617 3159 1689; x_wconf 83' lang='grc' dir='ltr'>σελήνης</span> <span class='ocrx_word' id='word_1_619' title='bbox 3180 1616 3279 1686; x_wconf 66' lang='grc' dir='ltr'>τὴν</span> <span class='ocrx_word' id='word_1_620' title='bbox 3312 1614 3521 1682; x_wconf 84' lang='grc' dir='ltr'>εύπρέ-</span> 
     </span>
    </p>
   </div>
   <div class='ocr_carea' id='block_1_84' title="bbox 1930 1696 3511 1768">
    <p class='ocr_par' dir='ltr' id='par_1_84' title="bbox 1930 1696 3511 1768">
     <span class='ocr_line' id='line_1_84' title="bbox 1930 1696 3511 1768; baseline 0.001 -23"><span class='ocrx_word' id='word_1_621' title='bbox 1930 1711 2111 1761; x_wconf 84' lang='grc' dir='ltr'>πειαν,</span> <span class='ocrx_word' id='word_1_622' title='bbox 2147 1696 2255 1749; x_wconf 88' lang='grc' dir='ltr'>τῶν</span> <span class='ocrx_word' id='word_1_623' title='bbox 2277 1700 2492 1767; x_wconf 82' lang='grc' dir='ltr'>ἄστρων</span> <span class='ocrx_word' id='word_1_624' title='bbox 2523 1700 2591 1752; x_wconf 85' lang='grc' dir='ltr'>τά</span> <span class='ocrx_word' id='word_1_625' title='bbox 2607 1700 2765 1768; x_wconf 80' lang='grc' dir='ltr'>ἄνθη.</span> <span class='ocrx_word' id='word_1_626' title='bbox 2802 1702 2911 1751; x_wconf 74' lang='grc' dir='ltr'>Καὶ</span> <span class='ocrx_word' id='word_1_627' title='bbox 2971 1700 3024 1751; x_wconf 91' lang='grc' dir='ltr'>τί</span> <span class='ocrx_word' id='word_1_628' title='bbox 3072 1698 3235 1752; x_wconf 90' lang='grc' dir='ltr'>τοῦτο</span> <span class='ocrx_word' id='word_1_629' title='bbox 3266 1714 3281 1760; x_wconf 86' lang='lat'><strong>;</strong></span> <span class='ocrx_word' id='word_1_630' title='bbox 3312 1697 3475 1766; x_wconf 89' lang='grc' dir='ltr'>φησίν</span> <span class='ocrx_word' id='word_1_631' title='bbox 3500 1711 3511 1723; x_wconf 90' lang='grc'><strong>·</strong></span> 
     </span>
    </p>
   </div>
   <div class='ocr_carea' id='block_1_85' title="bbox 1928 1778 3517 1851">
    <p class='ocr_par' dir='ltr' id='par_1_85' title="bbox 1928 1778 3517 1851">
     <span class='ocr_line' id='line_1_85' title="bbox 1928 1778 3517 1851; baseline -0.002 -20"><span class='ocrx_word' id='word_1_632' title='bbox 1928 1779 1987 1831; x_wconf 85' lang='grc' dir='ltr'>οὐ</span> <span class='ocrx_word' id='word_1_633' title='bbox 2019 1780 2125 1848; x_wconf 83' lang='grc' dir='ltr'>γὰρ</span> <span class='ocrx_word' id='word_1_634' title='bbox 2165 1780 2230 1850; x_wconf 82' lang='grc' dir='ltr'>δὴ</span> <span class='ocrx_word' id='word_1_635' title='bbox 2269 1783 2587 1851; x_wconf 84' lang='grc' dir='ltr'>κεχρήμεθα</span> <span class='ocrx_word' id='word_1_636' title='bbox 2630 1785 2812 1846; x_wconf 80' lang='grc' dir='ltr'>αὐτοῖς</span> <span class='ocrx_word' id='word_1_637' title='bbox 2835 1782 2911 1845; x_wconf 85' lang='grc' dir='ltr'>ὡς</span> <span class='ocrx_word' id='word_1_638' title='bbox 2953 1785 3063 1845; x_wconf 87' lang='grc' dir='ltr'>τοῖς</span> <span class='ocrx_word' id='word_1_639' title='bbox 3098 1781 3369 1851; x_wconf 79' lang='grc' dir='ltr'>χρήμασι.</span> <span class='ocrx_word' id='word_1_640' title='bbox 3406 1778 3517 1831; x_wconf 76' lang='grc' dir='ltr'>Καὶ</span> 
     </span>
    </p>
   </div>
   <div class='ocr_carea' id='block_1_86' title="bbox 1933 1862 3519 1935">
    <p class='ocr_par' dir='ltr' id='par_1_86' title="bbox 1933 1862 3519 1935">
     <span class='ocr_line' id='line_1_86' title="bbox 1933 1862 3519 1935; baseline -0.002 -21"><span class='ocrx_word' id='word_1_641' title='bbox 1933 1862 2037 1932; x_wconf 83' lang='grc' dir='ltr'>μὴν</span> <span class='ocrx_word' id='word_1_642' title='bbox 2072 1863 2254 1930; x_wconf 84' lang='grc' dir='ltr'>πλέον,</span> <span class='ocrx_word' id='word_1_643' title='bbox 2290 1864 2457 1934; x_wconf 79' lang='grc' dir='ltr'>ἡτοῖς</span> <span class='ocrx_word' id='word_1_644' title='bbox 2486 1868 2781 1935; x_wconf 86' lang='grc' dir='ltr'>χρήμασιν,</span> <span class='ocrx_word' id='word_1_645' title='bbox 2827 1868 2937 1935; x_wconf 84' lang='grc' dir='ltr'>ὃσῳ</span> <span class='ocrx_word' id='word_1_646' title='bbox 2967 1866 3062 1918; x_wconf 77' lang='grc' dir='ltr'>καὶ</span> <span class='ocrx_word' id='word_1_647' title='bbox 3114 1862 3519 1930; x_wconf 86' lang='grc' dir='ltr'>ἀναγκαιοτέρα</span> 
     </span>
    </p>
   </div>
   <div class='ocr_carea' id='block_1_87' title="bbox 1929 1944 3517 2018">
    <p class='ocr_par' dir='ltr' id='par_1_87' title="bbox 1929 1944 3517 2018">
     <span class='ocr_line' id='line_1_87' title="bbox 1929 1944 3517 2018; baseline -0.002 -22"><span class='ocrx_word' id='word_1_648' title='bbox 1929 1945 2112 1997; x_wconf 80' lang='grc' dir='ltr'>αὐτῶν</span> <span class='ocrx_word' id='word_1_649' title='bbox 2144 1948 2176 2016; x_wconf 90' lang='grc' dir='ltr'>ή</span> <span class='ocrx_word' id='word_1_650' title='bbox 2209 1949 2392 2017; x_wconf 87' lang='grc' dir='ltr'>χρεία,</span> <span class='ocrx_word' id='word_1_651' title='bbox 2420 1950 2512 2000; x_wconf 75' lang='grc' dir='ltr'>καὶ</span> <span class='ocrx_word' id='word_1_652' title='bbox 2538 1949 2920 2018; x_wconf 86' lang='grc' dir='ltr'>ἀσφαλεστέρα</span> <span class='ocrx_word' id='word_1_653' title='bbox 2948 1951 2979 2017; x_wconf 88' lang='grc' dir='ltr'>ἡ</span> <span class='ocrx_word' id='word_1_654' title='bbox 3023 1948 3344 2007; x_wconf 82' lang='grc' dir='ltr'>ἀπόλαυσις.</span> <span class='ocrx_word' id='word_1_655' title='bbox 3380 1944 3517 1996; x_wconf 75' lang='grc' dir='ltr'><strong>Οὐδὲ</strong></span> 
     </span>
    </p>
   </div>
   <div class='ocr_carea' id='block_1_88' title="bbox 1927 2030 3518 2106">
    <p class='ocr_par' dir='ltr' id='par_1_88' title="bbox 1927 2030 3518 2106">
     <span class='ocr_line' id='line_1_88' title="bbox 1927 2030 3518 2106; baseline -0.004 -20"><span class='ocrx_word' id='word_1_656' title='bbox 1927 2032 2038 2101; x_wconf 83' lang='grc' dir='ltr'>γὰρ</span> <span class='ocrx_word' id='word_1_657' title='bbox 2071 2032 2334 2099; x_wconf 85' lang='grc' dir='ltr'>δέδοικας,</span> <span class='ocrx_word' id='word_1_658' title='bbox 2393 2036 2467 2105; x_wconf 90' lang='grc' dir='ltr'>μή</span> <span class='ocrx_word' id='word_1_659' title='bbox 2522 2053 2640 2096; x_wconf 89' lang='grc' dir='ltr'>τις,</span> <span class='ocrx_word' id='word_1_660' title='bbox 2692 2036 2884 2105; x_wconf 83' lang='grc' dir='ltr'>ὥσπερ</span> <span class='ocrx_word' id='word_1_661' title='bbox 2916 2036 2984 2089; x_wconf 85' lang='grc' dir='ltr'>τὰ</span> <span class='ocrx_word' id='word_1_662' title='bbox 3026 2036 3326 2106; x_wconf 85' lang='grc' dir='ltr'>χρήματα,</span> <span class='ocrx_word' id='word_1_663' title='bbox 3378 2030 3518 2083; x_wconf 62' lang='grc' dir='ltr'>αὐτὰ</span> 
     </span>
    </p>
   </div>
   <div class='ocr_carea' id='block_1_89' title="bbox 1926 2118 3514 2194">
    <p class='ocr_par' dir='ltr' id='par_1_89' title="bbox 1926 2118 3514 2194">
     <span class='ocr_line' id='line_1_89' title="bbox 1926 2118 3514 2194; baseline -0.002 -23"><span class='ocrx_word' id='word_1_664' title='bbox 1926 2118 2108 2173; x_wconf 78' lang='grc' dir='ltr'>λαὸὼν</span> <span class='ocrx_word' id='word_1_665' title='bbox 2148 2122 2386 2194; x_wconf 81' lang='grc' dir='ltr'>άπέλθῃ’</span> <span class='ocrx_word' id='word_1_666' title='bbox 2420 2123 2534 2177; x_wconf 82' lang='grc' dir='ltr'>ἀλλ’</span> <span class='ocrx_word' id='word_1_667' title='bbox 2560 2123 2735 2189; x_wconf 82' lang='grc' dir='ltr'>ἔξεστί</span> <span class='ocrx_word' id='word_1_668' title='bbox 2770 2140 2852 2175; x_wconf 88' lang='grc' dir='ltr'>σοι</span> <span class='ocrx_word' id='word_1_669' title='bbox 2894 2124 3115 2194; x_wconf 78' lang='grc' dir='ltr'>θαρρεῖν</span> <span class='ocrx_word' id='word_1_670' title='bbox 3158 2122 3296 2193; x_wconf 74' lang='grc' dir='ltr'>ὑπὲρ</span> <span class='ocrx_word' id='word_1_671' title='bbox 3332 2118 3514 2174; x_wconf 81' lang='grc' dir='ltr'>αὐτῶν</span> 
     </span>
    </p>
   </div>
   <div class='ocr_carea' id='block_1_90' title="bbox 1923 2208 3511 2283">
    <p class='ocr_par' dir='ltr' id='par_1_90' title="bbox 1923 2208 3511 2283">
     <span class='ocr_line' id='line_1_90' title="bbox 1923 2208 3511 2283; baseline 0.001 -24"><span class='ocrx_word' id='word_1_672' title='bbox 1923 2209 2209 2278; x_wconf 87' lang='grc' dir='ltr'>διηνεκῶς,</span> <span class='ocrx_word' id='word_1_673' title='bbox 2235 2212 2515 2265; x_wconf 78' lang='grc' dir='ltr'>καὶταῦτα</span> <span class='ocrx_word' id='word_1_674' title='bbox 2538 2213 2612 2282; x_wconf 81' lang='grc' dir='ltr'>μὴ</span> <span class='ocrx_word' id='word_1_675' title='bbox 2644 2212 2977 2283; x_wconf 88' lang='grc' dir='ltr'>μεριμνῶντι</span> <span class='ocrx_word' id='word_1_676' title='bbox 3004 2208 3511 2281; x_wconf 78' lang='grc' dir='ltr'>μηδέφροντίζοντι.</span> 
     </span>
    </p>
   </div>
   <div class='ocr_carea' id='block_1_91' title="bbox 1924 2296 3507 2367">
    <p class='ocr_par' dir='ltr' id='par_1_91' title="bbox 1924 2296 3507 2367">
     <span class='ocr_line' id='line_1_91' title="bbox 1924 2296 3507 2367; baseline 0.001 -20"><span class='ocrx_word' id='word_1_677' title='bbox 1924 2296 1985 2347; x_wconf 85' lang='grc' dir='ltr'>Εί</span> <span class='ocrx_word' id='word_1_678' title='bbox 2009 2296 2081 2359; x_wconf 82' lang='grc' dir='ltr'>δ’,</span> <span class='ocrx_word' id='word_1_679' title='bbox 2117 2297 2197 2349; x_wconf 85' lang='grc' dir='ltr'>ὅτι</span> <span class='ocrx_word' id='word_1_680' title='bbox 2230 2300 2369 2367; x_wconf 88' lang='grc' dir='ltr'>μετά</span> <span class='ocrx_word' id='word_1_681' title='bbox 2401 2300 2511 2351; x_wconf 87' lang='grc' dir='ltr'>τῶν</span> <span class='ocrx_word' id='word_1_682' title='bbox 2538 2299 2713 2353; x_wconf 81' lang='grc' dir='ltr'>ἄλλων</span> <span class='ocrx_word' id='word_1_683' title='bbox 2738 2299 3029 2361; x_wconf 82' lang='grc' dir='ltr'>ἀπολαύεις</span> <span class='ocrx_word' id='word_1_684' title='bbox 3064 2296 3263 2359; x_wconf 70' lang='grc' dir='ltr'>αὖτῶν,</span> <span class='ocrx_word' id='word_1_685' title='bbox 3304 2296 3507 2361; x_wconf 84' lang='grc' dir='ltr'>ἀλγεῖς,</span> 
     </span>
    </p>
   </div>
   <div class='ocr_carea' id='block_1_92' title="bbox 1924 2382 3508 2455">
    <p class='ocr_par' dir='ltr' id='par_1_92' title="bbox 1924 2382 3508 2455">
     <span class='ocr_line' id='line_1_92' title="bbox 1924 2382 3508 2455; baseline 0.004 -22"><span class='ocrx_word' id='word_1_686' title='bbox 1924 2386 2018 2438; x_wconf 79' lang='grc' dir='ltr'>καὶ</span> <span class='ocrx_word' id='word_1_687' title='bbox 2051 2385 2125 2455; x_wconf 84' lang='grc' dir='ltr'>μὴ</span> <span class='ocrx_word' id='word_1_688' title='bbox 2150 2384 2309 2453; x_wconf 86' lang='grc' dir='ltr'>μόνος</span> <span class='ocrx_word' id='word_1_689' title='bbox 2344 2386 2483 2439; x_wconf 87' lang='grc' dir='ltr'>αὐτά</span> <span class='ocrx_word' id='word_1_690' title='bbox 2514 2386 2765 2455; x_wconf 84' lang='grc' dir='ltr'>κατέχεις</span> <span class='ocrx_word' id='word_1_691' title='bbox 2791 2385 2981 2455; x_wconf 82' lang='grc' dir='ltr'>ὥσπερ</span> <span class='ocrx_word' id='word_1_692' title='bbox 3028 2384 3095 2437; x_wconf 85' lang='grc' dir='ltr'>τὰ</span> <span class='ocrx_word' id='word_1_693' title='bbox 3141 2384 3421 2453; x_wconf 82' lang='grc' dir='ltr'>χρήματα,</span> <span class='ocrx_word' id='word_1_694' title='bbox 3446 2382 3508 2433; x_wconf 73' lang='grc' dir='ltr'>οὗ</span> 
     </span>
    </p>
   </div>
   <div class='ocr_carea' id='block_1_93' title="bbox 1922 2471 3505 2543">
    <p class='ocr_par' dir='ltr' id='par_1_93' title="bbox 1922 2471 3505 2543">
     <span class='ocr_line' id='line_1_93' title="bbox 1922 2471 3505 2543; baseline 0.001 -18"><span class='ocrx_word' id='word_1_695' title='bbox 1922 2473 2245 2541; x_wconf 85' lang='grc' dir='ltr'>χρημάτων,</span> <span class='ocrx_word' id='word_1_696' title='bbox 2274 2474 2409 2528; x_wconf 84' lang='grc' dir='ltr'>ἀλλὰ</span> <span class='ocrx_word' id='word_1_697' title='bbox 2443 2475 2504 2527; x_wconf 88' lang='grc' dir='ltr'>π)</span> <span class='ocrx_word' id='word_1_698' title='bbox 2518 2476 2756 2538; x_wconf 81' lang='grc' dir='ltr'>εονεξίας</span> <span class='ocrx_word' id='word_1_699' title='bbox 2792 2492 2881 2543; x_wconf 92' lang='grc' dir='ltr'>μοι</span> <span class='ocrx_word' id='word_1_700' title='bbox 2911 2474 3087 2536; x_wconf 81' lang='grc' dir='ltr'>δοκεῖς</span> <span class='ocrx_word' id='word_1_701' title='bbox 3132 2473 3263 2542; x_wconf 76' lang='grc' dir='ltr'>ἐρᾷν</span> <span class='ocrx_word' id='word_1_702' title='bbox 3318 2471 3505 2541; x_wconf 88' lang='grc' dir='ltr'>μόνης.</span> 
     </span>
    </p>
   </div>
   <div class='ocr_carea' id='block_1_94' title="bbox 1922 2559 3507 2631">
    <p class='ocr_par' dir='ltr' id='par_1_94' title="bbox 1922 2559 3507 2631">
     <span class='ocr_line' id='line_1_94' title="bbox 1922 2559 3507 2631; baseline 0 -21"><span class='ocrx_word' id='word_1_703' title='bbox 1922 2559 2033 2611; x_wconf 80' lang='lat' dir='ltr'><strong><em>Kal</em></strong></span> <span class='ocrx_word' id='word_1_704' title='bbox 2056 2560 2177 2612; x_wconf 78' lang='grc' dir='ltr'>οὐδὲ</span> <span class='ocrx_word' id='word_1_705' title='bbox 2216 2560 2283 2613; x_wconf 86' lang='grc' dir='ltr'>τά</span> <span class='ocrx_word' id='word_1_706' title='bbox 2333 2563 2596 2631; x_wconf 82' lang='grc' dir='ltr'>χρήματα</span> <span class='ocrx_word' id='word_1_707' title='bbox 2652 2562 2917 2630; x_wconf 78' lang='grc' dir='ltr'>ἐφίλησας</span> <span class='ocrx_word' id='word_1_708' title='bbox 2947 2559 3033 2623; x_wconf 79' lang='grc' dir='ltr'>ἂν,</span> <span class='ocrx_word' id='word_1_709' title='bbox 3067 2562 3115 2612; x_wconf 88' lang='grc' dir='ltr'>εί</span> <span class='ocrx_word' id='word_1_710' title='bbox 3149 2559 3301 2612; x_wconf 87' lang='grc' dir='ltr'>κοινά</span> <span class='ocrx_word' id='word_1_711' title='bbox 3332 2559 3507 2629; x_wconf 83' lang='grc' dir='ltr'>πρού-</span> 
     </span>
    </p>
   </div>
   <div class='ocr_carea' id='block_1_95' title="bbox 1921 2646 3507 2720">
    <p class='ocr_par' dir='ltr' id='par_1_95' title="bbox 1921 2646 3507 2720">
     <span class='ocr_line' id='line_1_95' title="bbox 1921 2646 3507 2720; baseline 0.001 -24"><span class='ocrx_word' id='word_1_712' title='bbox 1921 2664 2075 2697; x_wconf 90' lang='grc' dir='ltr'>κειτο</span> <span class='ocrx_word' id='word_1_713' title='bbox 2132 2649 2299 2700; x_wconf 82' lang='grc' dir='ltr'>πᾶσιν</span> <span class='ocrx_word' id='word_1_714' title='bbox 2356 2648 2527 2720; x_wconf 68' lang='lat'>[209].</span> <span class='ocrx_word' id='word_1_715' title='bbox 2584 2647 2794 2701; x_wconf 78' lang='grc' dir='ltr'>Οὐκοῦν</span> <span class='ocrx_word' id='word_1_716' title='bbox 2837 2648 3025 2718; x_wconf 80' lang='grc' dir='ltr'>ἐπειδὴ</span> <span class='ocrx_word' id='word_1_717' title='bbox 3066 2647 3164 2716; x_wconf 78' lang='grc' dir='ltr'>τὴν</span> <span class='ocrx_word' id='word_1_718' title='bbox 3219 2646 3507 2717; x_wconf 88' lang='grc' dir='ltr'>ἐρωμένην</span> 
     </span>
    </p>
   </div>
   <div class='ocr_carea' id='block_1_96' title="bbox 1919 2732 3501 2805">
    <p class='ocr_par' dir='ltr' id='par_1_96' title="bbox 1919 2732 3501 2805">
     <span class='ocr_line' id='line_1_96' title="bbox 1919 2732 3501 2805; baseline 0.002 -23"><span class='ocrx_word' id='word_1_719' title='bbox 1919 2732 2258 2801; x_wconf 76' lang='grc' dir='ltr'>εὑρήκαμεν,</span> <span class='ocrx_word' id='word_1_720' title='bbox 2317 2736 2417 2804; x_wconf 79' lang='grc' dir='ltr'>τὴν</span> <span class='ocrx_word' id='word_1_721' title='bbox 2465 2736 2779 2801; x_wconf 82' lang='grc' dir='ltr'>πλεονεξίαν</span> <span class='ocrx_word' id='word_1_722' title='bbox 2824 2736 2987 2803; x_wconf 86' lang='grc' dir='ltr'>λέγω,</span> <span class='ocrx_word' id='word_1_723' title='bbox 3045 2736 3175 2805; x_wconf 85' lang='grc' dir='ltr'>φέρε</span> <span class='ocrx_word' id='word_1_724' title='bbox 3212 2751 3293 2786; x_wconf 92' lang='grc' dir='ltr'>σοι</span> <span class='ocrx_word' id='word_1_725' title='bbox 3322 2733 3501 2798; x_wconf 75' lang='grc' dir='ltr'>δείξω,</span> 
     </span>
    </p>
   </div>
   <div class='ocr_carea' id='block_1_97' title="bbox 1919 2818 3505 2891">
    <p class='ocr_par' dir='ltr' id='par_1_97' title="bbox 1919 2818 3505 2891">
     <span class='ocr_line' id='line_1_97' title="bbox 1919 2818 3505 2891; baseline 0.003 -22"><span class='ocrx_word' id='word_1_726' title='bbox 1919 2818 2038 2880; x_wconf 84' lang='grc' dir='ltr'>πῶς</span> <span class='ocrx_word' id='word_1_727' title='bbox 2067 2837 2125 2871; x_wconf 88' lang='grc' dir='ltr'>σε</span> <span class='ocrx_word' id='word_1_728' title='bbox 2167 2824 2320 2888; x_wconf 89' lang='grc' dir='ltr'>μισ;ῖ</span> <span class='ocrx_word' id='word_1_729' title='bbox 2352 2820 2491 2891; x_wconf 88' lang='grc' dir='ltr'>αῦτη</span> <span class='ocrx_word' id='word_1_730' title='bbox 2544 2822 2637 2873; x_wconf 77' lang='grc' dir='ltr'>καὶ</span> <span class='ocrx_word' id='word_1_731' title='bbox 2684 2822 3114 2890; x_wconf 84' lang='grc' dir='ltr'>ἀποστρέφεται,</span> <span class='ocrx_word' id='word_1_732' title='bbox 3177 2820 3319 2873; x_wconf 85' lang='grc' dir='ltr'>πόσα</span> <span class='ocrx_word' id='word_1_733' title='bbox 3350 2818 3505 2890; x_wconf 84' lang='grc' dir='ltr'>θήγει</span> 
     </span>
    </p>
   </div>
   <div class='ocr_carea' id='block_1_98' title="bbox 1917 2908 3505 2982">
    <p class='ocr_par' dir='ltr' id='par_1_98' title="bbox 1917 2908 3505 2982">
     <span class='ocr_line' id='line_1_98' title="bbox 1917 2908 3505 2982; baseline -0.001 -21"><span class='ocrx_word' id='word_1_734' title='bbox 1917 2909 2059 2961; x_wconf 84' lang='grc' dir='ltr'>κατά</span> <span class='ocrx_word' id='word_1_735' title='bbox 2089 2908 2180 2961; x_wconf 76' lang='grc' dir='ltr'>σοῦ</span> <span class='ocrx_word' id='word_1_736' title='bbox 2214 2910 2361 2981; x_wconf 75' lang='grc' dir='ltr'>ξίφη,</span> <span class='ocrx_word' id='word_1_737' title='bbox 2389 2910 2530 2964; x_wconf 87' lang='grc' dir='ltr'>πόσα</span> <span class='ocrx_word' id='word_1_738' title='bbox 2569 2910 2783 2982; x_wconf 86' lang='grc' dir='ltr'>ὀρύττει</span> <span class='ocrx_word' id='word_1_739' title='bbox 2821 2910 3093 2980; x_wconf 87' lang='grc' dir='ltr'>βάραθρα,</span> <span class='ocrx_word' id='word_1_740' title='bbox 3120 2910 3319 2970; x_wconf 85' lang='grc' dir='ltr'>πόσους</span> <span class='ocrx_word' id='word_1_741' title='bbox 3373 2910 3505 2961; x_wconf 86' lang='grc' dir='ltr'>ἀνά-</span> 
     </span>
    </p>
   </div>
   <div class='ocr_carea' id='block_1_99' title="bbox 1916 2995 3503 3068">
    <p class='ocr_par' dir='ltr' id='par_1_99' title="bbox 1916 2995 3503 3068">
     <span class='ocr_line' id='line_1_99' title="bbox 1916 2995 3503 3068; baseline 0.003 -23"><span class='ocrx_word' id='word_1_742' title='bbox 1916 3012 2035 3046; x_wconf 86' lang='grc' dir='ltr'>πτει</span> <span class='ocrx_word' id='word_1_743' title='bbox 2067 2995 2314 3065; x_wconf 83' lang='grc' dir='ltr'>βρόχους,</span> <span class='ocrx_word' id='word_1_744' title='bbox 2363 2998 2562 3061; x_wconf 87' lang='grc' dir='ltr'>πόσους</span> <span class='ocrx_word' id='word_1_745' title='bbox 2616 2997 3027 3068; x_wconf 77' lang='grc' dir='ltr'>παρασκευάζει</span> <span class='ocrx_word' id='word_1_746' title='bbox 3072 2996 3369 3067; x_wconf 87' lang='grc' dir='ltr'>κρημνούς·</span> <span class='ocrx_word' id='word_1_747' title='bbox 3416 2996 3503 3049; x_wconf 81' lang='grc' dir='ltr'>ἵνα</span> 
     </span>
    </p>
   </div>
   <div class='ocr_carea' id='block_1_100' title="bbox 1915 3081 3499 3157">
    <p class='ocr_par' dir='ltr' id='par_1_100' title="bbox 1915 3081 3499 3157">
     <span class='ocr_line' id='line_1_100' title="bbox 1915 3081 3499 3157; baseline 0 -19"><span class='ocrx_word' id='word_1_748' title='bbox 1915 3082 2017 3138; x_wconf 76' lang='grc' dir='ltr'>κᾶν</span> <span class='ocrx_word' id='word_1_749' title='bbox 2046 3084 2187 3136; x_wconf 75' lang='grc' dir='ltr'>οὓτω</span> <span class='ocrx_word' id='word_1_750' title='bbox 2221 3086 2419 3155; x_wconf 81' lang='grc' dir='ltr'>σδέσῃς</span> <span class='ocrx_word' id='word_1_751' title='bbox 2448 3088 2507 3140; x_wconf 82' lang='grc' dir='ltr'>τὸ</span> <span class='ocrx_word' id='word_1_752' title='bbox 2534 3087 2777 3157; x_wconf 88' lang='grc' dir='ltr'>φίλτρον.</span> <span class='ocrx_word' id='word_1_753' title='bbox 2811 3086 2982 3139; x_wconf 89' lang='grc' dir='ltr'>Πόθεν</span> <span class='ocrx_word' id='word_1_754' title='bbox 3030 3081 3121 3139; x_wconf 85' lang='grc' dir='ltr'>οὖν</span> <span class='ocrx_word' id='word_1_755' title='bbox 3170 3084 3285 3137; x_wconf 78' lang='grc' dir='ltr'>ἔστι</span> <span class='ocrx_word' id='word_1_756' title='bbox 3320 3084 3499 3138; x_wconf 83' lang='grc' dir='ltr'>ταῦτα</span> 
     </span>
    </p>
   </div>
   <div class='ocr_carea' id='block_1_101' title="bbox 1912 3171 3500 3241">
    <p class='ocr_par' dir='ltr' id='par_1_101' title="bbox 1912 3171 3500 3241">
     <span class='ocr_line' id='line_1_101' title="bbox 1912 3171 3500 3241; baseline 0.004 -18"><span class='ocrx_word' id='word_1_757' title='bbox 1912 3172 2145 3237; x_wconf 88' lang='grc' dir='ltr'>είδέναι;</span> <span class='ocrx_word' id='word_1_758' title='bbox 2190 3172 2322 3223; x_wconf 76' lang='grc' dir='ltr'>Ἀπὸ</span> <span class='ocrx_word' id='word_1_759' title='bbox 2359 3173 2467 3227; x_wconf 88' lang='grc' dir='ltr'>τῶν</span> <span class='ocrx_word' id='word_1_760' title='bbox 2501 3173 2655 3238; x_wconf 87' lang='grc' dir='ltr'>ὁδῶν,</span> <span class='ocrx_word' id='word_1_761' title='bbox 2684 3174 2796 3226; x_wconf 83' lang='grc' dir='ltr'>ἀπὸ</span> <span class='ocrx_word' id='word_1_762' title='bbox 2822 3173 2932 3224; x_wconf 89' lang='grc' dir='ltr'>τῶν</span> <span class='ocrx_word' id='word_1_763' title='bbox 2957 3172 3231 3241; x_wconf 86' lang='grc' dir='ltr'>πολέμων,</span> <span class='ocrx_word' id='word_1_764' title='bbox 3268 3172 3377 3225; x_wconf 83' lang='grc' dir='ltr'>ἀπὸ</span> <span class='ocrx_word' id='word_1_765' title='bbox 3399 3171 3500 3241; x_wconf 73' lang='grc' dir='ltr'>τῆς</span> 
     </span>
    </p>
   </div>
   <div class='ocr_carea' id='block_1_102' title="bbox 1914 3257 3507 3329">
    <p class='ocr_par' dir='ltr' id='par_1_102' title="bbox 1914 3257 3507 3329">
     <span class='ocr_line' id='line_1_102' title="bbox 1914 3257 3507 3329; baseline -0.001 -19"><span class='ocrx_word' id='word_1_766' title='bbox 1914 3257 2207 3327; x_wconf 80' lang='grc' dir='ltr'>θαλάττης,</span> <span class='ocrx_word' id='word_1_767' title='bbox 2237 3258 2346 3310; x_wconf 83' lang='grc' dir='ltr'>άπὸ</span> <span class='ocrx_word' id='word_1_768' title='bbox 2394 3258 2502 3311; x_wconf 89' lang='grc' dir='ltr'>τῶν</span> <span class='ocrx_word' id='word_1_769' title='bbox 2553 3259 2942 3329; x_wconf 82' lang='grc' dir='ltr'>δικαστηρίων.</span> <span class='ocrx_word' id='word_1_770' title='bbox 2994 3259 3103 3311; x_wconf 80' lang='grc' dir='ltr'>Καὶ</span> <span class='ocrx_word' id='word_1_771' title='bbox 3150 3257 3259 3329; x_wconf 83' lang='grc' dir='ltr'>γὰρ</span> <span class='ocrx_word' id='word_1_772' title='bbox 3311 3259 3404 3310; x_wconf 70' lang='grc' dir='ltr'>καὶ</span> <span class='ocrx_word' id='word_1_773' title='bbox 3440 3258 3507 3309; x_wconf 75' lang='grc' dir='ltr'>τδ</span> 
     </span>
    </p>
   </div>
   <div class='ocr_carea' id='block_1_103' title="bbox 1913 3340 3498 3412">
    <p class='ocr_par' dir='ltr' id='par_1_103' title="bbox 1913 3340 3498 3412">
     <span class='ocr_line' id='line_1_103' title="bbox 1913 3340 3498 3412; baseline -0.002 -18"><span class='ocrx_word' id='word_1_774' title='bbox 1913 3342 2148 3409; x_wconf 89' lang='grc' dir='ltr'>πέλαγος</span> <span class='ocrx_word' id='word_1_775' title='bbox 2210 3343 2459 3411; x_wconf 83' lang='grc' dir='ltr'>αἱμάτων</span> <span class='ocrx_word' id='word_1_776' title='bbox 2503 3343 2788 3412; x_wconf 84' lang='grc' dir='ltr'>ἐνέπλησε,</span> <span class='ocrx_word' id='word_1_777' title='bbox 2837 3344 2931 3395; x_wconf 73' lang='grc' dir='ltr'>καὶ</span> <span class='ocrx_word' id='word_1_778' title='bbox 2968 3340 3037 3394; x_wconf 89' lang='grc' dir='ltr'>τά</span> <span class='ocrx_word' id='word_1_779' title='bbox 3077 3342 3188 3394; x_wconf 88' lang='grc' dir='ltr'>τῶν</span> <span class='ocrx_word' id='word_1_780' title='bbox 3228 3341 3498 3395; x_wconf 88' lang='grc' dir='ltr'>δικαστῶν</span> 
     </span>
    </p>
   </div>
   <div class='ocr_carea' id='block_1_104' title="bbox 1913 3424 3499 3495">
    <p class='ocr_par' dir='ltr' id='par_1_104' title="bbox 1913 3424 3499 3495">
     <span class='ocr_line' id='line_1_104' title="bbox 1913 3424 3499 3495; baseline -0.001 -19"><span class='ocrx_word' id='word_1_781' title='bbox 1913 3426 2180 3494; x_wconf 85' lang='grc' dir='ltr'>φοινίσσει</span> <span class='ocrx_word' id='word_1_782' title='bbox 2233 3424 2361 3494; x_wconf 80' lang='grc' dir='ltr'>ξίφη</span> <span class='ocrx_word' id='word_1_783' title='bbox 2412 3425 2745 3495; x_wconf 81' lang='grc' dir='ltr'>παρανόμως</span> <span class='ocrx_word' id='word_1_784' title='bbox 2778 3424 3060 3490; x_wconf 82' lang='grc' dir='ltr'>πολλάκις,</span> <span class='ocrx_word' id='word_1_785' title='bbox 3092 3426 3186 3478; x_wconf 78' lang='grc' dir='ltr'>καὶ</span> <span class='ocrx_word' id='word_1_786' title='bbox 3219 3425 3345 3487; x_wconf 79' lang='grc' dir='ltr'>τοὺς</span> <span class='ocrx_word' id='word_1_787' title='bbox 3379 3425 3499 3484; x_wconf 85' lang='grc' dir='ltr'>ταῖς</span> 
     </span>
    </p>
   </div>
   <div class='ocr_carea' id='block_1_105' title="bbox 1910 3506 3496 3577">
    <p class='ocr_par' dir='ltr' id='par_1_105' title="bbox 1910 3506 3496 3577">
     <span class='ocr_line' id='line_1_105' title="bbox 1910 3506 3496 3577; baseline -0.003 -17"><span class='ocrx_word' id='word_1_788' title='bbox 1910 3509 2043 3570; x_wconf 81' lang='grc' dir='ltr'>ὁδοῖς</span> <span class='ocrx_word' id='word_1_789' title='bbox 2079 3507 2467 3577; x_wconf 81' lang='grc' dir='ltr'>ἐφεδρεύοντας</span> <span class='ocrx_word' id='word_1_790' title='bbox 2506 3507 2721 3577; x_wconf 91' lang='grc' dir='ltr'>νύκτωρ</span> <span class='ocrx_word' id='word_1_791' title='bbox 2760 3507 2998 3577; x_wconf 13' lang='grc' dir='ltr'>καὶγμεθ’</span> <span class='ocrx_word' id='word_1_792' title='bbox 3047 3508 3259 3577; x_wconf 88' lang='grc' dir='ltr'>ἡμέραν</span> <span class='ocrx_word' id='word_1_793' title='bbox 3285 3506 3496 3568; x_wconf 84' lang='grc' dir='ltr'>ὁπλίζει</span> 
     </span>
    </p>
   </div>
   <div class='ocr_carea' id='block_1_106' title="bbox 1910 3585 3523 3661">
    <p class='ocr_par' dir='ltr' id='par_1_106' title="bbox 1910 3585 3523 3661">
     <span class='ocr_line' id='line_1_106' title="bbox 1910 3585 3523 3661; baseline -0.002 -18"><span class='ocrx_word' id='word_1_794' title='bbox 1910 3590 2191 3661; x_wconf 72' lang='grc' dir='ltr'>αῦτη,κα¹ι</span> <span class='ocrx_word' id='word_1_795' title='bbox 2244 3591 2405 3658; x_wconf 85' lang='grc' dir='ltr'>φύσιν</span> <span class='ocrx_word' id='word_1_796' title='bbox 2449 3591 2716 3659; x_wconf 84' lang='grc' dir='ltr'>ἀγνοῆσαι</span> <span class='ocrx_word' id='word_1_797' title='bbox 2754 3591 2963 3653; x_wconf 73' lang='grc' dir='ltr'>ἔπεισε,</span> <span class='ocrx_word' id='word_1_798' title='bbox 3018 3590 3112 3642; x_wconf 75' lang='grc' dir='ltr'>καὶ</span> <span class='ocrx_word' id='word_1_799' title='bbox 3164 3585 3523 3658; x_wconf 69' lang='grc' dir='ltr'>πατραλοίας</span> 
     </span>
    </p>
   </div>
   <div class='ocr_carea' id='block_1_107' title="bbox 1908 3670 3495 3743">
    <p class='ocr_par' dir='ltr' id='par_1_107' title="bbox 1908 3670 3495 3743">
     <span class='ocr_line' id='line_1_107' title="bbox 1908 3670 3495 3743; baseline -0.002 -18"><span class='ocrx_word' id='word_1_800' title='bbox 1908 3674 2133 3742; x_wconf 84' lang='grc' dir='ltr'>ἐποίησε</span> <span class='ocrx_word' id='word_1_801' title='bbox 2152 3673 2243 3725; x_wconf 78' lang='grc' dir='ltr'>καὶ</span> <span class='ocrx_word' id='word_1_802' title='bbox 2284 3673 2642 3743; x_wconf 85' lang='grc' dir='ltr'>μητραλοίας,</span> <span class='ocrx_word' id='word_1_803' title='bbox 2689 3673 2785 3726; x_wconf 80' lang='grc' dir='ltr'>καὶ</span> <span class='ocrx_word' id='word_1_804' title='bbox 2827 3675 3007 3727; x_wconf 89' lang='grc' dir='ltr'>πάντα</span> <span class='ocrx_word' id='word_1_805' title='bbox 3045 3673 3385 3741; x_wconf 80' lang='grc' dir='ltr'>ἐπεισήγαγε</span> <span class='ocrx_word' id='word_1_806' title='bbox 3414 3670 3495 3740; x_wconf 76' lang='grc' dir='ltr'>τῷ</span> 
     </span>
    </p>
   </div>
   <div class='ocr_carea' id='block_1_108' title="bbox 1909 3756 2297 3826">
    <p class='ocr_par' dir='ltr' id='par_1_108' title="bbox 1909 3756 2297 3826">
     <span class='ocr_line' id='line_1_108' title="bbox 1909 3756 2297 3826; baseline 0 -17"><span class='ocrx_word' id='word_1_807' title='bbox 1909 3756 2011 3826; x_wconf 81' lang='grc' dir='ltr'>βίῳ</span> <span class='ocrx_word' id='word_1_808' title='bbox 2042 3756 2111 3809; x_wconf 76' lang='grc' dir='ltr'>τὰ</span> <span class='ocrx_word' id='word_1_809' title='bbox 2134 3758 2297 3810; x_wconf 91' lang='grc' dir='ltr'>κακά.</span> 
     </span>
    </p>
   </div>
   <div class='ocr_carea' id='block_1_109' title="bbox 1975 3836 3494 3909">
    <p class='ocr_par' dir='ltr' id='par_1_109' title="bbox 1975 3836 3494 3909">
     <span class='ocr_line' id='line_1_109' title="bbox 1975 3836 3494 3909; baseline -0.001 -18"><span class='ocrx_word' id='word_1_810' title='bbox 1975 3839 2066 3891; x_wconf 65' lang='lat' dir='ltr'>Aab</span> <span class='ocrx_word' id='word_1_811' title='bbox 2128 3840 2223 3893; x_wconf 80' lang='grc' dir='ltr'>καὶ</span> <span class='ocrx_word' id='word_1_812' title='bbox 2262 3840 2419 3909; x_wconf 78' lang='grc' dir='ltr'>ῥίζαν</span> <span class='ocrx_word' id='word_1_813' title='bbox 2464 3840 2645 3892; x_wconf 85' lang='grc' dir='ltr'>αὐτῶν</span> <span class='ocrx_word' id='word_1_814' title='bbox 2696 3842 2725 3893; x_wconf 91' lang='grc' dir='ltr'>ὁ</span> <span class='ocrx_word' id='word_1_815' title='bbox 2787 3840 3002 3903; x_wconf 88' lang='grc' dir='ltr'>Παῦλος</span> <span class='ocrx_word' id='word_1_816' title='bbox 3060 3840 3263 3903; x_wconf 87' lang='grc' dir='ltr'>ταύτην</span> <span class='ocrx_word' id='word_1_817' title='bbox 3312 3836 3494 3891; x_wconf 69' lang='grc' dir='ltr'>καλεῖ,</span> 
     </span>
    </p>
   </div>
   <div class='ocr_carea' id='block_1_110' title="bbox 1904 3922 3483 3993">
    <p class='ocr_par' dir='ltr' id='par_1_110' title="bbox 1904 3922 3483 3993">
     <span class='ocr_line' id='line_1_110' title="bbox 1904 3922 3483 3993; baseline -0.001 -19"><span class='ocrx_word' id='word_1_818' title='bbox 1904 3922 2053 3993; x_wconf 78' lang='grc' dir='ltr'>Αὕτη</span> <span class='ocrx_word' id='word_1_819' title='bbox 2083 3926 2210 3985; x_wconf 87' lang='grc' dir='ltr'>τοὺς</span> <span class='ocrx_word' id='word_1_820' title='bbox 2257 3924 2427 3992; x_wconf 81' lang='grc' dir='ltr'>αὐτῆς</span> <span class='ocrx_word' id='word_1_821' title='bbox 2457 3923 2697 3993; x_wconf 78' lang='grc' dir='ltr'>ἐραστὰς</span> <span class='ocrx_word' id='word_1_822' title='bbox 2729 3923 2835 3976; x_wconf 87' lang='grc' dir='ltr'>τῶν</span> <span class='ocrx_word' id='word_1_823' title='bbox 2868 3923 2937 3977; x_wconf 82' lang='grc' dir='ltr'>τὰ</span> <span class='ocrx_word' id='word_1_824' title='bbox 2974 3922 3217 3992; x_wconf 87' lang='grc' dir='ltr'>μέταλλα</span> <span class='ocrx_word' id='word_1_825' title='bbox 3257 3922 3483 3992; x_wconf 75' lang='grc' dir='ltr'>ἐργαζοο</span> 
     </span>
    </p>
   </div>
   <div class='ocr_carea' id='block_1_111' title="bbox 1907 4004 3495 4075">
    <p class='ocr_par' dir='ltr' id='par_1_111' title="bbox 1907 4004 3495 4075">
     <span class='ocr_line' id='line_1_111' title="bbox 1907 4004 3495 4075; baseline -0.001 -18"><span class='ocrx_word' id='word_1_826' title='bbox 1907 4006 2085 4075; x_wconf 89' lang='grc' dir='ltr'>μένων</span> <span class='ocrx_word' id='word_1_827' title='bbox 2117 4005 2268 4059; x_wconf 78' lang='grc' dir='ltr'>οὐδὲν</span> <span class='ocrx_word' id='word_1_828' title='bbox 2318 4006 2541 4075; x_wconf 78' lang='grc' dir='ltr'>ἄμεινον</span> <span class='ocrx_word' id='word_1_829' title='bbox 2597 4007 2790 4075; x_wconf 84' lang='grc' dir='ltr'>ἀφίησι</span> <span class='ocrx_word' id='word_1_830' title='bbox 2851 4007 3175 4059; x_wconf 87' lang='grc' dir='ltr'>διακεῖσθαι.</span> <span class='ocrx_word' id='word_1_831' title='bbox 3222 4004 3495 4073; x_wconf 78' lang='grc' dir='ltr'>Καθάπερ</span> 
     </span>
    </p>
   </div>
   <div class='ocr_carea' id='block_1_112' title="bbox 1903 4087 3487 4160">
    <p class='ocr_par' dir='ltr' id='par_1_112' title="bbox 1903 4087 3487 4160">
     <span class='ocr_line' id='line_1_112' title="bbox 1903 4087 3487 4160; baseline -0.002 -20"><span class='ocrx_word' id='word_1_832' title='bbox 1903 4090 2010 4157; x_wconf 85' lang='grc' dir='ltr'>γὰρ</span> <span class='ocrx_word' id='word_1_833' title='bbox 2038 4089 2231 4141; x_wconf 83' lang='grc' dir='ltr'>ἐκεῖνοι</span> <span class='ocrx_word' id='word_1_834' title='bbox 2270 4088 2532 4158; x_wconf 64' lang='grc' dir='ltr'>διηνεκῶς</span> <span class='ocrx_word' id='word_1_835' title='bbox 2564 4090 2621 4140; x_wconf 88' lang='grc' dir='ltr'>ἐν</span> <span class='ocrx_word' id='word_1_836' title='bbox 2647 4090 2824 4160; x_wconf 79' lang='grc' dir='ltr'>σκότῳ</span> <span class='ocrx_word' id='word_1_837' title='bbox 2854 4088 3371 4157; x_wconf 84' lang='grc' dir='ltr'>κατακεκλεισμένοι</span> <span class='ocrx_word' id='word_1_838' title='bbox 3394 4087 3487 4139; x_wconf 79' lang='grc' dir='ltr'>καὶ</span> 
     </span>
    </p>
   </div>
   <div class='ocr_carea' id='block_1_113' title="bbox 1901 4167 3497 4243">
    <p class='ocr_par' dir='ltr' id='par_1_113' title="bbox 1901 4167 3497 4243">
     <span class='ocr_line' id='line_1_113' title="bbox 1901 4167 3497 4243; baseline -0.003 -21"><span class='ocrx_word' id='word_1_839' title='bbox 1901 4170 2173 4239; x_wconf 86' lang='grc' dir='ltr'>δεδεμένοι</span> <span class='ocrx_word' id='word_1_840' title='bbox 2205 4173 2459 4225; x_wconf 91' lang='grc' dir='ltr'>πονοῦσιν</span> <span class='ocrx_word' id='word_1_841' title='bbox 2496 4172 2733 4243; x_wconf 88' lang='grc' dir='ltr'>ἀνόνητα</span> <span class='ocrx_word' id='word_1_842' title='bbox 2756 4189 2767 4201; x_wconf 83' lang='grc'><em>’</em></span> <span class='ocrx_word' id='word_1_843' title='bbox 2805 4171 2949 4225; x_wconf 76' lang='grc' dir='ltr'>οὕτω</span> <span class='ocrx_word' id='word_1_844' title='bbox 2976 4174 3070 4225; x_wconf 76' lang='grc' dir='ltr'>καὶ</span> <span class='ocrx_word' id='word_1_845' title='bbox 3099 4167 3244 4225; x_wconf 81' lang='grc' dir='ltr'>οὗτοι</span> <span class='ocrx_word' id='word_1_846' title='bbox 3280 4171 3337 4220; x_wconf 92' lang='grc' dir='ltr'>ἐν</span> <span class='ocrx_word' id='word_1_847' title='bbox 3373 4171 3497 4230; x_wconf 71' lang='grc' dir='ltr'>τοῖς</span> 
     </span>
    </p>
   </div>
   <div class='ocr_carea' id='block_1_114' title="bbox 1904 4253 3489 4327">
    <p class='ocr_par' dir='ltr' id='par_1_114' title="bbox 1904 4253 3489 4327">
     <span class='ocr_line' id='line_1_114' title="bbox 1904 4253 3489 4327; baseline -0.001 -22"><span class='ocrx_word' id='word_1_848' title='bbox 1904 4254 2192 4321; x_wconf 85' lang='grc' dir='ltr'>σπηλαίοις</span> <span class='ocrx_word' id='word_1_849' title='bbox 2218 4256 2316 4324; x_wconf 87' lang='grc' dir='ltr'>τῆς</span> <span class='ocrx_word' id='word_1_850' title='bbox 2364 4256 2729 4326; x_wconf 80' lang='grc' dir='ltr'>φιλαργυρίας</span> <span class='ocrx_word' id='word_1_851' title='bbox 2791 4256 3299 4327; x_wconf 81' lang='grc' dir='ltr'>κατορωρυγμένοι,</span> <span class='ocrx_word' id='word_1_852' title='bbox 3337 4253 3489 4306; x_wconf 76' lang='grc' dir='ltr'>ουδε-</span> 
     </span>
    </p>
   </div>
   <div class='ocr_carea' id='block_1_115' title="bbox 1901 4336 3490 4410">
    <p class='ocr_par' dir='ltr' id='par_1_115' title="bbox 1901 4336 3490 4410">
     <span class='ocr_line' id='line_1_115' title="bbox 1901 4336 3490 4410; baseline 0 -21"><span class='ocrx_word' id='word_1_853' title='bbox 1901 4336 1989 4399; x_wconf 82' lang='grc' dir='ltr'>νὸς</span> <span class='ocrx_word' id='word_1_854' title='bbox 2015 4339 2198 4399; x_wconf 78' lang='grc' dir='ltr'>αὐτοῖς</span> <span class='ocrx_word' id='word_1_855' title='bbox 2258 4340 2503 4408; x_wconf 84' lang='grc' dir='ltr'>ἀνάγκην</span> <span class='ocrx_word' id='word_1_856' title='bbox 2550 4340 2904 4404; x_wconf 79' lang='grc' dir='ltr'>ἐπιτιθέντος,</span> <span class='ocrx_word' id='word_1_857' title='bbox 2937 4341 3236 4410; x_wconf 82' lang='grc' dir='ltr'>αὐτόματοι</span> <span class='ocrx_word' id='word_1_858' title='bbox 3270 4338 3368 4409; x_wconf 77' lang='grc' dir='ltr'>τὴν</span> <span class='ocrx_word' id='word_1_859' title='bbox 3394 4339 3490 4389; x_wconf 64' lang='grc' dir='ltr'>κόν</span> 
     </span>
    </p>
   </div>
   <div class='ocr_carea' id='block_1_116' title="bbox 1900 4418 3485 4492">
    <p class='ocr_par' dir='ltr' id='par_1_116' title="bbox 1900 4418 3485 4492">
     <span class='ocr_line' id='line_1_116' title="bbox 1900 4418 3485 4492; baseline 0 -21"><span class='ocrx_word' id='word_1_860' title='bbox 1900 4418 2055 4473; x_wconf 88' lang='grc' dir='ltr'>λασιν</span> <span class='ocrx_word' id='word_1_861' title='bbox 2089 4421 2453 4483; x_wconf 83' lang='grc' dir='ltr'>ἐπισπῶνται,</span> <span class='ocrx_word' id='word_1_862' title='bbox 2493 4423 2707 4484; x_wconf 77' lang='grc' dir='ltr'>ἑαυτοῖς</span> <span class='ocrx_word' id='word_1_863' title='bbox 2740 4422 2973 4491; x_wconf 85' lang='grc' dir='ltr'>δεσμοὺς</span> <span class='ocrx_word' id='word_1_864' title='bbox 2998 4422 3315 4492; x_wconf 88' lang='grc' dir='ltr'>περιθέντες</span> <span class='ocrx_word' id='word_1_865' title='bbox 3348 4418 3485 4472; x_wconf 65' lang='grc' dir='ltr'>ἀλύα</span> 
     </span>
    </p>
   </div>
   <div class='ocr_carea' id='block_1_117' title="bbox 1897 4502 3482 4576">
    <p class='ocr_par' dir='ltr' id='par_1_117' title="bbox 1897 4502 3482 4576">
     <span class='ocr_line' id='line_1_117' title="bbox 1897 4502 3482 4576; baseline -0.001 -22"><span class='ocrx_word' id='word_1_866' title='bbox 1897 4504 2183 4566; x_wconf 76' lang='grc' dir='ltr'>τους.Καὶ</span> <span class='ocrx_word' id='word_1_867' title='bbox 2204 4506 2251 4557; x_wconf 84' lang='grc' dir='ltr'>οἱ</span> <span class='ocrx_word' id='word_1_868' title='bbox 2284 4504 2381 4574; x_wconf 82' lang='grc' dir='ltr'>μὲν</span> <span class='ocrx_word' id='word_1_869' title='bbox 2426 4504 2733 4566; x_wconf 82' lang='grc' dir='ltr'>κατάδικοι,</span> <span class='ocrx_word' id='word_1_870' title='bbox 2787 4505 2888 4557; x_wconf 81' lang='grc' dir='ltr'>κᾶν</span> <span class='ocrx_word' id='word_1_871' title='bbox 2951 4506 3191 4576; x_wconf 81' lang='grc' dir='ltr'>ἐσπὲρας</span> <span class='ocrx_word' id='word_1_872' title='bbox 3237 4502 3482 4555; x_wconf 70' lang='grc' dir='ltr'>καταλασ</span> 
     </span>
    </p>
   </div>
   <div class='ocr_carea' id='block_1_118' title="bbox 1898 4583 3485 4658">
    <p class='ocr_par' dir='ltr' id='par_1_118' title="bbox 1898 4583 3485 4658">
     <span class='ocr_line' id='line_1_118' title="bbox 1898 4583 3485 4658; baseline 0 -19"><span class='ocrx_word' id='word_1_873' title='bbox 1898 4587 2101 4658; x_wconf 76' lang='grc' dir='ltr'>δούσης</span> <span class='ocrx_word' id='word_1_874' title='bbox 2134 4588 2376 4641; x_wconf 83' lang='grc' dir='ltr'>ἀνίενται</span> <span class='ocrx_word' id='word_1_875' title='bbox 2398 4587 2510 4639; x_wconf 86' lang='grc' dir='ltr'>τῶν</span> <span class='ocrx_word' id='word_1_876' title='bbox 2545 4589 2758 4658; x_wconf 83' lang='grc' dir='ltr'>μόχθων</span> <span class='ocrx_word' id='word_1_877' title='bbox 2778 4604 2792 4616; x_wconf 88' lang='grc'><strong>·</strong></span> <span class='ocrx_word' id='word_1_878' title='bbox 2828 4583 2973 4643; x_wconf 73' lang='grc' dir='ltr'>οὗτοι</span> <span class='ocrx_word' id='word_1_879' title='bbox 2999 4590 3055 4641; x_wconf 87' lang='grc' dir='ltr'>δέ</span> <span class='ocrx_word' id='word_1_880' title='bbox 3083 4589 3179 4641; x_wconf 81' lang='grc' dir='ltr'>καὶ</span> <span class='ocrx_word' id='word_1_881' title='bbox 3204 4589 3261 4639; x_wconf 85' lang='grc' dir='ltr'>ἐν</span> <span class='ocrx_word' id='word_1_882' title='bbox 3298 4587 3485 4658; x_wconf 64' lang='grc' dir='ltr'>ἡμέραν</span> 
     </span>
    </p>
   </div>
   <div class='ocr_carea' id='block_1_119' title="bbox 1896 4669 3473 4744">
    <p class='ocr_par' dir='ltr' id='par_1_119' title="bbox 1896 4669 3473 4744">
     <span class='ocr_line' id='line_1_119' title="bbox 1896 4669 3473 4744; baseline -0.002 -17"><span class='ocrx_word' id='word_1_883' title='bbox 1896 4675 1992 4727; x_wconf 78' lang='grc' dir='ltr'>καὶ</span> <span class='ocrx_word' id='word_1_884' title='bbox 2017 4676 2074 4726; x_wconf 90' lang='grc' dir='ltr'>ἐν</span> <span class='ocrx_word' id='word_1_885' title='bbox 2101 4674 2255 4727; x_wconf 74' lang='grc' dir='ltr'>νυκτὶ</span> <span class='ocrx_word' id='word_1_886' title='bbox 2295 4672 2629 4744; x_wconf 86' lang='grc' dir='ltr'>διορύττουσι</span> <span class='ocrx_word' id='word_1_887' title='bbox 2660 4672 2727 4725; x_wconf 85' lang='grc' dir='ltr'>τὰ</span> <span class='ocrx_word' id='word_1_888' title='bbox 2765 4674 2976 4742; x_wconf 80' lang='grc' dir='ltr'>πονηρά</span> <span class='ocrx_word' id='word_1_889' title='bbox 3000 4672 3171 4726; x_wconf 86' lang='grc' dir='ltr'>ταῦτα</span> <span class='ocrx_word' id='word_1_890' title='bbox 3215 4669 3473 4741; x_wconf 87' lang='grc' dir='ltr'>μέταλλα·</span> 
     </span>
    </p>
   </div>
   <div class='ocr_carea' id='block_1_120' title="bbox 1897 4754 3485 4827">
    <p class='ocr_par' dir='ltr' id='par_1_120' title="bbox 1897 4754 3485 4827">
     <span class='ocr_line' id='line_1_120' title="bbox 1897 4754 3485 4827; baseline -0.001 -18"><span class='ocrx_word' id='word_1_891' title='bbox 1897 4758 1991 4812; x_wconf 76' lang='grc' dir='ltr'>καὶ</span> <span class='ocrx_word' id='word_1_892' title='bbox 2022 4759 2133 4819; x_wconf 87' lang='grc' dir='ltr'>τοῖς</span> <span class='ocrx_word' id='word_1_893' title='bbox 2170 4757 2269 4825; x_wconf 87' lang='grc' dir='ltr'>μὲν</span> <span class='ocrx_word' id='word_1_894' title='bbox 2297 4757 2494 4826; x_wconf 83' lang='grc' dir='ltr'>μέτρον</span> <span class='ocrx_word' id='word_1_895' title='bbox 2525 4758 2671 4809; x_wconf 81' lang='grc' dir='ltr'>ἐστὶν</span> <span class='ocrx_word' id='word_1_896' title='bbox 2713 4757 3019 4827; x_wconf 76' lang='grc' dir='ltr'>ὡρισμένον</span> <span class='ocrx_word' id='word_1_897' title='bbox 3068 4756 3165 4823; x_wconf 88' lang='grc' dir='ltr'>τῆς</span> <span class='ocrx_word' id='word_1_898' title='bbox 3202 4754 3485 4825; x_wconf 80' lang='grc' dir='ltr'>μοχθηρᾶς</span> 
     </span>
    </p>
   </div>
   <div class='ocr_carea' id='block_1_121' title="bbox 1896 4837 3475 4910">
    <p class='ocr_par' dir='ltr' id='par_1_121' title="bbox 1896 4837 3475 4910">
     <span class='ocr_line' id='line_1_121' title="bbox 1896 4837 3475 4910; baseline -0.003 -19"><span class='ocrx_word' id='word_1_899' title='bbox 1896 4840 2157 4908; x_wconf 87' lang='grc' dir='ltr'>ἐργασίας</span> <span class='ocrx_word' id='word_1_900' title='bbox 2178 4840 2418 4907; x_wconf 85' lang='grc' dir='ltr'>ἐκείνης,</span> <span class='ocrx_word' id='word_1_901' title='bbox 2447 4837 2670 4895; x_wconf 79' lang='grc' dir='ltr'>οῦτοιδὲ</span> <span class='ocrx_word' id='word_1_902' title='bbox 2704 4839 2904 4910; x_wconf 87' lang='grc' dir='ltr'>μέτρον</span> <span class='ocrx_word' id='word_1_903' title='bbox 2920 4838 3074 4891; x_wconf 77' lang='grc' dir='ltr'>οὐδὲν</span> <span class='ocrx_word' id='word_1_904' title='bbox 3110 4838 3313 4898; x_wconf 76' lang='grc' dir='ltr'>ἴσασιν,</span> <span class='ocrx_word' id='word_1_905' title='bbox 3363 4837 3475 4888; x_wconf 81' lang='grc' dir='ltr'>ἀλλ’</span> 
     </span>
    </p>
   </div>
   <div class='ocr_carea' id='block_1_122' title="bbox 1892 4921 3478 4992">
    <p class='ocr_par' dir='ltr' id='par_1_122' title="bbox 1892 4921 3478 4992">
     <span class='ocr_line' id='line_1_122' title="bbox 1892 4921 3478 4992; baseline -0.001 -18"><span class='ocrx_word' id='word_1_906' title='bbox 1892 4924 2015 4974; x_wconf 84' lang='grc' dir='ltr'>ὅσον</span> <span class='ocrx_word' id='word_1_907' title='bbox 2045 4923 2109 4974; x_wconf 81' lang='grc' dir='ltr'>ἃν</span> <span class='ocrx_word' id='word_1_908' title='bbox 2139 4921 2396 4991; x_wconf 78' lang='grc' dir='ltr'>ὁρύξωσι,</span> <span class='ocrx_word' id='word_1_909' title='bbox 2428 4921 2667 4991; x_wconf 85' lang='grc' dir='ltr'>τοσούτῳ</span> <span class='ocrx_word' id='word_1_910' title='bbox 2701 4924 2945 4992; x_wconf 84' lang='grc' dir='ltr'>μείζονος</span> <span class='ocrx_word' id='word_1_911' title='bbox 2999 4922 3251 4989; x_wconf 85' lang='grc' dir='ltr'>ἐφίενται</span> <span class='ocrx_word' id='word_1_912' title='bbox 3287 4921 3478 4973; x_wconf 87' lang='grc' dir='ltr'>ταλαι-</span> 
     </span>
    </p>
   </div>
   <div class='ocr_carea' id='block_1_123' title="bbox 1893 5001 3470 5076">
    <p class='ocr_par' dir='ltr' id='par_1_123' title="bbox 1893 5001 3470 5076">
     <span class='ocr_line' id='line_1_123' title="bbox 1893 5001 3470 5076; baseline 0 -20"><span class='ocrx_word' id='word_1_913' title='bbox 1893 5005 2131 5076; x_wconf 78' lang='grc' dir='ltr'>πωρίας.</span> <span class='ocrx_word' id='word_1_914' title='bbox 2163 5006 2226 5058; x_wconf 77' lang='lat' dir='ltr'><strong><em>El</em></strong></span> <span class='ocrx_word' id='word_1_915' title='bbox 2250 5006 2307 5057; x_wconf 83' lang='grc' dir='ltr'>δέ</span> <span class='ocrx_word' id='word_1_916' title='bbox 2329 5008 2527 5058; x_wconf 83' lang='grc' dir='ltr'>ἐκεῖνοι</span> <span class='ocrx_word' id='word_1_917' title='bbox 2560 5006 2658 5074; x_wconf 81' lang='grc' dir='ltr'>μὲν</span> <span class='ocrx_word' id='word_1_918' title='bbox 2682 5006 2927 5068; x_wconf 76' lang='grc' dir='ltr'>ἄκοντες,</span> <span class='ocrx_word' id='word_1_919' title='bbox 2960 5001 3106 5060; x_wconf 78' lang='grc' dir='ltr'>οῦτοι</span> <span class='ocrx_word' id='word_1_920' title='bbox 3127 5005 3182 5056; x_wconf 80' lang='grc' dir='ltr'>δέ</span> <span class='ocrx_word' id='word_1_921' title='bbox 3232 5004 3470 5065; x_wconf 74' lang='grc' dir='ltr'>ἑκόντες,</span> 
     </span>
    </p>
   </div>
   <div class='ocr_carea' id='block_1_124' title="bbox 1888 5086 3475 5159">
    <p class='ocr_par' dir='ltr' id='par_1_124' title="bbox 1888 5086 3475 5159">
     <span class='ocr_line' id='line_1_124' title="bbox 1888 5086 3475 5159; baseline -0.001 -19"><span class='ocrx_word' id='word_1_922' title='bbox 1888 5089 1950 5141; x_wconf 82' lang='grc' dir='ltr'>τὸ</span> <span class='ocrx_word' id='word_1_923' title='bbox 1978 5088 2212 5158; x_wconf 88' lang='grc' dir='ltr'>χαλεπόν</span> <span class='ocrx_word' id='word_1_924' title='bbox 2244 5106 2333 5157; x_wconf 91' lang='grc' dir='ltr'>μοι</span> <span class='ocrx_word' id='word_1_925' title='bbox 2355 5088 2536 5155; x_wconf 85' lang='grc' dir='ltr'>λέγεις</span> <span class='ocrx_word' id='word_1_926' title='bbox 2560 5088 2652 5141; x_wconf 89' lang='grc' dir='ltr'>τοῦ</span> <span class='ocrx_word' id='word_1_927' title='bbox 2676 5091 3003 5159; x_wconf 85' lang='grc' dir='ltr'>νοσήματος,</span> <span class='ocrx_word' id='word_1_928' title='bbox 3030 5091 3110 5141; x_wconf 83' lang='grc' dir='ltr'>ὅτι</span> <span class='ocrx_word' id='word_1_929' title='bbox 3144 5086 3265 5141; x_wconf 83' lang='grc' dir='ltr'>οὐδὲ</span> <span class='ocrx_word' id='word_1_930' title='bbox 3297 5088 3475 5142; x_wconf 80' lang='grc' dir='ltr'>ἀπαλ-</span> 
     </span>
    </p>
   </div>
   <div class='ocr_carea' id='block_1_125' title="bbox 1894 5171 3470 5241">
    <p class='ocr_par' dir='ltr' id='par_1_125' title="bbox 1894 5171 3470 5241">
     <span class='ocr_line' id='line_1_125' title="bbox 1894 5171 3470 5241; baseline 0.001 -19"><span class='ocrx_word' id='word_1_931' title='bbox 1894 5171 2128 5239; x_wconf 79' lang='grc' dir='ltr'>λαγῆναι</span> <span class='ocrx_word' id='word_1_932' title='bbox 2167 5171 2441 5237; x_wconf 76' lang='grc' dir='ltr'>δύνανται,</span> <span class='ocrx_word' id='word_1_933' title='bbox 2479 5172 2530 5223; x_wconf 76' lang='grc' dir='ltr'>εἴ</span> <span class='ocrx_word' id='word_1_934' title='bbox 2548 5189 2610 5239; x_wconf 91' lang='grc' dir='ltr'>γε</span> <span class='ocrx_word' id='word_1_935' title='bbox 2644 5172 2779 5240; x_wconf 78' lang='grc' dir='ltr'>μηδέ</span> <span class='ocrx_word' id='word_1_936' title='bbox 2807 5172 3026 5241; x_wconf 82' lang='grc' dir='ltr'>μισοῦσι</span> <span class='ocrx_word' id='word_1_937' title='bbox 3074 5171 3173 5239; x_wconf 80' lang='grc' dir='ltr'>’τὴν</span> <span class='ocrx_word' id='word_1_938' title='bbox 3225 5174 3470 5224; x_wconf 84' lang='grc' dir='ltr'>κακοπά-</span> 
     </span>
    </p>
   </div>
   <div class='ocr_carea' id='block_1_126' title="bbox 1886 5250 3471 5326">
    <p class='ocr_par' dir='ltr' id='par_1_126' title="bbox 1886 5250 3471 5326">
     <span class='ocr_line' id='line_1_126' title="bbox 1886 5250 3471 5326; baseline 0.001 -18"><span class='ocrx_word' id='word_1_939' title='bbox 1886 5257 2058 5308; x_wconf 90' lang='grc' dir='ltr'>θειαν.</span> <span class='ocrx_word' id='word_1_940' title='bbox 2106 5256 2247 5307; x_wconf 80' lang='grc' dir='ltr'>Ἀλλ’</span> <span class='ocrx_word' id='word_1_941' title='bbox 2283 5256 2473 5326; x_wconf 81' lang='grc' dir='ltr'>ὥσπερ</span> <span class='ocrx_word' id='word_1_942' title='bbox 2496 5252 2559 5318; x_wconf 79' lang='grc' dir='ltr'>ὗς</span> <span class='ocrx_word' id='word_1_943' title='bbox 2597 5258 2654 5307; x_wconf 86' lang='grc' dir='ltr'>ἐν</span> <span class='ocrx_word' id='word_1_944' title='bbox 2697 5256 2964 5325; x_wconf 72' lang='grc' dir='ltr'>βορϐόρῳ,</span> <span class='ocrx_word' id='word_1_945' title='bbox 3008 5254 3149 5308; x_wconf 80' lang='grc' dir='ltr'>οὕτω</span> <span class='ocrx_word' id='word_1_946' title='bbox 3190 5258 3285 5309; x_wconf 76' lang='grc' dir='ltr'>καὶ</span> <span class='ocrx_word' id='word_1_947' title='bbox 3324 5250 3471 5309; x_wconf 77' lang='grc' dir='ltr'>οὗτοι</span> 
     </span>
    </p>
   </div>
   <div class='ocr_carea' id='block_1_127' title="bbox 1887 5338 3474 5409">
    <p class='ocr_par' dir='ltr' id='par_1_127' title="bbox 1887 5338 3474 5409">
     <span class='ocr_line' id='line_1_127' title="bbox 1887 5338 3474 5409; baseline 0 -18"><span class='ocrx_word' id='word_1_948' title='bbox 1887 5343 2008 5402; x_wconf 82' lang='grc' dir='ltr'>ταῖς</span> <span class='ocrx_word' id='word_1_949' title='bbox 2054 5340 2154 5409; x_wconf 84' lang='grc' dir='ltr'>τῆς</span> <span class='ocrx_word' id='word_1_950' title='bbox 2212 5340 2578 5407; x_wconf 79' lang='grc' dir='ltr'>φιλαργυρίας</span> <span class='ocrx_word' id='word_1_951' title='bbox 2637 5338 2923 5401; x_wconf 84' lang='grc' dir='ltr'>δυσωδίαις</span> <span class='ocrx_word' id='word_1_952' title='bbox 2991 5340 3474 5409; x_wconf 84' lang='grc' dir='ltr'>ἐγκαλινδούμενοι</span> 
     </span>
    </p>
   </div>
   <div class='ocr_carea' id='block_1_128' title="bbox 1881 5422 3470 5493">
    <p class='ocr_par' dir='ltr' id='par_1_128' title="bbox 1881 5422 3470 5493">
     <span class='ocr_line' id='line_1_128' title="bbox 1881 5422 3470 5493; baseline 0.003 -19"><span class='ocrx_word' id='word_1_953' title='bbox 1881 5423 2122 5493; x_wconf 81' lang='grc' dir='ltr'>ἥδονται,</span> <span class='ocrx_word' id='word_1_954' title='bbox 2152 5422 2517 5492; x_wconf 78' lang='grc' dir='ltr'>χαλεπώτερα</span> <span class='ocrx_word' id='word_1_955' title='bbox 2544 5422 2846 5491; x_wconf 83' lang='grc' dir='ltr'>πάσχοντες</span> <span class='ocrx_word' id='word_1_956' title='bbox 2862 5422 2974 5475; x_wconf 86' lang='grc' dir='ltr'>τῶν</span> <span class='ocrx_word' id='word_1_957' title='bbox 3000 5422 3307 5477; x_wconf 78' lang='grc' dir='ltr'>καταδίκων</span> <span class='ocrx_word' id='word_1_958' title='bbox 3325 5423 3470 5480; x_wconf 88' lang='grc' dir='ltr'>ἐκεί-</span> 
     </span>
    </p>
   </div>
   <div class='ocr_carea' id='block_1_129' title="bbox 1882 5506 3469 5577">
    <p class='ocr_par' dir='ltr' id='par_1_129' title="bbox 1882 5506 3469 5577">
     <span class='ocr_line' id='line_1_129' title="bbox 1882 5506 3469 5577; baseline 0 -18"><span class='ocrx_word' id='word_1_959' title='bbox 1882 5523 2008 5561; x_wconf 88' lang='grc' dir='ltr'>νων.</span> <span class='ocrx_word' id='word_1_960' title='bbox 2046 5506 2170 5558; x_wconf 86' lang='grc' dir='ltr'>Ὅτι</span> <span class='ocrx_word' id='word_1_961' title='bbox 2208 5506 2318 5577; x_wconf 84' lang='grc' dir='ltr'>γὰρ</span> <span class='ocrx_word' id='word_1_962' title='bbox 2342 5508 2399 5558; x_wconf 89' lang='grc' dir='ltr'>ἐν</span> <span class='ocrx_word' id='word_1_963' title='bbox 2418 5507 2657 5575; x_wconf 77' lang='grc' dir='ltr'>χείροσιν</span> <span class='ocrx_word' id='word_1_964' title='bbox 2674 5507 2833 5571; x_wconf 81' lang='grc' dir='ltr'>εἰσιν,</span> <span class='ocrx_word' id='word_1_965' title='bbox 2864 5508 3097 5562; x_wconf 71' lang='grc' dir='ltr'>ἄκουσον</span> <span class='ocrx_word' id='word_1_966' title='bbox 3128 5506 3196 5559; x_wconf 87' lang='grc' dir='ltr'>τά</span> <span class='ocrx_word' id='word_1_967' title='bbox 3218 5506 3469 5575; x_wconf 77' lang='grc' dir='ltr'>ἐκείνων,</span> 
     </span>
    </p>
   </div>
   <div class='ocr_carea' id='block_1_130' title="bbox 1882 5588 3467 5659">
    <p class='ocr_par' dir='ltr' id='par_1_130' title="bbox 1882 5588 3467 5659">
     <span class='ocr_line' id='line_1_130' title="bbox 1882 5588 3467 5659; baseline -0.001 -15"><span class='ocrx_word' id='word_1_968' title='bbox 1882 5593 1975 5644; x_wconf 80' lang='grc' dir='ltr'>καὶ</span> <span class='ocrx_word' id='word_1_969' title='bbox 2007 5591 2128 5641; x_wconf 89' lang='grc' dir='ltr'>τότε</span> <span class='ocrx_word' id='word_1_970' title='bbox 2155 5589 2276 5659; x_wconf 77' lang='grc' dir='ltr'>είσῃ</span> <span class='ocrx_word' id='word_1_971' title='bbox 2312 5591 2379 5642; x_wconf 78' lang='grc' dir='ltr'>τὰ</span> <span class='ocrx_word' id='word_1_972' title='bbox 2406 5589 2634 5643; x_wconf 87' lang='grc' dir='ltr'>τούτων.</span> <span class='ocrx_word' id='word_1_973' title='bbox 2659 5591 2893 5657; x_wconf 87' lang='grc' dir='ltr'>Λέγεται</span> <span class='ocrx_word' id='word_1_974' title='bbox 2934 5588 3113 5642; x_wconf 86' lang='grc' dir='ltr'>τοίνυν</span> <span class='ocrx_word' id='word_1_975' title='bbox 3131 5590 3167 5658; x_wconf 85' lang='grc' dir='ltr'>ἡ</span> <span class='ocrx_word' id='word_1_976' title='bbox 3217 5590 3467 5658; x_wconf 79' lang='grc' dir='ltr'>χρυσῖτις</span> 
     </span>
    </p>
   </div>
   <div class='ocr_carea' id='block_1_131' title="bbox 1879 5671 3469 5743">
    <p class='ocr_par' dir='ltr' id='par_1_131' title="bbox 1879 5671 3469 5743">
     <span class='ocr_line' id='line_1_131' title="bbox 1879 5671 3469 5743; baseline -0.001 -15"><span class='ocrx_word' id='word_1_977' title='bbox 1879 5675 2063 5743; x_wconf 86' lang='grc' dir='ltr'>ἐκείνη</span> <span class='ocrx_word' id='word_1_978' title='bbox 2122 5674 2194 5741; x_wconf 85' lang='grc' dir='ltr'>γῆ</span> <span class='ocrx_word' id='word_1_979' title='bbox 2248 5675 2536 5743; x_wconf 79' lang='grc' dir='ltr'>χηραμοὺς</span> <span class='ocrx_word' id='word_1_980' title='bbox 2574 5674 2669 5726; x_wconf 77' lang='grc' dir='ltr'>καὶ</span> <span class='ocrx_word' id='word_1_981' title='bbox 2712 5672 3036 5734; x_wconf 76' lang='grc' dir='ltr'>καταδύσεις</span> <span class='ocrx_word' id='word_1_982' title='bbox 3080 5671 3226 5741; x_wconf 73' lang='grc' dir='ltr'>ἔχειν</span> <span class='ocrx_word' id='word_1_983' title='bbox 3256 5674 3317 5725; x_wconf 85' lang='grc' dir='ltr'>ἐν</span> <span class='ocrx_word' id='word_1_984' title='bbox 3353 5676 3469 5737; x_wconf 84' lang='grc' dir='ltr'>τοῖς</span> 
     </span>
    </p>
   </div>
   <div class='ocr_carea' id='block_1_132' title="bbox 1878 5750 3469 5827">
    <p class='ocr_par' dir='ltr' id='par_1_132' title="bbox 1878 5750 3469 5827">
     <span class='ocr_line' id='line_1_132' title="bbox 1878 5750 3469 5827; baseline 0.003 -21"><span class='ocrx_word' id='word_1_985' title='bbox 1878 5760 2130 5827; x_wconf 71' lang='grc' dir='ltr'>ζοφεροῖς</span> <span class='ocrx_word' id='word_1_986' title='bbox 2156 5756 2437 5825; x_wconf 78' lang='grc' dir='ltr'>σπηλαίοις</span> <span class='ocrx_word' id='word_1_987' title='bbox 2462 5757 2699 5819; x_wconf 84' lang='grc' dir='ltr'>ἐκείνοις</span> <span class='ocrx_word' id='word_1_988' title='bbox 2720 5772 2733 5786; x_wconf 88' lang='grc'><strong>·</strong></span> <span class='ocrx_word' id='word_1_989' title='bbox 2766 5756 2855 5807; x_wconf 77' lang='grc' dir='ltr'>τὸν</span> <span class='ocrx_word' id='word_1_990' title='bbox 2874 5750 2968 5807; x_wconf 77' lang='grc' dir='ltr'>οὖν</span> <span class='ocrx_word' id='word_1_991' title='bbox 3007 5754 3313 5825; x_wconf 80' lang='grc' dir='ltr'>κακοῦργον</span> <span class='ocrx_word' id='word_1_992' title='bbox 3372 5759 3469 5811; x_wconf 74' lang='grc' dir='ltr'>τὸν</span> 
     </span>
    </p>
   </div>
   <div class='ocr_carea' id='block_1_133' title="bbox 183 5821 3460 5915">
    <p class='ocr_par' dir='ltr' id='par_1_133' title="bbox 183 5821 3460 5915">
     <span class='ocr_line' id='line_1_133' title="bbox 183 5821 3460 5915; baseline 0.005 -29"><span class='ocrx_word' id='word_1_993' title='bbox 183 5821 380 5892; x_wconf 75' lang='grc' dir='ltr'>μίσους</span> <span class='ocrx_word' id='word_1_994' title='bbox 404 5840 421 5889; x_wconf 88' lang='grc'><strong>;</strong></span> <span class='ocrx_word' id='word_1_995' title='bbox 445 5824 508 5875; x_wconf 66' lang='grc' dir='ltr'>οὗ</span> <span class='ocrx_word' id='word_1_996' title='bbox 548 5826 819 5897; x_wconf 62' lang='grc' dir='ltr'>ῥᾳθυμίας</span> <span class='ocrx_word' id='word_1_997' title='bbox 844 5830 939 5883; x_wconf 76' lang='grc' dir='ltr'>καὶ</span> <span class='ocrx_word' id='word_1_998' title='bbox 970 5829 1167 5894; x_wconf 82' lang='grc' dir='ltr'>κακίας</span> <span class='ocrx_word' id='word_1_999' title='bbox 1186 5831 1385 5901; x_wconf 74' lang='grc' dir='ltr'>πολλῆς</span> <span class='ocrx_word' id='word_1_1000' title='bbox 1408 5850 1420 5899; x_wconf 93' lang='grc'><strong>;</strong></span> <span class='ocrx_word' id='word_1_1001' title='bbox 1444 5836 1503 5885; x_wconf 74' lang='grc' dir='ltr'>οὐ</span> <span class='ocrx_word' id='word_1_1002' title='bbox 1527 5836 1762 5905; x_wconf 77' lang='grc' dir='ltr'>γῆὲστιν</span> <span class='ocrx_word' id='word_1_1003' title='bbox 1875 5821 1986 5903; x_wconf 65' lang='grc' dir='ltr'>τοῖς</span> <span class='ocrx_word' id='word_1_1004' title='bbox 2016 5821 2135 5893; x_wconf 76' lang='grc' dir='ltr'>ἐκεῖ</span> <span class='ocrx_word' id='word_1_1005' title='bbox 2159 5821 2633 5895; x_wconf 75' lang='grc' dir='ltr'>καταδικασθέντα</span> <span class='ocrx_word' id='word_1_1006' title='bbox 2673 5839 2917 5909; x_wconf 83' lang='grc' dir='ltr'>μόχθοις,</span> <span class='ocrx_word' id='word_1_1007' title='bbox 2956 5840 3045 5898; x_wconf 66' lang='grc' dir='ltr'>διὰ</span> <span class='ocrx_word' id='word_1_1008' title='bbox 3077 5821 3241 5897; x_wconf 78' lang='grc' dir='ltr'>τοῦτο</span> <span class='ocrx_word' id='word_1_1009' title='bbox 3266 5845 3460 5915; x_wconf 82' lang='grc' dir='ltr'>λύχνον</span> 
     </span>
    </p>
   </div>
  </div>
