4022 6214
513 294 616 355 19⁸1

502 411 851 483 λαμϐάνοντα
891 411 983 464 καὶ
1015 412 1284 475 δίκελλαν,
1313 413 1487 477 οὕτως
1523 414 1748 468 εἰσιέναι
1774 414 1941 477 ἔνδον,
1983 422 2078 466 καὶ

503 496 761 567 ληκύθιον
785 495 1161 566 ἐπιφέρεσθαι,
1190 497 1331 550 ὥστε
1362 500 1672 562 ἐπιστάζειν
1699 499 1947 552 ἐντεῦθεν
1999 498 2079 567 τῷ

503 582 680 649 λύχνῳ
711 589 772 631 το
793 578 991 642 ἔλαιον,
1019 579 1108 631 διὰ
1163 581 1224 633 τὸ
1274 581 1466 645 σκότος
1498 578 1755 635 εἶναικαὶ
1793 584 1849 635 ἐν
1890 583 2078 651 ἡμέρα

503 660 761 729 ἀφεγγὲς,
794 658 983 730 ὥσπερ
1017 660 1187 732 ἔφθην
1225 663 1415 718 εἰπών.
1439 658 1806 717 Εἷταέπειδάν
1833 668 1860 718 6
1889 665 2079 734 καιρὸς

502 746 594 795 ἐπὶ
626 745 724 811 τὴν
754 743 1102 814 ταλαίπωρον
1124 744 1288 796 αὑτὸν
1322 746 1458 816 καλῇ
1479 749 1720 817 τροφὴν,
1770 747 1932 801 αὑτὸν
1979 747 2079 817 μὲν

500 827 714 892 ἀγνοεῖν
736 826 827 876 τὸν
857 826 1066 894 καιρὸν,
1088 826 1177 877 τὸν
1202 825 1257 879 δέ
1290 827 1675 895 δεσμοφύλακα
1732 830 1825 883 τὸν
1868 829 2077 883 ἐκείνου

503 907 707 959 ἀνωθεν
732 904 1046 969 κατάξαντα
1076 907 1320 977 σφοδρῶς
1350 909 1407 961 τὸ
1438 911 1721 980 σπήλαιον,
1757 911 1847 964 διὰ
1863 912 1957 965 τοῦ
1976 928 2081 963 πα-

498 992 667 1058 τάγου
691 990 784 1043 καὶ
810 993 908 1060 τῆς
928 992 1109 1061 φωνῆς
1137 994 1351 1063 ἐκείνης
1379 994 1569 1063 δηλοῦν
1602 1000 1713 1060 τοῖς
1734 998 1885 1050 κάτω
1918 998 2082 1068 ἐργα-

502 1074 750 1143 ζομένοις
773 1072 873 1141 τῆς
909 1074 1123 1144 ἡμέρας
1152 1076 1213 1129 τὸ
1252 1078 1423 1140 τέλος.
1486 1074 1612 1148 1rAp‘
1670 1081 1770 1133 οὐκ
1821 1081 2078 1150 ἑφρίξατε

501 1156 675 1209 ταῦτα
705 1156 1075 1223 ἀκούσαντες;
1110 1160 1342 1228 Ἴδωμεν
1372 1160 1575 1224 τοίνυν,
1603 1164 1650 1214 εί
1704 1162 1779 1232 μὴ
1835 1164 2080 1231 χαλεπώ-

499 1256 633 1307 τερα
665 1239 872 1290 τούτων
898 1241 1200 1309 πάσχουσιν
1224 1246 1272 1294 οἱ
1314 1244 1662 1314 φιλάργυροι.
1702 1245 1810 1296 Καὶ
1844 1245 1954 1315 γάρ
1986 1247 2080 1298 καὶ

498 1315 644 1373 οὗτοι
703 1321 1003 1391 βαρύτερον
1042 1324 1225 1392 έχουσι
1271 1325 1657 1395 δεσμοφύλακα
1689 1326 1786 1397 τὴν
1813 1327 2080 1396 φιλαργυ-

502 1404 646 1473 ρίαν,
672 1404 765 1457 καὶ
790 1403 1033 1473 τοσούτῳ
1065 1405 1383 1477 βαρύτερον,
1413 1409 1521 1479 ὅσῳ
1554 1408 1693 1477 μετά
1716 1409 1809 1461 τοῦ
1830 1408 2080 1478 σώματος

500 1486 593 1538 καὶ
622 1486 723 1554 τὴν
752 1484 930 1554 ψυχὴν
956 1486 1141 1550 αὐτοῖς
1177 1489 1373 1542 συνδεῖ.
1392 1492 1503 1544 Ka‘l.
1519 1492 1578 1543 τὸ
1598 1492 1784 1555 σκότος
1810 1492 1867 1544 δὲ
1895 1490 2075 1553 τοῦτο,

498 1571 707 1623 ἐκείνου
740 1569 1173 1641 φρικωδέστερον
1199 1590 1211 1602 ·
1247 1574 1307 1625 ού
1333 1576 1442 1645 γάρ
1483 1578 1630 1627 ἐστιν
1665 1573 1939 1644 αἰσθητὸν,
1963 1574 2078 1626 ἀλλ’

497 1655 709 1707 ἔνδοθεν
738 1653 870 1706 αὐτὸ
900 1653 1193 1719 τίκτοντες,
1217 1657 1461 1728 ὅπουπερ
1485 1658 1549 1711 ἂν
1606 1658 1831 1721 ἀπίωσι,
1872 1675 2077 1711 παντα-

497 1737 594 1807 χοῦ
630 1738 750 1807 μεθ’
782 1736 991 1789 ἑαυτῶν
1048 1740 1457 1809 περιφέρουσιν.
1498 1741 1793 1793 Ἔσϐεσται
1832 1744 1940 1810 γὰρ
1979 1742 2078 1794 a0-

494 1826 605 1885 τοῖς
638 1823 666 1873 6
690 1821 789 1889 τῆς
808 1820 989 1890 ψυχῆς
1017 1821 1317 1892 ὀφθαλμός.
1350 1824 1440 1875 Διὸ
1476 1826 1570 1876 καὶ
1595 1825 1829 1892 μάλιστα
1863 1827 2078 1877 πάντων

496 1906 692 1967 αὐτοὺς
717 1904 746 1954 6
792 1904 1025 1972 Χριστὸς
1072 1905 1347 1967 ταλανίζει
1399 1906 1573 1971 λέγων
1595 1922 1609 1934 ·
1660 1907 1724 1957 El
1754 1905 1822 1957 δὲ
1855 1906 1922 1957 τὸ
1952 1905 2078 1973 φῶς

495 1991 561 2040 τὸ
592 1988 662 2040 ὲν
698 1984 819 2047 σοὶ,
849 1986 1091 2049 σκότος,
1118 1987 1181 2038 τὸ
1248 1987 1473 2050 σκότος
1538 1988 1735 2039 πόσον
1752 1987 1772 2038 .'
1822 1989 2079 2041 Κάκεῖνοι

499 2072 598 2140 μὲν
637 2068 738 2121 κᾶν
770 2066 963 2135 λύχνον
999 2067 1181 2136 έχουσι
1229 2068 1510 2137 φαίνοντα,
1543 2064 1686 2122 οὗτοι
1722 2071 1778 2123 δὲ
1817 2075 1910 2123 καὶ
1947 2070 2078 2123 ταύ-

495 2172 595 2223 της
630 2150 1039 2217 ἀπεστέρηνται
1084 2150 1186 2219 τῆς
1224 2152 1401 2220 αὐγῆς
1455 2150 1638 2223 [210]’
1672 2153 1753 2206 διὸ
1811 2156 1907 2206 καὶ
1954 2154 2077 2206 καθ’

497 2237 738 2303 ἑκάστην
770 2229 984 2301 ἡμέραν
1046 2235 1125 2296 είς
1183 2235 1352 2305 μυρία
1404 2235 1739 2303 ἐμπίπτουσι
1803 2236 2075 2308 βάραθρα.

499 2317 609 2368 Καὶ
642 2318 691 2368 οἱ
752 2314 852 2382 μὲν
917 2315 1219 2378 κατάδικοι,
1278 2314 1472 2377 νυκτὸς
1528 2317 2076 2387 καταλαμϐανούσης,

496 2397 880 2464 ἀναπνέουσιν,
934 2400 1014 2460 είς
1080 2398 1179 2465 τὴν
1234 2398 1418 2467 κοινὴν
1452 2398 1558 2451 τῶν
1625 2399 2079 2470 δυσημερούντων

501 2481 977 2544 καταπλεύσαντες
1003 2482 1269 2551 γαλήνην,
1298 2482 1399 2550 τὴν
1442 2482 1612 2535 νύκτα
1653 2482 1830 2550 λέγω·
1873 2486 1986 2545 τοῖς
2024 2482 2080 2535 δὲ

500 2563 858 2636 φιλαργύροις
888 2567 982 2617 καὶ
1006 2564 1198 2616 τοῦτον
1228 2565 1261 2633 ὴ
1298 2564 1584 2627 πλεονεξία
1628 2564 1945 2633 προσέχωσε
1988 2563 2080 2616 τὸν

498 2647 726 2718 λιμένα·
759 2638 999 2700 τοσαῦτά
1040 2647 1135 2698 καὶ
1161 2650 1217 2697 ἐν
1246 2646 1401 2697 νυκτὶ
1432 2646 1780 2717 φροντίζουσι
1801 2645 2077 2715 χαλεπῶς,

498 2733 595 2793 ἅτε
633 2731 859 2802 μηδενὸς
874 2730 1222 2799 ἐνοχλοῦντος
1256 2728 1395 2798 μετὰ
1432 2730 1631 2800 σχολῆς
1656 2732 1877 2801 ἀπάσης
1905 2747 2078 2783 κατα-

496 2812 792 2876 κόπτοντες
830 2810 1077 2873 ἐαυτούς.
1117 2812 1222 2865 Καὶ
1274 2813 1341 2865 τὶ
1378 2812 1475 2880 μὲν
1515 2812 1751 2866 ἐνταῦθα
1803 2812 2031 2869 τοιαῦτα
2060 2828 2074 2843 ·

501 2897 564 2947 τὰ
596 2894 652 2947 δὲ
690 2897 824 2961 ἐκεῖ,
861 2900 1010 2958 ποῖος
1038 2898 1377 2966 παραστήσει
1418 2896 1611 2963 λόγος;
1658 2898 1755 2959 τάς
1809 2897 2076 2965 καμίνους

503 2977 596 3039 τὰς
635 2977 972 3051 ἀφορήτους,
1035 2978 1162 3040 τοὺς
1217 2978 1721 3048 πυριφλεγέθοντας
1768 2981 2072 3047 ποταμοὺς,

496 3059 622 3123 τοὺς
640 3060 1007 3134 βρυχομένους
1040 3061 1284 3125 ὀδόντας,
1340 3062 1408 3113 τὰ
1438 3062 1614 3127 δεσμά
1660 3063 1728 3114 τὰ
1775 3062 2082 3125 ἀλυτα,τὸν

498 3142 760 3211 σκώληκα
828 3144 919 3196 τὸν
976 3143 1199 3205 ἰοϐόλον,
1250 3144 1310 3194 τὸ
1353 3144 1543 3207 σκότος
1599 3144 1660 3197 τὸ
1711 3145 1974 3214 ἀφεγγὲς,
2015 3146 2085 3200 τά

500 3224 772 3293 μηδέποτε
803 3225 976 3296 πέρας
1019 3225 1365 3294 λαμϐάνοντα
1408 3227 1573 3279 κακά.
1605 3227 1942 3297 Φοϐηθῶμεν
1970 3230 2083 3283 τοί-

498 3326 614 3373 νυν,
649 3310 947 3379 ἀγαπητοὶ,
991 3308 1319 3379 φοϐηθῶμεν
1338 3309 1433 3379 τὴν
1464 3310 1645 3381 πηγὴν
1675 3310 1783 3362 τῶν
1813 3312 2084 3365 τοσούτων

497 3389 803 3461 τιμωριῶν,
855 3392 951 3461 τὴν
999 3391 1299 3462 ἀκόρεστον
1358 3395 1577 3463 μανίαν,
1615 3394 1715 3457 τὴν
1775 3393 1953 3464 λύμην
1984 3395 2085 3464 τῆς

496 3474 778 3543 ἡμετέρας
803 3475 1096 3544 σωτηρίας.
1134 3474 1208 3527 Οὐ
1243 3474 1348 3545 γὰρ
1376 3476 1523 3529 ἐστιν
1541 3474 1676 3545 ὁμοῦ
1705 3478 1799 3529 καὶ
1820 3478 2085 3547 ἀργύριον

500 3558 675 3625 φιλεῖν
708 3558 801 3609 καὶ
857 3556 1056 3624 ψυχήν.
1108 3558 1387 3627 Μάθωμεν
1442 3561 1523 3612 ὅτι
1552 3561 1622 3628 γῆ
1664 3560 1757 3611 καὶ
1791 3560 1983 3624 σποδὸς
2017 3562 2087 3615 τά

499 3642 783 3711 χρήματα,
822 3641 904 3692 ὅτι
940 3642 1306 3713 ἀπολιμπάνει
1366 3645 1511 3713 ἡμᾶς
1547 3643 1967 3714 ἀποδημοῦντας
2001 3647 2087 3697 ἐν·

498 3723 711 3787 τεῦθεν,
779 3724 983 3793 μᾶλλον
1051 3724 1109 3777 δέ
1168 3727 1251 3777 ὅτι
1297 3727 1391 3779 καὶ
1446 3727 1553 3797 πρὸ
1613 3728 1712 3797 τῆς
1774 3727 2086 3798 ἀποδημίας

503 3807 765 3870 πολλάκις
818 3810 975 3880 ήμῶν
1035 3811 1315 3879 ἀποπηδᾷ,
1376 3812 1471 3864 καὶ
1523 3812 1658 3880 πρὸς
1711 3811 1781 3863 τὰ
1824 3812 2087 3881 μέλλοντα

504 3891 909 3958 παραϐλάπτει,
939 3893 1036 3943 καὶ
1080 3893 1220 3960 πρὸς
1271 3893 1370 3961 τὴν
1424 3893 1707 3963 παροῦσαν
1749 3892 1915 3964 ζωήν.
1977 3896 2087 3951 Καὶ

503 3973 612 4043 γάρ
649 3973 754 4043 πρὸ
784 3973 885 4042 τῆς
915 3975 1143 4044 γεέννης
1176 3976 1270 4026 καὶ
1298 3975 1404 4044 πρὸ
1428 3975 1526 4044 τῆς
1563 3975 1838 4039 κολάσεως
1872 3978 2087 4049 ἐκείνης

506 4056 724 4126 μυρίοις
756 4056 1037 4110 κάνταῦθα
1076 4060 1221 4129 ἡμᾶς
1278 4059 1594 4129 περιϐάλλει
1653 4061 1937 4132 πολέμοις,
1992 4063 2088 4114 καὶ

504 4142 725 4203 στάσεις
755 4141 961 4211 ἐγείρει
996 4143 1089 4193 καὶ
1118 4142 1319 4211 μάχας.
1355 4142 1518 4195 Οὐδὲν
1544 4143 1653 4213 γὰρ
1671 4143 1816 4197 οὕτω
1849 4146 2085 4215 πολεμο-

505 4223 678 4288 ποιὸν,
707 4223 781 4286 ὡς
811 4226 1149 4295 φιλαργυρία
1168 4242 1182 4254 ·
1215 4225 1367 4278 οὐδὲν
1423 4225 1567 4283 οὕτω
1594 4229 1955 4301 πτωχοποιὸν,
1980 4228 2085 4283 κᾶν

1163 293 1223 349 S.
1260 293 1548 349 JOANNIS
1583 292 2069 349 CHRYSOSTOMI
2113 290 2435 347 ARCIIIEP.
2480 295 3035 350 CONSTANTINOP.

3658 304 3757 355 ΗΜ

2182 414 2235 464 ἐν
2264 415 2505 486 πλούτῳ,
2540 416 2644 469 κᾶν
2670 417 2728 467 ἐν
2758 416 2923 484 πενίᾳ
2962 418 3125 487 φανῇ.
3162 414 3359 469 Φύεται
3403 418 3507 485 γὰρ
3560 422 3652 473 καὶ
3708 426 3760 474 ἐν

2190 498 2428 567 πενήτων
2495 497 2696 566 ψυχαῖς
2760 496 2825 549 τὸ
2875 496 3111 566 χαλεπὸν
3169 496 3331 551 τοῦτο
3383 499 3618 569 νόσημα,
3670 504 3757 557 καὶ

2186 578 2342 632 πλέον
2368 580 2550 633 αὐτῶν
2586 579 2971 648 ἐπιτρίϐειτὴν
3000 579 3210 635 πενίαν.
3231 580 3351 633 Κᾶν
3368 582 3566 654 εὑρεθῇ
3597 584 3761 649 πένης

2180 662 2537 733 φιλάργυρος,
2600 663 2702 715 οὐκ
2754 664 2812 714 ἐν
2864 664 3147 733 χρήμασιν
3189 664 3217 713 6
3274 666 3537 729 τοιοῦτος,
3562 667 3679 719 ἀλλ’
3707 670 3762 721 ἐν

2180 744 2326 815 λιμῷ
2356 745 2537 798 δίδωσι
2562 744 2742 813 δίκην.
2786 745 2862 797 Οὐ
2907 746 3016 815 γὰρ
3058 746 3310 814 ἀνέχεται
3365 748 3473 800 τῶν
3524 750 3763 821 μετρίων

2181 827 2360 880 αὐτῶν
2380 826 2698 879 ἀπολαῦσαι
2730 827 2870 897 μετὰ
2903 827 3108 891 ἀδείας,
3132 827 3268 881 ἀλλά
3291 830 3386 881 καὶ
3407 830 3505 900 τὴν
3522 835 3764 901 γαστέρα

2180 908 2320 979 λιμῷ
2352 910 2683 976 κατατείνει,
2724 909 2819 962 καὶ
2853 909 2915 962 τὸ
2948 910 3108 979 σῶμα
3140 910 3288 963 ἅπαν
3334 914 3637 982 γυμνότητι
3668 918 3764 967 καὶ

2180 990 2377 1061 κρυμῷ
2405 993 2750 1062 τιμωρεῖται,
2782 991 3007 1045 καὶτῶν
3061 992 3357 1061 δεσμωτῶν
3393 995 3593 1064 μᾶλλον
3634 997 3765 1066 αὐχ-

2184 1074 2299 1144 μῶν
2326 1076 2421 1127 καὶ⁵
2460 1075 2649 1144 ῥυπῶν
2688 1074 2965 1145 πανταχοῦ
3004 1076 3275 1144 φαίνεται·
3311 1077 3404 1129 καὶ
3449 1078 3536 1129 ἀεὶ
3578 1078 3766 1148 θρηνεῖ

2180 1157 2276 1209 καὶ
2314 1157 2587 1228 ὀδύρεται,
2641 1157 2831 1225 ῶσπερ
2882 1157 3100 1210 »πάντων
3130 1156 3206 1209 ὢν
3273 1158 3625 1229 ἀθλιώτερος,
3661 1160 3765 1214 κᾶν

2184 1237 2414 1309 μυρίους
2451 1240 2813 1309 πενεστέρους
2872 1240 2993 1308 ἔχῃ.
3037 1232 3229 1303 Οὗτος,
3284 1241 3387 1293 κᾶν
3434 1242 3514 1304 εἰς
3559 1242 3765 1313 ἀγορὰν

2182 1320 2449 1392 ἐμϐάλλῃ,
2482 1322 2710 1384 πολλοὺς
2740 1321 2954 1374 λαϐὼν⁸
2986 1320 3169 1374 ἄπεισι
3208 1320 3483 1392 μώλωπας
3505 1338 3516 1349 ·
3554 1324 3655 1376 κᾶν
3685 1328 3765 1387 εἰς

2184 1404 2492 1474 βαλανεῖον,
2518 1404 2619 1457 κᾶν
2649 1405 2728 1466 είς
2766 1404 3017 1473 θέατρον,
3069 1404 3293 1459 πλείονα
3342 1406 3570 1474 λήψεται
3600 1408 3766 1478 τραύο

2186 1504 2352 1557 ματα,
2383 1487 2483 1538 ούκ
2504 1487 2609 1538 ἀπὸ
2640 1485 2749 1539 τῶν
2778 1486 3129 1557 θεωρούντων
3151 1488 3333 1557 μόνον,
3365 1487 3503 1541 ἀλλά
3532 1490 3626 1542 καὶ
3660 1491 3767 1543 ἀπὸ

2182 1568 2289 1621 τῶν
2319 1570 2412 1621 ἐπὶ
2450 1568 2552 1636 τῆς
2588 1568 2818 1639 σκηνῆς,
2850 1570 2978 1621 ὅταν
3014 1568 3098 1640 ἴδῃ
3123 1569 3324 1631 πολλάς
3356 1570 3466 1624 τῶν
3509 1588 3767 1642 πορνευο-

2185 1654 2361 1720 μένων
2399 1651 2679 1717 γυναικῶν
2759 1653 2969 1721 χρυσίῳ
3018 1652 3542 1723 καταλαμπομένας.
3596 1651 3769 1718 Οὗτος

2180 1735 2285 1786 κάν
2323 1735 2422 1804 τὴν
2456 1734 2729 1785 θάλατταν
2761 1734 2923 1805 πλέῃ,
2972 1735 3097 1796 τοὺς
3144 1736 3418 1804 ἐμπόρους
3472 1738 3635 1792 πάλιν
3674 1739 3769 1792 καὶ

2179 1818 2277 1878 τὰς
2311 1816 2695 1886 μυριαγώγους
2724 1815 2854 1878 ναῦς
2886 1817 3084 1868 ἐννοῶν
3126 1818 3220 1870 καὶ
3245 1818 3312 1869 τά
3345 1820 3549 1889 ἄπειρα
3577 1821 3766 1891 κέρδη,

2179 1899 2300 1950 οὐδὲ
2341 1899 2439 1970 ζῇν
2465 1898 2654 1951 ἑαυτὸν
2679 1900 2972 1966 ἡγήσεται·
3015 1896 3120 1950 κᾶν
3166 1900 3254 1951 διὰ
3282 1900 3385 1971 γῆς
3431 1902 3610 1972 όδεύῃ,
3641 1905 3770 1967 τοὺς

2181 1982 2405 2051 ἀγροὺς,
2432 1980 2497 2033 τά
2528 1981 2850 2049 προάστεια,
2886 1982 2955 2033 τὰ
2979 1980 3361 2051 καταλύματα,
3389 1984 3457 2035 τὰ
3488 1983 3767 2053 βαλανεῖα,

2178 2066 2276 2127 τὰς
2296 2066 2360 2116 ἐκ
2392 2064 2598 2116 τούτων
2659 2063 2958 2133 προσόδους
3018 2065 3495 2135 ἀναλογιζόμενος,
3538 2068 3772 2122 ἀϐίωτον

2181 2145 2365 2215 ἐαυτῷ
2386 2149 2477 2198 τὸν
2536 2145 2650 2215 βίον
2679 2146 2951 2215 ἡγήσεται
2975 2142 3117 2201 εἶναι
3152 2147 3357 2201 λοιπόν·
3398 2150 3501 2203 κᾶν
3550 2150 3692 2205 οἶκοι
3714 2153 3772 2205 δὲ

2179 2228 2555 2298 κατακλείσῃς
2605 2228 2790 2290 αὑτὸν,
2830 2228 2907 2283 ,τά
2927 2229 3037 2281 ἀπὸ
3080 2229 3181 2300 τῆς
3220 2231 3428 2300 ἀγορᾶς
3471 2236 3773 2305 τραύματα

2181 2311 2507 2376 άναξαίνων,
2555 2309 2679 2364 καθ’
2720 2310 2913 2363 ἑαυτὸν
2972 2311 3240 2380 μειζόνως
3295 2312 3620 2383 λυμανεῖται
3671 2319 3771 2388 τὴν

2178 2395 2377 2464 ψυχήν·
2428 2393 2521 2444 καὶ
2569 2393 2698 2462 μίαν
2740 2389 2850 2445 οἶδε
2888 2394 3253 2464 παραμυθίαν
3285 2397 3455 2468 μόνην
3482 2399 3590 2451 τῶν
3640 2418 3773 2453 κατ-

2180 2478 2412 2545 εχόντων
2450 2475 2617 2527 αὑτὸν
2660 2476 2871 2540 κακῶν,
2906 2476 2997 2529 τὸν
3029 2477 3261 2531 θάνατον
3302 2480 3397 2532 καὶ¹
3449 2482 3546 2552 τὴν
3590 2483 3776 2535 ἐντεῦο

2182 2560 2274 2611 θεν
2314 2558 2662 2628 ἀπαλλαγήν.
2705 2557 2891 2611 Ταῦτα
2927 2559 2987 2611 δὲ
3017 2561 3167 2633 οὐχὸ
3212 2562 3381 2635 πένης
3421 2564 3603 2633 μόνον,
3635 2565 3774 2618 ἀλλά

2181 2642 2275 2695 καὶ
2326 2643 2354 2692 6
2408 2641 2665 2705 πλούσιος
2720 2643 2749 2694 6
2789 2641 2965 2718 τούτῳ
3006 2644 3323 2714 περιπεσὼν
3376 2646 3453 2717 τῷ
3501 2650 3775 2719 νοσήματι

2182 2725 2453 2786 πείσεται,
2492 2727 2585 2777 καὶ
2616 2724 2860 2801 τοσούτῳ
2886 2727 3089 2796 μᾶλλον
3111 2728 3206 2780 τοῦ
3234 2730 3488 2798 πένητος,
3525 2731 3636 2801 ὅσῳ
3679 2734 3776 2787 καὶ

2185 2808 2523 2877 σφοδροτέρα
2553 2808 2833 2863 ἐπίκειται
2859 2809 3035 2879 τούτῳ
3055 2812 3088 2879 ἡ
3120 2812 3397 2880 τυραννὶς,
3442 2813 3536 2865 καὶ⁵
3571 2814 3777 2867 πλείων

2182 2891 2216 2959 η
2252 2889 2411 2959 μέθη.
2445 2890 2537 2942 Διὸ
2599 2892 2695 2942 καὶ
2747 2891 2966 2945 πάντων
2998 2893 3324 2963 πενέστερον
3378 2894 3574 2947 ἐαυτὸν
3618 2890 3777 2959 οὗτος

2184 2975 2451 3044 ἡγήσεται
2478 2973 2652 3045 [2H],
2692 2975 2892 3044 μᾶλλον
2924 2976 2980 3028 δέ
3010 2977 3107 3032 καὶ
3157 2976 3272 3031 ἐστι
3304 2979 3654 3049 πενέστερος.
3697 2982 3773 3037 Οὐ

2186 3056 2294 3127 γὰρ
2334 3056 2411 3126 τῷ
2437 3057 2620 3127 μέτρῳ
2653 3059 2750 3127 τῆς
2792 3058 3002 3122 οὐσίας,
3053 3059 3187 3113 ἀλλά
3242 3063 3311 3133 τῇ
3370 3059 3608 3113 διαθέσει
3673 3062 3777 3131 τῆς

2186 3139 2410 3210 γνώμης
2441 3141 2469 3191 6
2498 3140 2727 3203 πλοῦτος
2764 3142 2859 3193 καὶ
2891 3144 2923 3216 ἡ
2962 3142 3121 3197 πενία
3158 3142 3455 3212 κρίνονται·
3498 3145 3594 3196 καὶ
3631 3145 3779 3195 ἐκεῖ.

2186 3239 2274 3287 νος
2308 3222 2509 3291 μᾶλλόν
2556 3224 2705 3274 ἐστιν
2743 3226 2770 3276 ὁ
2817 3226 3037 3276 πάντων
3094 3226 3460 3296 πτωχότατος,
3495 3226 3524 3275 ὁ
3565 3219 3661 3277 ἀεῖ
3679 3226 3779 3283 τοῦ

2188 3307 2435 3369 πλείονος
2463 3305 2769 3376 ἐπιθυμῶν,
2812 3308 2903 3359 καὶ
2932 3307 3205 3381 μηδέποτε
3236 3308 3433 3377 στῆσαι
3465 3308 3775 3378 δυνάμενος

2187 3392 2285 3460 τὴν
2328 3388 2573 3462 πονηράν
2594 3389 2801 3459 ταύτην
2832 3390 3150 3459 ἐπιθυμίαν.
3177 3393 3275 3445 Διά
3302 3392 3366 3462 δὴ
3385 3391 3557 3447 ταῦτα
3594 3395 3781 3450 πάντα

2188 3473 2483 3542 φεύγωμεν
2532 3470 2631 3540 τὴν
2691 3472 3080 3545 φιλαργυρίαν,
3125 3472 3225 3542 τὴν
3278 3474 3645 3543 πτωχοποιὸν,
3679 3476 3785 3547 τὴν

2186 3555 2551 3629 ψυχοφθόρον,
2617 3553 2714 3624 τὴν
2766 3554 2995 3629 γεέννης
3053 3556 3237 3626 φίλην,
3298 3557 3395 3627 τὴν
3440 3558 3644 3629 ἐχθρὰν
3679 3560 3781 3624 τῆς

2191 3638 2471 3708 βασιλείας
2494 3636 2603 3688 τῶν
2627 3635 2896 3710 οὐρανῶν,
2958 3637 3056 3707 τὴν
3118 3638 3333 3708 μητέρα
3382 3640 3603 3692 πάντων
3640 3641 3782 3708 ὁμοῦ

2189 3722 2299 3775 τῶν
2329 3722 2537 3774 κακῶν·
2580 3721 2673 3774 καὶ
2705 3720 3139 3791 καταφρονῶμεν
3168 3722 3494 3792 χρημάτων,
3528 3724 3617 3774 ἵνα
3637 3725 3782 3775 ἀπο-

2188 3803 2476 3874 λαύσωμεν
2539 3802 2861 3875 χρημάτων,
2934 3802 3029 3856 καί⁵
3092 3804 3233 3873 μετά
3305 3803 3415 3855 τῶν
3476 3806 3784 3875 χρημάτων

2189 3887 2618 3956 ἀπολαυσόμεθα
2640 3886 2734 3937 καὶ⁵
2761 3885 2869 3939 τῶν
2891 3885 3322 3956 ἐπηγγελμένων
3371 3888 3506 3955 ἡμῖν
3531 3888 3781 3957 ἀγαθῶν·

2186 3963 2261 4023 ῶν
2292 3969 2505 4036 γένοιτο
2563 3967 2775 4032 πάντας
2828 3971 2979 4042 ἡμᾶς
3020 3970 3318 4043 ἐπιτυχεῖν,
3372 3970 3465 4022 καὶ
3508 3970 3577 4025 τά
3628 3970 3785 4042 ἑξῆς.

2263 4239 2288 4265 α
2316 4238 2398 4286 Sic
2426 4237 2549 4299 Reg.
2574 4243 2627 4286 et
2646 4236 2796 4287 Savil.
2822 4238 2876 4287 In
2902 4238 3261 4303 M0re|.—>\a6¢bv
3288 4225 3619 4288 desideratur.

1743 4368 3753 4401 ...η-*Μ

1969 4504 2213 4559 ΟΜΙΔΙΑ
2252 4505 2378 4559 ΚΔν.

508 4611 843 4679 Πειρασμὸς
880 4609 1032 4681 ὑμᾶς
1059 4612 1171 4664 οὐκ
1194 4608 1476 4679 είληςρεν,
1506 4613 1559 4665 ει
1579 4611 1666 4681 μὴ
1694 4613 2088 4678 ἀνθρώπινος.

581 4685 755 4751 Πιστρ
771 4702 797 4745 ς
828 4680 894 4731 δὲ
915 4686 955 4751 ,ό
982 4681 1146 4745 Θεὸς,
1173 4682 1239 4748 ὃς
1268 4686 1377 4734 οὐκ
1394 4682 1561 4735 ἐάσει
1584 4680 1740 4751 ὑμᾶς
1766 4682 2091 4748 πειρασθῆ-

581 4765 679 4799 ναι
711 4750 868 4821 ’ὑπὲρ
900 4750 1259 4821 ὃ-δύγασθε,
1297 4752 1458 4805 ἀλλὰ
1501 4750 1629 4805 σὺν·
1667 4753 1745 4816 τῷ
1787 4752 2095 4821 πειρασμῷ

584 4818 822 4894 ποιήσει
864 4819 963 4894 θεαὶ
1013 4819 1126 4894 τὴν
1169 4820 1424 4894 ἑκϐασιν
1467 4821 1574 4874 τοῦ
1603 4818 1899 4877 δύνασθαι
1940 4818 2095 4894 ὑμᾶς

583 4885 960 4951 ὑπενεγκεῖν,
986 4890 1079 4938 καὶ
1118 4892 1189 4941 τὰ
1222 4889 1385 4955 ἑξῆς.

592 5024 663 5071 a'.
683 5016 1015 5086 Ἐπειδήπερ
1046 5017 1312 5087 ἐφόϐησεν
1330 5022 1525 5083 αὐτοὺς
1556 5024 1774 5087 ἱκανῶς,
1798 5024 1865 5076 τὰ
1890 5025 2097 5077 παλαιὰ

514 5101 917 5171 διηγησάμενος
947 5101 1391 5169 παραδείγματα,
1422 5104 1513 5155 καὶ
1537 5106 1614 5165 είς
1639 5106 1876 5171 ἀγωνίαν
1908 5107 2097 5157 ἐνέϐα-

516 5189 627 5251 λεν,
662 5185 849 5249 είπὼν,
895 5185 957 5237 '0
986 5184 1181 5238 δοκῶν
1212 5184 1479 5247 ἑστάναι,
1497 5186 1774 5248 βλεπέτω
1797 5186 1883 5253 μὴ
1915 5186 2097 5253 πέσῃ,

518 5268 659 5342 ἦσαν
696 5270 747 5321 δὲ
794 5270 887 5323 καὶ
932 5271 1274 5339 πειρασμοὺς
1329 5269 1642 5337 ἐνηνοχότες
1698 5267 1957 5331 πολλοὺς,
2008 5272 2102 5322 καὶ

517 5368 583 5424 γυ
595 5354 930 5423 μνασάμενοι
958 5352 1214 5417 πολλάκις
1238 5354 1296 5405 ἐν
1321 5352 1551 5414 τούτοις·
1582 5351 1689 5405 Καὶ
1719 5350 1826 5420 γὰρ
1846 5350 1914 5402 ἐν
1934 5351 2103 5404 ἀσθε-

516 5438 669 5505 νείᾳ,
727 5436 899 5507 φησὶ.
952 5438 1051 5489 καὶ
1099 5436 1167 5487 ἐν
1210 5437 1374 5505 φόϐῳ
1420 5434 1517 5489 καὶ
1552 5434 1620 5486 ἐν
1654 5435 1847 5503 τρόμῳ
1896 5434 2105 5499 πολλῷ

518 5521 809 5589 ἐγενόμην
850 5518 1000 5588 πρὸς
1046 5518 1217 5588 ὑμᾶς·
1281 5522 1368 5573 ἵνα
1409 5520 1486 5590 μὴ
1528 5518 1759 5586 λέγωσις
1798 5517 1861 5569 Τί
1916 5516 2100 5585 φοϐεῖς

518 5603 665 5672 ἡμᾶς
698 5606 791 5656 καὶ
841 5602 1083 5677 δεδίττῃς
1143 5604 1243 5655 οὐκ
1298 5604 1465 5672 ἐσμὲν
1508 5602 1715 5655 τούτων
1776 5602 2099 5671 ἀμελέτητοι

520 5685 627 5736 τῶν
679 5687 887 5739 κακῶν·
944 5688 1037 5740 κα)Ι
1093 5684 1202 5756 γάρ
1261 5686 1542 5756 ὴλάθημεν
1606 5687 1697 5737 καὶ
1767 5685 2100 5757 ἐδιώχοημεν

525 5768 619 5820 καὶ
666 5768 890 5834 πολλοὺς
936 5771 1027 5825 καὶ
1071 5774 1312 5842 συνεχεῖς
1360 5771 1731 5842 ὑπεμείναμεν
1780 5771 2094 5835 κινδύνους·

2196 4614 2577 4665 καταστέλλων
2627 4613 2810 4667 αὐτῶν
2859 4613 3019 4667 πάλιν
3063 4613 3123 4665 τὸ
3172 4610 3434 4684 φύσημα,
3466 4614 3620 4683 φησὶ,
3655 4617 3792 4667 [Iu-

2187 4696 2426 4762 ρασμὸς
2471 4694 2626 4764 ὑμᾶς
2671 4700 2780 4751 οὐκ
2824 4697 3110 4764 είληεοεν,
3152 4700 3207 4750 εὶ
3249 4696 3335 4765 μὴ
3389 4696 3787 4763 ἀνθρώπινος·

2196 4779 2481 4842 τουτέστι,
2551 4781 2781 4851 μικρὸς,
2832 4779 3079 4851 βραχὺς,
3145 4780 3479 4848 σύμμετρος.
3544 4777 3618 4829 Τὸ
3682 4780 3795 4849 γὰρ

2198 4859 2538 4930 ἀνθρώπινον
2584 4862 2679 4913 ἐπὶ
2725 4862 2820 4914 τοῦ
2868 4862 3068 4932 μικροῦ
3120 4861 3304 4927 λέγει.
3337 4859 3413 4917 ὡς
3441 4859 3570 4911 ὅταν
3616 4859 3792 4934 λέγῃ·

2212 4943 2605 5009 Ἆνθρώπινον
2627 4945 2781 5011 λέγω
2806 4944 2903 4998 διὰ
2931 4945 3047 5007 τὴν
3071 4942 3393 4996 ἀσθένειαν
3417 4941 3527 5010 τῆς
3560 4947 3797 5012 σαρκὸς

2200 5024 2386 5091 ὑμῶν.
2426 5026 2516 5091 Μὴ
2555 5026 2736 5076 τοίνυν
2788 5026 2931 5093 μέγα
2976 5027 3257 5093 φρονεῖτε,
3295 5024 3480 5094 φησὶν,
3516 5026 3591 5091 ὼς
3636 5046 3801 5101 περι-

2202 5105 2481 5173 γενόμενοι
2510 5105 2601 5155 τοῦ
2633 5106 2945 5157 κλυδωνίου·
2977 5106 3233 5159 οὐδέποτε
3264 5107 3373 5177 γάρ
3406 5108 3572 5165 εἴδετε
3607 5112 3800 5164 κίνδυ-

2204 5203 2292 5237 νον
2353 5186 2583 5238 θάνατον
2636 5188 2985 5249 ἀπειλοῦντα,
3042 5189 3161 5241 οὐδέ
3210 5194 3517 5262 πειρασμὸν
3575 5194 3801 5261 σφαγὴν

2204 5268 2722 5337 ὲπανατεινόμενον·
2757 5270 2784 5321 ὂ
2819 5271 2914 5322 καὶ
2955 5271 3233 5341 Ἑϐραίοις
3258 5275 3465 5344 ἔλεγεν·
3494 5276 3675 5327 Οὔπω
3699 5274 3803 5338 μέ-

2206 5369 2338 5418 χρις
2376 5352 2623 5419 αἵματος
2658 5355 3122 5423 ἀντικατέστητε
3171 5359 3321 5425 πρὸς
3350 5359 3465 5424 τὴν
3495 5357 3803 5423 ἁμαρτίαν

2203 5435 2751 5504 ἀνταγωνιζόμενοι.
2786 5434 2918 5491 Εἶτα
2966 5441 3153 5511 ἐπειδὴ
3194 5442 3484 5509 ἐφόϐησεν,
3527 5440 3631 5507 δρα
3679 5439 3804 5500 πῶς

2209 5520 2372 5571 πάλιν
2408 5520 2603 5583 αὐτοὺς
2636 5520 2887 5592 ἀνίστησι
2918 5526 3055 5594 μετὰ
3094 5525 3185 5577 τοῦ
3215 5526 3397 5575 πεῖσαι
3443 5518 3765 5590 μετριάζειν
3786 5561 3801 5581 ,

2209 5603 2413 5671 λέγων·
2446 5604 2668 5665 Πιστὸς
2694 5604 2761 5656 δὲ
2794 5610 2825 5659 ὀ
2856 5609 3022 5675 Θεὸς,
3055 5606 3122 5673 ὃς
3151 5610 3261 5660 οὐκ
3295 5602 3463 5656 ἐάσει
3490 5599 3645 5670 ὑμᾶς
3670 5619 3804 5656 πει-

2201 5686 2508 5755 ρασθῆναι
2557 5687 2710 5757 ὑπὲρ
2751 5689 2781 5741 ὃ
2824 5690 3108 5744 δύνασθε.
3153 5690 3294 5757 Ἀρα
3328 5687 3433 5737 εἶσὶ
3473 5686 3804 5756 πειρασμσὶ.

2209 5770 2304 5836 οὒς
2335 5772 2394 5824 ού
2424 5773 2650 5827 δυνατὸν
2676 5775 3017 5841 ὑπενεγκεῖν.
3052 5773 3161 5827 Καὶ
3186 5771 3331 5835 τίνες
3355 5764 3532 5835 οὗτοις
3564 5772 3807 5834 Πάντες,
