4022 6214
227 393 327 449 197

217 519 351 573 ergo
395 512 535 557 terra
573 500 663 567 illa
702 496 935 554 aurifera
978 493 1194 551 latibula
1234 502 1287 547 et
1324 504 1566 546 recessus
1602 486 1801 542 habere

214 597 275 649 in
300 591 596 649 tenebrosis
622 591 725 644 illis
748 589 1015 658 speluncis
1044 606 1058 641 :
1091 586 1467 646 facinorosum,
1485 581 1572 650 qui
1593 578 1660 633 ad
1684 578 1802 637 illos

220 684 433 737 labores
451 682 735 735 damnatus
762 688 877 745 est,
906 678 1027 733 ideo
1073 678 1343 732 lucernam
1374 673 1719 740 accipientem
1748 675 1806 723 et.

219 774 475 843 iignnem,
504 774 577 827 ita
625 772 852 843 ingredi,
875 780 933 826 et
976 768 1305 839 gutturnium
1350 764 1562 827 atierre,
1593 772 1650 817 ut
1677 760 1804 817 inde

218 850 404 919 oleum
431 864 484 918 in
518 863 789 920 lucernam
836 860 1098 925 infundat,
1131 859 1253 927 quia
1282 854 1517 911 tenebras
1546 854 1656 909 illic
1680 860 1805 908 sunt

222 958 390 1013 etiam
435 955 683 1021 interdiu,
708 964 767 1009 ut
790 955 901 1025 jam
946 953 1075 1008 dixi.
1106 950 1308 1006 Deinde
1348 947 1562 1019 quando
1596 955 1806 1015 tempus

223 1046 495 1101 infelicem
526 1046 672 1101 illum
715 1054 868 1099 vocat
893 1042 959 1098 ad
983 1042 1192 1106 cibum,
1220 1043 1391 1111 ipsum
1418 1037 1632 1109 quidem
1674 1046 1809 1092 teat-

224 1153 326 1207 pus
370 1138 614 1208 ignorare
641 1146 885 1200 narrant;
918 1135 1081 1189 vincti
1113 1147 1240 1189 vero
1272 1130 1548 1187 custodem
1575 1142 1807 1199 superne

226 1229 574 1283 vehementer
613 1227 911 1297 pulsantem
948 1225 1280 1296 speluncam,
1312 1236 1409 1292 per
1442 1222 1720 1291 strepitum
1755 1226 1841 1274 et-

224 1332 415 1373 vocem
452 1316 686 1372 indicare
721 1316 880 1371 tinem
920 1329 1041 1369 esse
1077 1313 1202 1370 diei.
1237 1314 1427 1366 Annon
1466 1309 1811 1364 inhorruistis

224 1406 345 1461 lucc
369 1408 678 1463 audientes?
702 1407 981 1463 Videamus
1002 1419 1127 1475 ergo
1146 1418 1323 1458 annon
1348 1400 1429 1457 his
1453 1402 1695 1471 graviora
1720 1415 1812 1469 pa-

227 1500 427 1553 tiantur
453 1499 617 1552 avari.
646 1498 778 1553 Nam
812 1500 865 1552 hi
894 1510 1105 1567 quoque
1140 1494 1437 1564 graviorem
1468 1492 1667 1548 habent
1692 1507 1813 1548 car-

222 1589 372 1644 ceris
418 1589 713 1651 custodem,
756 1586 1054 1651 avaritiam,
1100 1594 1153 1639 et
1198 1599 1264 1639 eo
1302 1582 1618 1653 graviorem,
1664 1579 1807 1651 quod

223 1695 349 1734 cum
381 1693 606 1748 corpore
629 1678 861 1731 animam
891 1675 1050 1731 simul
1075 1674 1307 1744 colliget.
1351 1673 1443 1727 lla:
1484 1687 1695 1744 quoque
1726 1681 1807 1726 te-

226 1769 411 1824 uebrm
443 1777 569 1824 sunt
602 1768 705 1822 illis
734 1767 1137 1831 horribiliores;
1169 1782 1273 1820 non
1304 1774 1430 1820 sunt
1459 1765 1602 1820 enim
1632 1763 1808 1819 sensi-

226 1862 385 1926 biles,
437 1860 534 1917 sed
590 1861 710 1916 illas
760 1861 901 1915 intus
956 1859 1225 1929 parientes
1265 1860 1432 1924 avari,
1478 1870 1814 1928 quocumque

222 1952 457 2006 abierint
478 1992 495 2018 ,
525 1950 721 2021 ubique
746 1965 928 2007 secum
960 1948 1342 2003 circumferunt
1367 1965 1380 2001 :
1408 1946 1703 2002 exstinctus
1732 1954 1815 1999 est

225 2042 373 2095 enim
433 2041 563 2110 ipsis
612 2043 805 2094 anima:
850 2038 1062 2093 oculus.
1116 2037 1346 2106 Ideoque
1396 2036 1642 2091 Christus
1694 2036 1815 2090 illus

227 2130 466 2184 maxime
493 2130 729 2183 omnium
760 2128 984 2182 miseros
1023 2126 1276 2196 prmdicat
1303 2126 1487 2181 dicens
1516 2142 1530 2179 :
1561 2126 1625 2181 Si
1649 2134 1815 2178 autem

225 2222 401 2275 tamen
443 2220 579 2289 quod
624 2220 677 2272 in
716 2228 764 2273 te
806 2227 911 2279 est,
942 2216 1155 2271 tenebrae
1198 2217 1328 2284 sint,
1358 2215 1573 2269 tenebrat
1615 2226 1817 2284 quantm

225 2322 377 2363 erant
402 2310 421 2381 (
443 2309 627 2363 Matth.
653 2309 706 2364 6.
731 2308 803 2365 23
821 2309 839 2379 )
860 2308 883 2362 τ
905 2308 971 2362 Et
995 2307 1069 2363 illi
1092 2306 1307 2377 quidem
1329 2306 1519 2361 saltem
1542 2306 1815 2359 lucernam

226 2401 433 2456 habent
474 2404 740 2455 lucentem
771 2417 786 2455 :
830 2401 884 2455 bi
912 2411 1090 2455 autem
1121 2399 1208 2453 illa
1239 2399 1514 2469 privantur
1547 2416 1560 2452 :
1594 2397 1819 2466 ideoque

227 2493 469 2563 quotidie
488 2493 539 2547 in
559 2492 805 2547 barathra
825 2492 1064 2547 incidunt
1085 2492 1384 2547 innumera.
1407 2490 1475 2545 Et
1488 2490 1725 2545 damnati
1743 2490 1818 2546 illi

229 2586 450 2655 quidem
474 2584 791 2640 adveniente
817 2594 975 2639 nocte
994 2584 1281 2653 respirant,
1304 2584 1356 2643 in
1375 2598 1713 2639 communem
1731 2598 1821 2638 eo-

229 2692 350 2731 rum
380 2676 473 2745 qui
495 2675 635 2729 diem
663 2675 945 2729 infeliciter
974 2682 1346 2743 transegerth
1385 2674 1819 2743 tranquillitatem

230 2766 568 2835 navigantes,
589 2765 641 2817 in
661 2746 868 2818 noctem
890 2763 1039 2829 dico;
1062 2764 1239 2818 avaris
1256 2774 1431 2817 autem
1448 2762 1591 2817 hunc
1609 2772 1820 2832 portum

232 2857 507 2912 obstruxit
549 2856 769 2912 avaritia
796 2872 811 2910 :
842 2864 925 2912 tot
948 2865 1003 2912 et
1028 2856 1187 2910 tantis
1210 2856 1355 2911 curis
1379 2867 1537 2911 noctu
1564 2855 1823 2910 distinen-

233 2962 321 3005 tur
348 2952 401 3005 in
430 2951 563 3017 otio,
594 2951 808 3005 neruine
836 2950 1108 3020 negotium
1140 2950 1386 3016 faciente,
1417 2950 1622 3020 seipsos
1649 2963 1823 3004 mace-

234 3054 439 3097 rantes.
489 3042 558 3097 Et
585 3060 702 3113 qua:
732 3042 817 3097 hic
845 3042 1059 3113 quidem
1109 3053 1337 3113 aguntur
1365 3042 1487 3096 talia
1518 3050 1674 3107 sunt;
1703 3057 1825 3112 quae

234 3150 367 3189 vero
390 3134 520 3200 illic,
551 3134 668 3202 quis
690 3148 867 3188 sermo
890 3148 1174 3188 recensere
1205 3133 1391 3203 possit,
1416 3131 1661 3187 fornaces
1688 3133 1826 3186 into—

234 3223 493 3279 lerabiles
512 3266 528 3290 ,
561 3224 751 3278 ﬂuvius
794 3223 917 3292 igne
964 3222 1216 3277 ardentes
1238 3262 1252 3287 ,
1284 3222 1471 3278 dentes
1500 3223 1787 3278 stridentes
1807 3264 1822 3289 ,

236 3317 541 3371 insolubilia
568 3315 796 3381 vincula,
824 3330 1062 3370 vermem
1093 3325 1433 3380 venenatum,
1465 3314 1713 3369 tenebras
1739 3315 1823 3368 ln-

238 3410 318 3463 cis
344 3418 612 3477 expertes,
648 3407 785 3461 mala
814 3422 1099 3476 numquam
1126 3407 1286 3461 ﬁnem
1315 3405 1585 3461 habentia.
1618 3406 1828 3461 Timea—

239 3517 361 3555 mus
386 3516 535 3571 ergo,
565 3500 767 3565 dilecti,
797 3499 1059 3570 fugiamus
1088 3498 1288 3553 fotitem
1322 3507 1588 3554 tantorum
1618 3498 1827 3554 crucia-

241 3604 413 3655 tuum,
430 3593 661 3647 furorem
685 3590 1061 3654 insatiabilem,
1088 3600 1283 3645 nostra:
1304 3590 1491 3645 salutis
1515 3590 1825 3659 perniciem.

238 3684 358 3738 Non
401 3690 626 3753 possunt
670 3683 813 3735 enim
857 3680 1016 3733 simul
1056 3680 1224 3733 amari
1266 3681 1486 3749 pecunia
1533 3689 1588 3735 et
1626 3682 1824 3735 anima.

242 3776 522 3831 Discamus
542 3775 794 3843 pecunias
815 3788 935 3827 esse
960 3781 1158 3827 terram
1179 3782 1234 3827 et
1254 3772 1551 3842 pulverem,
1570 3773 1712 3844 quod
1730 3788 1829 3829 nos

238 3866 497 3921 deserant
523 3864 647 3919 hinc
674 3862 1059 3934 demigrantes,
1094 3865 1201 3917 imo
1230 3879 1357 3917 vero
1383 3879 1527 3936 saepe
1566 3872 1691 3919 ante
1732 3864 1827 3919 de~

239 3973 456 4014 cessum
480 3966 718 4012 nostrum
740 3957 1002 4019 resiliant,
1032 3954 1173 4025 quod
1193 3955 1261 4009 ad
1280 3953 1511 4010 futuram
1533 3964 1761 4011 noceant
1780 3966 1832 4011 et

239 4051 308 4105 ad
330 4058 651 4125 praesentem
677 4050 859 4103 vitam.
894 4048 1028 4103 Nam
1056 4058 1109 4101 et
1132 4057 1255 4102 ante
1296 4048 1596 4119 gehennam
1626 4058 1681 4104 et
1707 4059 1833 4105 ante

239 4140 564 4211 supplicium
594 4139 722 4194 illud
750 4140 805 4193 in
829 4137 969 4194 bella
992 4138 1076 4192 hic
1100 4153 1196 4192 nos
1217 4138 1494 4194 innumera
1520 4140 1831 4210 conjiciunt.

1249 374 1313 430 iN
1352 370 1564 429 EPIST.
1609 369 1624 423 Ι
1688 368 1777 423 AD
1815 364 1970 422 C0“.
2012 362 2238 419 HOMIL.
2278 362 2464 419 XXIV.

3394 363 3490 418 198

1911 482 2200 537 seditiones
2226 481 2459 536 excitant
2486 489 2539 535 et
2570 494 2790 551 pugnas.
2820 480 2959 535 Nihil
2996 483 3140 537 enim
3186 484 3254 538 ita
3298 485 3493 543 bellum

1908 574 2139 630 concitat
2174 583 2232 628 ut
2264 574 2515 640 avaritia;
2549 574 2678 629 nihil
2720 576 2789 629 ita
2830 574 3043 645 inopem
3073 576 3279 645 reddit,
3303 580 3416 635 sive
3444 583 3494 636 in

1910 666 2106 721 divitiis
2128 707 2147 733 ,
2177 666 2289 722 sive
2326 667 2380 721 in
2428 668 2681 737 pauperie
2718 668 3045 737 apparuerit.
3072 667 3321 726 Nascitur
3351 676 3496 729 enim

1910 760 2071 814 etiam
2095 761 2146 814 in
2172 774 2464 831 pauperum
2484 761 2676 816 animis
2696 762 2873 831 gravis
2893 761 2981 818 hic
3000 764 3233 829 morbus,
3257 764 3499 821 illorum-

1912 863 2017 920 que
2035 858 2402 920 paupertatem
2427 852 2597 922 magis
2615 852 2814 906 atterit.
2835 851 2893 907 Si
2910 862 3087 909 autem
3114 854 3361 910 inventus
3388 856 3499 911 fue-

1914 940 1984 994 rit
2003 955 2201 1011 pauper
2226 956 2438 1007 avarus,
2464 956 2569 996 non
2595 942 2649 997 in
2676 942 2874 999 divitiis
2902 944 3011 1007 ille,
3030 945 3124 999 sed
3156 945 3206 1000 in
3238 945 3379 1003 fatue
3408 948 3499 1003 dat

1915 1046 2119 1100 pmuas.
2164 1030 2283 1086 Non
2309 1030 2452 1086 enim
2482 1040 2660 1101 potest
2688 1032 2773 1088 vei
2803 1033 3027 1089 modicis
3058 1036 3161 1090 illis
3188 1053 3307 1105 qua:
3337 1038 3499 1094 habet

1914 1123 2080 1178 libere
2099 1121 2223 1189 frui,
2242 1120 2336 1176 sed
2357 1131 2411 1177 et
2430 1128 2671 1177 ventrem
2695 1120 2835 1177 fame
2856 1132 3031 1188 vexat,
3051 1133 3102 1178 et
3121 1140 3318 1196 corpus
3334 1138 3499 1184 totum

1915 1212 2154 1269 nuditate
2187 1221 2243 1267 et
2283 1211 2479 1281 frigore
2513 1212 2787 1267 ulciscitur
2807 1254 2822 1279 ,
2852 1223 2908 1268 et
2938 1214 3003 1267 iis
3031 1216 3121 1284 qui
3151 1218 3353 1272 suntin
3383 1221 3501 1273 viu-

1916 1304 2052 1359 culis
2079 1303 2271 1373 ubique
2316 1301 2609 1374 squalidior
2636 1312 2692 1357 et
2717 1304 2985 1359 sordidior
3010 1316 3095 1360 est
3122 1324 3137 1361 :
3166 1325 3381 1379 semper
3410 1312 3503 1367 ﬂet

1916 1404 1972 1447 et
1998 1394 2333 1459 lamentatur,
2366 1408 2427 1449 ac
2452 1394 2498 1448 si
2529 1394 2767 1449 omnium
2800 1394 3134 1453 miserrimus
3165 1400 3257 1464 sit,
3289 1403 3497 1457 etiamsi

1918 1485 2181 1540 innumeri
2203 1486 2312 1540 sint
2334 1486 2423 1541 illo
2441 1486 2808 1555 pauperiores.
2832 1486 2929 1542 Hic
2950 1486 2996 1541 si
3019 1488 3069 1541 in
3093 1488 3265 1543 forum
3290 1491 3496 1559 ingres-

1912 1594 2005 1634 sus
2041 1578 2219 1642 fuerit,
2252 1578 2365 1633 abit
2402 1579 2584 1633 multis
2626 1579 2860 1649 acceptis
2902 1580 3190 1648 vibicibus;
3216 1582 3337 1636 siin
3384 1582 3502 1637 bal-

1914 1684 2093 1732 neum,
2129 1669 2175 1722 si
2208 1668 2260 1721 in
2288 1667 2573 1732 theatrum,
2606 1671 2754 1738 plura
2783 1670 3009 1740 accipiet
3044 1672 3263 1727 vulnera
3288 1714 3302 1738 ,
3336 1688 3443 1728 non
3469 1690 3501 1727 a

1912 1758 2302 1827 spectatoribus
2336 1759 2510 1813 solum
2532 1799 2545 1822 ,
2568 1758 2663 1813 sed
2704 1760 2863 1813 etiam
2905 1760 2975 1814 ab
3010 1761 3074 1815 iis
3110 1764 3199 1831 qui
3250 1763 3301 1817 in
3338 1778 3501 1820 scena

1914 1861 2183 1918 sunt,cutn
2202 1851 2391 1908 viderit
2410 1852 2720 1907 meretrices
2736 1852 2927 1909 multas
2948 1868 3081 1908 auro
3101 1854 3385 1924 fulgentes.
3407 1857 3506 1913 Hic

1916 1947 2077 2002 etiam
2108 1946 2152 2000 si
2184 1946 2235 2000 in
2267 1945 2401 2000 mari
2430 1945 2676 2015 naviget,
2711 1952 3037 2001 mercatores
3064 1954 3118 2002 et
3144 1962 3306 2002 naves
3333 1949 3505 2018 pluri-
3572 1958 3577 1962 '

1918 2038 2022 2091 mis
2048 2044 2270 2091 onustas
2301 2036 2569 2091 mercibus
2597 2036 2839 2107 cogitans
2869 2047 2924 2092 et
2953 2037 3096 2093 lucra
3128 2039 3382 2111 ingentia,
3414 2057 3507 2096 ne-
3606 2039 3610 2043 ’

1916 2143 2023 2199 que
2050 2143 2110 2184 se
2134 2129 2319 2184 vivere
2345 2128 2549 2199 putabit
2577 2146 2590 2182 :
2616 2130 2825 2184 etiamsi
2852 2146 2947 2202 per
2975 2140 3171 2187 terram
3218 2133 3319 2187 iter
3362 2145 3502 2205 agat,

1917 2235 2095 2290 agros,
2143 2220 2340 2289 prtcdia
2389 2221 2713 2287 suburbana,
2758 2222 3075 2289 diversoria,
3126 2223 3337 2291 balnea,
3379 2242 3508 2297 pro.

1921 2319 2109 2365 ventus
2138 2310 2262 2364 inde
2290 2320 2473 2381 partos
2516 2313 2778 2382 cogitans,
2821 2328 2927 2368 non
2975 2314 3188 2370 vitalem
3219 2318 3321 2372 sibi
3347 2320 3507 2375 vitam

1918 2416 2039 2457 esse
2065 2410 2248 2471 postea
2279 2403 2502 2473 putabit.
2524 2404 2675 2470 Quod
2700 2405 2746 2458 si
2773 2406 2925 2460 illum
2948 2406 3109 2461 etiam
3133 2407 3268 2462 intra
3291 2408 3509 2465 domum

1922 2492 2236 2558 incluseris;
2281 2508 2404 2563 qua:
2447 2493 2506 2547 in
2549 2493 2665 2548 foro
2709 2497 2916 2563 accepit
2960 2498 3178 2553 vulnera
3228 2498 3510 2565 refricans,

1922 2583 2061 2654 apud
2091 2599 2151 2639 se
2181 2586 2353 2654 magis
2379 2584 2613 2639 animum
2633 2586 2931 2639 cruciabit:
2963 2602 3230 2658 urnamque
3255 2592 3403 2645 novit
3425 2606 3513 2647 so-

1924 2676 2034 2730 lum
2050 2676 2468 2732 consolationem
2492 2677 2751 2731 malorum
2769 2677 2961 2747 quibus
2981 2678 3261 2749 premitur,
3282 2690 3511 2737 mortem

1925 2774 1980 2819 et
2007 2782 2069 2819 ex
2102 2766 2202 2820 hac
2232 2770 2339 2820 vita
2366 2767 2757 2836 migrationem.
2802 2767 2926 2825 Haec
2955 2785 3060 2824 non
3089 2785 3290 2841 pauper
3315 2771 3475 2827 modo
3493 2814 3511 2838 ,

1923 2855 2017 2910 sed
2046 2856 2208 2911 etiam
2236 2857 2408 2924 dives,
2435 2858 2525 2929 qui
2556 2859 2609 2912 in
2638 2859 2779 2915 hunc
2809 2861 3059 2917 inciderit
3099 2863 3347 2918 morbum
3371 2904 3386 2928 ,
3415 2879 3514 2935 pa-

1926 2948 2106 3013 tietur,
2130 2957 2186 3005 ct
2207 2957 2355 3004 tanto
2382 2950 2549 3020 magis
2576 2965 2734 3021 quam
2759 2966 2979 3021 pauper,
3003 2960 3203 3020 quanto
3224 2954 3516 3011 vehemenc

1927 3041 2031 3097 tior
2060 3042 2304 3097 imminet
2332 3043 2408 3098 illi
2439 3044 2715 3115 tyrannis,
2741 3053 2795 3098 et
2821 3042 2990 3113 major
3020 3043 3272 3099 ebrietas.
3308 3045 3433 3101 Ideo
3458 3063 3517 3103 se

1926 3132 2165 3186 omnium
2207 3134 2605 3203 pauperrimqu
2640 3134 2863 3203 putabit,
2884 3134 2997 3189 imo
3027 3135 3189 3189 etiam
3229 3151 3353 3191 vere
3390 3152 3521 3206 pau-

1928 3225 2193 3294 perrimus
2233 3234 2336 3280 est.
2378 3224 2495 3280 Non
2542 3226 2685 3281 enim
2728 3242 2793 3280 ex
2836 3226 3148 3285 facultatum
3198 3230 3391 3299 modo,
3422 3232 3516 3286 scd

1926 3334 1992 3373 ex
2020 3319 2215 3375 mentis
2234 3318 2431 3373 aﬂ'ectu
2459 3317 2792 3373 aestimantur
2818 3318 3018 3375 divitiae
3046 3329 3101 3375 et
3127 3331 3430 3391 paupertas.
3449 3322 3520 3378 Et

1930 3410 2017 3463 ille
2046 3410 2215 3479 magis
2238 3419 2321 3464 est
2342 3410 2578 3465 omnium
2603 3408 2992 3480 pauperrimus,
3012 3412 3102 3481 qui
3128 3427 3343 3482 semper
3369 3413 3519 3483 plura

1928 3501 2280 3571 concupiscit,
2309 3508 2366 3555 et
2391 3516 2687 3571 numquam
2733 3500 2925 3555 sistere
2955 3510 3130 3571 potest
3158 3503 3294 3558 hanc
3323 3504 3519 3559 malam

1929 3592 2439 3661 concupiscentiam.
2470 3592 2697 3662 Propter
2724 3579 2839 3647 haec
2867 3593 3044 3647 omnia
3070 3593 3331 3665 fugiamus
3349 3596 3523 3650 avari.

1931 3685 2081 3749 tiam,
2124 3698 2245 3753 qua:
2285 3692 2653 3754 paupertatem
2694 3683 2928 3750 inducit,
2958 3684 3168 3740 animas
3193 3688 3521 3759 corrumpit,

1930 3774 2188 3845 gehennm
2217 3773 2467 3839 amicam,
2500 3773 2767 3828 inimicam
2799 3774 2948 3843 regni
2979 3774 3233 3830 calorum
3252 3817 3269 3841 ,
3297 3787 3522 3832 matrem

1934 3867 2172 3922 omnium
2202 3866 2362 3921 simul
2395 3866 2694 3933 malorum;
2728 3875 2783 3921 et
2812 3868 3064 3938 pecunias
3091 3878 3522 3941 contemnamus,

1935 3967 1993 4013 ut
2034 3958 2273 4014 fruamur
2298 3958 2558 4030 pecuniis,
2589 3967 2645 4013 et
2671 3973 2792 4014 cum
2824 3958 3065 4028 pecuniis
3097 3958 3338 4015 fruentur
3362 3964 3523 4019 etiam

1934 4051 2091 4107 bonis
2115 4052 2271 4107 nobis
2295 4050 2579 4123 promissis
2612 4069 2627 4105 :
2660 4065 2778 4119 quae
2810 4052 3011 4107 utinam
3038 4066 3141 4107 nos
3165 4066 3353 4109 omnes
3378 4070 3509 4111 asse-

1936 4142 2029 4213 qui
2051 4142 2345 4213 contingat,
2366 4151 2472 4197 etc.

1889 4280 2113 4293 -‘

3110 4283 3480 4301 m—

1627 4352 1971 4418 HOMILIA
2015 4356 2251 4423 XXIV.

241 4507 373 4565 Cn.
412 4503 497 4562 ιο.
524 4520 577 4559 v.
610 4504 697 4560 i3.
738 4503 968 4560 Tentatio
992 4520 1080 4560 vos
1116 4520 1217 4560 non
1242 4502 1578 4574 apprehendit
1606 4501 1706 4557 nisi
1725 4503 1819 4555 htt-

315 4612 494 4653 mtma.
522 4592 717 4649 Fidelis
745 4603 913 4649 autem
952 4603 1024 4648 est
1060 4592 1219 4659 Deus,
1252 4594 1338 4665 qui
1373 4610 1473 4646 non
1502 4593 1718 4661 patietur
1739 4609 1827 4647 vos

314 4688 499 4744 tentari
520 4703 678 4757 supra
704 4686 757 4738 id
782 4684 917 4754 quod
940 4686 1165 4755 potestis,
1216 4685 1303 4738 sed
1348 4684 1497 4755 faciet
1525 4700 1641 4737 cum
1668 4692 1830 4737 tenta-

318 4780 455 4835 tione
481 4786 797 4849 proventum,
825 4786 878 4828 stt
906 4776 1109 4844 possitis
1136 4778 1399 4843 sustinere,
1427 4787 1525 4829 etc.

317 4876 371 4930 Ι.
440 4874 727 4941 Postquam
777 4869 907 4925 satis
961 4870 1149 4922 terruit
1199 4885 1293 4924 eos
1370 4879 1548 4925 vetera
1605 4884 1829 4925 namus

241 4966 512 5034 exempla,
543 4974 708 5037 atque
750 4963 805 5019 in
846 4961 1009 5017 animi
1040 4974 1293 5028 angorem
1334 4962 1587 5031 conjecit,
1621 4961 1827 5027 dicens,

245 5058 351 5127 Qui
395 5057 591 5111 videtur
636 5068 805 5123 stare,
862 5056 1025 5111 videat
1077 5070 1140 5108 ne
1181 5054 1367 5118 cadat;
1404 5056 1599 5110 multas
1649 5066 1826 5112 autem

242 5149 485 5206 tulerant
504 5151 851 5213 tentationes,
881 5158 935 5205 et
966 5148 1017 5204 in
1046 5149 1111 5204 iis
1137 5163 1279 5219 stepe
1300 5162 1419 5203 sese
1434 5158 1788 5211 exercuerant
1812 5166 1825 5202 :

242 5259 371 5299 nam
418 5238 485 5296 In
534 5240 845 5308 inﬁmtitate,
893 5241 1085 5311 inquit,
1130 5251 1179 5297 et
1225 5241 1278 5294 iu
1326 5240 1500 5293 timore
1529 5250 1576 5292 et
1618 5248 1831 5293 tremore

240 5336 408 5388 ntutta
440 5332 515 5403 fui
539 5329 680 5401 apud
704 5345 790 5382 vos
810 5330 887 5399 (1.
919 5331 1038 5386 Cor.
1065 5333 1120 5386 2.
1160 5334 1255 5403 '5);
1302 5347 1371 5387 ne
1418 5330 1676 5398 dicereut,
1722 5329 1841 5385 Cur»

242 5442 349 5483 nos
374 5437 542 5480 terres
568 5433 622 5479 et
649 5422 841 5476 timore
866 5420 1077 5475 afficis?
1108 5440 1213 5477 non
1260 5437 1446 5478 sumus
1490 5421 1542 5475 in
1585 5421 1648 5474 iis
1674 5421 1827 5476 malis

246 5518 631 5581 inexercitati;
678 5529 802 5571 nam
843 5514 979 5584 pulsi
1029 5528 1213 5569 sumus
1259 5526 1313 5571 et
1357 5512 1827 5585 persequutionem

249 5608 416 5681 passi,
447 5607 615 5664 multa
635 5619 685 5662 et
708 5604 1003 5676 frumentis
1030 5603 1288 5658 subiimus
1313 5605 1549 5676 pericula
1574 5622 1587 5657 :
1614 5600 1826 5657 illorum

250 5714 440 5757 rursus
471 5708 734 5754 tumorem
760 5695 1055 5769 reprimens
1083 5696 1157 5752 ait
1195 5713 1209 5749 :
1242 5695 1471 5752 Tentatio
1499 5712 1584 5751 vos
1611 5711 1711 5748 non
1736 5710 1831 5761 ap-

253 5794 519 5863 prchendit
562 5792 659 5843 nisi
688 5791 945 5855 limitatio;
975 5788 1026 5843 id
1054 5797 1157 5855 est,
1195 5803 1378 5859 parva,
1413 5789 1613 5857 brevis,
1644 5785 1828 5843 mode-

567 5886 836 5945 Psrnoa.
884 5886 998 5946 Gn.
1052 5883 1208 5947 LXI.

1936 4510 2070 4556 rata.
2104 4500 2407 4558 Humanum
2450 4502 2593 4558 enim
2625 4502 2757 4558 dicit
2804 4504 2872 4558 de
2921 4518 3107 4574 parvo,
3152 4515 3207 4560 ut
3247 4520 3367 4560 cum
3398 4508 3472 4561 ait
3506 4526 3517 4562 :

1939 4592 2235 4647 Humanum
2248 4594 2361 4648 dico
2382 4602 2587 4666 prapter
2604 4593 2950 4663 inﬁmitatem
2970 4596 3137 4650 carnis
3155 4606 3331 4651 vestra:
3344 4597 3520 4667 (Rem.

1936 4688 1989 4741 6.
2022 4684 2133 4755 i9).
2163 4681 2241 4741 Ne
2288 4676 2466 4757 itaque
2508 4685 2675 4741 altum
2714 4686 2955 4755 sapiatis,
2987 4686 3180 4757 inquit,
3210 4701 3277 4742 ac
3304 4688 3351 4743 si
3384 4698 3521 4743 tem-

1936 4784 2197 4846 pestatem
2234 4776 2617 4846 superavcritis
2647 4795 2662 4832 :
2688 4776 2929 4830 nondum
2965 4777 3107 4830 enim
3142 4776 3349 4831 vidistis
3381 4780 3511 4848 peri-

1934 4866 2113 4921 culum
2144 4865 2286 4935 quod
2333 4874 2563 4921 mortem
2604 4867 2920 4932 minaretur,
2968 4882 3140 4936 neque
3170 4873 3519 4927 teutationem

1935 4966 2163 5013 mortem
2190 4956 2566 5012 intentantem.
2608 4956 2761 5026 Quod
2791 4957 2953 5013 etiam
3001 4958 3237 5014 Hebrmis
3267 4961 3517 5016 dicebat:

1938 5049 2182 5105 Nondum
2209 5067 2364 5116 usque
2384 5052 2453 5103 ad
2481 5052 2779 5122 sanguinem
2802 5051 3053 5104 restitistis
3072 5050 3313 5105 adversus
3342 5068 3520 5120 pecca-

1936 5153 2041 5197 tum
2067 5153 2404 5215 repugnantes
2432 5140 2615 5211 (Hebr.
2663 5139 2749 5195 ii.
2785 5140 2866 5207 ὁ).
2916 5139 3118 5193 Deinde
3164 5140 3287 5209 quia
3334 5152 3519 5200 exter-

1936 5243 2135 5298 ruerat,
2168 5232 2287 5287 vide
2316 5229 2585 5300 quomodo
2614 5245 2800 5285 rursus
2843 5228 2965 5283 illos
3000 5228 3194 5299 erigat,
3236 5244 3520 5305 postquam

1935 5333 2273 5395 persuaserat
2309 5322 2415 5376 illis
2444 5332 2499 5377 ut
2524 5322 2765 5377 modeste
2788 5330 3031 5393 agerent,
3062 5322 3247 5378 dicens
3272 5342 3285 5379 :
3321 5325 3519 5382 Fidelis

1934 5425 2005 5469 est
2025 5413 2165 5467 Deus
2183 5412 2270 5483 qui
2299 5428 2401 5465 non
2430 5414 2648 5483 patietur
2672 5427 2757 5467 vos
2782 5411 2965 5466 tentari
2993 5427 3153 5483 supra
3189 5413 3244 5467 id
3266 5414 3403 5485 quod
3428 5433 3518 5485 po.

1936 5505 2091 5559 testis.
2128 5504 2269 5575 Ergo
2315 5513 2439 5559 sunt
2470 5503 2794 5559 tentationes
2822 5516 2945 5573 quae
2975 5502 3101 5559 ferri
3131 5519 3237 5559 non
3269 5516 3516 5574 possunt.

1938 5598 2004 5653 Et
2030 5612 2273 5668 quaenam
2292 5595 2441 5653 illae?
2466 5596 2688 5663 Omnes,
2711 5607 2769 5653 ut
2796 5595 2870 5651 ita
2889 5595 3085 5653 dicam.
3110 5596 3353 5654 Potestas
3372 5600 3513 5655 enim

1936 5694 1988 5747 in
2010 5692 2103 5747 Dei
2134 5700 2265 5746 nutu
2292 5693 2395 5747 sita
2422 5702 2523 5757 est,
2548 5706 2707 5761 quam
2730 5705 2825 5763 per
2852 5690 3143 5747 voluntatis
3170 5699 3368 5746 nostrae
3389 5706 3510 5748 sen-

1936 5783 2156 5841 tentiam
2199 5782 2539 5853 attrahitutts.
2569 5781 2929 5849 Quamobrem
2963 5793 3017 5839 ut
3046 5782 3221 5839 discas
3245 5793 3518 5844 accurate,

3100 5881 3176 5943 13
