4022 6214
439 396 552 453 199

448 506 593 581 quod
625 521 731 561 non
760 503 927 561 solum
955 505 1092 573 illas,
1114 519 1233 577 qua:
1263 516 1501 559 nostram
1524 509 1777 571 superant
1807 508 2045 571 potesta-

443 611 583 665 tem,
613 599 707 656 sed
730 613 908 669 neque
946 598 1109 653 hasce
1139 597 1402 651 humanas
1439 594 1708 665 possimus
1738 592 1857 648 sine
1900 590 2043 645 illius

449 692 647 747 auxilio
675 690 830 745 facile
854 688 1018 755 ferre,
1044 687 1322 758 subiunxit
1352 702 1365 739 :
1398 685 1505 740 Sed
1532 684 1682 756 faciet
1722 700 1837 738 cum
1882 691 2045 737 tenta-

449 796 585 839 uone
602 792 920 855 proventum,
946 791 999 834 ut
1024 781 1229 853 possitis
1250 778 1516 834 sustinere.
1551 776 1734 847 Neque
1757 775 1902 831 enim
1926 774 2043 828 illas

448 877 777 941 moderatas,
812 884 869 928 ut
894 872 1001 928 dixi
1023 913 1039 936 ,
1077 873 1292 943 propria
1332 871 1529 925 virtute
1569 869 1835 934 feremus;
1866 866 1959 922 sed
1988 866 2040 919 in

445 968 533 1024 bis
561 982 774 1038 qn0qne
804 966 923 1037 ejus
950 981 1172 1037 egemus
1200 966 1423 1031 auxillo,
1454 974 1510 1018 ut
1540 977 1633 1018 eas
1662 961 2040 1033 pervadamus,

447 1071 500 1116 et
546 1070 833 1128 antequam
876 1058 1229 1129 pervadamus
1268 1058 1519 1113 feramus.
1569 1055 1688 1127 Ipse
1734 1067 1966 1123 namque
1989 1060 2043 1104 (ι

449 1150 760 1221 patientiam
788 1150 899 1217 dat,
944 1159 995 1205 et
1026 1158 1326 1221 promptam
1354 1148 1723 1204 liberationem
1747 1143 1935 1208 all‘ert;
1970 1142 2041 1196 ita

448 1252 505 1296 nt
534 1244 639 1303 hac,
657 1240 866 1297 ratione
895 1242 1122 1296 tentatio
1150 1240 1277 1295 ferri
1313 1240 1504 1310 possit.
1532 1239 1648 1293 lloc
1683 1236 1829 1291 enim
1856 1233 2041 1289 subin-

447 1334 877 1390 dicaritdicens:
909 1332 1088 1387 Faciet
1114 1332 1305 1386 exitum
1327 1342 1378 1384 ut
1401 1332 1605 1402 possitis
1627 1329 1907 1392 sustinere;
1925 1341 2039 1380 om-

446 1430 640 1498 niaque
664 1428 736 1491 illi
768 1425 1032 1493 attribuit,
1061 1425 1149 1479 Η.
1184 1423 1403 1496 PrOpter
1426 1421 1561 1493 quod
1578 1461 1592 1486 ,
1627 1418 1879 1473 carissimi
1906 1417 2003 1470 mei
2023 1457 2039 1482 ,

446 1521 605 1590 fugite
622 1519 686 1572 ab
706 1518 959 1571 idolorum
979 1514 1136 1570 cultu.
1166 1515 1373 1569 llursus
1398 1514 1517 1568 illos
1536 1503 1731 1568 leniter
1749 1509 2041 1581 alloquitur

446 1610 628 1663 addito
653 1607 988 1679 cognationis
1017 1607 1255 1671 nomine,
1287 1614 1343 1661 et
1369 1619 1491 1660 cum
1532 1618 1722 1673 magna
1754 1610 1907 1672 urget
1945 1614 2039 1655 ce-

448 1698 657 1755 leritate
686 1708 745 1753 ut
771 1698 839 1752 ab
866 1697 969 1753 hoc
1000 1706 1222 1769 peccato
1251 1697 1565 1753 liberentur.
1591 1694 1708 1749 Non
1735 1693 1878 1748 enim
1907 1692 2039 1747 dicit

445 1789 644 1853 solum,
680 1788 967 1855 Discedite,
999 1788 1115 1853 sed,
1151 1785 1375 1859 Fugite:
1400 1802 1464 1841 ac
1489 1802 1603 1840 runt
1632 1792 1789 1839 vocat
1817 1781 2042 1837 idolola-

446 1882 600 1935 triam
625 1895 640 1946 ;
668 1890 723 1936 et
758 1880 829 1937 ob
859 1880 1084 1950 proximi
1123 1880 1375 1934 damnum
1410 1879 1519 1948 jam
1564 1892 1673 1931 non
1723 1875 1884 1931 modo
1908 1874 2039 1928 abs-

447 1974 641 2029 cedere
661 1973 832 2043 jubet,
864 1973 960 2026 sed
990 1986 1103 2025 rem
1143 1970 1311 2041 ipsam
1359 1986 1455 2040 per
1491 1984 1555 2025 se
1583 1968 1830 2023 sufﬁcere
1857 1966 1929 2020 ait
1971 1964 2038 2021 ad
2068 2004 2076 2009 -

448 2081 693 2136 magnam
726 2063 1055 2120 afferendum
1101 2064 1415 2134 perniciem.
1465 2063 1555 2118 15.
1606 2059 1672 2117 Ut
1711 2059 2039 2131 prudentibus

445 2156 627 2225 loquor
642 2170 663 2221 ;
688 2170 773 2209 vos
787 2156 1019 2227 jndicate
1036 2155 1172 2225 quod
1194 2155 1324 2209 dico.
1346 2153 1478 2221 Quia
1492 2153 1637 2209 cnim
1658 2168 1772 2209 rem
1787 2166 2036 2222 magnam

446 2249 698 2319 loquutus
722 2258 822 2313 est,
868 2257 922 2303 et
963 2249 1169 2303 crimen
1215 2248 1366 2303 auxit
1407 2260 1608 2301 vocans
1637 2245 2036 2308 idololatriam;

445 2353 513 2394 ne
541 2338 812 2392 videretur
834 2352 1160 2407 exasperare
1190 2336 1310 2392 illos
1329 2345 1382 2391 et
1411 2336 1638 2390 molesta
1666 2335 1743 2388 uti
1773 2334 2035 2399 oratione,

445 2432 553 2485 illis
578 2432 797 2486 demum
821 2430 1081 2502 judicium
1103 2430 1386 2500 permittit,
1416 2438 1472 2484 et
1498 2444 1619 2484 cum
1647 2427 1804 2484 laude
1827 2427 2037 2498 judices

443 2523 719 2578 constituit
751 2522 889 2577 illos.
923 2519 991 2577 Ut
1038 2520 1371 2592 prudentibus
1404 2522 1604 2592 loquor,
1650 2520 1863 2591 inquit:
1893 2517 2036 2588 quod

442 2625 527 2671 est
572 2615 858 2671 admodum
907 2604 1229 2670 conlidentis
1271 2629 1449 2669 causa:
1502 2622 1551 2666 et
1600 2612 1707 2682 jnri
1753 2626 1870 2675 suo,
1914 2624 2035 2664 cum

443 2722 635 2775 nempe
666 2706 815 2761 illum
844 2706 932 2776 ‹ιυί
961 2714 1248 2760 accusatur
1288 2704 1414 2757 dicti
1454 2701 1689 2773 judicem
1734 2700 2037 2756 constituit.

440 2796 555 2851 Hoc
582 2796 880 2850 auditorem
906 2794 1075 2865 magis
1102 2793 1279 2865 erigit,
1308 2792 1521 2864 quando
1550 2797 1655 2847 nun
1683 2791 1833 2862 quasi
1866 2790 2036 2861 impe-

441 2900 566 2941 rans
587 2895 641 2941 et
661 2887 831 2957 legem
861 2886 1059 2953 ferens,
1103 2884 1198 2940 scd
1242 2885 1393 2955 quasi
1422 2883 1709 2938 consulens
1739 2892 1792 2936 et
1820 2881 2033 2936 illorum

436 2980 693 3050 judicium
722 2989 1061 3049 exspectans,
1094 2980 1173 3033 sic
1204 2977 1442 3032 disserit.
1477 2973 1611 3029 Cum
1639 2972 1843 3029 Judaeis
1864 2973 2032 3039 enim,

441 3083 624 3143 utpote
650 3074 835 3128 insana
862 3080 915 3125 et
937 3070 1127 3140 puerili
1159 3078 1342 3123 mente
1364 3066 1623 3135 praeditis,
1657 3080 1763 3119 non
1786 3062 1863 3119 sic
1892 3063 2034 3119 Deus

439 3162 778 3234 loquebatur,
808 3176 985 3232 neque
1027 3173 1243 3229 semper
1270 3157 1376 3212 illis
1422 3155 1797 3212 mandatorum
1841 3168 2033 3210 causas

440 3254 711 3310 indicabat
733 3270 749 3320 ;
773 3254 867 3309 sed
902 3263 1104 3308 tantum
1123 3251 1345 3323 jubebat
1372 3269 1384 3304 :
1417 3250 1503 3305 hic
1532 3259 1731 3316 autem,
1763 3249 1885 3320 quia
1917 3264 2033 3302 nta-

439 3361 541 3415 gna
586 3346 833 3400 libertate
887 3343 1133 3406 fruimur,
1190 3352 1245 3397 et
1297 3341 1580 3397 consilium
1635 3338 1791 3395 nobis
1834 3337 2028 3405 adest,

438 3447 498 3491 ut
528 3438 732 3491 amicos
762 3449 861 3491 nos
901 3434 1190 3504 alloquitur
1228 3441 1282 3487 et
1308 3433 1382 3486 ait
1425 3450 1437 3485 :
1482 3430 1595 3485 Non
1624 3443 1758 3501 opus
1786 3438 1869 3483 est
1896 3427 2031 3483 mihi

438 3530 558 3584 aliis
584 3528 852 3599 judicibus
884 3546 896 3583 :
928 3542 1023 3583 vos
1050 3526 1180 3582 mihi
1205 3526 1468 3582 calculum
1501 3525 1659 3593 ferte,
1699 3538 1796 3578 vos
1825 3524 2031 3595 accipio

436 3622 662 3691 iudices.
693 3620 782 3675 16.
807 3619 955 3674 Catia:
974 3619 1356 3684 benedictionis,
1381 3618 1463 3671 cui
1486 3617 1842 3681 benedicintus,
1864 3630 2031 3669 nonne

436 3711 823 3767 communicatio
849 3710 1112 3781 sanguinis
1143 3708 1330 3763 Christi
1349 3719 1419 3764 est
1437 3709 1463 3763 .9
1482 3706 1621 3778 Quid
1643 3708 1798 3773 dicis,
1822 3722 1856 3762 0
1877 3707 2030 3763 beate

438 3803 640 3859 Paule?
688 3814 746 3859 ut
786 3802 1086 3858 auditorem
1133 3801 1337 3873 pudore
1384 3802 1628 3867 afficias,
1668 3802 2029 3871 mysteriaque

439 3896 705 3953 horrenda
758 3911 1102 3964 memorans,
1150 3895 1544 3951 benedictionis
1596 3894 1821 3950 calicem
1866 3909 2031 3949 vocas

438 3991 735 4047 terribilem
761 3990 909 4045 illum
941 4000 1101 4060 atque
1124 3988 1513 4043 formidandum
1541 3987 1805 4042 calicem?
1831 3987 2025 4054 Etiam,

438 4084 609 4155 inquit
639 4102 654 4139 :
684 4098 790 4138 non
821 4098 984 4155 parva
1031 4082 1174 4137 enim
1214 4096 1303 4137 res
1346 4090 1430 4136 est
1471 4096 1592 4151 qua:
1636 4080 1852 4135 dicitur.
1894 4080 2027 4135 Nam

436 4192 557 4231 cum
590 4175 1019 4231 benedictionem
1049 4174 1191 4239 dico,
1232 4188 1447 4228 omnem
1473 4174 1689 4241 explica
1722 4174 1821 4227 Dei
1858 4173 2025 4229 bene-

438 4268 666 4321 licentiae
698 4267 1031 4333 thesaurum,
1061 4273 1116 4319 et
1145 4279 1334 4336 magna
1364 4264 1451 4318 illa
1472 4262 1611 4318 dona
1638 4264 1691 4317 in
1712 4264 2025 4318 memoriam

439 4374 649 4414 revoco.
680 4358 811 4413 Nam
838 4374 936 4412 nos
957 4372 1170 4428 quoque
1196 4358 1261 4412 ad
1284 4358 1504 4413 calicem
1528 4367 1873 4415 recensentes
1893 4356 2030 4415 inef-

440 4448 620 4504 fabilia
663 4446 760 4503 Dei
787 4446 1069 4513 beneficia,
1114 4456 1168 4499 et
1207 4449 1386 4502 omnia
1428 4449 1622 4517 quibus
1669 4450 1915 4515 fruimur,
1948 4452 2028 4505 sic

437 4542 588 4597 illum
628 4538 904 4595 offerimus
946 4547 1001 4594 et
1040 4538 1522 4605 communieamus,
1572 4538 1771 4609 gratias
1806 4551 2026 4609 agentes

434 4631 576 4705 quod
624 4646 796 4703 genus
839 4632 1130 4686 humanum
1177 4631 1245 4687 ab
1287 4645 1473 4687 errore
1513 4630 1851 4699 liberaverit;
1882 4632 2025 4703 quod

436 4742 553 4789 cos,
581 4725 672 4796 qui
715 4724 901 4794 procul
944 4734 1117 4789 erant,
1165 4740 1333 4795 prope
1372 4725 1592 4791 fecerit;
1639 4725 1781 4796 quod
1799 4741 1898 4782 eos
1934 4727 2025 4797 qui

434 4831 585 4887 spem
611 4828 714 4870 non
746 4815 1009 4871 haberent
1036 4825 1089 4869 et
1128 4815 1272 4870 athei
1311 4826 1463 4873 erant
1497 4818 1549 4873 in
1583 4819 1800 4885 munde,
1835 4820 2025 4873 fratres

435 4920 566 4965 suos
589 4918 641 4964 et
668 4906 962 4963 coheredes
989 4906 1349 4963 constituerit.
1396 4907 1500 4961 Pro
1539 4908 1621 4963 his
1660 4920 1716 4965 et
1758 4910 2027 4965 similibus

432 4999 633 5070 gratias
657 5005 897 5069 agentes,
939 4996 1019 5053 sic
1064 4995 1387 5052 accedimus.
1436 4996 1719 5065 Quomodo
1743 5014 1846 5053 non
1887 5014 2020 5053 con-

431 5090 596 5143 traria
625 5086 818 5149 facitis,
843 5086 1071 5157 inquies,
1100 5100 1133 5141 ο
1160 5085 1451 5155 Corinthii,
1486 5085 1597 5141 Deo
1622 5086 1836 5157 quidem
1858 5088 2023 5143 bene-

434 5182 695 5248 dicentes,
725 5178 867 5251 quod
895 5193 993 5233 vos
1021 5178 1088 5233 ab
1127 5179 1284 5235 idolis
1311 5178 1643 5246 liberaverit,
1682 5179 1809 5233 dum
1836 5194 2022 5234 rursus

434 5271 502 5327 ad
529 5271 738 5326 illorum
764 5282 986 5326 mensas
1015 5269 1333 5325 aceurritis?
1359 5269 1508 5325 Catia:
1533 5271 1914 5337 benedictionis,
1938 5271 2019 5324 cui

430 5364 788 5431 benedicimus,
811 5381 975 5419 nonne
996 5362 1387 5418 communicatio
1408 5366 1673 5437 sanguinis
1696 5362 1885 5421 Christi
1904 5376 1978 5418 est
1995 5363 2021 5417 .’

431 5458 599 5514 Valde
628 5456 857 5512 fideliter
882 5457 1016 5512 dixit
1057 5466 1111 5513 et
1160 5454 1475 5511 terribiliter
1516 5474 1531 5511 :
1571 5457 1676 5513 hoc
1719 5458 1862 5513 enim
1904 5455 2020 5511 vult

426 5549 730 5621 signiﬁcare
758 5564 774 5613 ;
803 5547 917 5604 Hoc
944 5548 1086 5619 quod
1132 5549 1191 5604 in
1217 5547 1387 5605 calice
1409 5556 1511 5611 est,
1541 5548 1672 5603 illud
1705 5550 1875 5619 ipsum
1912 5559 2015 5614 est,

427 5643 568 5713 quod
594 5657 661 5697 ex
693 5641 862 5698 latere
890 5638 1067 5707 fluxit,
1094 5651 1148 5696 et
1175 5641 1321 5697 illius
1352 5654 1538 5695 sumus
1567 5642 1875 5712 participes.
1907 5641 2012 5695 Ca-

423 5733 585 5789 licem
614 5741 789 5788 autem
834 5730 1230 5787 benedictionis
1273 5732 1503 5794 vocavit,
1543 5732 1667 5801 quia
1709 5733 1859 5787 illum
1906 5748 2013 5802 pra:

429 5822 670 5881 manibus
713 5822 992 5891 habentes,
1034 5822 1111 5879 sic
1142 5823 1315 5892 ipsum
1344 5822 1708 5891 celebramus,
1736 5824 2007 5880 admiran-

1258 393 1317 449 S.
1344 389 1627 449 JOANNIS'
1655 383 2131 446 CHRYSOSTOMI
2170 382 2485 440 ARClllEP.
2525 384 3053 445 CONSTANTINOP.

3633 394 3742 453 200

2153 506 2256 565 tes,
2285 505 2492 552 terrore
2519 499 2749 567 perculsi
2786 499 2855 555 de
2881 500 3133 556 ineffabili
3163 499 3327 569 dono,
3352 503 3739 561 benedicentur:

2145 588 2287 660 quod
2312 590 2484 659 ipsum
2505 588 2772 656 effuderit,
2808 601 2867 645 ut
2894 607 2963 647 ne
2990 593 3043 647 in
3069 610 3254 650 errore
3282 612 3656 667 maneremus;
3685 614 3739 654 et

2144 694 2252 735 n0“
2276 681 2451 736 solum
2480 679 2750 749 effuderit,
2770 682 2866 736 sed
2895 683 3059 738 etiam
3082 700 3205 739 eum
3235 688 3407 757 ipsum
3432 690 3585 744 nobis
3609 706 3732 744 out-

2146 770 2306 826 uihus
2333 773 2672 843 impertierit.
2705 772 2888 844 Itaque
2914 774 2959 829 si
2992 777 3303 846 sanguinem
3329 781 3503 851 cupis,
3537 782 3735 851 inquit,

2146 878 2215 919 ne
2243 862 2513 919 idolorum
2536 878 2685 919 aram
2716 865 2997 920 brutorum
3026 866 3195 933 carde,
3228 870 3325 924 sed
3354 871 3527 926 altare
3553 886 3734 927 meum

2143 958 2403 1026 sanguine
2429 972 2553 1013 meo
2578 968 2820 1013 cruenta.
2853 957 2993 1024 Quid
3014 958 3114 1015 hac
3140 975 3199 1015 re
3230 960 3564 1019 horribilius?
3585 966 3736 1037 quid,
3786 1006 3793 1013 .

2143 1058 2348 1116 quaeso,
2370 1046 2693 1102 amabilius?

2213 1134 2269 1190 2.
2320 1136 2431 1191 lloc
2460 1146 2515 1192 ct
2544 1145 2813 1193 amatores
2843 1138 3067 1197 faciunt.
3103 1141 3239 1198 Cum
3268 1142 3454 1199 vident
3473 1160 3570 1200 eos
3598 1162 3737 1217 quos

2144 1239 2325 1284 amant
2348 1230 2524 1285 aliena
2554 1233 2999 1303 concupiscentes
3024 1243 3078 1289 et
3102 1250 3197 1290 sua
3233 1235 3619 1307 despicientes,
3639 1254 3735 1293 sua

2143 1321 2334 1377 dantes
2357 1325 2683 1394 persuadent
2710 1325 3000 1383 abscedere
3021 1322 3094 1382 ab
3115 1329 3180 1382 iis
3204 1344 3325 1399 qua:
3351 1330 3563 1384 illorum
3587 1343 3731 1386 sunt.

2144 1412 2250 1469 Sed
2284 1418 2373 1486 qui
2402 1428 2604 1483 amant,
2639 1419 2690 1473 in
2719 1420 2962 1489 pecuniis
3001 1431 3056 1475 et
3083 1421 3329 1477 vestibus
3351 1433 3406 1479 et
3432 1425 3736 1495 possessio-

2142 1506 2302 1561 nibus
2330 1505 2470 1562 bauc
2513 1508 2772 1566 exhibent
2819 1511 3231 1581 liberalitatem;
3263 1515 3317 1570 in
3345 1517 3610 1587 sanguine
3636 1532 3736 1572 au-

2144 1604 2253 1653 tem
2309 1599 2491 1655 nullus
2531 1617 2834 1672 umquam:
2881 1605 3125 1661 Christus
3152 1622 3279 1663 vero
3324 1608 3378 1664 in
3421 1608 3523 1666 hoc
3552 1625 3736 1665 curam

2143 1703 2294 1745 suam
2317 1693 2553 1748 ostendit
2580 1694 2938 1753 et‘ardenlem
2966 1714 3091 1769 erga
3122 1716 3225 1757 nos
3251 1704 3551 1759 caritatem.
3584 1704 3649 1759 Et
3681 1706 3735 1761 in

2144 1781 2310 1835 veteri
2339 1781 2554 1850 quidem
2586 1783 2725 1853 lege,
2749 1787 2872 1854 quia
2912 1787 3343 1857 imperfectiores
3361 1804 3536 1858 erant,
3572 1810 3736 1866 quem

2143 1871 2303 1925 idolis
2332 1871 2629 1930 offerebant
2668 1878 3005 1948 sanguinem,
3033 1895 3156 1935 eum
3186 1883 3302 1953 ipse
3331 1887 3584 1958 excipere
3608 1905 3733 1945 sus-

2145 1962 2321 2028 tinuit,
2354 1972 2410 2018 ut
2442 1966 2511 2019 ab
2554 1966 2658 2022 illis
2680 1968 3007 2038 abduceret;
3035 1972 3176 2041 quod
3204 1974 3379 2044 ipsum
3410 1994 3595 2036 rursus
3619 1993 3739 2038 erat

2142 2055 2342 2111 amoris
2373 2056 2699 2115 inetl‘abilis:
2743 2060 2832 2117 hic
2868 2071 3049 2119 autem
3094 2065 3146 2121 in
3191 2082 3305 2123 rem
3338 2069 3735 2130 horribiliorem

2142 2157 2197 2203 et
2224 2149 2739 2220 magnificentiorcm
2789 2157 3179 2216 sacerdotalem
3222 2165 3496 2219 transtulit
3537 2182 3735 2238 opera-

2143 2239 2363 2305 tionem,
2396 2241 2516 2311 ipso
2545 2253 2751 2300 mutato
2775 2248 3071 2317 sacrificio,
3101 2261 3157 2307 et
3182 2268 3279 2323 pro
3309 2254 3589 2314 brutorum
3620 2277 3737 2316 ma-

2140 2331 2375 2386 ctatione
2391 2332 2625 2402 seipsum
2642 2333 3019 2404 jussitofl'erri.
3050 2339 3209 2398 Panis
3252 2361 3399 2415 quem
3418 2352 3734 2423 frangimus,

2141 2435 2308 2475 nonne
2333 2425 2721 2479 communicatio
2745 2428 2973 2496 corporis
3010 2428 3198 2485 Christi
3226 2437 3347 2489 cst.’
3373 2437 3483 2495 Cur
3508 2456 3615 2495 non
3647 2444 3734 2497 di-

2140 2510 2236 2572 xit,
2272 2510 2648 2580 l’articipalio?
2671 2514 2803 2583 Quia
2849 2519 3011 2575 voluit
3047 2522 3172 2589 quid
3202 2526 3431 2595 amplius
3466 2531 3734 2601 significa-

2142 2613 2222 2666 re,
2257 2613 2311 2654 et
2351 2617 2597 2673 magnam
2642 2606 2881 2663 indicare
2926 2612 3382 2681 conjunctionem.
3423 2619 3539 2675 Non
3587 2626 3734 2681 enim

2140 2704 2262 2746 cum
2315 2695 2698 2767 participamus
2745 2707 2950 2757 tantum
2994 2713 3048 2759 et
3084 2708 3379 2779 sumimus,
3431 2712 3525 2768 sed
3570 2716 3734 2772 etiam

2138 2797 2261 2837 cum
2314 2786 2690 2859 conjungimur
2739 2796 3221 2853 communicamus.
3270 2802 3735 2870 Quemadmodum

2139 2874 2282 2928 enim
2313 2891 2508 2971 corpus
2552 2880 2684 2935 illud
2728 2882 2945 2939 Christo
2980 2886 3258 2957 jungitur:
3290 2893 3361 2948 ita
3402 2906 3454 2951 et
3498 2913 3597 2954 nos
3637 2916 3735 2971 per

2139 2979 2337 3063 panem
2360 2967 2502 3063 hunc
2529 2972 2762 3029 unimur.
2792 2976 2901 3030 Cur
2924 2988 3103 3034 autem
3133 2981 3359 3052 addidit,
3393 2987 3553 3054 Quem
3576 2967 3731 3063 [ruu-

2137 3059 2342 3129 gimus?
2367 3061 2469 3118 hoc
2508 3064 2653 3121 enim
2697 3066 2750 3122 in
2790 3069 3110 3127 eucltaristia
3152 3074 3264 3130 ficri
3298 3077 3479 3134 videre
3516 3059 3627 3149 est;
3677 3086 3729 3139 in

2137 3165 2298 3207 cruce
2328 3168 2455 3209 vero
2484 3171 2587 3211 non
2622 3158 2746 3213 item
2767 3200 2781 3225 ,
2815 3160 2921 3214 imo
2944 3165 3271 3221 contrarium
3298 3184 3311 3220 :
3346 3169 3420 3223 ait
3446 3171 3590 3226 enim
3610 3214 3626 3240 ,
3658 3175 3737 3229 0s

2138 3259 2238 3297 non
2267 3248 2632 3302 comminuetur
2678 3249 2878 3320 (Nunt.
2910 3254 2963 3308 9.
2998 3255 3066 3309 l2
3089 3273 3103 3324 ;
3130 3255 3299 3315 Exod.
3332 3260 3419 3314 i2.
3461 3263 3528 3317 46
3544 3261 3587 3335 ).
3622 3266 3732 3321 Sed

2136 3335 2279 3406 quod
2310 3352 2414 3391 non
2446 3354 2635 3408 passus
2677 3352 2759 3397 est
2782 3344 2833 3398 in
2860 3360 3050 3414 cruce,
3081 3346 3183 3403 hoc
3209 3363 3426 3422 propter
3452 3362 3503 3409 te
3529 3357 3731 3426 patitur

2138 3428 2193 3481 in
2239 3428 2548 3498 oblatione,
2595 3442 2650 3487 et
2690 3432 2863 3506 frangi
2912 3438 3113 3507 patitur
3154 3449 3211 3494 ut
3253 3455 3441 3499 omnes
3485 3447 3727 3517 impleat.

2137 3519 2339 3577 Deinde
2365 3524 2485 3592 quia
2526 3523 2703 3592 dixit,
2738 3526 3140 3586 Communicatio
3169 3536 3396 3605 corporis
3414 3578 3430 3603 ,
3460 3539 3607 3608 quod
3630 3557 3731 3597 au-

2138 3619 2246 3667 tem
2280 3617 2674 3684 communicat,
2720 3619 2861 3673 aliud
2893 3633 2975 3678 est
3006 3622 3073 3677 ab
3114 3638 3181 3678 eo
3218 3626 3303 3679 cui
3331 3630 3728 3697 communicat;

2136 3703 2273 3759 hanc
2302 3706 2482 3770 etiam,
2514 3722 2633 3777 quae
2673 3724 2835 3778 parva
2874 3711 3151 3767 videbatur
3179 3729 3327 3784 esse,
3368 3717 3728 3777 differentiam

2134 3798 2368 3853 sustulit.
2391 3799 2525 3855 Cum
2563 3799 2789 3858 dixisset
2817 3804 2959 3859 enim
2986 3847 3001 3872 ,
3034 3804 3434 3864 Communicatio
3472 3819 3727 3883 corporis,

2133 3890 2381 3960 qumsivit
2428 3906 2642 3946 rursum
2688 3894 2890 3964 aliquid
2948 3898 3295 3968 propinquius
3336 3900 3561 3969 dicere;
3605 3905 3734 3961 ideo

2131 3980 2412 4049 Subjunxit
2438 4000 2450 4036 :
2481 3984 2570 4038 i7.
2617 3983 2869 4051 Quoniam
2915 4003 3047 4041 unus
3092 3989 3240 4054 panis
3276 3997 3323 4044 et
3358 4008 3514 4047 unum
3540 4012 3733 4065 corpus

2133 4073 2283 4127 multi
2317 4090 2511 4129 sumus.
2540 4074 2678 4143 Quid
2708 4077 2873 4146 enim,
2904 4080 3096 4149 inquit,
3126 4080 3248 4136 dico
3276 4086 3726 4142 communicatio-

2134 4168 2297 4220 nem?
2326 4168 2452 4223 illud
2477 4170 2648 4238 ipsum
2670 4185 2866 4240 corpus
2887 4188 3092 4229 sumus.
3118 4174 3257 4242 Quid
3278 4187 3357 4231 est
3380 4180 3522 4233 enim
3547 4182 3729 4248 panis?

2132 4258 2342 4329 Corpus
2382 4260 2603 4315 Christi.
2650 4262 2785 4329 Quid
2828 4274 3008 4320 autem
3048 4266 3181 4319 ﬁunt
3215 4270 3675 4327 communicantes
3703 4276 3728 4325 1*

2132 4354 2341 4425 Corpus
2364 4354 2597 4423 Christi;
2626 4372 2731 4411 non
2762 4372 2987 4427 corpora
3032 4359 3221 4425 multa,
3254 4361 3350 4415 scd
3392 4378 3554 4417 unum
3595 4379 3718 4420 cor-

2134 4460 2251 4516 pus.
2278 4446 2425 4501 Sicut
2455 4448 2599 4502 enim
2630 4448 2781 4518 panis
2812 4464 2877 4501 ex
2904 4448 3086 4502 multis
3104 4449 3288 4519 granis
3306 4462 3577 4522 constans,
3603 4457 3725 4510 uni-

2135 4551 2220 4595 tus
2245 4550 2346 4607 est,
2389 4541 2461 4594 ita
2507 4552 2565 4595 ut
2602 4555 2769 4611 grana
2811 4554 3072 4611 nusquam
3121 4556 3443 4613 appareant;
3474 4546 3569 4600 sed
3611 4546 3724 4603 sint

2132 4633 2345 4701 quidem
2373 4632 2508 4704 ipsa,
2542 4649 2649 4689 non
2691 4632 2972 4690 manifesta
3000 4644 3178 4691 autem
3211 4637 3280 4691 sit
3315 4636 3528 4693 illorum
3557 4637 3719 4695 diﬂ'e-

2132 4726 2304 4778 rentia
2344 4735 2563 4797 propter
2611 4728 3043 4797 conjunctionem
3078 4745 3092 4784 :
3134 4729 3213 4785 sic
3240 4746 3341 4785 nos
3364 4737 3421 4784 et
3440 4738 3635 4786 mutuo
3668 4744 3723 4789 et

2131 4829 2251 4868 cum
2277 4813 2491 4869 Christo
2519 4816 2914 4887 conjungimur.
2944 4818 3061 4875 Non
3099 4820 3243 4875 enim
3283 4833 3350 4872 ex
3394 4819 3566 4874 altero
3592 4837 3719 4878 cor-

2132 4920 2264 4975 pore
2284 4904 2392 4972 hic,
2415 4920 2480 4960 ex
2506 4906 2677 4962 altero
2704 4908 2795 4963 ille
2840 4910 3090 4973 nutritur,
3120 4906 3216 4962 sed
3259 4922 3327 4961 ex
3368 4908 3559 4966 eodem
3601 4912 3722 4984 ipso

2129 5010 2317 5051 omnes
2354 5015 2368 5052 :
2414 4998 2641 5070 ideoque
2670 5001 2886 5071 adjecit,
2935 4999 3125 5053 Omnes
3169 4998 3304 5055 enim
3348 5016 3411 5057 es
3435 5019 3538 5058 uno
3588 5024 3722 5076 pane

2129 5092 2512 5161 participamus.
2560 5092 2614 5148 Si
2644 5100 2825 5146 autem
2852 5106 2920 5145 ex
2946 5089 3158 5156 eodem,
3191 5100 3246 5147 et
3286 5093 3512 5165 idipsum
3549 5098 3722 5155 effici-

2129 5198 2248 5237 mur
2272 5198 2484 5249 ornnes,
2512 5198 2607 5237 cur
2638 5197 2745 5235 non
2778 5178 3024 5234 eamdem
3064 5183 3342 5240 caritatem
3374 5186 3716 5256 exhibemus,

2126 5284 2182 5330 et
2206 5291 2269 5331 ea
2318 5277 2528 5329 ratione
2562 5288 2725 5326 unum
2765 5270 3073 5327 efficimur?
3113 5273 3247 5331 Nam
3291 5279 3422 5334 olim
3450 5279 3719 5348 majorum

2126 5379 2431 5423 nostrorum
2464 5377 2705 5436 tempore
2731 5364 2833 5421 hoc
2858 5376 2975 5422 erat
3000 5385 3013 5422 :
3044 5368 3393 5426 Multitudinis
3422 5372 3564 5426 enim
3599 5389 3715 5429 cre-

2125 5460 2371 5528 dentium,
2401 5459 2591 5531 inquit,
2618 5474 2709 5511 cor
2748 5473 2905 5514 unum
2932 5470 2978 5516 et
3004 5461 3175 5516 animo
3204 5479 3306 5517 una
3331 5470 3438 5517 erat
3474 5461 3609 5533 (Aet.
3654 5465 3709 5522 ὁ.

2124 5551 2238 5620 52).
2265 5554 2335 5606 At
2359 5564 2468 5606 non
2507 5564 2666 5614 nunc,
2712 5550 2819 5605 imo
2850 5559 3017 5606 totum
3047 5552 3376 5607 contrarium
3410 5570 3424 5607 :
3456 5553 3623 5609 multa
3660 5565 3715 5613 et

2124 5643 2265 5697 varia
2294 5650 2420 5697 sunt
2462 5639 2603 5694 inter
2632 5656 2821 5698 omnes
2866 5642 3027 5710 bella,
3076 5651 3131 5699 et
3174 5642 3299 5696 feris
3348 5642 3542 5700 saevius
3580 5644 3712 5703 εσθ-

2121 5734 2191 5788 cti
2240 5747 2427 5788 sumus
2472 5731 2607 5785 alter
2658 5731 2710 5787 in
2753 5732 2979 5789 alterius
3034 5732 3295 5788 membra.
3356 5732 3419 5789 Et
3463 5736 3713 5795 Christus

2121 5828 2339 5897 quidem
2380 5834 2451 5895 te,
2502 5824 2603 5882 etsi
2654 5834 2857 5882 tantum
2910 5826 2979 5883 ab
3027 5826 3145 5896 ipso
3175 5822 3534 5899 disjuncwm,
3585 5830 3707 5886 uni-
