4022 6214
302 282 400 341 2M

300 405 370 457 vit
405 422 416 455 :
450 413 504 457 tu
545 417 678 457 vero
720 414 788 456 ne
832 399 979 455 fratri
1031 398 1244 470 quidem
1286 397 1435 467 jttugi
1476 394 1711 466 dignaris
1756 407 1877 447 cum

298 494 475 549 debita
518 493 880 555 accuratione,
920 492 1012 545 sed
1055 490 1322 551 abseindis
1363 498 1437 554 te,
1477 496 1680 541 tantam
1714 500 1741 536 a
1780 485 1881 537 Do-

297 586 444 637 mino
470 593 524 638 et
548 584 822 637 caritatem
850 592 905 637 et
931 584 1090 636 vitam
1113 589 1498 650 consequutus.
1526 577 1707 646 Neque
1736 574 1877 629 enim

294 672 636 727 solummodo
673 688 868 743 corpus
896 688 1051 727 suum
1091 672 1273 736 dedit;
1308 669 1399 724 sed
1429 668 1547 739 quia
1583 667 1726 735 prior
1753 680 1876 719 ear-

294 768 377 819 nis
409 777 594 820 natura
641 781 708 820 ex
752 775 890 820 terra
920 763 1166 827 formata,
1194 778 1223 816 a
1257 770 1474 830 peccato
1518 759 1665 828 prius
1703 765 1876 811 morte

292 857 484 912 affecta
513 867 567 912 et
595 858 790 911 amissa
838 858 943 911 vita
981 856 1173 918 aliam,
1213 861 1271 906 ut
1312 852 1429 919 quis
1468 849 1684 914 dixerit,
1728 864 1872 901 mas-

292 964 407 1004 sam
467 956 521 1002 et
573 948 894 1003 fermentum
949 945 1195 1010 induxit;
1246 958 1460 997 carnem
1511 955 1703 1006 suam,
1753 955 1872 1008 qua:

290 1052 481 1095 natura
524 1041 710 1095 eadem
757 1048 895 1103 erat,
941 1046 1157 1108 peccato
1202 1046 1381 1090 autem
1424 1036 1644 1090 liberam
1671 1042 1724 1088 et
1765 1034 1868 1086 vita

288 1138 517 1206 plenam.
548 1134 796 1192 omnibus
834 1131 1252 1204 participandam
1288 1129 1454 1194 dedit,
1492 1137 1550 1182 ut
1583 1143 1646 1182 ea
1685 1127 1867 1181 nutriti

282 1238 336 1284 et
366 1226 606 1297 deposita
652 1228 830 1298 priore
858 1242 976 1296 qua:
1028 1234 1234 1279 mortua
1278 1234 1412 1286 erat,
1462 1223 1513 1274 itt
1557 1220 1717 1274 vitam
1764 1220 1866 1272 im-

284 1319 568 1374 mortalem
602 1333 697 1389 per
742 1318 879 1373 hanc
920 1331 1157 1370 mensam
1202 1322 1596 1382 coaptareniur.
1649 1312 1736 1365 l8.
1772 1306 1864 1362 Vi-

278 1411 394 1465 dete
437 1408 603 1465 Israel
653 1409 925 1463 secundum
970 1424 1170 1460 carnem
1205 1422 1227 1459 :
1263 1420 1428 1457 nonne
1464 1405 1550 1473 qui
1585 1404 1738 1457 edunt
1775 1403 1865 1453 Ito-

277 1503 425 1565 stias,
451 1502 721 1569 participes
748 1510 864 1553 sunt
883 1499 1102 1551 altaris?
1126 1497 1331 1551 Rursus
1354 1509 1416 1550 ex
1450 1495 1615 1549 veteri
1648 1494 1763 1563 iege
1792 1494 1859 1545 ad

278 1595 420 1648 idem
451 1590 673 1647 inducit.
705 1593 835 1659 Quia
882 1597 1023 1646 enim
1074 1590 1229 1659 longe
1276 1588 1655 1643 imbecilliores
1708 1592 1860 1639 erant

274 1700 437 1755 quam
470 1694 526 1737 ut
551 1684 812 1739 dictorum
850 1682 1268 1753 magnitudinem
1295 1686 1582 1750 caperent,
1612 1692 1639 1729 a
1666 1676 1858 1746 priori-

274 1777 374 1830 bus
406 1786 458 1831 et
494 1777 719 1830 assuetis
747 1776 849 1829 illis
882 1772 1187 1845 persuadet.
1222 1773 1286 1827 Et
1314 1770 1557 1840 apposite
1597 1770 1707 1835 ait,
1757 1767 1855 1821 Se-

269 1870 495 1923 cundum
521 1886 743 1935 carnem,
768 1867 907 1938 quod
928 1866 1026 1936 ipsi
1056 1875 1236 1921 essent
1266 1864 1558 1919 secundum
1586 1862 1854 1932 spiritum.

270 1962 387 2016 Hoc
416 1971 592 2016 autem
622 1961 732 2014 vult
762 1960 1062 2029 significare
1087 1976 1099 2011 :
1125 1958 1297 2012 Etiam
1322 1973 1347 2007 a
1381 1954 1731 2010 crassioribus
1760 1953 1856 2005 do-

267 2054 466 2107 cemini
492 2094 504 2116 ,
535 2052 676 2119 quod
704 2051 793 2121 qui
823 2049 1025 2104 hostias
1050 2048 1337 2102 comedunt
1363 2086 1377 2111 ,
1424 2045 1708 2114 participes
1749 2044 1853 2097 sint

266 2143 475 2195 altaris.
511 2140 694 2194 Videu‘
722 2138 989 2210 quomodo
1013 2136 1257 2193 ostendat
1286 2151 1399 2200 eos,
1427 2136 1515 2203 qui
1546 2134 1850 2187 viderentur

262 2250 387 2288 esse
413 2232 651 2303 perfecti,
679 2249 783 2286 non
806 2231 1006 2286 habere
1040 2229 1323 2301 perfectam
1355 2228 1711 2297 cognitionem
1742 2267 1755 2290 ,
1803 2224 1847 2278 si

263 2342 335 2381 ne
361 2328 462 2381 hoc
483 2325 695 2394 quidem
728 2326 960 2390 scirent,
995 2324 1135 2393 quod
1158 2338 1220 2377 ex
1255 2322 1338 2375 bis
1367 2335 1510 2389 saepe
1550 2318 1847 2373 communi-

256 2420 403 2473 catio
431 2418 676 2488 qumdam
707 2421 883 2472 multis
914 2420 983 2472 sit
1011 2426 1063 2472 et
1086 2416 1315 2470 amicitia
1345 2430 1466 2470 cum
1491 2412 1842 2477 dmmonibus,

256 2511 652 2566 consuetudine
700 2512 951 2580 paulatim
998 2511 1142 2579 ipsos
1194 2508 1540 2563 atlraltente?
1593 2506 1646 2563 Si
1700 2506 1841 2561 cnim

255 2602 396 2673 apud
423 2602 665 2655 homines
690 2603 816 2656 salis
860 2612 914 2655 et
962 2615 1161 2655 mensa:
1202 2601 1508 2668 conjunctie
1534 2640 1548 2664 ,
1592 2596 1841 2653 amicitia:

253 2692 473 2749 occasio
502 2701 555 2747 ct
579 2692 877 2764 symbolum
906 2702 987 2747 est
1012 2734 1026 2759 ,
1061 2692 1287 2761 idipsum
1315 2702 1367 2744 et
1409 2692 1459 2745 in
1506 2690 1838 2744 daemonibus

252 2793 568 2855 conttngere
603 2793 801 2855 potest.
842 2784 921 2840 Tu
951 2798 1080 2840 vero
1110 2782 1240 2839 mihi
1271 2782 1542 2853 perpende
1569 2781 1837 2853 quomodo

251 2877 319 2929 de
346 2875 549 2930 Judaeis
578 2875 793 2946 quidem
824 2890 930 2929 non
962 2874 1157 2929 dixerit
1182 2916 1196 2939 ,
1227 2873 1369 2944 quod
1399 2888 1519 2929 cum
1554 2873 1663 2927 Deo
1684 2887 1832 2926 cout-

248 2968 547 3032 municent,
578 2967 693 3033 sed,
730 2967 880 3031 Quod
908 2967 1178 3035 participes
1205 2965 1381 3018 altaris
1402 2976 1556 3027 sunt;
1588 2965 1837 3018 urebatur

247 3058 393 3111 enim
446 3056 586 3126 quod
644 3057 1041 3125 superpositum
1098 3064 1257 3109 erat:
1290 3056 1343 3108 in
1382 3069 1608 3124 corpore
1655 3063 1832 3107 autem

245 3147 447 3202 Christi
478 3161 584 3201 non
611 3147 687 3201 sic
712 3163 726 3211 ;
759 3147 853 3199 sed
881 3146 1188 3215 quomodo?
1230 3145 1624 3200 Communicalio
1648 3160 1831 3212 corpo-

247 3241 319 3292 ris
352 3238 563 3291 Domini
581 3248 673 3292 est.
698 3238 813 3293 Non
842 3241 984 3294 enim
1011 3238 1195 3292 altaris
1219 3278 1233 3304 ,
1284 3236 1379 3291 sed
1423 3236 1588 3307 ipsius
1631 3235 1830 3290 Christi

247 3330 539 3402 participes
569 3330 851 3387 efﬁcimur.
884 3326 1017 3385 Cum
1044 3341 1219 3387 autem
1247 3328 1473 3386 dixisset
1498 3372 1511 3397 ,
1548 3328 1830 3399 Participes

242 3433 365 3475 sunt
386 3421 587 3488 altaris,
611 3420 804 3476 deinde
832 3422 1025 3476 timens
1054 3437 1122 3477 ne
1149 3422 1422 3476 videretur
1449 3422 1514 3475 de
1558 3420 1713 3475 idolis
1753 3420 1830 3475 Io-

242 3514 372 3583 qui,
407 3527 470 3566 ac
503 3514 548 3565 si
580 3520 896 3581 potestatem
921 3513 1204 3582 quamdam
1237 3512 1496 3567 haberent
1537 3519 1592 3566 et
1631 3526 1827 3568 nocere

242 3613 499 3672 possent;
534 3602 653 3657 vide
674 3604 941 3673 quomodo
972 3605 1071 3659 hoc
1092 3605 1159 3659 de
1186 3604 1363 3660 medio
1392 3605 1540 3659 tollat
1567 3645 1581 3669 ,
1610 3620 1823 3657 rursum

242 3697 431 3748 dicens
458 3710 471 3747 :
504 3693 593 3749 i9.
630 3692 767 3759 Quid
790 3710 906 3765 ergo
936 3694 1092 3749 dico?
1120 3694 1257 3765 quod
1279 3694 1471 3748 idolum
1492 3695 1557 3747 sit
1593 3695 1820 3764 aliquid,

239 3796 329 3838 aut
349 3786 500 3840 idolis
524 3786 839 3840 immolatum
865 3787 928 3841 sit
952 3786 1145 3855 aliquid
1166 3788 1190 3837 ,'

309 3878 363 3931 5.
398 3876 523 3931 llaec
547 3885 725 3932 autem
757 3877 897 3945 dico,
928 3878 1118 3947 inquit,
1145 3886 1200 3933 et
1224 3876 1292 3932 de
1315 3876 1491 3933 medio
1518 3878 1645 3933 tollo
1669 3918 1683 3942 ,
1716 3894 1822 3933 non

235 3968 379 4038 quod
409 3968 615 4038 possint
637 3967 774 4023 idola
803 3968 855 4021 in
886 3968 1064 4039 aliquo
1102 3982 1297 4023 nocere
1320 3977 1412 4022 aut
1453 3968 1684 4037 aliquam
1713 3969 1821 4023 vim

239 4061 504 4123 habeant;
531 4060 660 4114 nihil
682 4070 804 4115 sunt
825 4061 999 4124 enim;
1042 4060 1133 4116 sed
1159 4060 1281 4114 volo
1309 4076 1403 4115 vos
1430 4076 1492 4116 ea
1519 4060 1815 4129 despicere.

239 4155 301 4208 Et
323 4153 366 4207 si
391 4153 491 4215 vis,
518 4152 743 4222 inquies,
765 4168 859 4206 nos
880 4168 941 4206 ea
958 4153 1255 4222 despicere,
1277 4169 1373 4208 cur
1386 4169 1507 4208 cum
1530 4154 1706 4208 studio
1723 4170 1819 4210 nos

234 4248 302 4299 ab
326 4245 699 4300 illisabducis?
726 4245 858 4313 Quia
887 4261 992 4300 non
1021 4245 1318 4300 oﬂ'eruntur
1342 4246 1569 4300 Domino
1594 4256 1703 4300 ttto.
1721 4248 1812 4302 20.

237 4336 368 4400 Qua
381 4333 515 4386 enim
535 4334 798 4389 immolant
812 4346 1003 4405 gentes,
1032 4335 1220 4406 inquit,
1244 4336 1507 4389 damoniis
1530 4336 1813 4403 immolant,

230 4433 277 4477 et
297 4439 403 4477 non
430 4420 554 4475 Deo.
574 4422 652 4478 Ne
667 4427 893 4480 curratis
912 4441 1040 4496 ergo
1054 4426 1121 4481 ad
1136 4426 1422 4481 contraria.
1444 4427 1626 4496 Neque
1645 4428 1811 4495 enim,

228 4520 273 4570 si
296 4515 439 4586 regis
456 4514 594 4569 filius
618 4529 787 4581 esses,
813 4515 1007 4571 deinde
1032 4532 1215 4572 mensa
1240 4518 1419 4573 fruens
1451 4527 1692 4586 paterna,
1722 4518 1812 4573 illa

228 4606 437 4669 relicta,
465 4603 839 4660 damnatorum
871 4614 926 4659 et
954 4606 1250 4661 vinctorum
1274 4608 1325 4661 in
1364 4622 1583 4663 carcere
1612 4623 1813 4664 mensae

226 4713 454 4752 consors
483 4712 606 4753 esse
630 4696 795 4753 velles
814 4737 831 4763 ,
868 4696 920 4751 id
960 4707 1109 4767 pater
1137 4699 1505 4767 permitteret;
1556 4700 1664 4757 imo
1690 4717 1810 4757 cum

225 4787 565 4844 vehementia
591 4804 779 4861 magna
802 4799 854 4845 te
881 4789 1205 4854 abduceret,
1228 4805 1334 4846 non
1366 4792 1507 4863 quod
1535 4809 1716 4848 mensa
1756 4804 1809 4848 te

223 4878 421 4933 la-dere
443 4891 644 4948 posset,
670 4882 765 4937 Sed
791 4881 932 4953 quod
952 4896 1020 4936 ea
1052 4881 1383 4937 nobilitatem
1411 4895 1552 4940 tuam
1579 4895 1633 4940 et
1653 4901 1805 4941 men-

220 4984 337 5023 sam
369 4970 569 5039 regiam
600 4972 967 5030 dedecoraret.
999 4974 1134 5029 Sunt
1154 4974 1299 5029 enim
1328 4975 1378 5028 hi
1416 4992 1626 5047 quoque
1665 4977 1808 5035 servi

218 5062 469 5125 scelesti,
498 5062 757 5129 infames,
784 5067 1019 5122 damnati
1046 5109 1060 5134 ,
1100 5065 1261 5121 vincti
1283 5107 1297 5131 ,
1336 5066 1655 5122 intolerabili
1681 5085 1807 5137 sup-

223 5152 389 5223 plicio
415 5153 716 5217 reservati,
745 5156 901 5210 malis
932 5159 1147 5213 obnoxii
1179 5158 1490 5212 innumeris.
1525 5157 1805 5225 Quomodo

218 5258 353 5315 ergo
382 5257 486 5297 non
523 5243 793 5298 erubescis
822 5261 977 5302 more
999 5249 1307 5304 helluonum
1350 5256 1404 5303 et
1439 5246 1799 5315 illiberalium,

212 5334 601 5417 cumdamnati
620 5332 696 5388 illi
725 5349 965 5391 mensam
991 5350 1285 5409 apponunt,
1310 5341 1431 5396 illuc
1447 5354 1726 5395 accurrere
1750 5352 1803 5399 et

212 5426 589 5498 appositorttm
629 5425 896 5496 particeps
924 5430 1083 5483 esse?
1126 5429 1251 5488 Ideo
1303 5441 1355 5488 te
1388 5432 1636 5489 abduco:
1678 5448 1799 5489 nam

215 5518 610 5572 immolantium
641 5532 837 5587 scapus
866 5526 920 5573 et
947 5519 1319 5591 accipientium
1349 5540 1599 5595 persona,
1632 5541 1798 5597 appo-

212 5607 316 5663 sita
346 5606 579 5662 reddunt
604 5609 832 5679 impura.
865 5607 1003 5663 Nolo
1042 5621 1210 5667 autem
1238 5631 1325 5671 vos
1348 5619 1510 5673 socios
1551 5619 1661 5687 fieri
1687 5619 1797 5674 da:-

212 5703 517 5759 mom'orum.
545 5700 786 5759 Vidistiu‘
806 5702 1092 5758 amicitiam
1122 5706 1287 5776 patris
1310 5724 1489 5768 curam
1512 5712 1749 5783 serentis
1771 5716 1799 5769 ἲ

1327 280 1395 339 IN
1433 279 1646 338 EPIST.
1688 275 1708 332 1
1770 275 1860 331 AD
1899 275 2053 333 COR.
2101 278 2327 343 liOMlL.
2374 287 2560 347 XXIV.

3470 303 3579 359 90.3.

1995 389 2228 501 vidistin‘
2257 398 2457 455 dictum
2503 404 2671 473 ipsum
2718 410 2857 478 quod
2901 414 3146 473 affectum
3179 439 3298 479 cum
3329 434 3568 501 emphasi

1988 482 2280 541 exhibeat?
2305 490 2448 546 Nihil
2480 497 2621 550 enim
2650 513 2769 552 cum
2800 502 2901 557 illis
2931 521 3215 568 commune
3246 482 3578 582 vosliabe‘re.

1986 574 2347 671 volo,‘iuquit.
2381 585 2581 642 Deinde
2606 593 2727 661 quia
2755 594 3141 658 adhortationis
3168 608 3331 664 modo
3356 574 3569 671 seruio:

1984 680 2105 721 netu
2140 668 2440 743 induxerat;
2474 695 2541 735 ne
2580 684 2699 751 quis
2727 702 2792 740 ex
2822 692 3171 751 crassioribus
3224 702 3273 755 id

1983 769 2151 866 iteret,
2179 766 2329 866 quasi
2363 779 2676 836 potestatem
2713 779 2931 848 habens,
2976 787 3094 855 quia
3121 789 3345 860 dixerat,
3384 797 3565 866 Nolo;

2093 851 2190 908 Vos
2206 858 2465 952 judicare,
2508 872 2827 926 sententiam
2860 885 2912 930 et
2952 851 3122 949 legem
3154 851 3344 952 postea,
3378 851 3563 951 stat—ui;

1979 942 2199 1039 dicens:
2251 947 2369 1004 Non
2410 958 2617 1018 potestis
2644 962 2850 1017 calicem
2883 942 3090 1025 Domini
3130 942 3294 1033 bibere
3331 942 3558 1039 elicit-li-

1977 1048 2101 1136 cein‘
2136 1037 2499 1097 dannoniorum
2551 1063 2570 1099 :
2624 1048 2713 1104 21.
2775 1070 2875 1108 non
2920 1064 3128 1126 potestis
3191 1085 3376 1125 mensa:

1976 1135 2119 1223 min-tr
2156 1144 2263 1183 esse
2321 1135 2591 1206 participes
2641 1150 2686 1193 et
2750 1160 2934 1200 mensa:
2982 1150 3367 1215 dwmoniowm.
3418 1165 3561 1223 Solis

1975 1216 2153 1321 Verbis
2201 1230 2283 1275 est
2348 1236 2630 1283 contentus
2689 1242 2746 1286 ut
2801 1236 3051 1294 abducat.
3128 1245 3335 1305 Deinde

1974 1317 2091 1403 rem,
2138 1310 2400 1370 incutiens
2434 1336 2445 1370 :
2475 1320 2562 1372 22.
2601 1323 2677 1375 An
2705 1330 3011 1384 a’mulamur
3039 1333 3354 1397 Dominum?
3383 1310 3549 1403 'nnm-

1970 1402 2093 1469 quid
2120 1406 2351 1474 fortiores
2373 1410 2460 1463 illo
2488 1418 2704 1469 sumus?
2732 1417 2782 1471 Id
2814 1432 2893 1474 est
2915 1464 2928 1487 ,
2961 1435 3221 1487 tentamus
3262 1450 3381 1491 eum
3423 1457 3546 1498 num

1971 1494 2137 1589 possit
2165 1513 2261 1550 nos
2301 1504 2519 1569 punire,
2567 1517 2619 1560 et
2651 1509 2919 1568 irritamus
2958 1533 3075 1572 eum
3118 1523 3181 1576 ad
3211 1528 3547 1589 adversarios

1968 1580 2297 1651 deﬁcientes,
2329 1598 2523 1644 etcum
2556 1597 2783 1655 inimicis
2811 1603 2925 1671 ejus
2949 1608 2998 1661 in
3022 1612 3135 1666 acie
3160 1580 3547 1681 stantes

1965 1681 2141 1769 autem
2192 1676 2359 1745 dixit,
2404 1681 2454 1734 itt
2501 1691 2810 1744 memoriam
2860 1696 2963 1749 illis
3010 1716 3267 1760 revocans
3311 1676 3543 1769 veterem

1968 1762 2263 1831 historiam,
2293 1780 2347 1825 et
2380 1783 2585 1841 patrum
2615 1786 3110 1851 transgressionem.
3138 1792 3259 1848 Ideo
3287 1798 3383 1853 hac
3418 1819 3542 1860 usus

1963 1865 2043 1910 est
2072 1873 2217 1919 voce,
2242 1876 2341 1930 qua
2371 1864 2627 1924 adversus
2653 1871 2866 1930 Judmos
2887 1877 3096 1950 Moyses
3122 1886 3249 1940 olim
3278 1906 3405 1946 usus
3436 1908 3536 1953 est.

1963 1963 2221 2051 accusans
2263 1969 2355 2009 eos
2392 1957 2459 2011 de
2506 1960 2803 2019 idololatria
2848 1986 2911 2023 ex
2956 1987 3182 2041 persona
3232 1981 3325 2037 Dei
3366 2001 3379 2036 :
3432 1984 3541 2054 Ipsi

1960 2049 2103 2140 quin]
2132 2084 2147 2109 ,
2192 2049 2393 2115 inquit,
2424 2068 2816 2120 prorocaverunt
2845 2079 2923 2118 me
2967 2066 3017 2118 in
3067 2085 3123 2120 eo
3159 2074 3247 2140 qui
3289 2092 3386 2130 non
3434 2049 3542 2135 erat

1959 2127 2097 2237 licus
2118 2174 2131 2197 ,
2161 2135 2482 2195 irritaverant
2521 2161 2598 2197 me
2634 2148 2685 2200 in
2716 2150 2866 2205 idolis
2906 2160 3009 2210 suis
3039 2160 3055 2227 (
3082 2127 3227 2216 Deut.

1958 2219 2097 2318 Nam
2128 2223 2217 2276 illo
2251 2229 2481 2295 fortiores
2511 2250 2685 2291 sumus
2709 2240 2733 2291 ?
2754 2240 2996 2299 Vidistin'
3041 2219 3198 2318 quam
3228 2219 3541 2318 terribiliter

1954 2320 2007 2365 et
2039 2312 2365 2374 horribiliter
2396 2322 2538 2391 ipsos
2567 2327 2891 2401 increpavit,
2935 2312 3077 2407 ipsos
3116 2358 3299 2401 eorum
3340 2312 3536 2410 nervos

1952 2407 2285 2501 concutiens,
2312 2426 2371 2464 ea
2398 2429 2456 2466 re
2480 2416 2529 2469 in
2556 2418 2937 2479 absurditatetu
2966 2430 3213 2501 adducta,
3237 2438 3353 2495 illos
3384 2407 3534 2500 valde

1953 2497 2319 2592 perstringens
2343 2544 2357 2566 ,
2390 2502 2707 2577 illorumque
2760 2521 3021 2573 tumorem
3072 2497 3418 2592 deprimens?

1948 2600 2063 2685 cur,
2098 2591 2324 2685 inquies,
2357 2595 2470 2653 haec
2497 2598 2564 2654 ab
2592 2601 2742 2658 initio
2770 2621 2873 2661 non
2903 2615 3095 2679 posuit,
3126 2591 3243 2685 qua:
3268 2622 3389 2678 illos
3419 2643 3532 2681 ms-

1947 2679 2089 2786 xitpe
2116 2683 2509 2786 abduxissent?
2538 2692 2670 2759 Quia
2700 2710 2813 2752 mos
2835 2710 2918 2755 est
2948 2702 3020 2757 illi
3062 2679 3299 2774 pluribus
3327 2730 3388 2769 ea
3410 2679 3528 2786 qua:

1948 2770 2057 2824 vult
2086 2774 2311 2875 probare
2334 2817 2348 2841 ,
2384 2780 2685 2875 et-fortiora
2718 2789 2900 2845 ultima
2932 2770 3160 2865 ponere,
3199 2813 3355 2875 atque
3384 2770 3450 2863 ex

1946 2877 2133 2969 magna
2166 2864 2399 2922 vincere.
2444 2867 2567 2927 ideo
2606 2888 2635 2926 a
2666 2876 2959 2935 minoribus
3007 2864 3199 2956 orsus,
3248 2864 3311 2947 ad
3367 2898 3527 2969 caput

1947 2957 2205 3056 malorum
2239 2961 2401 3013 venit.
2428 2961 2516 3017 Sic
2546 2964 2719 3021 ethoc
2742 2972 2908 3040 magis
2933 2989 3208 3047 acceptum
3233 2982 3349 3048 fuit,
3376 2957 3521 3056 prio-

1944 3047 2091 3101 ribus
2121 3049 2343 3105 delinito
2373 3054 2584 3109 illorum
2612 3060 2811 3115 animo.
2848 3061 3032 3120 Omnia
3078 3071 3200 3125 mihi
3231 3047 3400 3141 licent,
3435 3083 3539 3134 sed

1942 3154 2043 3191 non
2074 3142 2242 3194 omnia
2270 3144 2540 3213 expediunt
2569 3163 2588 3200 :
2614 3150 2703 3203 ‘25.
2732 3150 2902 3208 omnia
2932 3161 3055 3212 mihi
3076 3162 3259 3232 licent,
3306 3171 3394 3222 sed
3420 3190 3522 3226 non

1941 3231 2109 3326 omnia
2134 3232 2408 3326 ludiﬁcant.
2438 3237 2524 3290 24.
2577 3237 2743 3294 Nemo
2772 3246 2907 3312 quod
2924 3264 3071 3301 suum
3106 3268 3175 3306 est
3200 3270 3411 3326 quaerat,
3435 3266 3522 3317 sed

1939 3325 2075 3419 quod
2092 3324 2312 3419 ulterius
2343 3332 2697 3401 unusquisque.
2725 3333 2910 3390 Viden'
2936 3353 3237 3400 accoratam
3280 3324 3518 3419 pruden-

1941 3414 2111 3469 tiam?
2141 3417 2274 3482 Quia
2304 3421 2445 3474 enim
2486 3424 2775 3482 verisimile
2817 3443 2931 3484 erat
2960 3432 3079 3487 illos
3124 3414 3304 3495 dicere
3333 3459 3347 3495 :
3383 3442 3512 3500 Per-

1938 3505 2108 3560 fectus
2138 3523 2256 3562 sum
2286 3519 2338 3563 et
2366 3512 2468 3565 mei
2501 3514 2639 3582 juris
2662 3556 2678 3581 ,
2706 3526 2759 3571 et
2790 3520 2919 3575 nihil
2958 3524 3113 3580 laesus
3140 3531 3378 3596 apposita
3419 3535 3515 3589 de-

1934 3606 2088 3666 gusto
2116 3616 2127 3652 :
2159 3599 2353 3667 Etiam,
2383 3602 2572 3672 inquit,
2600 3607 2867 3674 perfectus
2886 3623 3011 3669 eset
3037 3618 3107 3669 tui
3128 3617 3264 3686 juris
3286 3638 3298 3681 ;
3323 3624 3415 3679 sed
3443 3642 3509 3682 ne

1936 3690 2059 3743 illud
2092 3693 2335 3747 attendas
2356 3736 2369 3760 ,
2403 3696 2495 3750 sed
2528 3713 2651 3752 nttm
2682 3701 2808 3757 illud
2839 3704 3087 3762 damnum
3118 3711 3337 3783 aﬂ‘erat,
3384 3734 3508 3776 num

1932 3783 2289 3838 eversionem.
2312 3784 2442 3840 Nam
2488 3796 2772 3862 utrumque
2797 3794 2954 3861 dixit,
2988 3797 3106 3853 Non
3135 3807 3303 3859 omnia
3330 3815 3509 3881 confe-

1932 3887 2067 3940 runt,
2093 3892 2193 3930 non
2224 3878 2394 3931 omnia
2414 3880 2689 3947 mitiﬁcant,
2721 3894 2773 3938 et
2800 3885 2941 3941 aliud
2984 3905 3078 3959 pro
3101 3894 3277 3964 seipso
3301 3939 3315 3963 ,
3364 3878 3506 3956 aliud

1915 3982 2026 4033 «pro
2058 3966 2217 4023 fratre
2242 3969 2437 4037 posuit.
2468 3970 2599 4025 Nam
2624 3971 2822 4042 dicere,
2855 3976 2974 4033 Non
2996 3983 3213 4050 expedit,
3246 3996 3327 4041 est
3357 4005 3505 4047 suam

1929 4059 2219 4126 perniciem
2246 4060 2630 4119 subindicautis
2660 4082 2674 4120 :
2699 4067 2880 4125 dicere
2897 4081 3094 4137 autem,
3118 4074 3237 4129 Non
3260 4080 3502 4149 ludiﬁcat,

1929 4152 2105 4205 fratris
2134 4152 2439 4208 scandalum
2462 4156 2781 4213 subindicat.
2817 4160 2942 4217 Ideo
2972 4165 3246 4234 subjunxit
3276 4189 3289 4221 :
3338 4170 3503 4229 Nemo

1925 4243 2059 4309 quod
2083 4259 2231 4296 suum
2252 4256 2323 4298 est
2343 4256 2566 4315 quierat;
2591 4249 2730 4317 quod
2760 4251 2953 4323 ubique
2981 4265 3033 4309 et
3064 4271 3158 4325 per
3184 4269 3346 4315 totam
3369 4278 3503 4320 con-

1928 4333 2100 4385 lirutat
2122 4335 2422 4402 epistolam,
2452 4346 2504 4390 et
2531 4337 2581 4391 itt
2615 4340 2849 4409 Epistula
2871 4344 2935 4395 ad
2964 4345 3237 4404 Romanos
3265 4368 3387 4407 cum
3416 4355 3510 4409 di-

1924 4423 1994 4475 cit
2016 4440 2030 4476 :
2057 4419 2505 4517 EtenimAChrislus
2526 4445 2624 4483 non
2641 4432 2737 4484 sibi
2761 4433 2861 4501 ipsi
2878 4435 3067 4503 placuit
3088 4437 3273 4511 (Rom.
3306 4443 3390 4499 15.
3420 4446 3500 4517 3).

1923 4524 1973 4567 et
1993 4529 2223 4580 rursum,
2252 4515 2398 4571 Sicut
2425 4528 2471 4572 et
2497 4537 2587 4591 ego
2614 4539 2701 4592 per
2726 4525 2897 4577 otnttia
2924 4528 3154 4583 omnibus
3171 4533 3365 4601 placeo,
3398 4515 3501 4590 non

1920 4621 2147 4671 quiet-ens
2160 4622 2321 4658 meam
2332 4610 2596 4662 utilitatem
2615 4612 2660 4685 (Ι
2676 4650 2689 4665 .
2709 4614 2825 4667 Cor.
2847 4615 2934 4671 10.
2954 4618 3068 4687 55);
3089 4631 3141 4673 et
3160 4621 3244 4676 hic
3262 4640 3497 4691 rursum;

1920 4710 2025 4748 non
2057 4704 2234 4750 tamen
2265 4696 2392 4751 illud
2417 4696 2504 4751 hic
2530 4702 2749 4755 excutit.
2774 4702 2906 4770 Quia
2930 4708 3071 4761 enim
3092 4712 3338 4781 superius
3368 4714 3501 4773 illud
3532 4748 3534 4751 -

1920 4785 2159 4855 pluribus
2181 4786 3060 4864 probaveniet-demonstraverat,
3076 4802 3217 4869 quod
3235 4820 3496 4876 nusquam

1917 4892 1979 4931 ea
2006 4893 2125 4948 quae
2155 4894 2255 4933 sua
2277 4888 2408 4935 sunt
2427 4892 2669 4951 quau-at,
2697 4886 2792 4940 sed
2828 4888 2969 4956 quod
2998 4890 3199 4948 Judzeis
3227 4902 3496 4964 tamquam

1916 4967 2132 5025 Judmus
2153 4969 2327 5033 factus
2342 4973 2430 5037 sit;
2454 4983 2509 5028 et
2544 4974 2651 5030 illis
2676 4976 2767 5044 qui
2792 4987 2927 5033 sunt
2944 4980 3059 5034 sine
3080 4982 3196 5050 lege
3226 4991 3498 5054 tamqan

1916 5063 2032 5117 sine
2059 5063 2201 5133 lege,
2226 5072 2293 5121 et:
2307 5064 2447 5133 quod
2478 5066 2723 5121 libertate
2754 5075 3122 5140 potestateque
3143 5088 3238 5129 sua
3278 5090 3385 5132 non
3417 5085 3499 5135 te—

1915 5169 2061 5208 mere
2081 5155 2151 5217 sit
2172 5170 2319 5222 usus,
2344 5156 2437 5210 sed
2452 5156 2516 5210 ad
2541 5156 2592 5211 id
2613 5158 2756 5228 quod
2773 5160 3024 5217 omnibus
3046 5164 3175 5221 utile
3194 5176 3359 5235 esset,
3375 5186 3495 5228 set-

1912 5250 2061 5304 vietis
2077 5250 2355 5314 omnibus;
2380 5250 2560 5319 paucis
2580 5260 2863 5307 contentus
2892 5254 3068 5310 verbis
3080 5256 3182 5315 huc
3201 5258 3380 5324 desiit.
3401 5279 3498 5333 per

1914 5339 2027 5392 haec
2039 5354 2204 5409 pauca
2226 5341 2328 5396 illis
2348 5341 2400 5395 in
2420 5343 2732 5397 memoriam
2753 5359 3010 5400 revocans
3025 5351 3203 5405 omnia
3216 5367 3335 5421 quae
3352 5352 3493 5410 dicta

1910 5441 2051 5491 sunt.
2069 5433 2196 5489 Haec
2212 5447 2341 5506 ergo
2354 5449 2452 5489 nos
2468 5450 2678 5506 quoque
2694 5450 2815 5489 cum
2831 5437 3081 5507 sciamus,
3099 5441 3298 5507 dilecti,
3319 5443 3498 5497 fratri.

1911 5527 2009 5580 bus
2037 5524 2444 5595 prospiciamus,
2468 5534 2523 5591 et
2544 5526 2798 5581 unitatem
2825 5543 2945 5583 cum
2976 5531 3078 5585 illis
3097 5546 3398 5591 servemus.
3434 5537 3492 5593 In

1911 5615 2013 5670 hoc
2044 5615 2186 5670 enim
2213 5631 2311 5671 nos
2341 5617 2542 5671 inducit
2574 5618 2893 5676 sacrificium
2926 5620 3055 5675 illud
3084 5619 3499 5684 horrenduntet

1906 5708 2260 5778 tremendum,
2286 5709 2478 5779 jubens
2494 5723 2591 5767 nos
2605 5726 2724 5767 cum
2740 5712 3031 5770 concordia
3040 5715 3279 5772 maxime
3297 5716 3388 5774 illo
3402 5732 3497 5779 as-
