4022 6214
541 263 650 322 103

542 381 738 437 cedere
762 386 818 435 ct
839 392 962 435 eum
988 373 1211 431 caritate
1248 372 1473 427 fervenu
1490 410 1509 435 ,
1537 376 1593 424 et
1618 364 1742 421 inde
1764 360 1969 434 aquilas
2006 358 2138 415 effe-

544 484 682 536 ctos,
709 471 779 526 ita
806 469 875 525 ad
904 468 1080 539 ipsum
1106 462 1361 520 advolare
1384 461 1597 515 caelum.
1626 455 1725 513 Ubi
1744 455 1886 511 enim
1916 451 2019 509 erit
2048 466 2135 504 co-

542 564 714 628 daver,
745 559 954 631 inquit,
996 557 1067 612 ibi
1092 565 1143 610 cl
1164 554 1357 625 aquila
1380 550 1596 626 (Matth.
1622 546 1716 603 Ἧι.
1747 545 1875 617 28);
1906 543 2134 599 cadaver

541 666 739 723 corpus
764 658 1035 707 mortuum
1067 660 1286 702 vocans.
1329 643 1442 700 Nisi
1481 642 1625 697 enim
1674 638 1764 694 ille
1808 635 2132 701 cecidisset,

542 733 643 799 nos
704 757 813 798 non
875 737 1389 795 resurrexisscmus.
1446 731 1670 803 Aquilus
1726 737 1905 784 autem
1958 733 2114 781 vocat

541 833 834 890 ostetMens
860 830 1150 885 sublimem
1175 840 1301 882 esse
1328 834 1581 896 oportere
1618 820 1767 876 illum
1814 818 1905 890 qui
1932 817 2001 872 ad
2030 818 2132 871 hoc

541 941 737 995 corpus
761 920 997 986 accedit,
1026 927 1083 974 et
1111 917 1242 974 nihil
1273 931 1395 972 eum
1424 923 1565 970 terra
1594 925 1881 970 commune
1908 908 2126 972 habere,

540 1030 718 1086 neque
743 1014 1000 1070 deorsum
1024 1010 1165 1067 trahi
1196 1024 1262 1065 ac
1283 1022 1524 1079 serpere,
1552 1004 1647 1062 sed
1673 1004 1888 1060 assidue
1916 1015 2131 1070 semper

537 1122 755 1163 sursum
785 1104 1011 1168 volare,
1046 1111 1105 1159 et
1144 1101 1212 1158 ad
1238 1101 1410 1158 solem
1451 1097 1679 1169 justitiae
1716 1095 1988 1164 respicere
2010 1132 2028 1157 ,
2074 1100 2129 1146 et

538 1199 735 1256 mentis
757 1197 973 1253 oculum
1000 1205 1217 1251 acutum
1242 1193 1443 1249 habere
1464 1188 1795 1261 :aquilarum
1822 1186 1991 1251 enim,
2022 1198 2128 1238 non

533 1291 873 1360 graculorum
904 1289 1020 1343 haec
1052 1297 1135 1344 est
1164 1300 1375 1343 mensa.
1421 1284 1529 1353 ipsi
1562 1293 1690 1337 tunc
1716 1286 2004 1334 occurrent
2033 1276 2129 1332 de-

538 1382 811 1441 scendenti
840 1380 910 1437 de
938 1378 1111 1445 czclis,
1138 1377 1231 1447 qui
1256 1389 1399 1431 nunc
1424 1373 1586 1445 digne
1603 1368 1935 1442 percipiunt,
1954 1366 2126 1438 utqui

538 1473 753 1544 indigne
774 1481 1016 1528 extrema
1044 1468 1329 1538 patientur.

619 1565 676 1620 ὁ.
717 1560 968 1633 Corporis
994 1556 1183 1614 Christi
1212 1555 1460 1611 sanctitas
1495 1562 1545 1609 et
1585 1554 1763 1608 virtus.
1790 1582 1861 1592 —
1885 1550 1942 1607 Si
1982 1550 2124 1606 enim

537 1671 712 1728 regem
760 1655 883 1726 quis
928 1666 1035 1708 nou
1068 1659 1357 1720 utcumque
1413 1660 1518 1703 nec
1564 1643 1925 1717 perfunctorie
1967 1656 2123 1699 acce—

537 1749 671 1820 perit
700 1766 714 1802 :
754 1745 882 1818 quid
913 1759 1099 1816 regem
1123 1741 1289 1797 dico?
1326 1754 1395 1795 ne
1425 1746 1631 1794 vestem
1667 1735 1886 1807 quidem
1921 1733 2123 1803 regiam

534 1839 660 1909 quis
695 1835 921 1907 impuris
958 1833 1207 1892 manibus
1254 1828 1525 1901 tetigerit,
1568 1825 1787 1881 etiamsi
1840 1823 1891 1878 in
1931 1822 2122 1877 solitu-

530 1930 657 1984 dine
701 1929 802 1992 sit,
844 1923 1057 1981 etiamsi
1104 1922 1256 1976 solus
1306 1929 1361 1974 et
1414 1931 1576 1974 nemo
1625 1915 1813 1971 adsit:
1866 1912 2016 1983 atqui
2039 1912 2122 1967 ni-

533 2020 605 2073 nil
652 2016 798 2072 aliud
840 2025 925 2071 est
954 2014 1121 2070 vestis
1144 2026 1304 2082 quam
1330 2020 1538 2066 stamen
1584 2006 1870 2062 vermium.
1905 2001 1961 2059 Si
1995 2018 2123 2059 vero

533 2112 820 2164 tineturam
842 2104 1081 2171 miraris,
1111 2112 1166 2159 et
1192 2103 1309 2174 ipsa
1334 2113 1551 2173 quoque
1577 2098 1775 2153 mortui
1798 2096 1959 2167 piscis
1996 2111 2122 2152 sau-

530 2202 648 2268 guis
684 2207 817 2265 est;
860 2212 1022 2253 nemo
1067 2204 1246 2249 tamen
1305 2206 1476 2247 atreus
1526 2189 1688 2246 luerit
1726 2189 1871 2245 illam
1940 2188 2119 2244 sordi-

532 2296 614 2351 dis
644 2300 984 2348 contrectare
1017 2287 1288 2344 mnibus.
1319 2284 1378 2341 Si
1418 2292 1602 2339 autem
1637 2283 1928 2337 humanum
1959 2279 2122 2335 vestio

530 2394 767 2441 mentum
790 2395 953 2438 nemo
970 2394 1137 2435 ausus
1154 2376 1315 2433 fuerit
1338 2385 1541 2431 temere
1567 2382 1820 2445 tangere;
1847 2371 2121 2443 quomodo

529 2490 725 2549 soi-pus
775 2475 1154 2530 universorum
1192 2470 1289 2527 Dei
1339 2467 1739 2525 immaculatum
1782 2474 1839 2522 et
1888 2480 2117 2535 purum,

529 2570 670 2643 quod
718 2583 840 2625 cum
880 2566 1065 2623 divina
1106 2563 1196 2620 illa
1263 2571 1452 2618 natura
1505 2568 1782 2614 versatum
1837 2566 1958 2621 est,
2023 2571 2121 2626 per

524 2661 666 2732 quod
684 2673 875 2721 sumus
894 2665 950 2713 et
975 2657 1229 2721 vivimus,
1248 2667 1345 2723 per
1365 2649 1511 2721 quod
1535 2656 1707 2721 portat
1728 2648 1917 2703 mortis
1937 2646 2119 2702 fracta:

525 2760 655 2809 sunt
679 2760 735 2805 et
756 2748 991 2803 fornices
1013 2746 1130 2801 curii
1170 2742 1340 2815 aperti
1370 2747 1536 2807 sunt,
1562 2754 1687 2795 cum
1738 2745 1884 2794 tanta
1925 2745 2118 2793 contu-

525 2836 629 2898 mel
638 2843 685 2896 ia
704 2837 1026 2910 accipiemus
1040 2836 1069 2890 ἲ
1085 2833 1186 2902 Ne,
1206 2846 1408 2903 quaeso,
1437 2846 1506 2885 ne
1527 2842 1626 2885 nos
1646 2829 1797 2899 ipsos
1812 2826 2119 2899 jngulemns

530 2951 626 3007 per
655 2931 1042 3004 impudentiam
1070 2946 1090 2995 ;
1118 2926 1216 2983 sed
1245 2939 1370 2981 cum
1390 2922 1614 2978 horrore
1637 2928 1694 2975 et
1718 2920 1952 2989 puritate
1971 2918 2119 2973 omni

525 3027 591 3083 ad
618 3028 791 3099 ipsum
818 3022 1137 3079 accedamus
1162 3033 1182 3082 ;
1218 3024 1277 3072 et
1300 3029 1423 3070 eum
1450 3012 1623 3083 ipsum
1649 3010 1850 3065 videris
1871 3008 2119 3081 proposi-

527 3131 664 3185 tum,
690 3116 786 3172 tibi
813 3115 913 3187 ipsi
943 3113 1073 3171 dic:
1104 3110 1329 3179 Propter
1357 3106 1460 3161 huc
1483 3119 1678 3175 corpus
1707 3118 1812 3159 non
1860 3117 1980 3157 sum
2017 3116 2120 3173 ego

527 3209 760 3279 amplius
784 3216 924 3262 terra
953 3213 1008 3259 et
1031 3202 1190 3266 cinis,
1214 3216 1320 3255 non
1349 3198 1491 3253 ultra
1519 3196 1779 3267 captivus,
1820 3194 1916 3249 sed
1939 3192 2074 3247 liber
2103 3209 2117 3248 :

531 3300 653 3355 ideo
677 3298 839 3354 caelos
863 3308 1025 3367 spero
1054 3302 1112 3348 et
1158 3291 1299 3346 bona
1329 3288 1440 3343 illic
1476 3285 1709 3357 reposita
1755 3300 1841 3340 me
1869 3292 2117 3354 acceptu-

528 3408 646 3447 rum
663 3403 811 3457 esse,
831 3384 1194 3442 immortalem
1214 3382 1401 3446 vitam,
1420 3378 1733 3449 angelorum
1748 3384 1975 3442 sortem,
1997 3390 2118 3430 cum

527 3482 750 3537 Christo
768 3474 1216 3535 consuetudinem
1247 3490 1261 3529 :
1286 3471 1387 3527 hoc
1410 3484 1607 3540 corpus
1631 3468 1799 3524 clavis
1820 3467 2117 3534 confisum,

531 3573 714 3643 ﬂagris
732 3584 952 3633 casum,
984 3579 1129 3622 mors
1150 3578 1261 3620 non
1300 3561 1453 3627 tulit,
1504 3560 1607 3616 hoc
1646 3574 1842 3631 corpus
1883 3559 1966 3614 sol
1998 3573 2118 3613 cum

530 3664 846 3721 crucifixum
878 3660 1107 3726 videret,
1138 3655 1322 3711 radios
1353 3653 1550 3709 avertit
1577 3668 1591 3705 :
1620 3651 1740 3707 ideo
1770 3658 1899 3705 tunc
1941 3650 2117 3705 velum

529 3756 756 3811 scissum
786 3760 896 3819 est,
913 3760 1081 3821 petrae
1098 3754 1270 3818 ruptze
1290 3752 1436 3811 sunt,
1468 3752 1526 3800 et
1545 3744 1795 3799 universa
1824 3752 1965 3797 terra
1985 3755 2119 3796 con-

523 3848 823 3904 entiebatur
853 3862 869 3898 :
917 3842 1020 3899 hoc
1065 3848 1153 3897 est
1175 3837 1309 3895 illud
1338 3850 1537 3909 corpus
1559 3877 1574 3901 ,
1607 3833 1750 3905 quod
1779 3842 2117 3888 cruentatum

528 3943 646 4007 luit,
668 3941 851 3995 lancea
879 3935 1181 4008 perfossum
1207 3972 1221 3997 ,
1258 3929 1401 4002 quod
1429 3929 1692 3985 salutares
1721 3926 1898 3982 fontes
1936 3934 2119 3981 scatu-

528 4035 655 4090 rivit
672 4031 830 4097 orbi,
860 4029 1023 4083 alium
1050 4023 1345 4094 sanguinis,
1374 4022 1537 4075 alium
1562 4034 1735 4090 aqum.
1759 4017 1853 4072 Vis
1906 4017 2120 4072 aliunde

528 4127 646 4196 ejus
674 4125 780 4179 vim
807 4117 1057 4177 discere?
1076 4116 1344 4191 Interroga
1372 4112 1649 4168 mulierem
1670 4108 1945 4178 sanguinis
1972 4108 2121 4161 llusu

531 4217 888 4278 laborantem,
912 4224 1031 4281 quae
1060 4222 1164 4262 non
1200 4207 1399 4276 ipsum,
1444 4201 1539 4258 sed
1565 4202 1682 4271 ejus
1716 4201 2116 4264 vestimentum,

530 4312 643 4366 imo
671 4322 777 4362 non
811 4312 1000 4365 totum,
1031 4299 1130 4354 sed
1155 4288 1651 4364 liiuhriant’tetigit:
1677 4294 1943 4361 interroga
1973 4306 2121 4345 mare

529 4399 672 4471 quod
699 4396 862 4453 dorso
887 4406 991 4448 suo
1019 4391 1194 4461 ipsum
1222 4384 1453 4457 gestavit
1483 4401 1497 4437 :
1530 4384 1799 4450 interroga
1843 4391 1900 4437 et
1947 4380 2121 4451 ipsum

531 4491 825 4554 diabolum,
852 4496 908 4543 et
943 4485 1032 4540 dic
1063 4501 1078 4538 :
1112 4479 1262 4538 Unde
1302 4474 1469 4532 habes
1501 4475 1709 4545 pingant
1742 4474 1885 4528 illam
1912 4474 2123 4527 insana-

533 4581 693 4636 bilem
718 4578 742 4630 ‘l
768 4575 906 4630 unde
938 4574 996 4627 tit
1020 4580 1079 4626 ut
1108 4570 1237 4625 nihil
1266 4570 1376 4639 jam
1408 4565 1621 4639 possis?
1641 4563 1905 4620 undenam
1935 4570 2123 4632 captus

531 4673 626 4729 es?
654 4686 686 4726 a
712 4683 821 4739 quo
839 4666 1095 4723 detentus
1109 4661 1253 4716 luisti
1278 4661 1403 4715 dum
1432 4660 1683 4729 fugeres?
1724 4668 1779 4713 et
1807 4657 1938 4713 nihil
1977 4656 2120 4712 aliud

537 4766 705 4829 dicet,
733 4775 893 4833 quam
920 4770 1117 4828 corpus
1139 4752 1474 4809 cruciﬁxum.
1504 4749 1607 4804 Per
1638 4749 1740 4803 hoc
1767 4749 1968 4804 stimuli
2007 4748 2123 4819 ejus

532 4854 795 4913 confracti
822 4861 970 4918 sunt,
1016 4864 1114 4921 per
1141 4846 1246 4902 hoc
1281 4855 1478 4912 corpus
1502 4839 1622 4910 ejus
1656 4840 1947 4895 contritum
1970 4880 1987 4904 ,
2029 4857 2123 4911 per

536 4948 643 5005 hoe
686 4942 1014 5015 principatus
1044 4949 1099 4995 et
1147 4944 1441 5008 potestates
1485 4931 1743 4987 traducta:
1772 4940 1941 4985 sunt:
1987 4931 2127 5002 Spo-

537 5041 668 5093 liuns
694 5034 859 5099 enim,
884 5030 1079 5100 inquit,
1122 5028 1437 5097 principatus
1481 5032 1528 5079 et
1564 5030 1855 5095 potestates,
1898 5022 2125 5075 traduxit

534 5132 876 5197 conﬁdenter,
898 5124 1220 5194 triumphans
1247 5121 1311 5175 de
1348 5121 1451 5174 illis
1484 5122 1537 5173 in
1580 5119 1847 5189 semetipso
1888 5116 2025 5188 (Col.
2063 5115 2119 5169 2.

536 5223 604 5278 15
626 5220 668 5292 )‹
706 5219 981 5287 interroga
1005 5222 1273 5276 mortem,
1316 5219 1371 5265 et
1400 5211 1488 5265 die
1515 5227 1529 5264 :
1561 5209 1840 5267 Undenam
1879 5209 2123 5265 sublatus

542 5320 625 5368 est.
648 5306 899 5366 stimulus
941 5305 1106 5360 tuus?
1136 5302 1407 5359 undenam
1439 5299 1613 5354 soluta
1638 5310 1720 5354 est
1741 5312 1826 5357 tua
1858 5301 2124 5357 victoria?

540 5403 808 5458 undenam
837 5398 1045 5471 ιπωείθί
1077 5406 1200 5452 sunt
1242 5394 1389 5450 nervi
1435 5393 1551 5460 tui,
1590 5404 1641 5447 et
1666 5394 1862 5463 puellis
1902 5394 2122 5451 infanti-

542 5495 750 5563 basque
778 5492 911 5548 facta
941 5504 1000 5544 es
1024 5487 1275 5552 ridicula,
1299 5502 1418 5557 qua:
1449 5484 1694 5556 tyrannis
1713 5493 1768 5539 et
1805 5485 1960 5552 justis
2001 5500 2118 5542 om-

544 5586 705 5640 nibus
720 5580 948 5637 antehac
976 5576 1325 5634 formidabilis
1342 5592 1464 5633 eras
1485 5576 1508 5629 ‘l
1536 5582 1603 5650 et,
1618 5574 1741 5629 huic
1760 5576 1973 5644 corpori
1998 5591 2125 5632 cau-

541 5692 659 5733 sam
680 5672 967 5731 adscribet.
990 5671 1119 5727 Cum
1141 5670 1286 5727 enim
1312 5669 1737 5740 cruciﬁgehatur,
1768 5656 1891 5723 tunc
1918 5672 2123 5725 mortui

1286 248 1345 306 8.
1385 244 1664 303 JOANNIS
1700 236 2174 300 CIIRYSOSTOMI
2206 237 2523 296 ARClliEP.
2556 242 3088 307 CONSTANTINOP.

3728 264 3823 325 Em

2248 368 2687 428 resnrrcserunt,
2715 371 2840 419 tunc
2869 378 3055 422 career
3085 368 3173 424 ille
3218 380 3405 443 ruptus
3449 384 3531 430 est
3580 385 3637 432 et
3665 391 3821 449 porta

2244 463 2401 507 arca
2424 450 2713 510 confracta:
2740 466 2882 522 sunt,
2908 466 2963 512 et
2987 461 3181 515 mortui
3211 464 3392 521 emissi
3423 475 3568 533 sunt,
3612 477 3667 523 ct
3686 470 3819 540 jani-

2243 550 2389 597 tores
2407 541 2601 599 inferni
2628 559 2818 602 omnes
2846 548 3201 618 obsmpefacti
3232 564 3378 610 sunt.
3424 556 3581 630 Atqui
3609 560 3659 616 si
3695 559 3825 616 fuis-

2240 642 2324 688 set
2350 649 2488 689 unus
2516 651 2583 691 ex
2624 637 2829 706 multis,
2858 642 3189 696 contrarium
3231 645 3479 704 accidere
3525 649 3819 719 oportebat,

2240 734 2470 783 mortem
2498 728 2665 786 fuisse
2692 732 3071 801 potentiorem,
3101 735 3197 789 sed
3229 751 3333 792 non
3363 737 3461 794 fuit
3490 758 3506 794 :
3533 757 3642 797 non
3682 744 3819 798 enim

2237 828 2357 875 erat
2382 837 2520 877 unus
2548 838 2614 878 ex
2646 824 2870 891 multis;
2902 826 3025 882 ideo
3067 827 3155 882 illa
3194 814 3367 884 soluta
3416 830 3534 887 fuit.
3578 834 3643 890 Et
3688 835 3821 893 sicut

2240 908 2274 963 ii
2299 911 2389 981 qui
2415 912 2731 970 alimentum
2760 918 3054 989 accipiunt,
3096 921 3241 990 quod
3280 923 3512 979 retinere
3546 940 3654 980 non
3697 942 3820 998 pos-

2211 1003 2360 1086 sint,
2389 1005 2551 1062 etiam
2580 1023 2702 1078 qua:
2727 1010 2876 1081 prius
2907 1022 3157 1083 percepta
3201 1012 3414 1069 fuerant
3442 1026 3659 1087 propter
3694 1020 3819 1075 illud

2234 1107 2489 1154 evomunt
2516 1118 2529 1154 :
2563 1100 2636 1155 ita
2665 1104 2828 1159 etiam
2853 1103 3048 1159 accidit
3070 1104 3126 1160 in
3164 1114 3363 1161 morte.
3389 1104 3595 1177 Corpus
3618 1148 3635 1175 ,
3680 1109 3819 1179 quod

2238 1188 2350 1255 ipsa
2394 1202 2503 1244 non
2535 1199 2745 1261 poterat
2773 1194 3084 1263 conficere,
3132 1196 3438 1267 accipiens,
3485 1196 3571 1251 illa
3610 1213 3821 1269 quoque

2237 1279 2423 1350 rejeeit
2444 1297 2566 1352 qua:
2597 1284 2739 1340 intus
2762 1286 3030 1342 retinebat
3057 1304 3071 1340 :
3103 1302 3225 1343 cum
3258 1288 3387 1344 illud
3412 1288 3555 1344 intus
3581 1289 3821 1357 haberet,

2233 1374 2565 1442 parturiehat
2610 1383 2667 1430 ct
2716 1377 3079 1446 premebatur,-
3130 1379 3305 1435 donec
3354 1380 3527 1451 ipsum
3563 1382 3819 1436 evomuit.

2232 1462 2364 1521 Ideo
2383 1463 2463 1518 ait
2479 1463 2807 1538 Apostolus:
2855 1467 3055 1525 Salutis
3095 1469 3357 1526 doloribus
3382 1472 3559 1525 mortis
3579 1471 3716 1540 (Act.
3761 1471 3823 1535 2.,

2228 1554 2367 1628 24).
2417 1556 2575 1614 Nulla
2626 1560 2773 1616 enim
2825 1562 3023 1618 mulier
3079 1577 3363 1634 pregnans
3414 1564 3820 1635 parturieusquc

2230 1657 2380 1705 tanto
2420 1649 2607 1706 labore
2647 1654 2933 1721 premitur,
2986 1663 3189 1724 quanto
3233 1654 3323 1711 illa
3372 1670 3568 1726 corpus
3618 1655 3819 1710 habens

2229 1739 2564 1799 Dominicnm
2578 1739 2996 1797 dilacerabatur.
3024 1743 3091 1797 Et
3107 1744 3249 1813 quod
3277 1748 3328 1798 in
3354 1745 3681 1813 Babylonico
3698 1745 3818 1799 dra-

2227 1845 2364 1887 cone
2391 1832 2607 1899 accidit,
2636 1847 2759 1888 cum
2786 1844 3012 1905 accepto
3054 1834 3177 1890 cibo
3216 1835 3422 1890 medius
3447 1837 3691 1906 diruptus
3714 1845 3816 1902 est,

2229 1920 2333 1975 hoc
2360 1930 2416 1976 et
2440 1916 2528 1977 isti
2573 1923 2779 1980 evenit.
2805 1922 2925 1979 Non
2949 1924 3095 1980 enim
3119 1924 3366 1981 Christus
3395 1941 3491 1996 per
3520 1941 3585 1982 os
3630 1928 3820 1983 mortis

2224 2024 2476 2082 egressus
2496 2023 2599 2079 est,
2626 2014 2724 2070 sed
2755 2014 2872 2085 ipso
2900 2014 3082 2071 medio
3109 2014 3363 2071 draconis
3388 2012 3573 2073 venire
3601 2014 3818 2088 dirupto

2223 2115 2279 2161 et
2306 2106 2561 2175 dissecto,
2590 2109 2669 2163 sic
2712 2123 2779 2163 ex
2812 2109 3175 2179 penetralibus
3219 2108 3452 2180 prodiit,
3482 2124 3604 2164 cum
3637 2110 3819 2180 splen-

2222 2197 2357 2253 dore
2382 2198 2578 2267 multo,
2606 2199 2895 2271 radiosque
2922 2199 3198 2266 emittens,
3242 2216 3348 2257 non
3397 2215 3563 2273 usque
3606 2201 3674 2256 ad
3713 2201 3818 2256 hoc

2223 2289 2439 2356 cst-lum,
2469 2289 2565 2346 sed
2605 2306 2776 2361 usque
2803 2291 2871 2346 ad
2902 2292 3076 2362 ipsum
3102 2306 3391 2361 supernum
3422 2292 3615 2347 solium
3642 2310 3658 2347 :
3688 2307 3815 2347 nam

2224 2380 2354 2435 illuc
2376 2396 2590 2451 quoque
2616 2381 2790 2452 ipsum
2816 2381 3058 2437 adduxit.
3092 2382 3206 2438 Hoc
3230 2397 3427 2454 corpus
3468 2383 3617 2437 dedit
3656 2384 3817 2440 nobis

2221 2479 2277 2525 et
2302 2471 2589 2527 tenendum
2611 2480 2666 2526 ct
2689 2471 3103 2539 comedendum,
3132 2472 3277 2543 quod
3307 2474 3530 2529 intenSte
3570 2472 3818 2532 dilectio-

2224 2559 2306 2615 nis
2335 2558 2455 2615 fuit.
2503 2560 2614 2616 Eos
2654 2562 2798 2617 enim
2845 2577 2980 2633 quos
3031 2563 3285 2619 ardenter
3325 2578 3602 2629 amamus,
3650 2565 3815 2620 etiam

2220 2663 2367 2722 stepe
2394 2651 2724 2709 mordemus.
2755 2652 2881 2710 ideo
2923 2653 3026 2709 Job
3053 2668 3293 2709 amorem
3349 2654 3690 2723 famulorum,
3722 2656 3815 2726 qui

2222 2741 2364 2796 circa
2408 2743 2557 2797 illum
2588 2755 2743 2799 erant
2769 2745 3061 2800 ostendens
3088 2744 3323 2811 dicebat,
3355 2745 3475 2800 illos
3510 2746 3685 2815 ipsum
3714 2762 3813 2803 ve-

2226 2830 2511 2888 hementer
2533 2844 2777 2889 amantes
2797 2834 3000 2890 dixisse
3030 2853 3042 2885 :
3072 2835 3198 2902 Quis
3219 2834 3363 2889 nobis
3388 2834 3546 2889 dclde
3574 2838 3817 2893 carnibus

2222 2923 2328 2977 suis
2353 2933 2409 2978 ut
2434 2924 2740 2994 impleantur
2764 2924 2909 2996 (Job.
2942 2928 3031 2981 3i.
3061 2927 3179 2997 5i)?
3205 2926 3294 2981 Sic
3311 2937 3364 2981 et
3392 2926 3639 2981 Christus
3664 2928 3817 2985 dedit

2221 3016 2378 3070 nobis
2415 3030 2606 3071 carnes
2630 3031 2756 3071 suas
2803 3026 2860 3072 ut
2907 3017 3249 3088 impleamur,
3298 3017 3366 3072 ad
3399 3016 3660 3088 majorem
3712 3034 3815 3074 nos

2223 3108 2513 3163 amicitiam
2541 3110 2840 3165 attraltens.

2293 3198 2349 3253 5.
2376 3197 2707 3254 Accedamns
2734 3200 2893 3270 igitur
2917 3214 3040 3254 cum
3072 3198 3282 3255 fervore
3302 3199 3369 3254 ad
3399 3200 3571 3268 illum,
3603 3210 3660 3256 et
3682 3216 3811 3256 cum

2221 3288 2429 3344 ardenti
2449 3290 2675 3344 caritate
2694 3329 2711 3353 ,
2741 3299 2797 3344 et
2824 3303 2892 3343 ne
2917 3289 3205 3345 subeamus
3227 3290 3567 3360 supplicium.
3596 3290 3817 3358 Quanto

2220 3384 2363 3439 enim
2391 3382 2594 3453 majora
2622 3380 2883 3437 beneficia
2915 3382 3310 3452 acceperimus,
3338 3390 3484 3435 tanto
3512 3382 3682 3452 magis
3710 3398 3817 3451 pn-

2224 3478 2621 3540 nientur,cum
2681 3473 2958 3529 beneﬁciis
3009 3473 3210 3545 indigni
3256 3473 3651 3544 apparebimus.
3702 3474 3821 3529 lloc

2222 3570 2383 3624 etiam
2418 3582 2615 3638 corpus
2654 3566 2708 3621 in
2757 3566 2985 3637 prtBSCpi
3026 3565 3213 3637 jacens
3243 3548 3611 3622 reveriti'sunt
3647 3567 3815 3636 magi.

2223 3660 2291 3714 Et
2316 3660 2411 3713 viri
2440 3659 2585 3729 impii
2606 3673 2672 3713 ac
2698 3657 2914 3713 barbari
2944 3658 3113 3726 patria
3136 3658 3406 3726 domoque
3435 3657 3643 3719 relicta,
3670 3659 3817 3711 viam

2222 3750 2426 3805 emensi
2453 3758 2578 3804 sunt
2607 3749 2851 3818 longam,
2882 3757 2935 3802 et
2960 3748 3236 3804 venientes
3262 3763 3382 3803 cum
3414 3748 3604 3802 timore
3628 3757 3686 3802 et
3714 3757 3822 3801 tre.

2225 3856 2373 3897 more
2400 3841 2569 3895 multo
2599 3839 2771 3909 ipsum
2813 3839 3191 3894 adoraverunt.
3236 3838 3512 3892 imitemur
3535 3852 3666 3908 ergo
3706 3839 3822 3893 salo

2225 3943 2335 3989 tem
2375 3932 2668 3997 barbaros,
2702 3946 2801 3986 nos
2847 3930 3102 3987 caelorum
3147 3931 3315 3987 cives.
3356 3930 3434 3985 llli
3475 3946 3710 4001 namque
3763 3932 3822 3986 in

2225 4040 2469 4095 prmsepe
2508 4024 2859 4095 respicientes
2888 4032 2945 4079 et
2970 4024 3024 4078 in
3055 4024 3266 4095 tugurio
3291 4065 3305 4087 ,
3354 4031 3409 4078 et
3454 4022 3583 4077 nihil
3624 4036 3823 4078 eorum

2225 4118 2596 4188 respicientes,
2626 4133 2746 4188 qute
2777 4126 2832 4173 ιιι
2857 4132 2999 4172 nunc
3028 4117 3202 4181 vides,
3232 4132 3354 4171 cum
3378 4125 3613 4170 tremore
3640 4116 3821 4170 multo

2225 4218 2571 4263 accesserunt
2598 4226 2611 4261 :
2646 4216 2701 4263 tu
2730 4224 2857 4262 vero
2885 4223 2987 4263 non
3015 4206 3065 4262 in
3089 4222 3334 4278 prmscpe
3359 4204 3583 4274 respicis
3602 4246 3619 4271 ,
3642 4206 3738 4261 sed
3766 4207 3824 4260 in

2224 4302 2430 4365 altare;
2484 4315 2590 4353 non
2646 4299 2926 4353 mulierem
2978 4307 3283 4362 tenentem,
3334 4295 3431 4351 sed
3478 4296 3823 4351 sacerdotem

2226 4391 2527 4445 adstantem
2549 4428 2565 4454 ,
2594 4397 2649 4443 et
2674 4388 2932 4457 Spiritum
2959 4403 3079 4443 eum
3105 4387 3352 4442 ubertate
3382 4402 3572 4458 magna
3607 4387 3661 4443 in
3691 4402 3828 4456 pro-

2227 4482 2397 4551 posita
2453 4479 2910 4551 super-volantem.
2964 4478 3079 4533 Non
3138 4478 3456 4549 simpliciter
3492 4478 3597 4534 hoc
3638 4480 3825 4549 ipsum

2226 4589 2423 4645 corpus
2446 4572 2621 4640 vides,
2650 4581 2707 4628 ut
2733 4572 2808 4627 illi
2832 4614 2848 4639 ,
2879 4571 2975 4627 sed
3004 4573 3141 4627 nosti
3173 4573 3340 4643 ipsius
3368 4580 3421 4626 et
3448 4572 3706 4626 virtutem
3757 4579 3822 4625 et

2227 4665 2683 4737 dispensationem
2713 4679 2951 4729 omnem,
2982 4672 3036 4719 et
3062 4664 3197 4718 nihil
3229 4664 3443 4731 ignoras
3476 4676 3665 4717 eorum
3696 4677 3827 4731 qua:

2229 4770 2324 4826 per
2352 4757 2529 4825 ipsum
2559 4752 2794 4823 perfecta
2823 4763 2951 4806 sunt
2972 4792 2991 4818 ,
3020 4767 3143 4806 cum
3176 4752 3353 4805 omnia
3382 4750 3617 4806 initiatus
3652 4764 3824 4805 accu-

2228 4858 2343 4902 rate
2371 4844 2641 4900 didiceris.
2677 4840 2986 4897 Excitemus
3008 4840 3188 4911 itaque
3213 4855 3311 4897 nos
3333 4841 3477 4911 ipsos
3503 4851 3558 4897 et
3596 4841 3831 4895 horrea-

2230 4953 2383 5003 mus,
2415 4945 2469 4990 et
2495 4934 2663 4990 multo
2692 4934 2953 5005 majorem
2981 4948 3141 5005 quam
3180 4933 3397 4989 barbari
3439 4934 3514 4989 illi
3560 4932 3829 5003 pietatem

2229 5026 2585 5083 exhibeamus
2610 5068 2626 5094 ,
2672 5036 2729 5082 ut
2769 5042 2874 5083 non
2917 5036 3119 5083 temere
3145 5035 3201 5082 et
3228 5025 3625 5081 inconsiderate
3658 5039 3829 5079 acce-

2229 5119 2455 5187 dentes,
2498 5118 2674 5191 ignem
2700 5118 2754 5173 in
2791 5126 2950 5187 caput
2994 5127 3236 5172 nostrum
3263 5128 3637 5185 congeramus.
3694 5112 3833 5167 Haec

2229 5220 2407 5266 autem
2436 5210 2596 5279 dico,
2641 5226 2750 5265 non
2790 5217 2848 5264 ut
2891 5223 2958 5263 ne
2985 5205 3344 5272 accedamus;
3371 5206 3469 5261 sed
3506 5221 3575 5261 ne
3614 5212 3833 5257 temere

2229 5305 2569 5360 accedamus.
2598 5303 2750 5359 Sicut
2780 5300 2923 5355 enim
2954 5307 3162 5354 temere
3183 5299 3444 5355 accedere
3464 5339 3480 5363 ,
3517 5294 3828 5367 periculum

2228 5405 2313 5450 est
2338 5412 2353 5449 :
2384 5397 2461 5452 sic
2490 5396 2574 5451 his
2599 5392 2838 5464 mysticis
2865 5389 3035 5447 cmuis
3065 5406 3171 5446 non
3199 5389 3617 5451 communicare,
3648 5384 3829 5442 fames

2230 5493 2312 5540 est
2336 5495 2389 5540 et
2429 5500 2593 5541 mors.
2623 5482 2749 5537 Haec
2775 5481 2917 5535 enim
2944 5496 3132 5536 mensa
3162 5480 3311 5536 nervi
3349 5478 3553 5531 animze
3572 5483 3781 5531 nostra:
3806 5518 3827 5544 ,

2230 5579 2423 5632 utentis
2465 5576 2738 5631 vinculum
2761 5613 2776 5638 ,
2833 5573 3042 5631 ﬁducia:
3084 5588 3244 5630 causa
3265 5614 3281 5640 ,
3311 5582 3434 5640 spes
3453 5607 3472 5631 ,
3492 5566 3673 5636 Salus,
3705 5567 3836 5631 lux,

2234 5670 2341 5725 vita
2381 5685 2475 5727 est.
2519 5669 2575 5724 Si
2616 5682 2734 5722 cum
2766 5665 2865 5723 hoc
2893 5666 3158 5722 sacriﬁcio
3198 5663 3287 5718 illo
3312 5660 3601 5718 abierintus
3628 5701 3645 5729 ,
3693 5672 3841 5714 cum
