4004 6208
542 296 649 351 905

540 409 786 475 ἐκείνων,
810 409 967 482 λιμὸς
997 412 1088 464 καὶ
1111 409 1359 475 θάνατος.
1386 410 1535 482 Αὕτη
1557 410 1667 481 γάρ
1695 412 1729 481 ἡ
1756 410 2007 482 τράπεζα
2030 409 2129 478 τῆς

538 494 715 564 ψυχῆς
741 494 898 565 ήμῶν
923 495 991 547 τά
1014 494 1203 565 νεῦρα,
1234 496 1333 567 τῆς
1359 495 1601 558 διανοίας
1627 497 1657 547 ὁ
1688 494 2008 564 σύνδεσμος,
2030 493 2130 563 τῆς

540 576 905 647 παρρησίαςή
949 577 1227 642 ὑπόθεσις,
1268 580 1303 648 ή
1337 576 1515 645 ἐλπὶς,
1550 579 1583 647 ἡ
1610 576 1871 647 σωτηρία,
1899 576 1960 629 τὸ
1990 576 2125 644 φῶς.

540 660 574 726 ή
606 658 743 727 ζωή.
771 659 926 711 Μετὰ
947 660 1151 729 ταύτης
1178 661 1506 722 ἀπελθόντες
1537 661 1653 712 ἐκεῖ
1682 659 1782 729 τῆς
1811 657 2025 723 θυσίας,
2070 660 2127 709 ἐν

538 742 822 813 παρρησίᾳ
852 742 1022 814 πολλῇ
1064 745 1173 796 τῶν
1204 745 1366 814 ἱερῶν
1388 742 1767 813 ἐπιϐησόμεθα
1806 741 2123 811 προθύρων,

536 824 725 896 ῶσπερ
756 826 900 878 τισὶν
938 826 1123 890 ὅπλοις
1170 831 1391 898 χρυσοῖς
1435 827 1950 897 περιπεφραγμένοι
1991 825 2125 879 πάν-

534 908 711 965 τοθεν.
736 910 848 962 Καὶ
880 909 934 961 τί
971 910 1116 979 λέγω
1139 912 1209 964 τά
1238 912 1541 980 μέλλοντας
1583 910 1850 964 Ἐνταῦθα
1892 910 1999 980 γάρ
2041 927 2124 961 σοι

533 992 634 1061 τὴν
659 992 765 1059 γῆν
792 993 1023 1061 ούρανδν
1075 998 1219 1047 ποιεῖ
1250 996 1401 1047 τουτὶ
1428 994 1491 1047 τὸ
1530 996 1847 1065 μυστήριον.
1895 994 2123 1046 ’Δναπέ-

532 1090 699 1125 τασον
736 1074 868 1142 γοῦν
896 1074 991 1128 τοῦ
1020 1076 1254 1146 ούρανοῦ
1288 1079 1387 1140 τάς
1431 1078 1625 1141 πύλας,
1673 1078 1768 1129 καὶ
1818 1075 2079 1144 διάκυψον
2106 1092 2119 1104 ⁸

537 1155 741 1220 μᾶλλον
777 1158 834 1210 δὲ
864 1158 983 1229 οὐχὶ
1030 1160 1125 1219 τοῦ
1175 1160 1431 1230 ούρανοῦ,
1464 1159 1602 1213 ἀλλά
1625 1158 1721 1212 τοῦ
1754 1158 1987 1229 ούρανοῦ
2016 1158 2123 1212 τῶν

533 1240 802 1309 οὐρανῶν,
852 1244 947 1296 καὶ
992 1243 1115 1295 τότε
1154 1244 1273 1313 ὕψει
1302 1244 1361 1296 τὸ
1390 1244 1705 1314 εἰρημένον.
1738 1242 1812 1294 Τὸ
1836 1241 1942 1314 γὰρ
1988 1242 2125 1295 πάνυ

530 1342 640 1377 των
687 1326 804 1377 ἐκεῖ
844 1326 1202 1397 τιμιώτερον,
1252 1326 1408 1380 τοῦτό
1439 1344 1521 1381 σοι
1559 1328 1651 1380 ἐπὶ
1690 1326 1789 1396 τῆς
1832 1326 1934 1395 γῆς
1964 1324 2123 1389 δείξω

530 1406 804 1477 κείμενον.
845 1408 1058 1479 Ὥσπερ
1092 1411 1203 1480 γάρ
1242 1411 1298 1461 ἐν
1325 1412 1439 1473 τοῖς
1485 1408 1780 1480 βασιλείοις
1808 1410 1869 1461 τὸ
1903 1409 2121 1462 πάντων

530 1492 876 1563 σεμνότερον,
912 1494 971 1545 οὐ
1002 1496 1169 1564 τοῖχοι
1191 1534 1204 1557 ,
1249 1494 1350 1547 ούκ
1386 1494 1583 1564 ὄροφος
1611 1493 1866 1565 χρυσοῦς,
1894 1493 2032 1547 ἀλλά
2060 1495 2119 1547 τὸ

529 1574 808 1643 βασιλικὸν
842 1576 1000 1645 σῶμα
1034 1577 1097 1629 τὸ
1128 1576 1436 1648 καθήμενον
1464 1578 1559 1631 ἐπὶ
1602 1577 1698 1631 τοῦ
1732 1578 1943 1642 θρόνου⁸
1975 1576 2118 1631 οὕτω

529 1658 623 1709 καὶ
657 1660 715 1709 ἐν
746 1661 859 1723 τοῖς
888 1661 1137 1732 οὐρανοῖς
1165 1661 1226 1712 τὸ
1256 1662 1349 1713 τοῦ
1398 1660 1666 1731 βασιλέως
1714 1663 1896 1733 σῶμα.
1950 1662 2110 1717 Ἀλλά

524 1740 683 1792 τοῦτό
718 1758 798 1794 σοι
830 1742 923 1795 νῦν
951 1744 1160 1807 ἔξεστιν
1181 1745 1272 1796 ἐπὶ
1292 1744 1395 1813 γῆς
1422 1745 1571 1798 ἰδεῖν.
1603 1746 1677 1798 Οὐ
1707 1746 1816 1817 γάρ
1846 1748 2112 1813 ἀγγέλους

524 1824 644 1876 ούδὲ
678 1825 1055 1896 ἀρχαγγέλους
1084 1827 1205 1880 οὐδὲ
1244 1830 1509 1899 οὐρανοὺς
1539 1830 1635 1882 καὶ
1667 1831 1933 1899 οὐρανοὺς
1961 1831 2118 1899 ούρα-

524 1908 650 1971 νῶν,
677 1908 791 1962 ἀλλ’
820 1909 968 1983 [219]
993 1912 1155 1964 αὑτὸν
1173 1912 1267 1964 τὸν
1289 1913 1497 1965 τούτων
1525 1930 1605 1965 σοι
1636 1912 1885 1983 δείκνυμι
1917 1913 2114 1965 Δεσπό-

520 2009 643 2063 την.
678 1991 837 2057 Εἶδες
867 1995 984 2057 πῶς
1010 1996 1071 2047 τὸ
1103 1996 1322 2048 πάντων
1353 1995 1680 2066 τιμιώτερον
1707 1997 1839 2066 ὁρᾷς
1865 1997 1955 2049 ἐπὶ
1976 1996 2107 2066 γῆς;

522 2076 616 2128 καὶ
651 2077 748 2145 οὑχ
785 2078 915 2146 ὁρᾷς
952 2077 1133 2145 μόνον,
1170 2076 1307 2129 ἀλλά
1356 2080 1449 2131 καὶ
1488 2081 1668 2151 ann;
1705 2081 1800 2132 καὶ
1837 2080 1934 2149 οὐχ
1965 2081 2110 2153 ἅπτῃ

524 2161 705 2228 μόνον,
729 2159 865 2213 ἀλλά
890 2160 983 2212 κα¹ι
1010 2160 1233 2225 ἐσθίεις,
1260 2162 1352 2214 καὶ
1376 2161 1554 2215 λαϐὼν
1574 2163 1755 2216 οίκαδε
1772 2163 2072 2235 ἀναχωρείς
2093 2181 2109 2229 ;

535 2243 850 2314 Ἀπόσμηχε
885 2243 1064 2295 τοίνυν
1092 2243 1189 2312 τήν
1219 2244 1417 2315 ψυχὴν,
1452 2244 1837 2316 παρασκεύαζε
1868 2246 1966 2315 τὴν
1993 2246 2106 2299 διά-

521 2342 672 2377 νοιαν
693 2326 833 2396 πρὸς
861 2326 957 2397 τὴν
985 2326 1190 2379 τούτων
1213 2328 1319 2381 τῶν
1346 2328 1661 2399 μυστηρίων
1687 2330 1974 2401 ὑποδοχήν.
1998 2330 2109 2383 Καὶ

520 2406 630 2475 γὰρ
662 2408 711 2459 εί
742 2406 952 2460 παιδίον
993 2407 1269 2478 βασιλικὸν
1314 2411 1453 2481 μετά
1494 2412 1588 2464 τοῦ
1633 2413 1839 2482 κόσμου
1879 2412 2106 2481 καὶτῆς

520 2490 837 2561 ἀλουργίδος
865 2491 959 2545 καὶ
996 2491 1091 2546 τοῦ
1124 2493 1453 2565 διαδήματος
1495 2496 1867 2566 ἐνεχειρίσθης
1898 2498 2104 2565 φέρειν,

519 2574 696 2627 πάντα
740 2574 807 2629 ἂν
838 2574 1069 2647 ἔρριψας
1109 2577 1177 2629 τὰ
1209 2578 1266 2629 ἐν
1308 2580 1373 2648 τῇ
1405 2581 1497 2647 γῇ·
1532 2580 1649 2631 νυνὶ
1694 2578 1751 2630 δὲ
1791 2579 1851 2630 ού
1894 2577 2106 2629 παιδίον

1218 294 1274 349 S.
1314 292 1603 349 JOANNIS
1638 289 2131 349 CHRYSOSTOMI
2169 289 2492 349 ARCHIEP.
2539 291 3090 353 CONSTANTINOP.

3696 297 3807 354 206

2232 410 2519 482 ἀνθρώπου
2548 412 2847 481 βασιλικὸν,
2884 412 3003 466 ἀλλ’
3038 412 3199 467 αὑτὸν
3237 412 3329 467 τὸν
3364 413 3623 484 μονογενῆ
3665 413 3807 486 λαμ-

2231 492 2412 545 ϐἀνων
2437 494 2534 547 τοῦ
2560 494 2699 548 Θεοῦ
2730 495 2923 560 Παῖδα,
2966 495 3027 549 οὐ
3070 496 3315 566 φρίττεις
3335 535 3351 560 ,
3386 497 3507 548 εἰπέ
3534 514 3666 567 μοι,
3712 498 3807 550 καὶ

2229 577 2411 630 πάντα
2442 578 2537 631 τὸν
2572 579 2680 631 τῶν
2713 578 2982 648 βιωτικῶν
3025 579 3309 643 ἐκϐάλλεις
3342 581 3545 651 ἐρωτα,
3594 583 3690 634 καὶ
3730 579 3807 649 τῷ

2229 661 2421 732 κόσμῳ
2449 662 2772 735 καλλωπίςῃ
2809 664 2971 731 μόνον
3011 664 3229 733 ἐκείνῳ,
3270 662 3387 716 ἀλλ’
3419 663 3500 715 ἐτι
3532 664 3667 734 πρὸς
3706 664 3805 733 τὴν

2229 743 2332 812 γῆν
2372 746 2526 815 ὁρᾷς,
2577 746 2672 798 καὶ
2728 745 3029 816 χρημάτων
3083 747 3214 816 ἐρᾷς
3271 747 3383 798 καί
3421 746 3557 816 πρὸς
3607 746 3805 816 χρυσον

2228 827 2529 896 ἐπτόησαι;
2578 829 2671 880 καὶ
2702 829 2826 881 τίνα
2876 829 2944 882 ἂν
2994 828 3181 898 σχοίης
3232 828 3594 899 συγγνώμην;
3648 828 3806 880 ποίαν

2226 908 2556 977 ἀπολογίαν;
2608 912 2723 965 Οὐκ
2759 906 2918 964 οῐσθα
2950 910 3068 973 πῶς
3119 913 3337 965 ἃπασαν
3393 911 3491 983 τὴν
3544 911 3805 980 βιωτικὴν

2230 991 2576 1074 πολυτέλειαν
2620 994 3027 1074 ἀποστρέφεται
3072 1010 3164 1046 σου
3198 997 3225 1047 ὁ
3259 994 3569 1063 Δεσπότης;
3620 994 3678 1045 ού
3716 993 3805 1045 διά

2223 1073 2379 1126 τοῦτο
2425 1075 2486 1126 ἐν
2526 1075 2702 1148 φάτνῃ
2746 1062 2904 1146 ἐτέθῆ
2949 1076 3185 1145 τεχθεὶς,
3233 1077 3327 1128 καὶ
3371 1062 3583 1146 μητέρα
3615 1075 3804 1127 ἔλαϐεν

2224 1156 2443 1225 εύτελῆς
2471 1158 2530 1209 ού
2561 1158 2650 1210 διά
2679 1158 2839 1210 τοῦτο
2866 1159 3061 1228 ἐκείνῳ
3082 1158 3160 1229 τῷ
3192 1158 3328 1228 πρὸς
3352 1158 3654 1228 καπηλείαν
3686 1157 3805 1227 βλέ-

2224 1256 2378 1292 ποντι
2409 1242 2614 1309 ἐλεγεν⁸
2657 1243 2721 1294 Ὃ
2760 1242 2829 1294 δὲ
2867 1243 3001 1308 Υίύς
3042 1243 3146 1296 τοῦ
3188 1241 3503 1310 ἀνθρώπου
3540 1243 3649 1295 οὐκ
3677 1242 3805 1309 ἔχει

2223 1322 2339 1375 ποῦ
2370 1322 2485 1391 τὴν
2516 1324 2796 1393 κεφαλὴν
2817 1328 3034 1393 κλίνῃ;
3058 1327 3122 1378 Τί
3145 1326 3201 1379 δὲ
3234 1328 3284 1378 οἰ
3318 1326 3597 1396 μαθηταί;
3626 1327 3685 1378 ού
3710 1327 3803 1379 τὸν

2221 1404 2388 1458 αὐτὸν
2420 1406 2704 1477 διετήρουν
2734 1410 2921 1477 νόμον,
2958 1410 3037 1471 εἰς
3071 1409 3173 1471 τὰς
3205 1408 3314 1461 τῶν
3342 1411 3592 1479 πενήτων
3626 1409 3803 1471 οἰκίας

2222 1488 2607 1560 καταγόμενοι,
2663 1492 2758 1543 καὶ
2812 1493 2842 1544 δ
2895 1493 2993 1562 μὲν
3045 1493 3181 1562 πρὸς
3213 1492 3453 1564 βυρσέα,
3501 1495 3530 1545 ό
3573 1492 3627 1546 δὲ
3666 1492 3802 1563 πρὸς

2222 1571 2601 1643 σκηνορῤάφον
2618 1574 2880 1627 κατέλυον
2910 1576 3002 1627 καὶ
3023 1576 3158 1645 πρὸς
3180 1578 3280 1644 τὴν
3312 1574 3800 1645 πορφυρόπωλιδα;

2218 1654 2280 1711 νύ
2315 1656 2421 1725 γὰρ
2456 1658 2635 1721 οἰκίας
2665 1658 3047 1729 περιφάνειαν,
3081 1659 3217 1713 ἀλλὰ
3262 1659 3450 1730 ψυχῶν
3476 1661 3673 1730 ἀρετάς
3698 1662 3798 1713 ἐπ-

2216 1737 2463 1809 εζήτουν.
2499 1743 2738 1806 Τούτους
2784 1745 2967 1796 τοίνυν
3009 1748 3102 1799 καὶ
3126 1748 3284 1816 ήμεῖς
3327 1744 3679 1817 ζηλώσωμεψ
3730 1748 3801 1801 τά

2218 1822 2319 1893 μὲν
2345 1824 2516 1893 κάλλη
2542 1824 2651 1877 τῶν
2678 1825 2873 1878 κιόνων
2904 1828 2996 1880 καὶ
3028 1828 3137 1881 τῶν
3174 1830 3484 1899 μαρμάρων
3516 1830 3796 1901 παρατρέ-

2216 1923 2419 1974 χοντες,
2459 1908 2749 1979 ζητοῦντες
2779 1910 2835 1963 δὲ
2864 1910 2963 1973 τάς
2993 1911 3103 1964 ἀνω
3134 1912 3321 1982 μονάς,
3362 1913 3455 1965 καὶ
3495 1913 3670 1965 πάντα
3699 1912 3797 1966 τῦ-

2216 2008 2317 2062 φον
2342 1993 2433 2045 τὸν
2460 1993 2695 2048 ἐνταῦθα
2731 1998 3063 2065 πατήσωμεν
3100 1998 3239 2067 μετὰ
3282 1998 3379 2066 τῆς
3421 1996 3528 2049 τῶν
3581 1998 3796 2067 χρημά-

2213 2092 2323 2127 των
2362 2076 2677 2145 ἐπιθυμίας,
2711 2081 2804 2132 καὶ
2834 2078 3037 2149 ὑψηλὸν
3084 2078 3340 2149 λάϐωμεν
3390 2079 3661 2151 φρόνημα.
3699 2081 3799 2131 “Av

2214 2159 2323 2227 γάρ
2360 2160 2641 2229 νήφωμεν,
2678 2162 2800 2214 ούδέ
2828 2165 2854 2214 ό
2877 2163 3079 2231 κόσμος
3110 2156 3267 2231 ήμῶν
3298 2156 3449 2225 οὗτος
3474 2162 3641 2225 ἄξιος,
3664 2163 3799 2232 μήτι

2221 2259 2283 2311 γε
2316 2244 2466 2295 στοαὶ
2492 2244 2585 2296 καὶ
2621 2246 2931 2315 περίπατοι.
2966 2246 3076 2311 Διὸ,
3115 2245 3436 2316 παρακαλῶ,
3474 2246 3573 2315 τήν
3615 2245 3797 2315 ψυχὴν

2215 2328 2312 2397 τὴν
2342 2328 2551 2380 ἑαυτῶν
2574 2330 3027 2399 καλλωπίζωμεν,
3060 2330 3159 2399 τὴν
3197 2330 3373 2381 οἰκίαν
3394 2329 3596 2396 ταύτην
3626 2346 3800 2381 καταε-

2214 2410 2590 2479 σκευάζωμεν,
2628 2414 2692 2480 ἣν
2724 2416 2819 2465 καὶ
2847 2412 3101 2475 λαϐόντες
3129 2411 3559 2481 ἀπελευσόμεθα,
3591 2414 3673 2464 ἵνα
3699 2413 3802 2465 καὶ

2210 2492 2318 2543 τῶν
2348 2493 2579 2545 αἰωνίων
2612 2494 2957 2565 ἐπιτύχωμεν
2989 2496 3229 2565 ἀγαθῶν,
3276 2495 3457 2565 χάριτι
3486 2494 3577 2546 καὶ
3609 2494 3799 2563 φιλανδ

2215 2572 2453 2647 θρωπίᾳ,
2497 2578 2590 2629 καὶ
2624 2578 2692 2630 τά
2724 2580 2873 2647 ἑξῆς.

2020 2877 2265 2930 ΟΜΙΛΙΑ
2306 2873 2437 2930 KE'.

517 2996 647 3053 Πᾶν
677 2994 743 3049 τὸ
770 2992 839 3047 ἐν
873 2993 1159 3062 μακέλλῳ
1189 2992 1582 3061 πωλούμενον
1622 2992 1875 3057 ἐσθίετε,
1910 2994 2107 3063 μηδὲν

756 3084 1185 3151 ἀνακρίνοντες
1212 3082 1311 3137 διὰ
1331 3082 1445 3149 τὴν
1474 3083 1855 3151 συνείδησιν.

587 3184 657 3237 α’.
681 3182 866 3236 Εἰπὼν
898 3184 979 3233 ὅτι
1006 3179 1267 3233 ἀδύνατον
1298 3182 1554 3249 ποτήριον
1588 3180 1796 3250 Κυρίου
1820 3180 1993 3233 πίνειν
2016 3183 2107 3235 καὶ

512 3270 775 3338 ποτήριον
812 3265 1130 3334 δαιμονίων,
1186 3263 1279 3316 καὶ
1339 3262 1594 3329 καθάπαξ
1641 3263 1946 3332 ἀπαγαγὼν
1996 3266 2104 3317 τῶν

510 3350 805 3419 τραπεζῶν
844 3348 1093 3412 ἐκείνων,
1136 3347 1245 3399 ἀπὸ
1280 3347 1743 3417 παραδειγμάτων
1777 3348 2101 3413 Ἰουδαϊκῶν,

511 3435 621 3487 ἀπὸ
651 3433 926 3503 λογισμῶν
960 3431 1339 3502 ἀνθρωπίνων,
1372 3430 1478 3483 ἀπὸ
1509 3432 1617 3483 τῶν
1660 3432 1972 3501 μυστηρίων
1996 3434 2103 3486 τῶν

512 3518 780 3587 φρικτᾶν,
812 3516 918 3567 ἀπὸ
941 3514 1049 3566 τῶν
1079 3516 1139 3566 ἐν
1163 3516 1275 3575 τοῖς
1303 3514 1541 3576 εἰδώλοις
1569 3525 1593 3553 ι
1621 3515 1979 3585 τελουμένων,
2010 3517 2103 3569 καὶ

511 3604 679 3655 πολὺν
710 3601 873 3670 φόϐον
916 3598 1091 3661 ἐνθεὶς
1131 3598 1313 3661 αὐτοῖς
1350 3615 1361 3625 ⁸
1397 3598 1485 3650 ἴνα
1522 3600 1596 3668 μὴ
1632 3599 1709 3668 τῷ
1751 3599 1899 3669 φόϐῳ
1932 3600 2102 3669 τούτῳ

508 3689 673 3743 πάλιν
690 3689 772 3750 εἰς
798 3687 992 3757 ἑτέραν
1012 3685 1278 3757 ἀμετρίαν
1296 3686 1493 3748 αὐτοὺς
1522 3685 1790 3758 ἐξωθήση,
1810 3688 1901 3739 καί
1932 3688 2101 3756 ἀναγ-

514 3772 762 3827 κασθῶσι
792 3771 998 3823 πλείονι
1032 3768 1323 3841 περιεργίᾳ
1362 3769 1693 3841 κεχρημένοι
1744 3770 1838 3823 τοῦ
1890 3772 2102 3837 δέοντος

504 3854 826 3917 δεδοικέναι,
862 3854 1075 3923 μήποτε
1107 3854 1202 3903 καὶ
1235 3853 1576 3918 ἀγνοούντων
1604 3854 1783 3923 αὐτῶν
1809 3856 2099 3927 ἐπεισέλθῃ

502 3957 557 3991 τι
590 3937 852 3999 τοιοῦτον,
884 3936 918 4006 ἢ
944 3934 1002 3999 ἐξ
1030 3936 1239 4005 ἀγορᾶς
1265 3935 1297 4003 ἢ
1336 3934 1558 3989 ἄλλοθέν
1585 3935 1768 4001 ποθεν,
1796 3938 1977 4004 ἀφιεὶς
2006 3940 2100 3991 αὺ-

502 4025 631 4085 τοὺς
647 4022 851 4090 ταύτης
879 4020 977 4089 τῆς
1006 4020 1273 4087 ἀνάγκης,
1306 4020 1457 4090 φησί·
1482 4018 1613 4075 Πᾶν
1634 4021 1697 4073 τὸ
1723 4021 1795 4075 ἐν
1816 4022 1965 4094 [220]
1984 4040 2096 4091 μα-

502 4105 703 4173 κέλλῳ
722 4104 1118 4173 ,πωλούμενον
1144 4102 1397 4167 ἐσθίετε,
1425 4102 1625 4173 μηδὲν
1646 4106 2092 4173 ἀνακρίνοντες.

516 4190 643 4243 Ἐὰν
674 4188 783 4261 γάρ
816 4186 1047 4255 ἀγνοῶν,
1091 4186 1245 4257 φησὶ,
1292 4187 1474 4256 φάγῃς
1524 4187 1620 4239 καὶ
1666 4188 1742 4257 μὴ
1778 4187 1955 4251 εἰδὼς,
1997 4188 2095 4258 οὐχ

503 4274 793 4327 ὑπόκεισαι
834 4274 900 4343 τῇ
936 4271 1176 4341 τιμωρίᾳ
1205 4288 1221 4302 ⁸
1257 4272 1356 4341 τῆς
1396 4271 1507 4342 γὰρ
1543 4271 1767 4339 ἀγνοίας
1808 4270 1992 4324 λοιπὸν
2034 4274 2094 4325 τὸ

502 4361 760 4429 πρᾶγμα,
797 4356 918 4426 οὐχὶ
956 4356 1052 4423 τῆς
1088 4352 1442 4424 λαιμαργίας.
1478 4354 1587 4407 Καὶ
1614 4353 1676 4406 ού
1704 4354 1907 4426 ταύτης
1935 4356 2095 4425 μόνον

502 4442 699 4499 αὐτοὺς
723 4438 1055 4493 ἀπαλλάττει
1098 4437 1198 4506 τῆς
1246 4438 1504 4504 ἀγωνίας,
1552 4436 1689 4489 ἀλλά
1735 4439 1829 4490 καὶ
1878 4438 2092 4509 ἐτέρας,

503 4522 706 4592 πολλὴν
737 4521 923 4574 ἄδειαν
952 4519 1043 4572 καὶ
1079 4519 1395 4591 ἐλευθερίαν
1424 4520 1609 4583 αὐτοῖς
1645 4522 2089 4585 κατασκευάζων.

503 4607 636 4661 Οὐδὲ
677 4598 786 4678 γάρ
829 4602 1143 4676 ἀνακρίνειν
1195 4604 1414 4675 ἀφίησι,
1461 4604 1762 4670 τουτέστιν,
1820 4603 2093 4670 ἐξετάζειν

501 4693 595 4745 καὶ
626 4688 1019 4753 πυνθάνεσθαι,
1041 4688 1151 4740 εἴτε
1176 4685 1547 4750 είδωλόθυτον,
1574 4688 1683 4741 εττε
1714 4687 1789 4759 μὴ
1815 4688 2053 4741 τοιοῦτον
2073 4704 2087 4717 ⁸

498 4775 617 4828 ἀλλ’
660 4772 849 4835 ἁπλῶς
888 4771 1091 4825 ἐσθίειν
1124 4770 1269 4824 ἅπαν
1309 4770 1371 4823 τὸ
1417 4769 1477 4835 ἐξ
1510 4771 1735 4844 ἀγορᾶς,
1773 4771 1910 4841 μηδέ
1934 4770 2092 4825 τοῦτο

502 4856 819 4926 μανθάνειν,
846 4856 875 4910 ὃ
895 4871 948 4907 τι
972 4853 1103 4907 ποτέ
1131 4856 1249 4907 ἐστι
1287 4854 1349 4906 τὸ
1370 4854 1753 4924 προκείμενον.
1789 4855 1950 4907 Ὥστε
1975 4856 2091 4908 ἔστι

500 4940 596 4994 καὶ
625 4937 871 5007 φαγόντα
893 4937 922 4977 δ
959 4937 1258 5003 ἀγνοοῦντα
1291 4936 1657 5007 ἀπηλλάχθαι.
1695 4938 1933 4992 Τοιαῦτα
1979 4939 2089 5009 γάρ

497 5025 567 5076 τὰ
629 5022 707 5093 μὴ
755 5023 823 5091 τῇ
876 5018 1034 5087 φύσει
1088 5018 1325 5087 πονηρά,
1364 5018 1479 5070 ἀλλ’
1525 5020 1634 5073 ἀπὸ
1691 5020 1793 5089 τῆς
1849 5020 2090 5084 διανοίας

498 5105 761 5160 ποιοῦντα
789 5103 847 5156 τὸ
878 5101 1211 5172 ἀκάθαρτον.
1243 5099 1342 5153 Διά
1370 5099 1531 5155 τοῦτό
1549 5118 1703 5172 φησι,
1720 5102 1926 5168 Μηδὲν
1940 5103 2089 5156 ἀνα-

498 5193 833 5260 κρίνοντες.
884 5184 993 5240 Τοῦ
1033 5184 1143 5253 γὰρ
1176 5182 1401 5251 Κυρίου
1444 5184 1483 5251 ἡ
1513 5182 1589 5252 γῆ
1623 5182 1723 5237 καί
1750 5183 1816 5236 τὸ
1846 5184 2087 5251 πλήρω-

496 5291 579 5345 μα
602 5271 817 5342 αὐτῆς,
879 5268 1001 5341 οὐχὶ
1043 5267 1152 5321 τῶν
1188 5266 1480 5337 δαιμόνων.
1524 5267 1587 5321 El
1629 5267 1687 5321 δὲ
1721 5268 1756 5339 ή
1784 5267 1855 5337 γῆ
1895 5268 1993 5321 καὶ
2039 5269 2089 5319 of.

500 5358 702 5431 καρποὶ
730 5358 825 5411 καὶ
853 5354 921 5408 τά
950 5352 1120 5422 ἄλογα
1142 5350 1307 5405 αὐτοῦ
1339 5353 1537 5415 πάντα,
1568 5352 1721 5407 οὐδὲν
1744 5350 2053 5424 ἀκάθαρτον
2071 5368 2083 5383 ⁸

498 5444 611 5497 ἀλλ’
651 5442 853 5515 ἐτέρως
876 5437 1187 5508 ἀκάθαρτον
1213 5433 1440 5505 γίνεται,
1469 5434 1577 5487 ἀπὺ
1607 5435 1706 5504 τῆς
1725 5434 1964 5499 διανοίας
1993 5434 2083 5487 καὶ

499 5526 607 5579 ἀπὸ
656 5525 751 5597 τῆς
787 5522 1091 5595 παρακοῆς.
1136 5520 1236 5574 Διά
1265 5518 1422 5573 τοῦτο
1471 5518 1531 5573 οὗ
1573 5518 1735 5589 μόνον
1765 5516 2083 5589 ἐπέτρεψεν,

500 5610 633 5662 ἀλλὰ
665 5609 778 5674 καὶ,
842 5606 987 5662 Ἐάν
1018 5622 1108 5673 τις
1151 5602 1329 5674 ὑμᾶς,
1380 5603 1534 5675 φησὶ,
1589 5600 1751 5671 καλῇ
1787 5601 1906 5655 τῶν
1951 5602 2087 5656 ἀπί-

561 5721 591 5751 ⁸
609 5722 823 5793 δαὶς-Πίος
846 5720 1118 5793 ωιξὶἱαὶι-έν
1141 5720 1243 5793 τοῖς
1263 5718 1551 5793 εἰδωλείοιςκ
1601 5716 1630 5755 ι)
1648 5717 1792 5793 Reg"
1815 5718 2085 5793 τδπροκείο

562 5799 657 5828 νον·
680 5785 805 5845 ὥστε
838 5801 901 5842 μη
924 5785 1079 5845 ἐαυτῷ
1122 5783 1343 5845 παρέχειν
1386 5781 1931 5844 ἁνσικρίσεωςάφορμάς*
1961 5783 2084 5829 ὥστε

527 5858 604 5892 στι
623 5844 703 5891 καὶ
724 5846 954 5907 φαγόντα,

2210 3010 2393 3057 στων,
2430 2994 2527 3047 καί
2562 2992 2775 3060 θέλητε
2817 2993 3195 3060 πορεύεσθαι,
3242 2992 3366 3048 πᾶν
3392 2993 3457 3046 τό
3479 2995 3795 3061 παρατιθῶ-

2203 3093 2393 3145 μενον
2422 3076 2563 3145 ὑμῖν
2595 3077 2845 3139 ἐσθίετε,
2876 3076 3069 3144 μηδὲν
3096 3076 3525 3144 ἀνακρίνοντες
3552 3078 3647 3130 διὰ
3676 3081 3798 3146 τὴν

2208 3160 2584 3227 συνείδησιν.
2627 3161 2767 3230 Ὅρα
2804 3160 2964 3211 πάλιν
3002 3159 3100 3230 τὴν
3149 3162 3487 3230 συμμετρίαν
3512 3177 3525 3188 ⁸
3572 3162 3631 3215 οὐ
3677 3164 3790 3232 γὰρ

2208 3244 2435 3308 ἐπέταξε
2467 3245 2559 3295 καὶ
2588 3242 2980 3314 ἐνομοθέτησεν
3007 3245 3249 3308 ἀπιέναι,
3281 3244 3399 3296 ἀλλ’
3423 3245 3544 3297 ούδέ
3578 3247 3790 3298 ἐκώλυ-

2208 3343 2299 3379 σεν
2319 3344 2330 3354 ⁸
2349 3326 2683 3389 ἀπελθόντας
2701 3326 2756 3378 δὲ
2788 3328 2949 3379 πάλιν
2967 3326 3299 3379 ἀπαλλάττει
3332 3328 3511 3396 πάσης
3530 3329 3786 3399 ὑποψίας.

2206 3410 2270 3462 Τί
2300 3410 2525 3477 δήποτε;
2564 3409 2679 3462 Ἵνα
2708 3409 2782 3479 μὴ
2802 3410 2927 3481 δόξῃ
2957 3410 3122 3479 φόϐου
3151 3409 3294 3473 τινὸς
3322 3408 3458 3463 εἶναι
3490 3413 3521 3484 ή
3552 3414 3789 3485 τοσαύτη

2204 3493 2706 3563 πολυπραγμοσύνη
2742 3494 2834 3545 καὶ
2856 3493 3074 3555 δειλίας.
3122 3493 3179 3545 '0
3218 3494 3315 3563 μὲν
3345 3493 3453 3563 γὰρ
3486 3510 3788 3566 περιεργα-

2205 3581 2449 3650 ζόμενος,
2478 3580 2552 3643 ὡς
2581 3578 2837 3642 δεδοικὼς
2862 3580 3019 3641 τοῦτο
3044 3582 3187 3645 ποιεῖ
3206 3594 3218 3607 ⁸
3241 3581 3269 3631 ὁ
3292 3578 3347 3630 δὲ
3375 3581 3512 3649 μετὰ
3533 3580 3592 3633 τὸ
3619 3582 3790 3637 ἀκοῦ-

2205 3680 2295 3717 σαι
2350 3666 2731 3734 ἀπεχόμενος,
2786 3663 2862 3725 ὼς
2914 3662 3274 3733 καταφρονῶν
3325 3665 3417 3714 καὶ
3458 3662 3632 3731 μισῶν
3690 3666 3790 3718 καὶ

2202 3747 2700 3817 ἀποστρεφόμενος,
2730 3746 3016 3816 ἀπέχεται.
3054 3747 3253 3815 Διόπερ
3291 3746 3318 3797 ὁ
3356 3746 3568 3810 Παῦλος
3603 3749 3786 3818 ἀμφό-

2198 3847 2334 3901 τερα
2354 3831 2677 3901 βουλόμενος
2708 3831 3119 3883 κατασκευάσαι
3156 3830 3287 3901 φησί
3316 3846 3327 3857 ⁸
3354 3828 3485 3883 Πᾶν
3504 3832 3570 3883 τὸ
3596 3848 3789 3899 παρα-

2200 3914 2507 3983 τιθέμενον
2557 3915 2701 3984 ὑμῖν
2748 3915 2997 3967 ἐσθίετε.
3047 3914 3157 3967 Ἂν
3193 3912 3260 3965 δέ
3302 3931 3393 3977 τις
3434 3913 3576 3980 ὑμῖν
3617 3916 3785 3983 εἴπῃ,

2206 3998 2387 4052 Τοῦτο
2426 3998 2825 4052 εἰδωλόθυτόν
2854 3996 3005 4063 ἐστι,
3033 3997 3118 4067 μὴ
3158 3997 3390 4053 ἐσθίετε
3411 3996 3508 4051 διὰ
3545 3996 3649 4050 τὸν
3668 4018 3787 4068 μη-

2198 4082 2493 4135 νύσαντα.
2525 4082 2661 4137 Οὐδὲ
2694 4082 2805 4154 γάρ
2832 4081 2907 4145 ῶς
2940 4082 3171 4151 ἐχόντων
3216 4081 3389 4151 ίσχῦν,
3417 4080 3532 4134 ἀλλ’
3559 4081 3635 4145 ὡς
3663 4083 3788 4151 βδε-

2198 4164 2376 4235 λυρῶν
2408 4164 2706 4235 ἀπέχεσθαι
2746 4165 2978 4218 κελεύει.
3016 4166 3170 4236 Μήτε
3196 4164 3377 4218 τοίνυν
3404 4164 3481 4227 ὼς
3507 4164 3787 4236 δυνάμενα.

2198 4247 2563 4318 καταϐλάψαι,
2610 4248 2840 4319 φεύγετε
2874 4266 2887 4280 ⁸
2942 4246 3199 4318 οὐδεμίαν
3241 4247 3347 4318 γάρ
3406 4248 3520 4319 ἔχει
3579 4250 3735 4319 ἰσχύν
3764 4267 3783 4283 ο

2199 4335 2356 4404 μήτε,
2384 4334 2570 4405 ἐπειδὴ
2607 4333 2877 4405 μηδεμίαν
2932 4332 3043 4401 ἔχει
3093 4332 3266 4401 ἰσχὺν,
3300 4331 3606 4403 ἀδιαφόρως
3647 4352 3785 4403 μετ-

2195 4418 2348 4487 έχετε
2375 4436 2387 4447 ⁸
2422 4417 2633 4488 ἐχθρῶν
2652 4418 2761 4487 γάρ
2784 4420 2899 4469 ἐστι
2928 4416 3022 4467 καὶ
3049 4414 3411 4486 ἠτιμωμένων
3442 4417 3472 4484 ή
3503 4418 3781 4488 τράπεζα.

2193 4500 2286 4553 Διὸ
2311 4500 2485 4569 ἐλεγε,
2508 4499 2605 4567 Μὴ
2629 4500 2859 4553 ἐσθίετε
2883 4498 2979 4551 διὰ
3008 4498 3112 4551 τὸν
3133 4497 3515 4566 μηνύσαντα,
3540 4499 3637 4552 καί
3664 4500 3787 4567 τὴν

2193 4583 2573 4650 συνείδησιν.
2610 4582 2721 4636 Τοῦ
2753 4582 2863 4651 γὰρ
2884 4582 3107 4649 Κυρίου
3137 4581 3175 4648 ἠ
3205 4578 3281 4649 γῆ
3311 4581 3409 4633 καὶ
3440 4580 3508 4634 τὸ
3540 4581 3787 4649 πλήρω-

2190 4680 2274 4733 μα
2302 4666 2513 4733 αὐτῆς.
2551 4665 2712 4737 Ὁρᾷς
2754 4665 2871 4728 πῶς
2905 4664 2999 4716 καὶ
3036 4665 3126 4716 ὅτε
3174 4663 3371 4717 ἐσθίειν
3414 4664 3644 4727 κελεύει,
3687 4664 3787 4717 καὶ

2191 4750 2280 4803 ὅτε
2321 4750 2624 4821 ἀπέχεσθαι
2663 4751 2765 4815 δεῖ,
2802 4748 2903 4820 τὴν
2940 4749 3109 4819 αὐτὴν
3152 4747 3460 4819 μαρτυρίαν
3493 4747 3574 4809 είς
3615 4747 3787 4817 μέσον

2192 4831 2350 4899 άγει;
2388 4833 2523 4886 Οὐδὲ
2556 4832 2782 4902 γάραδιά
2822 4831 2982 4883 τοῦτο
3029 4830 3243 4893 κωλύω,
3277 4828 3462 4898 φησὶν,
3504 4828 3579 4891 ὡς
3623 4829 3787 4882 ἀλλο-

2188 4915 2357 4985 τρίων
2395 4915 2564 4969 ὅντων
2585 4930 2599 4944 ⁸
2650 4914 2745 4967 τοῦ
2776 4914 2883 4985 γάρ
2923 4914 3129 4984 Κυρίου
3155 4915 3188 4982 ή
3226 4910 3295 4980 γῆ
3322 4927 3337 4942 ⁸
3362 4910 3499 4963 ἀλλά
3544 4911 3611 4964 δι’
3641 4914 3787 4987 ὅπερ

2191 4994 2367 5061 εἷπον,
2404 4999 2494 5050 διὰ
2524 4998 2623 5070 τὴν
2654 4999 2980 5067 συνείδησιν,
3015 4995 3315 5057 τουτέστιν,
3344 4994 3431 5046 ἵνα
3464 4994 3539 5067 μὴ
3582 4995 3783 5071 βλαϐῇ,

2190 5080 2399 5132 Οὐκοῦν
2425 5080 2506 5132 δεῖ
2528 5078 3021 5150 περιεργάζεσθαις
3054 5074 3151 5141 οὓ,
3182 5076 3347 5146 φησίν
3365 5093 3380 5108 ⁸
3408 5077 3528 5130 οὐδὲ
3554 5080 3663 5150 γάρ
3682 5084 3789 5153 τὴν

2193 5162 2292 5232 σήν
2334 5157 2487 5214 εἶπον
2532 5161 2856 5230 συνείδησιν,
2902 5159 3040 5213 ἀλλά
3084 5161 3182 5232 τήν
3210 5160 3440 5215 ἐκείνου.
3485 5164 3789 5235 Προλαεὼν

2192 5243 2299 5313 γάρ
2333 5240 2506 5307 εἷπον,
2538 5242 2643 5296 Διά
2673 5243 2780 5296 τὸν
2798 5243 3163 5312 μηνύσαντα
3185 5258 3198 5271 ·
3233 5245 3329 5298 καὶ
3356 5247 3539 5311 πάλιν,
3566 5250 3785 5300 Συνεί-

2192 5328 2375 5395 δησιν
2403 5326 2471 5379 δὲ
2503 5324 2681 5394 λέγω,
2728 5324 2866 5395 οὐχί
2909 5325 3024 5393 τὴν
3060 5326 3299 5393 ἑαυτοῦ,
3326 5330 3488 5384 ἀλλὰ
3516 5331 3632 5398 τὴν
3669 5328 3785 5384 τοῦ

2189 5409 2419 5480 ἐτέρου.
2468 5409 2604 5462 Ἀλλ’
2646 5411 2775 5474 ἴσως
2808 5411 2950 5463 εἴποι
2980 5427 3065 5475 τις
3090 5410 3176 5480 ἂν,
3214 5413 3297 5466 ὅτι
3325 5413 3446 5466 Τῶν
3486 5413 3587 5483 μὲν
3622 5411 3782 5470 ἀδελ·

2196 5495 2310 5567 φῶν
2334 5494 2557 5557 εἰκότως
2594 5493 2770 5569 φείδῃ,
2810 5495 2903 5549 καὶ
2938 5496 3039 5552 οὐκ
3077 5497 3172 5573 ἐᾷς
3216 5497 3364 5570 ἡμᾶς
3405 5497 3782 5567 ἀπογεύεσθαι

2194 5576 2262 5633 δι’
2290 5579 2556 5644 ἐκείνους,
2589 5578 2675 5635 ἵνα
2703 5578 2777 5653 μή
2801 5581 2834 5653 ή
2860 5584 3165 5655 συνείδησις
3188 5584 3368 5637 αὐτῶν
3387 5580 3617 5650 ἀσθενής
3638 5578 3783 5638 οὖσα

2195 5663 2522 5735 οἰκονομηθῇ
2554 5663 2633 5727 εἰς
2663 5665 2724 5716 τὸ
2752 5665 2819 5717 τὰ
2844 5667 3168 5721 εἰδωλόθυτα
3198 5666 3401 5720 ἐσθίειν
3426 5682 3440 5695 ⁸
3475 5667 3523 5717 εἰ
3549 5663 3605 5716 δέ
3643 5665 3781 5719 Ἐλ-

2196 5749 2294 5819 λην
2318 5766 2399 5812 τις
2423 5750 2531 5817 εἴη,
2552 5749 2603 5801 τί
2628 5765 2710 5801 σοι
2728 5750 2915 5805 τούτου
2936 5751 3086 5825 [εει]
3108 5752 3262 5823 μέλει
3283 5748 3375 5815 ;ού
3405 5751 3467 5801 σὺ
3488 5748 3697 5815 ἔλεγες,
3718 5750 3783 5804 Τί

2197 5832 2306 5903 γάρ
2321 5850 2422 5902 μοι
2452 5833 2545 5887 καί
2574 5833 2711 5901 τοὺς
2750 5836 2865 5902 ἔξω
2892 5838 3118 5907 κρίνειν
3130 5852 3150 5899 ;
3179 5833 3321 5895 τίνος
3354 5828 3447 5885 οῦν
3472 5831 3657 5885 ἕνεκεν
3677 5835 3784 5887 αὑ-
