4022 6214
280 304 395 369 EOS

291 425 482 481 fiducia
512 437 663 479 sacra
693 422 782 478 illa
813 421 1074 478 vestibula
1106 418 1403 486 adibimus,
1447 420 1598 489 quasi
1646 419 1867 489 quibus-

292 520 411 572 dam
457 515 635 569 aureis
674 514 841 567 armis
883 510 1125 565 instructi
1168 510 1420 579 undique.
1453 508 1657 579 Ecquid
1696 510 1874 563 futura

291 607 452 661 dico?
497 606 594 659 llic
621 606 762 659 enim
791 602 885 657 tibi
917 611 1115 655 terram
1148 600 1337 654 caelum
1385 600 1510 653 facit
1541 599 1642 653 hoc
1672 610 1875 670 myste-

284 701 453 752 rium.
496 696 658 765 Aperi
683 710 812 764 ergo
838 693 958 747 caeli
986 700 1165 761 portas
1186 700 1241 745 et
1263 690 1537 759 perspice;
1568 690 1675 743 imo
1702 690 1879 759 potius

281 780 401 841 inon
431 787 549 841 caeli
576 826 589 850 ,
616 786 711 841 sed
752 784 866 839 caali
895 784 1149 837 crelorum
1172 820 1187 845 ,
1235 790 1287 835 et
1331 788 1457 833 tunc
1496 778 1707 833 videbis
1748 779 1877 833 illud

291 880 436 953 quod
464 879 659 935 dictum
690 888 791 933 est.
826 876 981 944 Quod
1012 876 1153 929 enim
1185 874 1292 927 illic
1321 871 1564 927 omnium
1606 870 1879 937 pretiosis-

291 979 486 1030 simum
513 983 629 1038 est;
655 973 754 1026 hoc
782 972 874 1025 tibi
900 972 950 1023 in
982 980 1118 1023 terra
1143 967 1329 1036 jacens
1358 964 1688 1018 monstrabo.
1732 962 1881 1019 Sicut

291 1070 434 1121 enim
466 1068 518 1121 in
548 1066 690 1137 regia
716 1064 856 1134 quod
882 1061 1119 1116 omnium
1151 1054 1746 1128 magnificentissimum
1771 1063 1877 1121 est,

293 1174 401 1213 non
447 1158 586 1213 muri
615 1165 774 1221 sunt,
824 1170 931 1208 non
981 1162 1179 1207 tectum
1218 1162 1484 1215 aureum,
1531 1147 1625 1203 sed
1676 1146 1881 1218 regium

290 1266 487 1322 corpus
528 1251 582 1303 in
610 1249 745 1305 solio
791 1246 987 1300 sedens
1022 1263 1035 1299 :
1065 1243 1143 1298 sic
1166 1251 1220 1297 et
1246 1242 1303 1296 in
1342 1240 1494 1296 caelis
1521 1241 1725 1311 regium
1755 1255 1879 1294 cor-

292 1358 414 1412 pus.
466 1341 574 1398 Sed
602 1342 702 1395 hoc
744 1354 885 1394 nunc
932 1337 1023 1391 tibi
1082 1336 1204 1389 licet
1252 1333 1302 1387 in
1353 1341 1493 1388 terra
1522 1332 1724 1387 videre.
1765 1332 1881 1386 Non

290 1437 438 1490 enim
476 1433 693 1503 angelos
714 1474 727 1495 ,
758 1446 866 1485 non
907 1424 1281 1496 archangelos,
1312 1438 1417 1477 non
1444 1426 1604 1479 οωιοε
1633 1432 1690 1479 et
1716 1422 1881 1477 caelos

293 1530 547 1583 mulorum
571 1568 585 1590 ,
615 1524 708 1579 sed
738 1523 911 1591 ipsum
944 1518 1037 1574 tibi
1086 1518 1273 1572 horum
1304 1516 1585 1570 Dominum
1634 1516 1879 1569 ostendo.

298 1619 542 1675 Vidistin‘
570 1615 838 1687 quomodo
869 1613 920 1668 id
948 1655 967 1679 ,
991 1610 1135 1682 quod
1170 1610 1408 1665 omnium
1437 1607 1881 1677 pretiosissimum

294 1721 375 1768 est
396 1753 412 1777 ,
445 1712 497 1764 in
528 1718 671 1763 terra
718 1704 1013 1775 respicias?
1041 1717 1217 1772 neque
1240 1700 1389 1755 vides
1421 1708 1623 1753 tantum
1647 1740 1661 1763 ,
1692 1698 1785 1751 sed
1829 1705 1884 1751 et

294 1802 501 1872 tangis;
531 1814 631 1854 nec
663 1798 833 1867 tangis
864 1804 1088 1859 tantum,
1122 1792 1217 1848 sed
1245 1792 1405 1847 etiam
1437 1788 1709 1853 comedis,
1737 1798 1789 1841 et
1818 1803 1882 1843 eo

292 1903 518 1962 accepto
546 1890 767 1945 domum
809 1886 1118 1943 reverteris.
1154 1883 1415 1951 Absterge
1442 1880 1601 1950 igitur
1627 1879 1880 1945 animam,

292 1998 537 2053 prmpara
566 1989 801 2035 mentem
830 1977 895 2032 ad
928 1978 1117 2031 borum
1170 1973 1549 2044 mysteriorum
1579 1970 1883 2040 perceptio-

295 2090 441 2128 nem.
475 2071 688 2126 Etenim
719 2070 764 2123 si
802 2067 945 2137 regis
974 2066 1115 2119 filius
1142 2079 1263 2118 cum
1292 2069 1483 2116 ornatu
1504 2101 1519 2126 ,
1557 2075 1788 2129 purpura
1831 2068 1882 2112 ct

292 2164 597 2219 diademate
643 2160 983 2215 concreditus
1029 2156 1122 2210 tibi
1148 2163 1291 2210 esset
1333 2152 1657 2223 gestandus,
1704 2151 1882 2203 omnia

292 2272 416 2326 qua:
453 2265 577 2308 sunt
602 2256 653 2307 in
684 2263 823 2307 terra
851 2250 1160 2319 abjecisses.
1192 2246 1343 2300 Nunc
1371 2256 1549 2299 autem
1579 2259 1682 2297 non
1716 2243 1879 2296 filium

294 2350 469 2420 regis,
496 2346 589 2402 sed
623 2347 795 2415 ipsum
828 2344 921 2397 Dei
970 2341 1165 2395 Filium
1198 2336 1529 2407 unigenitum
1572 2333 1878 2403 accipiens,

291 2455 402 2494 non
442 2437 811 2500 exborrescis,
837 2433 925 2489 dic
953 2431 1082 2487 mibi
1107 2470 1123 2497 ,
1163 2438 1217 2484 et
1264 2444 1369 2482 non
1404 2440 1619 2480 omnem
1666 2424 1884 2477 smcula-

1350 307 1411 363 ιΝ
1451 306 1670 363 EPIST.
1714 306 1732 361 l
1801 306 1892 362 AD
1928 306 2083 362 COR.
2128 306 2358 364 HOMIL.
2409 309 2572 369 XXV.

3463 325 3568 381 9GB

1983 421 2118 477 rium
2148 438 2325 477 rerum
2352 440 2590 482 amorem
2617 428 2825 498 abjicis,
2850 446 3022 503 neque
3052 432 3145 490 illo
3175 441 3379 496 tantum
3402 453 3561 494 orna-

1984 520 2040 566 tu
2068 513 2314 583 gloriaris
2338 531 2353 577 ;
2380 515 2475 569 sed
2503 514 2675 579 adhuc
2705 521 2756 573 in
2790 530 2987 578 terram
3019 526 3246 596 respicis
3268 567 3284 591 ,
3310 531 3568 596 pecunias

1985 616 2133 655 amas
2160 611 2213 657 et
2240 618 2373 657 auro
2403 604 2614 662 inhias?
2644 623 2865 679 ecquam
2900 611 3179 671 habiturus
3218 631 3280 671 es
3312 618 3566 674 veniam!

1982 708 2139 763 quam
2171 697 2609 752 excusationem?
2631 697 2747 755 Non
2776 701 2921 757 vides
2950 715 3209 773 quantum
3246 709 3557 765 saecularem

1982 799 2197 841 omnem
2226 790 2671 858 magnificentiam
2718 805 2993 850 aversetur
3042 796 3338 854 Dominus?
3385 818 3563 857 nonne

1984 873 2105 929 ideo
2132 890 2252 930 cum
2276 886 2433 933 natus
2461 890 2624 946 esset,
2649 883 2701 936 in
2735 885 2957 955 prresepi
2987 888 3193 957 positus
3218 899 3319 955 est,
3352 900 3406 946 et
3452 908 3567 946 ma-

1987 974 2120 1021 trem
2148 970 2354 1038 accepit
2380 969 2497 1025 vilis
2518 972 2881 1029 conditionis?
2906 994 3080 1033 nonne
3110 980 3229 1035 ideo
3254 981 3465 1038 dicebat
3493 988 3567 1051 ei,

1987 1059 2075 1128 qui
2114 1059 2179 1113 ad
2220 1075 2515 1130 cauponam
2543 1066 2867 1134 respiciebat
2896 1088 2908 1121 :
2940 1068 3111 1125 Filius
3154 1082 3318 1126 autem
3349 1075 3568 1131 hominis

1985 1167 2086 1205 non
2113 1153 2260 1206 habet
2288 1153 2371 1207 ubi
2398 1165 2549 1225 caput
2572 1158 2775 1211 reclinet
2800 1158 3009 1230 (Matth.
3042 1162 3095 1217 8.
3125 1163 3254 1235 20)?
3276 1166 3411 1234 Quid
3441 1184 3569 1222 vero

1990 1240 2269 1313 discipuli?
2298 1261 2475 1301 nonne
2490 1247 2731 1303 eamdem
2761 1251 3043 1331 servabant
3073 1254 3265 1323 legem,
3292 1257 3342 1311 in
3374 1273 3566 1329 paupev

1989 1349 2106 1388 rum
2136 1334 2321 1390 domos
2346 1335 2705 1404 diversantes,
2731 1340 2867 1395 alius
2896 1343 3111 1411 quidem
3134 1334 3272 1412 apud
3296 1357 3562 1413 sutorem,

1987 1424 2123 1478 alius
2150 1424 2287 1499 apud
2323 1426 2789 1484 tabernaculorum
2827 1430 3071 1500 opificem
3097 1442 3153 1487 et
3190 1436 3329 1505 apud
3363 1454 3566 1509 purpur

1988 1514 2181 1567 rariam
2201 1516 2221 1567 τ
2241 1530 2347 1569 non
2378 1517 2521 1570 enim
2545 1517 2735 1572 domus
2764 1520 3127 1589 splendorem,
3147 1524 3241 1578 sed
3270 1526 3570 1583 animarum

1989 1604 2215 1659 virtutes
2264 1607 2595 1675 qua-rebant.
2646 1609 2755 1663 llos
2804 1611 2980 1679 itaque
3026 1620 3080 1667 et
3124 1629 3221 1668 nos
3264 1615 3502 1671 imitetur
3556 1638 3568 1672 :

1988 1696 2437 1762 pulchritudinem
2470 1699 2838 1755 columnarum
2884 1711 2939 1756 et
2978 1720 3304 1760 marmorum
3347 1719 3571 1776 prmter-

1988 1795 2302 1849 Currentes,
2351 1801 2573 1857 superas
2618 1805 2746 1843 νει-ο
2790 1794 3100 1847 mansiones
3130 1809 3471 1864 quaerentes;
3518 1809 3573 1854 ει

1988 1891 2201 1932 omnem
2226 1877 2415 1932 fastum
2439 1880 2727 1935 humanum
2750 1883 3020 1937 calcemus
3055 1900 3176 1940 cum
3220 1890 3565 1957 pecuniarum

1989 1968 2313 2037 cupiditate,
2359 1970 2631 2040 altumque
2675 1987 2890 2026 sensum
2933 1988 3288 2031 assumamus.
3324 1977 3378 2033 Si
3426 1981 3571 2034 enim

1988 2062 2257 2129 Sapienter
2285 2062 2657 2128 attendamus,
2693 2081 2865 2135 neque
2893 2067 3121 2121 mundus
3163 2070 3248 2123 hic
3290 2072 3446 2127 nobis
3486 2072 3571 2126 di-

1989 2168 2123 2219 gnus
2141 2160 2239 2217 est,
2268 2153 2463 2206 nedum
2485 2157 2722 2221 porticus
2750 2167 2803 2209 et
2825 2159 3155 2212 ambulacra.
3188 2160 3571 2228 Quamobrem,

1990 2258 2140 2312 rogo,
2169 2244 2399 2296 animant
2453 2253 2690 2298 nostram
2725 2262 2977 2300 ornemus
3000 2291 3013 2311 ,
3050 2249 3184 2303 hanc
3211 2250 3427 2305 domum
3472 2270 3572 2321 ap-

1991 2348 2242 2400 paremus
2264 2376 2276 2397 ,
2326 2349 2426 2403 qua
2476 2337 2636 2389 etiam
2667 2346 2887 2406 accepta
2924 2338 3048 2393 hinc
3078 2341 3425 2409 migrabimns
3448 2385 3464 2411 ,
3515 2356 3575 2398 ut

1988 2430 2186 2476 mterna
2210 2424 2345 2478 bona
2370 2440 2783 2495 consequamur,
2816 2430 2981 2498 gratia
3014 2439 3067 2483 et
3099 2431 3441 2501 benignitate,
3466 2448 3573 2490 etc.

306 2556 3577 2590 W

1600 2629 1942 2692 HOMILIA
1997 2630 2203 2692 XXV.

293 2788 426 2845 CAP.
465 2786 552 2842 10.
582 2802 633 2840 v.
663 2784 753 2840 25.
790 2784 953 2838 Omne
970 2780 1105 2853 quod
1144 2780 1197 2834 in
1226 2776 1438 2832 macello
1468 2776 1635 2840 venit,
1666 2770 1883 2825 mandu-

402 2891 514 2936 cate
537 2922 554 2946 ,
603 2880 732 2933 nihil
754 2880 1121 2946 interrogantes
1146 2881 1351 2942 propter
1381 2867 1759 2923 conscientiam.
1867 2853 1873 2860 ’

370 2974 423 3029 l.
454 2972 588 3028 Cum
635 2971 863 3025 dixisset
892 2964 1225 3037 impossibile
1257 2977 1377 3018 esse
1425 2961 1645 3015 calicem
1672 2955 1883 3011 Domini

298 3063 485 3119 bibere
510 3072 564 3117 et
590 3061 811 3115 calicem
840 3057 1228 3113 daemoniorum
1251 3076 1273 3119 ,ν
1298 3060 1354 3106 et
1389 3050 1597 3122 penitus
1636 3046 1884 3101 abduxis-

308 3165 445 3210 seta
475 3154 677 3209 mensis
707 3151 810 3206 illis
830 3192 845 3218 ,
873 3150 942 3203 ab
965 3146 1228 3216 exemplis
1258 3143 1512 3205 Judaicis,
1543 3156 1573 3195 a
1592 3137 1886 3194 ratiociniis

300 3246 553 3301 humanis
578 3286 593 3308 ,
623 3259 651 3298 a
694 3242 967 3313 mysteriis
1012 3236 1333 3301 horrendis,
1361 3234 1430 3289 ab
1473 3234 1537 3287 iis
1564 3246 1683 3301 qua:
1727 3242 1885 3298 pera-

294 3348 496 3411 guntur
525 3340 576 3392 in
607 3336 765 3391 idolis
792 3336 808 3365 ί
832 3376 846 3401 ,
880 3343 933 3388 et
962 3348 1084 3388 cum
1108 3333 1374 3399 ingentem
1406 3334 1607 3381 metum
1636 3323 1889 3379 incussis-

296 3442 416 3495 set;
445 3446 513 3485 ne
541 3430 631 3483 tali
661 3435 806 3484 metu
834 3427 954 3481 illos
983 3424 1047 3479 ad
1070 3423 1211 3477 aliud
1238 3430 1540 3476 extremum
1567 3418 1885 3487 impelleret,

297 3532 355 3578 et
383 3522 574 3592 majori
610 3536 768 3592 quam
809 3534 906 3591 par
937 3524 1084 3573 esset
1136 3524 1348 3571 utentes
1374 3512 1687 3568 curiositate
1731 3524 1887 3578 coge-

298 3624 487 3669 rentur
531 3612 761 3676 timere,
811 3624 879 3665 ne
924 3608 1055 3679 ipsis
1100 3605 1468 3676 ignorantibus
1519 3599 1719 3672 aliquid
1784 3599 1889 3653 tale

299 3706 654 3761 inveheretur
699 3711 792 3757 aut
836 3717 900 3756 ex
948 3700 1065 3755 foro
1114 3706 1208 3753 aut
1248 3695 1503 3761 aliunde,
1548 3695 1693 3764 ipsos
1735 3708 1766 3747 a
1797 3691 1888 3745 tali

298 3796 623 3852 necessitate
643 3793 876 3861 eripiens
904 3791 977 3845 ait
1009 3808 1023 3842 :
1054 3788 1235 3855 Omne,
1254 3788 1387 3856 quod
1415 3788 1469 3839 in
1496 3785 1708 3849 macello
1734 3784 1885 3848 venit,

297 3887 606 3943 ntanducote
626 3926 640 3948 ,
668 3883 800 3938 nihil
823 3883 1209 3951 interregantes.
1238 3878 1295 3934 Si
1320 3878 1463 3933 enim
1497 3876 1768 3945 ignorans,
1801 3874 1886 3929 in-

298 3978 439 4049 quit,
474 3974 775 4031 comederis
798 3981 855 4029 et
900 3971 1147 4027 nesciens
1168 4010 1185 4036 ,
1214 3984 1322 4023 non
1359 3982 1417 4023 es
1446 3966 1711 4021 obnoxius
1756 3979 1887 4035 sup-

300 4067 504 4138 plicio;
534 4080 654 4120 nam
686 4064 1003 4135 ignorantia:
1032 4062 1287 4130 deinceps
1317 4074 1404 4115 res
1428 4067 1544 4123 est,
1579 4072 1685 4113 non
1718 4056 1890 4128 inglu-

298 4160 429 4215 viei.
461 4159 644 4229 Neque
671 4157 740 4213 ab
787 4156 886 4211 bac
927 4154 1133 4211 tantum
1172 4154 1293 4208 illos
1329 4151 1616 4207 formidine
1657 4150 1883 4216 liberat,

300 4249 400 4306 sed
427 4249 495 4304 ab
520 4250 623 4303 alia
654 4262 897 4319 quoque,
925 4247 1147 4302 multam
1171 4245 1277 4299 illis
1299 4244 1602 4299 libertatem
1632 4244 1890 4297 securita-

301 4352 522 4413 temque
552 4354 815 4411 apparans
846 4356 859 4391 :
894 4354 1068 4407 neque
1111 4336 1252 4393 enim
1294 4336 1593 4405 dijudicare
1631 4335 1889 4404 permittit

297 4435 419 4491 sive
459 4434 769 4489 examinare
793 4442 846 4488 et
874 4430 1176 4497 sciscitari,
1209 4445 1275 4484 an
1316 4428 1670 4499 idolothytum
1708 4430 1778 4483 sit
1818 4443 1888 4482 an

305 4541 452 4590 non;
480 4524 576 4581 sed
608 4523 1070 4579 indiscriminatim
1100 4521 1385 4576 comedere
1414 4518 1669 4590 quidquid
1686 4533 1749 4573 ex
1774 4518 1889 4573 foro

298 4616 549 4680 affertur,
575 4632 749 4687 neque
775 4616 986 4672 discere
1009 4614 1140 4685 quid
1169 4614 1241 4669 sit
1271 4612 1323 4668 id
1370 4612 1512 4683 quod
1539 4610 1827 4681 apponitur
1873 4629 1886 4665 :

301 4708 447 4763 unde
493 4708 553 4761 fit
580 4716 637 4761 ut
676 4707 767 4777 qui
806 4707 1057 4776 ignorans
1095 4704 1392 4761 comederit
1430 4704 1710 4762 liberetur.
1741 4703 1887 4758 Talia

300 4800 448 4855 enim
478 4804 604 4853 sunt
646 4812 763 4864 qua:
793 4807 981 4850 natura
1012 4810 1122 4851 non
1146 4804 1274 4851 sunt
1301 4796 1441 4850 mala
1463 4834 1479 4860 ,
1506 4794 1603 4850 sed
1642 4809 1707 4851 ex
1736 4794 1881 4864 cogi-

303 4890 507 4945 tatione
549 4886 675 4959 quid
727 4884 1061 4941 immundum
1106 4885 1323 4941 faciunt.
1377 4886 1667 4956 Propterea
1718 4884 1885 4952 dicit,

305 4977 458 5033 Nihil
482 4980 869 5047 interrogantes.
899 4975 986 5029 26.
1018 4973 1150 5028 Nam
1182 4973 1391 5029 Domini
1410 4985 1482 5030 est
1505 4985 1639 5029 terra
1656 4985 1705 5029 et
1727 4976 1888 5045 pleni-

299 5070 425 5125 tudo
445 5073 575 5140 ejus,
595 5086 699 5127 non
720 5069 1127 5126 daamoniorum.
1149 5064 1303 5133 Quod
1322 5065 1369 5119 si
1399 5075 1563 5129 terra,
1583 5064 1807 5128 fructus,
1832 5074 1889 5119 et

302 5162 458 5214 bruta
486 5163 605 5231 ejus
635 5166 839 5230 omnia,
869 5162 1001 5217 nihil
1037 5161 1232 5217 habent
1258 5156 1592 5213 immundum
1618 5172 1633 5211 :
1655 5155 1749 5210 sed
1779 5157 1884 5211 alio

295 5251 465 5309 modo
496 5252 828 5310 immundum
854 5254 1083 5311 efficitur
1118 5268 1183 5309 ex
1208 5249 1534 5321 cogitatione
1563 5255 1619 5305 et
1653 5263 1721 5305 ex
1771 5250 1886 5303 ino-

299 5342 573 5401 bedientia
606 5359 621 5398 :
646 5341 771 5399 ideo
790 5360 899 5401 non
923 5346 1083 5403 modo
1102 5342 1359 5416 permisit,
1387 5340 1482 5398 sed
1499 5339 1685 5406 etiam,
1709 5340 1798 5394 9.7.
1824 5339 1886 5395 Si

297 5435 445 5507 quis,
473 5434 684 5506 inquit,
716 5448 803 5488 vos
831 5446 973 5490 vocat
992 5437 1275 5507 inﬁdelium
1294 5475 1310 5501 ,
1340 5443 1389 5489 et
1410 5432 1559 5488 vultis
1584 5431 1661 5487 ire
1681 5471 1697 5499 ,
1737 5446 1886 5486 omne

296 5529 439 5598 quod
474 5526 611 5583 vobis
660 5527 939 5596 apponitur
977 5532 1314 5599 manducata,
1350 5525 1480 5584 nihil
1521 5531 1885 5597 interrogantes

333 5722 341 5728 η
366 5661 382 5728 f
418 5658 620 5710 savitius
641 5656 907 5728 legendum
928 5665 1093 5728 putat,
1116 5657 1168 5709 in
1189 5658 1379 5728 templis
1408 5656 1671 5720 idolomnt,
1699 5664 1751 5709 ct
1773 5658 1881 5710 haec

300 5720 497 5777 videtur
521 5735 635 5774 vera
656 5718 825 5776 lustio.
849 5718 945 5771 sed
958 5718 1222 5778 reclamant
1243 5718 1370 5777 Editi
1396 5729 1447 5774 et
1472 5729 1578 5773 ttae.

1995 2784 2200 2843 propter
2258 2780 2632 2837 conscientiam.
2687 2783 2817 2841 Vide
2868 2801 3055 2843 rursus
3106 2786 3575 2845 moderationem:

1995 2882 2166 2935 neque
2195 2869 2335 2921 enim
2355 2873 2513 2938 jussit
2542 2877 2623 2928 vel
2657 2879 2910 2947 przt‘cepit
2939 2880 3107 2947 abire,
3135 2882 3229 2935 sed
3259 2896 3433 2950 neque
3455 2896 3577 2951 pro-

1998 2956 2165 3012 liibuil
2198 2976 2211 3010 :
2248 2963 2598 3019 abscedentes
2622 2983 2808 3021 rursus
2839 2970 2906 3023 ab
2932 2966 3077 3025 oinni
3105 2972 3410 3041 suspicione
3438 2974 3575 3027 libe-

1995 3062 2095 3104 rat.
2128 3053 2344 3119 Quare?
2368 3055 2446 3110 Ne
2475 3058 2745 3114 videretur
2772 3076 2800 3113 a
2831 3072 2973 3117 metu
3004 3073 3095 3117 aut
3126 3065 3409 3120 formidine
3456 3082 3576 3121 esse

1996 3154 2136 3197 tanta
2155 3149 2443 3203 accuratio.
2469 3150 2595 3202 Nam
2612 3154 2699 3220 qui
2719 3156 2927 3208 curiose
2946 3156 3185 3226 inquirit,
3209 3156 3359 3227 quasi
3383 3158 3577 3212 timens

1996 3233 2097 3288 hoc
2139 3234 2311 3289 facit:
2361 3240 2449 3307 qui
2492 3249 2667 3295 autem
2720 3253 3000 3313 postquam
3047 3247 3250 3301 audivit
3301 3247 3576 3313 abstinet,

1995 3327 2144 3394 quasi
2171 3326 2471 3397 despiciens
2502 3341 2556 3385 et
2582 3333 2707 3387 odio
2747 3335 2949 3390 babens
2993 3346 3050 3392 et
3090 3352 3375 3405 aversaris,
3411 3339 3577 3393 absti-

1996 3427 2107 3473 net.
2140 3419 2261 3475 ldeo
2302 3422 2496 3478 Paulus
2526 3435 2811 3495 utrumque
2836 3428 3157 3484 confirmare
3185 3429 3369 3483 volens
3390 3471 3405 3495 ,
3434 3432 3509 3483 ait
3552 3446 3567 3481 :

1999 3508 2161 3562 Omne
2187 3513 2321 3579 quod
2368 3512 2501 3569 vobis
2541 3517 2815 3585 apponitur
2860 3518 3182 3573 manducate.
3226 3520 3319 3575 28.
3368 3518 3427 3574 Si
3460 3521 3575 3589 quis

1995 3610 2160 3653 autem
2188 3603 2321 3657 vobis
2352 3605 2535 3657 dixerit
2560 3645 2573 3670 ,
2631 3605 2740 3660 Hoc
2765 3610 3079 3662 immolatum
3109 3619 3180 3664 est
3207 3610 3357 3665 idolis
3378 3653 3392 3676 ,
3425 3611 3579 3664 nolite

1995 3695 2304 3748 manducare
2331 3708 2537 3767 prapter
2578 3699 2724 3753 illum
2766 3701 2850 3771 qui
2894 3701 3157 3756 indicavit.
3210 3700 3395 3771 Neque
3433 3702 3577 3756 enim

1997 3792 2263 3851 tamquam
2291 3800 2319 3837 a
2364 3787 2471 3839 vim
2510 3787 2740 3857 aliquam
2768 3788 3087 3844 habentibus
3113 3832 3129 3855 ,
3174 3791 3272 3845 sed
3304 3800 3571 3861 tamquam

1994 3872 2063 3927 ab
2109 3878 2456 3931 exsecrandis
2481 3878 2634 3947 jubet
2681 3879 2974 3935 abstinere.
3001 3880 3185 3950 Neque
3209 3881 3368 3952 igitur
3396 3882 3465 3935 ab
3508 3881 3573 3935 iis

1995 3976 2052 4021 ut
2098 3984 2215 4038 qua:
2267 3984 2462 4025 nocere
2512 3972 2716 4040 possint
2756 3972 2951 4043 fugite;
2993 3974 3193 4027 nullam
3238 3975 3435 4043 quippe
3464 3977 3569 4027 vim

1998 4060 2227 4128 habent;
2262 4079 2435 4133 neque
2459 4065 2581 4135 quia
2609 4065 2807 4119 nullam
2836 4066 2941 4119 vim
2980 4065 3217 4131 habent,
3250 4067 3572 4121 indiscrimi-

1995 4154 2161 4209 natim
2192 4156 2495 4225 percipiatis
2528 4174 2541 4209 :
2573 4156 2807 4211 hostium
2853 4158 2996 4212 enim
3036 4166 3090 4212 et
3136 4158 3574 4213 inhonoratorum

1993 4262 2176 4302 mensa
2198 4257 2298 4302 est.
2324 4247 2446 4302 ideo
2472 4247 2703 4310 dicebat,
2720 4248 2893 4303 Nolite
2920 4247 3179 4302 cibnedere
3203 4258 3408 4319 prapter
3426 4248 3573 4303 illum

1992 4343 2079 4410 qui
2107 4340 2368 4407 indicavit,
2397 4350 2441 4394 et
2469 4351 2675 4411 propter
2696 4342 3074 4395 conscientiam.
3108 4340 3315 4395 Domini
3336 4341 3469 4394 enim
3497 4350 3572 4394 est

1994 4440 2126 4485 terra
2158 4440 2205 4484 et
2252 4430 2511 4500 plenitudo
2542 4431 2671 4500 ejus.
2717 4430 2903 4485 Viden'
2933 4429 3203 4501 quomodo
3231 4439 3282 4485 et
3312 4445 3433 4484 cum
3483 4445 3575 4484 co-

1992 4523 2210 4580 medere
2231 4523 2418 4593 jubet,
2449 4531 2505 4576 et
2532 4538 2651 4577 cum
2682 4522 2956 4577 abstinere
2980 4562 2995 4587 ,
3024 4522 3165 4577 idem
3188 4520 3572 4577 testimonium

1993 4614 2047 4669 in
2087 4613 2319 4670 medium
2373 4613 2647 4668 adducat?
2690 4612 2874 4684 Neque
2918 4614 3059 4668 enim
3112 4612 3230 4668 ideo
3270 4612 3532 4683 prohibeo
3558 4654 3572 4675 .

1993 4703 2196 4774 inquit,
2225 4704 2376 4775 quasi
2404 4704 2578 4759 aliena
2609 4704 2751 4770 sint;
2776 4719 2897 4759 nam
2928 4703 3135 4758 Domini
3158 4712 3240 4759 cst
3266 4713 3446 4767 terra;
3480 4704 3575 4758 sed

1997 4787 2214 4865 piopter
2244 4793 2295 4848 id
2322 4793 2464 4863 quod
2494 4793 2772 4859 dicebam,
2808 4804 3028 4864 propter
3066 4794 3484 4858 conscientiam;
3522 4794 3572 4847 id

1994 4895 2076 4941 est
2093 4925 2109 4953 ,
2135 4901 2202 4941 nc
2227 4884 2457 4940 laedaris.
2480 4885 2703 4955 Oportet
2718 4900 2846 4955 ergo
2865 4885 3078 4941 curiose
3106 4885 3376 4954 inquirere
3391 4884 3415 4938 ἲ
3430 4883 3569 4946 Non,

1996 4979 2165 5048 inquit
2191 4994 2205 5030 :
2236 4993 2407 5047 neque
2432 4978 2576 5032 enim
2605 4986 2747 5031 tuam
2778 4976 2887 5031 dixi
2913 4975 3297 5030 conscientiam
3322 5013 3338 5037 ,
3364 4973 3460 5027 sed
3504 4975 3571 5029 il-

1993 5066 2116 5121 lius.
2141 5066 2296 5119 Prius
2320 5067 2461 5119 enim
2507 5065 2646 5129 dixi,
2684 5063 2903 5131 Propter
2929 5064 3076 5115 illum
3099 5061 3186 5131 qui
3213 5061 3493 5127 indicavit;
3517 5072 3571 5120 et

1992 5170 2178 5212 rursus
2208 5174 2222 5208 :
2252 5156 2339 5211 Q9.
2374 5154 2742 5211 Conscientiam
2770 5155 2885 5209 dico
2904 5171 3006 5209 non
3035 5164 3197 5220 tuam,
3223 5155 3313 5211 sed
3337 5157 3569 5214 alterius.

1992 5246 2100 5303 Sed
2130 5246 2266 5302 forte
2289 5246 2485 5301 dixerit
2507 5246 2769 5318 quispiam
2796 5262 2811 5301 :
2843 5246 3121 5302 Fratribus
3145 5249 3339 5304 merito
3363 5251 3569 5320 parcis,

1991 5347 2048 5397 et
2097 5354 2204 5395 non
2249 5338 2382 5395 sinis
2429 5354 2528 5395 nos
2574 5350 2792 5411 gustare
2831 5348 3051 5412 prapter
3080 5340 3237 5406 illos;
3267 5356 3337 5397 ne
3380 5356 3569 5397 eorum

1990 5431 2318 5487 conscientia
2342 5446 2462 5486 cum
2491 5431 2561 5486 sit
2583 5431 2795 5487 infirma
2815 5473 2831 5498 ,
2862 5433 3147 5487 inducatur
3174 5432 3239 5487 ad
3279 5432 3570 5488 comeden-

1991 5525 2118 5584 dum
2146 5541 2209 5582 ea
2234 5566 2249 5591 ,
2280 5541 2400 5597 qua:
2421 5524 2583 5580 idolis
2603 5534 2729 5582 sunt
2756 5525 3025 5581 immolata
3075 5542 3088 5578 :
3121 5524 3164 5578 si
3198 5538 3328 5579 vero
3353 5526 3568 5595 gentilis

1990 5619 2252 5691 quispiam
2278 5617 2472 5683 fuerit,
2502 5616 2627 5687 quid
2661 5616 2753 5671 tibi
2782 5632 2927 5671 cura:
2955 5616 3074 5671 est?
3104 5629 3279 5670 nonne
3320 5624 3376 5671 tu
3414 5616 3565 5673 dicc-

1992 5709 2086 5768 bas
2110 5750 2125 5776 ,
2158 5708 2294 5781 Quid
2336 5708 2468 5763 enim
2513 5707 2635 5762 mihi
2662 5707 2724 5763 de
2770 5708 2831 5763 iis
2871 5706 2957 5779 qui
2983 5705 3115 5778 [oris
3156 5716 3272 5761 sunt
3316 5698 3567 5771 judicare
