4022 6214
537 294 640 348 20')

537 404 797 459 ἀπόλλυσι
829 403 954 462 τοὺς
982 404 1267 472 μετιόντας
1295 408 1506 477 καὶτῆς
1530 408 1799 479 σωτηρίας
1828 406 2113 459 ἐκπίπτειν

536 487 697 538 ποιεῖ·
734 484 847 537 ἀλλ’
870 486 1016 555 ὅμως
1045 487 1311 558 ὑπέμεινα
1338 490 1431 542 καὶ
1451 490 1622 543 ταῦτα
1651 490 1739 543 διά
1766 491 1825 542 τὸ
1848 489 1904 552 ἐξ
1929 488 2106 541 αὐτῶν

538 568 745 638 κέρδος.
788 568 1054 623 Ἐνταῦθα
1092 571 1145 623 δὲ
1175 571 1325 624 οὐδὲν
1354 572 1611 626 τοιοῦτον.
1658 574 1803 625 Ἐκεῖ
1846 574 1942 643 μὲν
1978 572 2107 639 γάρ,

538 650 601 703 iv
633 650 705 719 μὴ
732 654 907 721 προσῇ
935 653 968 722 ή
1003 651 1243 720 ὠφέλεια
1278 656 1373 707 καὶ
1401 655 1462 708 τὸ
1497 656 1565 707 δι’
1593 654 1810 725 ἐτέρους
1838 654 2108 722 γενέσθαι,

538 733 655 785 τότε
684 732 878 801 βλάϐος
902 734 961 786 τὸ
994 737 1225 806 πρᾶγμα
1250 738 1479 804 γίνεται·
1512 738 1742 791 ἐνταῦθα
1770 738 1846 801 δὲ,
1874 737 1975 789 κᾶν
2011 753 2112 805 μη-

538 816 643 878 δεὶς
673 817 702 867 6
733 815 1214 888 σκανδαλιζόμενος
1247 816 1301 891 ᾖ,
1344 821 1438 873 καὶ
1475 821 1647 882 οὕτως
1680 819 1973 889 ἀπέχεσθαι
2002 817 2112 869 τῶν

537 898 926 968 κεκωλυμένων
961 902 1087 969 χρή.
1137 902 1211 953 Ού
1246 902 1404 971 μόνον
1452 902 1508 955 δὲ
1561 902 1816 972 βλαϐερά,
1855 900 2112 955 ἀλλὰκαὶ

537 982 766 1037 ἐπίπονα
821 983 1108 1053 ὑπέμεινα.
1146 985 1372 1051 Ἀλλας
1422 986 1528 1055 γάρ
1573 986 1931 1054 Ἐκκλησίας
1968 984 2113 1038 ἐσύ-

537 1070 721 1129 λησα,
759 1066 914 1133 φησὶ,
944 1067 1145 1119 λαϐὼν
1182 1067 1463 1134 ὀψώνιον,
1506 1069 1599 1121 καὶ
1638 1069 1755 1133 ἐξὸν
1794 1068 1994 1121 ἐσθίειν
2020 1065 2114 1118 καὶ

539 1147 613 1217 μὴ
636 1147 980 1214 ἐργάζεσθαι.
1009 1149 1108 1201 οὕκ
1132 1149 1370 1220 ἐζήτησα
1390 1151 1566 1214 τοῦτο,
1585 1151 1696 1203 ἀλλ’
1724 1151 1943 1219 εἱλόμην
1971 1146 2114 1217 λιμῷ

536 1230 897 1299 διαφθαρῆναι
919 1232 1137 1299 μᾶλλον,
1171 1232 1203 1301 ἢ
1230 1234 1575 1286 σκανδαλίσαι
1605 1236 1809 1303 ἕτερον.
1842 1232 1939 1284 Διά
1958 1229 2114 1284 τοῦτό

537 1328 689 1380 φησι,
734 1312 933 1366 Πάντα
964 1313 1153 1367 πᾶσιν
1174 1315 1426 1381 ἀρέσκω.
1466 1318 1565 1368 Ἀν
1590 1333 1647 1368 τε
1677 1316 2011 1383 παράνομον,
2050 1314 2115 1366 ἄν

535 1412 592 1446 τε
628 1396 881 1449 ἐπίπονον
921 1400 1010 1451 καὶ
1049 1400 1388 1453 ἐπικίνδυνον
1413 1400 1507 1471 δέῃ
1541 1399 1784 1469 ποιῆσαι,
1831 1399 2006 1451 πάντα
2036 1398 2115 1458 είς

534 1477 595 1528 τὸ
624 1479 824 1548 ἐτέρων
858 1481 1130 1549 συμφέρον
1154 1482 1433 1551 ὑπομένω.
1454 1478 1676 1534 Πάντων
1695 1481 1823 1549 γοῦν
1845 1480 2113 1549 ἀνώτερος

532 1558 610 1611 ὢν
638 1563 776 1614 κατὰ
810 1562 909 1631 τὴν
949 1562 1255 1633 ἀκρίϐειαν,
1299 1564 1515 1617 πάντων
1570 1564 1878 1633 κατώτερος
1922 1563 2112 1632 γέγονε

536 1642 677 1694 κατά
707 1644 805 1711 τὴν
834 1644 1258 1709 συγκατάϐασιν.
1684 1684 1691 1688 »

606 1725 713 1776 Kal
739 1726 845 1795 γάρ
883 1727 1033 1779 οὐδὲν
1063 1728 1391 1798 κατόρθωμα
1438 1731 1641 1801 σφόδρα
1688 1731 1830 1801 μέγα
1852 1725 1987 1783 εἰναι
2018 1730 2111 1783 δύ-

534 1808 669 1859 ναιτ’
702 1807 788 1871 ἂν,
819 1810 945 1862 ὅταν
983 1810 1056 1879 μὴ
1086 1811 1145 1863 τὸ
1178 1813 1363 1882 κέρδος
1390 1816 1482 1867 καὶ
1512 1818 1590 1876 εἰς
1622 1815 1840 1885 ἐτέρους
1874 1814 2107 1882 διαδιδῴ-

534 1891 627 1941 καί
651 1889 798 1959 δηλοῖ
825 1893 851 1943 6
881 1892 941 1943 τὸ
968 1892 1225 1946 τάλαντον
1248 1895 1398 1963 ύγιές
1424 1900 1829 1965 προσενεγκὼν,
1857 1897 1952 1949 καὶ
1974 1895 2114 1965 διχοο

531 1972 787 2042 τομηθείς
818 1973 1002 2043 ἐπειδὴ
1026 1976 1155 2028 αὐτὸ
1196 1976 1293 2030 οὐκ
1336 1977 1646 2031 ἐπλεόνασε.
1674 1980 1785 2031 Kal
1820 1980 1882 2031 σὺ
1912 1978 2110 2041 τοίνυν,

531 2055 748 2122 ἀδελφὲ,
790 2055 893 2107 κᾶν
924 2056 1105 2120 ἄσιτος
1138 2060 1323 2131 μένῃς,
1364 2060 1469 2113 κᾶν
1491 2060 1663 2130 χαμαὶ
1698 2061 1977 2132 καθεύδῃς,
2014 2060 2114 2112 κᾶν

533 2138 739 2207 τέφραν
772 2138 977 2208 ἐσθίῃς,
1027 2141 1127 2193 κᾶν
1180 2141 1379 2211 θρηνῇς
1422 2143 1730 2205 διαπαντὸς,
1767 2145 1858 2196 καὶ
1911 2144 2111 2213 μηδένα

531 2219 717 2286 ἓτερον
738 2220 972 2291 ὼφελῇς.
996 2223 1151 2276 οὐδὲν
1188 2225 1327 2294 μέγα
1351 2226 1580 2296 ἐργάσῃ.
1611 2227 1722 2278 Kal
1752 2228 1857 2297 γάρ
1880 2226 1970 2279 καὶ
2001 2229 2112 2288 τοῖς

532 2303 591 2353 ἐν
637 2304 777 2373 ἀρχῇ
839 2306 1094 2374 μεγάλοις
1149 2308 1245 2361 καὶ
1296 2308 1566 2375 γενναίοις
1620 2310 1845 2373 ἐκείνοις
1885 2309 2110 2377 ἀνδράσι

532 2383 690 2437 τοῦτο
744 2386 978 2454 μάλιστα
1021 2389 1485 2459 περισπούδαστον
1527 2386 1621 2461 ἦν’
1654 2391 1903 2455 ἐξέτασον
1932 2392 2111 2444 αὐτῶν

532 2468 672 2535 μετά
705 2469 989 2539 ἀκριϐείας
1025 2472 1114 2523 τὸν
1149 2473 1282 2540 βίον.
1312 2474 1404 2526 καὶ
1439 2475 1556 2541 ὕψει
1589 2475 1793 2543 σαφῶς,
1827 2476 1909 2528 ὃτι
1937 2475 2110 2535 οὐδεὶς

532 2552 715 2603 αὐτῶν
734 2552 800 2605 τὰ
823 2553 1015 2606 ἐαυτοῦ
1034 2570 1164 2606 ποτε
1190 2558 1214 2607 ἐ
1227 2555 1513 2627 σκόπησεν,
1533 2557 1669 2610 ἀλλά
1684 2558 1753 2609 τά
1769 2557 1868 2621 τοῦ
1884 2556 2112 2625 πλησίον

531 2635 781 2697 ἕκαστος*
804 2637 926 2690 ὅθεν
962 2639 1055 2689 καὶ
1093 2638 1336 2707 ἔλαμψαν
1373 2641 1591 2709 μᾶλλον.
1620 2640 1729 2691 Kal
1767 2638 1873 2708 γάρ
1903 2638 1996 2690 καὶ
2034 2638 2112 2707 τῷ

532 2718 737 2788 Μωῦσῇ
775 2719 942 2773 πολλά
966 2720 1053 2773 καὶ
1087 2721 1299 2790 μεγάλα
1328 2722 1589 2791 εἰργάσθη
1615 2722 1869 2791 θαύματα
1897 2722 1991 2774 καὶ
2018 2737 2113 2791 ση-

534 2802 682 2867 μεῖα*
715 2802 827 2853 ἀλλ’
858 2802 1008 2853 οὐδὲν
1040 2804 1202 2854 αὑτὸν
1245 2802 1386 2855 οὕτω
1434 2804 1609 2871 μέγαν
1652 2806 1928 2873 ἐποίησεν,
1959 2804 2034 2868 ὡς
2077 2807 2109 2874 ἡ

535 2882 781 2952 μακαρία
823 2884 1004 2952 ἐκείνη
1054 2886 1223 2955 φωνὴ,
1252 2885 1320 2954 ἣν
1346 2886 1479 2956 πρὸς
1513 2887 1603 2939 τὸν
1629 2887 1759 2939 Θεὸν
1789 2887 1993 2957 ἀφῆκε,
2020 2885 2110 2940 λέ-

534 2980 663 3030 γων·
698 2968 767 3018 El
796 2966 911 3035 μὲν
936 2965 1096 3034 ἀφῇς
1128 2967 1333 3034 αὑτοῖς
1364 2968 1478 3034 τὴν
1517 2970 1829 3037 ἁμαρτίαν,
1857 2970 2026 3036 ἄφες·-
2058 2972 2111 3021 εί

531 3047 602 3098 δὲ
628 3048 735 3115 μὴ,
770 3049 921 3117 κάμὲ
966 3049 1314 3119 ἐξάλειψον.
1349 3050 1597 3114 Τοιοῦτος
1636 3051 1787 3122 [224]
1823 3048 1890 3121 ἦν
1944 3052 2039 3104 καὶ
2083 3054 2111 3106 6

534 3131 730 3183 Δαυῖδ·
795 3131 878 3184 διὸ
924 3132 1017 3185 καί
1054 3133 1258 3199 ἔλεγεν,
1300 3132 1446 3203 Ἐγὼ
1492 3137 1525 3187 ὀ
1567 3133 1793 3203 ποιμὴν
1821 3134 2105 3204 ἥμαρτον,

534 3214 633 3266 καί
663 3213 777 3281 ἐγὼ
804 3214 1232 3281 ἐκακοποίησα,
1282 3216 1380 3269 καὶ
1421 3212 1587 3271 οὗτοι
1630 3218 1696 3270 τὸ
1736 3219 2021 3287 ποίμνιον
2052 3220 2111 3273 τί

533 3299 829 3364 ἐποίησαν
848 3314 866 3360 ;
892 3297 1168 3373 Γενέσᾷω
1214 3302 1251 3367 ἡ
1290 3300 1418 3367 χείρ
1446 3316 1561 3353 σου
1590 3302 1683 3352 ἐπ’
1721 3301 1846 3370 ἐμὲ,
1876 3301 1974 3355 καί
2011 3302 2111 3355 ἐπι

534 3382 642 3434 τὸν
658 3376 825 3434 οἷκον
841 3382 947 3436 τοῦ
973 3384 1195 3451 πατρός
1216 3402 1354 3450 μου.
1380 3382 1535 3436 Οὕτω
1564 3385 1657 3437 καὶ
1678 3387 1706 3437 6
1735 3385 1982 3456 Ἀϐραὰμ
2009 3387 2109 3439 ούκ

533 3462 717 3532 ἐζήτει
746 3464 804 3516 τὸ
831 3464 1021 3517 ἐαυτοῦ
1052 3466 1349 3535 συμφέρον,
1382 3466 1515 3520 ἀλλά
1536 3467 1596 3519 τὸ
1621 3468 1728 3520 τῶν
1758 3469 1987 3523 πολλῶν.
2019 3470 2109 3522 Διὸ

535 3548 628 3598 καὶ
660 3546 919 3608 κινδύνοις
942 3549 1132 3600 ἐαυτὸν
1163 3548 1415 3615 ἐξεδίδου,
1445 3550 1540 3601 καί
1564 3550 1653 3602 τὸν
1680 3550 1813 3603 Θεὸν
1841 3552 1980 3623 ὑπὲρ
2002 3552 2108 3605 τῶν

534 3627 684 3681 οὐδὲν
713 3628 859 3697 αὐτῷ
889 3630 1272 3699 προσηκόντων
1312 3632 1630 3701 παρεκάλει.
1673 3635 1783 3685 Kal
1812 3628 1957 3687 οὗτοι
2008 3636 2107 3705 μὲν

533 3710 706 3774 οὕτως
734 3711 1003 3782 ἔλαμψανο
1036 3714 1084 3765 οἰ
1125 3712 1180 3765 δὲ
1206 3713 1274 3765 τὰ
1305 3714 1513 3767 ἑαυτῶν
1545 3714 1871 3786 ζητήσαντες
1917 3717 2106 3770 σκόπει

469 3813 471 3815 ί
535 3797 654 3858 πῶς
706 3796 801 3849 καὶ
835 3797 1161 3867 ἐϐλάϐησαν.
1205 3797 1260 3851 '0
1308 3798 1438 3867 γοῦν
1485 3800 1797 3869 ἀδελφιδοῦς
1842 3798 2103 3867 ὁτούτὸυ,

532 3881 720 3951 ἐπειδὴ
745 3882 994 3952 ἤκουσεν,
1022 3885 1091 3937 Εἰ
1118 3882 1199 3936 σὺ
1220 3886 1305 3949 εἰς
1327 3884 1513 3949 δεξιὰ,
1543 3883 1655 3951 ἐγὼ
1676 3884 1744 3936 δὲ
1764 3886 1852 3950 είς
1875 3886 2107 3953 ἀριστε-

525 3965 628 4034 ρὰ,
659 3964 751 4018 καὶ
776 3964 873 4035 τὴν
903 3966 1112 4036 αἵρεσιν
1134 3966 1337 4029 λαϐὼν,
1366 3967 1427 4019 τὸ
1455 3967 1647 4020 ἐαυτοῦ
1680 3970 1955 4037 συμφέρον
1981 3968 2107 4039 ἐζή-

532 4066 717 4116 τησεν,
745 4049 866 4102 οὕδέ
894 4049 954 4101 τὸ
982 4050 1176 4102 ἐαυτοῦ
1211 4043 1386 4119 εὕρενο
1410 4050 1523 4102 ἀλλ’
1552 4050 1690 4122 αὕτη
1733 4053 1831 4121 μὲν
1856 4050 2108 4121 ἐνεπυρί-

533 4130 657 4194 ζετο
696 4132 729 4201 ή
764 4130 937 4200 χώρα,
967 4132 1147 4201 ἐκείνη
1178 4131 1231 4183 δὲ
1266 4132 1457 4202 ἔμενεν
1495 4133 1789 4199 ἀνέπαφος.
1824 4134 1881 4187 ὐ
1924 4136 2108 4198 Ἰωνᾶς

534 4213 695 4267 πάλιν
732 4214 1066 4284 ούιζητήσας
1099 4214 1160 4266 τὸ
1183 4214 1291 4267 τῶν
1324 4214 1530 4270 πολλῶν
1560 4217 1861 4287 συμφέρον,
1882 4216 2019 4270 ἀλλά
2046 4217 2109 4271 τὸ

531 4295 750 4359 ἐαυτοῦ,
788 4298 879 4349 καί
907 4296 1201 4358 ἀπολέσθαι
1225 4297 1582 4353 ἐκινδύνευσε·
1622 4301 1716 4353 καὶ
1742 4303 1774 4369 ή
1821 4301 1919 4370 μὲν
1953 4301 2109 4365 πόλις

535 4382 798 4448 εἱστήκει,
828 4381 988 4444 αὐτὸς
1013 4381 1069 4435 δὲ
1101 4381 1386 4436 ἐσαλεύετο
1418 4383 1513 4435 καὶ
1538 4383 1922 4456 ἐκλυδωνίζετο
1952 4398 1977 4426 ι
2012 4389 2108 4439 καὶ

537 4463 971 4524 κατεποντίζετο.
1023 4459 1250 4516 Ὀτεδέ
1300 4463 1362 4515 τὸ
1404 4465 1509 4517 τῶν
1573 4466 1783 4519 πολλῶν
1831 4469 2108 4537 συμφέρον

536 4544 790 4615 ἐζήτησε,
820 4543 940 4596 τότε
975 4544 1067 4596 καί
1100 4545 1162 4595 τὸ
1191 4544 1384 4598 ἐαυτοῦ
1418 4538 1597 4615 εὕρεν.
1630 4546 1786 4601 Οὕτω
1813 4548 1907 4601 καὶ
1934 4550 1964 4601 ό
2001 4551 2107 4601 Ἰα-

537 4628 651 4681 κὼϐ
694 4627 786 4680 ἐπὶ
818 4626 927 4680 τῶν
962 4625 1226 4695 ποιμνίων
1265 4625 1339 4696 μὴ
1376 4628 1618 4700 ζητήσας
1659 4629 1718 4683 τὸ
1744 4631 1942 4684 οίκεῖον
1977 4629 2107 4702 κέρ-

535 4709 643 4773 δος,
670 4709 770 4778 τῆς
798 4709 998 4777 πολλῆς
1020 4709 1278 4779 εὐπορίας
1306 4710 1607 4781 ἀπήλαυσε.
1632 4712 1744 4766 Kal
1774 4714 1804 4766 6
1836 4712 2030 4784 Ἰωσὴφ
2050 4714 2108 4767 δὲ

535 4794 597 4845 τὸ
633 4791 742 4844 τῶν
773 4791 1014 4858 ἀδελφῶν
1054 4792 1330 4860 συμφέρον
1368 4793 1628 4865 ζητήσας,
1656 4790 1782 4866 εὗρε
1806 4796 1867 4850 τὸ
1894 4796 2105 4851 ἐαυτοῦ.

537 4873 895 4945 Πεμπόμενος
915 4873 1044 4941 γοῦν
1073 4874 1226 4944 παρά
1251 4874 1346 4927 τοῦ
1376 4877 1579 4945 πατρὸς
1608 4879 1706 4931 οὐκ
1726 4874 1870 4942 εἷπε,
1894 4880 1959 4931 Τί
1987 4879 2112 4933 τοῦ·

534 4974 629 5025 τος
667 4958 767 5011 οὑκ
795 4956 1033 5027 ἧκουσας
1062 4956 1144 5009 ὅτι
1176 4956 1315 5026 ὑπὲρ
1348 4956 1522 5025 ὅψεως
1572 4958 1668 5011 καὶ¹
1711 4960 1977 5013 ἐνυπνίων
2015 4963 2111 5016 καὶ

535 5042 833 5096 διασπάσαι
862 5058 928 5113 με
954 5040 1291 5113 ἐπεχείρουν,
1325 5042 1419 5095 καὶ
1445 5042 1741 5114 ὀνειράτων
1767 5043 1995 5108 εὐθύνας
2015 5046 2113 5098 ὐπ-

518 5127 702 5193 ἐῖχον,
731 5125 826 5179 καὶ
853 5125 949 5180 τοῦ
988 5124 1259 5194 φιλεῖσθαι
1285 5144 1353 5196 με
1384 5126 1660 5199 παράσοιῖ
1690 5127 1882 5199 δίδωμι
1912 5128 2107 5199 δίκην;

535 5206 590 5279 τί
618 5201 710 5261 οὖν
748 5209 846 5260 οὐκ
886 5208 1209 5280 ἐργάσονταί
1238 5226 1307 5281 με
1342 5210 1597 5275 λαϐόντες
1639 5214 1721 5275 εἰς
1772 5213 1969 5282 μέσση
2006 5212 2111 5265 Οὕ-

537 5289 629 5345 δέν
694 5288 899 5343 τούτων
956 5288 1136 5359 εἶπεν,
1195 5295 1296 5348 οὐκ
1344 5294 1656 5364 ἐνενόησεν,
1701 5290 1837 5349 ἀλλά
1893 5296 2112 5351 πάντων

539 5373 781 5445 προτιμᾷ
807 5373 908 5444 τήν
944 5374 1051 5428 τῶν
1081 5376 1324 5445 ἀδελφῶν
1354 5375 1668 5448 θεραπείαν.
1699 5378 1799 5432 Διά
1830 5378 1985 5433 τοῦτο
2018 5380 2111 5433 καὶ

538 5456 757 5510 πάντων
783 5457 893 5512 τῶν
923 5458 1063 5528 μετά
1098 5460 1269 5513 ταῦτα
1308 5461 1617 5515 ἀπέλαυσεν
1663 5460 1904 5529 ἀγαθῶν,
1948 5463 1983 5517 ἃ
2017 5464 2111 5516 καὶ

540 5538 746 5615 σφόδρα
787 5540 1038 5613 λαμπρὸν
1089 5543 1349 5613 ἐποίησαν
1406 5545 1501 5599 καὶ
1551 5541 1755 5611 ἔνδοξον
1804 5544 2107 5615 ἀπέφηναν.

604 5795 633 5823 ⁸
651 5792 861 5845 Durant
890 5793 1013 5855 Ιιωιτ,
1033 5792 1112 5843 καὶ
1137 5791 1484 5849 ἐκλνδωνίζετο.

1256 294 1311 348 S.
1349 293 1631 351 JOANNIS
1666 290 2149 350 CIIRYSOSTOMI
2181 292 2496 350 ARCIIIEP.
2534 295 3082 352 CONSTANTINOP.

3685 292 3792 350 210

2219 408 2373 462 Οὕτω
2440 412 2535 465 καί
2600 414 2871 480 Μωῦσῆςο
2938 410 3090 463 οὐδὲν
3150 409 3255 481 γάρ
3320 408 3515 463 κωλύει
3576 409 3672 463 καὶ
3730 412 3793 461 ἐκ

2218 490 2471 564 δευτέρου
2537 494 2698 547 πάλιν
2750 493 2914 546 αὑτοῦ
2983 492 3305 563 μνησθῆναι,
3362 492 3457 545 καὶ
3502 491 3629 544 ἰδεῖν
3676 490 3794 549 πῶς

2217 574 2286 627 τά
2331 578 2451 629 καθ’
2483 577 2672 630 ἐαυτὸν
2719 576 3001 647 παρεώρα,
3048 576 3143 628 καλ⁵
3182 574 3250 627 τά
3299 575 3407 627 τῶν
3448 574 3625 628 ἀλλων
3669 573 3793 642 ἐζή-

2218 675 2318 711 τει.
2370 654 2532 721 Οὗτος
2577 660 2684 729 γὰρ
2728 661 2785 711 ἐν
2835 657 3124 727 βασιλείοις
3184 656 3565 728 στρεφόμενος,
3606 654 3791 723 ἐπειδὴ

2224 741 2444 808 μείζονα
2477 742 2703 795 πλοῦτον
2749 744 2993 812 ἡγήσατο
3043 741 3151 793 τῶν
3192 739 3465 804 Αἰγύπτου
3506 736 3792 809 θησαυρῶν

2218 823 2309 874 τὸν
2339 824 2659 894 ὀνειδισμὸν,
2697 827 2788 878 καὶ
2818 826 2995 877 πάντα
3048 823 3157 875 ἀπὸ
3213 822 3322 875 τῶν
3372 819 3571 890 χειρῶν
3606 820 3791 890 ῥίψας.

2221 906 2493 958 ἐκοινώνει
2521 908 2628 960 τῶν
2654 907 2837 960 κακῶν
2865 909 2978 969 τοῖς
3016 904 3310 975 Ἑϐραίοις,
3335 904 3395 956 ού
3434 901 3593 973 μόνον
3636 902 3795 963 αὐτὸς

2220 989 2319 1039 οὐκ
2343 988 2633 1061 ἐδουλώθη,
2667 990 2801 1043 ἀλλά
2838 990 2932 1042 καὶ
2962 989 3201 1051 ἐκείνους
3226 987 3466 1049 δουλείας
3495 983 3793 1055 ἀπήλλαξε.

2223 1073 2451 1140 Μεγάλα
2487 1074 2586 1145 μὲν
2622 1071 2714 1128 οὖν
2744 1074 2937 1139 ταῦτα,
2990 1075 3083 1127 καὶ
3127 1072 3429 1142 ἀγγελικῆς
3472 1070 3596 1133 ἀξια
3640 1068 3795 1122 πολι-

2220 1156 2391 1217 τείας.

2290 1239 2353 1293 6'.
2378 1239 2449 1291 T6
2465 1240 2519 1292 δὲ
2544 1239 2636 1292 τοῦ
2655 1240 2866 1293 Παύλου
2899 1239 3099 1308 πολλὴν
3127 1237 3239 1307 ἔχει
3266 1238 3365 1306 τὴν
3381 1235 3709 1307 ὑπερϐολήν.
3732 1234 3795 1285 Οί

2225 1322 2321 1390 μὲν
2356 1322 2462 1390 γὰρ
2496 1321 2644 1373 ἄλλοι
2681 1323 2878 1385 πάντες
2902 1322 2969 1373 τά
3000 1321 3179 1374 αὐτῶν
3204 1322 3430 1389 ἀφέντες
3453 1318 3653 1385 ἀγαθά,
3682 1320 3797 1379 τοῖς

2222 1403 2328 1455 τῶν
2377 1404 2601 1473 πλησίον
2636 1404 2837 1457 εἵλοντο
2872 1406 3147 1458 κοινωνεῖν
3183 1405 3371 1462 κακοῖς
3394 1418 3408 1433 ³
3439 1402 3467 1453 6
3500 1401 3555 1453 δέ
3588 1399 3798 1460 Παῦλος

2224 1485 2399 1554 πολλῷ
2430 1486 2610 1555 μεῖζιον
2642 1487 2913 1557 ἐποίησεν.
2950 1487 3022 1539 Ού
3048 1486 3155 1554 γάρ
3187 1488 3307 1547 ταῖς
3335 1484 3537 1552 ἐτέρων
3565 1481 3801 1551 ἠθέλησε

2222 1570 2547 1639 κοινωνῆσαι
2578 1573 2900 1640 συμφοραῖς,
2933 1570 3046 1623 ἀλλ’
3074 1570 3243 1621 εἵλετο
3270 1569 3429 1631 αὐτὸς
3451 1562 3590 1620 εἶναι
3608 1568 3665 1619 ἐν
3685 1568 3800 1627 τοῖς

2222 1656 2487 1723 ἐσχάτοις,
2517 1655 2601 1707 ἵνα
2630 1656 2805 1725 ἐτεροι
2844 1656 3097 1721 γίνωνται
3146 1656 3201 1705 ἐν
3250 1652 3492 1719 ἀγαθοῖς.
3525 1650 3640 1703 Οὐκ
3683 1648 3802 1700 ἐστι

2221 1739 2275 1789 δέ
2331 1739 2441 1790 ίσον
2471 1739 2600 1791 ὅντα
2636 1740 2693 1790 ἐν
2725 1741 2901 1808 τρυφῇ
2938 1738 3089 1805 ῥῖψαι
3132 1737 3341 1805 τρυφὴν
3374 1736 3467 1787 καὶ
3512 1733 3802 1808 κακουχεῖ-

2224 1818 2367 1880 σθαι,
2382 1820 2543 1872 αὑτὸν
2562 1821 2720 1888 μόνον
2741 1819 3007 1888 κακουχού
3018 1835 3174 1886 μενον
3192 1818 3406 1885 ἐτέρους
3426 1814 3644 1882 ποιῆσαι
3658 1807 3802 1863 εἶναι

2223 1904 2279 1953 ἐν
2305 1904 2455 1973 ἀδείᾳ
2502 1904 2594 1955 καὶ
2620 1906 2773 1973 τιμῇ.
2810 1901 3073 1954 Ἐνταῦθα
3110 1902 3206 1970 μὲν
3232 1899 3338 1967 γὰρ
3367 1901 3413 1949 εἰ
3443 1899 3536 1949 ml
3568 1897 3714 1966 μέγα
3741 1896 3803 1947 τὸ

2222 1984 2548 2047 ἀλλάξασθαι
2588 1985 2654 2037 τὰ
2696 1985 2839 2037 κακὰ
2888 1985 2994 2037 τῶν
3038 1982 3257 2051 ἀγαθῶν
3302 1980 3388 2033 διὰ
3426 1980 3516 2031 τὸν
3551 1978 3801 2047 πλησίον,

2221 2068 2333 2121 ἀλλ’
2364 2070 2511 2138 ὅμως
2548 2069 2702 2139 φέρει
2722 2068 2843 2121 τινὰ
2874 2067 3224 2137 παραμυθίαν
3244 2064 3303 2117 τὸ
3331 2065 3619 2123 κοινωνοὺς
3658 2060 3805 2129 ἐχειν

2220 2153 2319 2221 τῆς
2356 2152 2708 2222 δυσημερίας·
2750 2152 2809 2203 τὸ
2847 2152 2906 2203 δὲ
2939 2151 3099 2203 αὑτὸν
3134 2149 3291 2219 μόνον
3328 2148 3529 2201 ἐθέλειν
3572 2140 3713 2197 εἶναι
3742 2145 3802 2195 ἐν

2218 2239 2332 2297 τοῖς
2360 2236 2640 2305 λυπηροῖς,
2678 2237 2763 2288 ῖνα
2790 2235 2965 2305 ἕτεροι
3001 2233 3107 2284 τῶν
3145 2231 3397 2302 χρηστῶν
3425 2227 3800 2289 ἀπολαύσωσι,

2220 2317 2378 2371 τοῦτο
2422 2318 2599 2387 πολλῷ
2643 2316 3039 2386 νεανικωτέρας
3085 2315 3261 2384 ψυχῆς
3305 2314 3399 2366 καὶ
3451 2311 3544 2365 τοῦ
3584 2310 3802 2363 Παύλου

2222 2404 2585 2469 φρονήματος.
3780 2415 3793 2425 ’

2291 2484 2363 2534 Ού
2388 2485 2556 2552 ταύτῃ
2590 2482 2647 2534 δὲ
2680 2482 2858 2551 μόνον,
2883 2481 3016 2533 ἀλλά
3046 2480 3138 2534 καὶ
3167 2480 3327 2549 ἑτέρα
3350 2476 3501 2550 [225]
3526 2475 3803 2547 ὑπερϐολῇ

2225 2567 2427 2634 μείζονι
2483 2567 2609 2635 νικᾷ
2646 2566 2773 2626 τοὺς
2818 2564 3246 2633 προειρημένους
3294 2564 3555 2623 ἅπαντας.
3601 2560 3659 2612 Ὀ
3704 2560 3805 2629 μὶν

2221 2648 2328 2718 γάρ
2374 2648 2624 2721 Ἀϐραάμ
2656 2650 2749 2700 καὶ
2774 2650 2821 2699 οἰ
2848 2647 3023 2699 λοιποὶ
3054 2646 3250 2707 πάντες
3278 2643 3543 2705 κινδύνοις
3575 2642 3805 2705 ἑαυτοὺς

2224 2731 2543 2802 περιέϐαλον
2597 2734 2709 2793 τοῖς
2773 2732 2828 2783 ἐν
2876 2730 2953 2800 τῷ
3018 2730 3243 2798 παρόντι
3293 2730 3411 2798 βίῳ,
3465 2728 3559 2780 καί
3602 2727 3804 2787 πάντες

2221 2816 2557 2880 ἁπαξαπλῶς
2609 2817 2805 2868 ἐκεῖνοι
2851 2813 3037 2866 τοῦτον
3067 2813 3228 2882 ᾔτουν
3259 2812 3349 2864 τὸν
3382 2810 3632 2863 θάνατον⁸
3673 2810 3702 2861 6
3748 2807 3804 2859 δέ

2222 2899 2429 2961 Παῦλος
2479 2899 2577 2967 τῆς
2610 2898 2770 2963 δόξης
2812 2898 2913 2965 τῆς
2959 2894 3260 2964 μελλούσης
3302 2892 3502 2963 ηὕξατο
3549 2892 3806 2943 ἐκπεσεῖν

2223 2982 2361 3054 ὑπὲρ
2406 2982 2504 3049 τῆς
2535 2981 2644 3032 τῶν
2695 2979 2892 3049 ἐτέρων
2941 2976 3231 3047 σωτηρίας.
3271 2977 3417 3045 Ἔχω
3471 2974 3565 3026 καὶ
3611 2973 3806 3043 τρίτην

2221 3066 2393 3117 εἰπεῖν
2449 3062 2773 3133 ὑπερϐολήν.
2809 3060 2972 3113 Ποίαν
3021 3060 3075 3111 δὲ
3131 3059 3372 3127 ταύτην;
3407 3058 3528 3108 Ὅτι
3577 3056 3807 3107 ἐκείνων

2223 3146 2321 3219 μὲν
2362 3148 2510 3213 ἔνιοι,
2555 3149 2602 3199 εἰ
2648 3147 2742 3199 καὶ
2774 3145 2882 3198 τῶν
2916 3143 3415 3196 ἐπιϐουλευσάντων
3454 3141 3802 3211 προῖσταντο,

2219 3232 2333 3287 ἀλλ’
2360 3232 2509 3301 ὅμως
2538 3223 2612 3284 ὧν
2634 3230 2732 3299 τὴν
2758 3224 3115 3297 δημαγωγίαν
3148 3220 3286 3294 ἦσαν
3308 3221 3802 3292 ἐγκεχειρισμένα*

2219 3315 2312 3369 καὶ
2366 3314 2560 3366 ταύτὸν
2613 3311 2947 3373 συνέϐαινεν,
2980 3304 3090 3362 οἷον
3134 3308 3200 3361 ἂν
3246 3308 3298 3360 εί
3323 3324 3405 3369 τις
3442 3305 3755 3377 προΐσταιτο
3780 3314 3799 3334 ⁸

2221 3398 2336 3449 υἱοῦ
2378 3396 2580 3466 φαύλου
2614 3394 2712 3463 μέν
2742 3393 2837 3446 καὶ
2879 3392 3217 3462 παρανόμου,
3245 3389 3359 3443 υἱοῦ
3389 3389 3444 3441 δὲ
3472 3388 3643 3466 ὅμως
3672 3388 3701 3439 ό
3741 3386 3801 3438 δέ

2220 3463 2431 3541 Παῦλος
2455 3476 2593 3545 ὑπὲρ
2622 3474 2825 3527 τούτων
2850 3474 3097 3527 ἐϐούλετο
3122 3468 3260 3525 εἶναι
3290 3469 3557 3539 ἀνάθεμα,
3589 3463 3665 3521 ὧν
3698 3469 3801 3521 οὐκ

2215 3558 2283 3632 ἦν
2306 3557 2808 3631 ἐμπεπιπευμένος
2828 3557 2925 3628 τὴν
2953 3556 3304 3627 προστασίαψ
3334 3555 3414 3615 εἰς
3439 3551 3549 3621 γάρ
3572 3550 3642 3602 τά
3667 3550 3795 3619 ἐθνη

2215 3642 2283 3715 ἦν
2308 3642 2731 3711 ἀπεσταλμένος.
2765 3637 2916 3701 Εἶδες
2948 3638 3123 3708 ψυχῆς
3150 3637 3375 3706 μέγεθος
3404 3634 3495 3687 καὶ
3518 3634 3800 3704 φρονήμα-

2216 3746 2303 3790 τος
2343 3726 2476 3795 ὕψος
2509 3724 2670 3777 αὑτὸν
2709 3722 3035 3793 ὑπερϐαῖνον
3064 3720 3156 3773 τὸν
3185 3719 3444 3790 οὐρανόν,
3490 3716 3661 3769 Τοῦτο
3694 3716 3794 3785 ζή-

2216 3813 2405 3865 λωσοψ
2438 3812 2487 3861 εἰ
2514 3809 2571 3862 δὲ
2603 3808 2662 3861 οὐ
2691 3806 2938 3865 δύνασαι,
2962 3804 3067 3857 κᾶν
3089 3803 3213 3865 τοὺς
3246 3803 3303 3854 ἐν
3323 3805 3389 3871 τῇ
3420 3798 3632 3869 Παλαιᾷ
3654 3797 3797 3867 λάμ-

2215 3894 2441 3964 φαντας.
2476 3890 2632 3944 Οὕτω
2666 3888 2773 3957 γάρ
2808 3889 3061 3958 εὑρήσεις
3100 3886 3159 3939 τό
3192 3902 3272 3937 σοι
3302 3882 3599 3954 συμφέρον,
3635 3881 3703 3934 ἂν
3732 3881 3797 3935 τὸ

2215 3977 2309 4031 τοῦ
2359 3974 2586 4044 πλησίον
2626 3971 2816 4041 ζητῇς.
2854 3971 3018 4021 Ὥστε
3059 3970 3188 4022 ὅταν
3224 3968 3387 4036 ὀκνῇς
3417 3964 3797 4035 ἐπιμελεῖσθαι

2214 4059 2308 4112 τοῦ
2345 4056 2596 4124 ἀδελφοῦ,
2633 4056 2889 4123 ἐννοήσας
2914 4053 2993 4105 ὄτι
3026 4051 3146 4105 οὐδὲ
3172 4050 3347 4112 άλλως
3376 4049 3580 4121 δυνήσῃ
3613 4048 3796 4116 σωθῆ-

2216 4160 2324 4205 ναι,
2349 4140 2437 4193 διά
2466 4137 2597 4207 γοῦν
2634 4136 2826 4190 σαυτὸν
2850 4134 3058 4188 ἐκείνου
3094 4131 3359 4202 πρόστηθι
3384 4131 3477 4184 καὶ
3502 4129 3611 4183 τῶν
3645 4128 3797 4181 ἐκεί-

2214 4242 2306 4278 νου
2347 4221 2705 4294 πραγμάτων.
2752 4218 2932 4272 Ἱκανά
2976 4218 3073 4287 μὲν
3118 4217 3227 4286 γάρ
3275 4216 3370 4269 καὶ
3412 4214 3482 4268 τὰ
3525 4211 3797 4282 εἰρημένα

2217 4309 2423 4365 πεῖσαι,
2450 4307 2532 4357 ὃτι
2562 4303 2737 4365 άλλως
2779 4302 2879 4355 οὐκ
2913 4302 2990 4354 ἐνι
3022 4301 3082 4354 τὸ
3108 4302 3239 4371 ήμῖν
3279 4297 3557 4369 συμφέρον
3590 4297 3793 4367 εὑρεῖν.

2216 4391 2279 4442 Εἰ
2316 4388 2374 4440 δὲ
2405 4386 2582 4457 βούλει
2609 4387 2703 4437 καὶ
2734 4386 2800 4437 ἐκ
2822 4384 2930 4436 τῶν
2961 4385 3019 4435 ἐν
3055 4382 3313 4453 συνηθείᾳ
3340 4378 3799 4447 παραδειγμάτων

2215 4470 2374 4523 τοῦτο
2418 4469 2629 4539 μαθεῖν,
2657 4466 2909 4536 ἐννόησον
2936 4467 2985 4517 εἰ
3012 4464 3253 4534 συμϐαίη
3279 4480 3380 4516 που
3412 4460 3523 4531 πῦρ
3554 4459 3798 4529 ἁναφθῆ·

2217 4569 2305 4605 ναι
2353 4554 2410 4606 ἐν
2437 4552 2604 4622 οἰκία,
2633 4545 2752 4603 εἶτά
2801 4564 2944 4611 τινες
2992 4546 3099 4599 τῶν
3133 4546 3357 4616 πλησίον
3387 4542 3698 4604 οἰκούντων,
3738 4541 3801 4593 τὸ

2218 4634 2427 4687 ἑαυτῶν
2452 4633 2781 4693 σκοποῦντες
2813 4630 2888 4703 μὴ
2922 4630 3337 4704 παρατάξωνται
3368 4629 3481 4690 τοῖς
3513 4625 3799 4692 κινδύνοις,

2218 4714 2353 4769 ἀλλά
2382 4717 2476 4767 καὶ
2507 4714 2961 4775 κατακλείσαντες
3007 4713 3233 4773 ἑαυτοὺς
3266 4709 3403 4762 οίκοι
3434 4710 3679 4777 μείνωσι,
3710 4709 3793 4761 δε-

2218 4799 2456 4860 δοικότες
2488 4799 2563 4866 μή
2595 4814 2678 4860 τις
2706 4796 3033 4851 ἐπεισελθὼν
3082 4788 3345 4863 ὑφέληταί
3391 4808 3443 4844 τι
3487 4791 3596 4844 τῶν
3627 4791 3800 4857 ἔνδον,

2218 4884 2353 4957 ὅσην
2399 4880 2798 4947 ὕποστήσονται
2825 4878 3131 4948 τιμωρίανς
3160 4875 3269 4928 Kal
3297 4872 3405 4943 γὰρ
3454 4872 3517 4925 τὸ
3547 4872 3660 4957 πῦρ
3700 4875 3800 4957 ἐπέ

2218 4956 2371 5016 ελθὸν
2408 4962 2623 5016 ἅπαντα
2653 4961 2977 5030 καταφλέξει
3016 4960 3085 5014 τὰ
3123 4957 3367 5011 ἐκείνων
3400 4956 3496 5011 καὶ
3521 4956 3708 5027 ἐπειδὴ
3739 4956 3800 5010 τὸ

2217 5047 2311 5100 τοῦ
2341 5045 2569 5115 πλησίον
2588 5044 2863 5116 συμφέρον
2889 5046 2988 5097 οὐκ
3016 5039 3172 5103 εἶδον,
3202 5039 3373 5120 καὶτὸ
3397 5041 3609 5095 ἑαυτῶν
3631 5055 3801 5111 προσ-

2219 5129 2564 5183 απολλύουσι.
2612 5129 2721 5182 Kal
2773 5126 2883 5198 γὰρ
2925 5127 2955 5179 6
2997 5123 3129 5185 Θεὸς
3177 5121 3495 5192 βουλόμενος
3539 5123 3799 5192 συνδῆσαι

2221 5212 2427 5277 πάντας
2453 5213 2726 5283 ἀλλήλοις,
2754 5209 3010 5277 τοιαύτην
3042 5206 3155 5268 τοῖς
3187 5205 3503 5276 πράγμασιν
3528 5205 3799 5276 ἐπέθηκεν

2220 5294 2488 5365 ἀνάγκην,
2529 5295 2606 5357 ὡς
2647 5296 2706 5347 ἐν
2742 5292 2819 5363 τῷ
2849 5288 2943 5345 τοῦ
2978 5285 3204 5357 πλησίον
3243 5288 3573 5359 συμφέροντι
3607 5287 3671 5341 τὸ
3700 5283 3797 5339 τοῦ

2220 5377 2407 5449 ἐτέρου
2441 5376 2703 5431 δεδέσθαι·
2736 5377 2832 5428 καὶ
2856 5375 2883 5425 6
2905 5370 3108 5441 κόσμος
3135 5370 3280 5435 ἀπας
3302 5370 3442 5425 οὕτω
3472 5368 3794 5441 συνέστηκε.

2219 5462 2319 5515 Διά
2346 5460 2416 5530 δὴ
2447 5459 2607 5514 τοῦτο
2638 5460 2731 5514 καὶ
2760 5460 2818 5509 ἐν
2848 5453 3035 5525 πλοίῳ,
3065 5454 3113 5507 εἰ
3146 5454 3413 5526 χειμῶνος
3444 5452 3740 5523 γενομένου
3766 5450 3799 5505 6

2220 5544 2557 5616 κυϐερνήτης
2579 5544 2735 5613 ἀφεὶς
2755 5540 2817 5593 τὸ
2830 5539 2939 5593 τῶν
2965 5536 3173 5595 πολλῶν
3193 5537 3492 5613 συμφέρον,
3514 5535 3578 5589 τὸ
3597 5534 3797 5591 ἐαυτοῦ

2293 5804 2316 5832 ⁸
2348 5803 2493 5861 Πομ..
2516 5795 2767 5862 προσταίη.
