4022 6214
263 404 369 461 209

260 519 435 576 dicam
459 560 474 583 ,
523 522 946 593 strangulaveris
973 564 987 585 ,
1018 521 1244 592 proximi
1291 534 1471 576 autem
1508 535 1689 575 curam
1744 534 1849 574 non

262 625 438 679 geras,
457 609 586 665 nihil
622 615 797 682 magni
823 612 1014 676 fecisti,
1034 612 1127 667 sed
1150 612 1325 667 adhuc
1342 613 1497 682 longe
1517 612 1647 665 abes
1666 609 1734 663 ab
1755 608 1854 663 hac

264 703 493 771 imagine
536 708 648 761 haec
689 703 907 759 faciens.
954 704 1114 773 Atqui
1140 703 1228 758 hic
1260 703 1477 772 quidem
1505 702 1615 770 ipsa
1641 714 1853 770 quoque

262 806 350 848 res
392 800 587 847 natura
614 808 710 847 sua
736 802 820 848 est
853 795 997 847 utilis
1021 834 1035 857 ,
1067 794 1338 848 abstinere
1373 792 1440 847 ab
1471 792 1535 846 iis
1580 806 1700 859 qua:
1728 797 1853 844 sunt

264 882 422 939 idolis
454 884 729 940 immolata
760 901 774 938 :
801 898 901 954 ego
930 872 1107 937 autem
1140 884 1362 952 plurima
1384 883 1508 947 feci,
1550 880 1739 951 inquit,
1784 894 1851 933 ex

261 974 327 1028 iis
348 990 471 1049 qua:
503 994 601 1048 per
624 992 683 1032 se
718 992 827 1032 non
854 986 978 1030 sunt
1006 977 1154 1030 utilia
1180 1016 1196 1041 ,
1254 991 1445 1047 nempe
1475 972 1693 1045 quando
1741 974 1850 1026 cir-

260 1070 517 1133 cumcidi,
539 1069 754 1140 quando
773 1070 1088 1129 sacrificavi.
1117 1069 1241 1123 Hinc
1266 1070 1407 1124 enim
1437 1068 1648 1139 quando
1673 1081 1769 1137 per
1794 1081 1851 1119 se

266 1162 667 1227 exantinantur,
704 1169 761 1215 et
790 1162 1021 1231 perdunt
1047 1174 1141 1215 eos
1167 1160 1256 1231 qui
1296 1148 1352 1215 id
1392 1158 1622 1224 faciunt,
1652 1166 1705 1212 et
1734 1156 1851 1210 em-

265 1251 417 1307 eiunt
444 1259 501 1307 ut
531 1266 566 1306 a
594 1251 766 1307 salute
792 1252 1043 1308 excidant
1073 1268 1087 1303 :
1122 1261 1355 1305 attamen
1395 1252 1625 1305 sustinui
1652 1250 1741 1304 illa
1780 1250 1851 1303 ob

267 1344 474 1400 lucrum
504 1343 629 1398 inde
661 1344 1002 1414 proveniens.
1030 1342 1129 1398 Hic
1154 1354 1331 1398 autem
1353 1342 1487 1398 nihil
1514 1344 1706 1399 simile.
1737 1342 1850 1397 Illic

263 1438 409 1493 enim
440 1436 545 1492 nisi
582 1436 724 1492 adsit
751 1436 980 1503 utilitas,
1012 1444 1067 1492 et
1095 1435 1199 1491 nisi
1225 1436 1348 1491 aliis
1386 1438 1578 1506 prosit,
1607 1445 1730 1489 tunc
1762 1450 1850 1490 res

266 1528 529 1585 damnosa
579 1538 693 1587 est:
747 1528 835 1583 hic
874 1542 1037 1593 vero,
1067 1527 1285 1584 etiarnsi
1323 1542 1482 1582 nemo
1526 1526 1845 1593 oﬂ‘endatur,

268 1629 482 1691 oportet
509 1628 683 1674 tamen
713 1633 743 1672 a
772 1618 1055 1688 prohibitis
1082 1618 1376 1673 abstinere.
1406 1618 1523 1672 Non
1555 1618 1727 1673 solum
1753 1633 1850 1671 au-

272 1718 381 1767 tom
408 1709 603 1774 noxia,
642 1708 737 1763 sed
764 1710 925 1764 etiam
951 1708 1215 1763 laboriosa
1260 1710 1477 1778 pertuli.
1520 1709 1662 1763 Alias
1704 1711 1845 1763 enim

268 1800 523 1856 Ecclesia
550 1800 888 1869 depopulatus
917 1817 1052 1863 sum,
1087 1799 1277 1870 inquit,
1322 1810 1525 1869 accepto
1573 1799 1844 1869 stipendio,

261 1902 319 1949 et
352 1907 473 1948 eum
522 1889 809 1947 comedere
840 1892 1027 1947 liceret
1072 1899 1127 1945 et
1164 1906 1271 1947 non
1301 1891 1511 1960 Operari
1542 1929 1559 1955 ,
1608 1890 1710 1944 hoc
1739 1904 1845 1943 non

260 1982 482 2053 quaesivi
508 2024 523 2047 ,
554 1980 648 2037 sed
676 1981 837 2035 malui
867 1980 1006 2035 fame
1035 1981 1212 2050 perire
1258 1981 1453 2051 potius,
1503 1997 1663 2052 quam
1692 1982 1843 2037 alteri

258 2072 585 2129 olendiculo
610 2087 752 2127 esse.
774 2070 898 2126 Ideo
924 2072 999 2125 ait
1026 2087 1041 2122 :
1076 2069 1182 2124 Per
1204 2072 1373 2124 omnia
1398 2073 1629 2125 omnibus
1670 2074 1844 2142 placeo

260 2143 341 2233 (ξ.
372 2160 490 2217 Cor.
524 2162 612 2216 II.
642 2162 722 2230 8).
741 2160 995 2216 Siverem
1014 2160 1218 2230 legibus
1233 2161 1534 2227 adversam,
1560 2166 1672 2217 sive
1690 2164 1842 2216 labo-

256 2253 455 2309 riosam
476 2294 492 2317 ,
527 2251 639 2308 sive
668 2252 1027 2322 periculosam
1052 2254 1299 2322 operteat
1330 2251 1528 2320 facere,
1560 2254 1741 2326 omnia
1788 2256 1841 2309 in

255 2344 483 2399 aliorum
512 2345 796 2399 utilitatem
839 2344 1104 2399 sustineo.
1132 2342 1268 2399 Cum
1311 2360 1440 2415 ergo
1464 2346 1716 2402 omnibus
1739 2360 1839 2401 su-

255 2438 439 2507 perior
474 2446 623 2492 esset
646 2445 899 2505 quantum
938 2438 1004 2491 ad
1034 2447 1337 2492 accuratam
1370 2438 1492 2491 vita:
1541 2439 1804 2495 rationem
1824 2481 1838 2504 ,

252 2530 506 2584 omnibus
540 2528 756 2584 inferior
777 2538 893 2583 erat
914 2544 1011 2600 per
1038 2532 1555 2598 attemperationem.

329 2619 652 2675 Prcelarum
681 2622 811 2673 nihil
830 2631 923 2684 est,
951 2622 1051 2674 nisi
1090 2620 1206 2675 aliis
1226 2622 1289 2675 sit
1317 2621 1675 2676 utile.—Nam
1714 2624 1806 2677 nul
1823 2653 1839 2663 -

253 2711 362 2766 lum
401 2713 660 2782 praeclare
700 2719 909 2780 gestum
942 2712 1013 2764 ita
1044 2726 1294 2780 magnum
1340 2726 1460 2766 esse
1491 2712 1697 2781 possit,
1740 2713 1839 2765 nisi

255 2802 545 2858 utilitatem
579 2800 642 2854 ad
666 2799 803 2855 alios
833 2801 1189 2855 transmiserit
1222 2818 1235 2852 :
1268 2799 1426 2869 idque
1466 2802 1638 2869 palam
1666 2810 1742 2854 est
1773 2818 1839 2856 ex

252 2894 369 2960 illo,
414 2892 507 2962 qui
538 2892 794 2946 talentum
827 2892 1091 2961 integrum
1120 2892 1332 2953 retulit,
1364 2901 1418 2946 et
1447 2890 1711 2946 dissectus
1756 2901 1839 2946 est

250 2986 510 3055 quoniam
542 2982 671 3038 illud
699 2997 806 3037 non
859 2983 1249 3053 tnultiplicavit.
1282 2983 1345 3037 Et
1380 2994 1432 3037 tu
1470 3000 1618 3053 ergo,
1651 2984 1835 3051 frater,

251 3076 465 3131 etiamsi
492 3075 765 3130 abstineas
786 3090 817 3128 a
838 3074 979 3139 cibo,
1009 3074 1217 3128 etiamsi
1245 3074 1390 3128 humi
1419 3075 1601 3141 cubes,
1627 3076 1835 3131 etiamsi

250 3167 492 3223 cinerem
544 3165 837 3231 comedas,
891 3179 1217 3235 semperque
1269 3166 1597 3233 lamenteris,
1628 3168 1670 3221 si
1704 3168 1837 3225 nihil

249 3258 417 3313 alium
460 3258 631 3327 iuves,
666 3254 795 3311 nihil
850 3270 1104 3323 magnum
1157 3258 1419 3326 Operaris.
1465 3257 1679 3311 Etenim
1732 3258 1836 3312 illis

248 3353 309 3410 in
360 3354 624 3424 principio
652 3351 780 3407 viris
808 3352 1019 3421 magnis
1046 3362 1100 3407 et
1143 3350 1415 3421 praeclaris
1467 3350 1567 3404 hoc
1604 3350 1835 3404 maxime

249 3460 396 3499 cura:
425 3455 543 3498 erat
574 3462 586 3495 :
618 3459 806 3499 eorum
836 3444 1001 3498 vitam
1030 3452 1281 3498 accurate
1307 3452 1568 3506 scrutare,
1596 3450 1649 3495 et
1692 3442 1837 3496 clare

253 3533 462 3589 videbis
489 3549 677 3588 eorum
720 3534 987 3588 neminem
1026 3548 1119 3587 sua
1141 3540 1414 3601 spectasse
1432 3570 1450 3599 ,
1476 3530 1569 3586 sed
1598 3532 1835 3600 singulos

248 3640 313 3681 ea
338 3641 459 3696 qua:
493 3625 716 3693 proximi
738 3632 894 3680 erant
917 3642 932 3690 ;
958 3623 1096 3679 unde
1111 3625 1272 3678 etiam
1298 3623 1466 3694 magis
1487 3623 1833 3693 resplendue-

249 3726 393 3772 runt.
411 3716 543 3771 Nam
570 3724 624 3771 et
643 3731 675 3770 a
696 3715 877 3787 Moyse
904 3715 1069 3769 multa
1091 3723 1145 3770 et
1161 3728 1351 3784 magna
1371 3723 1573 3784 patrata
1590 3724 1713 3769 sunt
1731 3714 1834 3768 mi-

247 3808 430 3861 racula
458 3816 512 3861 et
541 3807 723 3876 signa;
766 3805 860 3861 sed
902 3805 1035 3859 nihil
1081 3805 1224 3860 illum
1278 3814 1385 3859 tam
1412 3820 1659 3875 maguum
1690 3806 1832 3871 fecit,

250 3906 309 3952 ut
349 3898 503 3952 beata
534 3897 623 3950 illa
668 3911 770 3951 vox
815 3912 974 3965 quam
1000 3895 1067 3949 ad
1091 3896 1255 3951 Deum
1287 3895 1484 3960 emisit,
1516 3895 1699 3951 dicens
1726 3914 1739 3949 :
1775 3897 1835 3951 Si

248 4000 420 4045 autem
444 3989 655 4042 dimittis
680 3989 783 4043 illis
813 3998 1094 4059 peccatum,
1118 3988 1312 4041 dimitte
1329 4003 1349 4052 ;
1378 3989 1456 4043 sin
1488 3989 1722 4050 minuswt
1759 4005 1837 4043 me

248 4098 452 4152 quoque
471 4082 582 4135 dele
609 4079 801 4151 (Exod.
838 4081 927 4135 δί.
958 4080 1071 4151 52).
1104 4080 1249 4135 Talis
1269 4094 1479 4149 quoque
1504 4078 1666 4132 David
1697 4090 1833 4147 erat;

250 4172 482 4239 ideoque
501 4168 749 4223 dicebat:
784 4168 892 4237 Ego
916 4178 1087 4237 pastor
1119 4171 1342 4241 peccavi,
1375 4180 1421 4224 et
1447 4186 1538 4240 ego
1570 4170 1833 4235 malefeci,

248 4274 299 4317 et
327 4263 411 4317 isti
440 4262 527 4329 qui
554 4271 667 4315 sunt
692 4278 816 4331 gres:
835 4262 956 4331 quid
978 4266 1202 4334 fecerunt
1224 4263 1248 4315 Ρ
1270 4262 1349 4316 Sit
1373 4280 1551 4315 manus
1572 4272 1657 4315 tua
1686 4278 1837 4331 super

249 4372 330 4409 me
358 4365 407 4408 et
436 4371 589 4423 super
617 4354 821 4407 domum
850 4356 1010 4425 patris
1039 4356 1134 4408 mei
1166 4354 1240 4424 (2.
1288 4351 1413 4424 Reg.
1469 4354 1557 4407 24.
1592 4354 1703 4423 I7).
1748 4354 1837 4409 Sic

249 4445 527 4501 Abraham
553 4460 658 4499 non
684 4445 757 4509 id,
791 4446 935 4514 quod
967 4444 1067 4498 sibi
1113 4453 1445 4513 competeret
1474 4483 1488 4506 ,
1538 4442 1833 4513 quaerebat,

248 4538 348 4592 sed
381 4535 525 4606 quod
578 4538 778 4590 multis.
829 4536 1059 4604 Ideoque
1090 4536 1339 4606 periculis
1366 4550 1485 4590 sese
1511 4534 1830 4603 exponebat,

253 4627 536 4697 Deumque
566 4628 787 4695 rogabat
827 4642 922 4697 pro
945 4628 1028 4691 iis,
1060 4629 1147 4696 qui
1179 4628 1244 4680 ad
1274 4628 1445 4696 ipsum
1491 4626 1618 4680 nihil
1645 4626 1838 4679 attine-

250 4718 403 4772 bant.
457 4719 522 4774 Et
551 4717 603 4771 hi
634 4719 844 4788 quidem
876 4719 945 4773 ita
977 4720 1303 4772 claruerunt.
1344 4718 1442 4783 Qui
1474 4732 1598 4772 vero
1626 4732 1685 4771 ea
1717 4732 1837 4785 qua

251 4822 350 4863 sua
382 4819 562 4863 essent
586 4810 915 4879 qumrebant,
947 4809 1066 4863 vide
1105 4818 1358 4879 quantum
1390 4808 1570 4862 damni
1618 4822 1839 4877 accepe-

252 4900 384 4954 rint.
430 4898 562 4967 Ejus
587 4910 732 4955 certe
757 4899 935 4953 fratris
963 4901 1120 4966 filius,
1145 4915 1265 4953 cum
1292 4898 1529 4956 audisset
1558 4916 1574 4954 :
1612 4898 1673 4953 Si
1700 4908 1752 4951 tu
1772 4899 1839 4951 ad

253 4989 539 5053 (intersint,
567 5006 657 5059 ego
684 4990 751 5043 ad
789 4991 1045 5043 sinistram
1086 4989 1237 5060 (Gen.
1270 4991 1354 5043 l3.
1389 4988 1481 5058 9);
1518 4997 1572 5042 et
1602 4996 1839 5060 Optasset

254 5080 405 5147 quod
445 5080 545 5133 sibi
601 5082 731 5135 utile
773 5090 892 5135 erat
939 5082 1210 5150 quiesivit,
1263 5096 1439 5150 neque
1482 5078 1624 5149 quod
1680 5094 1837 5133 suum

254 5180 377 5226 erat
428 5169 661 5234 invenit;
720 5171 812 5225 sed
861 5171 973 5226 lnec
1013 5172 1226 5241 quidem
1282 5173 1429 5242 regio
1480 5180 1592 5225 tota
1642 5170 1838 5223 conﬂa-

252 5262 451 5333 gravit,
483 5259 567 5313 illa
608 5267 783 5314 autem
819 5262 1014 5317 mansit
1042 5263 1227 5316 illzesa.
1273 5261 1436 5317 Jonas
1478 5276 1689 5315 rursum
1718 5274 1838 5313 cum

256 5370 372 5409 non
393 5351 672 5423 qutesisset
701 5352 752 5405 id
780 5354 922 5421 quod
966 5355 1150 5409 multis
1169 5396 1185 5421 ,
1217 5354 1312 5408 sed
1337 5354 1482 5424 quod
1508 5354 1608 5407 sibi
1633 5352 1839 5407 condu-

257 5447 440 5511 cebat,
470 5445 521 5500 in
549 5444 840 5513 periculum
868 5446 1017 5500 exitii
1049 5450 1194 5503 venit
1227 5464 1241 5499 :
1268 5456 1323 5500 et
1345 5446 1472 5500 urbs
1500 5444 1714 5514 quidem
1734 5454 1841 5498 sta-

261 5538 379 5605 bat,
418 5538 535 5607 ipse
581 5549 713 5590 vero
757 5534 988 5605 agitatus
1028 5536 1279 5591 fluctibus
1306 5547 1361 5592 et
1402 5536 1685 5590 demersus
1724 5536 1837 5588 fuit.

258 5626 399 5683 Cum
421 5637 599 5682 autem
629 5625 683 5681 id
709 5625 851 5695 quod
876 5625 1059 5679 inultis
1087 5627 1216 5681 utile
1244 5636 1362 5681 erat
1389 5625 1635 5695 quasivit
1654 5665 1670 5689 ,
1718 5634 1843 5678 tunc

259 5717 408 5787 quad
433 5732 589 5781 suum
609 5725 725 5773 erat
753 5713 1077 5770 invenit.‘Sic
1104 5725 1157 5770 et
1175 5714 1343 5771 Jacob
1369 5715 1421 5769 in
1443 5713 1691 5784 gregibus
1718 5727 1839 5766 cum

261 5826 371 5869 non
400 5810 607 5866 luerunt
640 5809 914 5882 proprium
943 5807 1314 5879 quaesivisset,
1360 5821 1577 5878 magnas
1602 5819 1733 5877 opes
1762 5813 1845 5861 est

1292 406 1357 464 IN
1399 403 1612 464 EPIST.
1656 406 1673 460 l
1738 405 1831 463 AD
1866 403 2022 460 COR.
2066 403 2296 461 IIOMIL.
2342 408 2507 464 XXV.

3439 414 3549 469 9N)

1963 531 2302 588 assequutus.
2324 522 2602 592 EtJoscpli
2626 538 2748 587 cum
2778 523 2999 581 fratrum
3023 525 3365 585 commodum
3402 542 3549 599 quai-

1962 611 2192 674 sitisset,
2242 627 2397 668 suum
2429 615 2651 670 invenit.
2678 615 2869 670 Missus
2896 618 3040 672 enim
3065 632 3093 670 a
3124 627 3296 687 patre.
3325 633 3430 673 non
3468 618 3521 670 di

1966 703 2064 764 xit,
2095 701 2233 769 Quid
2267 704 2368 759 hoc
2416 706 2535 760 est?
2563 720 2669 761 non
2697 707 2892 762 audisti
2918 707 3058 775 quod
3090 723 3188 777 pro
3228 708 3346 763 visu
3372 720 3427 764 et
3455 724 3545 764 so-

1963 794 2121 848 mniis
2156 810 2242 849 me
2271 796 2580 869 discerpere
2620 800 2798 853 conati
2824 800 2949 863 sint,
2976 808 3032 854 et
3070 815 3167 870 pro
3220 802 3443 856 somniis
3486 802 3541 857 in

1962 886 2165 942 crimen
2194 897 2415 941 vocatus
2442 890 2565 956 sim,
2596 898 2650 943 et
2677 889 2818 960 quod
2840 906 2872 945 a
2897 900 2948 945 te
2968 876 3158 961 diligar
3180 907 3367 961 poenas
3387 892 3543 948 dede-

1964 978 2101 1031 rim‘l
2129 980 2262 1047 quid
2278 994 2406 1049 ergo
2440 994 2544 1034 non
2573 980 2762 1035 facturi
2791 991 2937 1048 sunt,
2969 982 3012 1036 si
3046 999 3131 1037 me
3158 985 3208 1037 in
3240 964 3416 1047 medio
3465 994 3543 1037 te~

1962 1070 2174 1125 nuerint
2190 1071 2214 1125 τ
2229 1070 2373 1126 Nihil
2402 1072 2591 1126 horum
2612 1072 2765 1138 dixit,
2796 1088 2895 1127 nec
2911 1073 3181 1142 cogitavit,
3206 1073 3299 1128 sed
3320 1073 3539 1129 fratrum

1961 1176 2143 1216 curam
2199 1162 2450 1218 omnibus
2501 1162 2751 1232 prmtulit.
2782 1162 3011 1232 Ideoque
3040 1164 3219 1219 omnia
3270 1180 3389 1234 quae
3421 1172 3542 1234 post

1960 1252 2049 1306 illa
2074 1252 2380 1322 obtigerunt
2402 1260 2722 1322 assequutus
2745 1260 2829 1307 est
2851 1253 3011 1314 bona,
3038 1268 3159 1322 quae
3186 1254 3347 1308 etiam
3390 1253 3540 1308 illum

1960 1342 2113 1397 valde
2138 1343 2338 1397 clarum
2370 1343 2608 1397 fecerunt
2637 1351 2692 1398 et
2714 1344 3023 1412 gloriosum.
3055 1345 3143 1399 Sic
3180 1350 3236 1397 et
3287 1344 3532 1417 Moyses;

1960 1436 2092 1490 nihil
2120 1437 2262 1491 enim
2291 1437 2513 1506 impedit
2538 1438 2821 1507 quominus
2837 1438 2985 1494 illum
3011 1438 3246 1493 secundo
3274 1453 3541 1494 memore-

1959 1541 2098 1591 mus,
2140 1536 2195 1581 et
2222 1526 2497 1581 videamus
2529 1528 2797 1597 quomodo
2826 1542 2921 1583 sua
2969 1528 3293 1596 despexerit,
3324 1536 3379 1581 et
3419 1526 3540 1581 aliis

1957 1616 2094 1673 bona
2122 1618 2363 1672 conferre
2392 1619 2680 1687 quaesierit.
2706 1619 2797 1674 Ille
2816 1633 3045 1689 namque
3062 1619 3112 1672 in
3132 1618 3275 1687 regia
3296 1632 3536 1681 versans,

1956 1710 2079 1780 quia
2110 1709 2341 1778 majores
2362 1709 2573 1764 divitias
2598 1724 2717 1764 esse
2748 1710 2965 1779 putabat
2990 1710 3355 1780 opprobrium;
3380 1724 3537 1778 quam

1959 1800 2175 1874 Egypti
2207 1800 2509 1869 thesauros,
2537 1802 2789 1872 projectis
2815 1803 3064 1857 omnibus
3089 1818 3207 1872 qua:
3233 1817 3342 1872 prae
3371 1802 3542 1855 mani-

1954 1892 2054 1947 bus
2081 1892 2328 1955 habebat,
2358 1892 2618 1946 malorum
2652 1893 2831 1947 socius
2870 1908 2993 1947 cum
3022 1892 3261 1948 Hebraeis
3291 1892 3407 1955 fuit,
3436 1908 3538 1947 nec

1956 1983 2116 2037 modo
2143 1984 2258 2051 ipse
2288 1997 2394 2037 non
2426 1983 2478 2037 in
2502 1984 2815 2037 servitutem
2840 1982 3089 2038 redactus
3117 1996 3219 2049 est,
3249 1984 3342 2037 sed
3374 1983 3536 2037 etiam

1954 2074 2077 2128 illos
2108 2088 2139 2127 a
2184 2075 2439 2128 servitute
2474 2074 2736 2129 liberavit.
2786 2074 2973 2145 Magna
3002 2074 3215 2145 quidem
3247 2075 3362 2129 htec
3387 2084 3535 2143 sunt,

1952 2175 2005 2221 et
2034 2165 2277 2235 angelico
2304 2164 2462 2234 digna
2492 2165 2753 2218 instituto.

2022 2256 2077 2310 4.
2110 2258 2181 2309 At
2206 2254 2347 2325 quod
2375 2255 2592 2309 Paulum
2624 2262 2850 2325 spectat,
2871 2255 3027 2326 longe
3052 2254 3403 2309 excellentius
3429 2265 3533 2309 est.

1950 2347 2056 2401 Alii
2079 2348 2222 2401 enim
2250 2362 2436 2402 omnes
2466 2346 2577 2401 suis
2599 2347 2798 2401 relictis
2815 2348 2988 2413 bonis,
3016 2348 3240 2418 proximi
3269 2346 3533 2401 malorum

1949 2439 2081 2493 socii
2104 2452 2223 2493 esse
2246 2439 2530 2507 voluerunt
2553 2456 2567 2492 :
2594 2439 2789 2493 Paulus
2812 2454 2941 2494 vero
2961 2454 3071 2493 rem
3101 2439 3258 2509 longe
3276 2439 3534 2508 majorem

1948 2528 2092 2583 fecit.
2126 2528 2239 2583 Non
2259 2530 2400 2609 enim
2426 2530 2721 2584 alienarum
2746 2530 3109 2585 calamitatum
3136 2532 3399 2599 particeps
3413 2545 3535 2585 esse

1950 2619 2137 2683 voluit,
2169 2618 2263 2673 sed
2295 2618 2345 2673 id
2374 2619 2557 2688 elegit,
2591 2619 2779 2688 utipse
2807 2620 2858 2674 in
2885 2620 3141 2674 extremis
3166 2630 3330 2687 esset,
3360 2630 3418 2674 ut
3443 2621 3533 2675 alii

1948 2710 2000 2762 in
2050 2708 2205 2763 bonis
2230 2708 2504 2779 degerent.
2532 2710 2638 2764 Nec
2662 2725 2755 2779 par
2779 2726 2865 2765 res
2892 2720 2975 2765 est
3002 2711 3055 2764 in
3081 2710 3285 2765 deliciis
3315 2727 3536 2766 versan-

1950 2807 2054 2851 tem
2085 2800 2303 2852 delicias
2336 2814 2612 2868 respuere,
2646 2809 2701 2853 et
2728 2798 2925 2869 affligi;
2959 2808 3017 2853 et
3058 2802 3231 2853 solum
3283 2800 3446 2870 affligi
3476 2810 3533 2855 et

1946 2891 2151 2954 vexari,
2176 2900 2232 2943 ut
2263 2890 2355 2943 alii
2378 2891 2429 2943 in
2461 2891 2753 2946 securitate
2784 2901 2839 2946 et
2864 2890 3069 2946 honore
3100 2901 3399 2947 versentur.
3436 2892 3530 2947 llic

1945 2984 2089 3037 enim
2116 2983 2214 3037 etsi
2238 2998 2490 3053 magnum
2507 2992 2589 3037 est
2620 2984 2754 3038 mala
2786 2984 2940 3038 bonis
2955 2994 3284 3039 commutare
3314 2996 3532 3055 propter

1946 3075 2246 3143 proximum
2268 3116 2283 3140 ,
2327 3077 2558 3145 aliquam
2586 3083 2761 3130 tamen
2788 3076 3207 3130 consolationem
3238 3075 3410 3141 affert,
3442 3092 3525 3131 re-

1944 3181 2062 3219 rum
2116 3154 2462 3221 adversarum
2514 3166 2693 3221 socios
2749 3166 2984 3233 habere,
3035 3180 3095 3221 se
3147 3177 3323 3220 autem
3390 3167 3529 3220 velle

1945 3258 2117 3312 solum
2162 3272 2284 3312 esse
2336 3256 2386 3311 in
2433 3258 2594 3311 rebus
2621 3259 2864 3327 asperis,
2922 3267 2978 3313 ut
3021 3259 3113 3313 alii
3168 3258 3325 3314 bonis
3346 3258 3527 3313 fruan-

1946 3358 2066 3414 tur;
2109 3348 2210 3403 boc
2235 3357 2317 3404 est
2349 3349 2504 3420 longe
2551 3348 2911 3419 generosioris
2963 3349 3126 3403 animi
3168 3359 3223 3404 et
3264 3349 3432 3403 Pauli.

2015 3438 2171 3493 Pauli
2196 3440 2488 3509 magnitudo
2514 3440 2688 3493 animi.
2712 3470 2783 3479 —
2803 3440 2915 3495 Non
2944 3440 3067 3495 hinc
3093 3450 3269 3494 autem
3299 3450 3525 3506 tantum,

1942 3530 2037 3585 sed
2082 3547 2147 3585 ex
2190 3530 2405 3584 sublimi
2432 3532 2636 3585 ratione
2678 3531 2779 3584 alia
2816 3531 2927 3601 jam
2974 3543 3296 3585 memoratos
3338 3546 3524 3585 omnes

1942 3622 2100 3690 longe
2127 3622 2215 3676 ille
2252 3631 2489 3691 superat.
2536 3620 2668 3675 Nam
2712 3622 2981 3677 Abraham
3019 3621 3232 3691 quidem
3261 3630 3314 3677 et
3341 3622 3523 3677 earteri

1940 3726 2131 3767 omnes
2167 3727 2287 3767 sese
2316 3714 2379 3767 iis
2420 3712 2666 3781 objecere
2692 3713 2943 3783 periculis
2974 3722 3176 3775 tantum
3196 3754 3211 3777 ,
3243 3729 3361 3783 qua:
3400 3721 3524 3767 sunt

1944 3805 1997 3858 in
2043 3805 2289 3873 praesenti
2322 3804 2429 3857 vita
2452 3844 2466 3867 ,
2496 3811 2550 3856 et
2579 3817 2767 3858 omnes
2812 3803 2885 3856 illi
2917 3802 3053 3857 lianc
3096 3794 3263 3857 semel
3300 3816 3521 3871 expete-

1942 3895 2070 3949 bant
2109 3904 2336 3948 mortem
2369 3910 2384 3947 :
2414 3892 2607 3947 l’aulus
2646 3908 2771 3946 vero
2801 3908 2829 3946 a
2860 3893 3032 3947 futura
3069 3893 3236 3963 gloria
3274 3891 3522 3947 excidere

1944 3986 2200 4057 rogabat,
2263 4001 2358 4055 pro
2388 3985 2617 4039 aliorum
2674 3984 2866 4047 salute.
2923 3984 3145 4040 Possum
3202 3995 3251 4039 et
3309 3986 3520 4039 tertiam

1943 4079 2122 4132 dicere
2167 4077 2501 4145 superiorem
2541 4075 2930 4142 excellentiam.
2959 4076 3128 4141 Quam
3158 4076 3298 4129 illam
3321 4074 3346 4127 Υ
3372 4076 3521 4142 Quod

1942 4170 2103 4241 aliqui
2144 4184 2367 4235 eorum,
2408 4168 2507 4222 etsi
2546 4173 2725 4221 curam
2780 4150 3036 4240 gerebant
3072 4182 3257 4221 eorum
3295 4168 3383 4237 qui
3422 4168 3521 4221 sibi

1944 4270 2246 4317 struxerant
2294 4258 2549 4324 insidias,
2593 4274 2783 4313 eorum
2829 4269 3003 4314 tamen
3046 4274 3226 4313 curam
3268 4258 3525 4328 gerebant

1942 4354 2032 4424 qui
2073 4352 2173 4407 sibi
2220 4350 2398 4406 traditi
2448 4351 2654 4405 fuerant
2692 4350 3019 4420 gubernandi
3052 4368 3065 4403 :
3096 4360 3254 4419 atque
3297 4349 3521 4417 idipsnm

1944 4444 2318 4516 contingebat,
2352 4460 2414 4499 ac
2452 4444 2497 4498 si
2542 4444 2661 4513 quis
2688 4458 2868 4497 curam
2911 4452 3123 4512 gereret
3166 4441 3258 4496 lilii
3306 4441 3520 4511 quidem

1944 4538 2090 4608 pravi
2130 4546 2183 4591 et
2220 4536 2430 4591 scelesti
2455 4578 2470 4601 ,
2514 4535 2609 4590 sed
2650 4544 2825 4589 tamen
2868 4535 2979 4589 f‘dii.
3024 4536 3217 4589 Paulus
3255 4550 3384 4589 vero
3423 4549 3520 4605 pro

1945 4629 2029 4683 bis
2059 4630 2271 4684 volebat
2299 4626 2583 4683 anathema
2614 4642 2733 4683 esse
2754 4670 2768 4691 ,
2796 4629 2884 4699 qui
2918 4628 3033 4697 ejus
3062 4644 3205 4682 cura:
3247 4644 3353 4682 non
3400 4643 3521 4681 cre-

1944 4720 2038 4774 diti
2070 4720 2278 4774 fuerant
2306 4737 2320 4774 :
2354 4721 2405 4773 in
2442 4730 2630 4789 gentes
2655 4720 2795 4774 enim
2840 4719 3034 4773 missus
3057 4729 3194 4773 erat.
3268 4711 3531 4767 Vidistin‘

1944 4814 2105 4867 animi
2134 4812 2551 4882 magnitudinem
2572 4855 2587 4877 ,
2620 4821 2675 4866 et
2704 4812 3083 4866 sublimitatem
3127 4814 3297 4881 ipsum
3327 4810 3518 4865 cmltun

1946 4908 2328 4974 superantem?
2369 4903 2518 4958 Ilunc
2562 4905 2771 4958 imitare
2800 4922 2813 4956 :
2839 4906 2884 4957 si
2914 4918 3044 4958 vero
3069 4919 3175 4957 non
3209 4912 3357 4972 putes
3376 4942 3392 4966 ,
3420 4903 3525 4955 sal-

1949 5007 2054 5050 tem
2106 5010 2198 5051 eos
2254 4996 2347 5065 qui
2388 4996 2437 5049 in
2494 4995 2670 5050 Veteri
2729 4996 3073 5050 Testamento
3109 4993 3396 5049 fulserunt.
3436 4992 3527 5047 Sic

1947 5089 2087 5143 enim
2116 5087 2256 5157 quod
2289 5087 2380 5142 tibi
2413 5087 2538 5143 utile
2562 5088 2663 5143 erit
2686 5088 2924 5143 invenies
2946 5130 2963 5154 ,
2992 5088 3034 5143 si
3064 5086 3286 5156 proximi
3313 5084 3527 5140 utilitati

1947 5178 2232 5247 advigiles.
2262 5176 2443 5247 Itaque
2481 5193 2599 5232 cum
2652 5180 2829 5248 segnis
2866 5178 2974 5232 eris
3013 5178 3078 5231 ad
3118 5176 3298 5230 fratris
3347 5190 3529 5231 curam

1946 5270 2236 5339 gerendam
2258 5312 2274 5336 ,
2302 5272 2545 5340 cogitans
2582 5281 2633 5325 te
2661 5286 2764 5324 non
2797 5271 2901 5323 alio
2928 5284 3085 5339 posse
3118 5269 3275 5322 modo
3301 5270 3530 5325 salutem

1948 5361 2244 5429 consequi,
2277 5370 2494 5430 propter
2538 5372 2589 5416 te
2634 5361 2820 5415 saltem
2852 5361 3000 5415 illum
3031 5369 3085 5415 et
3113 5376 3202 5415 res
3229 5361 3345 5430 ejus
3375 5375 3526 5414 cura.

1949 5448 2233 5503 Sulficiunt
2260 5465 2320 5504 ea
2350 5466 2469 5519 qua:
2500 5452 2637 5505 dicta
2670 5460 2827 5518 sunt,
2875 5458 2934 5505 ut
2979 5450 3133 5506 nobis
3173 5448 3533 5522 persuadeant

1949 5553 2055 5592 non
2089 5553 2244 5606 posse
2289 5555 2387 5593 nos
2419 5540 2524 5593 alio
2552 5540 2714 5595 modo
2750 5557 2811 5595 ea
2861 5558 2980 5611 quae
3028 5542 3179 5596 nobis
3226 5540 3535 5596 conducunt

1952 5628 2211 5682 invenire.
2272 5628 2424 5694 Quod
2456 5632 2501 5685 si
2532 5632 2665 5688 velis
2703 5649 2766 5688 ex
2807 5634 3079 5689 consuetis
3131 5632 3391 5701 exemplis
3428 5630 3533 5688 hoc

1950 5716 2191 5772 ediscere
2220 5738 2233 5773 :
2262 5720 2305 5775 si
2347 5725 2629 5794 contigerit
2670 5724 2865 5781 alicubi
2910 5724 3125 5779 domum
3170 5725 3288 5794 igne
3326 5724 3538 5780 conﬂao

1951 5808 2374 5877 graregdeinde
2416 5815 2574 5871 aliuui
2620 5831 2682 5871 ex
2728 5814 2912 5870 vicinis
2957 5815 3065 5869 suis
3108 5815 3537 5887 prospicientes.
