4022 6214
1150 436 1205 491 S.
1247 426 1525 491 JOANNIS
1560 415 2028 481 CIIRYSOSTOMI
2070 411 2390 470 ARCIIIEP.
2429 402 2963 466 CONSTANTINOP.
3620 394 3730 447 22'!

437 581 548 620 non
574 577 637 618 se
660 566 920 632 apparent
943 554 1205 612 adversus
1230 548 1466 622 pericula
1490 586 1506 609 ,
1534 541 1628 598 scd
1654 538 1853 596 clausis
1869 533 2025 589 ostiis
2135 531 2286 584 barro
2319 528 2373 582 in
2394 526 2533 581 cibos
2562 537 2842 595 pauperum
2863 562 2880 589 ,
2908 529 2955 574 et
2978 519 3026 574 si
3054 516 3315 571 tradidero
3343 529 3530 584 corpus
3561 530 3729 569 meum

1863 626 1894 632 “
1977 625 1988 632 '
2013 623 2025 632 ‘
2182 631 2187 632 ν
2299 619 2313 632 ¹
2387 628 2398 632 -
2578 618 2610 632 ·-
2652 623 2691 632 -μ
2716 630 2742 632 η
2800 622 2955 632 -----μ-
3002 625 3102 632 μ--.
3158 606 3363 632 1.4-...
3444 606 3578 632 ..ειη
3606 607 3729 632 ...ιω

1270 657 1339 696 ne
1367 606 1789 709 quis-ingressus
1828 623 2027 695 aliquid
2134 631 2190 675 stt
2217 619 2433 682 ardeat,
2481 618 2747 671 caritatem
2789 622 2960 667 autem
3002 625 3105 663 non
3152 606 3399 673 habeatis,
3444 606 3578 660 nihil
3606 607 3732 659 mihi

1471 696 1833 795 supblicium'!
1884 717 2029 771 Pro-
2138 711 2338 784 Ρτοάθα
2360 708 2579 781 (λοίπ’
2605 706 2691 763 ίδ·
2722 704 2812 776 5)’
2838 704 3031 774 inqui"
3059 698 3513 768 Videnwmmum
3539 696 3734 752 huius

441 791 1254 912 ’edimﬂignisomnia
1282 821 1498 877 illorum
1525 791 1669 890 bona
1712 809 2029 867 comburet:
2137 806 2316 877 exigat
2344 820 2373 859 a
2407 802 2605 859 nobis?
2651 813 2977 871 quamquam
3006 797 3052 851 is
3079 795 3169 866 qui
3215 792 3367 850 cibus
3415 791 3732 854 distribuit,

1943 911 1950 912 ,
2011 911 2017 912 ,
2298 911 2309 912 γ
2362 909 2376 912 _
2481 892 2571 912 --Α
2623 905 2735 912 ---μ
2781 887 3008 912 _._...:..:
3037 893 3159 912 -..ηρ
3230 893 3429 912 ’.ιι-Δ...
3493 880 3730 912 Mi.“

447 880 503 988 :1
528 928 783 1001 (μοιιίιηι
828 880 1061 995 ι)τοὶὶωί
1105 916 1394 971 utilitatem
1442 888 1551 963 non
1598 915 1893 965 curavere,
1933 911 2033 953 sua
2140 912 2247 952 non
2292 909 2386 950 sua
2409 935 2426 961 ,
2477 892 2572 948 sed
2617 905 2739 961 qua
2781 887 3011 960 proximi
3036 893 3200 950 sunt,
3229 893 3453 955 quaerat.
3493 881 3599 937 Sed
3626 880 3732 935 hoc

1799 992 1812 1001 .
2206 984 2223 1001 ιι
2388 999 2467 1001 ,_,-
2542 980 2731 1001 -__ll!‘2.
2830 979 3000 1001 :___.:.
3042 994 3057 1001 -
3099 990 3220 1001 ...η-.-
3278 973 3407 1001 :II...«I
3445 970 3732 1001 .ulmaulnm

1166 970 1309 1062 enim
1349 1002 1534 1057 volens
1570 1010 1759 1052 omnes
1799 992 1940 1047 inter
1975 1001 2035 1043 se
2142 984 2315 1042 solum
2368 999 2477 1039 non
2536 980 2772 1047 sufﬁcit,
2829 979 3003 1049 inquit
3042 994 3057 1032 :
3098 990 3221 1030 nam
3278 973 3409 1029 illud
3445 970 3739 1027 admodum

447 1065 741 1186 :nl‘itllgafef,
791 1115 991 1165 tantam
1034 1101 1196 1159 rebus
1236 1094 1491 1168 imposuit
1534 1087 1909 1146 necessitatem
1935 1122 1949 1147 ,
1979 1088 2039 1135 ut
2143 1078 2352 1133 sincere
2377 1074 2489 1129 vult
2513 1071 2779 1144 przestari,
2797 1077 2853 1125 et
2876 1084 2999 1125 cum
3029 1081 3221 1138 magna
3239 1065 3735 1121 commiseratione.

1512 1185 1515 1186 ,
1700 1178 1752 1186 η.
2020 1180 2035 1186 -
2147 1168 2200 1186 ιι
2248 1184 2262 1186 _
2319 1183 2334 1186 _
2359 1167 2447 1186 _!,__
2481 1165 2582 1186 ι---
2625 1164 2764 1186 λη--
2794 1162 3047 1186 ___..-:a
3121 1167 3177 1186 ..ι
3206 1158 3272 1186 ,ιι
3298 1157 3568 1186 -Ξ,.....1.....
3596 1156 3733 1186 ams-3,

449 1178 841 1276 cum'proximi
883 1200 1115 1256 utilitate
1142 1193 1367 1250 alterius
1404 1185 1607 1241 utilitas
1632 1178 1913 1249 colligetur
1941 1190 1958 1229 :
1986 1180 2042 1227 et

552 1263 804 1352 consistit
829 1289 1062 1347 mundus
1091 1295 1257 1341 totus.
1300 1280 1427 1337 Ideo
1457 1278 1510 1332 iu
1541 1272 1667 1329 navi
1707 1281 1921 1341 quoque
1940 1306 1957 1331 ,
1993 1263 2040 1319 si

454 1396 735 1463 ingruente
761 1390 1085 1455 tempestate
1109 1378 1439 1450 gubernator
1458 1412 1472 1435 ,
1518 1367 1721 1437 reiecta
1750 1360 2041 1417 multorum

458 1453 725 1545 utilitate,
764 1453 917 1532 suam
955 1473 1074 1542 ipse
1109 1477 1319 1523 tantum
1358 1468 1595 1533 quarrat,
1636 1466 1691 1510 et
1719 1453 1953 1522 seipsnm
1991 1455 2047 1502 et

457 1575 594 1631 alios
633 1543 744 1628 cito
772 1569 1101 1635 submerget.
1126 1561 1194 1615 Et
1219 1559 1274 1613 in
1311 1553 1537 1625 singulis
1562 1548 1801 1612 artibus,
1839 1543 1887 1598 si
1916 1554 2046 1635 una-

706 1658 853 1732 quod
894 1629 1018 1711 sibi.
1035 1649 1303 1708 conducat
1334 1652 1539 1701 tantum
1576 1635 1887 1711 quasierit,
1936 1629 2044 1685 vita

459 1723 749 1828 dumquam
792 1749 1134 1811 constiterit,
1187 1755 1361 1813 neque
1403 1751 1492 1793 ars
1536 1738 1661 1806 qua!
1690 1731 1792 1785 hoc
1833 1723 2045 1797 quaerit.

462 1851 590 1906 Ideo
607 1819 850 1917 agricola
875 1856 982 1898 non
1009 1836 1172 1895 modo
1200 1841 1404 1889 tantum
1429 1823 1681 1884 frumenti
1712 1819 1843 1877 serit
1870 1830 2047 1888 quan-

465 1951 577 1996 tum
613 1911 716 1993 sibi
762 1935 895 1990 satis
936 1930 1046 1994 sit;
1085 1922 1323 1993 alioquin
1371 1919 1515 1975 enim
1537 1916 1650 1986 jam
1692 1911 1785 1967 diu
1830 1916 1885 1964 et
1912 1920 1971 1961 se
1997 1912 2053 1959 et

462 2033 600 2089 alios
623 2026 983 2101 perdidisset;
1004 2020 1099 2077 sed
1125 2018 1179 2073 id
1202 2014 1390 2084 quaerit
1409 2008 1549 2081 quod
1570 2005 1816 2062 conferat
1834 1998 2015 2055 multis
2036 2014 2053 2052 :

464 2088 529 2179 et
546 2088 704 2178 miles
732 2133 839 2174 non
866 2124 927 2171 ut
948 2088 1011 2170 se
1036 2116 1251 2166 tueatur
1278 2113 1484 2160 tantum
1510 2100 1770 2155 adversus
1823 2088 2057 2163 pericula

466 2223 579 2273 stat
613 2214 670 2270 in
705 2211 859 2276 acie,
898 2205 996 2264 sed
1033 2211 1093 2259 ut
1127 2199 1372 2258 civitates
1407 2197 1465 2250 in
1512 2200 1628 2247 tuto
1679 2186 1910 2244 collocet
1948 2198 1964 2235 :
2003 2189 2060 2235 et

468 2287 740 2364 mercator
785 2273 891 2356 non
941 2303 1145 2352 tantum
1176 2288 1500 2355 transvehit,
1531 2290 1784 2356 quantum
1827 2276 1928 2333 sibi
1957 2273 2057 2335 soli

466 2394 604 2453 satis
645 2395 749 2461 sit,
778 2390 873 2447 sed
900 2395 1156 2459 quantum
1180 2391 1236 2439 et
1277 2379 1459 2435 multis
1489 2375 1631 2430 aliis.
1670 2371 1727 2428 Si
1768 2368 1888 2440 quis
1930 2380 2061 2421 vero

472 2487 671 2545 dixerit
690 2527 706 2552 ,
734 2457 871 2540 ’Non
900 2457 1081 2537 meum
1103 2519 1119 2543 ,
1161 2475 1256 2533 sed
1303 2487 1458 2530 suum
1486 2469 1710 2541 quisque
1734 2474 1931 2519 curans
1958 2457 2063 2513 hoc

477 2581 638 2645 facit;
667 2592 792 2634 nam
812 2583 871 2630 et
896 2572 1149 2645 pecunias
1175 2567 1276 2624 sibi
1303 2573 1358 2623 et
1384 2562 1609 2636 gloriam
1639 2566 1695 2615 et
1718 2554 2062 2613 securitatem

476 2684 739 2744 apparans
757 2711 774 2737 ,
806 2666 922 2722 haec
949 2662 1131 2720 omnia
1154 2666 1413 2731 operatur
1442 2672 1458 2709 :
1505 2664 1672 2724 quare
1698 2658 1873 2701 meam
1913 2654 2064 2711 quae-

640 2734 957 2823 utilitatem,
995 2768 1151 2809 suam
1198 2748 1432 2821 quaerit:
1462 2743 1568 2798 hoc
1608 2748 1664 2795 et
1703 2751 1803 2809 ego
1829 2734 1983 2798 dico,
2012 2739 2069 2787 et

474 2859 584 2926 jam
613 2854 742 2911 olim
780 2850 967 2906 audire
1005 2845 1251 2901 volebam
1275 2884 1292 2909 ,
1331 2847 1387 2896 et
1422 2839 1540 2907 ejus
1579 2835 1657 2890 rei
1695 2845 1858 2887 causa
1897 2837 2063 2884 totam

480 2921 780 3004 orationem
818 2938 1062 3005 institui,
1104 2944 1163 2990 ut
1199 2930 1541 2989 ostenderem
1582 2934 1710 2981 tunc
1759 2921 2067 2993 proximum

480 3054 632 3098 suam
679 3036 964 3093 utilitatem
1007 3042 1287 3103 quaerere,
1337 3037 1459 3081 cum
1492 3029 1638 3075 tuam
1678 3022 1905 3101 spectat.
1933 3012 2070 3080 Quia

481 3132 626 3187 enim
656 3145 762 3184 non
805 3127 961 3180 aliter
1007 3100 1255 3177 homines
1284 3114 1484 3169 vellent
1533 3124 1654 3180 quae
1692 3100 1817 3161 Sunt
1846 3101 2073 3174 proximi

480 3237 761 3294 quaarere,
808 3217 912 3274 nisi
951 3215 1006 3269 in
1048 3212 1185 3266 hanc
1224 3208 1607 3263 inducerentur
1652 3197 2070 3261 necessitatem;

482 3288 604 3369 ideo
642 3313 782 3367 Deus
825 3308 946 3363 base
984 3306 1054 3360 ita
1104 3299 1409 3371 colligavit,
1442 3302 1497 3351 et
1522 3308 1631 3349 non
1678 3291 1805 3347 sinit
1832 3288 1981 3361 prius
2006 3288 2074 3344 ad

486 3405 767 3459 utilitatem
797 3397 1068 3471 propriam
1096 3392 1312 3457 venire,
1360 3401 1520 3459 quam
1566 3398 1665 3455 per
1706 3397 1771 3438 ea
1795 3396 1915 3452 quae
1955 3379 2075 3434 aliis

485 3494 788 3549 conducant
835 3491 936 3545 iter
964 3486 1243 3541 habeatur.
1284 3481 1398 3535 Hoc
1440 3485 1587 3534 certe
1625 3475 1916 3530 humanum
1947 3479 2071 3535 est,

491 3588 560 3641 ita
588 3585 655 3638 ad
681 3580 910 3653 proximi
942 3578 1226 3633 utilitatem
1253 3587 1313 3628 se
1338 3568 1608 3626 conferre.
1642 3565 1867 3635 Oportet
1894 3569 2075 3617 autem

490 3695 596 3733 non
629 3675 753 3730 inde
771 3715 787 3739 ,
815 3672 910 3728 sed
940 3686 969 3724 a
1002 3669 1096 3724 Dei
1125 3666 1324 3738 placito
1350 3658 1681 3735 persuaderi.
1722 3656 1902 3727 Neque
1932 3654 2077 3710 enim

488 3770 669 3825 salvus
708 3780 830 3822 esse
877 3761 1043 3833 possit
1086 3759 1174 3830 qui
1206 3754 1311 3812 hoc
1338 3770 1444 3810 non
1492 3752 1691 3815 habet;
1732 3747 1827 3804 sed
1867 3743 2079 3801 etiamsi

491 3872 753 3915 summam
784 3849 1177 3927 philosophiam
1218 3859 1473 3903 exerceas
1494 3884 1513 3911 ,
1541 3853 1595 3899 et
1619 3848 1813 3896 cetera
1842 3851 2077 3908 pereun-

494 3954 564 4007 tia
596 3966 701 4005 non
730 3962 885 4003 cures
905 3987 921 4013 ,
956 3943 1155 3999 nullam
1182 3939 1409 3993 habebis
1435 3935 1579 4007 apud
1609 3934 1776 3988 Deum
1806 3928 2079 3983 fiduciam.

493 4040 775 4100 Uudenam
826 4038 929 4092 hoc
977 4031 1225 4090 constat?
1270 4028 1349 4084 Ex
1395 4028 1461 4081 iis
1500 4039 1621 4096 quae
1669 4022 1858 4078 beatus
1883 4018 2083 4075 Paulus

496 4131 862 4204 pronuntiavit
892 4146 906 4182 :
939 4127 1001 4183 Si
1049 4125 1183 4180 enim
1229 4135 1400 4175 omnes
1448 4134 1585 4172 meas
1614 4115 1875 4185 facultates
1904 4110 2078 4165 distri-

503 4216 3370 4276 __________________________________.__———-

2147 1168 2271 1225 ideo
2310 1167 2453 1222 enim
2481 1165 2585 1220 hoc
2624 1164 2768 1219 Deus
2792 1162 3051 1233 praecepit
3074 1201 3089 1226 ,
3121 1167 3182 1215 ut
3205 1158 3273 1213 ad
3298 1157 3572 1214 vinculum
3594 1156 3739 1211 ari-

2149 1259 2273 1315 tatis
2297 1256 2609 1313 adduceret.
2640 1252 2776 1310 Cum
2801 1265 2932 1323 ergo
2962 1250 3053 1306 ille
3084 1259 3286 1306 tantam
3317 1248 3497 1319 exigat
3523 1262 3738 1302 mensu-

2148 1365 2262 1405 ram
2284 1392 2300 1416 ,
2348 1365 2449 1405 nos
2486 1364 2615 1404 vero
2654 1360 2830 1418 neque
2856 1344 3001 1416 quod
3041 1344 3218 1399 minus
3252 1353 3338 1398 est
3364 1341 3740 1412 pmbeatntts,

2150 1459 2255 1515 qua
2280 1441 2426 1513 digni
2448 1441 2648 1496 erimus
2673 1438 2829 1493 venia
2847 1438 2873 1489 ?
2901 1435 2970 1492 Et
2993 1433 3288 1507 quomodo,
3318 1432 3527 1502 inquies
3547 1473 3563 1494 ,
3591 1432 3743 1486 dice-

2151 1537 2243 1592 bat
2275 1534 2416 1590 Deus
2456 1533 2593 1588 Loto
2637 1545 2733 1601 per
2760 1528 3016 1600 angelos,
3064 1526 3287 1582 Serenus
3330 1540 3476 1579 serva
3516 1527 3746 1578 muniam

2153 1637 2294 1682 tuam
2313 1625 2466 1697 (Gen.
2498 1624 2585 1681 l9.
2613 1622 2686 1678 22
2706 1622 2724 1693 )
2747 1622 2773 1676 τ
2808 1619 2897 1676 die
2941 1617 3156 1691 quando
3202 1626 3254 1675 et
3297 1632 3485 1687 quare.
3516 1615 3745 1682 Quando

2156 1720 2487 1777 inferebatur
2565 1716 2887 1787 supplicium
2911 1755 2928 1781 ,
2997 1728 3103 1768 non
3171 1710 3387 1782 quando
3456 1708 3747 1779 oportebat

2154 1812 2392 1883 corrigi,
2414 1810 2509 1867 scd
2533 1808 2746 1880 quando
2771 1806 3008 1862 damnati
3034 1812 3267 1860 erantet
3291 1801 3573 1858 incurabili
3602 1816 3752 1857 mor-

2157 1905 2230 1960 bo
2257 1902 2612 1969 laborabant,
2661 1914 2725 1956 ac
2760 1912 2923 1955 senes
2958 1898 3293 1969 iuvenesque
3319 1895 3374 1950 in
3416 1894 3635 1950 eosdem
3663 1893 3749 1949 in-

2161 1996 2403 2052 silierant
2425 2008 2667 2060 amores,
2693 2006 2757 2048 ac
2784 1991 3000 2047 demum
3024 1988 3268 2045 comburi
3292 1987 3414 2042 illos
3442 1986 3747 2056 oportebat,

2162 2097 2219 2144 et
2257 2088 2310 2142 in
2338 2087 2427 2143 illa
2452 2084 2541 2141 die
2562 2126 2579 2152 ,
2608 2098 2733 2140 cum
2762 2081 2984 2138 fulmina
3025 2077 3363 2134 immittenda
3393 2086 3567 2131 erant.
3599 2077 3752 2131 Alio-

2164 2178 2293 2250 quin
2338 2186 2518 2232 autem
2567 2189 2678 2230 non
2705 2173 2777 2229 de
2802 2171 2933 2227 vitio
2960 2178 3017 2226 et
3037 2169 3235 2225 virtute
3273 2167 3389 2223 haec
3422 2166 3565 2222 dicta
3593 2176 3717 2221 sunt
3734 2208 3751 2229 ,

2166 2269 2259 2326 sed
2304 2268 2373 2325 de
2404 2267 2556 2339 plaga
2594 2265 2851 2322 divinitus
2897 2264 3157 2319 immissa.
3196 2259 3336 2329 Quid
3363 2261 3538 2324 enim,
3569 2274 3756 2329 quaso

2164 2372 2251 2430 te,
2283 2360 2584 2418 faciendum
2628 2358 2783 2415 erat?
2823 2373 2891 2413 an
2932 2356 3125 2413 sedere
3162 2354 3442 2425 oportebat
3466 2361 3523 2410 et
3552 2354 3757 2424 suppli-

2165 2455 2309 2509 cium
2335 2452 2583 2522 accipere
2601 2491 2619 2518 ,
2659 2459 2715 2505 et
2747 2450 2865 2504 sine
2902 2447 3078 2517 aliqua
3107 2446 3322 2501 illorum
3350 2444 3581 2499 utilitate
3600 2458 3755 2498 com-

2170 2542 2325 2598 buri?
2377 2543 2449 2595 At
2495 2540 2598 2595 hoc
2648 2546 2905 2593 extrema:
2957 2534 3243 2591 dementiae
3298 2534 3508 2590 fuisset.
3572 2532 3760 2603 Neque

2169 2634 2315 2690 enim
2360 2632 2462 2688 hoc
2486 2646 2588 2702 ego
2610 2629 2761 2695 dico,
2807 2626 2951 2700 quod
2980 2626 3177 2682 frustra
3205 2623 3263 2681 et
3286 2625 3551 2681 incassum
3593 2639 3761 2695 opor-

2174 2736 2283 2782 teat
2331 2722 2653 2796 snpplicinm
2698 2722 2916 2785 subire,
2965 2726 3163 2790 praeter
3209 2717 3301 2772 Dei
3333 2716 3586 2788 placitum
3618 2734 3633 2771 :
3662 2715 3761 2771 sed

2173 2817 2388 2888 quando
2431 2815 2595 2871 homo
2644 2813 2698 2868 iu
2741 2811 2981 2883 nequitia
3022 2820 3309 2888 versatur,
3338 2817 3463 2864 tunc
3497 2808 3664 2878 jubeo
3707 2816 3763 2864 te

2176 2910 2230 2964 in
2260 2909 2495 2964 medium
2542 2906 2763 2977 iniicere
2790 2914 2843 2960 et
2868 2904 3015 2959 illum
3044 2917 3237 2958 curare
3262 2916 3278 2965 ;
3300 2883 3531 2971 propter
3572 2901 3762 2971 proxi-

2175 3002 2249 3057 mi
2292 3000 2608 3062 utilitatem,
2651 2997 2696 3051 si
2725 2995 2938 3065 quidem
2983 2994 3157 3057 velis;
3201 2993 3285 3046 sin
3329 2991 3538 3055 minus,
3570 2991 3764 3046 saltem

2180 3101 2398 3164 propter
2425 3099 2590 3144 tuam.
2636 3086 2770 3142 illud
2799 3099 2961 3157 perm
3005 3083 3194 3138 melius
3237 3090 3322 3137 est
3350 3096 3365 3135 :
3396 3080 3538 3152 quod
3578 3080 3626 3135 si
3656 3095 3765 3138 non

2179 3184 2246 3239 ad
2300 3183 2437 3238 hanc
2487 3180 2870 3235 sublimitatem
2920 3175 3193 3246 attigeris,
3251 3172 3449 3227 saltem
3495 3172 3571 3227 tui
3599 3186 3765 3227 causa

2182 3278 2364 3332 facias.
2418 3273 2488 3330 Et
2533 3288 2693 3329 nemo
2742 3270 2885 3342 quod
2914 3283 3069 3326 suum
3118 3275 3203 3323 est
3251 3272 3489 3337 quaerat;
3521 3274 3579 3320 ut
3623 3265 3766 3335 quod

2182 3385 2336 3426 situm
2367 3377 2451 3425 est
2480 3365 2716 3423 inveniat
2744 3382 2760 3419 :
2789 3372 2846 3421 et
2871 3362 3166 3432 cogitantes
3188 3400 3205 3425 ,
3234 3372 3411 3429 neque
3453 3357 3766 3413 facultatum

2182 3461 2575 3516 abdicationem
2595 3497 2612 3523 ,
2645 3470 2820 3525 neque
2861 3453 3205 3523 martyrium,
3244 3464 3419 3518 neque
3441 3448 3587 3503 aliud
3612 3447 3770 3517 quid-

2185 3553 2326 3622 piam
2366 3548 2521 3611 nobis
2564 3542 2892 3618 patrocinari
2922 3555 3079 3612 posse
3101 3581 3118 3605 ,
3148 3540 3250 3593 nisi
3274 3553 3537 3594 summam
3566 3537 3767 3591 carita-

2187 3656 2293 3699 tem
2349 3642 2673 3705 habeamus,
2726 3637 2867 3693 banc
2916 3650 3030 3706 prae
3079 3633 3198 3687 aliis
3243 3646 3557 3696 servemus,
3587 3639 3645 3684 ut
3676 3644 3772 3699 per

2186 3738 2329 3791 illam
2382 3734 2484 3788 alia
2546 3744 2942 3800 consequamur
2991 3734 3050 3783 et
3095 3725 3377 3796 praesentia
3421 3732 3475 3777 et
3506 3724 3771 3793 promissa

2186 3830 2370 3885 bona:
2404 3841 2523 3895 qua:
2567 3823 2769 3879 utinam
2818 3834 2918 3876 nos
2960 3831 3151 3873 omnes
3192 3815 3555 3886 adipiscamur
3600 3814 3770 3883 gratia

2187 3931 2242 3975 et
2287 3917 2616 3987 benignitate
2658 3912 2870 3969 Domini
2898 3909 3069 3965 nostri
3113 3906 3242 3963 Jesu
3266 3905 3465 3961 Christi
3492 3944 3507 3969 ,
3552 3904 3770 3974 quicum

2189 4012 2333 4067 Patri
2355 4023 2566 4077 unaque
2583 4002 2804 4076 Spiritui
2825 4009 3011 4056 sancto
3030 3998 3220 4070 gloria,
3245 3994 3551 4064 imperium,
3578 3992 3774 4059 honor,

2190 4120 2331 4161 nunc
2358 4112 2411 4159 et
2437 4113 2681 4171 semper,
2709 4105 2763 4152 et
2784 4095 2840 4150 in
2866 4093 3058 4151 sarcula
3085 4089 3427 4146 seculorum.
3458 4089 3652 4142 Amen.

3391 4217 3771 4235 ﬂ

1832 4314 2179 4379 HOMILIA
2217 4312 2456 4375 XXVI.

496 4490 625 4544 Car.
658 4484 743 4539 ll.
770 4497 826 4535 v.
856 4480 911 4533 2.
944 4474 1124 4530 Laudo
1150 4481 1318 4526 autem
1344 4483 1449 4532 nos,
1477 4470 1681 4538 fratres,
1700 4461 1838 4531 quod
1868 4474 1958 4530 per
1976 4474 2088 4512 ont-

571 4580 658 4633 m’a
676 4576 772 4630 mei
802 4584 1046 4627 memores
1074 4565 1215 4632 estis,
1245 4570 1292 4616 et
1316 4560 1446 4615 sicut
1467 4554 1659 4610 tradidi
1688 4552 1825 4607 nobis
1850 4548 2088 4604 traditio-

569 4688 681 4737 nes,
717 4670 791 4722 ita
835 4662 1033 4719 tenetis.

575 4766 629 4819 l.
659 4731 792 4816 Cum
823 4753 1144 4812 absolvisset
1169 4745 1471 4803 orationem
1496 4739 1565 4796 de
1603 4736 1669 4793 iis
1694 4749 1814 4805 qum
1844 4731 2092 4788 immola-

506 5140 723 5202 quoque
749 5122 922 5176 dicam
941 5158 958 5183 ,
989 5116 1167 5185 ipsum
1194 5122 1300 5163 non
1327 5104 1671 5160 continenter
1697 5110 1897 5168 ponere
1924 5094 2094 5149 vehe-

509 5185 803 5279 mentiores
831 5206 1232 5267 accusationes;
1264 5197 1360 5255 sed
1403 5194 1535 5265 ipsis
1563 5187 1878 5260 congruenti
1907 5185 2097 5240 ordine

511 5275 720 5384 positis,
759 5306 814 5361 in
842 5300 1074 5357 medium
1115 5306 1305 5350 eorum
1348 5286 1550 5343 leviora
1597 5280 1804 5344 inserit,
1855 5276 1997 5348 quod
2043 5275 2095 5329 in

509 5370 758 5461 sermone
787 5392 1064 5452 molestius
1085 5396 1168 5443 est
1188 5380 1526 5439 audientibus
1542 5390 1607 5430 ex
1626 5371 1894 5442 frequenti
1923 5370 2097 5425 incre-

512 5459 745 5566 patione,
775 5487 948 5544 lenius
977 5479 1229 5538 reddens.
1257 5474 1488 5541 Ideoque
1519 5464 1662 5537 quod
1691 5459 2099 5517 vehementissi-

512 5555 656 5640 inum
693 5555 932 5638 omnium
959 5584 1096 5637 erat,
1132 5580 1325 5636 nempe
1350 5563 1418 5618 de
1449 5555 1864 5617 resurrectione,
1888 5560 2097 5621 postre-

512 5690 656 5728 mum
683 5674 849 5744 ponit.
879 5669 1096 5724 interim
1121 5674 1249 5715 vero
1273 5656 1338 5711 ad
1365 5650 1530 5716 aliud,
1573 5646 1716 5718 quod
1745 5645 1919 5699 lenius
1946 5650 2063 5697 erat
2082 5684 2095 5704 ,

516 5736 777 5831 procedit,
805 5760 993 5817 dicens
1025 5775 1039 5811 :
1068 5750 1248 5807 Laudo
1288 5755 1456 5801 autem
1497 5758 1602 5803 vos.
1652 5737 1787 5808 quod
1816 5752 1905 5805 per
1929 5736 2097 5789 omnia

512 5858 611 5911 mai
659 5872 899 5910 memores
946 5852 1085 5907 estis.
1140 5845 1273 5902 Nam
1317 5854 1440 5895 cum
1478 5836 1546 5890 de
1590 5830 1827 5888 admisso
1874 5838 2092 5899 peccato

2190 4464 2424 4519 constat,
2479 4452 2833 4508 vehementer
2877 4450 3083 4503 incusat
3123 4452 3181 4498 et
3224 4439 3621 4495 comminatur:
3654 4449 3778 4490 cum

2194 4558 2373 4603 autem
2416 4545 2487 4601 de
2514 4552 2735 4614 peccato
2775 4541 3070 4601 dubitatur,
3103 4534 3231 4591 illud
3274 4532 3449 4603 primo
3482 4528 3696 4599 probat,
3726 4535 3782 4579 et

2196 4650 2322 4697 tunc
2344 4641 2586 4708 increpat
2605 4655 2616 4691 :
2638 4644 2695 4690 et
2712 4632 2855 4705 quod
2874 4632 3090 4702 quidem
3106 4629 3158 4682 in
3176 4623 3428 4682 confesso
3443 4631 3530 4677 est
3548 4617 3778 4680 extollit;

2198 4732 2327 4789 illud
2357 4746 2507 4798 vero,
2539 4729 2606 4785 de
2634 4744 2740 4798 quo
2768 4724 3062 4785 dubitatur,
3092 4720 3147 4775 in
3182 4717 3573 4773 confessoesse
3599 4719 3783 4763 osten-

2196 4825 2293 4879 dit.
2318 4821 2566 4889 Exempli
2587 4832 2748 4874 causa
2765 4817 2834 4871 de
2855 4811 3205 4869 fornicatione
3238 4805 3452 4875 quidem
3467 4799 3781 4864 constabat;

2200 4916 2427 4983 ideoque
2452 4926 2564 4966 non
2595 4924 2731 4977 opus
2757 4906 2858 4960 fuit
2900 4899 3189 4957 ostendere
3220 4896 3275 4949 id
3299 4907 3421 4949 esse
3466 4898 3781 4960 peccatum;

2200 5003 2294 5058 sed
2326 5001 2506 5056 delicti
2543 4995 2962 5067 magnitudinem
3007 4990 3116 5043 illic
3146 4984 3410 5056 probavit,
3438 4990 3494 5037 et
3512 4996 3609 5052 per
3634 4994 3785 5036 com-

2203 5092 2530 5161 parationem
2584 5086 2885 5140 orationem
2930 5077 3175 5149 protulit.
3215 5074 3420 5129 Rursus
3462 5070 3602 5141 apud
3648 5070 3786 5126 alios

2198 5181 2445 5251 iudicari,
2496 5187 2770 5249 peccatum
2815 5170 3032 5242 quidem
3080 5176 3217 5231 erat,
3256 5165 3351 5220 sed
3398 5178 3507 5219 non
3538 5171 3783 5223 tantum;

2204 5272 2430 5341 ideoque
2460 5267 2587 5323 illud
2614 5264 2882 5334 interiecit
2905 5272 2959 5316 et
2985 5257 3249 5328 probavit.
3281 5255 3355 5311 De
3382 5255 3445 5309 iis
3473 5254 3634 5309 etiam
3664 5264 3787 5321 qum

2204 5366 2362 5421 idolis
2382 5362 2653 5419 immolata
2675 5366 2827 5413 erant
2844 5352 3208 5417 dubitabatur,
3230 5348 3325 5405 sed
3346 5360 3601 5419 magnum
3619 5344 3787 5397 etiam

2204 5458 2402 5511 malum
2435 5461 2579 5507 erat:
2612 5453 2938 5518 quapropter
2964 5440 3201 5498 ostendit
3220 5454 3343 5496 esse
3370 5444 3675 5508 peccatum,
3706 5429 3787 5483 id-

2204 5563 2308 5617 que
2341 5545 2523 5601 verbis
2565 5538 2794 5597 extollit.
2847 5533 3071 5603 Quando
3106 5542 3289 5588 autem
3334 5528 3441 5583 boe
3478 5522 3629 5584 facit,
3677 5532 3785 5571 non

2205 5608 2377 5693 solum
2406 5633 2623 5691 abducit
2650 5644 2679 5683 a
2728 5626 3061 5691 criminibus,
3088 5622 3185 5680 sed
3213 5621 3376 5677 etiam
3404 5613 3471 5669 ad
3514 5608 3783 5666 contraria

2207 5731 2368 5785 ducit.
2403 5726 2585 5795 Neque
2606 5720 2751 5776 enim
2776 5718 2911 5773 dixit
2939 5715 3100 5771 modo
3139 5727 3249 5768 non
3274 5712 3526 5777 oportere
3554 5698 3821 5795 fornicao‘

2208 5821 2272 5887 ri,
2308 5818 2402 5874 sed
2428 5790 2589 5871 etiam
2613 5824 2856 5881 magnam
2882 5820 3002 5865 esse
3028 5797 3385 5861 exhibendam
3409 5790 3781 5850 sanctitatem.
