4022 6214
515 379 622 433 ειε

523 490 922 556 ’Λπρόσκοποι
973 485 1081 556 γὰρ
1127 486 1385 554 γίνεσθε,
1429 485 1583 554 φησὶ,
1623 484 1718 536 καί
1774 483 2085 547 Ἰουδαίοις

509 585 607 638 καί
644 585 897 650 Ἕλλησι
925 581 1024 635 καὶ
1049 580 1123 649 τῇ
1163 580 1492 646 Ἐκκλησία
1520 578 1626 631 τοῦ
1658 576 1825 630 Θεοῦ.
1858 578 2081 647 Πληρώ⁴

510 698 611 741 σας
647 680 822 732 τοίνυν
847 679 1062 734 ἅπαντα
1092 676 1182 728 τὸν
1212 677 1340 745 περί
1365 675 1570 728 τούτων
1614 675 1869 727 ἁπάντων
1902 672 2080 739 λόγον,

515 776 652 844 μειά
681 774 853 828 ταῦτα
886 773 981 826 καὶ
1014 773 1098 840 ἐφ’
1136 772 1322 841 ἕτερον
1354 769 1604 839 ἔγκλημα
1634 769 1845 840 πρόεισι
1873 766 2080 820 λοιπόν.

511 866 580 919 Τί
600 869 650 920 δέ
671 868 830 921 τοῦτο
847 863 946 938 ἦνς
976 866 1040 918 Αἰ
1072 867 1169 935 μὲν
1187 867 1445 932 γυναῖκες
1462 861 1976 932 ἀνακεκαλυμμέναι
1994 860 2085 913 καὶ

513 965 692 1034 γυμνῇ
720 966 784 1033 τῇ
814 962 1026 1032 κεφαλῇ
1058 960 1154 1013 καί
1182 958 1412 1028 ηὔχοντο
1445 958 1540 1010 καὶ
1573 959 1962 1028 προεφήτευον·
1992 955 2086 1007 καὶ

513 1061 623 1129 γὰρ
641 1059 1011 1130 προεφήτευον
1030 1053 1185 1126 [2'38]
1209 1055 1324 1107 τότε
1347 1056 1600 1121 γυναῖκες
1617 1069 1630 1082 ·
1646 1055 1692 1105 οἱ
1713 1052 1768 1105 δέ
1787 1051 1978 1122 ἄνδρες
1995 1049 2086 1102 καί

513 1153 744 1224 ἐκόμων,
766 1151 862 1204 ἀτε
883 1153 939 1203 ἐν
957 1150 1242 1221 φιλοσοφία
1263 1149 1666 1218 διατρίψαντες,
1687 1146 1782 1198 καὶ
1805 1142 2089 1214 περιεϐάλο

513 1250 666 1302 λοντο
683 1248 778 1312 τὰς
799 1246 1041 1317 κεφαλάς
1056 1248 1340 1316 εὐχόμενοι
1362 1247 1456 1298 καὶ
1480 1242 1931 1316 προφητεύοντες·
1951 1241 2087 1310 ὅπερ

517 1345 772 1414 ἑκάτερον
811 1340 1122 1412 Ἑλληνικοῦ
1162 1345 1327 1411 νόμου
1361 1336 1452 1410 ἧν.
1492 1340 1646 1392 Ἐπεὶ
1672 1333 1765 1391 οὖν
1802 1335 2088 1406 ὺπέρ-τού-

513 1451 618 1488 των
645 1437 745 1508 ῆδη
778 1435 1053 1507 παρῄνεσε
1089 1437 1303 1505 παρὼν,
1337 1434 1427 1487 καὶ
1457 1434 1587 1497 ῖσως
1620 1435 1669 1486 οἰ
1699 1433 1796 1502 μὲν
1825 1433 2084 1502 ἤκουσαν,

513 1533 560 1582 οἰ
603 1534 660 1585 δὲ
703 1533 1045 1603 ἠπείθησαν,
1071 1531 1160 1585 διὰ
1186 1530 1344 1583 τοῦτο
1387 1531 1482 1593 καὶ
1508 1529 1593 1582 διά
1631 1529 1728 1599 τῆς
1768 1525 2087 1595 Ἐπιστολῆς

515 1631 695 1692 πᾶλιν,
720 1629 906 1699 ὥσπερ
931 1628 1093 1697 σοφὸς
1123 1627 1327 1698 ἰατρὸς,
1357 1624 1634 1680 ἐπαντλῶν
1664 1623 1742 1694 τῷ
1773 1623 1917 1693 λόγῳ
1942 1622 2086 1693 διορ-

514 1725 702 1779 θοῦται
724 1724 784 1777 16
805 1725 1128 1794 ἁμάρτημα.
1151 1723 1273 1777 ’Ότι
1295 1721 1403 1790 γάρ
1425 1720 1727 1791 παρῄνεσεν
1753 1720 1852 1791 ἥδη
1875 1717 2085 1789 παρὼν.

513 1820 670 1891 δῆλον
699 1820 756 1886 ἐξ
779 1815 854 1873 ὧν
877 1818 1310 1890 προοιμιάζεται.
1327 1819 1483 1880 Τίνος
1505 1817 1613 1885 γάρ
1637 1816 1822 1868 ἕνεκεν
1838 1814 1988 1868 οὐδὲν
2011 1815 2089 1866 εἰ-

514 1915 632 1968 πὼν
654 1915 782 1987 περί
806 1914 990 1968 τούτου
1024 1912 1260 1982 οὐδαμοῦ
1287 1914 1384 1982 τῆς
1418 1911 1736 1980 Ἐπιστολῆς
1757 1909 2086 1980 ἔμπροσθεν,

512 2013 628 2066 ἀλλ’
655 2012 763 2065 ἀπὸ
793 2011 1152 2080 ἐγκλημάτων
1182 2008 1383 2078 ἐτέρων
1415 2006 1579 2071 ἐκὸἀς
1600 2046 1617 2071 ,
1648 2006 1849 2063 εὐθέως
1884 2003 2047 2071 φησίν
2070 2017 2086 2033 °

527 2104 783 2160 Ἐπαινῶ
819 2105 888 2158 δὲ
915 2102 1089 2173 ὑμᾶς.
1123 2104 1210 2156 ὅτι
1247 2102 1444 2157 πάντα
1471 2120 1592 2172 μου
1624 2101 1953 2181 μέμνησθε,
1991 2096 2086 2149 καί

514 2202 710 2268 καθὼς
731 2201 1040 2270 παρέδωκα
1066 2200 1206 2268 ὑμῖν
1227 2199 1333 2263 τὰς
1354 2197 1739 2266 παραδόσεις,
1773 2193 1924 2247 οὕτω
1949 2208 2088 2245 κατ·
2122 2209 2126 2212 ·

512 2299 718 2369 ἐχετε;
761 2297 930 2368 Ὁρᾷς
975 2297 1057 2350 ’ὁτι
1105 2297 1155 2348 οἰ
1203 2295 1303 2364 μὲν
1333 2293 1597 2363 ἥκουσαν,
1641 2290 1736 2353 οὓς
1768 2291 2002 2354 ἐπαινεῖ,
2041 2291 2089 2343 οἰ

512 2397 571 2450 δέ
597 2395 977 2466 παρήκουσαν,
1011 2389 1102 2452 οὓς
1126 2387 1428 2460 διορθοῦται
1457 2386 1547 2440 διὰ
1572 2387 1678 2440 τῶν
1710 2386 1858 2456 ἑξῆς,
1891 2385 2086 2454 λέγων·

513 2493 577 2544 Εἰ
602 2489 675 2544 δέ
704 2507 795 2555 τις
823 2488 995 2542 δοκεῖ
1029 2486 1371 2555 φιλόνεικος
1395 2481 1571 2549 εἶναι,
1599 2485 1768 2553 ἡμεῖς
1809 2487 2093 2550 τοιαύτην

514 2585 848 2650 συνήθειαν
877 2586 988 2637 οὐκ
1011 2583 1264 2651 ἕχομεν;
1291 2582 1351 2634 Εἰ
1383 2581 1491 2652 γάρ
1529 2581 1637 2634 τῶν
1671 2581 1768 2650 μέν
1799 2577 2094 2648 κατωρθω-

515 2682 712 2743 κότων,
744 2680 853 2733 τῶν
889 2679 945 2732 δέ
977 2677 1480 2748 παραωυσάντων,
1513 2675 1718 2737 πάντας
1747 2672 1984 2726 ὑπέϐαλε
2025 2675 2092 2742 τῇ

515 2778 858 2848 κατηγορίᾳ,
905 2777 1145 2836 ἐκείνους
1184 2791 1241 2826 τε
1288 2771 1653 2842 θρασυτέρους
1693 2770 1950 2840 ἐποίησε,
2000 2771 2094 2822 καί

516 2873 738 2933 τούτους
770 2870 1173 2942 ῥᾳθυμοτέρως
1197 2868 1263 2921 ἂν
1289 2867 1600 2939 εἰργάσατο·
1630 2865 1724 2918 νῦν
1754 2865 1810 2920 δέ
1836 2865 1961 2925 τοὺς
1995 2863 2094 2934 μέν

516 2971 810 3031 ἐπαινέσας
856 2968 950 3021 καὶ
987 2966 1421 3035 ἀποδεξάμενος,
1451 2964 1576 3025 τοὺς
1609 2963 1665 3015 δέ
1709 2961 1964 3023 κακίσας,
1999 2959 2094 3012 καὶ

517 3063 758 3127 ἐκείνους
813 3063 1012 3132 μᾶλλον
1059 3061 1278 3132 ἦλειψε,
1337 3059 1432 3111 καὶ
1471 3058 1693 3120 τούτους
1728 3054 2093 3109 καταδύεσθαι.
2138 3069 2139 3072 ‘

517 3155 953 3228 παρεσκεύασεν.
1017 3154 1224 3208 Ἱκανὸν
1264 3153 1362 3223 μὶν
1402 3152 1511 3222 γάρ
1555 3153 1648 3205 καὶ
1687 3151 1810 3204 καθ’
1844 3148 2006 3204 ἐαυτὺ
2060 3152 2094 3221 ἡ

517 3252 825 3323 κατηγορία
851 3252 1090 3322 ,πλῆξαν
1122 3252 1251 3304 ὅταν
1290 3251 1346 3303 δὲ
1383 3249 1517 3321 πρὸς
1559 3249 1860 3320 παράθεσιν
1891 3247 2097 3318 ἐτέρων

519 3325 970 3418 κατωρθωκότων
1000 3346 1094 3400 καὶ
1117 3344 1616 3415 ἐγκωμιαζομένων
1645 3344 1878 3414 γίνηται,
1913 3343 2096 3412 μεῖζον

518 3443 631 3512 ἔχει
657 3444 718 3496 16
763 3442 1007 3514 κέντρον.
1056 3440 1217 3494 Ἀλλά
1263 3439 1399 3502 τέως
1440 3439 1540 3492 ούκ
1587 3437 1695 3491 ἀπὸ
1740 3439 2095 3508 κατηγορίας,

519 3539 632 3591 ἀλλ’
662 3538 769 3590 ἀπὸ
792 3538 1083 3606 ἐγκωμίων
1114 3535 1361 3606 ἄρχεται,
1394 3535 1486 3587 καί.
1505 3533 1795 3604 ἐγκωμίων
1821 3534 2093 3603 μεγάλων,

518 3634 712 3701 λέγωνο
754 3631 1003 3685 Ἐπαινῶ
1022 3631 1088 3684 δὲ
1115 3630 1270 3699 ὑμᾶς
1300 3631 1386 3681 ὅτι
1413 3628 1607 3681 πάντα
1629 3647 1746 3697 μου
1765 3629 2094 3698 μέμνησθε.

521 3731 774 3783 Τοιοῦτον
803 3731 910 3800 γὰρ
953 3727 1046 3780 τοῦ
1088 3726 1302 3780 Παύλου
1339 3725 1399 3777 τὸ
1426 3724 1566 3789 ἔθος,
1615 3725 1707 3779 καί
1753 3727 1844 3779 ἐπὶ
1881 3731 2094 3798 μικροῖς

522 3825 792 3894 μεγάλους
816 3823 1069 3885 ἐπαίνους
1093 3820 1328 3890 ὑφαίνει,
1352 3821 1410 3871 ού
1438 3820 1696 3890 κολακείᾳ⁴
1719 3820 1876 3874 τοῦτο
1905 3820 2094 3886 ποιῶν,

525 3921 600 3991 μὴ
630 3921 858 3988 γένοιτο·
893 3920 1010 3982 πῶς
1057 3919 1162 3989 γὰρ
1210 3919 1238 3970 6
1280 3917 1413 3988 μηδὲ
1451 3916 1750 3985 χρημάτων
1786 3915 2092 3985 ἐφιέμενος,

525 4019 664 4088 μήτε
687 4017 870 4087 δόξης,
901 4016 1039 4086 μήτε
1067 4015 1225 4068 ἀλλου
1261 4010 1482 4083 μηδενὸς
1519 4010 1627 4064 τῶν
1659 4009 1946 4076 τοιούτων;
1981 4011 2096 4064 ἀλλ’

521 4112 668 4181 ὺπέρ
698 4112 798 4181 τῆς
829 4109 1103 4181 σωτηρίας
1133 4109 1314 4162 αὐτῶν
1347 4109 1524 4162 πάντα
1553 4106 2092 4176 πραγματευόμενος.

521 4208 615 4260 Διὸ
658 4207 754 4260 καὶ
773 4206 997 4275 ’ἐπαίρει
1027 4204 1086 4257 16
1133 4202 1442 4273 ἐγκώμιον,
1486 4200 1682 4268 λέγων’
1727 4199 1984 4253 Ἐπαινῶ
2029 4199 2099 4253 δὲ

523 4301 677 4369 ὑμᾶς
707 4301 794 4355 ὅτι
819 4301 1015 4361 πάντα
1039 4317 1157 4368 μου
1173 4298 1498 4367 μέμνησθε.
1523 4298 1658 4349 Ποῖα
1681 4295 1891 4357 πάντα;
1926 4295 2096 4366 ’Υπὲρ

522 4397 632 4467 γὰρ
658 4395 752 4449 τοῦ
783 4397 858 4466 μὴ
884 4397 1059 4464 κομᾷν
1095 4394 1227 4463 μηδέ
1255 4391 1765 4445 κατακαλύπτεσθαι
1797 4391 1932 4454 τέως
1956 4390 1984 4440 6
2010 4390 2097 4442 λό-

523 4511 618 4560 γος
653 4487 720 4564 ἦν
751 4490 898 4561 αύτῷ
934 4491 1111 4560 μόνον⁸
1145 4486 1282 4550 ἀλλ’,
1309 4487 1445 4553 ὅπερ
1472 4486 1628 4554 ἔφην,
1661 4484 2096 4552 ἐπιδαψιλεύεται

521 4590 634 4649 τοῖς
656 4586 969 4656 ἐγκωμίοις,
990 4581 1428 4655 προθυμοτέρους
1450 4580 1637 4633 ποιῶν.
1665 4579 1754 4632 Διό
1775 4581 2095 4648 φησιν,”οτι

525 4681 722 4733 πάντα
746 4699 863 4748 μου
888 4679 1229 4748 μέμνησθε,
1265 4676 1361 4730 καί
1392 4675 1588 4742 καθὼς
1619 4673 1930 4742 παρέδωκα
1957 4672 2099 4742 ὑμῖν

525 4779 632 4840 τὰς
660 4775 1043 4842 παραδόσεις,
1062 4773 1214 4825 οὕτω
1241 4771 1538 4838 κατέχετε.
1562 4773 1703 4840 Ἀρα
1721 4770 1813 4823 καί
1831 4769 2098 4839 ἀγράφως

525 4871 696 4924 πο).λά
723 4868 1006 4941 παρεδίδου
1029 4867 1172 4928 τότε,
1201 4865 1229 4918 6
1252 4866 1344 4918 καί
1373 4865 1609 4932 ἀλλαχοῦ
1635 4864 1902 4934 πολλαχοῦ
1925 4865 2094 4935 δηλοῖ·

525 4970 661 5024 ἀλλά
685 4968 805 5022 τότε
838 4966 935 5037 μέν
957 4964 1240 5036 παρέδωκε
1265 4963 1445 5033 μόνον,
1471 4961 1564 5014 νῦν
1581 4960 1636 5012 δέ
1657 4962 1750 5013 καὶ
1769 4950 2097 5028 αἰτιολογίαν

525 5069 759 5136 τίθησιν.
801 5065 958 5118 Οὕτω
991 5062 1100 5134 γὰρ
1132 5063 1224 5116 καὶ
1253 5059 1476 5120 τούτους
1507 5057 1887 5128 ἰσχυροτέρους
1924 5059 2097 5111 ἐποίει

527 5163 651 5225 τοὺς
675 5160 990 5224 ἀκούοντας,
1020 5159 1113 5212 καὶ
1139 5158 1361 5210 ἐκείνων
1382 5153 1628 5208 κατέσπα
1648 5153 1710 5205 16
1734 5152 1961 5222 φύσημα
1991 5152 2097 5204 τῶν

527 5256 971 5326 ἐναντιουμένων.
1012 5253 1143 5307 Εἰτα
1177 5254 1236 5307 ού
1273 5252 1417 5319 λέγει
1461 5251 1562 5316 ὅτι,
1610 5251 1798 5320 Ὑμεῖς
1849 5250 1951 5321 μὲν
1997 5250 2090 5303 ὑπ⁸

535 5351 817 5422 ηκούσατε,
848 5350 1096 5419 ἐτεροιδέ
1119 5351 1494 5420 παρήκουσαν,
1527 5346 1661 5399 ἀλλὰ
1682 5346 2004 5410 ἀνυπόπτως
2034 5346 2098 5399 ἐκ

531 5449 624 5516 τῆς
651 5445 1000 5506 διδασκαλίας
1033 5444 1163 5498 αὐτὸ
1191 5445 1483 5497 αἰνίττεται
1517 5441 1606 5495 διὰ
1635 5442 1742 5494 τῶν
1782 5442 1928 5511 ἑξῆς,
1953 5441 2098 5494 οὕτω

530 5544 725 5611 λέγων’
783 5544 944 5596 Θέλω
973 5538 1043 5593 δὲ
1071 5538 1224 5608 ὑμᾶς
1254 5539 1474 5592 εἰδέναι
1505 5538 1594 5591 ὅτι
1623 5537 1850 5603 παντὸς
1877 5536 2098 5604 ἀνδρὸς

527 5641 564 5706 ἡ
594 5639 824 5710 κεφαλὴ
863 5642 896 5693 ὀ
923 5637 1174 5706 Χριστός
1200 5637 1349 5689 ἐστι·
1382 5633 1617 5704 κεφαλὴ
1648 5633 1716 5685 δὲ
1754 5633 2035 5703 γυναικὸς
2064 5636 2096 5687 ὀ

525 5736 698 5803 ἀνήρ’
727 5734 958 5805 κεφαλὴ
976 5733 1043 5787 δὲ
1068 5731 1324 5803 Χριστοῦ
1347 5735 1379 5784 ό
1407 5733 1567 5797 Θεός.
1600 5729 1665 5782 Ἣ
1691 5724 1788 5800 μέν
1802 5729 2096 5796 αἰτιολογία

525 5829 689 5903 αὕτη·
717 5832 898 5903 τίθησι
917 5831 973 5886 δὲ
1001 5831 1190 5903 αὐτὴν,
1214 5829 1339 5892 τοὺς
1364 5825 1782 5896 ἀσθενεστέρους
1805 5841 2090 5896 προσεκτι-

1363 373 1418 428 S.
1459 370 1744 436 JOANMS
1778 367 2267 428 CIIRYSOSTOMI
2307 371 2626 428 .XRCIIIEP.
2667 370 3222 430 CO'NS'I‘ANTIXOP.

3767 253 3794 269 ΙΙ
3799 251 3830 269 J3

3648 367 3749 424 216

2194 499 2274 534 κω
2287 483 2463 554 τέρους
2491 486 2679 538 ποιῶν.
2719 483 2781 539 '0
2805 485 2904 554 μὲν
2931 481 3025 538 οὖν
3054 483 3262 546 πιστὸς,
3291 484 3364 547 ὼς
3391 482 3519 553 χρὴ,
3537 483 3635 536 καὶ
3663 485 3757 553 ἐρο

2197 579 2437 647 ῥωμένος
2469 580 2587 633 ούδέ
2627 579 2795 632 δεῖται
2822 579 2981 647 λόγου
3024 578 3143 631 ούδέ
3170 579 3370 640 αἰτίας,
3405 577 3545 648 ὑπὲρ
3588 572 3661 631 ὧν
3687 580 3758 632 ἂν

2194 673 2464 744 ἐπιταχθῇ
2488 713 2503 737 ,
2536 675 2650 728 ἀλλ’
2689 677 2938 746 ἀρκεῖται
2978 677 3046 745 τῇ
3089 674 3381 744 παραδόσει
3423 674 3589 747 μόνῃ·
3631 677 3660 728 6
3700 675 3760 729 δὲ

2194 767 2600 842 ἀσθενέστερος,
2633 772 2760 825 ὅταν
2809 771 2903 824 καὶ
2946 772 3043 840 τὴν
3081 767 3260 823 αἰτίαν
3300 769 3465 842 μάθῃ,
3492 770 3614 823 τότε
3666 769 3761 823 καὶ

2198 864 2338 932 μετά
2371 865 2614 938 πλείονος
2645 868 2742 937 τῆς
2775 865 3011 938 σπουδῆς
3039 863 3258 934 κατέχει
3281 861 3430 935 [2‘29]
3461 863 3520 918 τὸ
3549 865 3760 936 λεχθὲν,

2197 961 2301 1042 καὶ.
2326 963 2462 1030 μετά
2494 962 2692 1033 πολλῆς
2724 962 2983 1016 ὑπακούει
3023 962 3121 1030 τῆς
3154 960 3484 1032 προθυμίας.

2267 1055 2337 1124 β’.
2359 1057 2558 1127 Διόπερ
2582 1057 2700 1109 ούδέ
2719 1052 2838 1110 εἰπε
2863 1057 2962 1126 τὴν
2987 1056 3184 1120 αἰτίαν,
3213 1055 3317 1117 ἕως
3341 1056 3464 1108 ὅτου
3487 1055 3762 1124 παραόαι-

2195 1151 2426 1222 νομένην
2463 1149 2571 1205 εἶδε
2603 1151 2701 1222 τὴν
2737 1151 2974 1222 ἐντολήν.
3011 1151 3107 1213 Τίς
3134 1146 3226 1204 οὖν
3254 1152 3288 1222 ἡ
3317 1149 3498 1214 αἰτίας
3532 1148 3766 1216 Παντὸς

2196 1248 2417 1315 ἀνδρὸς
2455 1250 2494 1315 ἠ
2532 1247 2766 1316 κεφαλή
2799 1249 2831 1300 ό
2874 1247 3128 1316 Χριστός
3162 1246 3352 1300 ἐστιν.
3394 1242 3522 1317 'Ap‘
3546 1239 3640 1299 οὖν
3669 1245 3765 1298 καὶ

2194 1344 2289 1397 τοῦ
2341 1343 2634 1412 Ἐλληνος;
2683 1342 2969 1412 Οὐδαμῶς.
3017 1342 3080 1394 Εἰ
3113 1340 3223 1412 γὰρ
3269 1341 3428 1411 σῶμά
3460 1343 3626 1410 ἐσμεν
3670 1336 3764 1394 τοῦ

2196 1436 2433 1508 Χριστοῦ
2461 1438 2554 1491 καὶ
2575 1437 2714 1507 μέλη
2736 1438 2799 1492 ἐκ
2823 1438 3047 1508 μέρους,
3077 1437 3360 1507 καὶταύτῃ
3385 1437 3586 1499 ἐκεῖνος
3609 1433 3768 1506 ἡμῶν

2198 1533 2433 1602 κεφαλὴ,
2461 1531 2572 1584 τῶν
2600 1533 2702 1585 οὐκ
2731 1531 2898 1584 όντων
2932 1533 2990 1584 ἐν
3017 1533 3097 1603 τῷ
3132 1533 3344 1604 σώματι
3370 1532 3491 1586 οὑδέ
3525 1533 3601 1594 εἰς
3629 1531 3766 1602 μέλη

2195 1626 2495 1680 τελούντων
2520 1627 2622 1680 οὐκ
2647 1625 2712 1679 ἂν
2741 1628 2823 1696 εῖη
2857 1628 3087 1698 κεφαλή·
3117 1627 3257 1682 ὥστε
3283 1630 3409 1682 ὅταν
3435 1628 3585 1697 εἴπῃ.
3611 1630 3770 1682 Παν-

2195 1723 2319 1790 τὸς,
2345 1722 2437 1776 τοῦ
2473 1724 2666 1776 πιστοῦ
2699 1723 2780 1776 δεῖ
2805 1722 3266 1793 προσυπακούειν.
3309 1719 3462 1786 Εἶδες
3493 1723 3614 1786 πῶς
3642 1739 3773 1776 παν-

2195 1819 2362 1890 ταχοῦ
2377 1819 2519 1874 ἀνωθ
2527 1837 2584 1872 εν
2603 1820 2856 1890 ἐντρέπει
2873 1821 2962 1874 τὸν
2977 1822 3256 1891 ἀκροατήν
3273 1837 3286 1883 ;
3302 1820 3411 1873 Καὶ
3421 1821 3530 1889 γὰρ
3541 1820 3628 1872 ὅτε
3640 1818 3772 1890 περὶ

2198 1915 2418 1983 ἀγάπης
2443 1914 2738 1982 διελέγετο,
2762 1916 2849 1968 καί
2874 1918 2964 1969 ὅτε
2985 1916 3113 1986 περί
3139 1913 3658 1986 ταπεινοφροσύνης,
3676 1913 3772 1966 καὶ

2197 2010 2286 2062 ὅτε
2313 2010 2438 2080 περὶ
2459 2009 2580 2080 ἐλεη
2589 2008 2846 2080 μοσύνης,
2862 2011 3071 2065 ἐκεῖθεν
3083 2005 3231 2065 εἷλκε
3245 2010 3313 2064 τὰ
3326 2008 3771 2080 παραδείγματα.

2198 2103 2446 2172 Κεφαλὴ
2470 2104 2540 2158 δὲ
2558 2103 2843 2174 γυναικὸς
2865 2109 2898 2160 d
2913 2106 3089 2174 ἀνὴρ·
3109 2105 3345 2174 κεφαλή
3369 2104 3436 2157 δὲ
3458 2103 3716 2171 Χριστοῦ
3742 2105 3776 2157 ό

2203 2201 2365 2266 Θεός.
2405 2201 2668 2254 Ἐνταῦθα
2689 2202 3028 2269 ἐπιπηδῶσιν
3041 2204 3172 2272 ἡμῖν
3186 2203 3234 2253 οἱ
3250 2198 3517 2271 αἱρετικοί
3532 2196 3771 2250 ἐλάττω-

2202 2299 2285 2352 σίν
2313 2316 2435 2353 τινα
2462 2301 2527 2352 ἐκ
2558 2299 2663 2352 τῶν
2686 2299 2990 2371 εἰρημένων
3023 2298 3360 2359 ἐπινοοῦντες
3382 2295 3458 2365 τῷ
3492 2293 3626 2364 Υἰῷο
3659 2294 3776 2346 ἀλλ’

2201 2396 2410 2458 ἐαυτοῖς
2450 2396 2890 2464 περιπίπτουσιν.
2935 2395 2998 2447 Εἰ
3043 2393 3152 2462 γὰρ
3184 2391 3393 2461 κεφαλὴ
3440 2388 3698 2457 γυναικὸς
3749 2391 3777 2442 6

2201 2490 2359 2558 ἀνὴρ,
2389 2489 2673 2560 ὁμοούσιος
2707 2491 2762 2542 δὲ
2795 2491 2828 2557 ἠ
2866 2486 3078 2556 κεφαλὴ
3097 2486 3173 2554 τῷ
3213 2483 3445 2553 σώματι,
3479 2483 3690 2553 κεφαλὴ
3717 2485 3776 2536 δέ

2200 2583 2294 2636 τοῦ
2317 2583 2552 2654 Χριστοῦ
2571 2585 2599 2636 6
2621 2584 2772 2647 Θεὸς,
2793 2582 3075 2653 ὁμοούσιος
3098 2584 3125 2635 6
3151 2581 3278 2644 Υἰδς
3301 2582 3378 2651 τῷ
3402 2581 3600 2650 Πατρί.
3636 2579 3776 2632 ’Δλ..’

2201 2682 2262 2734 ού
2283 2680 2345 2734 16
2371 2679 2705 2752 ἐτεροούσιον
2733 2680 2978 2733 ἐντεῦθεν
3005 2676 3281 2742 ἀποδεῖξαι
3311 2676 3634 2747 βουλόμεθα,
3663 2674 3776 2729 ἀλλ’

2202 2779 2282 2831 ὃτι
2325 2777 2570 2848 ἄρχεται,
2615 2776 2768 2846 φησί.
2801 2775 2866 2827 Τί
2902 2772 2995 2828 οὖν
3041 2775 3175 2844 πρὸς
3205 2773 3362 2826 τοῦτο
3393 2773 3644 2843 εἴποιμεν
3676 2771 3776 2835 ἀνς

2205 2873 2327 2924 ’Ότι
2358 2871 2590 2940 μάλιστα
2617 2870 2737 2940 μὲν,
2759 2871 2888 2923 ὅταν
2913 2885 2965 2921 τι
2991 2868 3244 2921 ταπεινὸν
3273 2868 3497 2937 λέγηται
3522 2867 3660 2937 μετὰ
3682 2867 3776 2934 τῆς

2206 2965 2407 3036 σαρκὸς
2443 2965 2594 3025 δντος
2621 2962 2806 3027 αὑτοῦ,
2849 2962 2947 3015 οὐκ
2978 2962 3223 3039 εὐτέλεια
3248 2962 3347 3032 τῆς
3375 2961 3629 3032 θεότητός
3665 2963 3775 3013 ἐστι

2206 3063 2266 3116 16
2289 3060 2597 3131 λεγόμενον,
2638 3058 2737 3128 τῆς
2771 3057 3084 3127 οἰκονομίας
3116 3056 3411 3127 δεχομένης
3456 3056 3516 3108 16
3564 3055 3775 3125 λεχθέν.

2207 3157 2351 3227 Πλὴν
2379 3155 2498 3210 ἀλλ’
2565 3153 2707 3219 εἰπέ,
2744 3153 2861 3216 πῶς
2883 3152 3040 3204 τοῦτο
3071 3150 3250 3221 βούλει
3285 3153 3349 3205 ἐκ
3379 3152 3570 3204 τούτου
3608 3167 3783 3204 κατα-

2208 3253 2467 3306 σκευάσαι
2490 3250 2611 3315 νῦν;
2629 3251 2751 3302 Ὀτι
2774 3249 2964 3320 ὥσπερ
2985 3251 3013 3301 6
3035 3249 3172 3320 ἀνὴρ
3193 3247 3351 3318 ἄρχει
3376 3255 3476 3322 τῆς
3494 3247 3777 3316 γυναικὸς,

2207 3349 2391 3419 φησὶν,
2430 3347 2572 3400 οὕτω
2605 3345 2699 3399 καὶ
2735 3348 2763 3398 6
2791 3344 2974 3415 Πατὴρ
3016 3345 3108 3397 τοῦ
3152 3341 3409 3414 Χριστοῦ.
3443 3343 3650 3397 Οὐκοῦν
3685 3342 3782 3396 καὶ

2207 3447 2392 3514 ὥσπερ
2421 3446 2448 3496 6
2478 3433 2712 3510 Χριστὸς
2741 3440 2833 3494 τοῦ
2869 3442 3082 3512 ἀνδρὸς,
3113 3439 3258 3494 οὕτω
3286 3439 3379 3492 καὶ
3407 3440 3435 3488 6
3464 3437 3656 3507 Πατὴρ
3682 3435 3779 3488 τοῦ

2207 3541 2372 3596 Υἰοῦο
2421 3538 2653 3604 Παντὸς
2694 3538 2802 3609 γὰρ
2849 3535 3088 3604 ἀνδρὸς,
3137 3537 3323 3607 φησὶν,
3375 3535 3412 3601 ἠ
3467 3533 3702 3602 κεφαλὴ
3744 3535 3780 3608 ¹ό

2207 3632 2462 3706 Χριστός
2498 3635 2648 3688 ἐστι.
2685 3635 2794 3687 Καὶ
2818 3635 2900 3697 τίς
2932 3635 2997 3687 ἂν
3025 3632 3197 3686 ταῦτα
3231 3631 3587 3697 καταδέξαιτό
3615 3645 3779 3693 ποτε;

2208 3736 2269 3788 Εἰ
2296 3734 2404 3806 γάρ
2432 3734 2556 3786 ὅσον
2580 3732 2639 3785 16
2663 3730 2926 3801 ὑπερέχον
2959 3729 3050 3783 τοῦ
3078 3730 3208 3783 Υἰοῦ
3236 3730 3368 3800 πρὸς
3397 3729 3562 3799 ἡμᾶς,
3588 3723 3779 3779 10305-

2205 3849 2296 3884 τον
2346 3831 2437 3886 τοῦ
2483 3828 2694 3898 Πατρδς
2744 3827 2878 3894 πρὸς
2911 3825 3002 3878 τὸν
3037 3825 3163 3879 Υἱὸν
3185 3864 3199 3888 ,
3235 3824 3487 3893 ἐννόησον
3517 3824 3596 3885 εἰς
3645 3821 3781 3890 ὅσην

2207 3927 2369 3980 αὐτὸν
2402 3926 2550 3990 ἄξεις
2590 3923 2687 3994 τὴν
2723 3921 3018 3975 εὐτέλειαν.
3053 3920 3215 3973 Ὥστε
3253 3919 3313 3972 ού
3366 3917 3541 3971 πάντα
3577 3917 3780 3988 ὁμοίως

2207 4023 2517 4086 ἐξεταστέον
2551 4019 2637 4089 ἐφ’
2678 4018 2834 4088 ἡμῶν
2870 4017 2962 4069 καὶ
3001 4017 3090 4068 ἐπί
3115 4014 3207 4068 τοῦ
3245 4015 3406 4078 Θεοῦ,
3443 4015 3546 4068 κᾶν
3580 4015 3780 4085 ὁμοίως

2206 4118 2454 4186 λέγηται·
2493 4116 2610 4168 ἀλλ’
2641 4112 3015 4181 ἀπονεμητέον
3045 4110 3124 4180 τῷ
3160 4109 3278 4179 Θεῷ
3319 4126 3438 4162 τινα
3472 4108 3781 4173 ἰδιάζουσαν

2208 4211 2501 4282 ὑπεροχὴν,
2537 4210 2632 4263 καί.
2673 4207 2940 4277 τοσαύτην
2965 4207 3098 4276 ὅσην
3121 4203 3257 4274 Θεῷ.
3286 4204 3349 4256 Εἰ
3378 4202 3484 4273 γὰρ
3514 4202 3589 4274 μὴ
3621 4202 3781 4256 τοῦτο

2209 4307 2647 4377 συγχωρήσαιεν,
2681 4301 2852 4356 πολλά
2894 4301 3082 4370 ἕψεται
3111 4300 3180 4353 τά
3207 4298 3404 4352 ἄτοπα.
3442 4298 3643 4350 Σκόπει
3679 4297 3776 4350 δέ·

2208 4402 2435 4474 Κεφαλὴ
2472 4397 2567 4453 τοῦ
2606 4396 2842 4470 Χριστοῦ
2887 4399 2916 4450 6
2955 4396 3105 4460 Θεὸς,
3139 4386 3294 4459 οὗτος
3328 4393 3386 4447 δέ
3437 4391 3530 4444 τοῦ
3563 4392 3779 4462 ἀνδρὸς,

2206 4500 2459 4561 κάκεῖνος
2477 4497 2578 4568 τῆς
2607 4495 2882 4564 γυναικός.
2907 4493 3114 4546 Οὐκοῦν
3146 4494 3193 4545 εἰ
3223 4491 3313 4545 ἐπὶ
3340 4490 3556 4544 πάντων
3579 4488 3779 4558 ὁμοίως

2207 4593 2530 4663 ἐκλάσοιμεν
2586 4591 2684 4662 τὴν
2736 4587 3012 4660 κεφαλὴν,
3063 4587 3316 4641 τοσοῦτον
3373 4584 3525 4638 ἔσται
3581 4584 3609 4634 6
3654 4583 3778 4647 Υίδς

2207 4686 2532 4759 ἀφεστηκὼς
2557 4687 2652 4739 τοῦ
2677 4687 2911 4759 Πατρὸς,
2938 4686 3060 4738 ὅσον
3091 4686 3244 4756 ἡμεῖς
3269 4678 3454 4735 αὐτοῦ.
3497 4678 3660 4732 Ἀλλά
3685 4679 3787 4735 καὶ

2208 4787 2241 4855 ἡ
2271 4784 2408 4854 γυνὴ
2435 4782 2688 4836 τοσοῦτον
2729 4782 2886 4853 ἡμῶν
2912 4781 3280 4851 ἀποστήσεται
3303 4818 3319 4843 ,
3347 4777 3472 4829 ὅσον
3497 4779 3658 4846 ἡμεῖς
3684 4777 3778 4829 τοῦ

2207 4879 2341 4933 Θεοῦ
2373 4879 2548 4946 Λόγου
2574 4895 2588 4909 ·
2620 4879 2716 4932 καὶ
2734 4879 2872 4946 ὅπερ
2899 4878 3046 4929 ἐστὶν
3066 4879 3094 4928 ὀ
3115 4874 3241 4935 Υίδς
3269 4872 3404 4942 πρὸς
3422 4871 3514 4923 τὸν
3537 4871 3778 4944 Πατέρα,

2206 4975 2364 5028 τοῦτο
2390 4975 2484 5027 καὶ
2516 4975 2677 5044 ἡμεῖς
2710 4973 2844 5045 πρὸς
2874 4973 2964 5026 16v
2991 4970 3139 5033 Υίδν,
3163 4968 3258 5021 καὶ
3291 4968 3324 5038 ἡ
3356 4967 3494 5035 γυνὴ
3529 4967 3664 5038 πρὸς
3689 4969 3779 5022 τὸν

2208 5072 2376 5143 ἀνδρα
2405 5070 2587 5124 πάλιν.
2618 5070 2725 5122 Καὶ
2754 5069 2837 5134 τίς
2870 5069 3043 5122 ταῦτα
3074 5063 3354 5129 ἀνέξεται;
3396 5061 3539 5116 ’Χλλ’
3579 5066 3778 5136 ἐτέρως

2207 5155 2571 5226 ἐκλαμϐάνεις
2607 5154 2698 5206 ἐπὶ
2737 5151 2994 5221 γυναικὸς
3025 5148 3120 5201 καὶ
3150 5146 3342 5217 ἀνδρὸς
3382 5147 3481 5220 τὴν
3512 5150 3780 5218 κεφαλὴν,

2207 5249 2304 5300 καὶ
2332 5250 2430 5320 οὐχ
2459 5249 2536 5313 ὡς
2579 5248 2674 5301 ἐπὶ
2712 5247 2804 5300 τοῦ
2851 5240 3125 5312 Χριστοῦς
3158 5240 3365 5295 Οὐκοῦν
3409 5243 3504 5296 καὶ
3547 5242 3643 5297 ἐπὶ
3685 5242 3782 5294 τοῦ

2210 5338 2337 5392 Υἰοῦ
2369 5343 2465 5395 καὶ
2503 5341 2600 5394 τοῦ
2632 5338 2844 5410 [ἰατρὸς
2891 5334 3091 5404 ἑτέρως
3132 5333 3431 5405 ἐκληπτέον
3471 5339 3624 5407 ἡμῖν.
3669 5335 3780 5389 Καὶ

2208 5435 2326 5498 πῶς
2357 5436 2556 5504 ἑτέρως
2593 5431 2927 5504 ἐκληπτέον;
2964 5428 3113 5500 φησί.
3148 5431 3306 5486 Κατά
3331 5430 3394 5485 16
3431 5430 3623 5483 αἴτιον.
3669 5428 3779 5482 Καὶ

2209 5528 2316 5599 γάρ
2342 5528 2500 5600 εῖπερ
2529 5529 2704 5600 ἀρχὴν
2729 5526 2910 5596 ἐζήτει
2940 5527 3113 5581 εἰπεῖν
3140 5527 3234 5581 καὶ
3263 5525 3542 5593 ὑποταγὴν
3568 5525 3599 5577 6
3630 5523 3780 5577 Παῦ-

2206 5627 2316 5689 λος,
2345 5626 2420 5690 ὠς
2451 5627 2515 5680 σὺ
2541 5624 2667 5694 φὴς,
2692 5623 2792 5676 οὐκ
2812 5621 2877 5676 ἂν
2897 5626 3128 5692 γυναῖκα
3147 5627 3465 5704 Μρῄγαγεν
3485 5623 3564 5683 εἰς
3587 5621 3774 5691 μέσον,

2205 5721 2340 5778 ἀλλά
2365 5721 2549 5775 δοῦλον
2579 5719 2783 5790 μᾶλλον
2811 5720 2905 5775 καί
2927 5721 3213 5796 δεσπότην.
3241 5718 3307 5775 Εἰ
3329 5717 3438 5790 γᾶρ
3457 5717 3552 5771 καὶ
3580 5713 3777 5771 ὕπατό-

2204 5838 2401 5877 τακται
2432 5821 2564 5892 ἡμῖν
2597 5819 2627 5890 ἡ
2653 5818 2809 5890 γυνὴ,
2841 5820 2954 5874 ἀλλ’
2983 5821 3056 5886 ὡς
3083 5819 3239 5892 γυνὴ,
3276 5817 3389 5873 ἀλλ’
3415 5817 3488 5882 ὼς
3515 5809 3770 5886 ἐλευθὶρα
