  <div class='ocr_page' id='page_1' title='image "/cluster/home/n/w/nwhite01/storage/ocr_20150623/61/nnc1.0022379681/222.png"; bbox 0 0 4022 6214; ppageno 0'>
   <div class='ocr_carea' id='block_1_1' title="bbox 334 337 442 391">
    <p class='ocr_par' dir='ltr' id='par_1_1' title="bbox 334 337 442 391">
     <span class='ocr_line' id='line_1_1' title="bbox 334 337 442 391; baseline 0 -1"><span class='ocrx_word' id='word_1_1' title='bbox 334 337 442 391; x_wconf 72' lang='grc'><strong>213</strong></span> 
     </span>
    </p>
   </div>
   <div class='ocr_carea' id='block_1_2' title="bbox 334 445 1908 522">
    <p class='ocr_par' dir='ltr' id='par_1_2' title="bbox 334 445 1908 522">
     <span class='ocr_line' id='line_1_2' title="bbox 334 445 1908 522; baseline -0.008 -12"><span class='ocrx_word' id='word_1_2' title='bbox 334 457 565 522; x_wconf 77' lang='lat' dir='ltr'><strong>tdeoque</strong></span> <span class='ocrx_word' id='word_1_3' title='bbox 593 449 861 518; x_wconf 81' lang='lat' dir='ltr'><strong>subjunsit</strong></span> <span class='ocrx_word' id='word_1_4' title='bbox 886 464 900 503; x_wconf 84' lang='lat'><strong><em>:</em></strong></span> <span class='ocrx_word' id='word_1_5' title='bbox 936 445 1229 515; x_wconf 76' lang='lat' dir='ltr'><strong>Gloriﬁcate</strong></span> <span class='ocrx_word' id='word_1_6' title='bbox 1256 445 1415 499; x_wconf 86' lang='lat' dir='ltr'><strong>Deum</strong></span> <span class='ocrx_word' id='word_1_7' title='bbox 1438 446 1725 516; x_wconf 68' lang='lat' dir='ltr'><strong>incorpore</strong></span> <span class='ocrx_word' id='word_1_8' title='bbox 1744 452 1908 498; x_wconf 79' lang='lat' dir='ltr'><strong>vestro</strong></span> 
     </span>
    </p>
   </div>
   <div class='ocr_carea' id='block_1_3' title="bbox 332 528 1911 612">
    <p class='ocr_par' dir='ltr' id='par_1_3' title="bbox 332 528 1911 612">
     <span class='ocr_line' id='line_1_3' title="bbox 332 528 1911 612; baseline -0.007 -14"><span class='ocrx_word' id='word_1_9' title='bbox 332 555 381 598; x_wconf 84' lang='lat' dir='ltr'><strong>et</strong></span> <span class='ocrx_word' id='word_1_10' title='bbox 419 544 599 612; x_wconf 79' lang='lat' dir='ltr'><strong>spiritu</strong></span> <span class='ocrx_word' id='word_1_11' title='bbox 627 551 789 594; x_wconf 82' lang='lat' dir='ltr'><strong>vestro</strong></span> <span class='ocrx_word' id='word_1_12' title='bbox 829 535 1049 609; x_wconf 67' lang='lat' dir='ltr'><strong>(LCor.</strong></span> <span class='ocrx_word' id='word_1_13' title='bbox 1082 537 1135 593; x_wconf 88' lang='lat'><strong>6.</strong></span> <span class='ocrx_word' id='word_1_14' title='bbox 1162 536 1273 600; x_wconf 75' lang='grc'><strong>20).</strong></span> <span class='ocrx_word' id='word_1_15' title='bbox 1324 536 1391 590; x_wconf 87' lang='lat' dir='ltr'><strong>Et</strong></span> <span class='ocrx_word' id='word_1_16' title='bbox 1430 550 1616 590; x_wconf 86' lang='lat' dir='ltr'><strong>rursus</strong></span> <span class='ocrx_word' id='word_1_17' title='bbox 1657 548 1777 589; x_wconf 91' lang='lat' dir='ltr'><strong>cum</strong></span> <span class='ocrx_word' id='word_1_18' title='bbox 1817 528 1911 588; x_wconf 88' lang='lat' dir='ltr'><strong>di-</strong></span> 
     </span>
    </p>
   </div>
   <div class='ocr_carea' id='block_1_4' title="bbox 335 626 1909 702">
    <p class='ocr_par' dir='ltr' id='par_1_4' title="bbox 335 626 1909 702">
     <span class='ocr_line' id='line_1_4' title="bbox 335 626 1909 702; baseline -0.008 -13"><span class='ocrx_word' id='word_1_19' title='bbox 335 637 502 690; x_wconf 81' lang='lat' dir='ltr'><strong>xisset</strong></span> <span class='ocrx_word' id='word_1_20' title='bbox 532 649 636 687; x_wconf 89' lang='lat' dir='ltr'><strong>non</strong></span> <span class='ocrx_word' id='word_1_21' title='bbox 662 640 910 702; x_wconf 83' lang='lat' dir='ltr'><strong>Oportere</strong></span> <span class='ocrx_word' id='word_1_22' title='bbox 937 630 1229 698; x_wconf 82' lang='lat' dir='ltr'><strong>sapientem</strong></span> <span class='ocrx_word' id='word_1_23' title='bbox 1249 643 1368 682; x_wconf 87' lang='lat' dir='ltr'><strong>esse</strong></span> <span class='ocrx_word' id='word_1_24' title='bbox 1390 636 1608 681; x_wconf 73' lang='lat' dir='ltr'><strong>externa</strong></span> <span class='ocrx_word' id='word_1_25' title='bbox 1628 626 1909 695; x_wconf 73' lang='lat' dir='ltr'><strong>sapientia,</strong></span> 
     </span>
    </p>
   </div>
   <div class='ocr_carea' id='block_1_5' title="bbox 332 716 1911 789">
    <p class='ocr_par' dir='ltr' id='par_1_5' title="bbox 332 716 1911 789">
     <span class='ocr_line' id='line_1_5' title="bbox 332 716 1911 789; baseline -0.008 -6"><span class='ocrx_word' id='word_1_26' title='bbox 332 745 441 783; x_wconf 82' lang='lat' dir='ltr'><strong>non</strong></span> <span class='ocrx_word' id='word_1_27' title='bbox 482 731 583 781; x_wconf 89' lang='lat' dir='ltr'><strong>hoc</strong></span> <span class='ocrx_word' id='word_1_28' title='bbox 616 733 899 780; x_wconf 89' lang='lat' dir='ltr'><strong>contentus</strong></span> <span class='ocrx_word' id='word_1_29' title='bbox 936 732 1039 788; x_wconf 85' lang='lat' dir='ltr'><strong>est,</strong></span> <span class='ocrx_word' id='word_1_30' title='bbox 1081 721 1172 775; x_wconf 90' lang='lat' dir='ltr'><strong>sed</strong></span> <span class='ocrx_word' id='word_1_31' title='bbox 1213 719 1365 789; x_wconf 80' lang='lat' dir='ltr'><strong>jubet</strong></span> <span class='ocrx_word' id='word_1_32' title='bbox 1405 720 1624 774; x_wconf 88' lang='lat' dir='ltr'><strong>stultum</strong></span> <span class='ocrx_word' id='word_1_33' title='bbox 1666 718 1808 773; x_wconf 71' lang='lat' dir='ltr'><strong>fieri.</strong></span> <span class='ocrx_word' id='word_1_34' title='bbox 1845 716 1911 772; x_wconf 84' lang='lat' dir='ltr'><strong>Et</strong></span> 
     </span>
    </p>
   </div>
   <div class='ocr_carea' id='block_1_6' title="bbox 332 798 1911 881">
    <p class='ocr_par' dir='ltr' id='par_1_6' title="bbox 332 798 1911 881">
     <span class='ocr_line' id='line_1_6' title="bbox 332 798 1911 881; baseline -0.008 -7"><span class='ocrx_word' id='word_1_35' title='bbox 332 836 459 874; x_wconf 84' lang='lat' dir='ltr'><strong>cum</strong></span> <span class='ocrx_word' id='word_1_36' title='bbox 484 820 574 871; x_wconf 91' lang='lat' dir='ltr'><strong>dat</strong></span> <span class='ocrx_word' id='word_1_37' title='bbox 612 798 900 870; x_wconf 40' lang='lat' dir='ltr'><strong>consilium.</strong></span> <span class='ocrx_word' id='word_1_38' title='bbox 938 828 1041 866; x_wconf 85' lang='lat' dir='ltr'><strong>non</strong></span> <span class='ocrx_word' id='word_1_39' title='bbox 1069 812 1270 881; x_wconf 81' lang='lat' dir='ltr'><strong>judicio</strong></span> <span class='ocrx_word' id='word_1_40' title='bbox 1300 810 1739 866; x_wconf 80' lang='lat' dir='ltr'><strong>contendendum</strong></span> <span class='ocrx_word' id='word_1_41' title='bbox 1790 823 1911 863; x_wconf 89' lang='lat' dir='ltr'><strong>esse</strong></span> 
     </span>
    </p>
   </div>
   <div class='ocr_carea' id='block_1_7' title="bbox 330 898 1911 978">
    <p class='ocr_par' dir='ltr' id='par_1_7' title="bbox 330 898 1911 978">
     <span class='ocr_line' id='line_1_7' title="bbox 330 898 1911 978; baseline -0.005 -16"><span class='ocrx_word' id='word_1_42' title='bbox 330 910 469 978; x_wconf 86' lang='lat' dir='ltr'><strong>apud</strong></span> <span class='ocrx_word' id='word_1_43' title='bbox 522 917 797 970; x_wconf 76' lang='lat' dir='ltr'><strong>externos,</strong></span> <span class='ocrx_word' id='word_1_44' title='bbox 846 920 1020 966; x_wconf 88' lang='lat' dir='ltr'><strong>neque</strong></span> <span class='ocrx_word' id='word_1_45' title='bbox 1066 904 1312 972; x_wconf 84' lang='lat' dir='ltr'><strong>injuriam</strong></span> <span class='ocrx_word' id='word_1_46' title='bbox 1369 917 1491 956; x_wconf 84' lang='lat' dir='ltr'><strong>esse</strong></span> <span class='ocrx_word' id='word_1_47' title='bbox 1546 898 1911 965; x_wconf 77' lang='lat' dir='ltr'><strong>inferendam;</strong></span> 
     </span>
    </p>
   </div>
   <div class='ocr_carea' id='block_1_8' title="bbox 331 994 1913 1072">
    <p class='ocr_par' dir='ltr' id='par_1_8' title="bbox 331 994 1913 1072">
     <span class='ocr_line' id='line_1_8' title="bbox 331 994 1913 1072; baseline -0.004 -17"><span class='ocrx_word' id='word_1_48' title='bbox 331 1015 647 1072; x_wconf 80' lang='lat' dir='ltr'><strong>progressus</strong></span> <span class='ocrx_word' id='word_1_49' title='bbox 696 999 857 1053; x_wconf 84' lang='lat' dir='ltr'><strong>etiam</strong></span> <span class='ocrx_word' id='word_1_50' title='bbox 902 996 1104 1066; x_wconf 84' lang='lat' dir='ltr'><strong>judicio</strong></span> <span class='ocrx_word' id='word_1_51' title='bbox 1162 995 1489 1049; x_wconf 89' lang='lat' dir='ltr'><strong>contendere</strong></span> <span class='ocrx_word' id='word_1_52' title='bbox 1538 994 1805 1061; x_wconf 81' lang='lat' dir='ltr'><strong>prohibet,</strong></span> <span class='ocrx_word' id='word_1_53' title='bbox 1856 1002 1913 1048; x_wconf 82' lang='lat' dir='ltr'><strong>ct.</strong></span> 
     </span>
    </p>
   </div>
   <div class='ocr_carea' id='block_1_9' title="bbox 328 1084 1906 1153">
    <p class='ocr_par' dir='ltr' id='par_1_9' title="bbox 328 1084 1906 1153">
     <span class='ocr_line' id='line_1_9' title="bbox 328 1084 1906 1153; baseline -0.007 -5"><span class='ocrx_word' id='word_1_54' title='bbox 328 1086 607 1147; x_wconf 77' lang='lat' dir='ltr'><strong>consilium</strong></span> <span class='ocrx_word' id='word_1_55' title='bbox 648 1092 737 1143; x_wconf 90' lang='lat' dir='ltr'><strong>dat</strong></span> <span class='ocrx_word' id='word_1_56' title='bbox 761 1099 816 1143; x_wconf 88' lang='lat' dir='ltr'><strong>ut</strong></span> <span class='ocrx_word' id='word_1_57' title='bbox 855 1104 959 1143; x_wconf 86' lang='lat' dir='ltr'><strong>non</strong></span> <span class='ocrx_word' id='word_1_58' title='bbox 997 1088 1156 1141; x_wconf 86' lang='lat' dir='ltr'><strong>modo</strong></span> <span class='ocrx_word' id='word_1_59' title='bbox 1190 1101 1293 1140; x_wconf 90' lang='lat' dir='ltr'><strong>non</strong></span> <span class='ocrx_word' id='word_1_60' title='bbox 1319 1086 1563 1153; x_wconf 81' lang='lat' dir='ltr'><strong>injuriam</strong></span> <span class='ocrx_word' id='word_1_61' title='bbox 1598 1084 1906 1151; x_wconf 78' lang='lat' dir='ltr'><strong>inferamus,</strong></span> 
     </span>
    </p>
   </div>
   <div class='ocr_carea' id='block_1_10' title="bbox 326 1177 1905 1252">
    <p class='ocr_par' dir='ltr' id='par_1_10' title="bbox 326 1177 1905 1252">
     <span class='ocr_line' id='line_1_10' title="bbox 326 1177 1905 1252; baseline -0.004 -15"><span class='ocrx_word' id='word_1_62' title='bbox 326 1186 419 1239; x_wconf 87' lang='lat' dir='ltr'><strong>sed</strong></span> <span class='ocrx_word' id='word_1_63' title='bbox 445 1194 501 1238; x_wconf 90' lang='lat' dir='ltr'><strong>ut</strong></span> <span class='ocrx_word' id='word_1_64' title='bbox 522 1185 767 1252; x_wconf 72' lang='lat' dir='ltr'><strong>iniuriam</strong></span> <span class='ocrx_word' id='word_1_65' title='bbox 794 1183 1075 1251; x_wconf 76' lang='lat' dir='ltr'><strong>patiamur.</strong></span> <span class='ocrx_word' id='word_1_66' title='bbox 1102 1181 1169 1235; x_wconf 83' lang='lat' dir='ltr'><strong>Et</strong></span> <span class='ocrx_word' id='word_1_67' title='bbox 1189 1180 1256 1233; x_wconf 83' lang='lat' dir='ltr'><strong>de</strong></span> <span class='ocrx_word' id='word_1_68' title='bbox 1280 1178 1587 1247; x_wconf 70' lang='lat' dir='ltr'><strong>idolothytis</strong></span> <span class='ocrx_word' id='word_1_69' title='bbox 1610 1177 1905 1241; x_wconf 80' lang='lat' dir='ltr'><strong>disserens,</strong></span> 
     </span>
    </p>
   </div>
   <div class='ocr_carea' id='block_1_11' title="bbox 328 1256 1907 1341">
    <p class='ocr_par' dir='ltr' id='par_1_11' title="bbox 328 1256 1907 1341">
     <span class='ocr_line' id='line_1_11' title="bbox 328 1256 1907 1341; baseline -0.004 -14"><span class='ocrx_word' id='word_1_70' title='bbox 328 1291 433 1329; x_wconf 89' lang='lat' dir='ltr'><strong>non</strong></span> <span class='ocrx_word' id='word_1_71' title='bbox 477 1275 607 1329; x_wconf 77' lang='lat' dir='ltr'><strong>dixit</strong></span> <span class='ocrx_word' id='word_1_72' title='bbox 640 1274 798 1327; x_wconf 87' lang='lat' dir='ltr'><strong>modo</strong></span> <span class='ocrx_word' id='word_1_73' title='bbox 826 1288 854 1324; x_wconf 89' lang='lat' dir='ltr'><strong>a</strong></span> <span class='ocrx_word' id='word_1_74' title='bbox 888 1256 1165 1341; x_wconf 83' lang='lat' dir='ltr'><strong>prohibitis</strong></span> <span class='ocrx_word' id='word_1_75' title='bbox 1206 1270 1474 1323; x_wconf 86' lang='lat' dir='ltr'><strong>abstinere</strong></span> <span class='ocrx_word' id='word_1_76' title='bbox 1510 1278 1779 1336; x_wconf 77' lang='lat' dir='ltr'><strong>oportere.</strong></span> <span class='ocrx_word' id='word_1_77' title='bbox 1814 1268 1907 1321; x_wconf 90' lang='lat' dir='ltr'><strong>sed</strong></span> 
     </span>
    </p>
   </div>
   <div class='ocr_carea' id='block_1_12' title="bbox 326 1359 1904 1432">
    <p class='ocr_par' dir='ltr' id='par_1_12' title="bbox 326 1359 1904 1432">
     <span class='ocr_line' id='line_1_12' title="bbox 326 1359 1904 1432; baseline -0.006 -10"><span class='ocrx_word' id='word_1_78' title='bbox 326 1370 490 1422; x_wconf 83' lang='lat' dir='ltr'><strong>etiam</strong></span> <span class='ocrx_word' id='word_1_79' title='bbox 536 1382 567 1421; x_wconf 89' lang='lat' dir='ltr'><strong>a</strong></span> <span class='ocrx_word' id='word_1_80' title='bbox 614 1367 909 1429; x_wconf 82' lang='lat' dir='ltr'><strong>concessis,</strong></span> <span class='ocrx_word' id='word_1_81' title='bbox 957 1362 1171 1432; x_wconf 79' lang='lat' dir='ltr'><strong>quando</strong></span> <span class='ocrx_word' id='word_1_82' title='bbox 1220 1376 1304 1415; x_wconf 81' lang='lat' dir='ltr'><strong>res</strong></span> <span class='ocrx_word' id='word_1_83' title='bbox 1348 1359 1675 1415; x_wconf 81' lang='lat' dir='ltr'><strong>offeudiculo</strong></span> <span class='ocrx_word' id='word_1_84' title='bbox 1720 1362 1904 1424; x_wconf 87' lang='lat' dir='ltr'><strong>fuerit;</strong></span> 
     </span>
    </p>
   </div>
   <div class='ocr_carea' id='block_1_13' title="bbox 328 1451 1907 1531">
    <p class='ocr_par' dir='ltr' id='par_1_13' title="bbox 328 1451 1907 1531">
     <span class='ocr_line' id='line_1_13' title="bbox 328 1451 1907 1531; baseline -0.004 -18"><span class='ocrx_word' id='word_1_85' title='bbox 328 1475 500 1531; x_wconf 79' lang='lat' dir='ltr'><strong>neque</strong></span> <span class='ocrx_word' id='word_1_86' title='bbox 525 1458 685 1512; x_wconf 83' lang='lat' dir='ltr'><strong>modo</strong></span> <span class='ocrx_word' id='word_1_87' title='bbox 712 1473 818 1511; x_wconf 84' lang='lat' dir='ltr'><strong>non</strong></span> <span class='ocrx_word' id='word_1_88' title='bbox 842 1456 1189 1509; x_wconf 65' lang='lat' dir='ltr'><strong>offendendos</strong></span> <span class='ocrx_word' id='word_1_89' title='bbox 1215 1467 1333 1508; x_wconf 88' lang='lat' dir='ltr'><strong>esse</strong></span> <span class='ocrx_word' id='word_1_90' title='bbox 1360 1451 1571 1513; x_wconf 88' lang='lat' dir='ltr'><strong>fratres,</strong></span> <span class='ocrx_word' id='word_1_91' title='bbox 1601 1468 1784 1506; x_wconf 81' lang='lat' dir='ltr'><strong>verum</strong></span> <span class='ocrx_word' id='word_1_92' title='bbox 1808 1467 1907 1507; x_wconf 88' lang='lat' dir='ltr'><strong>nec</strong></span> 
     </span>
    </p>
   </div>
   <div class='ocr_carea' id='block_1_14' title="bbox 326 1544 1907 1614">
    <p class='ocr_par' dir='ltr' id='par_1_14' title="bbox 326 1544 1907 1614">
     <span class='ocr_line' id='line_1_14' title="bbox 326 1544 1907 1614; baseline -0.006 -9"><span class='ocrx_word' id='word_1_93' title='bbox 326 1552 543 1606; x_wconf 75' lang='lat' dir='ltr'><strong>Graecos</strong></span> <span class='ocrx_word' id='word_1_94' title='bbox 571 1565 667 1602; x_wconf 86' lang='lat' dir='ltr'><strong>nec</strong></span> <span class='ocrx_word' id='word_1_95' title='bbox 703 1548 952 1611; x_wconf 62' lang='lat' dir='ltr'><strong>Judagos;</strong></span> <span class='ocrx_word' id='word_1_96' title='bbox 986 1547 1111 1601; x_wconf 74' lang='lat' dir='ltr'><strong>Sine</strong></span> <span class='ocrx_word' id='word_1_97' title='bbox 1136 1544 1430 1612; x_wconf 68' lang='lat' dir='ltr'><strong>offensione,</strong></span> <span class='ocrx_word' id='word_1_98' title='bbox 1466 1545 1655 1614; x_wconf 86' lang='lat' dir='ltr'><strong>inquit,</strong></span> <span class='ocrx_word' id='word_1_99' title='bbox 1684 1554 1838 1598; x_wconf 85' lang='lat' dir='ltr'><strong>estote</strong></span> <span class='ocrx_word' id='word_1_100' title='bbox 1861 1553 1907 1598; x_wconf 82' lang='lat' dir='ltr'><strong>et</strong></span> 
     </span>
    </p>
   </div>
   <div class='ocr_carea' id='block_1_15' title="bbox 324 1636 1905 1707">
    <p class='ocr_par' dir='ltr' id='par_1_15' title="bbox 324 1636 1905 1707">
     <span class='ocr_line' id='line_1_15' title="bbox 324 1636 1905 1707; baseline 0 -14"><span class='ocrx_word' id='word_1_101' title='bbox 324 1641 521 1695; x_wconf 70' lang='lat' dir='ltr'><strong>Judwis</strong></span> <span class='ocrx_word' id='word_1_102' title='bbox 552 1650 597 1693; x_wconf 88' lang='lat' dir='ltr'><strong>et</strong></span> <span class='ocrx_word' id='word_1_103' title='bbox 646 1638 835 1693; x_wconf 64' lang='lat' dir='ltr'><strong>Graecis</strong></span> <span class='ocrx_word' id='word_1_104' title='bbox 864 1644 910 1691; x_wconf 83' lang='lat' dir='ltr'><strong>et</strong></span> <span class='ocrx_word' id='word_1_105' title='bbox 946 1637 1191 1692; x_wconf 70' lang='lat' dir='ltr'><strong>ECClesitE</strong></span> <span class='ocrx_word' id='word_1_106' title='bbox 1236 1637 1348 1692; x_wconf 86' lang='lat' dir='ltr'><strong>Dei.</strong></span> <span class='ocrx_word' id='word_1_107' title='bbox 1380 1636 1511 1691; x_wconf 87' lang='lat' dir='ltr'><strong>Cum</strong></span> <span class='ocrx_word' id='word_1_108' title='bbox 1558 1653 1685 1707; x_wconf 77' lang='lat' dir='ltr'><strong>ergo</strong></span> <span class='ocrx_word' id='word_1_109' title='bbox 1726 1637 1792 1691; x_wconf 88' lang='lat' dir='ltr'><strong>de</strong></span> <span class='ocrx_word' id='word_1_110' title='bbox 1820 1636 1905 1693; x_wconf 90' lang='lat' dir='ltr'><strong>his</strong></span> 
     </span>
    </p>
   </div>
   <div class='ocr_carea' id='block_1_16' title="bbox 326 1726 1904 1797">
    <p class='ocr_par' dir='ltr' id='par_1_16' title="bbox 326 1726 1904 1797">
     <span class='ocr_line' id='line_1_16' title="bbox 326 1726 1904 1797; baseline -0.002 -13"><span class='ocrx_word' id='word_1_111' title='bbox 326 1734 576 1786; x_wconf 84' lang='lat' dir='ltr'><strong>omnibus</strong></span> <span class='ocrx_word' id='word_1_112' title='bbox 616 1733 915 1785; x_wconf 85' lang='lat' dir='ltr'><strong>orationem</strong></span> <span class='ocrx_word' id='word_1_113' title='bbox 958 1730 1294 1793; x_wconf 76' lang='lat' dir='ltr'><strong>absolvisset,</strong></span> <span class='ocrx_word' id='word_1_114' title='bbox 1342 1728 1597 1797; x_wconf 79' lang='lat' dir='ltr'><strong>deinceps</strong></span> <span class='ocrx_word' id='word_1_115' title='bbox 1648 1728 1713 1781; x_wconf 83' lang='lat' dir='ltr'><strong>ad</strong></span> <span class='ocrx_word' id='word_1_116' title='bbox 1763 1726 1904 1781; x_wconf 85' lang='lat' dir='ltr'><strong>aliud</strong></span> 
     </span>
    </p>
   </div>
   <div class='ocr_carea' id='block_1_17' title="bbox 324 1821 1905 1895">
    <p class='ocr_par' dir='ltr' id='par_1_17' title="bbox 324 1821 1905 1895">
     <span class='ocr_line' id='line_1_17' title="bbox 324 1821 1905 1895; baseline -0.003 -16"><span class='ocrx_word' id='word_1_117' title='bbox 324 1828 526 1881; x_wconf 88' lang='lat' dir='ltr'><strong>crimen</strong></span> <span class='ocrx_word' id='word_1_118' title='bbox 569 1824 831 1895; x_wconf 79' lang='lat' dir='ltr'><strong>procedit.</strong></span> <span class='ocrx_word' id='word_1_119' title='bbox 873 1823 1150 1887; x_wconf 76' lang='lat' dir='ltr'><strong>Quodnam</strong></span> <span class='ocrx_word' id='word_1_120' title='bbox 1179 1821 1308 1876; x_wconf 92' lang='lat' dir='ltr'><strong>illud</strong></span> <span class='ocrx_word' id='word_1_121' title='bbox 1345 1823 1499 1877; x_wconf 84' lang='lat' dir='ltr'><strong>erat?</strong></span> <span class='ocrx_word' id='word_1_122' title='bbox 1540 1821 1905 1875; x_wconf 77' lang='lat' dir='ltr'><strong>Muliercs‘de-</strong></span> 
     </span>
    </p>
   </div>
   <div class='ocr_carea' id='block_1_18' title="bbox 328 1913 1900 1982">
    <p class='ocr_par' dir='ltr' id='par_1_18' title="bbox 328 1913 1900 1982">
     <span class='ocr_line' id='line_1_18' title="bbox 328 1913 1900 1982; baseline -0.003 -13"><span class='ocrx_word' id='word_1_123' title='bbox 328 1926 479 1971; x_wconf 72' lang='lat' dir='ltr'><strong>teetzc</strong></span> <span class='ocrx_word' id='word_1_124' title='bbox 508 1925 562 1971; x_wconf 90' lang='lat' dir='ltr'><strong>et</strong></span> <span class='ocrx_word' id='word_1_125' title='bbox 606 1915 751 1969; x_wconf 89' lang='lat' dir='ltr'><strong>nudo</strong></span> <span class='ocrx_word' id='word_1_126' title='bbox 796 1916 970 1982; x_wconf 77' lang='lat' dir='ltr'><strong>capite</strong></span> <span class='ocrx_word' id='word_1_127' title='bbox 1013 1923 1068 1968; x_wconf 82' lang='lat' dir='ltr'><strong>et</strong></span> <span class='ocrx_word' id='word_1_128' title='bbox 1114 1913 1341 1966; x_wconf 76' lang='lat' dir='ltr'><strong>orabant</strong></span> <span class='ocrx_word' id='word_1_129' title='bbox 1387 1922 1441 1965; x_wconf 86' lang='lat' dir='ltr'><strong>ct</strong></span> <span class='ocrx_word' id='word_1_130' title='bbox 1482 1913 1900 1982; x_wconf 86' lang='lat' dir='ltr'><strong>prophetabant;</strong></span> 
     </span>
    </p>
   </div>
   <div class='ocr_carea' id='block_1_19' title="bbox 325 2005 1901 2077">
    <p class='ocr_par' dir='ltr' id='par_1_19' title="bbox 325 2005 1901 2077">
     <span class='ocr_line' id='line_1_19' title="bbox 325 2005 1901 2077; baseline -0.003 -14"><span class='ocrx_word' id='word_1_131' title='bbox 325 2018 451 2063; x_wconf 87' lang='lat' dir='ltr'><strong>tunc</strong></span> <span class='ocrx_word' id='word_1_132' title='bbox 473 2009 615 2063; x_wconf 85' lang='lat' dir='ltr'><strong>enim</strong></span> <span class='ocrx_word' id='word_1_133' title='bbox 650 2006 1035 2077; x_wconf 81' lang='lat' dir='ltr'><strong>prephetabant</strong></span> <span class='ocrx_word' id='word_1_134' title='bbox 1060 2007 1342 2060; x_wconf 87' lang='lat' dir='ltr'><strong>mulieres:</strong></span> <span class='ocrx_word' id='word_1_135' title='bbox 1370 2005 1467 2059; x_wconf 70' lang='lat' dir='ltr'><strong>viri</strong></span> <span class='ocrx_word' id='word_1_136' title='bbox 1495 2015 1670 2060; x_wconf 88' lang='lat' dir='ltr'><strong>autem</strong></span> <span class='ocrx_word' id='word_1_137' title='bbox 1695 2020 1901 2059; x_wconf 87' lang='lat' dir='ltr'><strong>comam</strong></span> 
     </span>
    </p>
   </div>
   <div class='ocr_carea' id='block_1_20' title="bbox 325 2096 1905 2167">
    <p class='ocr_par' dir='ltr' id='par_1_20' title="bbox 325 2096 1905 2167">
     <span class='ocr_line' id='line_1_20' title="bbox 325 2096 1905 2167; baseline -0.002 -13"><span class='ocrx_word' id='word_1_138' title='bbox 325 2100 559 2164; x_wconf 85' lang='lat' dir='ltr'><strong>alebant,</strong></span> <span class='ocrx_word' id='word_1_139' title='bbox 606 2109 789 2163; x_wconf 87' lang='lat' dir='ltr'><strong>utpote</strong></span> <span class='ocrx_word' id='word_1_140' title='bbox 826 2099 916 2165; x_wconf 87' lang='lat' dir='ltr'><strong>qui</strong></span> <span class='ocrx_word' id='word_1_141' title='bbox 955 2099 1005 2149; x_wconf 91' lang='lat' dir='ltr'><strong>in</strong></span> <span class='ocrx_word' id='word_1_142' title='bbox 1053 2096 1387 2165; x_wconf 72' lang='lat' dir='ltr'><strong>philosophia</strong></span> <span class='ocrx_word' id='word_1_143' title='bbox 1447 2107 1809 2161; x_wconf 80' lang='lat' dir='ltr'><strong>versarentur,</strong></span> <span class='ocrx_word' id='word_1_144' title='bbox 1850 2106 1905 2167; x_wconf 84' lang='lat' dir='ltr'><strong>et</strong></span> 
     </span>
    </p>
   </div>
   <div class='ocr_carea' id='block_1_21' title="bbox 326 2186 1901 2258">
    <p class='ocr_par' dir='ltr' id='par_1_21' title="bbox 326 2186 1901 2258">
     <span class='ocr_line' id='line_1_21' title="bbox 326 2186 1901 2258; baseline -0.001 -15"><span class='ocrx_word' id='word_1_145' title='bbox 326 2193 576 2258; x_wconf 78' lang='lat' dir='ltr'><strong>tegebant</strong></span> <span class='ocrx_word' id='word_1_146' title='bbox 599 2198 755 2257; x_wconf 83' lang='lat' dir='ltr'><strong>caput</strong></span> <span class='ocrx_word' id='word_1_147' title='bbox 777 2198 992 2241; x_wconf 81' lang='lat' dir='ltr'><strong>orantes</strong></span> <span class='ocrx_word' id='word_1_148' title='bbox 1013 2199 1063 2241; x_wconf 91' lang='lat' dir='ltr'><strong>et</strong></span> <span class='ocrx_word' id='word_1_149' title='bbox 1085 2186 1501 2257; x_wconf 83' lang='lat' dir='ltr'><strong>prophetantes:</strong></span> <span class='ocrx_word' id='word_1_150' title='bbox 1529 2188 1667 2256; x_wconf 88' lang='lat' dir='ltr'><strong>quod</strong></span> <span class='ocrx_word' id='word_1_151' title='bbox 1698 2194 1901 2241; x_wconf 91' lang='lat' dir='ltr'><strong>utrum-</strong></span> 
     </span>
    </p>
   </div>
   <div class='ocr_carea' id='block_1_22' title="bbox 324 2278 1903 2351">
    <p class='ocr_par' dir='ltr' id='par_1_22' title="bbox 324 2278 1903 2351">
     <span class='ocr_line' id='line_1_22' title="bbox 324 2278 1903 2351; baseline 0.001 -18"><span class='ocrx_word' id='word_1_152' title='bbox 324 2297 429 2351; x_wconf 86' lang='lat' dir='ltr'><strong>que</strong></span> <span class='ocrx_word' id='word_1_153' title='bbox 450 2283 584 2349; x_wconf 74' lang='lat' dir='ltr'><strong>legis</strong></span> <span class='ocrx_word' id='word_1_154' title='bbox 624 2280 930 2335; x_wconf 56' lang='lat' dir='ltr'><strong>Gra‘corutn</strong></span> <span class='ocrx_word' id='word_1_155' title='bbox 955 2288 1088 2335; x_wconf 82' lang='lat' dir='ltr'><strong>erat.</strong></span> <span class='ocrx_word' id='word_1_156' title='bbox 1133 2279 1263 2347; x_wconf 81' lang='lat' dir='ltr'><strong>Quia</strong></span> <span class='ocrx_word' id='word_1_157' title='bbox 1288 2294 1415 2348; x_wconf 84' lang='lat' dir='ltr'><strong>ergo</strong></span> <span class='ocrx_word' id='word_1_158' title='bbox 1444 2278 1509 2332; x_wconf 86' lang='lat' dir='ltr'><strong>de</strong></span> <span class='ocrx_word' id='word_1_159' title='bbox 1536 2278 1619 2332; x_wconf 88' lang='lat' dir='ltr'><strong>his</strong></span> <span class='ocrx_word' id='word_1_160' title='bbox 1657 2279 1903 2334; x_wconf 87' lang='lat' dir='ltr'><strong>omnibus</strong></span> 
     </span>
    </p>
   </div>
   <div class='ocr_carea' id='block_1_23' title="bbox 324 2371 1903 2441">
    <p class='ocr_par' dir='ltr' id='par_1_23' title="bbox 324 2371 1903 2441">
     <span class='ocr_line' id='line_1_23' title="bbox 324 2371 1903 2441; baseline -0.003 -13"><span class='ocrx_word' id='word_1_161' title='bbox 324 2390 437 2435; x_wconf 83' lang='lat' dir='ltr'><strong>eos,</strong></span> <span class='ocrx_word' id='word_1_162' title='bbox 490 2389 611 2427; x_wconf 89' lang='lat' dir='ltr'><strong>cum</strong></span> <span class='ocrx_word' id='word_1_163' title='bbox 652 2373 885 2437; x_wconf 80' lang='lat' dir='ltr'><strong>adesset,</strong></span> <span class='ocrx_word' id='word_1_164' title='bbox 934 2372 1234 2434; x_wconf 81' lang='lat' dir='ltr'><strong>admonuit;</strong></span> <span class='ocrx_word' id='word_1_165' title='bbox 1272 2382 1324 2425; x_wconf 82' lang='lat' dir='ltr'><strong>et</strong></span> <span class='ocrx_word' id='word_1_166' title='bbox 1366 2372 1605 2423; x_wconf 71' lang='lat' dir='ltr'><strong>fortassis</strong></span> <span class='ocrx_word' id='word_1_167' title='bbox 1650 2372 1737 2425; x_wconf 92' lang='lat' dir='ltr'><strong>alii</strong></span> <span class='ocrx_word' id='word_1_168' title='bbox 1786 2371 1903 2441; x_wconf 90' lang='lat' dir='ltr'><strong>qui-</strong></span> 
     </span>
    </p>
   </div>
   <div class='ocr_carea' id='block_1_24' title="bbox 322 2464 1900 2534">
    <p class='ocr_par' dir='ltr' id='par_1_24' title="bbox 322 2464 1900 2534">
     <span class='ocr_line' id='line_1_24' title="bbox 322 2464 1900 2534; baseline -0.001 -16"><span class='ocrx_word' id='word_1_169' title='bbox 322 2464 442 2519; x_wconf 89' lang='lat' dir='ltr'><strong>dem</strong></span> <span class='ocrx_word' id='word_1_170' title='bbox 466 2464 763 2528; x_wconf 83' lang='lat' dir='ltr'><strong>audierant,</strong></span> <span class='ocrx_word' id='word_1_171' title='bbox 789 2464 876 2517; x_wconf 90' lang='lat' dir='ltr'><strong>alii</strong></span> <span class='ocrx_word' id='word_1_172' title='bbox 902 2480 1006 2517; x_wconf 84' lang='lat' dir='ltr'><strong>non</strong></span> <span class='ocrx_word' id='word_1_173' title='bbox 1027 2476 1345 2533; x_wconf 88' lang='lat' dir='ltr'><strong>paruerant:</strong></span> <span class='ocrx_word' id='word_1_174' title='bbox 1372 2464 1492 2517; x_wconf 80' lang='lat' dir='ltr'><strong>ideo</strong></span> <span class='ocrx_word' id='word_1_175' title='bbox 1514 2479 1607 2534; x_wconf 81' lang='lat' dir='ltr'><strong>per</strong></span> <span class='ocrx_word' id='word_1_176' title='bbox 1624 2465 1900 2533; x_wconf 80' lang='lat' dir='ltr'><strong>epistulam</strong></span> 
     </span>
    </p>
   </div>
   <div class='ocr_carea' id='block_1_25' title="bbox 323 2555 1899 2627">
    <p class='ocr_par' dir='ltr' id='par_1_25' title="bbox 323 2555 1899 2627">
     <span class='ocr_line' id='line_1_25' title="bbox 323 2555 1899 2627; baseline 0.003 -19"><span class='ocrx_word' id='word_1_177' title='bbox 323 2570 529 2619; x_wconf 83' lang='lat' dir='ltr'><strong>rursus,</strong></span> <span class='ocrx_word' id='word_1_178' title='bbox 579 2564 637 2611; x_wconf 81' lang='lat' dir='ltr'><strong>ut</strong></span> <span class='ocrx_word' id='word_1_179' title='bbox 675 2556 890 2623; x_wconf 79' lang='lat' dir='ltr'><strong>sapiens</strong></span> <span class='ocrx_word' id='word_1_180' title='bbox 930 2556 1185 2617; x_wconf 85' lang='lat' dir='ltr'><strong>medicus,</strong></span> <span class='ocrx_word' id='word_1_181' title='bbox 1226 2556 1385 2608; x_wconf 70' lang='lat' dir='ltr'><strong>verba</strong></span> <span class='ocrx_word' id='word_1_182' title='bbox 1430 2555 1739 2627; x_wconf 71' lang='lat' dir='ltr'><strong>infundens,</strong></span> <span class='ocrx_word' id='word_1_183' title='bbox 1775 2572 1899 2625; x_wconf 71' lang='grc' dir='ltr'><strong>ρος·</strong></span> 
     </span>
    </p>
   </div>
   <div class='ocr_carea' id='block_1_26' title="bbox 320 2646 1897 2714">
    <p class='ocr_par' dir='ltr' id='par_1_26' title="bbox 320 2646 1897 2714">
     <span class='ocr_line' id='line_1_26' title="bbox 320 2646 1897 2714; baseline -0.001 -14"><span class='ocrx_word' id='word_1_184' title='bbox 320 2657 498 2701; x_wconf 89' lang='lat' dir='ltr'><strong>catum</strong></span> <span class='ocrx_word' id='word_1_185' title='bbox 542 2647 780 2714; x_wconf 79' lang='lat' dir='ltr'><strong>corrigit.</strong></span> <span class='ocrx_word' id='word_1_186' title='bbox 826 2646 954 2698; x_wconf 75' lang='lat' dir='ltr'><strong>Nam</strong></span> <span class='ocrx_word' id='word_1_187' title='bbox 1001 2646 1138 2713; x_wconf 88' lang='lat' dir='ltr'><strong>quod</strong></span> <span class='ocrx_word' id='word_1_188' title='bbox 1164 2660 1257 2699; x_wconf 87' lang='lat' dir='ltr'><strong>eos</strong></span> <span class='ocrx_word' id='word_1_189' title='bbox 1293 2646 1400 2713; x_wconf 87' lang='lat' dir='ltr'><strong>jam</strong></span> <span class='ocrx_word' id='word_1_190' title='bbox 1425 2660 1545 2699; x_wconf 84' lang='lat' dir='ltr'><strong>cum</strong></span> <span class='ocrx_word' id='word_1_191' title='bbox 1568 2646 1781 2700; x_wconf 80' lang='lat' dir='ltr'><strong>adesset</strong></span> <span class='ocrx_word' id='word_1_192' title='bbox 1804 2647 1897 2699; x_wconf 85' lang='lat' dir='ltr'><strong>ad-</strong></span> 
     </span>
    </p>
   </div>
   <div class='ocr_carea' id='block_1_27' title="bbox 324 2734 1903 2805">
    <p class='ocr_par' dir='ltr' id='par_1_27' title="bbox 324 2734 1903 2805">
     <span class='ocr_line' id='line_1_27' title="bbox 324 2734 1903 2805; baseline 0 -14"><span class='ocrx_word' id='word_1_193' title='bbox 324 2737 609 2805; x_wconf 76' lang='lat' dir='ltr'><strong>monuerit,</strong></span> <span class='ocrx_word' id='word_1_194' title='bbox 636 2738 809 2804; x_wconf 79' lang='lat' dir='ltr'><strong>palam</strong></span> <span class='ocrx_word' id='word_1_195' title='bbox 836 2746 917 2789; x_wconf 86' lang='lat' dir='ltr'><strong>est</strong></span> <span class='ocrx_word' id='word_1_196' title='bbox 942 2751 1007 2789; x_wconf 84' lang='lat' dir='ltr'><strong>ex</strong></span> <span class='ocrx_word' id='word_1_197' title='bbox 1027 2738 1090 2788; x_wconf 87' lang='lat' dir='ltr'><strong>iis</strong></span> <span class='ocrx_word' id='word_1_198' title='bbox 1118 2752 1236 2803; x_wconf 67' lang='lat' dir='ltr'><strong>quae</strong></span> <span class='ocrx_word' id='word_1_199' title='bbox 1260 2736 1309 2788; x_wconf 91' lang='lat' dir='ltr'><strong>in</strong></span> <span class='ocrx_word' id='word_1_200' title='bbox 1338 2737 1597 2803; x_wconf 75' lang='lat' dir='ltr'><strong>prooemio</strong></span> <span class='ocrx_word' id='word_1_201' title='bbox 1622 2734 1769 2803; x_wconf 81' lang='lat' dir='ltr'><strong>dicit.</strong></span> <span class='ocrx_word' id='word_1_202' title='bbox 1791 2736 1903 2791; x_wconf 84' lang='lat' dir='ltr'><strong>Cur</strong></span> 
     </span>
    </p>
   </div>
   <div class='ocr_carea' id='block_1_28' title="bbox 321 2826 1897 2898">
    <p class='ocr_par' dir='ltr' id='par_1_28' title="bbox 321 2826 1897 2898">
     <span class='ocr_line' id='line_1_28' title="bbox 321 2826 1897 2898; baseline 0.001 -16"><span class='ocrx_word' id='word_1_203' title='bbox 321 2829 465 2882; x_wconf 86' lang='lat' dir='ltr'><strong>enim</strong></span> <span class='ocrx_word' id='word_1_204' title='bbox 488 2840 606 2882; x_wconf 87' lang='lat' dir='ltr'><strong>cum</strong></span> <span class='ocrx_word' id='word_1_205' title='bbox 636 2828 765 2880; x_wconf 87' lang='lat' dir='ltr'><strong>nihil</strong></span> <span class='ocrx_word' id='word_1_206' title='bbox 798 2828 895 2880; x_wconf 87' lang='lat' dir='ltr'><strong>hac</strong></span> <span class='ocrx_word' id='word_1_207' title='bbox 918 2826 985 2881; x_wconf 88' lang='lat' dir='ltr'><strong>de</strong></span> <span class='ocrx_word' id='word_1_208' title='bbox 1011 2842 1068 2881; x_wconf 91' lang='lat' dir='ltr'><strong>re</strong></span> <span class='ocrx_word' id='word_1_209' title='bbox 1091 2827 1309 2881; x_wconf 80' lang='lat' dir='ltr'><strong>dixisset</strong></span> <span class='ocrx_word' id='word_1_210' title='bbox 1330 2844 1551 2897; x_wconf 76' lang='lat' dir='ltr'><strong>usquam</strong></span> <span class='ocrx_word' id='word_1_211' title='bbox 1577 2829 1627 2881; x_wconf 92' lang='lat' dir='ltr'><strong>in</strong></span> <span class='ocrx_word' id='word_1_212' title='bbox 1648 2829 1897 2898; x_wconf 87' lang='lat' dir='ltr'><strong>epistola,</strong></span> 
     </span>
    </p>
   </div>
   <div class='ocr_carea' id='block_1_29' title="bbox 322 2920 1899 2987">
    <p class='ocr_par' dir='ltr' id='par_1_29' title="bbox 322 2920 1899 2987">
     <span class='ocr_line' id='line_1_29' title="bbox 322 2920 1899 2987; baseline 0.004 -16"><span class='ocrx_word' id='word_1_213' title='bbox 322 2920 415 2974; x_wconf 88' lang='lat' dir='ltr'><strong>sed</strong></span> <span class='ocrx_word' id='word_1_214' title='bbox 459 2920 527 2975; x_wconf 86' lang='lat' dir='ltr'><strong>ab</strong></span> <span class='ocrx_word' id='word_1_215' title='bbox 565 2921 684 2973; x_wconf 86' lang='lat' dir='ltr'><strong>aliis</strong></span> <span class='ocrx_word' id='word_1_216' title='bbox 713 2920 1025 2974; x_wconf 88' lang='lat' dir='ltr'><strong>criminibus</strong></span> <span class='ocrx_word' id='word_1_217' title='bbox 1058 2921 1292 2974; x_wconf 85' lang='lat' dir='ltr'><strong>invectus</strong></span> <span class='ocrx_word' id='word_1_218' title='bbox 1317 2932 1478 2987; x_wconf 83' lang='lat' dir='ltr'><strong>esset,</strong></span> <span class='ocrx_word' id='word_1_219' title='bbox 1521 2923 1698 2976; x_wconf 85' lang='lat' dir='ltr'><strong>statim</strong></span> <span class='ocrx_word' id='word_1_220' title='bbox 1739 2922 1899 2977; x_wconf 86' lang='lat' dir='ltr'><strong>dicit:</strong></span> 
     </span>
    </p>
   </div>
   <div class='ocr_carea' id='block_1_30' title="bbox 319 3012 1897 3086">
    <p class='ocr_par' dir='ltr' id='par_1_30' title="bbox 319 3012 1897 3086">
     <span class='ocr_line' id='line_1_30' title="bbox 319 3012 1897 3086; baseline 0.004 -21"><span class='ocrx_word' id='word_1_221' title='bbox 319 3012 501 3065; x_wconf 78' lang='lat' dir='ltr'><strong>Laudo</strong></span> <span class='ocrx_word' id='word_1_222' title='bbox 530 3023 697 3066; x_wconf 78' lang='lat' dir='ltr'><strong>autent</strong></span> <span class='ocrx_word' id='word_1_223' title='bbox 724 3031 840 3080; x_wconf 74' lang='lat' dir='ltr'><strong>vos,</strong></span> <span class='ocrx_word' id='word_1_224' title='bbox 872 3016 1004 3081; x_wconf 70' lang='lat' dir='ltr'><strong>quod</strong></span> <span class='ocrx_word' id='word_1_225' title='bbox 1034 3032 1122 3083; x_wconf 84' lang='lat' dir='ltr'><strong>per</strong></span> <span class='ocrx_word' id='word_1_226' title='bbox 1157 3016 1326 3068; x_wconf 81' lang='lat' dir='ltr'><strong>omnia</strong></span> <span class='ocrx_word' id='word_1_227' title='bbox 1356 3018 1451 3070; x_wconf 85' lang='lat' dir='ltr'><strong>mei</strong></span> <span class='ocrx_word' id='word_1_228' title='bbox 1482 3034 1723 3073; x_wconf 84' lang='lat' dir='ltr'><strong>memores</strong></span> <span class='ocrx_word' id='word_1_229' title='bbox 1752 3020 1897 3086; x_wconf 86' lang='lat' dir='ltr'><strong>estis,</strong></span> 
     </span>
    </p>
   </div>
   <div class='ocr_carea' id='block_1_31' title="bbox 322 3105 1901 3170">
    <p class='ocr_par' dir='ltr' id='par_1_31' title="bbox 322 3105 1901 3170">
     <span class='ocr_line' id='line_1_31' title="bbox 322 3105 1901 3170; baseline 0.006 -15"><span class='ocrx_word' id='word_1_230' title='bbox 322 3116 368 3155; x_wconf 83' lang='lat' dir='ltr'><strong>et</strong></span> <span class='ocrx_word' id='word_1_231' title='bbox 401 3105 531 3156; x_wconf 86' lang='lat' dir='ltr'><strong>sicut</strong></span> <span class='ocrx_word' id='word_1_232' title='bbox 577 3105 764 3156; x_wconf 77' lang='lat' dir='ltr'><strong>tradidi</strong></span> <span class='ocrx_word' id='word_1_233' title='bbox 807 3106 942 3159; x_wconf 73' lang='lat' dir='ltr'><strong>vobis</strong></span> <span class='ocrx_word' id='word_1_234' title='bbox 977 3106 1294 3170; x_wconf 70' lang='lat' dir='ltr'><strong>traditiones,</strong></span> <span class='ocrx_word' id='word_1_235' title='bbox 1338 3106 1407 3159; x_wconf 80' lang='lat' dir='ltr'><strong>ita</strong></span> <span class='ocrx_word' id='word_1_236' title='bbox 1447 3110 1657 3162; x_wconf 76' lang='lat' dir='ltr'><strong>tenetis?</strong></span> <span class='ocrx_word' id='word_1_237' title='bbox 1716 3109 1901 3164; x_wconf 75' lang='lat' dir='ltr'><strong>Viden’</strong></span> 
     </span>
    </p>
   </div>
   <div class='ocr_carea' id='block_1_32' title="bbox 321 3198 1899 3268">
    <p class='ocr_par' dir='ltr' id='par_1_32' title="bbox 321 3198 1899 3268">
     <span class='ocr_line' id='line_1_32' title="bbox 321 3198 1899 3268; baseline 0.004 -16"><span class='ocrx_word' id='word_1_238' title='bbox 321 3198 589 3267; x_wconf 86' lang='lat' dir='ltr'><strong>quomodo</strong></span> <span class='ocrx_word' id='word_1_239' title='bbox 636 3198 722 3249; x_wconf 87' lang='lat' dir='ltr'><strong>alii</strong></span> <span class='ocrx_word' id='word_1_240' title='bbox 776 3198 990 3265; x_wconf 79' lang='lat' dir='ltr'><strong>quidem</strong></span> <span class='ocrx_word' id='word_1_241' title='bbox 1036 3198 1321 3262; x_wconf 88' lang='lat' dir='ltr'><strong>audierint,</strong></span> <span class='ocrx_word' id='word_1_242' title='bbox 1373 3214 1507 3268; x_wconf 86' lang='lat' dir='ltr'><strong>quos</strong></span> <span class='ocrx_word' id='word_1_243' title='bbox 1560 3200 1769 3268; x_wconf 84' lang='lat' dir='ltr'><strong>laudat;</strong></span> <span class='ocrx_word' id='word_1_244' title='bbox 1812 3204 1899 3258; x_wconf 86' lang='lat' dir='ltr'><strong>alii</strong></span> 
     </span>
    </p>
   </div>
   <div class='ocr_carea' id='block_1_33' title="bbox 322 3290 1895 3361">
    <p class='ocr_par' dir='ltr' id='par_1_33' title="bbox 322 3290 1895 3361">
     <span class='ocr_line' id='line_1_33' title="bbox 322 3290 1895 3361; baseline 0.006 -22"><span class='ocrx_word' id='word_1_245' title='bbox 322 3306 429 3342; x_wconf 77' lang='lat' dir='ltr'><strong>non</strong></span> <span class='ocrx_word' id='word_1_246' title='bbox 459 3290 743 3353; x_wconf 89' lang='lat' dir='ltr'><strong>audierint,</strong></span> <span class='ocrx_word' id='word_1_247' title='bbox 776 3305 911 3358; x_wconf 69' lang='lat' dir='ltr'><strong>qum</strong></span> <span class='ocrx_word' id='word_1_248' title='bbox 951 3291 1172 3359; x_wconf 80' lang='lat' dir='ltr'><strong>corrigit</strong></span> <span class='ocrx_word' id='word_1_249' title='bbox 1204 3307 1299 3359; x_wconf 87' lang='lat' dir='ltr'><strong>per</strong></span> <span class='ocrx_word' id='word_1_250' title='bbox 1338 3293 1637 3361; x_wconf 87' lang='lat' dir='ltr'><strong>sequentia,</strong></span> <span class='ocrx_word' id='word_1_251' title='bbox 1680 3294 1895 3350; x_wconf 86' lang='lat' dir='ltr'><strong>dicens:</strong></span> 
     </span>
    </p>
   </div>
   <div class='ocr_carea' id='block_1_34' title="bbox 320 3378 1898 3449">
    <p class='ocr_par' dir='ltr' id='par_1_34' title="bbox 320 3378 1898 3449">
     <span class='ocr_line' id='line_1_34' title="bbox 320 3378 1898 3449; baseline 0.004 -18"><span class='ocrx_word' id='word_1_252' title='bbox 320 3378 381 3431; x_wconf 86' lang='lat' dir='ltr'><strong>Si</strong></span> <span class='ocrx_word' id='word_1_253' title='bbox 408 3396 520 3446; x_wconf 69' lang='lat' dir='ltr'><strong>quas</strong></span> <span class='ocrx_word' id='word_1_254' title='bbox 542 3392 709 3433; x_wconf 77' lang='lat' dir='ltr'><strong>autem</strong></span> <span class='ocrx_word' id='word_1_255' title='bbox 732 3381 927 3433; x_wconf 77' lang='lat' dir='ltr'><strong>videtur</strong></span> <span class='ocrx_word' id='word_1_256' title='bbox 949 3397 1056 3433; x_wconf 81' lang='lat' dir='ltr'><strong>esse</strong></span> <span class='ocrx_word' id='word_1_257' title='bbox 1080 3384 1437 3449; x_wconf 65' lang='lat' dir='ltr'><strong>contentionis,</strong></span> <span class='ocrx_word' id='word_1_258' title='bbox 1475 3401 1565 3437; x_wconf 81' lang='lat' dir='ltr'><strong>nos</strong></span> <span class='ocrx_word' id='word_1_259' title='bbox 1598 3385 1747 3437; x_wconf 71' lang='lat' dir='ltr'><strong>tafem</strong></span> <span class='ocrx_word' id='word_1_260' title='bbox 1774 3403 1898 3438; x_wconf 83' lang='lat' dir='ltr'><strong>cott-</strong></span> 
     </span>
    </p>
   </div>
   <div class='ocr_carea' id='block_1_35' title="bbox 317 3471 1899 3545">
    <p class='ocr_par' dir='ltr' id='par_1_35' title="bbox 317 3471 1899 3545">
     <span class='ocr_line' id='line_1_35' title="bbox 317 3471 1899 3545; baseline 0.007 -24"><span class='ocrx_word' id='word_1_261' title='bbox 317 3471 632 3522; x_wconf 76' lang='lat' dir='ltr'><strong>suetudinem</strong></span> <span class='ocrx_word' id='word_1_262' title='bbox 660 3488 758 3524; x_wconf 82' lang='lat' dir='ltr'><strong>non</strong></span> <span class='ocrx_word' id='word_1_263' title='bbox 782 3472 1021 3524; x_wconf 76' lang='lat' dir='ltr'><strong>habemus</strong></span> <span class='ocrx_word' id='word_1_264' title='bbox 1044 3471 1087 3543; x_wconf 81' lang='grc' dir='ltr'><strong>(Ι</strong></span> <span class='ocrx_word' id='word_1_265' title='bbox 1106 3516 1118 3527; x_wconf 92' lang='grc'><strong>.</strong></span> <span class='ocrx_word' id='word_1_266' title='bbox 1151 3472 1270 3526; x_wconf 86' lang='lat' dir='ltr'><strong>Cor.</strong></span> <span class='ocrx_word' id='word_1_267' title='bbox 1300 3476 1383 3528; x_wconf 83' lang='grc' dir='ltr'><strong>Η.</strong></span> <span class='ocrx_word' id='word_1_268' title='bbox 1414 3475 1539 3545; x_wconf 69' lang='grc' dir='ltr'><strong>16)Ῥ</strong></span> <span class='ocrx_word' id='word_1_269' title='bbox 1564 3476 1693 3530; x_wconf 85' lang='lat' dir='ltr'><strong>Nam</strong></span> <span class='ocrx_word' id='word_1_270' title='bbox 1720 3478 1761 3531; x_wconf 90' lang='lat' dir='ltr'><strong>si</strong></span> <span class='ocrx_word' id='word_1_271' title='bbox 1780 3479 1899 3533; x_wconf 86' lang='lat' dir='ltr'><strong>aliis</strong></span> 
     </span>
    </p>
   </div>
   <div class='ocr_carea' id='block_1_36' title="bbox 320 3562 1896 3631">
    <p class='ocr_par' dir='ltr' id='par_1_36' title="bbox 320 3562 1896 3631">
     <span class='ocr_line' id='line_1_36' title="bbox 320 3562 1896 3631; baseline 0.006 -18"><span class='ocrx_word' id='word_1_272' title='bbox 320 3573 465 3616; x_wconf 89' lang='lat' dir='ltr'><strong>recte</strong></span> <span class='ocrx_word' id='word_1_273' title='bbox 493 3562 788 3631; x_wconf 78' lang='lat' dir='ltr'><strong>agentibus,</strong></span> <span class='ocrx_word' id='word_1_274' title='bbox 817 3563 941 3616; x_wconf 84' lang='lat' dir='ltr'><strong>aliis</strong></span> <span class='ocrx_word' id='word_1_275' title='bbox 962 3578 1064 3618; x_wconf 91' lang='lat' dir='ltr'><strong>non</strong></span> <span class='ocrx_word' id='word_1_276' title='bbox 1092 3566 1452 3630; x_wconf 87' lang='lat' dir='ltr'><strong>audientibus,</strong></span> <span class='ocrx_word' id='word_1_277' title='bbox 1486 3582 1675 3622; x_wconf 86' lang='lat' dir='ltr'><strong>omnes</strong></span> <span class='ocrx_word' id='word_1_278' title='bbox 1707 3569 1756 3622; x_wconf 91' lang='lat' dir='ltr'><strong>in</strong></span> <span class='ocrx_word' id='word_1_279' title='bbox 1787 3572 1896 3623; x_wconf 86' lang='lat' dir='ltr'><strong>cri-</strong></span> 
     </span>
    </p>
   </div>
   <div class='ocr_carea' id='block_1_37' title="bbox 317 3653 1897 3731">
    <p class='ocr_par' dir='ltr' id='par_1_37' title="bbox 317 3653 1897 3731">
     <span class='ocr_line' id='line_1_37' title="bbox 317 3653 1897 3731; baseline 0.006 -27"><span class='ocrx_word' id='word_1_280' title='bbox 317 3666 443 3706; x_wconf 85' lang='lat' dir='ltr'><strong>men</strong></span> <span class='ocrx_word' id='word_1_281' title='bbox 473 3662 732 3715; x_wconf 73' lang='lat' dir='ltr'><strong>vocasset,</strong></span> <span class='ocrx_word' id='word_1_282' title='bbox 775 3653 895 3707; x_wconf 89' lang='lat' dir='ltr'><strong>illos</strong></span> <span class='ocrx_word' id='word_1_283' title='bbox 924 3654 1257 3723; x_wconf 83' lang='lat' dir='ltr'><strong>audaciores,</strong></span> <span class='ocrx_word' id='word_1_284' title='bbox 1287 3656 1385 3711; x_wconf 89' lang='lat' dir='ltr'><strong>hos</strong></span> <span class='ocrx_word' id='word_1_285' title='bbox 1413 3660 1687 3731; x_wconf 78' lang='lat' dir='ltr'><strong>segniores</strong></span> <span class='ocrx_word' id='word_1_286' title='bbox 1719 3662 1897 3715; x_wconf 88' lang='lat' dir='ltr'><strong>reddi-</strong></span> 
     </span>
    </p>
   </div>
   <div class='ocr_carea' id='block_1_38' title="bbox 319 3742 1894 3818">
    <p class='ocr_par' dir='ltr' id='par_1_38' title="bbox 319 3742 1894 3818">
     <span class='ocr_line' id='line_1_38' title="bbox 319 3742 1894 3818; baseline 0.007 -24"><span class='ocrx_word' id='word_1_287' title='bbox 319 3742 513 3796; x_wconf 84' lang='lat' dir='ltr'><strong>disset:</strong></span> <span class='ocrx_word' id='word_1_288' title='bbox 547 3758 685 3797; x_wconf 89' lang='lat' dir='ltr'><strong>nunc</strong></span> <span class='ocrx_word' id='word_1_289' title='bbox 711 3754 888 3797; x_wconf 89' lang='lat' dir='ltr'><strong>autem</strong></span> <span class='ocrx_word' id='word_1_290' title='bbox 916 3746 1048 3799; x_wconf 86' lang='lat' dir='ltr'><strong>alios</strong></span> <span class='ocrx_word' id='word_1_291' title='bbox 1072 3747 1295 3801; x_wconf 88' lang='lat' dir='ltr'><strong>laudans</strong></span> <span class='ocrx_word' id='word_1_292' title='bbox 1319 3756 1373 3802; x_wconf 90' lang='lat' dir='ltr'><strong>et</strong></span> <span class='ocrx_word' id='word_1_293' title='bbox 1400 3760 1647 3818; x_wconf 74' lang='lat' dir='ltr'><strong>acceptos</strong></span> <span class='ocrx_word' id='word_1_294' title='bbox 1671 3750 1894 3818; x_wconf 82' lang='lat' dir='ltr'><strong>habens,</strong></span> 
     </span>
    </p>
   </div>
   <div class='ocr_carea' id='block_1_39' title="bbox 319 3834 1898 3912">
    <p class='ocr_par' dir='ltr' id='par_1_39' title="bbox 319 3834 1898 3912">
     <span class='ocr_line' id='line_1_39' title="bbox 319 3834 1898 3912; baseline 0.006 -26"><span class='ocrx_word' id='word_1_295' title='bbox 319 3834 454 3888; x_wconf 89' lang='lat' dir='ltr'><strong>alios</strong></span> <span class='ocrx_word' id='word_1_296' title='bbox 477 3834 786 3905; x_wconf 72' lang='lat' dir='ltr'><strong>obiurgans,</strong></span> <span class='ocrx_word' id='word_1_297' title='bbox 817 3844 872 3891; x_wconf 88' lang='lat' dir='ltr'><strong>et</strong></span> <span class='ocrx_word' id='word_1_298' title='bbox 911 3837 1029 3891; x_wconf 87' lang='lat' dir='ltr'><strong>illos</strong></span> <span class='ocrx_word' id='word_1_299' title='bbox 1059 3838 1229 3907; x_wconf 78' lang='lat' dir='ltr'><strong>magis</strong></span> <span class='ocrx_word' id='word_1_300' title='bbox 1266 3839 1577 3905; x_wconf 80' lang='lat' dir='ltr'><strong>concitavit,</strong></span> <span class='ocrx_word' id='word_1_301' title='bbox 1609 3850 1662 3896; x_wconf 87' lang='lat' dir='ltr'><strong>et</strong></span> <span class='ocrx_word' id='word_1_302' title='bbox 1690 3843 1772 3897; x_wconf 91' lang='lat' dir='ltr'><strong>his</strong></span> <span class='ocrx_word' id='word_1_303' title='bbox 1803 3860 1898 3912; x_wconf 88' lang='lat' dir='ltr'><strong>pu-</strong></span> 
     </span>
    </p>
   </div>
   <div class='ocr_carea' id='block_1_40' title="bbox 318 3927 1896 4001">
    <p class='ocr_par' dir='ltr' id='par_1_40' title="bbox 318 3927 1896 4001">
     <span class='ocr_line' id='line_1_40' title="bbox 318 3927 1896 4001; baseline 0.007 -22"><span class='ocrx_word' id='word_1_304' title='bbox 318 3927 501 3981; x_wconf 82' lang='lat' dir='ltr'><strong>dorem</strong></span> <span class='ocrx_word' id='word_1_305' title='bbox 535 3929 776 3983; x_wconf 84' lang='lat' dir='ltr'><strong>incussit.</strong></span> <span class='ocrx_word' id='word_1_306' title='bbox 822 3930 951 3983; x_wconf 68' lang='lat' dir='ltr'><strong>l‘iam</strong></span> <span class='ocrx_word' id='word_1_307' title='bbox 996 3932 1344 3999; x_wconf 74' lang='lat' dir='ltr'><strong>reprehensio</strong></span> <span class='ocrx_word' id='word_1_308' title='bbox 1388 3950 1482 4001; x_wconf 85' lang='lat' dir='ltr'><strong>per</strong></span> <span class='ocrx_word' id='word_1_309' title='bbox 1522 3952 1579 3987; x_wconf 70' lang='lat' dir='ltr'><strong>se</strong></span> <span class='ocrx_word' id='word_1_310' title='bbox 1615 3935 1786 3989; x_wconf 71' lang='lat' dir='ltr'><strong>solum</strong></span> <span class='ocrx_word' id='word_1_311' title='bbox 1830 3937 1896 3990; x_wconf 89' lang='lat' dir='ltr'><strong>ad</strong></span> 
     </span>
    </p>
   </div>
   <div class='ocr_carea' id='block_1_41' title="bbox 322 4016 1895 4101">
    <p class='ocr_par' dir='ltr' id='par_1_41' title="bbox 322 4016 1895 4101">
     <span class='ocr_line' id='line_1_41' title="bbox 322 4016 1895 4101; baseline 0.006 -30"><span class='ocrx_word' id='word_1_312' title='bbox 322 4019 720 4085; x_wconf 81' lang='lat' dir='ltr'><strong>percellendum</strong></span> <span class='ocrx_word' id='word_1_313' title='bbox 743 4016 967 4087; x_wconf 76' lang='lat' dir='ltr'><strong>Sufﬁcit;</strong></span> <span class='ocrx_word' id='word_1_314' title='bbox 989 4036 1109 4075; x_wconf 88' lang='lat' dir='ltr'><strong>cum</strong></span> <span class='ocrx_word' id='word_1_315' title='bbox 1133 4037 1261 4076; x_wconf 82' lang='lat' dir='ltr'><strong>vero</strong></span> <span class='ocrx_word' id='word_1_316' title='bbox 1289 4024 1343 4075; x_wconf 87' lang='lat' dir='ltr'><strong>fit</strong></span> <span class='ocrx_word' id='word_1_317' title='bbox 1360 4024 1423 4077; x_wconf 87' lang='lat' dir='ltr'><strong>ad</strong></span> <span class='ocrx_word' id='word_1_318' title='bbox 1445 4022 1895 4101; x_wconf 78' lang='lat' dir='ltr'><strong>cumparatiunem</strong></span> 
     </span>
    </p>
   </div>
   <div class='ocr_carea' id='block_1_42' title="bbox 318 4102 1893 4186">
    <p class='ocr_par' dir='ltr' id='par_1_42' title="bbox 318 4102 1893 4186">
     <span class='ocr_line' id='line_1_42' title="bbox 318 4102 1893 4186; baseline 0.004 -23"><span class='ocrx_word' id='word_1_319' title='bbox 318 4114 561 4174; x_wconf 83' lang='lat' dir='ltr'><strong>aliorum,</strong></span> <span class='ocrx_word' id='word_1_320' title='bbox 590 4114 677 4181; x_wconf 84' lang='lat' dir='ltr'><strong>qui</strong></span> <span class='ocrx_word' id='word_1_321' title='bbox 704 4103 959 4180; x_wconf 65' lang='lat' dir='ltr'><strong>protelare</strong></span> <span class='ocrx_word' id='word_1_322' title='bbox 985 4123 1207 4183; x_wconf 82' lang='lat' dir='ltr'><strong>egerunt</strong></span> <span class='ocrx_word' id='word_1_323' title='bbox 1227 4122 1281 4169; x_wconf 89' lang='lat' dir='ltr'><strong>et</strong></span> <span class='ocrx_word' id='word_1_324' title='bbox 1310 4102 1609 4179; x_wconf 77' lang='lat' dir='ltr'><strong>laudantur,</strong></span> <span class='ocrx_word' id='word_1_325' title='bbox 1636 4117 1893 4186; x_wconf 85' lang='lat' dir='ltr'><strong>majorem</strong></span> 
     </span>
    </p>
   </div>
   <div class='ocr_carea' id='block_1_43' title="bbox 320 4204 1891 4276">
    <p class='ocr_par' dir='ltr' id='par_1_43' title="bbox 320 4204 1891 4276">
     <span class='ocr_line' id='line_1_43' title="bbox 320 4204 1891 4276; baseline 0.004 -21"><span class='ocrx_word' id='word_1_326' title='bbox 320 4204 481 4258; x_wconf 90' lang='lat' dir='ltr'><strong>infert</strong></span> <span class='ocrx_word' id='word_1_327' title='bbox 525 4205 820 4259; x_wconf 87' lang='lat' dir='ltr'><strong>stimulum.</strong></span> <span class='ocrx_word' id='word_1_328' title='bbox 866 4204 970 4259; x_wconf 85' lang='lat' dir='ltr'><strong>Sed</strong></span> <span class='ocrx_word' id='word_1_329' title='bbox 1002 4205 1213 4260; x_wconf 88' lang='lat' dir='ltr'><strong>interim</strong></span> <span class='ocrx_word' id='word_1_330' title='bbox 1255 4224 1361 4260; x_wconf 91' lang='lat' dir='ltr'><strong>non</strong></span> <span class='ocrx_word' id='word_1_331' title='bbox 1391 4223 1418 4259; x_wconf 87' lang='lat' dir='ltr'><strong>a</strong></span> <span class='ocrx_word' id='word_1_332' title='bbox 1454 4209 1891 4276; x_wconf 82' lang='lat' dir='ltr'><strong>reprehensione,</strong></span> 
     </span>
    </p>
   </div>
   <div class='ocr_carea' id='block_1_44' title="bbox 318 4294 1893 4365">
    <p class='ocr_par' dir='ltr' id='par_1_44' title="bbox 318 4294 1893 4365">
     <span class='ocr_line' id='line_1_44' title="bbox 318 4294 1893 4365; baseline 0.003 -18"><span class='ocrx_word' id='word_1_333' title='bbox 318 4294 413 4347; x_wconf 87' lang='lat' dir='ltr'><strong>sed</strong></span> <span class='ocrx_word' id='word_1_334' title='bbox 457 4296 523 4349; x_wconf 79' lang='lat' dir='ltr'><strong>ab</strong></span> <span class='ocrx_word' id='word_1_335' title='bbox 562 4298 819 4351; x_wconf 85' lang='lat' dir='ltr'><strong>eneomiis</strong></span> <span class='ocrx_word' id='word_1_336' title='bbox 854 4296 1077 4357; x_wconf 74' lang='lat' dir='ltr'><strong>orditur,</strong></span> <span class='ocrx_word' id='word_1_337' title='bbox 1110 4306 1163 4349; x_wconf 89' lang='lat' dir='ltr'><strong>et</strong></span> <span class='ocrx_word' id='word_1_338' title='bbox 1195 4312 1222 4348; x_wconf 89' lang='lat' dir='ltr'><strong>a</strong></span> <span class='ocrx_word' id='word_1_339' title='bbox 1270 4298 1474 4365; x_wconf 76' lang='lat' dir='ltr'><strong>magnis</strong></span> <span class='ocrx_word' id='word_1_340' title='bbox 1505 4297 1783 4363; x_wconf 80' lang='lat' dir='ltr'><strong>encomiis,</strong></span> <span class='ocrx_word' id='word_1_341' title='bbox 1814 4298 1893 4351; x_wconf 90' lang='lat' dir='ltr'><strong>di-</strong></span> 
     </span>
    </p>
   </div>
   <div class='ocr_carea' id='block_1_45' title="bbox 318 4384 1892 4457">
    <p class='ocr_par' dir='ltr' id='par_1_45' title="bbox 318 4384 1892 4457">
     <span class='ocr_line' id='line_1_45' title="bbox 318 4384 1892 4457; baseline 0.001 -18"><span class='ocrx_word' id='word_1_342' title='bbox 318 4398 473 4439; x_wconf 70' lang='lat' dir='ltr'><strong>cens:</strong></span> <span class='ocrx_word' id='word_1_343' title='bbox 506 4384 684 4440; x_wconf 85' lang='lat' dir='ltr'><strong>Laudo</strong></span> <span class='ocrx_word' id='word_1_344' title='bbox 713 4398 881 4441; x_wconf 81' lang='lat' dir='ltr'><strong>autem</strong></span> <span class='ocrx_word' id='word_1_345' title='bbox 907 4402 1013 4450; x_wconf 85' lang='lat' dir='ltr'><strong>vos,</strong></span> <span class='ocrx_word' id='word_1_346' title='bbox 1046 4386 1182 4457; x_wconf 83' lang='lat' dir='ltr'><strong>quod</strong></span> <span class='ocrx_word' id='word_1_347' title='bbox 1210 4402 1298 4455; x_wconf 82' lang='lat' dir='ltr'><strong>per</strong></span> <span class='ocrx_word' id='word_1_348' title='bbox 1325 4386 1494 4449; x_wconf 80' lang='lat' dir='ltr'><strong>omnia</strong></span> <span class='ocrx_word' id='word_1_349' title='bbox 1524 4388 1622 4438; x_wconf 83' lang='lat' dir='ltr'><strong>mei</strong></span> <span class='ocrx_word' id='word_1_350' title='bbox 1651 4403 1892 4441; x_wconf 78' lang='lat' dir='ltr'><strong>memores</strong></span> 
     </span>
    </p>
   </div>
   <div class='ocr_carea' id='block_1_46' title="bbox 318 4475 1889 4543">
    <p class='ocr_par' dir='ltr' id='par_1_46' title="bbox 318 4475 1889 4543">
     <span class='ocr_line' id='line_1_46' title="bbox 318 4475 1889 4543; baseline 0.009 -17"><span class='ocrx_word' id='word_1_351' title='bbox 318 4476 453 4528; x_wconf 70' lang='lat' dir='ltr'><strong>estis.</strong></span> <span class='ocrx_word' id='word_1_352' title='bbox 485 4475 629 4529; x_wconf 85' lang='lat' dir='ltr'><strong>Talis</strong></span> <span class='ocrx_word' id='word_1_353' title='bbox 656 4480 797 4531; x_wconf 83' lang='lat' dir='ltr'><strong>enim</strong></span> <span class='ocrx_word' id='word_1_354' title='bbox 820 4495 937 4532; x_wconf 84' lang='lat' dir='ltr'><strong>mos</strong></span> <span class='ocrx_word' id='word_1_355' title='bbox 956 4489 1037 4533; x_wconf 88' lang='lat' dir='ltr'><strong>est</strong></span> <span class='ocrx_word' id='word_1_356' title='bbox 1064 4477 1234 4540; x_wconf 84' lang='lat' dir='ltr'><strong>Pauli,</strong></span> <span class='ocrx_word' id='word_1_357' title='bbox 1262 4492 1354 4543; x_wconf 82' lang='lat' dir='ltr'><strong>pro</strong></span> <span class='ocrx_word' id='word_1_358' title='bbox 1383 4477 1557 4541; x_wconf 55' lang='lat' dir='ltr'><strong>parti-&#39;5</strong></span> <span class='ocrx_word' id='word_1_359' title='bbox 1584 4478 1742 4529; x_wconf 67' lang='lat' dir='ltr'><strong>Elia&quot;)</strong></span> <span class='ocrx_word' id='word_1_360' title='bbox 1772 4478 1889 4530; x_wconf 78' lang='lat'><strong>&#39;8&quot;-</strong></span> 
     </span>
    </p>
   </div>
   <div class='ocr_carea' id='block_1_47' title="bbox 317 4556 1887 4635">
    <p class='ocr_par' dir='ltr' id='par_1_47' title="bbox 317 4556 1887 4635">
     <span class='ocr_line' id='line_1_47' title="bbox 317 4556 1887 4635; baseline -0.001 -14"><span class='ocrx_word' id='word_1_361' title='bbox 317 4568 413 4622; x_wconf 78' lang='lat' dir='ltr'><strong>des</strong></span> <span class='ocrx_word' id='word_1_362' title='bbox 441 4580 659 4635; x_wconf 78' lang='lat' dir='ltr'><strong>magnas</strong></span> <span class='ocrx_word' id='word_1_363' title='bbox 686 4571 835 4630; x_wconf 75' lang='lat' dir='ltr'><strong>texit,</strong></span> <span class='ocrx_word' id='word_1_364' title='bbox 868 4585 972 4623; x_wconf 88' lang='lat' dir='ltr'><strong>non</strong></span> <span class='ocrx_word' id='word_1_365' title='bbox 1001 4586 1066 4624; x_wconf 71' lang='lat' dir='ltr'><strong>et</strong></span> <span class='ocrx_word' id='word_1_366' title='bbox 1096 4556 1423 4631; x_wconf 71' lang='lat' dir='ltr'><strong>addistiouo,</strong></span> <span class='ocrx_word' id='word_1_367' title='bbox 1458 4567 1628 4630; x_wconf 86' lang='lat' dir='ltr'><strong>absit;</strong></span> <span class='ocrx_word' id='word_1_368' title='bbox 1658 4583 1887 4635; x_wconf 85' lang='lat' dir='ltr'><strong>quoum-</strong></span> 
     </span>
    </p>
   </div>
   <div class='ocr_carea' id='block_1_48' title="bbox 316 4659 1883 4727">
    <p class='ocr_par' dir='ltr' id='par_1_48' title="bbox 316 4659 1883 4727">
     <span class='ocr_line' id='line_1_48' title="bbox 316 4659 1883 4727; baseline -0.001 -14"><span class='ocrx_word' id='word_1_369' title='bbox 316 4662 387 4714; x_wconf 88' lang='lat' dir='ltr'><strong>do</strong></span> <span class='ocrx_word' id='word_1_370' title='bbox 412 4660 551 4716; x_wconf 86' lang='lat' dir='ltr'><strong>enim</strong></span> <span class='ocrx_word' id='word_1_371' title='bbox 580 4659 657 4715; x_wconf 88' lang='lat' dir='ltr'><strong>sic</strong></span> <span class='ocrx_word' id='word_1_372' title='bbox 694 4670 894 4727; x_wconf 64' lang='lat' dir='ltr'><strong>ageret,</strong></span> <span class='ocrx_word' id='word_1_373' title='bbox 927 4675 1047 4714; x_wconf 88' lang='lat' dir='ltr'><strong>cum</strong></span> <span class='ocrx_word' id='word_1_374' title='bbox 1090 4677 1190 4715; x_wconf 75' lang='lat' dir='ltr'><strong>nec</strong></span> <span class='ocrx_word' id='word_1_375' title='bbox 1220 4662 1493 4727; x_wconf 74' lang='lat' dir='ltr'><strong>pecunias,</strong></span> <span class='ocrx_word' id='word_1_376' title='bbox 1526 4674 1621 4711; x_wconf 78' lang='lat' dir='ltr'><strong>nec</strong></span> <span class='ocrx_word' id='word_1_377' title='bbox 1648 4660 1883 4727; x_wconf 76' lang='lat' dir='ltr'><strong>gloriam,</strong></span> 
     </span>
    </p>
   </div>
   <div class='ocr_carea' id='block_1_49' title="bbox 319 4749 1887 4820">
    <p class='ocr_par' dir='ltr' id='par_1_49' title="bbox 319 4749 1887 4820">
     <span class='ocr_line' id='line_1_49' title="bbox 319 4749 1887 4820; baseline 0 -17"><span class='ocrx_word' id='word_1_378' title='bbox 319 4766 417 4804; x_wconf 86' lang='lat' dir='ltr'><strong>nec</strong></span> <span class='ocrx_word' id='word_1_379' title='bbox 442 4752 583 4805; x_wconf 86' lang='lat' dir='ltr'><strong>aliud</strong></span> <span class='ocrx_word' id='word_1_380' title='bbox 611 4750 735 4820; x_wconf 63' lang='lat' dir='ltr'><strong>quid,</strong></span> <span class='ocrx_word' id='word_1_381' title='bbox 764 4749 933 4803; x_wconf 81' lang='lat' dir='ltr'><strong>simile</strong></span> <span class='ocrx_word' id='word_1_382' title='bbox 966 4752 1209 4818; x_wconf 69' lang='lat' dir='ltr'><strong>expetat?</strong></span> <span class='ocrx_word' id='word_1_383' title='bbox 1230 4751 1325 4804; x_wconf 79' lang='lat' dir='ltr'><strong>sed</strong></span> <span class='ocrx_word' id='word_1_384' title='bbox 1359 4768 1452 4818; x_wconf 86' lang='lat' dir='ltr'><strong>pro</strong></span> <span class='ocrx_word' id='word_1_385' title='bbox 1483 4752 1691 4803; x_wconf 82' lang='lat' dir='ltr'><strong>iliornm</strong></span> <span class='ocrx_word' id='word_1_386' title='bbox 1721 4751 1887 4804; x_wconf 85' lang='lat' dir='ltr'><strong>salute</strong></span> 
     </span>
    </p>
   </div>
   <div class='ocr_carea' id='block_1_50' title="bbox 316 4839 1891 4909">
    <p class='ocr_par' dir='ltr' id='par_1_50' title="bbox 316 4839 1891 4909">
     <span class='ocr_line' id='line_1_50' title="bbox 316 4839 1891 4909; baseline 0.003 -18"><span class='ocrx_word' id='word_1_387' title='bbox 316 4843 496 4894; x_wconf 81' lang='lat' dir='ltr'><strong>omnia</strong></span> <span class='ocrx_word' id='word_1_388' title='bbox 536 4842 754 4896; x_wconf 74' lang='lat' dir='ltr'><strong>iaciens.</strong></span> <span class='ocrx_word' id='word_1_389' title='bbox 801 4840 1029 4909; x_wconf 58' lang='lat' dir='ltr'><strong>ideoque</strong></span> <span class='ocrx_word' id='word_1_390' title='bbox 1072 4839 1278 4893; x_wconf 67' lang='lat' dir='ltr'><strong>Laudem</strong></span> <span class='ocrx_word' id='word_1_391' title='bbox 1311 4858 1522 4909; x_wconf 51' lang='lat' dir='ltr'><strong>quoque</strong></span> <span class='ocrx_word' id='word_1_392' title='bbox 1558 4842 1767 4895; x_wconf 72' lang='lat' dir='ltr'><strong>extollit</strong></span> <span class='ocrx_word' id='word_1_393' title='bbox 1811 4843 1891 4895; x_wconf 89' lang='lat' dir='ltr'><strong>di-</strong></span> 
     </span>
    </p>
   </div>
   <div class='ocr_carea' id='block_1_51' title="bbox 316 4927 1891 5003">
    <p class='ocr_par' dir='ltr' id='par_1_51' title="bbox 316 4927 1891 5003">
     <span class='ocr_line' id='line_1_51' title="bbox 316 4927 1891 5003; baseline 0.007 -21"><span class='ocrx_word' id='word_1_394' title='bbox 316 4946 467 4995; x_wconf 82' lang='lat' dir='ltr'><strong>cens,</strong></span> <span class='ocrx_word' id='word_1_395' title='bbox 498 4933 674 4987; x_wconf 78' lang='lat' dir='ltr'><strong>Laudo</strong></span> <span class='ocrx_word' id='word_1_396' title='bbox 696 4950 860 4987; x_wconf 70' lang='lat' dir='ltr'><strong>autem</strong></span> <span class='ocrx_word' id='word_1_397' title='bbox 886 4952 993 4993; x_wconf 69' lang='lat' dir='ltr'><strong>vos,</strong></span> <span class='ocrx_word' id='word_1_398' title='bbox 1018 4933 1152 5003; x_wconf 67' lang='lat' dir='ltr'><strong>quod</strong></span> <span class='ocrx_word' id='word_1_399' title='bbox 1191 4952 1281 5002; x_wconf 56' lang='lat' dir='ltr'><strong>per</strong></span> <span class='ocrx_word' id='word_1_400' title='bbox 1302 4927 1485 4987; x_wconf 65' lang='grc' dir='ltr'><strong>ὐνιςρεξα</strong></span> <span class='ocrx_word' id='word_1_401' title='bbox 1520 4936 1612 4989; x_wconf 71' lang='lat' dir='ltr'><strong>me&quot;</strong></span> <span class='ocrx_word' id='word_1_402' title='bbox 1648 4953 1891 4994; x_wconf 78' lang='lat' dir='ltr'><strong>memores</strong></span> 
     </span>
    </p>
   </div>
   <div class='ocr_carea' id='block_1_52' title="bbox 315 5021 1889 5087">
    <p class='ocr_par' dir='ltr' id='par_1_52' title="bbox 315 5021 1889 5087">
     <span class='ocr_line' id='line_1_52' title="bbox 315 5021 1889 5087; baseline 0.009 -15"><span class='ocrx_word' id='word_1_403' title='bbox 315 5021 455 5074; x_wconf 72' lang='lat' dir='ltr'><strong>estis.</strong></span> <span class='ocrx_word' id='word_1_404' title='bbox 498 5022 752 5087; x_wconf 77' lang='lat' dir='ltr'><strong>Quantam</strong></span> <span class='ocrx_word' id='word_1_405' title='bbox 786 5039 909 5078; x_wconf 82' lang='lat' dir='ltr'><strong>Suttt</strong></span> <span class='ocrx_word' id='word_1_406' title='bbox 948 5026 1030 5077; x_wconf 82' lang='lat' dir='ltr'><strong>illa</strong></span> <span class='ocrx_word' id='word_1_407' title='bbox 1065 5023 1279 5077; x_wconf 79' lang='lat' dir='ltr'><strong>omnia?</strong></span> <span class='ocrx_word' id='word_1_408' title='bbox 1319 5022 1447 5076; x_wconf 77' lang='lat' dir='ltr'><strong>Nam</strong></span> <span class='ocrx_word' id='word_1_409' title='bbox 1495 5024 1559 5078; x_wconf 83' lang='lat' dir='ltr'><strong>de</strong></span> <span class='ocrx_word' id='word_1_410' title='bbox 1589 5041 1739 5082; x_wconf 79' lang='lat' dir='ltr'><strong>coma</strong></span> <span class='ocrx_word' id='word_1_411' title='bbox 1784 5046 1889 5085; x_wconf 89' lang='lat' dir='ltr'><strong>non</strong></span> 
     </span>
    </p>
   </div>
   <div class='ocr_carea' id='block_1_53' title="bbox 318 5110 1887 5184">
    <p class='ocr_par' dir='ltr' id='par_1_53' title="bbox 318 5110 1887 5184">
     <span class='ocr_line' id='line_1_53' title="bbox 318 5110 1887 5184; baseline 0.005 -21"><span class='ocrx_word' id='word_1_412' title='bbox 318 5110 529 5175; x_wconf 81' lang='lat' dir='ltr'><strong>alenda,</strong></span> <span class='ocrx_word' id='word_1_413' title='bbox 553 5123 603 5165; x_wconf 85' lang='lat' dir='ltr'><strong>et</strong></span> <span class='ocrx_word' id='word_1_414' title='bbox 628 5115 693 5167; x_wconf 84' lang='lat' dir='ltr'><strong>de</strong></span> <span class='ocrx_word' id='word_1_415' title='bbox 720 5120 891 5183; x_wconf 60' lang='grc' dir='ltr'><strong>(ῑιικξιὶιε</strong></span> <span class='ocrx_word' id='word_1_416' title='bbox 920 5133 1020 5167; x_wconf 67' lang='lat' dir='ltr'><strong>non</strong></span> <span class='ocrx_word' id='word_1_417' title='bbox 1052 5113 1279 5184; x_wconf 67' lang='lat' dir='ltr'><strong>tegendo</strong></span> <span class='ocrx_word' id='word_1_418' title='bbox 1304 5121 1505 5165; x_wconf 72' lang='lat' dir='ltr'><strong>tantum</strong></span> <span class='ocrx_word' id='word_1_419' title='bbox 1542 5114 1887 5183; x_wconf 73' lang='lat' dir='ltr'><strong>loquebatur:</strong></span> 
     </span>
    </p>
   </div>
   <div class='ocr_carea' id='block_1_54' title="bbox 316 5205 1885 5279">
    <p class='ocr_par' dir='ltr' id='par_1_54' title="bbox 316 5205 1885 5279">
     <span class='ocr_line' id='line_1_54' title="bbox 316 5205 1885 5279; baseline 0.011 -22"><span class='ocrx_word' id='word_1_420' title='bbox 316 5205 432 5265; x_wconf 79' lang='lat' dir='ltr'><strong>sed,</strong></span> <span class='ocrx_word' id='word_1_421' title='bbox 467 5215 524 5258; x_wconf 87' lang='lat' dir='ltr'><strong>ut</strong></span> <span class='ocrx_word' id='word_1_422' title='bbox 571 5206 698 5269; x_wconf 76' lang='lat' dir='ltr'><strong>dixi,</strong></span> <span class='ocrx_word' id='word_1_423' title='bbox 749 5210 929 5265; x_wconf 86' lang='lat' dir='ltr'><strong>laudes</strong></span> <span class='ocrx_word' id='word_1_424' title='bbox 978 5212 1165 5275; x_wconf 68' lang='lat' dir='ltr'><strong>variat,</strong></span> <span class='ocrx_word' id='word_1_425' title='bbox 1200 5219 1254 5263; x_wconf 90' lang='lat' dir='ltr'><strong>ut</strong></span> <span class='ocrx_word' id='word_1_426' title='bbox 1301 5211 1653 5279; x_wconf 74' lang='lat' dir='ltr'><strong>promptiores</strong></span> <span class='ocrx_word' id='word_1_427' title='bbox 1678 5215 1885 5273; x_wconf 85' lang='lat' dir='ltr'><strong>reddat.</strong></span> 
     </span>
    </p>
   </div>
   <div class='ocr_carea' id='block_1_55' title="bbox 318 5295 1892 5369">
    <p class='ocr_par' dir='ltr' id='par_1_55' title="bbox 318 5295 1892 5369">
     <span class='ocr_line' id='line_1_55' title="bbox 318 5295 1892 5369; baseline 0.008 -21"><span class='ocrx_word' id='word_1_428' title='bbox 318 5295 440 5350; x_wconf 88' lang='lat' dir='ltr'><strong>Ideo</strong></span> <span class='ocrx_word' id='word_1_429' title='bbox 465 5297 558 5360; x_wconf 83' lang='lat' dir='ltr'><strong>ait,</strong></span> <span class='ocrx_word' id='word_1_430' title='bbox 597 5296 743 5360; x_wconf 76' lang='lat' dir='ltr'><strong>Quod</strong></span> <span class='ocrx_word' id='word_1_431' title='bbox 774 5318 862 5368; x_wconf 81' lang='lat' dir='ltr'><strong>per</strong></span> <span class='ocrx_word' id='word_1_432' title='bbox 895 5304 1063 5355; x_wconf 85' lang='lat' dir='ltr'><strong>omnia</strong></span> <span class='ocrx_word' id='word_1_433' title='bbox 1106 5303 1201 5356; x_wconf 87' lang='lat' dir='ltr'><strong>mei</strong></span> <span class='ocrx_word' id='word_1_434' title='bbox 1224 5318 1464 5355; x_wconf 79' lang='lat' dir='ltr'><strong>memores</strong></span> <span class='ocrx_word' id='word_1_435' title='bbox 1504 5308 1640 5369; x_wconf 72' lang='lat' dir='ltr'><strong>esfis,</strong></span> <span class='ocrx_word' id='word_1_436' title='bbox 1669 5314 1718 5357; x_wconf 86' lang='lat' dir='ltr'><strong>et</strong></span> <span class='ocrx_word' id='word_1_437' title='bbox 1761 5310 1892 5365; x_wconf 84' lang='lat' dir='ltr'><strong>sicut</strong></span> 
     </span>
    </p>
   </div>
   <div class='ocr_carea' id='block_1_56' title="bbox 318 5388 1891 5461">
    <p class='ocr_par' dir='ltr' id='par_1_56' title="bbox 318 5388 1891 5461">
     <span class='ocr_line' id='line_1_56' title="bbox 318 5388 1891 5461; baseline 0.013 -25"><span class='ocrx_word' id='word_1_438' title='bbox 318 5388 507 5441; x_wconf 76' lang='lat' dir='ltr'><strong>tradidi</strong></span> <span class='ocrx_word' id='word_1_439' title='bbox 550 5388 686 5441; x_wconf 77' lang='lat' dir='ltr'><strong>vobis</strong></span> <span class='ocrx_word' id='word_1_440' title='bbox 736 5392 1051 5456; x_wconf 73' lang='lat' dir='ltr'><strong>traditiones,</strong></span> <span class='ocrx_word' id='word_1_441' title='bbox 1107 5395 1189 5446; x_wconf 77' lang='lat' dir='ltr'><strong>ita</strong></span> <span class='ocrx_word' id='word_1_442' title='bbox 1228 5394 1420 5447; x_wconf 76' lang='lat' dir='ltr'><strong>tenetis.</strong></span> <span class='ocrx_word' id='word_1_443' title='bbox 1478 5393 1618 5461; x_wconf 73' lang='lat' dir='ltr'><strong>Ergo</strong></span> <span class='ocrx_word' id='word_1_444' title='bbox 1663 5404 1719 5449; x_wconf 83' lang='lat' dir='ltr'><strong>et</strong></span> <span class='ocrx_word' id='word_1_445' title='bbox 1773 5400 1891 5457; x_wconf 88' lang='lat' dir='ltr'><strong>sine</strong></span> 
     </span>
    </p>
   </div>
   <div class='ocr_carea' id='block_1_57' title="bbox 317 5479 1888 5553">
    <p class='ocr_par' dir='ltr' id='par_1_57' title="bbox 317 5479 1888 5553">
     <span class='ocr_line' id='line_1_57' title="bbox 317 5479 1888 5553; baseline 0.007 -23"><span class='ocrx_word' id='word_1_446' title='bbox 317 5481 515 5547; x_wconf 85' lang='lat' dir='ltr'><strong>scripto</strong></span> <span class='ocrx_word' id='word_1_447' title='bbox 574 5479 738 5532; x_wconf 83' lang='lat' dir='ltr'><strong>multa</strong></span> <span class='ocrx_word' id='word_1_448' title='bbox 807 5491 933 5535; x_wconf 87' lang='lat' dir='ltr'><strong>tunc</strong></span> <span class='ocrx_word' id='word_1_449' title='bbox 988 5484 1091 5537; x_wconf 89' lang='lat' dir='ltr'><strong>illis</strong></span> <span class='ocrx_word' id='word_1_450' title='bbox 1152 5484 1414 5546; x_wconf 84' lang='lat' dir='ltr'><strong>tradebat,</strong></span> <span class='ocrx_word' id='word_1_451' title='bbox 1467 5483 1605 5553; x_wconf 88' lang='lat' dir='ltr'><strong>quod</strong></span> <span class='ocrx_word' id='word_1_452' title='bbox 1660 5495 1713 5539; x_wconf 90' lang='lat' dir='ltr'><strong>et</strong></span> <span class='ocrx_word' id='word_1_453' title='bbox 1764 5490 1888 5545; x_wconf 89' lang='lat' dir='ltr'><strong>alibi</strong></span> 
     </span>
    </p>
   </div>
   <div class='ocr_carea' id='block_1_58' title="bbox 314 5567 1891 5645">
    <p class='ocr_par' dir='ltr' id='par_1_58' title="bbox 314 5567 1891 5645">
     <span class='ocr_line' id='line_1_58' title="bbox 314 5567 1891 5645; baseline 0.011 -28"><span class='ocrx_word' id='word_1_454' title='bbox 314 5580 523 5637; x_wconf 88' lang='lat' dir='ltr'><strong>quoque</strong></span> <span class='ocrx_word' id='word_1_455' title='bbox 550 5571 731 5627; x_wconf 86' lang='lat' dir='ltr'><strong>multis</strong></span> <span class='ocrx_word' id='word_1_456' title='bbox 759 5572 809 5624; x_wconf 92' lang='lat' dir='ltr'><strong>in</strong></span> <span class='ocrx_word' id='word_1_457' title='bbox 843 5572 970 5625; x_wconf 91' lang='lat' dir='ltr'><strong>locis</strong></span> <span class='ocrx_word' id='word_1_458' title='bbox 1008 5574 1170 5629; x_wconf 88' lang='lat' dir='ltr'><strong>dicit:</strong></span> <span class='ocrx_word' id='word_1_459' title='bbox 1198 5577 1291 5631; x_wconf 85' lang='lat' dir='ltr'><strong>sed</strong></span> <span class='ocrx_word' id='word_1_460' title='bbox 1334 5587 1457 5630; x_wconf 90' lang='lat' dir='ltr'><strong>tunc</strong></span> <span class='ocrx_word' id='word_1_461' title='bbox 1482 5567 1695 5645; x_wconf 83' lang='lat' dir='ltr'><strong>quidem</strong></span> <span class='ocrx_word' id='word_1_462' title='bbox 1724 5581 1891 5634; x_wconf 87' lang='lat' dir='ltr'><strong>tradi-</strong></span> 
     </span>
    </p>
   </div>
   <div class='ocr_carea' id='block_1_59' title="bbox 315 5655 1883 5727">
    <p class='ocr_par' dir='ltr' id='par_1_59' title="bbox 315 5655 1883 5727">
     <span class='ocr_line' id='line_1_59' title="bbox 315 5655 1883 5727; baseline 0.012 -22"><span class='ocrx_word' id='word_1_463' title='bbox 315 5655 394 5707; x_wconf 87' lang='lat' dir='ltr'><strong>dit</strong></span> <span class='ocrx_word' id='word_1_464' title='bbox 422 5666 659 5727; x_wconf 59' lang='lat' dir='ltr'><strong>tantutn,</strong></span> <span class='ocrx_word' id='word_1_465' title='bbox 681 5678 821 5719; x_wconf 86' lang='lat' dir='ltr'><strong>nunc</strong></span> <span class='ocrx_word' id='word_1_466' title='bbox 845 5678 973 5719; x_wconf 80' lang='lat' dir='ltr'><strong>vero</strong></span> <span class='ocrx_word' id='word_1_467' title='bbox 998 5666 1155 5717; x_wconf 84' lang='lat' dir='ltr'><strong>etiam</strong></span> <span class='ocrx_word' id='word_1_468' title='bbox 1184 5682 1400 5722; x_wconf 81' lang='lat' dir='ltr'><strong>causam</strong></span> <span class='ocrx_word' id='word_1_469' title='bbox 1429 5668 1601 5722; x_wconf 84' lang='lat' dir='ltr'><strong>affert.</strong></span> <span class='ocrx_word' id='word_1_470' title='bbox 1634 5667 1707 5721; x_wconf 88' lang='lat' dir='ltr'><strong>Ita</strong></span> <span class='ocrx_word' id='word_1_471' title='bbox 1737 5670 1883 5724; x_wconf 84' lang='lat' dir='ltr'><strong>enim</strong></span> 
     </span>
    </p>
   </div>
   <div class='ocr_carea' id='block_1_60' title="bbox 318 5745 1879 5826">
    <p class='ocr_par' dir='ltr' id='par_1_60' title="bbox 318 5745 1879 5826">
     <span class='ocr_line' id='line_1_60' title="bbox 318 5745 1879 5826; baseline 0.007 -22"><span class='ocrx_word' id='word_1_472' title='bbox 318 5755 370 5800; x_wconf 68' lang='lat' dir='ltr'><strong>et</strong></span> <span class='ocrx_word' id='word_1_473' title='bbox 403 5745 500 5807; x_wconf 69' lang='lat' dir='ltr'><strong>hos</strong></span> <span class='ocrx_word' id='word_1_474' title='bbox 528 5755 805 5815; x_wconf 72' lang='lat' dir='ltr'><strong>audientes</strong></span> <span class='ocrx_word' id='word_1_475' title='bbox 840 5755 1088 5812; x_wconf 82' lang='lat' dir='ltr'><strong>fortiores</strong></span> <span class='ocrx_word' id='word_1_476' title='bbox 1128 5759 1402 5826; x_wconf 83' lang='lat' dir='ltr'><strong>reddebat,</strong></span> <span class='ocrx_word' id='word_1_477' title='bbox 1449 5771 1504 5817; x_wconf 87' lang='lat' dir='ltr'><strong>ct</strong></span> <span class='ocrx_word' id='word_1_478' title='bbox 1544 5761 1753 5816; x_wconf 87' lang='lat' dir='ltr'><strong>illorum</strong></span> <span class='ocrx_word' id='word_1_479' title='bbox 1781 5758 1879 5815; x_wconf 83' lang='lat' dir='ltr'><strong>ad-</strong></span> 
     </span>
    </p>
   </div>
   <div class='ocr_carea' id='block_1_61' title="bbox 642 5841 1272 5908">
    <p class='ocr_par' dir='ltr' id='par_1_61' title="bbox 642 5841 1272 5908">
     <span class='ocr_line' id='line_1_61' title="bbox 642 5841 1272 5908; baseline -0.006 -3"><span class='ocrx_word' id='word_1_480' title='bbox 642 5849 909 5908; x_wconf 70' lang='grc' dir='ltr'><strong>Ριτιιοι..</strong></span> <span class='ocrx_word' id='word_1_481' title='bbox 955 5844 1067 5901; x_wconf 76' lang='lat' dir='ltr'><strong>tiu.</strong></span> <span class='ocrx_word' id='word_1_482' title='bbox 1122 5841 1272 5901; x_wconf 80' lang='lat' dir='ltr'><strong>LXI.</strong></span> 
     </span>
    </p>
   </div>
   <div class='ocr_carea' id='block_1_62' title="bbox 1316 324 2552 386">
    <p class='ocr_par' dir='ltr' id='par_1_62' title="bbox 1316 324 2552 386">
     <span class='ocr_line' id='line_1_62' title="bbox 1316 324 2552 386; baseline -0.001 -3"><span class='ocrx_word' id='word_1_483' title='bbox 1316 328 1383 385; x_wconf 80' lang='lat' dir='ltr'><strong>1N</strong></span> <span class='ocrx_word' id='word_1_484' title='bbox 1420 327 1632 386; x_wconf 83' lang='lat' dir='ltr'><strong>EPIST.</strong></span> <span class='ocrx_word' id='word_1_485' title='bbox 1676 326 1695 379; x_wconf 97' lang='grc'><strong>1</strong></span> <span class='ocrx_word' id='word_1_486' title='bbox 1760 326 1852 381; x_wconf 80' lang='lat' dir='ltr'><strong>AD</strong></span> <span class='ocrx_word' id='word_1_487' title='bbox 1891 324 2046 381; x_wconf 69' lang='grc' dir='ltr'><strong>(ΞΟΠ.</strong></span> <span class='ocrx_word' id='word_1_488' title='bbox 2088 326 2321 383; x_wconf 57' lang='grc' dir='ltr'><strong>ηοθιιι.</strong></span> <span class='ocrx_word' id='word_1_489' title='bbox 2362 326 2552 384; x_wconf 76' lang='lat' dir='ltr'><strong>XXVI.</strong></span> 
     </span>
    </p>
   </div>
   <div class='ocr_carea' id='block_1_63' title="bbox 3499 338 3602 392">
    <p class='ocr_par' dir='ltr' id='par_1_63' title="bbox 3499 338 3602 392">
     <span class='ocr_line' id='line_1_63' title="bbox 3499 338 3602 392; baseline 0.019 -2"><span class='ocrx_word' id='word_1_490' title='bbox 3499 338 3602 392; x_wconf 70' lang='lat' dir='ltr'><strong>2M</strong></span> 
     </span>
    </p>
   </div>
   <div class='ocr_carea' id='block_1_64' title="bbox 2020 446 3599 525">
    <p class='ocr_par' dir='ltr' id='par_1_64' title="bbox 2020 446 3599 525">
     <span class='ocr_line' id='line_1_64' title="bbox 2020 446 3599 525; baseline 0.006 -26"><span class='ocrx_word' id='word_1_491' title='bbox 2020 446 2349 520; x_wconf 63' lang='lat' dir='ltr'><strong>versandum</strong></span> <span class='ocrx_word' id='word_1_492' title='bbox 2372 447 2567 502; x_wconf 85' lang='lat' dir='ltr'><strong>fastum</strong></span> <span class='ocrx_word' id='word_1_493' title='bbox 2588 448 2921 520; x_wconf 79' lang='lat' dir='ltr'><strong>detrahebat.</strong></span> <span class='ocrx_word' id='word_1_494' title='bbox 2947 452 3155 509; x_wconf 89' lang='lat' dir='ltr'><strong>Deinde</strong></span> <span class='ocrx_word' id='word_1_495' title='bbox 3171 469 3279 510; x_wconf 88' lang='lat' dir='ltr'><strong>non</strong></span> <span class='ocrx_word' id='word_1_496' title='bbox 3301 454 3448 519; x_wconf 82' lang='lat' dir='ltr'><strong>dicit,</strong></span> <span class='ocrx_word' id='word_1_497' title='bbox 3472 456 3599 525; x_wconf 79' lang='lat' dir='ltr'><strong>Quia</strong></span> 
     </span>
    </p>
   </div>
   <div class='ocr_carea' id='block_1_65' title="bbox 2017 536 3600 609">
    <p class='ocr_par' dir='ltr' id='par_1_65' title="bbox 2017 536 3600 609">
     <span class='ocr_line' id='line_1_65' title="bbox 2017 536 3600 609; baseline 0.007 -21"><span class='ocrx_word' id='word_1_498' title='bbox 2017 550 2113 591; x_wconf 74' lang='lat' dir='ltr'><strong>vos</strong></span> <span class='ocrx_word' id='word_1_499' title='bbox 2141 536 2431 605; x_wconf 69' lang='lat' dir='ltr'><strong>obedistis,</strong></span> <span class='ocrx_word' id='word_1_500' title='bbox 2453 539 2542 594; x_wconf 88' lang='lat' dir='ltr'><strong>alii</strong></span> <span class='ocrx_word' id='word_1_501' title='bbox 2564 555 2695 595; x_wconf 78' lang='lat' dir='ltr'><strong>vero</strong></span> <span class='ocrx_word' id='word_1_502' title='bbox 2718 556 2824 596; x_wconf 90' lang='lat' dir='ltr'><strong>non</strong></span> <span class='ocrx_word' id='word_1_503' title='bbox 2855 542 3205 609; x_wconf 84' lang='lat' dir='ltr'><strong>obedierunt;</strong></span> <span class='ocrx_word' id='word_1_504' title='bbox 3236 545 3333 600; x_wconf 88' lang='lat' dir='ltr'><strong>sed</strong></span> <span class='ocrx_word' id='word_1_505' title='bbox 3360 547 3476 601; x_wconf 84' lang='lat' dir='ltr'><strong>sine</strong></span> <span class='ocrx_word' id='word_1_506' title='bbox 3500 548 3600 599; x_wconf 87' lang='lat' dir='ltr'><strong>ulla</strong></span> 
     </span>
    </p>
   </div>
   <div class='ocr_carea' id='block_1_66' title="bbox 2017 627 3600 709">
    <p class='ocr_par' dir='ltr' id='par_1_66' title="bbox 2017 627 3600 709">
     <span class='ocr_line' id='line_1_66' title="bbox 2017 627 3600 709; baseline 0.008 -30"><span class='ocrx_word' id='word_1_507' title='bbox 2017 627 2320 696; x_wconf 86' lang='lat' dir='ltr'><strong>suspicione</strong></span> <span class='ocrx_word' id='word_1_508' title='bbox 2350 643 2419 684; x_wconf 77' lang='lat' dir='ltr'><strong>ex</strong></span> <span class='ocrx_word' id='word_1_509' title='bbox 2445 628 2687 684; x_wconf 89' lang='lat' dir='ltr'><strong>doctrina</strong></span> <span class='ocrx_word' id='word_1_510' title='bbox 2718 647 2813 685; x_wconf 86' lang='lat' dir='ltr'><strong>sua</strong></span> <span class='ocrx_word' id='word_1_511' title='bbox 2843 634 2893 686; x_wconf 79' lang='lat' dir='ltr'><strong>id</strong></span> <span class='ocrx_word' id='word_1_512' title='bbox 2916 633 3219 689; x_wconf 86' lang='lat' dir='ltr'><strong>subindicat</strong></span> <span class='ocrx_word' id='word_1_513' title='bbox 3244 634 3301 689; x_wconf 87' lang='lat' dir='ltr'><strong>in</strong></span> <span class='ocrx_word' id='word_1_514' title='bbox 3327 640 3600 709; x_wconf 83' lang='lat' dir='ltr'><strong>sequenti-</strong></span> 
     </span>
    </p>
   </div>
   <div class='ocr_carea' id='block_1_67' title="bbox 2017 719 3601 791">
    <p class='ocr_par' dir='ltr' id='par_1_67' title="bbox 2017 719 3601 791">
     <span class='ocr_line' id='line_1_67' title="bbox 2017 719 3601 791; baseline 0.007 -19"><span class='ocrx_word' id='word_1_515' title='bbox 2017 719 2137 785; x_wconf 90' lang='lat' dir='ltr'><strong>bus,</strong></span> <span class='ocrx_word' id='word_1_516' title='bbox 2170 721 2247 775; x_wconf 89' lang='lat' dir='ltr'><strong>sic</strong></span> <span class='ocrx_word' id='word_1_517' title='bbox 2280 721 2532 791; x_wconf 87' lang='lat' dir='ltr'><strong>loquens:</strong></span> <span class='ocrx_word' id='word_1_518' title='bbox 2563 723 2616 777; x_wconf 78' lang='lat'><strong>3.</strong></span> <span class='ocrx_word' id='word_1_519' title='bbox 2654 721 2781 777; x_wconf 79' lang='lat' dir='ltr'><strong>Volo</strong></span> <span class='ocrx_word' id='word_1_520' title='bbox 2801 735 2968 778; x_wconf 78' lang='lat' dir='ltr'><strong>autem</strong></span> <span class='ocrx_word' id='word_1_521' title='bbox 2994 741 3079 779; x_wconf 83' lang='lat' dir='ltr'><strong>vos</strong></span> <span class='ocrx_word' id='word_1_522' title='bbox 3100 728 3246 790; x_wconf 82' lang='lat' dir='ltr'><strong>scire,</strong></span> <span class='ocrx_word' id='word_1_523' title='bbox 3282 728 3419 791; x_wconf 83' lang='lat' dir='ltr'><strong>quod</strong></span> <span class='ocrx_word' id='word_1_524' title='bbox 3439 732 3601 783; x_wconf 76' lang='lat' dir='ltr'><strong>omni:</strong></span> 
     </span>
    </p>
   </div>
   <div class='ocr_carea' id='block_1_68' title="bbox 2016 810 3599 885">
    <p class='ocr_par' dir='ltr' id='par_1_68' title="bbox 2016 810 3599 885">
     <span class='ocr_line' id='line_1_68' title="bbox 2016 810 3599 885; baseline 0.006 -22"><span class='ocrx_word' id='word_1_525' title='bbox 2016 811 2109 863; x_wconf 81' lang='lat' dir='ltr'><strong>viri</strong></span> <span class='ocrx_word' id='word_1_526' title='bbox 2138 822 2290 879; x_wconf 79' lang='lat' dir='ltr'><strong>caput</strong></span> <span class='ocrx_word' id='word_1_527' title='bbox 2315 812 2546 867; x_wconf 78' lang='lat' dir='ltr'><strong>Christus</strong></span> <span class='ocrx_word' id='word_1_528' title='bbox 2566 823 2641 867; x_wconf 87' lang='lat' dir='ltr'><strong>est</strong></span> <span class='ocrx_word' id='word_1_529' title='bbox 2651 832 2671 880; x_wconf 87' lang='lat'><strong><em>;</em></strong></span> <span class='ocrx_word' id='word_1_530' title='bbox 2692 827 2847 885; x_wconf 83' lang='lat' dir='ltr'><strong>caput</strong></span> <span class='ocrx_word' id='word_1_531' title='bbox 2869 826 3034 868; x_wconf 83' lang='lat' dir='ltr'><strong>autem</strong></span> <span class='ocrx_word' id='word_1_532' title='bbox 3062 819 3287 872; x_wconf 76' lang='lat' dir='ltr'><strong>mulieris</strong></span> <span class='ocrx_word' id='word_1_533' title='bbox 3315 820 3422 885; x_wconf 71' lang='lat' dir='ltr'><strong>&#39;vir;</strong></span> <span class='ocrx_word' id='word_1_534' title='bbox 3446 810 3599 885; x_wconf 74' lang='lat' dir='ltr'><strong>caput</strong></span> 
     </span>
    </p>
   </div>
   <div class='ocr_carea' id='block_1_69' title="bbox 2016 901 3597 977">
    <p class='ocr_par' dir='ltr' id='par_1_69' title="bbox 2016 901 3597 977">
     <span class='ocr_line' id='line_1_69' title="bbox 2016 901 3597 977; baseline 0.006 -23"><span class='ocrx_word' id='word_1_535' title='bbox 2016 917 2129 955; x_wconf 80' lang='lat' dir='ltr'><strong>vero</strong></span> <span class='ocrx_word' id='word_1_536' title='bbox 2176 901 2365 956; x_wconf 82' lang='lat' dir='ltr'><strong>Christi</strong></span> <span class='ocrx_word' id='word_1_537' title='bbox 2414 903 2573 958; x_wconf 74' lang='lat' dir='ltr'><strong>Deus.</strong></span> <span class='ocrx_word' id='word_1_538' title='bbox 2623 906 2749 960; x_wconf 52' lang='lat' dir='ltr'><strong>Haec</strong></span> <span class='ocrx_word' id='word_1_539' title='bbox 2777 915 2862 960; x_wconf 88' lang='lat' dir='ltr'><strong>est</strong></span> <span class='ocrx_word' id='word_1_540' title='bbox 2890 906 3105 977; x_wconf 83' lang='lat' dir='ltr'><strong>quidem</strong></span> <span class='ocrx_word' id='word_1_541' title='bbox 3132 923 3305 963; x_wconf 72' lang='lat' dir='ltr'><strong>causzu</strong></span> <span class='ocrx_word' id='word_1_542' title='bbox 3329 907 3597 972; x_wconf 83' lang='lat' dir='ltr'><strong>redditio;</strong></span> 
     </span>
    </p>
   </div>
   <div class='ocr_carea' id='block_1_70' title="bbox 2017 992 3595 1061">
    <p class='ocr_par' dir='ltr' id='par_1_70' title="bbox 2017 992 3595 1061">
     <span class='ocr_line' id='line_1_70' title="bbox 2017 992 3595 1061; baseline 0.004 -15"><span class='ocrx_word' id='word_1_543' title='bbox 2017 1007 2132 1046; x_wconf 90' lang='lat' dir='ltr'><strong>eam</strong></span> <span class='ocrx_word' id='word_1_544' title='bbox 2171 1008 2302 1048; x_wconf 82' lang='lat' dir='ltr'><strong>vero</strong></span> <span class='ocrx_word' id='word_1_545' title='bbox 2336 993 2511 1061; x_wconf 80' lang='lat' dir='ltr'><strong>aﬂ’ert,</strong></span> <span class='ocrx_word' id='word_1_546' title='bbox 2560 994 2940 1053; x_wconf 85' lang='lat' dir='ltr'><strong>imbecilliores</strong></span> <span class='ocrx_word' id='word_1_547' title='bbox 2986 998 3220 1053; x_wconf 85' lang='lat' dir='ltr'><strong>reddens</strong></span> <span class='ocrx_word' id='word_1_548' title='bbox 3264 992 3595 1056; x_wconf 72' lang='lat' dir='ltr'><strong>attentiores.</strong></span> 
     </span>
    </p>
   </div>
   <div class='ocr_carea' id='block_1_71' title="bbox 2015 1083 3599 1159">
    <p class='ocr_par' dir='ltr' id='par_1_71' title="bbox 2015 1083 3599 1159">
     <span class='ocr_line' id='line_1_71' title="bbox 2015 1083 3599 1159; baseline 0.008 -24"><span class='ocrx_word' id='word_1_549' title='bbox 2015 1083 2116 1150; x_wconf 83' lang='lat' dir='ltr'><strong>Qui</strong></span> <span class='ocrx_word' id='word_1_550' title='bbox 2143 1099 2271 1153; x_wconf 80' lang='lat' dir='ltr'><strong>ergo</strong></span> <span class='ocrx_word' id='word_1_551' title='bbox 2310 1084 2483 1139; x_wconf 75' lang='lat' dir='ltr'><strong>fidelis</strong></span> <span class='ocrx_word' id='word_1_552' title='bbox 2528 1098 2605 1140; x_wconf 88' lang='lat' dir='ltr'><strong>est</strong></span> <span class='ocrx_word' id='word_1_553' title='bbox 2638 1095 2692 1140; x_wconf 90' lang='lat' dir='ltr'><strong>et</strong></span> <span class='ocrx_word' id='word_1_554' title='bbox 2737 1086 2911 1149; x_wconf 82' lang='lat' dir='ltr'><strong>fortis,</strong></span> <span class='ocrx_word' id='word_1_555' title='bbox 2944 1099 3002 1142; x_wconf 87' lang='lat' dir='ltr'><strong>ut</strong></span> <span class='ocrx_word' id='word_1_556' title='bbox 3045 1105 3139 1159; x_wconf 81' lang='lat' dir='ltr'><strong>par</strong></span> <span class='ocrx_word' id='word_1_557' title='bbox 3167 1101 3270 1157; x_wconf 74' lang='grc' dir='ltr'><strong>ρει,</strong></span> <span class='ocrx_word' id='word_1_558' title='bbox 3314 1090 3521 1146; x_wconf 79' lang='lat' dir='ltr'><strong>ratione</strong></span> <span class='ocrx_word' id='word_1_559' title='bbox 3546 1101 3599 1147; x_wconf 84' lang='lat' dir='ltr'><strong>et</strong></span> 
     </span>
    </p>
   </div>
   <div class='ocr_carea' id='block_1_72' title="bbox 2015 1172 3587 1249">
    <p class='ocr_par' dir='ltr' id='par_1_72' title="bbox 2015 1172 3587 1249">
     <span class='ocr_line' id='line_1_72' title="bbox 2015 1172 3587 1249; baseline 0.004 -21"><span class='ocrx_word' id='word_1_560' title='bbox 2015 1188 2173 1229; x_wconf 84' lang='lat' dir='ltr'><strong>causa</strong></span> <span class='ocrx_word' id='word_1_561' title='bbox 2204 1191 2308 1228; x_wconf 89' lang='lat' dir='ltr'><strong>non</strong></span> <span class='ocrx_word' id='word_1_562' title='bbox 2336 1186 2455 1245; x_wconf 76' lang='lat' dir='ltr'><strong>eget</strong></span> <span class='ocrx_word' id='word_1_563' title='bbox 2478 1172 2579 1244; x_wconf 88' lang='lat' dir='ltr'><strong>pro</strong></span> <span class='ocrx_word' id='word_1_564' title='bbox 2606 1178 2670 1230; x_wconf 83' lang='lat' dir='ltr'><strong>iis</strong></span> <span class='ocrx_word' id='word_1_565' title='bbox 2694 1193 2812 1245; x_wconf 75' lang='lat' dir='ltr'><strong>qua:</strong></span> <span class='ocrx_word' id='word_1_566' title='bbox 2840 1190 3105 1249; x_wconf 78' lang='lat' dir='ltr'><strong>praecepta</strong></span> <span class='ocrx_word' id='word_1_567' title='bbox 3134 1191 3276 1243; x_wconf 90' lang='lat' dir='ltr'><strong>sunt,</strong></span> <span class='ocrx_word' id='word_1_568' title='bbox 3313 1182 3407 1237; x_wconf 85' lang='lat' dir='ltr'><strong>sed</strong></span> <span class='ocrx_word' id='word_1_569' title='bbox 3436 1182 3587 1237; x_wconf 75' lang='lat' dir='ltr'><strong>suni-</strong></span> 
     </span>
    </p>
   </div>
   <div class='ocr_carea' id='block_1_73' title="bbox 2014 1265 3599 1337">
    <p class='ocr_par' dir='ltr' id='par_1_73' title="bbox 2014 1265 3599 1337">
     <span class='ocr_line' id='line_1_73' title="bbox 2014 1265 3599 1337; baseline 0.007 -20"><span class='ocrx_word' id='word_1_570' title='bbox 2014 1265 2087 1318; x_wconf 89' lang='lat' dir='ltr'><strong>cit</strong></span> <span class='ocrx_word' id='word_1_571' title='bbox 2114 1266 2190 1319; x_wconf 92' lang='lat' dir='ltr'><strong>illi</strong></span> <span class='ocrx_word' id='word_1_572' title='bbox 2229 1269 2341 1322; x_wconf 85' lang='lat' dir='ltr'><strong>sola</strong></span> <span class='ocrx_word' id='word_1_573' title='bbox 2384 1268 2599 1322; x_wconf 80' lang='lat' dir='ltr'><strong>traditio</strong></span> <span class='ocrx_word' id='word_1_574' title='bbox 2623 1271 2753 1337; x_wconf 83' lang='lat' dir='ltr'><strong>:-qul</strong></span> <span class='ocrx_word' id='word_1_575' title='bbox 2778 1279 2955 1325; x_wconf 85' lang='lat' dir='ltr'><strong>autem</strong></span> <span class='ocrx_word' id='word_1_576' title='bbox 2999 1272 3318 1327; x_wconf 69' lang='lat' dir='ltr'><strong>imbecitiior</strong></span> <span class='ocrx_word' id='word_1_577' title='bbox 3344 1282 3441 1337; x_wconf 90' lang='lat' dir='ltr'><strong>est,</strong></span> <span class='ocrx_word' id='word_1_578' title='bbox 3478 1290 3599 1328; x_wconf 81' lang='lat' dir='ltr'><strong>cum</strong></span> 
     </span>
    </p>
   </div>
   <div class='ocr_carea' id='block_1_74' title="bbox 2014 1358 3597 1433">
    <p class='ocr_par' dir='ltr' id='par_1_74' title="bbox 2014 1358 3597 1433">
     <span class='ocr_line' id='line_1_74' title="bbox 2014 1358 3597 1433; baseline 0.005 -22"><span class='ocrx_word' id='word_1_579' title='bbox 2014 1358 2175 1411; x_wconf 87' lang='lat' dir='ltr'><strong>etiam</strong></span> <span class='ocrx_word' id='word_1_580' title='bbox 2206 1362 2423 1413; x_wconf 69' lang='lat' dir='ltr'><strong>Causam</strong></span> <span class='ocrx_word' id='word_1_581' title='bbox 2472 1360 2743 1429; x_wconf 81' lang='lat' dir='ltr'><strong>didicerit,</strong></span> <span class='ocrx_word' id='word_1_582' title='bbox 2777 1371 2904 1418; x_wconf 86' lang='lat' dir='ltr'><strong>tunc</strong></span> <span class='ocrx_word' id='word_1_583' title='bbox 2942 1379 3065 1417; x_wconf 90' lang='lat' dir='ltr'><strong>cum</strong></span> <span class='ocrx_word' id='word_1_584' title='bbox 3097 1365 3285 1433; x_wconf 82' lang='lat' dir='ltr'><strong>majori</strong></span> <span class='ocrx_word' id='word_1_585' title='bbox 3330 1368 3509 1419; x_wconf 78' lang='lat' dir='ltr'><strong>studio</strong></span> <span class='ocrx_word' id='word_1_586' title='bbox 3546 1367 3597 1420; x_wconf 86' lang='lat' dir='ltr'><strong>id</strong></span> 
     </span>
    </p>
   </div>
   <div class='ocr_carea' id='block_1_75' title="bbox 2012 1436 3595 1531">
    <p class='ocr_par' dir='ltr' id='par_1_75' title="bbox 2012 1436 3595 1531">
     <span class='ocr_line' id='line_1_75' title="bbox 2012 1436 3595 1531; baseline 0.006 -29"><span class='ocrx_word' id='word_1_587' title='bbox 2012 1449 2154 1518; x_wconf 88' lang='lat' dir='ltr'><strong>quod</strong></span> <span class='ocrx_word' id='word_1_588' title='bbox 2193 1451 2392 1505; x_wconf 85' lang='lat' dir='ltr'><strong>dictum</strong></span> <span class='ocrx_word' id='word_1_589' title='bbox 2434 1460 2516 1507; x_wconf 88' lang='lat' dir='ltr'><strong>est</strong></span> <span class='ocrx_word' id='word_1_590' title='bbox 2560 1436 2769 1531; x_wconf 64' lang='lat' dir='ltr'><strong>recitat,</strong></span> <span class='ocrx_word' id='word_1_591' title='bbox 2814 1465 3011 1510; x_wconf 87' lang='lat' dir='ltr'><strong>etcum</strong></span> <span class='ocrx_word' id='word_1_592' title='bbox 3057 1472 3244 1526; x_wconf 78' lang='lat' dir='ltr'><strong>magna</strong></span> <span class='ocrx_word' id='word_1_593' title='bbox 3288 1458 3595 1526; x_wconf 74' lang='lat' dir='ltr'><strong>obsequitur</strong></span> 
     </span>
    </p>
   </div>
   <div class='ocr_carea' id='block_1_76' title="bbox 2011 1540 2309 1597">
    <p class='ocr_par' dir='ltr' id='par_1_76' title="bbox 2011 1540 2309 1597">
     <span class='ocr_line' id='line_1_76' title="bbox 2011 1540 2309 1597; baseline 0.013 -4"><span class='ocrx_word' id='word_1_594' title='bbox 2011 1540 2309 1597; x_wconf 88' lang='lat' dir='ltr'><strong>alacritate.</strong></span> 
     </span>
    </p>
   </div>
   <div class='ocr_carea' id='block_1_77' title="bbox 2079 1631 3595 1705">
    <p class='ocr_par' dir='ltr' id='par_1_77' title="bbox 2079 1631 3595 1705">
     <span class='ocr_line' id='line_1_77' title="bbox 2079 1631 3595 1705; baseline 0.007 -22"><span class='ocrx_word' id='word_1_595' title='bbox 2079 1631 2135 1683; x_wconf 74' lang='lat'><strong>2.</strong></span> <span class='ocrx_word' id='word_1_596' title='bbox 2168 1632 2396 1702; x_wconf 87' lang='lat' dir='ltr'><strong>Ideoque</strong></span> <span class='ocrx_word' id='word_1_597' title='bbox 2420 1650 2635 1689; x_wconf 88' lang='lat' dir='ltr'><strong>causam</strong></span> <span class='ocrx_word' id='word_1_598' title='bbox 2663 1653 2769 1692; x_wconf 92' lang='lat' dir='ltr'><strong>non</strong></span> <span class='ocrx_word' id='word_1_599' title='bbox 2790 1638 2924 1693; x_wconf 58' lang='lat' dir='ltr'><strong>dixit</strong></span> <span class='ocrx_word' id='word_1_600' title='bbox 2944 1682 2959 1705; x_wconf 91' lang='lat'><strong>,</strong></span> <span class='ocrx_word' id='word_1_601' title='bbox 2988 1641 3159 1694; x_wconf 80' lang='lat' dir='ltr'><strong>donec</strong></span> <span class='ocrx_word' id='word_1_602' title='bbox 3186 1640 3317 1695; x_wconf 83' lang='lat' dir='ltr'><strong>vidit</strong></span> <span class='ocrx_word' id='word_1_603' title='bbox 3348 1642 3595 1694; x_wconf 78' lang='lat' dir='ltr'><strong>violatum</strong></span> 
     </span>
    </p>
   </div>
   <div class='ocr_carea' id='block_1_78' title="bbox 2010 1725 3597 1799">
    <p class='ocr_par' dir='ltr' id='par_1_78' title="bbox 2010 1725 3597 1799">
     <span class='ocr_line' id='line_1_78' title="bbox 2010 1725 3597 1799; baseline 0.006 -23"><span class='ocrx_word' id='word_1_604' title='bbox 2010 1735 2130 1776; x_wconf 84' lang='lat' dir='ltr'><strong>esse</strong></span> <span class='ocrx_word' id='word_1_605' title='bbox 2159 1725 2489 1785; x_wconf 83' lang='lat' dir='ltr'><strong>mandatum,</strong></span> <span class='ocrx_word' id='word_1_606' title='bbox 2522 1726 2781 1793; x_wconf 69' lang='lat' dir='ltr'><strong>Q‘utenam</strong></span> <span class='ocrx_word' id='word_1_607' title='bbox 2804 1744 2933 1799; x_wconf 78' lang='lat' dir='ltr'><strong>ergo</strong></span> <span class='ocrx_word' id='word_1_608' title='bbox 2962 1746 3121 1785; x_wconf 86' lang='lat' dir='ltr'><strong>causa</strong></span> <span class='ocrx_word' id='word_1_609' title='bbox 3144 1732 3265 1785; x_wconf 69' lang='lat' dir='ltr'><strong>est?</strong></span> <span class='ocrx_word' id='word_1_610' title='bbox 3296 1731 3474 1785; x_wconf 69' lang='lat' dir='ltr'><strong>0mm:</strong></span> <span class='ocrx_word' id='word_1_611' title='bbox 3500 1733 3597 1785; x_wconf 70' lang='lat' dir='ltr'><strong>viri</strong></span> 
     </span>
    </p>
   </div>
   <div class='ocr_carea' id='block_1_79' title="bbox 2009 1813 3591 1892">
    <p class='ocr_par' dir='ltr' id='par_1_79' title="bbox 2009 1813 3591 1892">
     <span class='ocr_line' id='line_1_79' title="bbox 2009 1813 3591 1892; baseline 0.006 -27"><span class='ocrx_word' id='word_1_612' title='bbox 2009 1823 2162 1884; x_wconf 82' lang='lat' dir='ltr'><strong>caput</strong></span> <span class='ocrx_word' id='word_1_613' title='bbox 2188 1813 2418 1869; x_wconf 82' lang='lat' dir='ltr'><strong>Christus</strong></span> <span class='ocrx_word' id='word_1_614' title='bbox 2445 1826 2534 1870; x_wconf 85' lang='lat' dir='ltr'><strong>est.</strong></span> <span class='ocrx_word' id='word_1_615' title='bbox 2571 1819 2780 1889; x_wconf 79' lang='lat' dir='ltr'><strong>Ergone</strong></span> <span class='ocrx_word' id='word_1_616' title='bbox 2805 1822 2965 1874; x_wconf 78' lang='lat' dir='ltr'><strong>etiam</strong></span> <span class='ocrx_word' id='word_1_617' title='bbox 2988 1821 3162 1891; x_wconf 32' lang='lat' dir='ltr'><strong>Grtec‘i</strong></span> <span class='ocrx_word' id='word_1_618' title='bbox 3183 1824 3206 1873; x_wconf 83' lang='lat'><strong>?</strong></span> <span class='ocrx_word' id='word_1_619' title='bbox 3225 1821 3591 1892; x_wconf 71' lang='lat' dir='ltr'><strong>Nequaottam.</strong></span> 
     </span>
    </p>
   </div>
   <div class='ocr_carea' id='block_1_80' title="bbox 2008 1903 3597 1980">
    <p class='ocr_par' dir='ltr' id='par_1_80' title="bbox 2008 1903 3597 1980">
     <span class='ocr_line' id='line_1_80' title="bbox 2008 1903 3597 1980; baseline 0.005 -22"><span class='ocrx_word' id='word_1_620' title='bbox 2008 1903 2140 1958; x_wconf 85' lang='lat' dir='ltr'><strong>Nam</strong></span> <span class='ocrx_word' id='word_1_621' title='bbox 2169 1908 2213 1959; x_wconf 85' lang='lat' dir='ltr'><strong>si</strong></span> <span class='ocrx_word' id='word_1_622' title='bbox 2239 1922 2434 1976; x_wconf 90' lang='lat' dir='ltr'><strong>corpus</strong></span> <span class='ocrx_word' id='word_1_623' title='bbox 2457 1908 2655 1963; x_wconf 84' lang='lat' dir='ltr'><strong>Christi</strong></span> <span class='ocrx_word' id='word_1_624' title='bbox 2689 1926 2874 1964; x_wconf 86' lang='lat' dir='ltr'><strong>sumus</strong></span> <span class='ocrx_word' id='word_1_625' title='bbox 2910 1922 2962 1965; x_wconf 84' lang='lat' dir='ltr'><strong>et</strong></span> <span class='ocrx_word' id='word_1_626' title='bbox 2994 1913 3229 1966; x_wconf 82' lang='lat' dir='ltr'><strong>membra</strong></span> <span class='ocrx_word' id='word_1_627' title='bbox 3254 1926 3317 1967; x_wconf 74' lang='lat' dir='ltr'><strong>ex</strong></span> <span class='ocrx_word' id='word_1_628' title='bbox 3341 1920 3509 1980; x_wconf 75' lang='lat' dir='ltr'><strong>parte,</strong></span> <span class='ocrx_word' id='word_1_629' title='bbox 3534 1922 3597 1966; x_wconf 77' lang='lat' dir='ltr'><strong>et</strong></span> 
     </span>
    </p>
   </div>
   <div class='ocr_carea' id='block_1_81' title="bbox 2010 1997 3595 2073">
    <p class='ocr_par' dir='ltr' id='par_1_81' title="bbox 2010 1997 3595 2073">
     <span class='ocr_line' id='line_1_81' title="bbox 2010 1997 3595 2073; baseline 0.004 -22"><span class='ocrx_word' id='word_1_630' title='bbox 2010 1997 2110 2051; x_wconf 86' lang='lat' dir='ltr'><strong>hac</strong></span> <span class='ocrx_word' id='word_1_631' title='bbox 2146 1999 2354 2053; x_wconf 83' lang='lat' dir='ltr'><strong>ratione</strong></span> <span class='ocrx_word' id='word_1_632' title='bbox 2396 2000 2486 2055; x_wconf 77' lang='lat' dir='ltr'><strong>itte</strong></span> <span class='ocrx_word' id='word_1_633' title='bbox 2529 2012 2689 2071; x_wconf 88' lang='lat' dir='ltr'><strong>caput</strong></span> <span class='ocrx_word' id='word_1_634' title='bbox 2728 2015 2969 2059; x_wconf 78' lang='lat' dir='ltr'><strong>nostrum</strong></span> <span class='ocrx_word' id='word_1_635' title='bbox 3013 2018 3130 2069; x_wconf 77' lang='lat' dir='ltr'><strong>eSt;</strong></span> <span class='ocrx_word' id='word_1_636' title='bbox 3173 2019 3358 2059; x_wconf 86' lang='lat' dir='ltr'><strong>eorum</strong></span> <span class='ocrx_word' id='word_1_637' title='bbox 3403 2006 3492 2073; x_wconf 80' lang='lat' dir='ltr'><strong>qui</strong></span> <span class='ocrx_word' id='word_1_638' title='bbox 3541 2007 3595 2058; x_wconf 87' lang='lat' dir='ltr'><strong>in</strong></span> 
     </span>
    </p>
   </div>
   <div class='ocr_carea' id='block_1_82' title="bbox 2009 2099 3595 2163">
    <p class='ocr_par' dir='ltr' id='par_1_82' title="bbox 2009 2099 3595 2163">
     <span class='ocr_line' id='line_1_82' title="bbox 2009 2099 3595 2163; baseline 0.004 -19"><span class='ocrx_word' id='word_1_639' title='bbox 2009 2106 2237 2160; x_wconf 86' lang='lat' dir='ltr'><strong>corpore</strong></span> <span class='ocrx_word' id='word_1_640' title='bbox 2278 2108 2385 2145; x_wconf 88' lang='lat' dir='ltr'><strong>non</strong></span> <span class='ocrx_word' id='word_1_641' title='bbox 2437 2105 2563 2147; x_wconf 91' lang='lat' dir='ltr'><strong>sunt</strong></span> <span class='ocrx_word' id='word_1_642' title='bbox 2606 2109 2783 2163; x_wconf 86' lang='lat' dir='ltr'><strong>neque</strong></span> <span class='ocrx_word' id='word_1_643' title='bbox 2813 2099 3405 2161; x_wconf 26' lang='lat' dir='ltr'><strong>ntcmbrar&#39;censentur,</strong></span> <span class='ocrx_word' id='word_1_644' title='bbox 3436 2106 3595 2161; x_wconf 85' lang='lat' dir='ltr'><strong>caput</strong></span> 
     </span>
    </p>
   </div>
   <div class='ocr_carea' id='block_1_83' title="bbox 2010 2182 3594 2255">
    <p class='ocr_par' dir='ltr' id='par_1_83' title="bbox 2010 2182 3594 2255">
     <span class='ocr_line' id='line_1_83' title="bbox 2010 2182 3594 2255; baseline 0.003 -18"><span class='ocrx_word' id='word_1_645' title='bbox 2010 2182 2100 2238; x_wconf 87' lang='lat' dir='ltr'><strong>ille</strong></span> <span class='ocrx_word' id='word_1_646' title='bbox 2121 2197 2226 2237; x_wconf 87' lang='lat' dir='ltr'><strong>non</strong></span> <span class='ocrx_word' id='word_1_647' title='bbox 2252 2183 2407 2239; x_wconf 79' lang='lat' dir='ltr'><strong>fuerit</strong></span> <span class='ocrx_word' id='word_1_648' title='bbox 2442 2202 2455 2237; x_wconf 84' lang='lat'><strong>:</strong></span> <span class='ocrx_word' id='word_1_649' title='bbox 2479 2195 2813 2255; x_wconf 84' lang='lat' dir='ltr'><strong>quapropter</strong></span> <span class='ocrx_word' id='word_1_650' title='bbox 2833 2202 2953 2240; x_wconf 87' lang='lat' dir='ltr'><strong>cum</strong></span> <span class='ocrx_word' id='word_1_651' title='bbox 2986 2188 3150 2252; x_wconf 82' lang='lat' dir='ltr'><strong>dicit,</strong></span> <span class='ocrx_word' id='word_1_652' title='bbox 3179 2187 3383 2251; x_wconf 75' lang='lat' dir='ltr'><strong>Omnis,</strong></span> <span class='ocrx_word' id='word_1_653' title='bbox 3410 2189 3594 2242; x_wconf 70' lang='lat' dir='ltr'><strong>sabin-</strong></span> 
     </span>
    </p>
   </div>
   <div class='ocr_carea' id='block_1_84' title="bbox 2010 2268 3593 2349">
    <p class='ocr_par' dir='ltr' id='par_1_84' title="bbox 2010 2268 3593 2349">
     <span class='ocr_line' id='line_1_84' title="bbox 2010 2268 3593 2349; baseline 0 -18"><span class='ocrx_word' id='word_1_654' title='bbox 2010 2275 2354 2345; x_wconf 83' lang='lat' dir='ltr'><strong>telligendum</strong></span> <span class='ocrx_word' id='word_1_655' title='bbox 2384 2285 2471 2331; x_wconf 88' lang='lat' dir='ltr'><strong>est</strong></span> <span class='ocrx_word' id='word_1_656' title='bbox 2496 2276 2691 2333; x_wconf 83' lang='lat' dir='ltr'><strong>ﬁdelis.</strong></span> <span class='ocrx_word' id='word_1_657' title='bbox 2721 2277 2968 2333; x_wconf 76' lang='lat' dir='ltr'><strong>Vidistiu‘</strong></span> <span class='ocrx_word' id='word_1_658' title='bbox 2994 2279 3266 2348; x_wconf 77' lang='lat' dir='ltr'><strong>quatuodo</strong></span> <span class='ocrx_word' id='word_1_659' title='bbox 3288 2296 3449 2349; x_wconf 65' lang='lat' dir='ltr'><strong>supra</strong></span> <span class='ocrx_word' id='word_1_660' title='bbox 3478 2268 3593 2334; x_wconf 56' lang='lat' dir='ltr'><strong>obii</strong></span> 
     </span>
    </p>
   </div>
   <div class='ocr_carea' id='block_1_85' title="bbox 2008 2366 3607 2437">
    <p class='ocr_par' dir='ltr' id='par_1_85' title="bbox 2008 2366 3607 2437">
     <span class='ocr_line' id='line_1_85' title="bbox 2008 2366 3607 2437; baseline 0.001 -17"><span class='ocrx_word' id='word_1_661' title='bbox 2008 2381 2111 2436; x_wconf 86' lang='lat' dir='ltr'><strong>que</strong></span> <span class='ocrx_word' id='word_1_662' title='bbox 2135 2366 2340 2437; x_wconf 86' lang='lat' dir='ltr'><strong>pudore</strong></span> <span class='ocrx_word' id='word_1_663' title='bbox 2378 2366 2648 2424; x_wconf 68' lang='lat' dir='ltr'><strong>sudundat</strong></span> <span class='ocrx_word' id='word_1_664' title='bbox 2676 2369 2975 2424; x_wconf 82' lang='lat' dir='ltr'><strong>auditorem</strong></span> <span class='ocrx_word' id='word_1_665' title='bbox 2992 2372 3015 2421; x_wconf 89' lang='lat'><strong>?</strong></span> <span class='ocrx_word' id='word_1_666' title='bbox 3040 2368 3179 2423; x_wconf 80' lang='lat' dir='ltr'><strong>Nam</strong></span> <span class='ocrx_word' id='word_1_667' title='bbox 3203 2386 3326 2425; x_wconf 74' lang='lat' dir='ltr'><strong>cum</strong></span> <span class='ocrx_word' id='word_1_668' title='bbox 3360 2371 3427 2424; x_wconf 75' lang='lat' dir='ltr'><strong>de</strong></span> <span class='ocrx_word' id='word_1_669' title='bbox 3453 2372 3607 2425; x_wconf 55' lang='lat' dir='ltr'><strong>carie.</strong></span> 
     </span>
    </p>
   </div>
   <div class='ocr_carea' id='block_1_86' title="bbox 2010 2460 3595 2527">
    <p class='ocr_par' dir='ltr' id='par_1_86' title="bbox 2010 2460 3595 2527">
     <span class='ocr_line' id='line_1_86' title="bbox 2010 2460 3595 2527; baseline 0.004 -14"><span class='ocrx_word' id='word_1_670' title='bbox 2010 2468 2119 2515; x_wconf 86' lang='lat' dir='ltr'><strong>tate</strong></span> <span class='ocrx_word' id='word_1_671' title='bbox 2147 2460 2458 2527; x_wconf 85' lang='lat' dir='ltr'><strong>dissereret,</strong></span> <span class='ocrx_word' id='word_1_672' title='bbox 2493 2471 2549 2516; x_wconf 85' lang='lat' dir='ltr'><strong>et</strong></span> <span class='ocrx_word' id='word_1_673' title='bbox 2574 2476 2697 2517; x_wconf 88' lang='lat' dir='ltr'><strong>eum</strong></span> <span class='ocrx_word' id='word_1_674' title='bbox 2721 2462 2791 2517; x_wconf 87' lang='lat' dir='ltr'><strong>de</strong></span> <span class='ocrx_word' id='word_1_675' title='bbox 2822 2461 3122 2519; x_wconf 78' lang='lat' dir='ltr'><strong>humiiitate</strong></span> <span class='ocrx_word' id='word_1_676' title='bbox 3146 2472 3198 2517; x_wconf 81' lang='lat' dir='ltr'><strong>et</strong></span> <span class='ocrx_word' id='word_1_677' title='bbox 3222 2480 3341 2517; x_wconf 62' lang='lat' dir='ltr'><strong>cum</strong></span> <span class='ocrx_word' id='word_1_678' title='bbox 3362 2466 3431 2518; x_wconf 87' lang='lat' dir='ltr'><strong>de</strong></span> <span class='ocrx_word' id='word_1_679' title='bbox 3451 2464 3595 2519; x_wconf 69' lang='lat' dir='ltr'><strong>eiec-</strong></span> 
     </span>
    </p>
   </div>
   <div class='ocr_carea' id='block_1_87' title="bbox 2008 2554 3590 2626">
    <p class='ocr_par' dir='ltr' id='par_1_87' title="bbox 2008 2554 3590 2626">
     <span class='ocr_line' id='line_1_87' title="bbox 2008 2554 3590 2626; baseline 0.002 -19"><span class='ocrx_word' id='word_1_680' title='bbox 2008 2567 2251 2625; x_wconf 84' lang='lat' dir='ltr'><strong>mosyna,</strong></span> <span class='ocrx_word' id='word_1_681' title='bbox 2286 2554 2409 2609; x_wconf 89' lang='lat' dir='ltr'><strong>inde</strong></span> <span class='ocrx_word' id='word_1_682' title='bbox 2438 2555 2680 2622; x_wconf 80' lang='lat' dir='ltr'><strong>exempla</strong></span> <span class='ocrx_word' id='word_1_683' title='bbox 2706 2556 3146 2626; x_wconf 73' lang='lat' dir='ltr'><strong>trahubatCaput</strong></span> <span class='ocrx_word' id='word_1_684' title='bbox 3170 2567 3337 2611; x_wconf 69' lang='lat' dir='ltr'><strong>actem</strong></span> <span class='ocrx_word' id='word_1_685' title='bbox 3363 2558 3590 2611; x_wconf 56' lang='lat' dir='ltr'><strong>mntiri-is</strong></span> 
     </span>
    </p>
   </div>
   <div class='ocr_carea' id='block_1_88' title="bbox 2009 2644 3592 2715">
    <p class='ocr_par' dir='ltr' id='par_1_88' title="bbox 2009 2644 3592 2715">
     <span class='ocr_line' id='line_1_88' title="bbox 2009 2644 3592 2715; baseline 0.002 -17"><span class='ocrx_word' id='word_1_686' title='bbox 2009 2648 2083 2699; x_wconf 79' lang='lat' dir='ltr'><strong>vir</strong></span> <span class='ocrx_word' id='word_1_687' title='bbox 2109 2661 2129 2710; x_wconf 81' lang='lat'><strong>,&#39;</strong></span> <span class='ocrx_word' id='word_1_688' title='bbox 2158 2654 2310 2715; x_wconf 85' lang='lat' dir='ltr'><strong>caput</strong></span> <span class='ocrx_word' id='word_1_689' title='bbox 2334 2662 2450 2699; x_wconf 86' lang='lat' dir='ltr'><strong>vero</strong></span> <span class='ocrx_word' id='word_1_690' title='bbox 2469 2644 2655 2701; x_wconf 83' lang='lat' dir='ltr'><strong>Christi</strong></span> <span class='ocrx_word' id='word_1_691' title='bbox 2683 2644 2840 2699; x_wconf 84' lang='lat' dir='ltr'><strong>Deus.</strong></span> <span class='ocrx_word' id='word_1_692' title='bbox 2871 2644 2969 2701; x_wconf 79' lang='lat' dir='ltr'><strong>Hie</strong></span> <span class='ocrx_word' id='word_1_693' title='bbox 2997 2646 3052 2699; x_wconf 88' lang='lat' dir='ltr'><strong>in</strong></span> <span class='ocrx_word' id='word_1_694' title='bbox 3085 2660 3183 2701; x_wconf 83' lang='lat' dir='ltr'><strong>nos</strong></span> <span class='ocrx_word' id='word_1_695' title='bbox 3216 2648 3458 2703; x_wconf 77' lang='lat' dir='ltr'><strong>insiliunt</strong></span> <span class='ocrx_word' id='word_1_696' title='bbox 3483 2648 3592 2701; x_wconf 70' lang='lat' dir='ltr'><strong>ine-</strong></span> 
     </span>
    </p>
   </div>
   <div class='ocr_carea' id='block_1_89' title="bbox 2007 2736 3588 2805">
    <p class='ocr_par' dir='ltr' id='par_1_89' title="bbox 2007 2736 3588 2805">
     <span class='ocr_line' id='line_1_89' title="bbox 2007 2736 3588 2805; baseline 0.001 -15"><span class='ocrx_word' id='word_1_697' title='bbox 2007 2738 2178 2802; x_wconf 84' lang='lat' dir='ltr'><strong>retici,</strong></span> <span class='ocrx_word' id='word_1_698' title='bbox 2226 2750 2294 2791; x_wconf 82' lang='lat' dir='ltr'><strong>ex</strong></span> <span class='ocrx_word' id='word_1_699' title='bbox 2335 2737 2401 2791; x_wconf 85' lang='lat' dir='ltr'><strong>iis</strong></span> <span class='ocrx_word' id='word_1_700' title='bbox 2437 2752 2559 2805; x_wconf 77' lang='lat' dir='ltr'><strong>qua:</strong></span> <span class='ocrx_word' id='word_1_701' title='bbox 2585 2736 2726 2791; x_wconf 89' lang='lat' dir='ltr'><strong>dicta</strong></span> <span class='ocrx_word' id='word_1_702' title='bbox 2770 2744 2891 2790; x_wconf 87' lang='lat' dir='ltr'><strong>sunt</strong></span> <span class='ocrx_word' id='word_1_703' title='bbox 2936 2737 3200 2793; x_wconf 79' lang='lat' dir='ltr'><strong>minorem</strong></span> <span class='ocrx_word' id='word_1_704' title='bbox 3248 2753 3369 2792; x_wconf 74' lang='lat' dir='ltr'><strong>esse</strong></span> <span class='ocrx_word' id='word_1_705' title='bbox 3395 2738 3588 2793; x_wconf 79' lang='lat' dir='ltr'><strong>Filium</strong></span> 
     </span>
    </p>
   </div>
   <div class='ocr_carea' id='block_1_90' title="bbox 2008 2825 3589 2898">
    <p class='ocr_par' dir='ltr' id='par_1_90' title="bbox 2008 2825 3589 2898">
     <span class='ocr_line' id='line_1_90' title="bbox 2008 2825 3589 2898; baseline 0.001 -19"><span class='ocrx_word' id='word_1_706' title='bbox 2008 2826 2375 2896; x_wconf 76' lang='lat' dir='ltr'><strong>excogitantes</strong></span> <span class='ocrx_word' id='word_1_707' title='bbox 2399 2841 2414 2890; x_wconf 90' lang='lat'><strong>;</strong></span> <span class='ocrx_word' id='word_1_708' title='bbox 2438 2825 2532 2880; x_wconf 85' lang='lat' dir='ltr'><strong>sed</strong></span> <span class='ocrx_word' id='word_1_709' title='bbox 2585 2827 2639 2879; x_wconf 89' lang='lat' dir='ltr'><strong>in</strong></span> <span class='ocrx_word' id='word_1_710' title='bbox 2668 2827 2873 2895; x_wconf 69' lang='lat' dir='ltr'><strong>seipses</strong></span> <span class='ocrx_word' id='word_1_711' title='bbox 2902 2826 3133 2883; x_wconf 69' lang='lat' dir='ltr'><strong>irruunt.</strong></span> <span class='ocrx_word' id='word_1_712' title='bbox 3163 2826 3218 2882; x_wconf 71' lang='lat' dir='ltr'><strong>Si</strong></span> <span class='ocrx_word' id='word_1_713' title='bbox 3265 2828 3406 2882; x_wconf 83' lang='lat' dir='ltr'><strong>enim</strong></span> <span class='ocrx_word' id='word_1_714' title='bbox 3434 2839 3589 2898; x_wconf 86' lang='lat' dir='ltr'><strong>caput</strong></span> 
     </span>
    </p>
   </div>
   <div class='ocr_carea' id='block_1_91' title="bbox 2006 2917 3592 2991">
    <p class='ocr_par' dir='ltr' id='par_1_91' title="bbox 2006 2917 3592 2991">
     <span class='ocr_line' id='line_1_91' title="bbox 2006 2917 3592 2991; baseline 0.002 -18"><span class='ocrx_word' id='word_1_715' title='bbox 2006 2920 2248 2974; x_wconf 83' lang='lat' dir='ltr'><strong>mulieris</strong></span> <span class='ocrx_word' id='word_1_716' title='bbox 2274 2928 2357 2973; x_wconf 89' lang='lat' dir='ltr'><strong>est</strong></span> <span class='ocrx_word' id='word_1_717' title='bbox 2382 2918 2464 2973; x_wconf 79' lang='lat' dir='ltr'><strong>vir</strong></span> <span class='ocrx_word' id='word_1_718' title='bbox 2484 2956 2499 2981; x_wconf 90' lang='lat'><strong>,</strong></span> <span class='ocrx_word' id='word_1_719' title='bbox 2532 2917 2877 2987; x_wconf 80' lang='lat' dir='ltr'><strong>ejusdemun</strong></span> <span class='ocrx_word' id='word_1_720' title='bbox 2906 2930 2990 2972; x_wconf 73' lang='lat' dir='ltr'><strong>est</strong></span> <span class='ocrx_word' id='word_1_721' title='bbox 3018 2921 3328 2973; x_wconf 72' lang='lat' dir='ltr'><strong>substantiae</strong></span> <span class='ocrx_word' id='word_1_722' title='bbox 3352 2930 3510 2991; x_wconf 75' lang='lat' dir='ltr'><strong>caput</strong></span> <span class='ocrx_word' id='word_1_723' title='bbox 3535 2932 3592 2977; x_wconf 85' lang='lat' dir='ltr'><strong>et</strong></span> 
     </span>
    </p>
   </div>
   <div class='ocr_carea' id='block_1_92' title="bbox 2007 3009 3586 3087">
    <p class='ocr_par' dir='ltr' id='par_1_92' title="bbox 2007 3009 3586 3087">
     <span class='ocr_line' id='line_1_92' title="bbox 2007 3009 3586 3087; baseline -0.001 -20"><span class='ocrx_word' id='word_1_724' title='bbox 2007 3027 2234 3081; x_wconf 87' lang='lat' dir='ltr'><strong>corpus;</strong></span> <span class='ocrx_word' id='word_1_725' title='bbox 2263 3020 2422 3080; x_wconf 86' lang='lat' dir='ltr'><strong>caput</strong></span> <span class='ocrx_word' id='word_1_726' title='bbox 2447 3025 2577 3065; x_wconf 86' lang='lat' dir='ltr'><strong>vero</strong></span> <span class='ocrx_word' id='word_1_727' title='bbox 2604 3009 2801 3087; x_wconf 79' lang='lat' dir='ltr'><strong>Christi</strong></span> <span class='ocrx_word' id='word_1_728' title='bbox 2828 3020 2911 3063; x_wconf 77' lang='lat' dir='ltr'><strong>est</strong></span> <span class='ocrx_word' id='word_1_729' title='bbox 2956 3011 3121 3077; x_wconf 84' lang='lat' dir='ltr'><strong>Deus,</strong></span> <span class='ocrx_word' id='word_1_730' title='bbox 3154 3010 3317 3065; x_wconf 80' lang='lat' dir='ltr'><strong>Filius</strong></span> <span class='ocrx_word' id='word_1_731' title='bbox 3348 3012 3586 3079; x_wconf 80' lang='lat' dir='ltr'><strong>ejusdem</strong></span> 
     </span>
    </p>
   </div>
   <div class='ocr_carea' id='block_1_93' title="bbox 2005 3104 3588 3177">
    <p class='ocr_par' dir='ltr' id='par_1_93' title="bbox 2005 3104 3588 3177">
     <span class='ocr_line' id='line_1_93' title="bbox 2005 3104 3588 3177; baseline -0.001 -17"><span class='ocrx_word' id='word_1_732' title='bbox 2005 3118 2165 3177; x_wconf 88' lang='lat' dir='ltr'><strong>atque</strong></span> <span class='ocrx_word' id='word_1_733' title='bbox 2210 3107 2365 3160; x_wconf 86' lang='lat' dir='ltr'><strong>Pater</strong></span> <span class='ocrx_word' id='word_1_734' title='bbox 2409 3104 2719 3159; x_wconf 72' lang='lat' dir='ltr'><strong>substantia:</strong></span> <span class='ocrx_word' id='word_1_735' title='bbox 2763 3111 2864 3158; x_wconf 77' lang='lat' dir='ltr'><strong>est.</strong></span> <span class='ocrx_word' id='word_1_736' title='bbox 2896 3106 2982 3169; x_wconf 75' lang='lat' dir='ltr'><strong>At,</strong></span> <span class='ocrx_word' id='word_1_737' title='bbox 3028 3106 3291 3173; x_wconf 84' lang='lat' dir='ltr'><strong>inquiunt,</strong></span> <span class='ocrx_word' id='word_1_738' title='bbox 3341 3104 3588 3159; x_wconf 81' lang='lat' dir='ltr'><strong>nolumus</strong></span> 
     </span>
    </p>
   </div>
   <div class='ocr_carea' id='block_1_94' title="bbox 2006 3197 3589 3268">
    <p class='ocr_par' dir='ltr' id='par_1_94' title="bbox 2006 3197 3589 3268">
     <span class='ocr_line' id='line_1_94' title="bbox 2006 3197 3589 3268; baseline -0.003 -12"><span class='ocrx_word' id='word_1_739' title='bbox 2006 3201 2131 3255; x_wconf 90' lang='lat' dir='ltr'><strong>hinc</strong></span> <span class='ocrx_word' id='word_1_740' title='bbox 2158 3199 2441 3254; x_wconf 87' lang='lat' dir='ltr'><strong>ostendere</strong></span> <span class='ocrx_word' id='word_1_741' title='bbox 2470 3198 2612 3268; x_wconf 92' lang='lat' dir='ltr'><strong>quod</strong></span> <span class='ocrx_word' id='word_1_742' title='bbox 2636 3198 2855 3252; x_wconf 65' lang='lat' dir='ltr'><strong>alterius</strong></span> <span class='ocrx_word' id='word_1_743' title='bbox 2884 3199 2955 3251; x_wconf 83' lang='lat' dir='ltr'><strong>sit</strong></span> <span class='ocrx_word' id='word_1_744' title='bbox 2978 3197 3307 3259; x_wconf 72' lang='lat' dir='ltr'><strong>substantirc,</strong></span> <span class='ocrx_word' id='word_1_745' title='bbox 3333 3198 3423 3252; x_wconf 80' lang='lat' dir='ltr'><strong>sed</strong></span> <span class='ocrx_word' id='word_1_746' title='bbox 3447 3200 3589 3267; x_wconf 76' lang='lat' dir='ltr'><strong>quod</strong></span> 
     </span>
    </p>
   </div>
   <div class='ocr_carea' id='block_1_95' title="bbox 2006 3287 3587 3359">
    <p class='ocr_par' dir='ltr' id='par_1_95' title="bbox 2006 3287 3587 3359">
     <span class='ocr_line' id='line_1_95' title="bbox 2006 3287 3587 3359; baseline -0.003 -12"><span class='ocrx_word' id='word_1_747' title='bbox 2006 3311 2033 3347; x_wconf 92' lang='lat' dir='ltr'><strong>a</strong></span> <span class='ocrx_word' id='word_1_748' title='bbox 2078 3293 2233 3347; x_wconf 83' lang='lat' dir='ltr'><strong>Patre</strong></span> <span class='ocrx_word' id='word_1_749' title='bbox 2269 3291 2583 3359; x_wconf 84' lang='lat' dir='ltr'><strong>imperetur.</strong></span> <span class='ocrx_word' id='word_1_750' title='bbox 2616 3287 2754 3356; x_wconf 85' lang='lat' dir='ltr'><strong>Quid</strong></span> <span class='ocrx_word' id='word_1_751' title='bbox 2807 3288 2872 3341; x_wconf 87' lang='lat' dir='ltr'><strong>ad</strong></span> <span class='ocrx_word' id='word_1_752' title='bbox 2917 3288 3017 3342; x_wconf 87' lang='lat' dir='ltr'><strong>hoc</strong></span> <span class='ocrx_word' id='word_1_753' title='bbox 3060 3288 3385 3341; x_wconf 84' lang='lat' dir='ltr'><strong>dixerimus?</strong></span> <span class='ocrx_word' id='word_1_754' title='bbox 3436 3289 3587 3354; x_wconf 72' lang='lat' dir='ltr'><strong>Quod</strong></span> 
     </span>
    </p>
   </div>
   <div class='ocr_carea' id='block_1_96' title="bbox 2004 3377 3586 3451">
    <p class='ocr_par' dir='ltr' id='par_1_96' title="bbox 2004 3377 3586 3451">
     <span class='ocr_line' id='line_1_96' title="bbox 2004 3377 3586 3451; baseline -0.007 -11"><span class='ocrx_word' id='word_1_755' title='bbox 2004 3402 2123 3440; x_wconf 88' lang='lat' dir='ltr'><strong>cum</strong></span> <span class='ocrx_word' id='word_1_756' title='bbox 2148 3383 2345 3439; x_wconf 90' lang='lat' dir='ltr'><strong>humile</strong></span> <span class='ocrx_word' id='word_1_757' title='bbox 2370 3381 2643 3451; x_wconf 88' lang='lat' dir='ltr'><strong>quidpiam</strong></span> <span class='ocrx_word' id='word_1_758' title='bbox 2670 3380 2863 3434; x_wconf 82' lang='lat' dir='ltr'><strong>dicitur</strong></span> <span class='ocrx_word' id='word_1_759' title='bbox 2882 3377 2953 3433; x_wconf 85' lang='lat' dir='ltr'><strong>de</strong></span> <span class='ocrx_word' id='word_1_760' title='bbox 2982 3380 3074 3432; x_wconf 90' lang='lat' dir='ltr'><strong>illo</strong></span> <span class='ocrx_word' id='word_1_761' title='bbox 3106 3394 3227 3433; x_wconf 83' lang='lat' dir='ltr'><strong>eum</strong></span> <span class='ocrx_word' id='word_1_762' title='bbox 3256 3393 3415 3431; x_wconf 73' lang='lat' dir='ltr'><strong>carne</strong></span> <span class='ocrx_word' id='word_1_763' title='bbox 3440 3380 3586 3431; x_wconf 53' lang='lat' dir='ltr'><strong>exsin-</strong></span> 
     </span>
    </p>
   </div>
   <div class='ocr_carea' id='block_1_97' title="bbox 2005 3466 3590 3543">
    <p class='ocr_par' dir='ltr' id='par_1_97' title="bbox 2005 3466 3590 3543">
     <span class='ocr_line' id='line_1_97' title="bbox 2005 3466 3590 3543; baseline -0.004 -12"><span class='ocrx_word' id='word_1_764' title='bbox 2005 3487 2180 3531; x_wconf 82' lang='lat' dir='ltr'><strong>stente</strong></span> <span class='ocrx_word' id='word_1_765' title='bbox 2202 3518 2217 3541; x_wconf 97' lang='lat'><strong>,</strong></span> <span class='ocrx_word' id='word_1_766' title='bbox 2247 3474 2297 3529; x_wconf 91' lang='lat' dir='ltr'><strong>id</strong></span> <span class='ocrx_word' id='word_1_767' title='bbox 2326 3474 2469 3543; x_wconf 91' lang='lat' dir='ltr'><strong>quod</strong></span> <span class='ocrx_word' id='word_1_768' title='bbox 2518 3474 2712 3527; x_wconf 87' lang='lat' dir='ltr'><strong>dicitur</strong></span> <span class='ocrx_word' id='word_1_769' title='bbox 2750 3487 2855 3526; x_wconf 85' lang='lat' dir='ltr'><strong>non</strong></span> <span class='ocrx_word' id='word_1_770' title='bbox 2901 3471 2971 3523; x_wconf 85' lang='lat' dir='ltr'><strong>sit</strong></span> <span class='ocrx_word' id='word_1_771' title='bbox 2997 3470 3287 3525; x_wconf 77' lang='lat' dir='ltr'><strong>divinitatis</strong></span> <span class='ocrx_word' id='word_1_772' title='bbox 3332 3466 3507 3525; x_wconf 54' lang='lat' dir='ltr'><strong>ivii&#39;zras</strong></span> <span class='ocrx_word' id='word_1_773' title='bbox 3534 3480 3590 3525; x_wconf 76' lang='lat' dir='ltr'><strong>et</strong></span> 
     </span>
    </p>
   </div>
   <div class='ocr_carea' id='block_1_98' title="bbox 2004 3563 3589 3639">
    <p class='ocr_par' dir='ltr' id='par_1_98' title="bbox 2004 3563 3589 3639">
     <span class='ocr_line' id='line_1_98' title="bbox 2004 3563 3589 3639; baseline -0.004 -14"><span class='ocrx_word' id='word_1_774' title='bbox 2004 3569 2254 3639; x_wconf 80' lang='lat' dir='ltr'><strong>dejectio,</strong></span> <span class='ocrx_word' id='word_1_775' title='bbox 2297 3583 2419 3621; x_wconf 91' lang='lat' dir='ltr'><strong>cum</strong></span> <span class='ocrx_word' id='word_1_776' title='bbox 2463 3565 2763 3621; x_wconf 68' lang='lat' dir='ltr'><strong>(economia</strong></span> <span class='ocrx_word' id='word_1_777' title='bbox 2808 3563 2861 3617; x_wconf 71' lang='lat' dir='ltr'><strong>id.</strong></span> <span class='ocrx_word' id='word_1_778' title='bbox 2906 3563 3173 3633; x_wconf 66' lang='lat' dir='ltr'><strong>suscipiat.</strong></span> <span class='ocrx_word' id='word_1_779' title='bbox 3213 3564 3473 3617; x_wconf 52' lang='lat' dir='ltr'><strong>(laterum</strong></span> <span class='ocrx_word' id='word_1_780' title='bbox 3502 3565 3589 3619; x_wconf 77' lang='lat' dir='ltr'><strong>die</strong></span> 
     </span>
    </p>
   </div>
   <div class='ocr_carea' id='block_1_99' title="bbox 2004 3655 3587 3732">
    <p class='ocr_par' dir='ltr' id='par_1_99' title="bbox 2004 3655 3587 3732">
     <span class='ocr_line' id='line_1_99' title="bbox 2004 3655 3587 3732; baseline -0.005 -15"><span class='ocrx_word' id='word_1_781' title='bbox 2004 3662 2272 3732; x_wconf 89' lang='lat' dir='ltr'><strong>quomodo</strong></span> <span class='ocrx_word' id='word_1_782' title='bbox 2311 3659 2361 3713; x_wconf 89' lang='lat' dir='ltr'><strong>id</strong></span> <span class='ocrx_word' id='word_1_783' title='bbox 2390 3673 2532 3713; x_wconf 91' lang='lat' dir='ltr'><strong>nunc</strong></span> <span class='ocrx_word' id='word_1_784' title='bbox 2556 3659 2636 3711; x_wconf 85' lang='lat' dir='ltr'><strong>vis</strong></span> <span class='ocrx_word' id='word_1_785' title='bbox 2660 3657 2927 3727; x_wconf 76' lang='lat' dir='ltr'><strong>probare?</strong></span> <span class='ocrx_word' id='word_1_786' title='bbox 2950 3655 3209 3722; x_wconf 80' lang='lat' dir='ltr'><strong>Quoniam</strong></span> <span class='ocrx_word' id='word_1_787' title='bbox 3234 3696 3249 3720; x_wconf 88' lang='lat'><strong>,</strong></span> <span class='ocrx_word' id='word_1_788' title='bbox 3280 3656 3449 3724; x_wconf 72' lang='lat' dir='ltr'><strong>inquit</strong></span> <span class='ocrx_word' id='word_1_789' title='bbox 3467 3708 3479 3720; x_wconf 72' lang='grc'><strong><em>,</em></strong></span> <span class='ocrx_word' id='word_1_790' title='bbox 3510 3657 3587 3709; x_wconf 76' lang='lat' dir='ltr'><strong>si—</strong></span> 
     </span>
    </p>
   </div>
   <div class='ocr_carea' id='block_1_100' title="bbox 2005 3744 3589 3818">
    <p class='ocr_par' dir='ltr' id='par_1_100' title="bbox 2005 3744 3589 3818">
     <span class='ocr_line' id='line_1_100' title="bbox 2005 3744 3589 3818; baseline -0.004 -9"><span class='ocrx_word' id='word_1_791' title='bbox 2005 3762 2096 3809; x_wconf 90' lang='lat' dir='ltr'><strong>cut</strong></span> <span class='ocrx_word' id='word_1_792' title='bbox 2122 3754 2205 3807; x_wconf 83' lang='lat' dir='ltr'><strong>vir</strong></span> <span class='ocrx_word' id='word_1_793' title='bbox 2232 3751 2441 3805; x_wconf 90' lang='lat' dir='ltr'><strong>mulieri</strong></span> <span class='ocrx_word' id='word_1_794' title='bbox 2475 3750 2736 3818; x_wconf 87' lang='lat' dir='ltr'><strong>imperat,</strong></span> <span class='ocrx_word' id='word_1_795' title='bbox 2776 3747 2853 3801; x_wconf 65' lang='lat' dir='ltr'><strong>sic</strong></span> <span class='ocrx_word' id='word_1_796' title='bbox 2879 3755 2935 3800; x_wconf 86' lang='lat' dir='ltr'><strong>et</strong></span> <span class='ocrx_word' id='word_1_797' title='bbox 2984 3748 3140 3800; x_wconf 78' lang='lat' dir='ltr'><strong>Pater</strong></span> <span class='ocrx_word' id='word_1_798' title='bbox 3174 3744 3411 3800; x_wconf 77' lang='lat' dir='ltr'><strong>Christo.</strong></span> <span class='ocrx_word' id='word_1_799' title='bbox 3445 3747 3589 3817; x_wconf 81' lang='lat' dir='ltr'><strong>Ergo</strong></span> 
     </span>
    </p>
   </div>
   <div class='ocr_carea' id='block_1_101' title="bbox 2004 3835 3585 3908">
    <p class='ocr_par' dir='ltr' id='par_1_101' title="bbox 2004 3835 3585 3908">
     <span class='ocr_line' id='line_1_101' title="bbox 2004 3835 3585 3908; baseline -0.004 -11"><span class='ocrx_word' id='word_1_800' title='bbox 2004 3846 2141 3898; x_wconf 87' lang='lat' dir='ltr'><strong>sicut</strong></span> <span class='ocrx_word' id='word_1_801' title='bbox 2168 3842 2416 3897; x_wconf 90' lang='lat' dir='ltr'><strong>Christus</strong></span> <span class='ocrx_word' id='word_1_802' title='bbox 2450 3840 2589 3905; x_wconf 86' lang='lat' dir='ltr'><strong>viro,</strong></span> <span class='ocrx_word' id='word_1_803' title='bbox 2623 3838 2700 3892; x_wconf 91' lang='lat' dir='ltr'><strong>sic</strong></span> <span class='ocrx_word' id='word_1_804' title='bbox 2726 3838 2884 3891; x_wconf 78' lang='lat' dir='ltr'><strong>Pater</strong></span> <span class='ocrx_word' id='word_1_805' title='bbox 2908 3835 3078 3891; x_wconf 84' lang='lat' dir='ltr'><strong>Filio:</strong></span> <span class='ocrx_word' id='word_1_806' title='bbox 3112 3837 3273 3889; x_wconf 74' lang='lat' dir='ltr'><strong>ootnis</strong></span> <span class='ocrx_word' id='word_1_807' title='bbox 3303 3837 3442 3891; x_wconf 80' lang='lat' dir='ltr'><strong>enim</strong></span> <span class='ocrx_word' id='word_1_808' title='bbox 3470 3838 3585 3908; x_wconf 57' lang='lat' dir='ltr'><strong>viri,</strong></span> 
     </span>
    </p>
   </div>
   <div class='ocr_carea' id='block_1_102' title="bbox 2004 3928 3588 4003">
    <p class='ocr_par' dir='ltr' id='par_1_102' title="bbox 2004 3928 3588 4003">
     <span class='ocr_line' id='line_1_102' title="bbox 2004 3928 3588 4003; baseline -0.003 -15"><span class='ocrx_word' id='word_1_809' title='bbox 2004 3933 2196 4003; x_wconf 89' lang='lat' dir='ltr'><strong>inquit,</strong></span> <span class='ocrx_word' id='word_1_810' title='bbox 2224 3940 2376 4001; x_wconf 83' lang='lat' dir='ltr'><strong>caput</strong></span> <span class='ocrx_word' id='word_1_811' title='bbox 2403 3928 2632 3983; x_wconf 84' lang='lat' dir='ltr'><strong>Christus</strong></span> <span class='ocrx_word' id='word_1_812' title='bbox 2662 3937 2754 3981; x_wconf 86' lang='lat' dir='ltr'><strong>est.</strong></span> <span class='ocrx_word' id='word_1_813' title='bbox 2774 3928 2967 3996; x_wconf 76' lang='lat' dir='ltr'><strong>Ecquis</strong></span> <span class='ocrx_word' id='word_1_814' title='bbox 3000 3930 3113 3982; x_wconf 65' lang='lat' dir='ltr'><strong>inec</strong></span> <span class='ocrx_word' id='word_1_815' title='bbox 3144 3944 3389 3999; x_wconf 76' lang='lat' dir='ltr'><strong>umquam</strong></span> <span class='ocrx_word' id='word_1_816' title='bbox 3418 3929 3588 3992; x_wconf 78' lang='lat' dir='ltr'><strong>admi-</strong></span> 
     </span>
    </p>
   </div>
   <div class='ocr_carea' id='block_1_103' title="bbox 2002 4020 3589 4091">
    <p class='ocr_par' dir='ltr' id='par_1_103' title="bbox 2002 4020 3589 4091">
     <span class='ocr_line' id='line_1_103' title="bbox 2002 4020 3589 4091; baseline -0.002 -12"><span class='ocrx_word' id='word_1_817' title='bbox 2002 4024 2241 4079; x_wconf 82' lang='lat' dir='ltr'><strong>serit?Si</strong></span> <span class='ocrx_word' id='word_1_818' title='bbox 2270 4023 2412 4076; x_wconf 88' lang='lat' dir='ltr'><strong>enim</strong></span> <span class='ocrx_word' id='word_1_819' title='bbox 2440 4028 2694 4091; x_wconf 84' lang='lat' dir='ltr'><strong>quantum</strong></span> <span class='ocrx_word' id='word_1_820' title='bbox 2717 4035 2816 4074; x_wconf 88' lang='lat' dir='ltr'><strong>nos</strong></span> <span class='ocrx_word' id='word_1_821' title='bbox 2842 4020 3090 4075; x_wconf 77' lang='lat' dir='ltr'><strong>Christus</strong></span> <span class='ocrx_word' id='word_1_822' title='bbox 3118 4033 3356 4091; x_wconf 72' lang='lat' dir='ltr'><strong>supcrat,</strong></span> <span class='ocrx_word' id='word_1_823' title='bbox 3384 4033 3589 4078; x_wconf 59' lang='lat' dir='ltr'><strong>tantum</strong></span> 
     </span>
    </p>
   </div>
   <div class='ocr_carea' id='block_1_104' title="bbox 2002 4110 3586 4185">
    <p class='ocr_par' dir='ltr' id='par_1_104' title="bbox 2002 4110 3586 4185">
     <span class='ocr_line' id='line_1_104' title="bbox 2002 4110 3586 4185; baseline 0.001 -15"><span class='ocrx_word' id='word_1_824' title='bbox 2002 4117 2160 4170; x_wconf 83' lang='lat' dir='ltr'><strong>Pater</strong></span> <span class='ocrx_word' id='word_1_825' title='bbox 2189 4114 2421 4177; x_wconf 80' lang='lat' dir='ltr'><strong>Filium;</strong></span> <span class='ocrx_word' id='word_1_826' title='bbox 2447 4113 2620 4181; x_wconf 77' lang='lat' dir='ltr'><strong>cogita</strong></span> <span class='ocrx_word' id='word_1_827' title='bbox 2651 4128 2700 4165; x_wconf 81' lang='lat' dir='ltr'><strong>in</strong></span> <span class='ocrx_word' id='word_1_828' title='bbox 2732 4125 2987 4181; x_wconf 72' lang='lat' dir='ltr'><strong>quantam</strong></span> <span class='ocrx_word' id='word_1_829' title='bbox 3016 4116 3189 4185; x_wconf 68' lang='lat' dir='ltr'><strong>ipsum</strong></span> <span class='ocrx_word' id='word_1_830' title='bbox 3218 4110 3441 4172; x_wconf 67' lang='lat' dir='ltr'><strong>deducis</strong></span> <span class='ocrx_word' id='word_1_831' title='bbox 3468 4120 3586 4171; x_wconf 59' lang='lat' dir='ltr'><strong>viti-</strong></span> 
     </span>
    </p>
   </div>
   <div class='ocr_carea' id='block_1_105' title="bbox 2002 4198 3585 4275">
    <p class='ocr_par' dir='ltr' id='par_1_105' title="bbox 2002 4198 3585 4275">
     <span class='ocr_line' id='line_1_105' title="bbox 2002 4198 3585 4275; baseline -0.002 -13"><span class='ocrx_word' id='word_1_832' title='bbox 2002 4198 2187 4262; x_wconf 84' lang='lat' dir='ltr'><strong>tatem.</strong></span> <span class='ocrx_word' id='word_1_833' title='bbox 2236 4207 2417 4275; x_wconf 87' lang='lat' dir='ltr'><strong>Itaque</strong></span> <span class='ocrx_word' id='word_1_834' title='bbox 2468 4220 2575 4258; x_wconf 88' lang='lat' dir='ltr'><strong>non</strong></span> <span class='ocrx_word' id='word_1_835' title='bbox 2629 4206 2809 4259; x_wconf 90' lang='lat' dir='ltr'><strong>omnia</strong></span> <span class='ocrx_word' id='word_1_836' title='bbox 2858 4208 3019 4261; x_wconf 73' lang='lat' dir='ltr'><strong>sim-ai</strong></span> <span class='ocrx_word' id='word_1_837' title='bbox 3066 4220 3191 4263; x_wconf 80' lang='lat' dir='ltr'><strong>sunt.</strong></span> <span class='ocrx_word' id='word_1_838' title='bbox 3235 4210 3585 4264; x_wconf 58' lang='lat' dir='ltr'><strong>cumineo-Ea</strong></span> 
     </span>
    </p>
   </div>
   <div class='ocr_carea' id='block_1_106' title="bbox 2001 4283 3587 4379">
    <p class='ocr_par' dir='ltr' id='par_1_106' title="bbox 2001 4283 3587 4379">
     <span class='ocr_line' id='line_1_106' title="bbox 2001 4283 3587 4379; baseline 0.001 -24"><span class='ocrx_word' id='word_1_839' title='bbox 2001 4302 2141 4355; x_wconf 90' lang='lat' dir='ltr'><strong>inter</strong></span> <span class='ocrx_word' id='word_1_840' title='bbox 2172 4314 2268 4353; x_wconf 89' lang='lat' dir='ltr'><strong>nos</strong></span> <span class='ocrx_word' id='word_1_841' title='bbox 2298 4309 2352 4353; x_wconf 88' lang='lat' dir='ltr'><strong>et</strong></span> <span class='ocrx_word' id='word_1_842' title='bbox 2388 4298 2594 4363; x_wconf 87' lang='lat' dir='ltr'><strong>Deum,</strong></span> <span class='ocrx_word' id='word_1_843' title='bbox 2643 4301 2852 4353; x_wconf 72' lang='lat' dir='ltr'><strong>etiamsi</strong></span> <span class='ocrx_word' id='word_1_844' title='bbox 2887 4303 3133 4359; x_wconf 73' lang='lat' dir='ltr'><strong>sin-.iliter</strong></span> <span class='ocrx_word' id='word_1_845' title='bbox 3173 4283 3451 4379; x_wconf 67' lang='lat' dir='ltr'><strong>dicantur;</strong></span> <span class='ocrx_word' id='word_1_846' title='bbox 3491 4305 3587 4356; x_wconf 75' lang='lat' dir='ltr'><strong>sed</strong></span> 
     </span>
    </p>
   </div>
   <div class='ocr_carea' id='block_1_107' title="bbox 2001 4382 3587 4463">
    <p class='ocr_par' dir='ltr' id='par_1_107' title="bbox 2001 4382 3587 4463">
     <span class='ocr_line' id='line_1_107' title="bbox 2001 4382 3587 4463; baseline 0.002 -20"><span class='ocrx_word' id='word_1_847' title='bbox 2001 4389 2279 4445; x_wconf 80' lang='lat' dir='ltr'><strong>tribuenda</strong></span> <span class='ocrx_word' id='word_1_848' title='bbox 2328 4399 2411 4443; x_wconf 89' lang='lat' dir='ltr'><strong>est</strong></span> <span class='ocrx_word' id='word_1_849' title='bbox 2454 4391 2561 4443; x_wconf 83' lang='lat' dir='ltr'><strong>Deo</strong></span> <span class='ocrx_word' id='word_1_850' title='bbox 2604 4392 2820 4461; x_wconf 88' lang='lat' dir='ltr'><strong>propria</strong></span> <span class='ocrx_word' id='word_1_851' title='bbox 2864 4394 3105 4463; x_wconf 48' lang='lat' dir='ltr'><strong>quoidam</strong></span> <span class='ocrx_word' id='word_1_852' title='bbox 3156 4382 3489 4455; x_wconf 54' lang='lat' dir='ltr'><strong>excdlentia,</strong></span> <span class='ocrx_word' id='word_1_853' title='bbox 3535 4400 3587 4446; x_wconf 89' lang='lat' dir='ltr'><strong>et</strong></span> 
     </span>
    </p>
   </div>
   <div class='ocr_carea' id='block_1_108' title="bbox 1999 4481 3582 4552">
    <p class='ocr_par' dir='ltr' id='par_1_108' title="bbox 1999 4481 3582 4552">
     <span class='ocr_line' id='line_1_108' title="bbox 1999 4481 3582 4552; baseline 0.005 -20"><span class='ocrx_word' id='word_1_854' title='bbox 1999 4492 2144 4533; x_wconf 87' lang='lat' dir='ltr'><strong>tanta</strong></span> <span class='ocrx_word' id='word_1_855' title='bbox 2170 4490 2369 4550; x_wconf 88' lang='lat' dir='ltr'><strong>quanta</strong></span> <span class='ocrx_word' id='word_1_856' title='bbox 2402 4481 2514 4537; x_wconf 88' lang='lat' dir='ltr'><strong>Deo</strong></span> <span class='ocrx_word' id='word_1_857' title='bbox 2538 4495 2829 4552; x_wconf 82' lang='lat' dir='ltr'><strong>competat.</strong></span> <span class='ocrx_word' id='word_1_858' title='bbox 2866 4486 2999 4539; x_wconf 71' lang='lat' dir='ltr'><strong>Nam</strong></span> <span class='ocrx_word' id='word_1_859' title='bbox 3030 4488 3071 4539; x_wconf 85' lang='lat' dir='ltr'><strong>si</strong></span> <span class='ocrx_word' id='word_1_860' title='bbox 3102 4487 3201 4539; x_wconf 74' lang='lat' dir='ltr'><strong>hoc</strong></span> <span class='ocrx_word' id='word_1_861' title='bbox 3229 4502 3333 4538; x_wconf 53' lang='lat' dir='ltr'><strong>tuen</strong></span> <span class='ocrx_word' id='word_1_862' title='bbox 3368 4499 3582 4539; x_wconf 49' lang='lat' dir='ltr'><strong>eomes;</strong></span> 
     </span>
    </p>
   </div>
   <div class='ocr_carea' id='block_1_109' title="bbox 1998 4570 3574 4644">
    <p class='ocr_par' dir='ltr' id='par_1_109' title="bbox 1998 4570 3574 4644">
     <span class='ocr_line' id='line_1_109' title="bbox 1998 4570 3574 4644; baseline 0.003 -20"><span class='ocrx_word' id='word_1_863' title='bbox 1998 4570 2167 4624; x_wconf 86' lang='lat' dir='ltr'><strong>serint</strong></span> <span class='ocrx_word' id='word_1_864' title='bbox 2196 4578 2231 4636; x_wconf 72' lang='lat'><strong>,‘</strong></span> <span class='ocrx_word' id='word_1_865' title='bbox 2251 4572 2415 4625; x_wconf 90' lang='lat' dir='ltr'><strong>multa</strong></span> <span class='ocrx_word' id='word_1_866' title='bbox 2442 4585 2738 4643; x_wconf 86' lang='lat' dir='ltr'><strong>sequentur</strong></span> <span class='ocrx_word' id='word_1_867' title='bbox 2770 4576 3014 4629; x_wconf 76' lang='lat' dir='ltr'><strong>absurda.</strong></span> <span class='ocrx_word' id='word_1_868' title='bbox 3058 4576 3336 4644; x_wconf 63' lang='lat' dir='ltr'><strong>Perg‘:‘;lde</strong></span> <span class='ocrx_word' id='word_1_869' title='bbox 3363 4586 3537 4631; x_wconf 73' lang='lat' dir='ltr'><strong>autem</strong></span> <span class='ocrx_word' id='word_1_870' title='bbox 3561 4597 3574 4629; x_wconf 91' lang='lat'><strong>:</strong></span> 
     </span>
    </p>
   </div>
   <div class='ocr_carea' id='block_1_110' title="bbox 1997 4660 3575 4730">
    <p class='ocr_par' dir='ltr' id='par_1_110' title="bbox 1997 4660 3575 4730">
     <span class='ocr_line' id='line_1_110' title="bbox 1997 4660 3575 4730; baseline -0.002 -17"><span class='ocrx_word' id='word_1_871' title='bbox 1997 4669 2157 4728; x_wconf 88' lang='lat' dir='ltr'><strong>caput</strong></span> <span class='ocrx_word' id='word_1_872' title='bbox 2196 4660 2394 4717; x_wconf 85' lang='lat' dir='ltr'><strong>Christi</strong></span> <span class='ocrx_word' id='word_1_873' title='bbox 2424 4664 2601 4730; x_wconf 91' lang='lat' dir='ltr'><strong>Deus,</strong></span> <span class='ocrx_word' id='word_1_874' title='bbox 2636 4665 2723 4721; x_wconf 89' lang='lat' dir='ltr'><strong>hic</strong></span> <span class='ocrx_word' id='word_1_875' title='bbox 2753 4676 2929 4723; x_wconf 74' lang='lat' dir='ltr'><strong>autem</strong></span> <span class='ocrx_word' id='word_1_876' title='bbox 2964 4668 3063 4721; x_wconf 73' lang='lat' dir='ltr'><strong>\irl</strong></span> <span class='ocrx_word' id='word_1_877' title='bbox 3110 4678 3157 4721; x_wconf 77' lang='lat' dir='ltr'><strong>et</strong></span> <span class='ocrx_word' id='word_1_878' title='bbox 3194 4668 3281 4722; x_wconf 63' lang='lat' dir='ltr'><strong>ilic</strong></span> <span class='ocrx_word' id='word_1_879' title='bbox 3324 4670 3575 4721; x_wconf 51' lang='grc' dir='ltr'><strong>ιτςοξξειςέμ,</strong></span> 
     </span>
    </p>
   </div>
   <div class='ocr_carea' id='block_1_111' title="bbox 2001 4754 3582 4830">
    <p class='ocr_par' dir='ltr' id='par_1_111' title="bbox 2001 4754 3582 4830">
     <span class='ocr_line' id='line_1_111' title="bbox 2001 4754 3582 4830; baseline 0.001 -24"><span class='ocrx_word' id='word_1_880' title='bbox 2001 4754 2141 4824; x_wconf 70' lang='lat' dir='ltr'><strong>Ergo</strong></span> <span class='ocrx_word' id='word_1_881' title='bbox 2170 4756 2213 4809; x_wconf 91' lang='lat' dir='ltr'><strong>si</strong></span> <span class='ocrx_word' id='word_1_882' title='bbox 2246 4756 2297 4809; x_wconf 91' lang='lat' dir='ltr'><strong>iu</strong></span> <span class='ocrx_word' id='word_1_883' title='bbox 2338 4760 2590 4815; x_wconf 88' lang='lat' dir='ltr'><strong>omnibus</strong></span> <span class='ocrx_word' id='word_1_884' title='bbox 2617 4761 2861 4815; x_wconf 68' lang='lat' dir='ltr'><strong>similiter</strong></span> <span class='ocrx_word' id='word_1_885' title='bbox 2890 4770 3050 4830; x_wconf 57' lang='lat' dir='ltr'><strong>eaput.</strong></span> <span class='ocrx_word' id='word_1_886' title='bbox 3076 4761 3433 4827; x_wconf 73' lang='lat' dir='ltr'><strong>accipiamus,</strong></span> <span class='ocrx_word' id='word_1_887' title='bbox 3470 4770 3582 4809; x_wconf 61' lang='grc' dir='ltr'><strong>ξιῑέτη</strong></span> 
     </span>
    </p>
   </div>
   <div class='ocr_carea' id='block_1_112' title="bbox 1998 4847 3581 4922">
    <p class='ocr_par' dir='ltr' id='par_1_112' title="bbox 1998 4847 3581 4922">
     <span class='ocr_line' id='line_1_112' title="bbox 1998 4847 3581 4922; baseline -0.001 -20"><span class='ocrx_word' id='word_1_888' title='bbox 1998 4857 2107 4902; x_wconf 89' lang='lat' dir='ltr'><strong>tum</strong></span> <span class='ocrx_word' id='word_1_889' title='bbox 2138 4847 2359 4905; x_wconf 86' lang='lat' dir='ltr'><strong>distabit</strong></span> <span class='ocrx_word' id='word_1_890' title='bbox 2388 4852 2552 4908; x_wconf 85' lang='lat' dir='ltr'><strong>Filius</strong></span> <span class='ocrx_word' id='word_1_891' title='bbox 2572 4869 2604 4908; x_wconf 72' lang='grc' dir='ltr'><strong>εὶ</strong></span> <span class='ocrx_word' id='word_1_892' title='bbox 2635 4854 2813 4917; x_wconf 83' lang='lat' dir='ltr'><strong>Patre,</strong></span> <span class='ocrx_word' id='word_1_893' title='bbox 2846 4862 3098 4922; x_wconf 63' lang='lat' dir='ltr'><strong>quantum</strong></span> <span class='ocrx_word' id='word_1_894' title='bbox 3121 4867 3215 4901; x_wconf 68' lang='lat' dir='ltr'><strong>nea</strong></span> <span class='ocrx_word' id='word_1_895' title='bbox 3238 4864 3267 4901; x_wconf 84' lang='lat' dir='ltr'><strong>a</strong></span> <span class='ocrx_word' id='word_1_896' title='bbox 3295 4848 3443 4903; x_wconf 38' lang='lat' dir='ltr'><strong>Filio.</strong></span> <span class='ocrx_word' id='word_1_897' title='bbox 3484 4850 3529 4897; x_wconf 69' lang='lat'><strong>&quot;.</strong></span> <span class='ocrx_word' id='word_1_898' title='bbox 3553 4849 3581 4901; x_wconf 63' lang='grc' dir='ltr'><strong>εξ</strong></span> 
     </span>
    </p>
   </div>
   <div class='ocr_carea' id='block_1_113' title="bbox 1998 4942 3579 5009">
    <p class='ocr_par' dir='ltr' id='par_1_113' title="bbox 1998 4942 3579 5009">
     <span class='ocr_line' id='line_1_113' title="bbox 1998 4942 3579 5009; baseline -0.001 -16"><span class='ocrx_word' id='word_1_899' title='bbox 1998 4942 2161 4996; x_wconf 86' lang='lat' dir='ltr'><strong>etiam</strong></span> <span class='ocrx_word' id='word_1_900' title='bbox 2182 4944 2379 5001; x_wconf 88' lang='lat' dir='ltr'><strong>mulier</strong></span> <span class='ocrx_word' id='word_1_901' title='bbox 2406 4956 2611 5001; x_wconf 87' lang='lat' dir='ltr'><strong>tantum</strong></span> <span class='ocrx_word' id='word_1_902' title='bbox 2642 4962 2671 4999; x_wconf 93' lang='lat' dir='ltr'><strong>a</strong></span> <span class='ocrx_word' id='word_1_903' title='bbox 2704 4946 2853 4999; x_wconf 78' lang='lat' dir='ltr'><strong>nobis</strong></span> <span class='ocrx_word' id='word_1_904' title='bbox 2883 4942 3118 5006; x_wconf 71' lang='lat' dir='ltr'><strong>distabit,</strong></span> <span class='ocrx_word' id='word_1_905' title='bbox 3143 4952 3359 5009; x_wconf 70' lang='lat' dir='ltr'><strong>quanto:</strong></span> <span class='ocrx_word' id='word_1_906' title='bbox 3388 4990 3391 4993; x_wconf 34' lang='grc' dir='ltr'><strong><em>γ</em></strong></span> <span class='ocrx_word' id='word_1_907' title='bbox 3560 4960 3579 4991; x_wconf 68' lang='lat' dir='ltr'>‘a</span> 
     </span>
    </p>
   </div>
   <div class='ocr_carea' id='block_1_114' title="bbox 2002 5031 3585 5108">
    <p class='ocr_par' dir='ltr' id='par_1_114' title="bbox 2002 5031 3585 5108">
     <span class='ocr_line' id='line_1_114' title="bbox 2002 5031 3585 5108; baseline -0.003 -21"><span class='ocrx_word' id='word_1_908' title='bbox 2002 5034 2111 5089; x_wconf 87' lang='lat' dir='ltr'><strong>Deo</strong></span> <span class='ocrx_word' id='word_1_909' title='bbox 2137 5034 2359 5104; x_wconf 68' lang='lat' dir='ltr'><strong>Verbo;</strong></span> <span class='ocrx_word' id='word_1_910' title='bbox 2392 5046 2448 5093; x_wconf 85' lang='lat' dir='ltr'><strong>et</strong></span> <span class='ocrx_word' id='word_1_911' title='bbox 2474 5038 2614 5108; x_wconf 90' lang='lat' dir='ltr'><strong>quod</strong></span> <span class='ocrx_word' id='word_1_912' title='bbox 2643 5044 2725 5090; x_wconf 89' lang='lat' dir='ltr'><strong>est</strong></span> <span class='ocrx_word' id='word_1_913' title='bbox 2751 5034 2917 5089; x_wconf 74' lang='lat' dir='ltr'><strong>Fi&#39;iw:</strong></span> <span class='ocrx_word' id='word_1_914' title='bbox 2961 5048 3084 5103; x_wconf 71' lang='lat' dir='ltr'><strong>erga</strong></span> <span class='ocrx_word' id='word_1_915' title='bbox 3116 5031 3325 5085; x_wconf 61' lang='lat' dir='ltr'><strong>Patren.</strong></span> <span class='ocrx_word' id='word_1_916' title='bbox 3352 5077 3368 5095; x_wconf 82' lang='lat'><strong>,</strong></span> <span class='ocrx_word' id='word_1_917' title='bbox 3400 5031 3501 5084; x_wconf 52' lang='lat' dir='ltr'><strong>hac.</strong></span> <span class='ocrx_word' id='word_1_918' title='bbox 3534 5042 3585 5083; x_wconf 56' lang='lat' dir='ltr'><strong>et</strong></span> 
     </span>
    </p>
   </div>
   <div class='ocr_carea' id='block_1_115' title="bbox 2001 5123 3577 5200">
    <p class='ocr_par' dir='ltr' id='par_1_115' title="bbox 2001 5123 3577 5200">
     <span class='ocr_line' id='line_1_115' title="bbox 2001 5123 3577 5200; baseline -0.003 -22"><span class='ocrx_word' id='word_1_919' title='bbox 2001 5144 2100 5181; x_wconf 89' lang='lat' dir='ltr'><strong>nos</strong></span> <span class='ocrx_word' id='word_1_920' title='bbox 2120 5132 2322 5185; x_wconf 85' lang='lat' dir='ltr'><strong>erimus</strong></span> <span class='ocrx_word' id='word_1_921' title='bbox 2339 5146 2463 5200; x_wconf 74' lang='lat' dir='ltr'><strong>erga</strong></span> <span class='ocrx_word' id='word_1_922' title='bbox 2491 5129 2705 5194; x_wconf 87' lang='lat' dir='ltr'><strong>Filium,</strong></span> <span class='ocrx_word' id='word_1_923' title='bbox 2728 5138 2781 5179; x_wconf 85' lang='lat' dir='ltr'><strong>et</strong></span> <span class='ocrx_word' id='word_1_924' title='bbox 2810 5124 2999 5179; x_wconf 54' lang='lat' dir='ltr'><strong>melii</strong></span> <span class='ocrx_word' id='word_1_925' title='bbox 3030 5139 3212 5177; x_wconf 68' lang='lat' dir='ltr'><strong>rursus</strong></span> <span class='ocrx_word' id='word_1_926' title='bbox 3239 5136 3361 5191; x_wconf 73' lang='lat' dir='ltr'><strong>erga</strong></span> <span class='ocrx_word' id='word_1_927' title='bbox 3386 5123 3434 5175; x_wconf 74' lang='lat' dir='ltr'><strong>vi</strong></span> <span class='ocrx_word' id='word_1_928' title='bbox 3482 5140 3577 5174; x_wconf 54' lang='grc' dir='ltr'><strong>ειη.</strong></span> 
     </span>
    </p>
   </div>
   <div class='ocr_carea' id='block_1_116' title="bbox 2004 5211 3584 5288">
    <p class='ocr_par' dir='ltr' id='par_1_116' title="bbox 2004 5211 3584 5288">
     <span class='ocr_line' id='line_1_116' title="bbox 2004 5211 3584 5288; baseline -0.003 -18"><span class='ocrx_word' id='word_1_929' title='bbox 2004 5218 2197 5288; x_wconf 75' lang='lat' dir='ltr'><strong>Ecquis</strong></span> <span class='ocrx_word' id='word_1_930' title='bbox 2230 5220 2332 5275; x_wconf 91' lang='lat' dir='ltr'><strong>hoc</strong></span> <span class='ocrx_word' id='word_1_931' title='bbox 2366 5221 2543 5275; x_wconf 85' lang='lat' dir='ltr'><strong>ferat?</strong></span> <span class='ocrx_word' id='word_1_932' title='bbox 2570 5218 2674 5273; x_wconf 87' lang='lat' dir='ltr'><strong>Sed</strong></span> <span class='ocrx_word' id='word_1_933' title='bbox 2704 5217 2810 5269; x_wconf 88' lang='lat' dir='ltr'><strong>alio</strong></span> <span class='ocrx_word' id='word_1_934' title='bbox 2837 5214 2995 5267; x_wconf 74' lang='lat' dir='ltr'><strong>modo</strong></span> <span class='ocrx_word' id='word_1_935' title='bbox 3028 5215 3077 5265; x_wconf 84' lang='lat' dir='ltr'><strong>in</strong></span> <span class='ocrx_word' id='word_1_936' title='bbox 3123 5211 3344 5265; x_wconf 64' lang='lat' dir='ltr'><strong>muti-ere</strong></span> <span class='ocrx_word' id='word_1_937' title='bbox 3392 5216 3441 5265; x_wconf 54' lang='lat' dir='ltr'><strong>ei.</strong></span> <span class='ocrx_word' id='word_1_938' title='bbox 3481 5213 3515 5261; x_wconf 58' lang='grc' dir='ltr'><strong>ν’</strong></span> <span class='ocrx_word' id='word_1_939' title='bbox 3537 5227 3584 5266; x_wconf 59' lang='lat'><strong>&#39;5</strong></span> 
     </span>
    </p>
   </div>
   <div class='ocr_carea' id='block_1_117' title="bbox 2001 5300 3581 5386">
    <p class='ocr_par' dir='ltr' id='par_1_117' title="bbox 2001 5300 3581 5386">
     <span class='ocr_line' id='line_1_117' title="bbox 2001 5300 3581 5386; baseline -0.005 -23"><span class='ocrx_word' id='word_1_940' title='bbox 2001 5321 2163 5380; x_wconf 87' lang='lat' dir='ltr'><strong>caput</strong></span> <span class='ocrx_word' id='word_1_941' title='bbox 2189 5315 2388 5383; x_wconf 80' lang='lat' dir='ltr'><strong>accipis</strong></span> <span class='ocrx_word' id='word_1_942' title='bbox 2414 5355 2427 5377; x_wconf 94' lang='lat'><strong>,</strong></span> <span class='ocrx_word' id='word_1_943' title='bbox 2457 5326 2613 5381; x_wconf 88' lang='lat' dir='ltr'><strong>quam</strong></span> <span class='ocrx_word' id='word_1_944' title='bbox 2650 5310 2701 5363; x_wconf 89' lang='lat' dir='ltr'><strong>in</strong></span> <span class='ocrx_word' id='word_1_945' title='bbox 2733 5304 2981 5361; x_wconf 66' lang='lat' dir='ltr'><strong>Christo?</strong></span> <span class='ocrx_word' id='word_1_946' title='bbox 3008 5305 3187 5371; x_wconf 70' lang='lat' dir='ltr'><strong>itaque</strong></span> <span class='ocrx_word' id='word_1_947' title='bbox 3214 5306 3267 5357; x_wconf 79' lang='lat' dir='ltr'><strong>in</strong></span> <span class='ocrx_word' id='word_1_948' title='bbox 3289 5300 3426 5357; x_wconf 53' lang='lat' dir='ltr'><strong>Filio</strong></span> <span class='ocrx_word' id='word_1_949' title='bbox 3448 5312 3499 5386; x_wconf 63' lang='lat' dir='ltr'><strong>et</strong></span> <span class='ocrx_word' id='word_1_950' title='bbox 3532 5306 3581 5355; x_wconf 70' lang='lat' dir='ltr'><strong>in</strong></span> 
     </span>
    </p>
   </div>
   <div class='ocr_carea' id='block_1_118' title="bbox 2005 5396 3584 5469">
    <p class='ocr_par' dir='ltr' id='par_1_118' title="bbox 2005 5396 3584 5469">
     <span class='ocr_line' id='line_1_118' title="bbox 2005 5396 3584 5469; baseline -0.003 -14"><span class='ocrx_word' id='word_1_951' title='bbox 2005 5403 2179 5467; x_wconf 85' lang='lat' dir='ltr'><strong>Patre,</strong></span> <span class='ocrx_word' id='word_1_952' title='bbox 2212 5406 2368 5461; x_wconf 81' lang='lat' dir='ltr'><strong>aliter</strong></span> <span class='ocrx_word' id='word_1_953' title='bbox 2393 5405 2545 5458; x_wconf 89' lang='lat' dir='ltr'><strong>nobis</strong></span> <span class='ocrx_word' id='word_1_954' title='bbox 2570 5400 2899 5469; x_wconf 76' lang='lat' dir='ltr'><strong>accipiendur</strong></span> <span class='ocrx_word' id='word_1_955' title='bbox 2926 5420 2933 5433; x_wconf 68' lang='grc' dir='ltr'><em>τ</em></span> <span class='ocrx_word' id='word_1_956' title='bbox 2962 5406 3057 5449; x_wconf 54' lang='lat' dir='ltr'><strong>cst.</strong></span> <span class='ocrx_word' id='word_1_957' title='bbox 3098 5396 3161 5449; x_wconf 72' lang='lat' dir='ltr'><strong>Et</strong></span> <span class='ocrx_word' id='word_1_958' title='bbox 3185 5396 3467 5463; x_wconf 51' lang='lat' dir='ltr'><strong>quomodo,</strong></span> <span class='ocrx_word' id='word_1_959' title='bbox 3502 5398 3584 5451; x_wconf 76' lang='lat' dir='ltr'><strong>ir:-</strong></span> 
     </span>
    </p>
   </div>
   <div class='ocr_carea' id='block_1_119' title="bbox 2001 5481 3573 5563">
    <p class='ocr_par' dir='ltr' id='par_1_119' title="bbox 2001 5481 3573 5563">
     <span class='ocr_line' id='line_1_119' title="bbox 2001 5481 3573 5563; baseline -0.006 -18"><span class='ocrx_word' id='word_1_960' title='bbox 2001 5497 2175 5563; x_wconf 86' lang='lat' dir='ltr'><strong>quies,</strong></span> <span class='ocrx_word' id='word_1_961' title='bbox 2223 5506 2308 5551; x_wconf 90' lang='lat' dir='ltr'><strong>est</strong></span> <span class='ocrx_word' id='word_1_962' title='bbox 2341 5494 2497 5549; x_wconf 87' lang='lat' dir='ltr'><strong>aliter</strong></span> <span class='ocrx_word' id='word_1_963' title='bbox 2543 5490 2952 5561; x_wconf 79' lang='lat' dir='ltr'><strong>accipiendum?</strong></span> <span class='ocrx_word' id='word_1_964' title='bbox 2994 5481 3297 5544; x_wconf 61' lang='lat' dir='ltr'><strong>Secundum</strong></span> <span class='ocrx_word' id='word_1_965' title='bbox 3356 5506 3573 5546; x_wconf 46' lang='grc' dir='ltr'><strong>κξιηετιιῖφ</strong></span> 
     </span>
    </p>
   </div>
   <div class='ocr_carea' id='block_1_120' title="bbox 2000 5581 3581 5657">
    <p class='ocr_par' dir='ltr' id='par_1_120' title="bbox 2000 5581 3581 5657">
     <span class='ocr_line' id='line_1_120' title="bbox 2000 5581 3581 5657; baseline 0.003 -19"><span class='ocrx_word' id='word_1_966' title='bbox 2000 5586 2133 5657; x_wconf 85' lang='lat' dir='ltr'><strong>Nam</strong></span> <span class='ocrx_word' id='word_1_967' title='bbox 2178 5588 2222 5641; x_wconf 89' lang='lat' dir='ltr'><strong>si</strong></span> <span class='ocrx_word' id='word_1_968' title='bbox 2255 5587 2538 5657; x_wconf 87' lang='lat' dir='ltr'><strong>imperium</strong></span> <span class='ocrx_word' id='word_1_969' title='bbox 2580 5594 2635 5641; x_wconf 82' lang='lat' dir='ltr'><strong>et</strong></span> <span class='ocrx_word' id='word_1_970' title='bbox 2676 5581 3063 5652; x_wconf 53' lang='lat' dir='ltr'><strong>subjecticneai</strong></span> <span class='ocrx_word' id='word_1_971' title='bbox 3094 5585 3352 5639; x_wconf 52' lang='lat' dir='ltr'><strong>voluisset</strong></span> <span class='ocrx_word' id='word_1_972' title='bbox 3384 5585 3581 5643; x_wconf 54' lang='lat' dir='ltr'><strong>Melus</strong></span> 
     </span>
    </p>
   </div>
   <div class='ocr_carea' id='block_1_121' title="bbox 1998 5656 3583 5753">
    <p class='ocr_par' dir='ltr' id='par_1_121' title="bbox 1998 5656 3583 5753">
     <span class='ocr_line' id='line_1_121' title="bbox 1998 5656 3583 5753; baseline 0 -28"><span class='ocrx_word' id='word_1_973' title='bbox 1998 5656 2180 5730; x_wconf 80' lang='lat' dir='ltr'><strong>dicere</strong></span> <span class='ocrx_word' id='word_1_974' title='bbox 2205 5718 2231 5743; x_wconf 84' lang='lat'><strong>,.</strong></span> <span class='ocrx_word' id='word_1_975' title='bbox 2253 5687 2312 5732; x_wconf 92' lang='lat' dir='ltr'><strong>ut</strong></span> <span class='ocrx_word' id='word_1_976' title='bbox 2334 5656 2391 5731; x_wconf 84' lang='lat' dir='ltr'><strong>tu</strong></span> <span class='ocrx_word' id='word_1_977' title='bbox 2421 5677 2592 5737; x_wconf 81' lang='lat' dir='ltr'><strong>dicis,</strong></span> <span class='ocrx_word' id='word_1_978' title='bbox 2620 5687 2723 5728; x_wconf 89' lang='lat' dir='ltr'><strong>non</strong></span> <span class='ocrx_word' id='word_1_979' title='bbox 2764 5672 2949 5727; x_wconf 73' lang='lat' dir='ltr'><strong>mulier</strong></span> <span class='ocrx_word' id='word_1_980' title='bbox 2996 5690 3041 5727; x_wconf 57' lang='lat' dir='ltr'><strong>ea</strong></span> <span class='ocrx_word' id='word_1_981' title='bbox 3080 5669 3133 5729; x_wconf 75' lang='lat' dir='ltr'><strong>in</strong></span> <span class='ocrx_word' id='word_1_982' title='bbox 3174 5674 3407 5735; x_wconf 69' lang='lat' dir='ltr'><strong>medium</strong></span> <span class='ocrx_word' id='word_1_983' title='bbox 3452 5696 3583 5753; x_wconf 63' lang='lat' dir='ltr'><strong>pm-</strong></span> 
     </span>
    </p>
   </div>
   <div class='ocr_carea' id='block_1_122' title="bbox 2000 5760 3588 5840">
    <p class='ocr_par' dir='ltr' id='par_1_122' title="bbox 2000 5760 3588 5840">
     <span class='ocr_line' id='line_1_122' title="bbox 2000 5760 3588 5840; baseline 0.013 -27"><span class='ocrx_word' id='word_1_984' title='bbox 2000 5760 2263 5833; x_wconf 84' lang='lat' dir='ltr'><strong>duxisset,</strong></span> <span class='ocrx_word' id='word_1_985' title='bbox 2277 5767 2371 5824; x_wconf 83' lang='lat' dir='ltr'><strong>sed</strong></span> <span class='ocrx_word' id='word_1_986' title='bbox 2392 5770 2566 5839; x_wconf 75' lang='lat' dir='ltr'><strong>potius</strong></span> <span class='ocrx_word' id='word_1_987' title='bbox 2579 5780 2790 5825; x_wconf 77' lang='lat' dir='ltr'><strong>servum</strong></span> <span class='ocrx_word' id='word_1_988' title='bbox 2804 5776 2857 5826; x_wconf 78' lang='lat' dir='ltr'><strong>et</strong></span> <span class='ocrx_word' id='word_1_989' title='bbox 2882 5771 3176 5827; x_wconf 61' lang='lat' dir='ltr'><strong>dominum.</strong></span> <span class='ocrx_word' id='word_1_990' title='bbox 3200 5772 3419 5831; x_wconf 68' lang='lat' dir='ltr'><strong>Etiamsi</strong></span> <span class='ocrx_word' id='word_1_991' title='bbox 3446 5795 3471 5827; x_wconf 60' lang='grc' dir='ltr'>ρ</span> <span class='ocrx_word' id='word_1_992' title='bbox 3482 5783 3588 5840; x_wconf 69' lang='lat' dir='ltr'><strong>:zim</strong></span> 
     </span>
    </p>
   </div>
   <div class='ocr_carea' id='block_1_123' title="bbox 3146 5872 3219 5937">
    <p class='ocr_par' dir='ltr' id='par_1_123' title="bbox 3146 5872 3219 5937">
     <span class='ocr_line' id='line_1_123' title="bbox 3146 5872 3219 5937; baseline -0.014 0"><span class='ocrx_word' id='word_1_993' title='bbox 3146 5872 3219 5937; x_wconf 69' lang='lat' dir='ltr'><strong>13s</strong></span> 
     </span>
    </p>
   </div>
  </div>
