  <div class='ocr_page' id='page_1' title='image "/cluster/home/n/w/nwhite01/storage/ocr_20150623/61/nnc1.0022379681/223.png"; bbox 0 0 4022 6214; ppageno 0'>
   <div class='ocr_carea' id='block_1_1' title="bbox 445 380 559 433">
    <p class='ocr_par' dir='ltr' id='par_1_1' title="bbox 445 380 559 433">
     <span class='ocr_line' id='line_1_1' title="bbox 445 380 559 433; baseline 0.026 -5"><span class='ocrx_word' id='word_1_1' title='bbox 445 380 559 433; x_wconf 68' lang='grc'><strong>,915</strong></span> 
     </span>
    </p>
   </div>
   <div class='ocr_carea' id='block_1_2' title="bbox 458 469 2038 557">
    <p class='ocr_par' dir='ltr' id='par_1_2' title="bbox 458 469 2038 557">
     <span class='ocr_line' id='line_1_2' title="bbox 458 469 2038 557; baseline -0.02 -9"><span class='ocrx_word' id='word_1_2' title='bbox 458 508 648 548; x_wconf 65' lang='lat' dir='ltr'><strong>niteret</strong></span> <span class='ocrx_word' id='word_1_3' title='bbox 677 489 831 545; x_wconf 86' lang='lat' dir='ltr'><strong>nobis</strong></span> <span class='ocrx_word' id='word_1_4' title='bbox 857 487 1093 557; x_wconf 86' lang='lat' dir='ltr'><strong>subjecta</strong></span> <span class='ocrx_word' id='word_1_5' title='bbox 1121 484 1210 548; x_wconf 87' lang='lat' dir='ltr'><strong>sit,</strong></span> <span class='ocrx_word' id='word_1_6' title='bbox 1233 481 1327 537; x_wconf 86' lang='lat' dir='ltr'><strong>sed</strong></span> <span class='ocrx_word' id='word_1_7' title='bbox 1356 489 1414 535; x_wconf 89' lang='lat' dir='ltr'><strong>ut</strong></span> <span class='ocrx_word' id='word_1_8' title='bbox 1438 478 1651 541; x_wconf 82' lang='lat' dir='ltr'><strong>mulier,</strong></span> <span class='ocrx_word' id='word_1_9' title='bbox 1671 473 1765 528; x_wconf 89' lang='lat' dir='ltr'><strong>sed</strong></span> <span class='ocrx_word' id='word_1_10' title='bbox 1798 482 1852 524; x_wconf 92' lang='lat' dir='ltr'><strong>ut</strong></span> <span class='ocrx_word' id='word_1_11' title='bbox 1876 469 2038 522; x_wconf 84' lang='lat' dir='ltr'><strong>libera</strong></span> 
     </span>
    </p>
   </div>
   <div class='ocr_carea' id='block_1_3' title="bbox 459 561 2044 653">
    <p class='ocr_par' dir='ltr' id='par_1_3' title="bbox 459 561 2044 653">
     <span class='ocr_line' id='line_1_3' title="bbox 459 561 2044 653; baseline -0.02 -11"><span class='ocrx_word' id='word_1_12' title='bbox 459 600 514 641; x_wconf 87' lang='lat' dir='ltr'><strong>et</strong></span> <span class='ocrx_word' id='word_1_13' title='bbox 561 596 618 641; x_wconf 91' lang='lat' dir='ltr'><strong>ut</strong></span> <span class='ocrx_word' id='word_1_14' title='bbox 655 568 1021 653; x_wconf 20' lang='lat' dir='ltr'><strong>par&#39;honore.</strong></span> <span class='ocrx_word' id='word_1_15' title='bbox 1070 577 1138 633; x_wconf 86' lang='lat' dir='ltr'><strong>Et</strong></span> <span class='ocrx_word' id='word_1_16' title='bbox 1164 575 1335 630; x_wconf 88' lang='lat' dir='ltr'><strong>Filius</strong></span> <span class='ocrx_word' id='word_1_17' title='bbox 1379 584 1591 642; x_wconf 90' lang='lat' dir='ltr'><strong>quoque</strong></span> <span class='ocrx_word' id='word_1_18' title='bbox 1632 566 1735 622; x_wconf 88' lang='lat' dir='ltr'><strong>etsi</strong></span> <span class='ocrx_word' id='word_1_19' title='bbox 1778 562 1917 618; x_wconf 87' lang='lat' dir='ltr'><strong>Patri</strong></span> <span class='ocrx_word' id='word_1_20' title='bbox 1948 561 2044 612; x_wconf 79' lang='lat' dir='ltr'><strong>iuit</strong></span> 
     </span>
    </p>
   </div>
   <div class='ocr_carea' id='block_1_4' title="bbox 460 653 2047 743">
    <p class='ocr_par' dir='ltr' id='par_1_4' title="bbox 460 653 2047 743">
     <span class='ocr_line' id='line_1_4' title="bbox 460 653 2047 743; baseline -0.018 -9"><span class='ocrx_word' id='word_1_21' title='bbox 460 680 720 735; x_wconf 88' lang='lat' dir='ltr'><strong>ohediens</strong></span> <span class='ocrx_word' id='word_1_22' title='bbox 744 719 759 743; x_wconf 92' lang='lat'><strong>,</strong></span> <span class='ocrx_word' id='word_1_23' title='bbox 794 675 888 731; x_wconf 85' lang='lat' dir='ltr'><strong>sed</strong></span> <span class='ocrx_word' id='word_1_24' title='bbox 913 689 973 728; x_wconf 79' lang='lat' dir='ltr'><strong>ut</strong></span> <span class='ocrx_word' id='word_1_25' title='bbox 1001 672 1167 728; x_wconf 85' lang='lat' dir='ltr'><strong>Filius</strong></span> <span class='ocrx_word' id='word_1_26' title='bbox 1198 669 1292 723; x_wconf 86' lang='lat' dir='ltr'><strong>Dei</strong></span> <span class='ocrx_word' id='word_1_27' title='bbox 1320 708 1334 731; x_wconf 92' lang='lat'><strong>,</strong></span> <span class='ocrx_word' id='word_1_28' title='bbox 1364 665 1459 719; x_wconf 87' lang='lat' dir='ltr'><strong>sed</strong></span> <span class='ocrx_word' id='word_1_29' title='bbox 1491 672 1547 717; x_wconf 90' lang='grc' dir='ltr'><strong>ιιι</strong></span> <span class='ocrx_word' id='word_1_30' title='bbox 1580 662 1738 715; x_wconf 90' lang='lat' dir='ltr'><strong>Deus.</strong></span> <span class='ocrx_word' id='word_1_31' title='bbox 1778 653 2047 723; x_wconf 87' lang='lat' dir='ltr'><strong>Quemad-</strong></span> 
     </span>
    </p>
   </div>
   <div class='ocr_carea' id='block_1_5' title="bbox 461 746 2045 832">
    <p class='ocr_par' dir='ltr' id='par_1_5' title="bbox 461 746 2045 832">
     <span class='ocr_line' id='line_1_5' title="bbox 461 746 2045 832; baseline -0.019 -5"><span class='ocrx_word' id='word_1_32' title='bbox 461 772 680 828; x_wconf 87' lang='lat' dir='ltr'><strong>modum</strong></span> <span class='ocrx_word' id='word_1_33' title='bbox 709 770 851 826; x_wconf 85' lang='lat' dir='ltr'><strong>enim</strong></span> <span class='ocrx_word' id='word_1_34' title='bbox 895 766 1034 821; x_wconf 86' lang='lat' dir='ltr'><strong>Filio</strong></span> <span class='ocrx_word' id='word_1_35' title='bbox 1064 762 1235 832; x_wconf 90' lang='lat' dir='ltr'><strong>major</strong></span> <span class='ocrx_word' id='word_1_36' title='bbox 1263 768 1348 814; x_wconf 90' lang='lat' dir='ltr'><strong>est</strong></span> <span class='ocrx_word' id='word_1_37' title='bbox 1375 754 1728 825; x_wconf 70' lang='lat' dir='ltr'><strong>obsequentia</strong></span> <span class='ocrx_word' id='word_1_38' title='bbox 1777 764 1901 818; x_wconf 82' lang='lat' dir='ltr'><strong>erga</strong></span> <span class='ocrx_word' id='word_1_39' title='bbox 1946 746 2045 799; x_wconf 77' lang='lat' dir='ltr'><strong>Pa-</strong></span> 
     </span>
    </p>
   </div>
   <div class='ocr_carea' id='block_1_6' title="bbox 464 842 2048 933">
    <p class='ocr_par' dir='ltr' id='par_1_6' title="bbox 464 842 2048 933">
     <span class='ocr_line' id='line_1_6' title="bbox 464 842 2048 933; baseline -0.018 -13"><span class='ocrx_word' id='word_1_40' title='bbox 464 878 601 923; x_wconf 87' lang='lat' dir='ltr'><strong>trem</strong></span> <span class='ocrx_word' id='word_1_41' title='bbox 626 906 641 928; x_wconf 92' lang='lat'><strong>,</strong></span> <span class='ocrx_word' id='word_1_42' title='bbox 673 878 833 933; x_wconf 87' lang='lat' dir='ltr'><strong>quam</strong></span> <span class='ocrx_word' id='word_1_43' title='bbox 882 858 1191 915; x_wconf 79' lang='lat' dir='ltr'><strong>hominibus</strong></span> <span class='ocrx_word' id='word_1_44' title='bbox 1219 868 1341 923; x_wconf 79' lang='lat' dir='ltr'><strong>erga</strong></span> <span class='ocrx_word' id='word_1_45' title='bbox 1372 851 1645 921; x_wconf 84' lang='lat' dir='ltr'><strong>genitores</strong></span> <span class='ocrx_word' id='word_1_46' title='bbox 1675 858 1804 900; x_wconf 90' lang='lat' dir='ltr'><strong>suos</strong></span> <span class='ocrx_word' id='word_1_47' title='bbox 1833 860 1846 895; x_wconf 94' lang='lat'><strong>:</strong></span> <span class='ocrx_word' id='word_1_48' title='bbox 1878 842 1956 894; x_wconf 89' lang='lat' dir='ltr'><strong>sie</strong></span> <span class='ocrx_word' id='word_1_49' title='bbox 1992 848 2048 933; x_wconf 86' lang='lat' dir='ltr'><strong>et</strong></span> 
     </span>
    </p>
   </div>
   <div class='ocr_carea' id='block_1_7' title="bbox 459 932 2045 1025">
    <p class='ocr_par' dir='ltr' id='par_1_7' title="bbox 459 932 2045 1025">
     <span class='ocr_line' id='line_1_7' title="bbox 459 932 2045 1025; baseline -0.02 -10"><span class='ocrx_word' id='word_1_50' title='bbox 459 932 903 1025; x_wconf 12' lang='lat' dir='ltr'><strong>libertasimajor.</strong></span> <span class='ocrx_word' id='word_1_51' title='bbox 934 952 1121 1021; x_wconf 81' lang='lat' dir='ltr'><strong>Neque</strong></span> <span class='ocrx_word' id='word_1_52' title='bbox 1152 948 1294 1003; x_wconf 91' lang='lat' dir='ltr'><strong>enim</strong></span> <span class='ocrx_word' id='word_1_53' title='bbox 1326 944 1445 999; x_wconf 87' lang='lat' dir='ltr'><strong>Filii</strong></span> <span class='ocrx_word' id='word_1_54' title='bbox 1475 955 1601 1010; x_wconf 78' lang='lat' dir='ltr'><strong>erga</strong></span> <span class='ocrx_word' id='word_1_55' title='bbox 1633 939 1844 994; x_wconf 86' lang='lat' dir='ltr'><strong>Patrem</strong></span> <span class='ocrx_word' id='word_1_56' title='bbox 1871 932 2045 987; x_wconf 86' lang='lat' dir='ltr'><strong>oflicia</strong></span> 
     </span>
    </p>
   </div>
   <div class='ocr_carea' id='block_1_8' title="bbox 465 1027 2047 1121">
    <p class='ocr_par' dir='ltr' id='par_1_8' title="bbox 465 1027 2047 1121">
     <span class='ocr_line' id='line_1_8' title="bbox 465 1027 2047 1121; baseline -0.018 -16"><span class='ocrx_word' id='word_1_57' title='bbox 465 1051 668 1121; x_wconf 90' lang='lat' dir='ltr'><strong>majora</strong></span> <span class='ocrx_word' id='word_1_58' title='bbox 696 1057 753 1104; x_wconf 86' lang='lat' dir='ltr'><strong>et</strong></span> <span class='ocrx_word' id='word_1_59' title='bbox 780 1044 949 1115; x_wconf 74' lang='lat' dir='ltr'><strong>magis</strong></span> <span class='ocrx_word' id='word_1_60' title='bbox 990 1041 1219 1112; x_wconf 78' lang='lat' dir='ltr'><strong>genuina</strong></span> <span class='ocrx_word' id='word_1_61' title='bbox 1248 1045 1373 1091; x_wconf 87' lang='lat' dir='ltr'><strong>sunt</strong></span> <span class='ocrx_word' id='word_1_62' title='bbox 1409 1049 1568 1105; x_wconf 87' lang='lat' dir='ltr'><strong>quam</strong></span> <span class='ocrx_word' id='word_1_63' title='bbox 1599 1030 1739 1100; x_wconf 89' lang='lat' dir='ltr'><strong>apud</strong></span> <span class='ocrx_word' id='word_1_64' title='bbox 1768 1027 2047 1089; x_wconf 81' lang='lat' dir='ltr'><strong>homines,</strong></span> 
     </span>
    </p>
   </div>
   <div class='ocr_carea' id='block_1_9' title="bbox 468 1122 2051 1207">
    <p class='ocr_par' dir='ltr' id='par_1_9' title="bbox 468 1122 2051 1207">
     <span class='ocr_line' id='line_1_9' title="bbox 468 1122 2051 1207; baseline -0.018 -9"><span class='ocrx_word' id='word_1_65' title='bbox 468 1143 644 1198; x_wconf 79' lang='lat' dir='ltr'><strong>Patris</strong></span> <span class='ocrx_word' id='word_1_66' title='bbox 680 1155 810 1195; x_wconf 86' lang='lat' dir='ltr'><strong>vero</strong></span> <span class='ocrx_word' id='word_1_67' title='bbox 855 1153 978 1207; x_wconf 77' lang='lat' dir='ltr'><strong>erga</strong></span> <span class='ocrx_word' id='word_1_68' title='bbox 1010 1134 1201 1190; x_wconf 76' lang='lat' dir='ltr'><strong>Filium</strong></span> <span class='ocrx_word' id='word_1_69' title='bbox 1248 1131 1473 1185; x_wconf 90' lang='lat' dir='ltr'><strong>minora.</strong></span> <span class='ocrx_word' id='word_1_70' title='bbox 1515 1126 1573 1182; x_wconf 90' lang='lat' dir='ltr'><strong>Si</strong></span> <span class='ocrx_word' id='word_1_71' title='bbox 1622 1125 1764 1180; x_wconf 90' lang='lat' dir='ltr'><strong>enim</strong></span> <span class='ocrx_word' id='word_1_72' title='bbox 1795 1122 2051 1175; x_wconf 84' lang='lat' dir='ltr'><strong>miramur</strong></span> 
     </span>
    </p>
   </div>
   <div class='ocr_carea' id='block_1_10' title="bbox 466 1219 2052 1304">
    <p class='ocr_par' dir='ltr' id='par_1_10' title="bbox 466 1219 2052 1304">
     <span class='ocr_line' id='line_1_10' title="bbox 466 1219 2052 1304; baseline -0.017 -13"><span class='ocrx_word' id='word_1_73' title='bbox 466 1236 658 1292; x_wconf 84' lang='lat' dir='ltr'><strong>Filium</strong></span> <span class='ocrx_word' id='word_1_74' title='bbox 688 1232 837 1304; x_wconf 86' lang='lat' dir='ltr'><strong>quod</strong></span> <span class='ocrx_word' id='word_1_75' title='bbox 854 1230 1137 1293; x_wconf 91' lang='lat' dir='ltr'><strong>obedicrit,</strong></span> <span class='ocrx_word' id='word_1_76' title='bbox 1171 1229 1239 1282; x_wconf 87' lang='lat' dir='ltr'><strong>ita</strong></span> <span class='ocrx_word' id='word_1_77' title='bbox 1272 1234 1329 1281; x_wconf 89' lang='lat' dir='ltr'><strong>ut</strong></span> <span class='ocrx_word' id='word_1_78' title='bbox 1349 1237 1520 1293; x_wconf 84' lang='lat' dir='ltr'><strong>usque</strong></span> <span class='ocrx_word' id='word_1_79' title='bbox 1543 1219 1612 1275; x_wconf 87' lang='lat' dir='ltr'><strong>ad</strong></span> <span class='ocrx_word' id='word_1_80' title='bbox 1641 1226 1870 1273; x_wconf 89' lang='lat' dir='ltr'><strong>mortem</strong></span> <span class='ocrx_word' id='word_1_81' title='bbox 1892 1227 2052 1267; x_wconf 88' lang='lat' dir='ltr'><strong>vene-</strong></span> 
     </span>
    </p>
   </div>
   <div class='ocr_carea' id='block_1_11' title="bbox 466 1308 2053 1393">
    <p class='ocr_par' dir='ltr' id='par_1_11' title="bbox 466 1308 2053 1393">
     <span class='ocr_line' id='line_1_11' title="bbox 466 1308 2053 1393; baseline -0.015 -8"><span class='ocrx_word' id='word_1_82' title='bbox 466 1332 557 1393; x_wconf 88' lang='lat' dir='ltr'><strong>rit,</strong></span> <span class='ocrx_word' id='word_1_83' title='bbox 597 1340 658 1383; x_wconf 84' lang='lat' dir='ltr'><strong>et</strong></span> <span class='ocrx_word' id='word_1_84' title='bbox 699 1336 927 1383; x_wconf 90' lang='lat' dir='ltr'><strong>mortem</strong></span> <span class='ocrx_word' id='word_1_85' title='bbox 980 1324 1176 1388; x_wconf 89' lang='lat' dir='ltr'><strong>crucis,</strong></span> <span class='ocrx_word' id='word_1_86' title='bbox 1217 1328 1272 1374; x_wconf 92' lang='lat' dir='ltr'><strong>et</strong></span> <span class='ocrx_word' id='word_1_87' title='bbox 1317 1318 1421 1372; x_wconf 88' lang='lat' dir='ltr'><strong>hoc</strong></span> <span class='ocrx_word' id='word_1_88' title='bbox 1464 1328 1717 1384; x_wconf 71' lang='lat' dir='ltr'><strong>magnum</strong></span> <span class='ocrx_word' id='word_1_89' title='bbox 1772 1308 2053 1362; x_wconf 79' lang='lat' dir='ltr'><strong>statuimus</strong></span> 
     </span>
    </p>
   </div>
   <div class='ocr_carea' id='block_1_12' title="bbox 468 1400 2052 1483">
    <p class='ocr_par' dir='ltr' id='par_1_12' title="bbox 468 1400 2052 1483">
     <span class='ocr_line' id='line_1_12' title="bbox 468 1400 2052 1483; baseline -0.017 -6"><span class='ocrx_word' id='word_1_90' title='bbox 468 1421 819 1483; x_wconf 83' lang='lat' dir='ltr'><strong>miraculum;</strong></span> <span class='ocrx_word' id='word_1_91' title='bbox 849 1418 1065 1471; x_wconf 76' lang='lat' dir='ltr'><strong>Patrem</strong></span> <span class='ocrx_word' id='word_1_92' title='bbox 1091 1427 1305 1483; x_wconf 89' lang='lat' dir='ltr'><strong>quoque</strong></span> <span class='ocrx_word' id='word_1_93' title='bbox 1335 1408 1517 1463; x_wconf 86' lang='lat' dir='ltr'><strong>mirari</strong></span> <span class='ocrx_word' id='word_1_94' title='bbox 1543 1413 1775 1476; x_wconf 82' lang='lat' dir='ltr'><strong>Oportet,</strong></span> <span class='ocrx_word' id='word_1_95' title='bbox 1804 1400 1942 1473; x_wconf 72' lang='lat' dir='ltr'><strong>Quod</strong></span> <span class='ocrx_word' id='word_1_96' title='bbox 1973 1411 2052 1452; x_wconf 89' lang='lat' dir='ltr'><strong>ta-</strong></span> 
     </span>
    </p>
   </div>
   <div class='ocr_carea' id='block_1_13' title="bbox 466 1495 2055 1589">
    <p class='ocr_par' dir='ltr' id='par_1_13' title="bbox 466 1495 2055 1589">
     <span class='ocr_line' id='line_1_13' title="bbox 466 1495 2055 1589; baseline -0.014 -19"><span class='ocrx_word' id='word_1_97' title='bbox 466 1517 570 1589; x_wconf 87' lang='lat' dir='ltr'><strong>lem</strong></span> <span class='ocrx_word' id='word_1_98' title='bbox 596 1514 863 1586; x_wconf 79' lang='lat' dir='ltr'><strong>genuerit,</strong></span> <span class='ocrx_word' id='word_1_99' title='bbox 896 1527 1002 1564; x_wconf 84' lang='lat' dir='ltr'><strong>non</strong></span> <span class='ocrx_word' id='word_1_100' title='bbox 1032 1518 1091 1562; x_wconf 93' lang='lat' dir='ltr'><strong>ut</strong></span> <span class='ocrx_word' id='word_1_101' title='bbox 1116 1521 1331 1562; x_wconf 89' lang='lat' dir='ltr'><strong>servum</strong></span> <span class='ocrx_word' id='word_1_102' title='bbox 1353 1504 1439 1557; x_wconf 93' lang='lat' dir='ltr'><strong>eui</strong></span> <span class='ocrx_word' id='word_1_103' title='bbox 1469 1502 1849 1571; x_wconf 88' lang='lat' dir='ltr'><strong>imperaretur,</strong></span> <span class='ocrx_word' id='word_1_104' title='bbox 1878 1495 1971 1551; x_wconf 89' lang='lat' dir='ltr'><strong>sed</strong></span> <span class='ocrx_word' id='word_1_105' title='bbox 1998 1506 2055 1548; x_wconf 91' lang='lat' dir='ltr'><strong>ut</strong></span> 
     </span>
    </p>
   </div>
   <div class='ocr_carea' id='block_1_14' title="bbox 468 1586 2055 1660">
    <p class='ocr_par' dir='ltr' id='par_1_14' title="bbox 468 1586 2055 1660">
     <span class='ocr_line' id='line_1_14' title="bbox 468 1586 2055 1660; baseline -0.014 0"><span class='ocrx_word' id='word_1_106' title='bbox 468 1607 694 1660; x_wconf 87' lang='lat' dir='ltr'><strong>liberum</strong></span> <span class='ocrx_word' id='word_1_107' title='bbox 748 1601 1093 1657; x_wconf 88' lang='lat' dir='ltr'><strong>obedientem</strong></span> <span class='ocrx_word' id='word_1_108' title='bbox 1142 1606 1199 1651; x_wconf 86' lang='lat' dir='ltr'><strong>et</strong></span> <span class='ocrx_word' id='word_1_109' title='bbox 1251 1592 1613 1649; x_wconf 81' lang='lat' dir='ltr'><strong>consiliarium</strong></span> <span class='ocrx_word' id='word_1_110' title='bbox 1658 1608 1672 1643; x_wconf 88' lang='lat'><strong>:</strong></span> <span class='ocrx_word' id='word_1_111' title='bbox 1720 1586 2055 1643; x_wconf 82' lang='lat' dir='ltr'><strong>consiliarius</strong></span> 
     </span>
    </p>
   </div>
   <div class='ocr_carea' id='block_1_15' title="bbox 465 1684 2043 1751">
    <p class='ocr_par' dir='ltr' id='par_1_15' title="bbox 465 1684 2043 1751">
     <span class='ocr_line' id='line_1_15' title="bbox 465 1684 2043 1751; baseline -0.015 0"><span class='ocrx_word' id='word_1_112' title='bbox 465 1698 609 1751; x_wconf 86' lang='lat' dir='ltr'><strong>enim</strong></span> <span class='ocrx_word' id='word_1_113' title='bbox 639 1708 745 1748; x_wconf 91' lang='lat' dir='ltr'><strong>non</strong></span> <span class='ocrx_word' id='word_1_114' title='bbox 774 1700 859 1747; x_wconf 87' lang='lat' dir='ltr'><strong>est</strong></span> <span class='ocrx_word' id='word_1_115' title='bbox 884 1705 1091 1745; x_wconf 90' lang='lat' dir='ltr'><strong>servus.</strong></span> <span class='ocrx_word' id='word_1_116' title='bbox 1128 1684 1501 1741; x_wconf 81' lang='lat' dir='ltr'><strong>Cousiliarium</strong></span> <span class='ocrx_word' id='word_1_117' title='bbox 1544 1696 1670 1736; x_wconf 89' lang='lat' dir='ltr'><strong>vero</strong></span> <span class='ocrx_word' id='word_1_118' title='bbox 1697 1692 1883 1733; x_wconf 88' lang='lat' dir='ltr'><strong>rursus</strong></span> <span class='ocrx_word' id='word_1_119' title='bbox 1922 1692 2043 1730; x_wconf 90' lang='lat' dir='ltr'><strong>cum</strong></span> 
     </span>
    </p>
   </div>
   <div class='ocr_carea' id='block_1_16' title="bbox 467 1767 2049 1847">
    <p class='ocr_par' dir='ltr' id='par_1_16' title="bbox 467 1767 2049 1847">
     <span class='ocr_line' id='line_1_16' title="bbox 467 1767 2049 1847; baseline -0.013 -6"><span class='ocrx_word' id='word_1_120' title='bbox 467 1787 721 1846; x_wconf 81' lang='lat' dir='ltr'><strong>audieris,</strong></span> <span class='ocrx_word' id='word_1_121' title='bbox 754 1799 821 1839; x_wconf 90' lang='lat' dir='ltr'><strong>ne</strong></span> <span class='ocrx_word' id='word_1_122' title='bbox 849 1787 921 1838; x_wconf 88' lang='lat' dir='ltr'><strong>ita</strong></span> <span class='ocrx_word' id='word_1_123' title='bbox 950 1781 1136 1835; x_wconf 83' lang='lat' dir='ltr'><strong>audias</strong></span> <span class='ocrx_word' id='word_1_124' title='bbox 1164 1778 1315 1847; x_wconf 88' lang='lat' dir='ltr'><strong>quasi</strong></span> <span class='ocrx_word' id='word_1_125' title='bbox 1346 1776 1504 1829; x_wconf 85' lang='lat' dir='ltr'><strong>Pater</strong></span> <span class='ocrx_word' id='word_1_126' title='bbox 1532 1774 1713 1843; x_wconf 86' lang='lat' dir='ltr'><strong>aliquo</strong></span> <span class='ocrx_word' id='word_1_127' title='bbox 1741 1772 1918 1841; x_wconf 78' lang='lat' dir='ltr'><strong>egeat,</strong></span> <span class='ocrx_word' id='word_1_128' title='bbox 1953 1767 2049 1822; x_wconf 90' lang='lat' dir='ltr'><strong>sed</strong></span> 
     </span>
    </p>
   </div>
   <div class='ocr_carea' id='block_1_17' title="bbox 470 1862 2057 1952">
    <p class='ocr_par' dir='ltr' id='par_1_17' title="bbox 470 1862 2057 1952">
     <span class='ocr_line' id='line_1_17' title="bbox 470 1862 2057 1952; baseline -0.013 -18"><span class='ocrx_word' id='word_1_129' title='bbox 470 1868 621 1952; x_wconf 87' lang='lat' dir='ltr'><strong>quasi</strong></span> <span class='ocrx_word' id='word_1_130' title='bbox 648 1879 812 1933; x_wconf 78' lang='lat' dir='ltr'><strong>Filius</strong></span> <span class='ocrx_word' id='word_1_131' title='bbox 842 1879 986 1946; x_wconf 88' lang='lat' dir='ltr'><strong>paris</strong></span> <span class='ocrx_word' id='word_1_132' title='bbox 1006 1889 1128 1929; x_wconf 90' lang='lat' dir='ltr'><strong>cum</strong></span> <span class='ocrx_word' id='word_1_133' title='bbox 1153 1872 1407 1929; x_wconf 77' lang='lat' dir='ltr'><strong>Genitore</strong></span> <span class='ocrx_word' id='word_1_134' title='bbox 1432 1868 1655 1921; x_wconf 83' lang='lat' dir='ltr'><strong>honoris</strong></span> <span class='ocrx_word' id='word_1_135' title='bbox 1676 1866 1767 1918; x_wconf 88' lang='lat' dir='ltr'><strong>sit.</strong></span> <span class='ocrx_word' id='word_1_136' title='bbox 1796 1862 1874 1917; x_wconf 85' lang='lat' dir='ltr'><strong>Nc</strong></span> <span class='ocrx_word' id='word_1_137' title='bbox 1898 1862 2057 1930; x_wconf 77' lang='lat' dir='ltr'><strong>igitur</strong></span> 
     </span>
    </p>
   </div>
   <div class='ocr_carea' id='block_1_18' title="bbox 472 1950 2056 2039">
    <p class='ocr_par' dir='ltr' id='par_1_18' title="bbox 472 1950 2056 2039">
     <span class='ocr_line' id='line_1_18' title="bbox 472 1950 2056 2039; baseline -0.013 -15"><span class='ocrx_word' id='word_1_138' title='bbox 472 1950 773 2039; x_wconf 72' lang='lat' dir='ltr'><strong>exemplum</strong></span> <span class='ocrx_word' id='word_1_139' title='bbox 804 1968 901 2021; x_wconf 73' lang='lat' dir='ltr'><strong>viri</strong></span> <span class='ocrx_word' id='word_1_140' title='bbox 922 1979 976 2021; x_wconf 87' lang='lat' dir='ltr'><strong>et</strong></span> <span class='ocrx_word' id='word_1_141' title='bbox 1004 1963 1242 2019; x_wconf 76' lang='lat' dir='ltr'><strong>mulieris</strong></span> <span class='ocrx_word' id='word_1_142' title='bbox 1267 1963 1334 2015; x_wconf 88' lang='lat' dir='ltr'><strong>ad</strong></span> <span class='ocrx_word' id='word_1_143' title='bbox 1360 1961 1538 2012; x_wconf 89' lang='lat' dir='ltr'><strong>omnia</strong></span> <span class='ocrx_word' id='word_1_144' title='bbox 1572 1954 1870 2026; x_wconf 87' lang='lat' dir='ltr'><strong>pertrahas.</strong></span> <span class='ocrx_word' id='word_1_145' title='bbox 1904 1950 2056 2022; x_wconf 77' lang='lat' dir='ltr'><strong>Apud</strong></span> 
     </span>
    </p>
   </div>
   <div class='ocr_carea' id='block_1_19' title="bbox 472 2044 2057 2131">
    <p class='ocr_par' dir='ltr' id='par_1_19' title="bbox 472 2044 2057 2131">
     <span class='ocr_line' id='line_1_19' title="bbox 472 2044 2057 2131; baseline -0.015 -13"><span class='ocrx_word' id='word_1_146' title='bbox 472 2081 571 2119; x_wconf 76' lang='lat' dir='ltr'><strong>nos</strong></span> <span class='ocrx_word' id='word_1_147' title='bbox 598 2063 740 2119; x_wconf 88' lang='lat' dir='ltr'><strong>enim</strong></span> <span class='ocrx_word' id='word_1_148' title='bbox 763 2062 888 2131; x_wconf 85' lang='lat' dir='ltr'><strong>jure</strong></span> <span class='ocrx_word' id='word_1_149' title='bbox 930 2057 1124 2111; x_wconf 89' lang='lat' dir='ltr'><strong>mulier</strong></span> <span class='ocrx_word' id='word_1_150' title='bbox 1161 2053 1402 2122; x_wconf 85' lang='lat' dir='ltr'><strong>subjecta</strong></span> <span class='ocrx_word' id='word_1_151' title='bbox 1432 2058 1516 2104; x_wconf 89' lang='lat' dir='ltr'><strong>est</strong></span> <span class='ocrx_word' id='word_1_152' title='bbox 1543 2049 1657 2101; x_wconf 87' lang='lat' dir='ltr'><strong>viro</strong></span> <span class='ocrx_word' id='word_1_153' title='bbox 1689 2065 1701 2099; x_wconf 94' lang='lat'>:</span> <span class='ocrx_word' id='word_1_154' title='bbox 1735 2061 1856 2100; x_wconf 91' lang='lat' dir='ltr'><strong>nam</strong></span> <span class='ocrx_word' id='word_1_155' title='bbox 1888 2044 2057 2097; x_wconf 85' lang='lat' dir='ltr'><strong>honu-</strong></span> 
     </span>
    </p>
   </div>
   <div class='ocr_carea' id='block_1_20' title="bbox 473 2136 2058 2223">
    <p class='ocr_par' dir='ltr' id='par_1_20' title="bbox 473 2136 2058 2223">
     <span class='ocr_line' id='line_1_20' title="bbox 473 2136 2058 2223; baseline -0.015 -13"><span class='ocrx_word' id='word_1_156' title='bbox 473 2158 549 2209; x_wconf 87' lang='lat' dir='ltr'><strong>ris</strong></span> <span class='ocrx_word' id='word_1_157' title='bbox 572 2152 850 2223; x_wconf 72' lang='lat' dir='ltr'><strong>aaqualitas</strong></span> <span class='ocrx_word' id='word_1_158' title='bbox 882 2146 1283 2203; x_wconf 87' lang='lat' dir='ltr'><strong>contentionem</strong></span> <span class='ocrx_word' id='word_1_159' title='bbox 1335 2141 1476 2211; x_wconf 90' lang='lat' dir='ltr'><strong>parit</strong></span> <span class='ocrx_word' id='word_1_160' title='bbox 1524 2158 1535 2191; x_wconf 92' lang='lat'>:</span> <span class='ocrx_word' id='word_1_161' title='bbox 1580 2152 1751 2208; x_wconf 91' lang='lat' dir='ltr'><strong>neque</strong></span> <span class='ocrx_word' id='word_1_162' title='bbox 1794 2136 1915 2190; x_wconf 91' lang='lat' dir='ltr'><strong>ideo</strong></span> <span class='ocrx_word' id='word_1_163' title='bbox 1945 2144 2058 2189; x_wconf 85' lang='lat' dir='ltr'><strong>tan-</strong></span> 
     </span>
    </p>
   </div>
   <div class='ocr_carea' id='block_1_21' title="bbox 474 2229 2057 2310">
    <p class='ocr_par' dir='ltr' id='par_1_21' title="bbox 474 2229 2057 2310">
     <span class='ocr_line' id='line_1_21' title="bbox 474 2229 2057 2310; baseline -0.014 -10"><span class='ocrx_word' id='word_1_164' title='bbox 474 2256 610 2310; x_wconf 91' lang='lat' dir='ltr'><strong>tum,</strong></span> <span class='ocrx_word' id='word_1_165' title='bbox 642 2246 735 2297; x_wconf 88' lang='lat' dir='ltr'><strong>sed</strong></span> <span class='ocrx_word' id='word_1_166' title='bbox 758 2241 920 2295; x_wconf 87' lang='lat' dir='ltr'><strong>etiam</strong></span> <span class='ocrx_word' id='word_1_167' title='bbox 944 2246 1161 2308; x_wconf 87' lang='lat' dir='ltr'><strong>propter</strong></span> <span class='ocrx_word' id='word_1_168' title='bbox 1191 2234 1564 2305; x_wconf 84' lang='lat' dir='ltr'><strong>deceptionem</strong></span> <span class='ocrx_word' id='word_1_169' title='bbox 1597 2245 1717 2299; x_wconf 71' lang='lat' dir='ltr'><strong>qua:</strong></span> <span class='ocrx_word' id='word_1_170' title='bbox 1747 2229 1898 2282; x_wconf 91' lang='lat' dir='ltr'><strong>initio</strong></span> <span class='ocrx_word' id='word_1_171' title='bbox 1925 2242 2057 2283; x_wconf 83' lang='lat' dir='ltr'><strong>con-</strong></span> 
     </span>
    </p>
   </div>
   <div class='ocr_carea' id='block_1_22' title="bbox 475 2321 2057 2407">
    <p class='ocr_par' dir='ltr' id='par_1_22' title="bbox 475 2321 2057 2407">
     <span class='ocr_line' id='line_1_22' title="bbox 475 2321 2057 2407; baseline -0.013 -15"><span class='ocrx_word' id='word_1_172' title='bbox 475 2338 613 2407; x_wconf 75' lang='lat' dir='ltr'><strong>tigit.</strong></span> <span class='ocrx_word' id='word_1_173' title='bbox 663 2336 953 2403; x_wconf 83' lang='lat' dir='ltr'><strong>Propterea</strong></span> <span class='ocrx_word' id='word_1_174' title='bbox 1013 2344 1133 2385; x_wconf 91' lang='lat' dir='ltr'><strong>cum</strong></span> <span class='ocrx_word' id='word_1_175' title='bbox 1190 2326 1408 2398; x_wconf 89' lang='lat' dir='ltr'><strong>quidem</strong></span> <span class='ocrx_word' id='word_1_176' title='bbox 1466 2325 1604 2378; x_wconf 84' lang='lat' dir='ltr'><strong>facta</strong></span> <span class='ocrx_word' id='word_1_177' title='bbox 1672 2321 1897 2384; x_wconf 87' lang='lat' dir='ltr'><strong>fuisset,</strong></span> <span class='ocrx_word' id='word_1_178' title='bbox 1952 2334 2057 2373; x_wconf 92' lang='lat' dir='ltr'><strong>non</strong></span> 
     </span>
    </p>
   </div>
   <div class='ocr_carea' id='block_1_23' title="bbox 475 2412 2057 2495">
    <p class='ocr_par' dir='ltr' id='par_1_23' title="bbox 475 2412 2057 2495">
     <span class='ocr_line' id='line_1_23' title="bbox 475 2412 2057 2495; baseline -0.011 -13"><span class='ocrx_word' id='word_1_179' title='bbox 475 2428 655 2482; x_wconf 79' lang='lat' dir='ltr'><strong>statim</strong></span> <span class='ocrx_word' id='word_1_180' title='bbox 696 2424 932 2495; x_wconf 86' lang='lat' dir='ltr'><strong>subjecta</strong></span> <span class='ocrx_word' id='word_1_181' title='bbox 965 2420 1063 2476; x_wconf 84' lang='lat' dir='ltr'><strong>fuit</strong></span> <span class='ocrx_word' id='word_1_182' title='bbox 1090 2438 1106 2486; x_wconf 88' lang='lat'><strong>;</strong></span> <span class='ocrx_word' id='word_1_183' title='bbox 1134 2432 1308 2489; x_wconf 89' lang='lat' dir='ltr'><strong>neque</strong></span> <span class='ocrx_word' id='word_1_184' title='bbox 1332 2434 1457 2473; x_wconf 88' lang='lat' dir='ltr'><strong>cum</strong></span> <span class='ocrx_word' id='word_1_185' title='bbox 1490 2417 1634 2470; x_wconf 89' lang='lat' dir='ltr'><strong>illam</strong></span> <span class='ocrx_word' id='word_1_186' title='bbox 1661 2413 1729 2469; x_wconf 91' lang='lat' dir='ltr'><strong>ad</strong></span> <span class='ocrx_word' id='word_1_187' title='bbox 1759 2414 1933 2468; x_wconf 90' lang='lat' dir='ltr'><strong>virum</strong></span> <span class='ocrx_word' id='word_1_188' title='bbox 1960 2412 2057 2465; x_wconf 85' lang='lat' dir='ltr'><strong>ad-</strong></span> 
     </span>
    </p>
   </div>
   <div class='ocr_carea' id='block_1_24' title="bbox 476 2508 2061 2588">
    <p class='ocr_par' dir='ltr' id='par_1_24' title="bbox 476 2508 2061 2588">
     <span class='ocr_line' id='line_1_24' title="bbox 476 2508 2061 2588; baseline -0.009 -14"><span class='ocrx_word' id='word_1_189' title='bbox 476 2520 644 2582; x_wconf 83' lang='lat' dir='ltr'><strong>duxit,</strong></span> <span class='ocrx_word' id='word_1_190' title='bbox 678 2531 851 2588; x_wconf 91' lang='lat' dir='ltr'><strong>neque</strong></span> <span class='ocrx_word' id='word_1_191' title='bbox 877 2515 966 2569; x_wconf 90' lang='lat' dir='ltr'><strong>illa</strong></span> <span class='ocrx_word' id='word_1_192' title='bbox 996 2517 1099 2568; x_wconf 85' lang='lat' dir='ltr'><strong>tale</strong></span> <span class='ocrx_word' id='word_1_193' title='bbox 1129 2512 1402 2583; x_wconf 85' lang='lat' dir='ltr'><strong>quidpiam</strong></span> <span class='ocrx_word' id='word_1_194' title='bbox 1438 2525 1467 2563; x_wconf 92' lang='lat' dir='ltr'><strong>a</strong></span> <span class='ocrx_word' id='word_1_195' title='bbox 1495 2510 1606 2564; x_wconf 90' lang='lat' dir='ltr'><strong>Deo</strong></span> <span class='ocrx_word' id='word_1_196' title='bbox 1635 2508 1858 2570; x_wconf 86' lang='lat' dir='ltr'><strong>audivit,</strong></span> <span class='ocrx_word' id='word_1_197' title='bbox 1889 2520 2061 2574; x_wconf 90' lang='lat' dir='ltr'><strong>neque</strong></span> 
     </span>
    </p>
   </div>
   <div class='ocr_carea' id='block_1_25' title="bbox 477 2598 2057 2679">
    <p class='ocr_par' dir='ltr' id='par_1_25' title="bbox 477 2598 2057 2679">
     <span class='ocr_line' id='line_1_25' title="bbox 477 2598 2057 2679; baseline -0.012 -12"><span class='ocrx_word' id='word_1_198' title='bbox 477 2612 558 2666; x_wconf 79' lang='lat' dir='ltr'><strong>vir</strong></span> <span class='ocrx_word' id='word_1_199' title='bbox 580 2612 651 2665; x_wconf 92' lang='lat' dir='ltr'><strong>illi</strong></span> <span class='ocrx_word' id='word_1_200' title='bbox 679 2608 951 2679; x_wconf 85' lang='lat' dir='ltr'><strong>quidpiam</strong></span> <span class='ocrx_word' id='word_1_201' title='bbox 976 2605 1152 2661; x_wconf 88' lang='lat' dir='ltr'><strong>simile</strong></span> <span class='ocrx_word' id='word_1_202' title='bbox 1172 2604 1342 2668; x_wconf 83' lang='lat' dir='ltr'><strong>dixit;</strong></span> <span class='ocrx_word' id='word_1_203' title='bbox 1372 2602 1467 2657; x_wconf 88' lang='lat' dir='ltr'><strong>sed</strong></span> <span class='ocrx_word' id='word_1_204' title='bbox 1495 2610 1702 2656; x_wconf 84' lang='lat' dir='ltr'><strong>tantum</strong></span> <span class='ocrx_word' id='word_1_205' title='bbox 1728 2598 1871 2670; x_wconf 89' lang='lat' dir='ltr'><strong>quod</strong></span> <span class='ocrx_word' id='word_1_206' title='bbox 1898 2612 1959 2650; x_wconf 88' lang='lat' dir='ltr'><strong>os</strong></span> <span class='ocrx_word' id='word_1_207' title='bbox 1991 2612 2057 2649; x_wconf 84' lang='lat' dir='ltr'><strong>ex</strong></span> 
     </span>
    </p>
   </div>
   <div class='ocr_carea' id='block_1_26' title="bbox 476 2688 2066 2771">
    <p class='ocr_par' dir='ltr' id='par_1_26' title="bbox 476 2688 2066 2771">
     <span class='ocr_line' id='line_1_26' title="bbox 476 2688 2066 2771; baseline -0.011 -12"><span class='ocrx_word' id='word_1_208' title='bbox 476 2704 695 2759; x_wconf 88' lang='lat' dir='ltr'><strong>ossibus</strong></span> <span class='ocrx_word' id='word_1_209' title='bbox 725 2702 864 2771; x_wconf 84' lang='lat' dir='ltr'><strong>ejus,</strong></span> <span class='ocrx_word' id='word_1_210' title='bbox 909 2711 962 2755; x_wconf 89' lang='lat' dir='ltr'><strong>et</strong></span> <span class='ocrx_word' id='word_1_211' title='bbox 1002 2714 1131 2760; x_wconf 86' lang='lat' dir='ltr'><strong>caro</strong></span> <span class='ocrx_word' id='word_1_212' title='bbox 1179 2713 1244 2752; x_wconf 81' lang='lat' dir='ltr'><strong>ex</strong></span> <span class='ocrx_word' id='word_1_213' title='bbox 1293 2695 1545 2751; x_wconf 84' lang='lat' dir='ltr'><strong>carnibus</strong></span> <span class='ocrx_word' id='word_1_214' title='bbox 1587 2693 1705 2760; x_wconf 79' lang='lat' dir='ltr'><strong>ejus</strong></span> <span class='ocrx_word' id='word_1_215' title='bbox 1747 2700 1891 2744; x_wconf 88' lang='lat' dir='ltr'><strong>esset</strong></span> <span class='ocrx_word' id='word_1_216' title='bbox 1930 2688 2066 2743; x_wconf 81' lang='lat' dir='ltr'><strong>dixit</strong></span> 
     </span>
    </p>
   </div>
   <div class='ocr_carea' id='block_1_27' title="bbox 478 2781 2063 2865">
    <p class='ocr_par' dir='ltr' id='par_1_27' title="bbox 478 2781 2063 2865">
     <span class='ocr_line' id='line_1_27' title="bbox 478 2781 2063 2865; baseline -0.012 -13"><span class='ocrx_word' id='word_1_217' title='bbox 478 2799 499 2865; x_wconf 93' lang='lat'><strong>(</strong></span> <span class='ocrx_word' id='word_1_218' title='bbox 525 2794 654 2851; x_wconf 81' lang='lat' dir='ltr'><strong>Gen.</strong></span> <span class='ocrx_word' id='word_1_219' title='bbox 686 2792 742 2848; x_wconf 71' lang='lat'><strong>2.</strong></span> <span class='ocrx_word' id='word_1_220' title='bbox 770 2791 912 2862; x_wconf 76' lang='lat'><strong>25);</strong></span> <span class='ocrx_word' id='word_1_221' title='bbox 946 2790 1155 2860; x_wconf 90' lang='lat' dir='ltr'><strong>imperii</strong></span> <span class='ocrx_word' id='word_1_222' title='bbox 1186 2798 1365 2843; x_wconf 88' lang='lat' dir='ltr'><strong>autem</strong></span> <span class='ocrx_word' id='word_1_223' title='bbox 1410 2795 1502 2839; x_wconf 83' lang='lat' dir='ltr'><strong>aut</strong></span> <span class='ocrx_word' id='word_1_224' title='bbox 1530 2783 1882 2854; x_wconf 88' lang='lat' dir='ltr'><strong>subjectionis</strong></span> <span class='ocrx_word' id='word_1_225' title='bbox 1924 2781 2063 2852; x_wconf 89' lang='lat' dir='ltr'><strong>apud</strong></span> 
     </span>
    </p>
   </div>
   <div class='ocr_carea' id='block_1_28' title="bbox 479 2874 2067 2947">
    <p class='ocr_par' dir='ltr' id='par_1_28' title="bbox 479 2874 2067 2947">
     <span class='ocr_line' id='line_1_28' title="bbox 479 2874 2067 2947; baseline -0.011 -7"><span class='ocrx_word' id='word_1_226' title='bbox 479 2886 624 2941; x_wconf 87' lang='lat' dir='ltr'><strong>illam</strong></span> <span class='ocrx_word' id='word_1_227' title='bbox 655 2899 762 2939; x_wconf 90' lang='lat' dir='ltr'><strong>non</strong></span> <span class='ocrx_word' id='word_1_228' title='bbox 792 2881 1056 2937; x_wconf 87' lang='lat' dir='ltr'><strong>meminit.</strong></span> <span class='ocrx_word' id='word_1_229' title='bbox 1085 2877 1313 2947; x_wconf 85' lang='lat' dir='ltr'><strong>Quando</strong></span> <span class='ocrx_word' id='word_1_230' title='bbox 1338 2885 1517 2930; x_wconf 92' lang='lat' dir='ltr'><strong>autem</strong></span> <span class='ocrx_word' id='word_1_231' title='bbox 1547 2874 1687 2930; x_wconf 86' lang='lat' dir='ltr'><strong>male</strong></span> <span class='ocrx_word' id='word_1_232' title='bbox 1736 2889 1829 2927; x_wconf 90' lang='lat' dir='ltr'><strong>usa</strong></span> <span class='ocrx_word' id='word_1_233' title='bbox 1861 2882 1945 2927; x_wconf 88' lang='lat' dir='ltr'><strong>est</strong></span> <span class='ocrx_word' id='word_1_234' title='bbox 1974 2888 2067 2942; x_wconf 87' lang='lat' dir='ltr'><strong>po-</strong></span> 
     </span>
    </p>
   </div>
   <div class='ocr_carea' id='block_1_29' title="bbox 482 2968 2065 3046">
    <p class='ocr_par' dir='ltr' id='par_1_29' title="bbox 482 2968 2065 3046">
     <span class='ocr_line' id='line_1_29' title="bbox 482 2968 2065 3046; baseline -0.008 -13"><span class='ocrx_word' id='word_1_235' title='bbox 482 2987 697 3038; x_wconf 83' lang='lat' dir='ltr'><strong>testate,</strong></span> <span class='ocrx_word' id='word_1_236' title='bbox 726 2987 780 3031; x_wconf 91' lang='lat' dir='ltr'><strong>et</strong></span> <span class='ocrx_word' id='word_1_237' title='bbox 802 2991 919 3046; x_wconf 79' lang='lat' dir='ltr'><strong>qua:</strong></span> <span class='ocrx_word' id='word_1_238' title='bbox 941 2974 1172 3042; x_wconf 76' lang='lat' dir='ltr'><strong>adjutrix</strong></span> <span class='ocrx_word' id='word_1_239' title='bbox 1205 2970 1343 3026; x_wconf 86' lang='lat' dir='ltr'><strong>facta</strong></span> <span class='ocrx_word' id='word_1_240' title='bbox 1386 2970 1601 3035; x_wconf 88' lang='lat' dir='ltr'><strong>fuerat,</strong></span> <span class='ocrx_word' id='word_1_241' title='bbox 1634 2968 1933 3022; x_wconf 76' lang='lat' dir='ltr'><strong>insidiatrix</strong></span> <span class='ocrx_word' id='word_1_242' title='bbox 1971 2968 2065 3020; x_wconf 90' lang='lat' dir='ltr'><strong>de-</strong></span> 
     </span>
    </p>
   </div>
   <div class='ocr_carea' id='block_1_30' title="bbox 484 3060 2066 3144">
    <p class='ocr_par' dir='ltr' id='par_1_30' title="bbox 484 3060 2066 3144">
     <span class='ocr_line' id='line_1_30' title="bbox 484 3060 2066 3144; baseline -0.009 -17"><span class='ocrx_word' id='word_1_243' title='bbox 484 3072 749 3144; x_wconf 89' lang='lat' dir='ltr'><strong>prehensa</strong></span> <span class='ocrx_word' id='word_1_244' title='bbox 778 3081 882 3135; x_wconf 89' lang='lat' dir='ltr'><strong>est,</strong></span> <span class='ocrx_word' id='word_1_245' title='bbox 911 3078 967 3124; x_wconf 92' lang='lat' dir='ltr'><strong>et</strong></span> <span class='ocrx_word' id='word_1_246' title='bbox 993 3068 1171 3122; x_wconf 89' lang='lat' dir='ltr'><strong>omnia</strong></span> <span class='ocrx_word' id='word_1_247' title='bbox 1202 3064 1472 3136; x_wconf 84' lang='lat' dir='ltr'><strong>perdidit;</strong></span> <span class='ocrx_word' id='word_1_248' title='bbox 1503 3061 1791 3129; x_wconf 84' lang='lat' dir='ltr'><strong>tuncjustc</strong></span> <span class='ocrx_word' id='word_1_249' title='bbox 1814 3060 2019 3114; x_wconf 77' lang='lat' dir='ltr'><strong>audivit</strong></span> <span class='ocrx_word' id='word_1_250' title='bbox 2052 3079 2066 3113; x_wconf 90' lang='lat'><strong>:</strong></span> 
     </span>
    </p>
   </div>
   <div class='ocr_carea' id='block_1_31' title="bbox 490 3148 2069 3223">
    <p class='ocr_par' dir='ltr' id='par_1_31' title="bbox 490 3148 2069 3223">
     <span class='ocr_line' id='line_1_31' title="bbox 490 3148 2069 3223; baseline -0.009 -5"><span class='ocrx_word' id='word_1_251' title='bbox 490 3166 571 3218; x_wconf 81' lang='lat' dir='ltr'><strong>Ad</strong></span> <span class='ocrx_word' id='word_1_252' title='bbox 598 3164 760 3216; x_wconf 80' lang='lat' dir='ltr'><strong>virum</strong></span> <span class='ocrx_word' id='word_1_253' title='bbox 783 3172 925 3214; x_wconf 80' lang='lat' dir='ltr'><strong>tuum</strong></span> <span class='ocrx_word' id='word_1_254' title='bbox 957 3157 1215 3212; x_wconf 78' lang='lat' dir='ltr'><strong>conversio</strong></span> <span class='ocrx_word' id='word_1_255' title='bbox 1240 3165 1328 3209; x_wconf 76' lang='lat' dir='ltr'><strong>tua</strong></span> <span class='ocrx_word' id='word_1_256' title='bbox 1356 3153 1510 3223; x_wconf 78' lang='lat' dir='ltr'><strong>(Gen.</strong></span> <span class='ocrx_word' id='word_1_257' title='bbox 1542 3153 1596 3205; x_wconf 79' lang='grc'><strong>5.</strong></span> <span class='ocrx_word' id='word_1_258' title='bbox 1629 3148 1741 3221; x_wconf 72' lang='grc'><strong>16).</strong></span> <span class='ocrx_word' id='word_1_259' title='bbox 1766 3150 1898 3217; x_wconf 86' lang='lat' dir='ltr'><strong>Quia</strong></span> <span class='ocrx_word' id='word_1_260' title='bbox 1926 3150 2069 3204; x_wconf 91' lang='lat' dir='ltr'><strong>enim</strong></span> 
     </span>
    </p>
   </div>
   <div class='ocr_carea' id='block_1_32' title="bbox 484 3243 2071 3320">
    <p class='ocr_par' dir='ltr' id='par_1_32' title="bbox 484 3243 2071 3320">
     <span class='ocr_line' id='line_1_32' title="bbox 484 3243 2071 3320; baseline -0.009 -9"><span class='ocrx_word' id='word_1_261' title='bbox 484 3255 777 3312; x_wconf 80' lang='lat' dir='ltr'><strong>verisimile</strong></span> <span class='ocrx_word' id='word_1_262' title='bbox 805 3262 921 3308; x_wconf 90' lang='lat' dir='ltr'><strong>erat</strong></span> <span class='ocrx_word' id='word_1_263' title='bbox 956 3260 1232 3320; x_wconf 88' lang='lat' dir='ltr'><strong>peccatum</strong></span> <span class='ocrx_word' id='word_1_264' title='bbox 1264 3246 1368 3301; x_wconf 91' lang='lat' dir='ltr'><strong>hoc</strong></span> <span class='ocrx_word' id='word_1_265' title='bbox 1394 3245 1590 3300; x_wconf 90' lang='lat' dir='ltr'><strong>bellum</strong></span> <span class='ocrx_word' id='word_1_266' title='bbox 1630 3243 1906 3297; x_wconf 86' lang='lat' dir='ltr'><strong>illaturum</strong></span> <span class='ocrx_word' id='word_1_267' title='bbox 1948 3257 2071 3297; x_wconf 87' lang='lat' dir='ltr'><strong>esse</strong></span> 
     </span>
    </p>
   </div>
   <div class='ocr_carea' id='block_1_33' title="bbox 485 3326 2068 3419">
    <p class='ocr_par' dir='ltr' id='par_1_33' title="bbox 485 3326 2068 3419">
     <span class='ocr_line' id='line_1_33' title="bbox 485 3326 2068 3419; baseline -0.01 -16"><span class='ocrx_word' id='word_1_268' title='bbox 485 3350 542 3404; x_wconf 87' lang='lat' dir='ltr'><strong>in</strong></span> <span class='ocrx_word' id='word_1_269' title='bbox 570 3361 738 3419; x_wconf 76' lang='lat' dir='ltr'><strong>genus</strong></span> <span class='ocrx_word' id='word_1_270' title='bbox 768 3353 1008 3400; x_wconf 86' lang='lat' dir='ltr'><strong>nostrum</strong></span> <span class='ocrx_word' id='word_1_271' title='bbox 1040 3343 1058 3409; x_wconf 96' lang='lat'><strong>(</strong></span> <span class='ocrx_word' id='word_1_272' title='bbox 1085 3355 1259 3409; x_wconf 86' lang='lat' dir='ltr'><strong>neque</strong></span> <span class='ocrx_word' id='word_1_273' title='bbox 1303 3340 1447 3393; x_wconf 90' lang='lat' dir='ltr'><strong>enim</strong></span> <span class='ocrx_word' id='word_1_274' title='bbox 1486 3336 1551 3389; x_wconf 88' lang='lat' dir='ltr'><strong>ad</strong></span> <span class='ocrx_word' id='word_1_275' title='bbox 1603 3350 1784 3404; x_wconf 89' lang='lat' dir='ltr'><strong>pacem</strong></span> <span class='ocrx_word' id='word_1_276' title='bbox 1819 3326 2068 3404; x_wconf 71' lang='lat' dir='ltr'><strong>iuvisset,</strong></span> 
     </span>
    </p>
   </div>
   <div class='ocr_carea' id='block_1_34' title="bbox 486 3424 2071 3507">
    <p class='ocr_par' dir='ltr' id='par_1_34' title="bbox 486 3424 2071 3507">
     <span class='ocr_line' id='line_1_34' title="bbox 486 3424 2071 3507; baseline -0.009 -14"><span class='ocrx_word' id='word_1_277' title='bbox 486 3438 628 3507; x_wconf 87' lang='lat' dir='ltr'><strong>quod</strong></span> <span class='ocrx_word' id='word_1_278' title='bbox 659 3437 749 3491; x_wconf 86' lang='lat' dir='ltr'><strong>illa</strong></span> <span class='ocrx_word' id='word_1_279' title='bbox 769 3450 833 3490; x_wconf 82' lang='lat' dir='ltr'><strong>ex</strong></span> <span class='ocrx_word' id='word_1_280' title='bbox 859 3436 973 3504; x_wconf 89' lang='lat' dir='ltr'><strong>ipso</strong></span> <span class='ocrx_word' id='word_1_281' title='bbox 1000 3441 1144 3488; x_wconf 81' lang='lat' dir='ltr'><strong>esset</strong></span> <span class='ocrx_word' id='word_1_282' title='bbox 1164 3429 1324 3491; x_wconf 89' lang='lat' dir='ltr'><strong>facta,</strong></span> <span class='ocrx_word' id='word_1_283' title='bbox 1353 3443 1473 3482; x_wconf 93' lang='lat' dir='ltr'><strong>cum</strong></span> <span class='ocrx_word' id='word_1_284' title='bbox 1506 3427 1606 3479; x_wconf 91' lang='lat' dir='ltr'><strong>hoc</strong></span> <span class='ocrx_word' id='word_1_285' title='bbox 1625 3425 1910 3480; x_wconf 86' lang='lat' dir='ltr'><strong>accidisset</strong></span> <span class='ocrx_word' id='word_1_286' title='bbox 1934 3443 1947 3490; x_wconf 90' lang='lat'><strong>;</strong></span> <span class='ocrx_word' id='word_1_287' title='bbox 1976 3424 2071 3479; x_wconf 88' lang='lat' dir='ltr'><strong>sed</strong></span> 
     </span>
    </p>
   </div>
   <div class='ocr_carea' id='block_1_35' title="bbox 491 3516 2071 3600">
    <p class='ocr_par' dir='ltr' id='par_1_35' title="bbox 491 3516 2071 3600">
     <span class='ocr_line' id='line_1_35' title="bbox 491 3516 2071 3600; baseline -0.01 -16"><span class='ocrx_word' id='word_1_288' title='bbox 491 3533 595 3585; x_wconf 90' lang='lat' dir='ltr'><strong>hoc</strong></span> <span class='ocrx_word' id='word_1_289' title='bbox 620 3530 792 3600; x_wconf 87' lang='lat' dir='ltr'><strong>ipsum</strong></span> <span class='ocrx_word' id='word_1_290' title='bbox 823 3527 984 3580; x_wconf 90' lang='lat' dir='ltr'><strong>etiam</strong></span> <span class='ocrx_word' id='word_1_291' title='bbox 1008 3524 1178 3577; x_wconf 86' lang='lat' dir='ltr'><strong>virum</strong></span> <span class='ocrx_word' id='word_1_292' title='bbox 1207 3521 1536 3591; x_wconf 86' lang='lat' dir='ltr'><strong>asperiorem</strong></span> <span class='ocrx_word' id='word_1_293' title='bbox 1569 3516 1905 3579; x_wconf 78' lang='lat' dir='ltr'><strong>reddidisset,</strong></span> <span class='ocrx_word' id='word_1_294' title='bbox 1931 3517 2071 3585; x_wconf 90' lang='lat' dir='ltr'><strong>quod</strong></span> 
     </span>
    </p>
   </div>
   <div class='ocr_carea' id='block_1_36' title="bbox 490 3608 2073 3695">
    <p class='ocr_par' dir='ltr' id='par_1_36' title="bbox 490 3608 2073 3695">
     <span class='ocr_line' id='line_1_36' title="bbox 490 3608 2073 3695; baseline -0.012 -16"><span class='ocrx_word' id='word_1_295' title='bbox 490 3638 609 3695; x_wconf 71' lang='lat' dir='ltr'><strong>quae</strong></span> <span class='ocrx_word' id='word_1_296' title='bbox 630 3637 695 3677; x_wconf 76' lang='lat' dir='ltr'><strong>ex</strong></span> <span class='ocrx_word' id='word_1_297' title='bbox 717 3620 832 3691; x_wconf 92' lang='lat' dir='ltr'><strong>ipso</strong></span> <span class='ocrx_word' id='word_1_298' title='bbox 860 3618 997 3673; x_wconf 80' lang='lat' dir='ltr'><strong>facta</strong></span> <span class='ocrx_word' id='word_1_299' title='bbox 1026 3616 1218 3680; x_wconf 84' lang='lat' dir='ltr'><strong>fuerat,</strong></span> <span class='ocrx_word' id='word_1_300' title='bbox 1243 3628 1312 3667; x_wconf 91' lang='lat' dir='ltr'><strong>ne</strong></span> <span class='ocrx_word' id='word_1_301' title='bbox 1334 3611 1580 3667; x_wconf 89' lang='lat' dir='ltr'><strong>membro</strong></span> <span class='ocrx_word' id='word_1_302' title='bbox 1609 3608 1826 3679; x_wconf 86' lang='lat' dir='ltr'><strong>quidem</strong></span> <span class='ocrx_word' id='word_1_303' title='bbox 1856 3623 1955 3663; x_wconf 91' lang='lat' dir='ltr'><strong>suo</strong></span> <span class='ocrx_word' id='word_1_304' title='bbox 1982 3623 2073 3677; x_wconf 89' lang='lat' dir='ltr'><strong>pe-</strong></span> 
     </span>
    </p>
   </div>
   <div class='ocr_carea' id='block_1_37' title="bbox 493 3699 2071 3785">
    <p class='ocr_par' dir='ltr' id='par_1_37' title="bbox 493 3699 2071 3785">
     <span class='ocr_line' id='line_1_37' title="bbox 493 3699 2071 3785; baseline -0.012 -14"><span class='ocrx_word' id='word_1_305' title='bbox 493 3712 789 3785; x_wconf 85' lang='lat' dir='ltr'><strong>percisset)</strong></span> <span class='ocrx_word' id='word_1_306' title='bbox 816 3729 830 3777; x_wconf 90' lang='lat'><strong>;</strong></span> <span class='ocrx_word' id='word_1_307' title='bbox 862 3725 985 3765; x_wconf 91' lang='lat' dir='ltr'><strong>cum</strong></span> <span class='ocrx_word' id='word_1_308' title='bbox 1013 3705 1215 3762; x_wconf 86' lang='lat' dir='ltr'><strong>diaboli</strong></span> <span class='ocrx_word' id='word_1_309' title='bbox 1238 3702 1628 3773; x_wconf 77' lang='lat' dir='ltr'><strong>malignitatem</strong></span> <span class='ocrx_word' id='word_1_310' title='bbox 1655 3699 1864 3755; x_wconf 89' lang='lat' dir='ltr'><strong>videret</strong></span> <span class='ocrx_word' id='word_1_311' title='bbox 1894 3699 2037 3753; x_wconf 89' lang='lat' dir='ltr'><strong>Deus</strong></span> <span class='ocrx_word' id='word_1_312' title='bbox 2056 3740 2071 3762; x_wconf 91' lang='lat'><strong>,</strong></span> 
     </span>
    </p>
   </div>
   <div class='ocr_carea' id='block_1_38' title="bbox 493 3791 2072 3871">
    <p class='ocr_par' dir='ltr' id='par_1_38' title="bbox 493 3791 2072 3871">
     <span class='ocr_line' id='line_1_38' title="bbox 493 3791 2072 3871; baseline -0.013 -9"><span class='ocrx_word' id='word_1_313' title='bbox 493 3810 598 3862; x_wconf 86' lang='lat' dir='ltr'><strong>huc</strong></span> <span class='ocrx_word' id='word_1_314' title='bbox 624 3805 843 3860; x_wconf 80' lang='lat' dir='ltr'><strong>verbum</strong></span> <span class='ocrx_word' id='word_1_315' title='bbox 874 3800 1025 3871; x_wconf 88' lang='lat' dir='ltr'><strong>quasi</strong></span> <span class='ocrx_word' id='word_1_316' title='bbox 1054 3812 1261 3853; x_wconf 90' lang='lat' dir='ltr'><strong>murum</strong></span> <span class='ocrx_word' id='word_1_317' title='bbox 1308 3793 1596 3865; x_wconf 86' lang='lat' dir='ltr'><strong>opposuit,</strong></span> <span class='ocrx_word' id='word_1_318' title='bbox 1630 3801 1685 3847; x_wconf 89' lang='lat' dir='ltr'><strong>et</strong></span> <span class='ocrx_word' id='word_1_319' title='bbox 1719 3791 2072 3855; x_wconf 81' lang='lat' dir='ltr'><strong>inimicitiam,</strong></span> 
     </span>
    </p>
   </div>
   <div class='ocr_carea' id='block_1_39' title="bbox 492 3882 2076 3972">
    <p class='ocr_par' dir='ltr' id='par_1_39' title="bbox 492 3882 2076 3972">
     <span class='ocr_line' id='line_1_39' title="bbox 492 3882 2076 3972; baseline -0.011 -20"><span class='ocrx_word' id='word_1_320' title='bbox 492 3914 612 3972; x_wconf 65' lang='lat' dir='ltr'><strong>qua:</strong></span> <span class='ocrx_word' id='word_1_321' title='bbox 648 3913 718 3953; x_wconf 82' lang='lat' dir='ltr'><strong>ex</strong></span> <span class='ocrx_word' id='word_1_322' title='bbox 757 3893 964 3949; x_wconf 89' lang='lat' dir='ltr'><strong>insidiis</strong></span> <span class='ocrx_word' id='word_1_323' title='bbox 993 3891 1195 3945; x_wconf 85' lang='lat' dir='ltr'><strong>oritura</strong></span> <span class='ocrx_word' id='word_1_324' title='bbox 1238 3897 1377 3952; x_wconf 87' lang='lat' dir='ltr'><strong>erat,</strong></span> <span class='ocrx_word' id='word_1_325' title='bbox 1430 3900 1529 3956; x_wconf 87' lang='lat' dir='ltr'><strong>per</strong></span> <span class='ocrx_word' id='word_1_326' title='bbox 1574 3886 1711 3939; x_wconf 81' lang='lat' dir='ltr'><strong>hanc</strong></span> <span class='ocrx_word' id='word_1_327' title='bbox 1752 3882 2076 3938; x_wconf 84' lang='lat' dir='ltr'><strong>sententiam</strong></span> 
     </span>
    </p>
   </div>
   <div class='ocr_carea' id='block_1_40' title="bbox 494 3972 2075 4054">
    <p class='ocr_par' dir='ltr' id='par_1_40' title="bbox 494 3972 2075 4054">
     <span class='ocr_line' id='line_1_40' title="bbox 494 3972 2075 4054; baseline -0.015 -7"><span class='ocrx_word' id='word_1_328' title='bbox 494 3989 733 4054; x_wconf 82' lang='lat' dir='ltr'><strong>sustulit,</strong></span> <span class='ocrx_word' id='word_1_329' title='bbox 766 3988 963 4042; x_wconf 79' lang='lat' dir='ltr'><strong>innata:</strong></span> <span class='ocrx_word' id='word_1_330' title='bbox 988 3978 1449 4050; x_wconf 74' lang='lat' dir='ltr'><strong>concupiscentiae</strong></span> <span class='ocrx_word' id='word_1_331' title='bbox 1475 3975 1628 4045; x_wconf 88' lang='lat' dir='ltr'><strong>quasi</strong></span> <span class='ocrx_word' id='word_1_332' title='bbox 1660 3973 1837 4028; x_wconf 91' lang='lat' dir='ltr'><strong>medio</strong></span> <span class='ocrx_word' id='word_1_333' title='bbox 1870 3972 2075 4041; x_wconf 76' lang='lat' dir='ltr'><strong>pariete</strong></span> 
     </span>
    </p>
   </div>
   <div class='ocr_carea' id='block_1_41' title="bbox 498 4064 2081 4154">
    <p class='ocr_par' dir='ltr' id='par_1_41' title="bbox 498 4064 2081 4154">
     <span class='ocr_line' id='line_1_41' title="bbox 498 4064 2081 4154; baseline -0.016 -13"><span class='ocrx_word' id='word_1_334' title='bbox 498 4084 730 4154; x_wconf 84' lang='lat' dir='ltr'><strong>dejecto,</strong></span> <span class='ocrx_word' id='word_1_335' title='bbox 760 4094 899 4143; x_wconf 88' lang='lat' dir='ltr'><strong>eam,</strong></span> <span class='ocrx_word' id='word_1_336' title='bbox 933 4090 1054 4145; x_wconf 64' lang='lat' dir='ltr'><strong>qua:</strong></span> <span class='ocrx_word' id='word_1_337' title='bbox 1084 4089 1152 4128; x_wconf 80' lang='lat' dir='ltr'><strong>ex</strong></span> <span class='ocrx_word' id='word_1_338' title='bbox 1188 4080 1415 4149; x_wconf 83' lang='lat' dir='ltr'><strong>peccato</strong></span> <span class='ocrx_word' id='word_1_339' title='bbox 1443 4078 1559 4122; x_wconf 89' lang='lat' dir='ltr'><strong>orta</strong></span> <span class='ocrx_word' id='word_1_340' title='bbox 1590 4076 1727 4131; x_wconf 88' lang='lat' dir='ltr'><strong>erat,</strong></span> <span class='ocrx_word' id='word_1_341' title='bbox 1761 4064 1969 4134; x_wconf 81' lang='lat' dir='ltr'><strong>injuria:</strong></span> <span class='ocrx_word' id='word_1_342' title='bbox 1991 4078 2081 4117; x_wconf 83' lang='lat' dir='ltr'><strong>ae-</strong></span> 
     </span>
    </p>
   </div>
   <div class='ocr_carea' id='block_1_42' title="bbox 500 4158 2080 4246">
    <p class='ocr_par' dir='ltr' id='par_1_42' title="bbox 500 4158 2080 4246">
     <span class='ocr_line' id='line_1_42' title="bbox 500 4158 2080 4246; baseline -0.015 -15"><span class='ocrx_word' id='word_1_343' title='bbox 500 4188 671 4246; x_wconf 70' lang='lat' dir='ltr'><strong>cepta:</strong></span> <span class='ocrx_word' id='word_1_344' title='bbox 712 4166 1141 4227; x_wconf 83' lang='lat' dir='ltr'><strong>recordationem</strong></span> <span class='ocrx_word' id='word_1_345' title='bbox 1176 4162 1423 4218; x_wconf 85' lang='lat' dir='ltr'><strong>abstulit.</strong></span> <span class='ocrx_word' id='word_1_346' title='bbox 1454 4160 1559 4215; x_wconf 89' lang='lat' dir='ltr'><strong>Sed</strong></span> <span class='ocrx_word' id='word_1_347' title='bbox 1592 4160 1645 4213; x_wconf 91' lang='lat' dir='ltr'><strong>in</strong></span> <span class='ocrx_word' id='word_1_348' title='bbox 1686 4158 1795 4212; x_wconf 92' lang='lat' dir='ltr'><strong>Deo</strong></span> <span class='ocrx_word' id='word_1_349' title='bbox 1817 4166 1873 4211; x_wconf 91' lang='lat' dir='ltr'><strong>et</strong></span> <span class='ocrx_word' id='word_1_350' title='bbox 1901 4158 2080 4209; x_wconf 87' lang='lat' dir='ltr'><strong>incor-</strong></span> 
     </span>
    </p>
   </div>
   <div class='ocr_carea' id='block_1_43' title="bbox 498 4245 2077 4335">
    <p class='ocr_par' dir='ltr' id='par_1_43' title="bbox 498 4245 2077 4335">
     <span class='ocr_line' id='line_1_43' title="bbox 498 4245 2077 4335; baseline -0.014 -14"><span class='ocrx_word' id='word_1_351' title='bbox 498 4245 653 4335; x_wconf 86' lang='lat' dir='ltr'><strong>rupta</strong></span> <span class='ocrx_word' id='word_1_352' title='bbox 673 4260 971 4318; x_wconf 84' lang='lat' dir='ltr'><strong>substantia</strong></span> <span class='ocrx_word' id='word_1_353' title='bbox 1000 4258 1109 4322; x_wconf 82' lang='lat' dir='ltr'><strong>illa,</strong></span> <span class='ocrx_word' id='word_1_354' title='bbox 1138 4254 1273 4310; x_wconf 85' lang='lat' dir='ltr'><strong>nihil</strong></span> <span class='ocrx_word' id='word_1_355' title='bbox 1303 4254 1428 4307; x_wconf 89' lang='lat' dir='ltr'><strong>licet</strong></span> <span class='ocrx_word' id='word_1_356' title='bbox 1453 4248 1763 4320; x_wconf 87' lang='lat' dir='ltr'><strong>hujusmodi</strong></span> <span class='ocrx_word' id='word_1_357' title='bbox 1792 4245 2077 4316; x_wconf 87' lang='lat' dir='ltr'><strong>suspicari.</strong></span> 
     </span>
    </p>
   </div>
   <div class='ocr_carea' id='block_1_44' title="bbox 499 4337 2083 4424">
    <p class='ocr_par' dir='ltr' id='par_1_44' title="bbox 499 4337 2083 4424">
     <span class='ocr_line' id='line_1_44' title="bbox 499 4337 2083 4424; baseline -0.013 -13"><span class='ocrx_word' id='word_1_358' title='bbox 499 4357 578 4412; x_wconf 79' lang='lat' dir='ltr'><strong>Ne</strong></span> <span class='ocrx_word' id='word_1_359' title='bbox 608 4369 739 4424; x_wconf 76' lang='lat' dir='ltr'><strong>ergo</strong></span> <span class='ocrx_word' id='word_1_360' title='bbox 782 4353 852 4407; x_wconf 86' lang='lat' dir='ltr'><strong>de</strong></span> <span class='ocrx_word' id='word_1_361' title='bbox 899 4349 1150 4406; x_wconf 86' lang='lat' dir='ltr'><strong>omnibus</strong></span> <span class='ocrx_word' id='word_1_362' title='bbox 1195 4344 1439 4415; x_wconf 76' lang='lat' dir='ltr'><strong>exempla</strong></span> <span class='ocrx_word' id='word_1_363' title='bbox 1484 4343 1716 4412; x_wconf 87' lang='lat' dir='ltr'><strong>accipias</strong></span> <span class='ocrx_word' id='word_1_364' title='bbox 1761 4353 1928 4393; x_wconf 89' lang='lat' dir='ltr'><strong>:nam</strong></span> <span class='ocrx_word' id='word_1_365' title='bbox 1957 4337 2083 4392; x_wconf 88' lang='lat' dir='ltr'><strong>alibi</strong></span> 
     </span>
    </p>
   </div>
   <div class='ocr_carea' id='block_1_45' title="bbox 503 4431 2085 4519">
    <p class='ocr_par' dir='ltr' id='par_1_45' title="bbox 503 4431 2085 4519">
     <span class='ocr_line' id='line_1_45' title="bbox 503 4431 2085 4519; baseline -0.01 -19"><span class='ocrx_word' id='word_1_366' title='bbox 503 4461 716 4519; x_wconf 89' lang='lat' dir='ltr'><strong>quoque</strong></span> <span class='ocrx_word' id='word_1_367' title='bbox 739 4444 909 4499; x_wconf 80' lang='lat' dir='ltr'><strong>multa</strong></span> <span class='ocrx_word' id='word_1_368' title='bbox 934 4442 1065 4496; x_wconf 90' lang='lat' dir='ltr'><strong>hinc</strong></span> <span class='ocrx_word' id='word_1_369' title='bbox 1090 4440 1270 4511; x_wconf 73' lang='lat' dir='ltr'><strong>gravia</strong></span> <span class='ocrx_word' id='word_1_370' title='bbox 1314 4445 1601 4491; x_wconf 81' lang='lat' dir='ltr'><strong>occurrent</strong></span> <span class='ocrx_word' id='word_1_371' title='bbox 1625 4442 1842 4504; x_wconf 88' lang='lat' dir='ltr'><strong>peccata</strong></span> <span class='ocrx_word' id='word_1_372' title='bbox 1876 4449 1891 4484; x_wconf 90' lang='lat'>:</span> <span class='ocrx_word' id='word_1_373' title='bbox 1921 4431 2085 4502; x_wconf 88' lang='lat' dir='ltr'><strong>siqui-</strong></span> 
     </span>
    </p>
   </div>
   <div class='ocr_carea' id='block_1_46' title="bbox 432 4524 2086 4602">
    <p class='ocr_par' dir='ltr' id='par_1_46' title="bbox 432 4524 2086 4602">
     <span class='ocr_line' id='line_1_46' title="bbox 432 4524 2086 4602; baseline -0.011 -8"><span class='ocrx_word' id='word_1_374' title='bbox 432 4524 433 4527; x_wconf 0' lang='lat' dir='ltr'><strong>d</strong></span> <span class='ocrx_word' id='word_1_375' title='bbox 505 4544 627 4593; x_wconf 70' lang='lat' dir='ltr'><strong>clem</strong></span> <span class='ocrx_word' id='word_1_376' title='bbox 664 4548 719 4593; x_wconf 90' lang='lat' dir='ltr'><strong>et</strong></span> <span class='ocrx_word' id='word_1_377' title='bbox 756 4537 809 4591; x_wconf 90' lang='lat' dir='ltr'><strong>in</strong></span> <span class='ocrx_word' id='word_1_378' title='bbox 837 4533 1063 4590; x_wconf 79' lang='lat' dir='ltr'><strong>exordio</strong></span> <span class='ocrx_word' id='word_1_379' title='bbox 1089 4530 1331 4602; x_wconf 85' lang='lat' dir='ltr'><strong>epistul:e</strong></span> <span class='ocrx_word' id='word_1_380' title='bbox 1372 4528 1585 4585; x_wconf 82' lang='lat' dir='ltr'><strong>dicebat</strong></span> <span class='ocrx_word' id='word_1_381' title='bbox 1635 4544 1647 4579; x_wconf 92' lang='lat'><strong>:</strong></span> <span class='ocrx_word' id='word_1_382' title='bbox 1687 4524 1878 4579; x_wconf 81' lang='lat' dir='ltr'><strong>Omnia</strong></span> <span class='ocrx_word' id='word_1_383' title='bbox 1922 4534 2086 4579; x_wconf 73' lang='lat' dir='ltr'><strong>vestra</strong></span> 
     </span>
    </p>
   </div>
   <div class='ocr_carea' id='block_1_47' title="bbox 506 4616 2081 4692">
    <p class='ocr_par' dir='ltr' id='par_1_47' title="bbox 506 4616 2081 4692">
     <span class='ocr_line' id='line_1_47' title="bbox 506 4616 2081 4692; baseline -0.006 -9"><span class='ocrx_word' id='word_1_384' title='bbox 506 4640 644 4692; x_wconf 82' lang='lat' dir='ltr'><strong>sunt,</strong></span> <span class='ocrx_word' id='word_1_385' title='bbox 674 4642 761 4682; x_wconf 74' lang='lat' dir='ltr'><strong>ros</strong></span> <span class='ocrx_word' id='word_1_386' title='bbox 784 4637 953 4682; x_wconf 74' lang='lat' dir='ltr'><strong>autem</strong></span> <span class='ocrx_word' id='word_1_387' title='bbox 982 4624 1208 4690; x_wconf 83' lang='lat' dir='ltr'><strong>Christi,</strong></span> <span class='ocrx_word' id='word_1_388' title='bbox 1240 4622 1473 4677; x_wconf 75' lang='lat' dir='ltr'><strong>Christus</strong></span> <span class='ocrx_word' id='word_1_389' title='bbox 1494 4636 1610 4675; x_wconf 81' lang='lat' dir='ltr'><strong>vero</strong></span> <span class='ocrx_word' id='word_1_390' title='bbox 1642 4617 1737 4673; x_wconf 85' lang='lat' dir='ltr'><strong>Dei</strong></span> <span class='ocrx_word' id='word_1_391' title='bbox 1762 4620 1841 4689; x_wconf 83' lang='lat' dir='ltr'><strong>(l.</strong></span> <span class='ocrx_word' id='word_1_392' title='bbox 1872 4616 1991 4671; x_wconf 80' lang='lat' dir='ltr'><strong>Cor.</strong></span> <span class='ocrx_word' id='word_1_393' title='bbox 2025 4619 2081 4673; x_wconf 79' lang='grc'><strong>5.</strong></span> 
     </span>
    </p>
   </div>
   <div class='ocr_carea' id='block_1_48' title="bbox 505 4719 759 4789">
    <p class='ocr_par' dir='ltr' id='par_1_48' title="bbox 505 4719 759 4789">
     <span class='ocr_line' id='line_1_48' title="bbox 505 4719 759 4789; baseline -0.043 -8"><span class='ocrx_word' id='word_1_394' title='bbox 505 4722 596 4781; x_wconf 72' lang='lat'><strong>22.</strong></span> <span class='ocrx_word' id='word_1_395' title='bbox 624 4719 697 4774; x_wconf 78' lang='lat'><strong>9.5</strong></span> <span class='ocrx_word' id='word_1_396' title='bbox 720 4723 759 4789; x_wconf 82' lang='lat'><strong>).</strong></span> 
     </span>
    </p>
   </div>
   <div class='ocr_carea' id='block_1_49' title="bbox 582 4806 2092 4877">
    <p class='ocr_par' dir='ltr' id='par_1_49' title="bbox 582 4806 2092 4877">
     <span class='ocr_line' id='line_1_49' title="bbox 582 4806 2092 4877; baseline -0.004 -13"><span class='ocrx_word' id='word_1_397' title='bbox 582 4811 635 4865; x_wconf 83' lang='grc'><strong>5.</strong></span> <span class='ocrx_word' id='word_1_398' title='bbox 664 4808 805 4877; x_wconf 87' lang='lat' dir='ltr'><strong>Quid</strong></span> <span class='ocrx_word' id='word_1_399' title='bbox 845 4808 1016 4877; x_wconf 77' lang='lat' dir='ltr'><strong>ergo?</strong></span> <span class='ocrx_word' id='word_1_400' title='bbox 1043 4807 1359 4859; x_wconf 86' lang='lat' dir='ltr'><strong>similiterne</strong></span> <span class='ocrx_word' id='word_1_401' title='bbox 1399 4806 1577 4859; x_wconf 87' lang='lat' dir='ltr'><strong>omnia</strong></span> <span class='ocrx_word' id='word_1_402' title='bbox 1608 4814 1789 4858; x_wconf 91' lang='lat' dir='ltr'><strong>nostra</strong></span> <span class='ocrx_word' id='word_1_403' title='bbox 1820 4812 1963 4869; x_wconf 82' lang='lat' dir='ltr'><strong>sunt,</strong></span> <span class='ocrx_word' id='word_1_404' title='bbox 1994 4818 2092 4858; x_wconf 87' lang='lat' dir='ltr'><strong>nos</strong></span> 
     </span>
    </p>
   </div>
   <div class='ocr_carea' id='block_1_50' title="bbox 514 4895 2090 4965">
    <p class='ocr_par' dir='ltr' id='par_1_50' title="bbox 514 4895 2090 4965">
     <span class='ocr_line' id='line_1_50' title="bbox 514 4895 2090 4965; baseline -0.008 -5"><span class='ocrx_word' id='word_1_405' title='bbox 514 4904 709 4960; x_wconf 72' lang='lat' dir='ltr'><strong>Christi</strong></span> <span class='ocrx_word' id='word_1_406' title='bbox 737 4911 792 4958; x_wconf 86' lang='lat' dir='ltr'><strong>et</strong></span> <span class='ocrx_word' id='word_1_407' title='bbox 815 4899 1063 4955; x_wconf 88' lang='lat' dir='ltr'><strong>Christus</strong></span> <span class='ocrx_word' id='word_1_408' title='bbox 1095 4896 1185 4950; x_wconf 89' lang='lat' dir='ltr'><strong>Dei</strong></span> <span class='ocrx_word' id='word_1_409' title='bbox 1216 4896 1239 4947; x_wconf 89' lang='lat'><strong>?</strong></span> <span class='ocrx_word' id='word_1_410' title='bbox 1264 4895 1607 4965; x_wconf 86' lang='lat' dir='ltr'><strong>Nequaquam</strong></span> <span class='ocrx_word' id='word_1_411' title='bbox 1627 4896 1756 4958; x_wconf 87' lang='lat' dir='ltr'><strong>;-sed</strong></span> <span class='ocrx_word' id='word_1_412' title='bbox 1781 4896 1881 4949; x_wconf 90' lang='lat' dir='ltr'><strong>illis</strong></span> <span class='ocrx_word' id='word_1_413' title='bbox 1901 4897 2090 4962; x_wconf 87' lang='lat' dir='ltr'><strong>etiam,</strong></span> 
     </span>
    </p>
   </div>
   <div class='ocr_carea' id='block_1_51' title="bbox 513 4985 2096 5066">
    <p class='ocr_par' dir='ltr' id='par_1_51' title="bbox 513 4985 2096 5066">
     <span class='ocr_line' id='line_1_51' title="bbox 513 4985 2096 5066; baseline -0.007 -16"><span class='ocrx_word' id='word_1_414' title='bbox 513 5000 598 5066; x_wconf 90' lang='lat' dir='ltr'><strong>qui</strong></span> <span class='ocrx_word' id='word_1_415' title='bbox 630 4994 783 5050; x_wconf 85' lang='lat' dir='ltr'><strong>valde</strong></span> <span class='ocrx_word' id='word_1_416' title='bbox 805 4992 1123 5061; x_wconf 85' lang='lat' dir='ltr'><strong>insipientes</strong></span> <span class='ocrx_word' id='word_1_417' title='bbox 1142 4995 1285 5045; x_wconf 86' lang='lat' dir='ltr'><strong>sunt.</strong></span> <span class='ocrx_word' id='word_1_418' title='bbox 1316 4996 1438 5039; x_wconf 88' lang='lat' dir='ltr'><strong>uota</strong></span> <span class='ocrx_word' id='word_1_419' title='bbox 1460 4995 1542 5039; x_wconf 89' lang='lat' dir='ltr'><strong>est</strong></span> <span class='ocrx_word' id='word_1_420' title='bbox 1566 4985 1887 5049; x_wconf 70' lang='lat' dir='ltr'><strong>differentia,</strong></span> <span class='ocrx_word' id='word_1_421' title='bbox 1906 4987 2096 5040; x_wconf 87' lang='lat' dir='ltr'><strong>etiam-</strong></span> 
     </span>
    </p>
   </div>
   <div class='ocr_carea' id='block_1_52' title="bbox 513 5077 2093 5145">
    <p class='ocr_par' dir='ltr' id='par_1_52' title="bbox 513 5077 2093 5145">
     <span class='ocr_line' id='line_1_52' title="bbox 513 5077 2093 5145; baseline -0.011 -1"><span class='ocrx_word' id='word_1_422' title='bbox 594 5091 697 5143; x_wconf 88' lang='lat' dir='ltr'><strong>hoc</strong></span> <span class='ocrx_word' id='word_1_423' title='bbox 724 5087 927 5144; x_wconf 85' lang='lat' dir='ltr'><strong>dictum</strong></span> <span class='ocrx_word' id='word_1_424' title='bbox 958 5085 1027 5140; x_wconf 89' lang='lat' dir='ltr'><strong>de</strong></span> <span class='ocrx_word' id='word_1_425' title='bbox 1051 5082 1205 5137; x_wconf 88' lang='lat' dir='ltr'><strong>nobis</strong></span> <span class='ocrx_word' id='word_1_426' title='bbox 1226 5121 1241 5145; x_wconf 90' lang='lat'><strong>,</strong></span> <span class='ocrx_word' id='word_1_427' title='bbox 1270 5079 1340 5133; x_wconf 84' lang='lat' dir='ltr'><strong>de</strong></span> <span class='ocrx_word' id='word_1_428' title='bbox 1370 5078 1480 5132; x_wconf 89' lang='lat' dir='ltr'><strong>Deo</strong></span> <span class='ocrx_word' id='word_1_429' title='bbox 1506 5077 1648 5131; x_wconf 81' lang='lat' dir='ltr'><strong>etde</strong></span> <span class='ocrx_word' id='word_1_430' title='bbox 1672 5077 1888 5130; x_wconf 80' lang='lat' dir='ltr'><strong>Christo</strong></span> <span class='ocrx_word' id='word_1_431' title='bbox 1915 5077 2093 5144; x_wconf 78' lang='lat' dir='ltr'><strong>profe-</strong></span> 
     </span>
    </p>
   </div>
   <div class='ocr_carea' id='block_1_53' title="bbox 481 5170 2097 5253">
    <p class='ocr_par' dir='ltr' id='par_1_53' title="bbox 481 5170 2097 5253">
     <span class='ocr_line' id='line_1_53' title="bbox 481 5170 2097 5253; baseline -0.008 -15"><span class='ocrx_word' id='word_1_432' title='bbox 481 5248 485 5253; x_wconf 35' lang='grc'><strong>,</strong></span> <span class='ocrx_word' id='word_1_433' title='bbox 519 5196 685 5238; x_wconf 79' lang='lat' dir='ltr'><strong>ratur.</strong></span> <span class='ocrx_word' id='word_1_434' title='bbox 716 5182 784 5236; x_wconf 81' lang='lat' dir='ltr'><strong>Et</strong></span> <span class='ocrx_word' id='word_1_435' title='bbox 808 5182 934 5236; x_wconf 88' lang='lat' dir='ltr'><strong>alibi</strong></span> <span class='ocrx_word' id='word_1_436' title='bbox 948 5195 1081 5236; x_wconf 84' lang='lat' dir='ltr'><strong>cum</strong></span> <span class='ocrx_word' id='word_1_437' title='bbox 1117 5178 1287 5231; x_wconf 84' lang='lat' dir='ltr'><strong>virum</strong></span> <span class='ocrx_word' id='word_1_438' title='bbox 1318 5182 1478 5242; x_wconf 87' lang='lat' dir='ltr'><strong>caput</strong></span> <span class='ocrx_word' id='word_1_439' title='bbox 1504 5171 1747 5227; x_wconf 89' lang='lat' dir='ltr'><strong>mulieris</strong></span> <span class='ocrx_word' id='word_1_440' title='bbox 1776 5186 1896 5225; x_wconf 88' lang='lat' dir='ltr'><strong>esse</strong></span> <span class='ocrx_word' id='word_1_441' title='bbox 1928 5170 2097 5225; x_wconf 54' lang='lat' dir='ltr'><strong>dixis.</strong></span> 
     </span>
    </p>
   </div>
   <div class='ocr_carea' id='block_1_54' title="bbox 521 5263 2101 5343">
    <p class='ocr_par' dir='ltr' id='par_1_54' title="bbox 521 5263 2101 5343">
     <span class='ocr_line' id='line_1_54' title="bbox 521 5263 2101 5343; baseline -0.009 -10"><span class='ocrx_word' id='word_1_442' title='bbox 521 5286 626 5337; x_wconf 86' lang='lat' dir='ltr'><strong>set.</strong></span> <span class='ocrx_word' id='word_1_443' title='bbox 650 5274 923 5343; x_wconf 81' lang='lat' dir='ltr'><strong>subjunxit</strong></span> <span class='ocrx_word' id='word_1_444' title='bbox 955 5292 969 5326; x_wconf 90' lang='lat'><strong>:</strong></span> <span class='ocrx_word' id='word_1_445' title='bbox 1001 5274 1150 5328; x_wconf 89' lang='lat' dir='ltr'><strong>Sicut</strong></span> <span class='ocrx_word' id='word_1_446' title='bbox 1179 5270 1426 5325; x_wconf 88' lang='lat' dir='ltr'><strong>Christus</strong></span> <span class='ocrx_word' id='word_1_447' title='bbox 1450 5277 1531 5321; x_wconf 90' lang='lat' dir='ltr'><strong>est</strong></span> <span class='ocrx_word' id='word_1_448' title='bbox 1575 5272 1738 5334; x_wconf 81' lang='lat' dir='ltr'><strong>caput</strong></span> <span class='ocrx_word' id='word_1_449' title='bbox 1764 5273 1819 5318; x_wconf 91' lang='lat' dir='ltr'><strong>et</strong></span> <span class='ocrx_word' id='word_1_450' title='bbox 1855 5263 2101 5319; x_wconf 80' lang='lat' dir='ltr'><strong>Salvator</strong></span> 
     </span>
    </p>
   </div>
   <div class='ocr_carea' id='block_1_55' title="bbox 521 5354 2102 5427">
    <p class='ocr_par' dir='ltr' id='par_1_55' title="bbox 521 5354 2102 5427">
     <span class='ocr_line' id='line_1_55' title="bbox 521 5354 2102 5427; baseline -0.012 -3"><span class='ocrx_word' id='word_1_451' title='bbox 521 5367 773 5424; x_wconf 73' lang='lat' dir='ltr'><strong>Ecclesia:</strong></span> <span class='ocrx_word' id='word_1_452' title='bbox 814 5374 869 5419; x_wconf 88' lang='lat' dir='ltr'><strong>et</strong></span> <span class='ocrx_word' id='word_1_453' title='bbox 906 5363 1174 5427; x_wconf 87' lang='lat' dir='ltr'><strong>defensor,</strong></span> <span class='ocrx_word' id='word_1_454' title='bbox 1230 5365 1305 5414; x_wconf 71' lang='lat' dir='ltr'><strong>Sltt</strong></span> <span class='ocrx_word' id='word_1_455' title='bbox 1344 5369 1399 5414; x_wconf 92' lang='lat' dir='ltr'><strong>et</strong></span> <span class='ocrx_word' id='word_1_456' title='bbox 1432 5359 1513 5411; x_wconf 79' lang='lat' dir='ltr'><strong>vir</strong></span> <span class='ocrx_word' id='word_1_457' title='bbox 1555 5355 1718 5411; x_wconf 86' lang='lat' dir='ltr'><strong>debet</strong></span> <span class='ocrx_word' id='word_1_458' title='bbox 1769 5354 1949 5409; x_wconf 83' lang='lat' dir='ltr'><strong>uxoris</strong></span> <span class='ocrx_word' id='word_1_459' title='bbox 1992 5367 2102 5407; x_wconf 67' lang='lat' dir='ltr'><strong>sum</strong></span> 
     </span>
    </p>
   </div>
   <div class='ocr_carea' id='block_1_56' title="bbox 521 5446 2101 5530">
    <p class='ocr_par' dir='ltr' id='par_1_56' title="bbox 521 5446 2101 5530">
     <span class='ocr_line' id='line_1_56' title="bbox 521 5446 2101 5530; baseline -0.012 -14"><span class='ocrx_word' id='word_1_460' title='bbox 521 5480 640 5516; x_wconf 72' lang='lat' dir='ltr'><strong>esse</strong></span> <span class='ocrx_word' id='word_1_461' title='bbox 683 5458 899 5530; x_wconf 76' lang='lat' dir='ltr'><strong>(Ephes.</strong></span> <span class='ocrx_word' id='word_1_462' title='bbox 927 5457 962 5510; x_wconf 81' lang='grc'><strong>5</strong></span> <span class='ocrx_word' id='word_1_463' title='bbox 1011 5456 1100 5511; x_wconf 72' lang='lat'><strong>9.5.</strong></span> <span class='ocrx_word' id='word_1_464' title='bbox 1132 5456 1261 5526; x_wconf 70' lang='lat' dir='ltr'><strong>2i).</strong></span> <span class='ocrx_word' id='word_1_465' title='bbox 1296 5452 1554 5509; x_wconf 86' lang='lat' dir='ltr'><strong>Similiter</strong></span> <span class='ocrx_word' id='word_1_466' title='bbox 1586 5449 1748 5519; x_wconf 83' lang='lat' dir='ltr'><strong>igitur</strong></span> <span class='ocrx_word' id='word_1_467' title='bbox 1776 5446 2101 5515; x_wconf 87' lang='lat' dir='ltr'><strong>accipiemus</strong></span> 
     </span>
    </p>
   </div>
   <div class='ocr_carea' id='block_1_57' title="bbox 513 5537 2093 5616">
    <p class='ocr_par' dir='ltr' id='par_1_57' title="bbox 513 5537 2093 5616">
     <span class='ocr_line' id='line_1_57' title="bbox 513 5537 2093 5616; baseline -0.013 -5"><span class='ocrx_word' id='word_1_468' title='bbox 513 5559 726 5611; x_wconf 80' lang='lat' dir='ltr'><strong>dictum</strong></span> <span class='ocrx_word' id='word_1_469' title='bbox 753 5550 930 5608; x_wconf 84' lang='lat' dir='ltr'><strong>ethoc</strong></span> <span class='ocrx_word' id='word_1_470' title='bbox 953 5556 1008 5603; x_wconf 89' lang='lat' dir='ltr'><strong>et</strong></span> <span class='ocrx_word' id='word_1_471' title='bbox 1028 5548 1204 5605; x_wconf 85' lang='lat' dir='ltr'><strong>oiunia</strong></span> <span class='ocrx_word' id='word_1_472' title='bbox 1231 5564 1350 5616; x_wconf 68' lang='lat' dir='ltr'><strong>qua:</strong></span> <span class='ocrx_word' id='word_1_473' title='bbox 1382 5554 1501 5615; x_wconf 62' lang='lat' dir='ltr'><strong>post</strong></span> <span class='ocrx_word' id='word_1_474' title='bbox 1528 5543 1727 5611; x_wconf 87' lang='lat' dir='ltr'><strong>scripta</strong></span> <span class='ocrx_word' id='word_1_475' title='bbox 1754 5550 1883 5593; x_wconf 83' lang='lat' dir='ltr'><strong>sunt</strong></span> <span class='ocrx_word' id='word_1_476' title='bbox 1912 5537 2093 5607; x_wconf 86' lang='lat' dir='ltr'><strong>Ephe-</strong></span> 
     </span>
    </p>
   </div>
   <div class='ocr_carea' id='block_1_58' title="bbox 525 5631 2104 5709">
    <p class='ocr_par' dir='ltr' id='par_1_58' title="bbox 525 5631 2104 5709">
     <span class='ocr_line' id='line_1_58' title="bbox 525 5631 2104 5709; baseline -0.011 -9"><span class='ocrx_word' id='word_1_477' title='bbox 525 5649 618 5701; x_wconf 80' lang='lat' dir='ltr'><strong>siis</strong></span> <span class='ocrx_word' id='word_1_478' title='bbox 664 5646 732 5701; x_wconf 87' lang='lat' dir='ltr'><strong>de</strong></span> <span class='ocrx_word' id='word_1_479' title='bbox 775 5644 878 5700; x_wconf 88' lang='lat' dir='ltr'><strong>hoc</strong></span> <span class='ocrx_word' id='word_1_480' title='bbox 920 5640 1277 5709; x_wconf 77' lang='lat' dir='ltr'><strong>argumento?</strong></span> <span class='ocrx_word' id='word_1_481' title='bbox 1320 5640 1472 5694; x_wconf 83' lang='lat' dir='ltr'><strong>Absit</strong></span> <span class='ocrx_word' id='word_1_482' title='bbox 1522 5656 1535 5692; x_wconf 90' lang='lat'><strong>:</strong></span> <span class='ocrx_word' id='word_1_483' title='bbox 1582 5649 1757 5705; x_wconf 85' lang='lat' dir='ltr'><strong>neque</strong></span> <span class='ocrx_word' id='word_1_484' title='bbox 1801 5632 1942 5686; x_wconf 91' lang='lat' dir='ltr'><strong>enim</strong></span> <span class='ocrx_word' id='word_1_485' title='bbox 1991 5631 2104 5684; x_wconf 82' lang='lat' dir='ltr'><strong>fieri</strong></span> 
     </span>
    </p>
   </div>
   <div class='ocr_carea' id='block_1_59' title="bbox 526 5720 2106 5805">
    <p class='ocr_par' dir='ltr' id='par_1_59' title="bbox 526 5720 2106 5805">
     <span class='ocr_line' id='line_1_59' title="bbox 526 5720 2106 5805; baseline -0.011 -14"><span class='ocrx_word' id='word_1_486' title='bbox 526 5746 719 5805; x_wconf 82' lang='lat' dir='ltr'><strong>potest.</strong></span> <span class='ocrx_word' id='word_1_487' title='bbox 745 5736 876 5792; x_wconf 84' lang='lat' dir='ltr'><strong>Nam</strong></span> <span class='ocrx_word' id='word_1_488' title='bbox 898 5731 1085 5788; x_wconf 86' lang='lat' dir='ltr'><strong>eadem</strong></span> <span class='ocrx_word' id='word_1_489' title='bbox 1108 5729 1318 5800; x_wconf 82' lang='lat' dir='ltr'><strong>quidem</strong></span> <span class='ocrx_word' id='word_1_490' title='bbox 1342 5731 1501 5783; x_wconf 90' lang='lat' dir='ltr'><strong>verba</strong></span> <span class='ocrx_word' id='word_1_491' title='bbox 1525 5726 1867 5797; x_wconf 84' lang='lat' dir='ltr'><strong>proferuntur</strong></span> <span class='ocrx_word' id='word_1_492' title='bbox 1898 5720 1966 5777; x_wconf 90' lang='lat' dir='ltr'><strong>de</strong></span> <span class='ocrx_word' id='word_1_493' title='bbox 1997 5721 2106 5774; x_wconf 86' lang='lat' dir='ltr'><strong>Deo</strong></span> 
     </span>
    </p>
   </div>
   <div class='ocr_carea' id='block_1_60' title="bbox 528 5814 2105 5890">
    <p class='ocr_par' dir='ltr' id='par_1_60' title="bbox 528 5814 2105 5890">
     <span class='ocr_line' id='line_1_60' title="bbox 528 5814 2105 5890; baseline -0.011 -7"><span class='ocrx_word' id='word_1_494' title='bbox 528 5830 677 5883; x_wconf 79' lang='lat' dir='ltr'><strong>etde</strong></span> <span class='ocrx_word' id='word_1_495' title='bbox 705 5826 1008 5884; x_wconf 70' lang='lat' dir='ltr'><strong>boniinibus</strong></span> <span class='ocrx_word' id='word_1_496' title='bbox 1037 5840 1050 5890; x_wconf 92' lang='lat'><strong>;</strong></span> <span class='ocrx_word' id='word_1_497' title='bbox 1084 5822 1176 5880; x_wconf 80' lang='lat' dir='ltr'><strong>sed</strong></span> <span class='ocrx_word' id='word_1_498' title='bbox 1208 5821 1313 5877; x_wconf 89' lang='lat' dir='ltr'><strong>alio</strong></span> <span class='ocrx_word' id='word_1_499' title='bbox 1344 5820 1502 5875; x_wconf 86' lang='lat' dir='ltr'><strong>modo</strong></span> <span class='ocrx_word' id='word_1_500' title='bbox 1526 5820 1633 5887; x_wconf 84' lang='lat' dir='ltr'><strong>illa,</strong></span> <span class='ocrx_word' id='word_1_501' title='bbox 1666 5818 1772 5873; x_wconf 86' lang='lat' dir='ltr'><strong>alio</strong></span> <span class='ocrx_word' id='word_1_502' title='bbox 1795 5818 1919 5875; x_wconf 60' lang='lat' dir='ltr'><strong>haec</strong></span> <span class='ocrx_word' id='word_1_503' title='bbox 1949 5814 2105 5868; x_wconf 84' lang='lat' dir='ltr'><strong>intel-</strong></span> 
     </span>
    </p>
   </div>
   <div class='ocr_carea' id='block_1_61' title="bbox 1160 347 2973 425">
    <p class='ocr_par' dir='ltr' id='par_1_61' title="bbox 1160 347 2973 425">
     <span class='ocr_line' id='line_1_61' title="bbox 1160 347 2973 425; baseline -0.012 0"><span class='ocrx_word' id='word_1_504' title='bbox 1160 371 1215 425; x_wconf 85' lang='lat' dir='ltr'><strong>S.</strong></span> <span class='ocrx_word' id='word_1_505' title='bbox 1258 362 1535 423; x_wconf 74' lang='lat' dir='ltr'><strong>JOANNIS</strong></span> <span class='ocrx_word' id='word_1_506' title='bbox 1568 348 2043 415; x_wconf 73' lang='lat' dir='ltr'><strong>CIIRYSOSTOMI</strong></span> <span class='ocrx_word' id='word_1_507' title='bbox 2084 347 2400 404; x_wconf 79' lang='lat' dir='ltr'><strong>ARCIIIEP.</strong></span> <span class='ocrx_word' id='word_1_508' title='bbox 2440 347 2973 406; x_wconf 79' lang='lat' dir='ltr'><strong>CONSTAN&#39;I&#39;INOP.</strong></span> 
     </span>
    </p>
   </div>
   <div class='ocr_carea' id='block_1_62' title="bbox 3616 349 3722 402">
    <p class='ocr_par' dir='ltr' id='par_1_62' title="bbox 3616 349 3722 402">
     <span class='ocr_line' id='line_1_62' title="bbox 3616 349 3722 402; baseline -0.019 0"><span class='ocrx_word' id='word_1_509' title='bbox 3616 349 3722 402; x_wconf 70' lang='grc' dir='ltr'><strong>21ιῖ</strong></span> 
     </span>
    </p>
   </div>
   <div class='ocr_carea' id='block_1_63' title="bbox 2153 468 3731 545">
    <p class='ocr_par' dir='ltr' id='par_1_63' title="bbox 2153 468 3731 545">
     <span class='ocr_line' id='line_1_63' title="bbox 2153 468 3731 545; baseline 0.007 -29"><span class='ocrx_word' id='word_1_510' title='bbox 2153 468 2362 532; x_wconf 66' lang='lat' dir='ltr'><strong>lugenda</strong></span> <span class='ocrx_word' id='word_1_511' title='bbox 2388 474 2547 529; x_wconf 83' lang='lat' dir='ltr'><strong>sunt;</strong></span> <span class='ocrx_word' id='word_1_512' title='bbox 2576 482 2676 522; x_wconf 88' lang='lat' dir='ltr'><strong>nec</strong></span> <span class='ocrx_word' id='word_1_513' title='bbox 2702 476 2877 522; x_wconf 88' lang='lat' dir='ltr'><strong>tamen</strong></span> <span class='ocrx_word' id='word_1_514' title='bbox 2900 482 3088 524; x_wconf 86' lang='lat' dir='ltr'><strong>rursus</strong></span> <span class='ocrx_word' id='word_1_515' title='bbox 3112 472 3290 524; x_wconf 86' lang='lat' dir='ltr'><strong>omnia</strong></span> <span class='ocrx_word' id='word_1_516' title='bbox 3316 469 3532 527; x_wconf 85' lang='lat' dir='ltr'><strong>diverse</strong></span> <span class='ocrx_word' id='word_1_517' title='bbox 3565 490 3585 545; x_wconf 69' lang='grc' dir='ltr'><strong>ί</strong></span> <span class='ocrx_word' id='word_1_518' title='bbox 3610 489 3731 527; x_wconf 89' lang='lat' dir='ltr'><strong>nam</strong></span> 
     </span>
    </p>
   </div>
   <div class='ocr_carea' id='block_1_64' title="bbox 2147 557 3730 629">
    <p class='ocr_par' dir='ltr' id='par_1_64' title="bbox 2147 557 3730 629">
     <span class='ocr_line' id='line_1_64' title="bbox 2147 557 3730 629; baseline 0.008 -23"><span class='ocrx_word' id='word_1_519' title='bbox 2147 568 2335 607; x_wconf 87' lang='lat' dir='ltr'><strong>rursus</strong></span> <span class='ocrx_word' id='word_1_520' title='bbox 2363 563 2565 611; x_wconf 87' lang='lat' dir='ltr'><strong>temere</strong></span> <span class='ocrx_word' id='word_1_521' title='bbox 2594 566 2648 611; x_wconf 89' lang='lat' dir='ltr'><strong>et</strong></span> <span class='ocrx_word' id='word_1_522' title='bbox 2677 557 2869 613; x_wconf 79' lang='lat' dir='ltr'><strong>frustm</strong></span> <span class='ocrx_word' id='word_1_523' title='bbox 2904 568 3124 629; x_wconf 83' lang='lat' dir='ltr'><strong>accepta</strong></span> <span class='ocrx_word' id='word_1_524' title='bbox 3151 562 3499 628; x_wconf 83' lang='lat' dir='ltr'><strong>videbuntur,</strong></span> <span class='ocrx_word' id='word_1_525' title='bbox 3523 564 3568 619; x_wconf 78' lang='lat' dir='ltr'><strong>sl</strong></span> <span class='ocrx_word' id='word_1_526' title='bbox 3598 563 3730 619; x_wconf 84' lang='lat' dir='ltr'><strong>nihil</strong></span> 
     </span>
    </p>
   </div>
   <div class='ocr_carea' id='block_1_65' title="bbox 2149 642 3730 710">
    <p class='ocr_par' dir='ltr' id='par_1_65' title="bbox 2149 642 3730 710">
     <span class='ocr_line' id='line_1_65' title="bbox 2149 642 3730 710; baseline 0.008 -13"><span class='ocrx_word' id='word_1_527' title='bbox 2149 660 2246 697; x_wconf 90' lang='lat' dir='ltr'><strong>nos</strong></span> <span class='ocrx_word' id='word_1_528' title='bbox 2277 642 2482 701; x_wconf 85' lang='lat' dir='ltr'><strong>fructus</strong></span> <span class='ocrx_word' id='word_1_529' title='bbox 2509 642 2706 703; x_wconf 84' lang='lat' dir='ltr'><strong>abillis</strong></span> <span class='ocrx_word' id='word_1_530' title='bbox 2729 651 3029 705; x_wconf 89' lang='lat' dir='ltr'><strong>tulerimus.</strong></span> <span class='ocrx_word' id='word_1_531' title='bbox 3062 653 3213 706; x_wconf 85' lang='lat' dir='ltr'><strong>Sicut</strong></span> <span class='ocrx_word' id='word_1_532' title='bbox 3240 655 3382 707; x_wconf 91' lang='lat' dir='ltr'><strong>enim</strong></span> <span class='ocrx_word' id='word_1_533' title='bbox 3415 672 3521 708; x_wconf 89' lang='lat' dir='ltr'><strong>non</strong></span> <span class='ocrx_word' id='word_1_534' title='bbox 3551 657 3730 710; x_wconf 84' lang='lat' dir='ltr'><strong>omnia</strong></span> 
     </span>
    </p>
   </div>
   <div class='ocr_carea' id='block_1_66' title="bbox 2148 738 3731 816">
    <p class='ocr_par' dir='ltr' id='par_1_66' title="bbox 2148 738 3731 816">
     <span class='ocr_line' id='line_1_66' title="bbox 2148 738 3731 816; baseline 0.009 -26"><span class='ocrx_word' id='word_1_535' title='bbox 2148 738 2394 793; x_wconf 86' lang='lat' dir='ltr'><strong>similiter</strong></span> <span class='ocrx_word' id='word_1_536' title='bbox 2432 750 2558 794; x_wconf 90' lang='lat' dir='ltr'><strong>suut</strong></span> <span class='ocrx_word' id='word_1_537' title='bbox 2586 742 2895 816; x_wconf 83' lang='lat' dir='ltr'><strong>accipienda</strong></span> <span class='ocrx_word' id='word_1_538' title='bbox 2922 786 2936 807; x_wconf 88' lang='lat'><strong>,</strong></span> <span class='ocrx_word' id='word_1_539' title='bbox 2964 745 3043 799; x_wconf 86' lang='lat' dir='ltr'><strong>sic</strong></span> <span class='ocrx_word' id='word_1_540' title='bbox 3072 760 3174 799; x_wconf 88' lang='lat' dir='ltr'><strong>nec</strong></span> <span class='ocrx_word' id='word_1_541' title='bbox 3197 747 3375 803; x_wconf 84' lang='lat' dir='ltr'><strong>omnia</strong></span> <span class='ocrx_word' id='word_1_542' title='bbox 3405 756 3609 804; x_wconf 85' lang='lat' dir='ltr'><strong>temere</strong></span> <span class='ocrx_word' id='word_1_543' title='bbox 3645 765 3731 804; x_wconf 89' lang='lat' dir='ltr'><strong>re-</strong></span> 
     </span>
    </p>
   </div>
   <div class='ocr_carea' id='block_1_67' title="bbox 2145 830 3731 906">
    <p class='ocr_par' dir='ltr' id='par_1_67' title="bbox 2145 830 3731 906">
     <span class='ocr_line' id='line_1_67' title="bbox 2145 830 3731 906; baseline 0.006 -23"><span class='ocrx_word' id='word_1_544' title='bbox 2145 830 2399 900; x_wconf 90' lang='lat' dir='ltr'><strong>jicienda.</strong></span> <span class='ocrx_word' id='word_1_545' title='bbox 2456 832 2524 888; x_wconf 88' lang='lat' dir='ltr'><strong>Ut</strong></span> <span class='ocrx_word' id='word_1_546' title='bbox 2568 845 2748 887; x_wconf 89' lang='lat' dir='ltr'><strong>autem</strong></span> <span class='ocrx_word' id='word_1_547' title='bbox 2804 836 2855 890; x_wconf 93' lang='lat' dir='ltr'><strong>id</strong></span> <span class='ocrx_word' id='word_1_548' title='bbox 2906 836 3050 906; x_wconf 92' lang='lat' dir='ltr'><strong>quod</strong></span> <span class='ocrx_word' id='word_1_549' title='bbox 3100 836 3224 891; x_wconf 88' lang='lat' dir='ltr'><strong>dico</strong></span> <span class='ocrx_word' id='word_1_550' title='bbox 3274 839 3470 894; x_wconf 89' lang='lat' dir='ltr'><strong>clarius</strong></span> <span class='ocrx_word' id='word_1_551' title='bbox 3518 840 3731 905; x_wconf 81' lang='lat' dir='ltr'><strong>evadat,</strong></span> 
     </span>
    </p>
   </div>
   <div class='ocr_carea' id='block_1_68' title="bbox 2149 926 3737 1005">
    <p class='ocr_par' dir='ltr' id='par_1_68' title="bbox 2149 926 3737 1005">
     <span class='ocr_line' id='line_1_68' title="bbox 2149 926 3737 1005; baseline 0.006 -28"><span class='ocrx_word' id='word_1_552' title='bbox 2149 926 2399 995; x_wconf 80' lang='lat' dir='ltr'><strong>exemplo</strong></span> <span class='ocrx_word' id='word_1_553' title='bbox 2444 927 2493 979; x_wconf 91' lang='lat' dir='ltr'><strong>id</strong></span> <span class='ocrx_word' id='word_1_554' title='bbox 2536 927 2711 997; x_wconf 88' lang='lat' dir='ltr'><strong>palam</strong></span> <span class='ocrx_word' id='word_1_555' title='bbox 2744 928 2922 983; x_wconf 89' lang='lat' dir='ltr'><strong>facere</strong></span> <span class='ocrx_word' id='word_1_556' title='bbox 2961 930 3219 984; x_wconf 86' lang='lat' dir='ltr'><strong>conabor.</strong></span> <span class='ocrx_word' id='word_1_557' title='bbox 3252 931 3436 987; x_wconf 90' lang='lat' dir='ltr'><strong>Dictus</strong></span> <span class='ocrx_word' id='word_1_558' title='bbox 3470 944 3553 989; x_wconf 86' lang='lat' dir='ltr'><strong>est</strong></span> <span class='ocrx_word' id='word_1_559' title='bbox 3575 944 3737 1005; x_wconf 80' lang='lat' dir='ltr'><strong>caput</strong></span> 
     </span>
    </p>
   </div>
   <div class='ocr_carea' id='block_1_69' title="bbox 2123 1017 3737 1096">
    <p class='ocr_par' dir='ltr' id='par_1_69' title="bbox 2123 1017 3737 1096">
     <span class='ocr_line' id='line_1_69' title="bbox 2123 1017 3737 1096; baseline 0.009 -28"><span class='ocrx_word' id='word_1_560' title='bbox 2123 1017 2408 1088; x_wconf 34' lang='lat' dir='ltr'><strong>.Eeclesize</strong></span> <span class='ocrx_word' id='word_1_561' title='bbox 2438 1019 2685 1075; x_wconf 84' lang='lat' dir='ltr'><strong>Christus</strong></span> <span class='ocrx_word' id='word_1_562' title='bbox 2710 1040 2722 1073; x_wconf 89' lang='lat'><strong>:</strong></span> <span class='ocrx_word' id='word_1_563' title='bbox 2753 1024 2796 1075; x_wconf 88' lang='lat' dir='ltr'><strong>si</strong></span> <span class='ocrx_word' id='word_1_564' title='bbox 2829 1023 2960 1077; x_wconf 89' lang='lat' dir='ltr'><strong>nihil</strong></span> <span class='ocrx_word' id='word_1_565' title='bbox 3008 1024 3297 1079; x_wconf 86' lang='lat' dir='ltr'><strong>humanum</strong></span> <span class='ocrx_word' id='word_1_566' title='bbox 3326 1040 3609 1096; x_wconf 87' lang='lat' dir='ltr'><strong>accepero,</strong></span> <span class='ocrx_word' id='word_1_567' title='bbox 3637 1043 3737 1083; x_wconf 90' lang='lat' dir='ltr'><strong>cur</strong></span> 
     </span>
    </p>
   </div>
   <div class='ocr_carea' id='block_1_70' title="bbox 2154 1108 3735 1175">
    <p class='ocr_par' dir='ltr' id='par_1_70' title="bbox 2154 1108 3735 1175">
     <span class='ocr_line' id='line_1_70' title="bbox 2154 1108 3735 1175; baseline 0.008 -14"><span class='ocrx_word' id='word_1_568' title='bbox 2154 1108 2256 1163; x_wconf 90' lang='lat' dir='ltr'><strong>hoc</strong></span> <span class='ocrx_word' id='word_1_569' title='bbox 2288 1111 2417 1164; x_wconf 90' lang='lat' dir='ltr'><strong>mihi</strong></span> <span class='ocrx_word' id='word_1_570' title='bbox 2442 1111 2642 1165; x_wconf 90' lang='lat' dir='ltr'><strong>dictum</strong></span> <span class='ocrx_word' id='word_1_571' title='bbox 2671 1115 2795 1168; x_wconf 83' lang='lat' dir='ltr'><strong>est?</strong></span> <span class='ocrx_word' id='word_1_572' title='bbox 2826 1114 3031 1169; x_wconf 90' lang='lat' dir='ltr'><strong>Rursus</strong></span> <span class='ocrx_word' id='word_1_573' title='bbox 3050 1117 3096 1169; x_wconf 89' lang='lat' dir='ltr'><strong>si</strong></span> <span class='ocrx_word' id='word_1_574' title='bbox 3116 1119 3295 1170; x_wconf 87' lang='lat' dir='ltr'><strong>omnia</strong></span> <span class='ocrx_word' id='word_1_575' title='bbox 3319 1117 3548 1172; x_wconf 89' lang='lat' dir='ltr'><strong>humana</strong></span> <span class='ocrx_word' id='word_1_576' title='bbox 3574 1134 3735 1175; x_wconf 87' lang='lat' dir='ltr'><strong>acce-</strong></span> 
     </span>
    </p>
   </div>
   <div class='ocr_carea' id='block_1_71' title="bbox 2155 1203 3739 1274">
    <p class='ocr_par' dir='ltr' id='par_1_71' title="bbox 2155 1203 3739 1274">
     <span class='ocr_line' id='line_1_71' title="bbox 2155 1203 3739 1274; baseline 0.008 -21"><span class='ocrx_word' id='word_1_577' title='bbox 2155 1216 2305 1270; x_wconf 89' lang='lat' dir='ltr'><strong>pero,</strong></span> <span class='ocrx_word' id='word_1_578' title='bbox 2338 1203 2501 1257; x_wconf 90' lang='lat' dir='ltr'><strong>multa</strong></span> <span class='ocrx_word' id='word_1_579' title='bbox 2534 1215 2895 1274; x_wconf 90' lang='lat' dir='ltr'><strong>consequetur</strong></span> <span class='ocrx_word' id='word_1_580' title='bbox 2918 1207 3221 1261; x_wconf 89' lang='lat' dir='ltr'><strong>absurditas</strong></span> <span class='ocrx_word' id='word_1_581' title='bbox 3252 1227 3265 1262; x_wconf 89' lang='lat'>:</span> <span class='ocrx_word' id='word_1_582' title='bbox 3291 1224 3413 1263; x_wconf 87' lang='lat' dir='ltr'><strong>nam</strong></span> <span class='ocrx_word' id='word_1_583' title='bbox 3445 1210 3632 1264; x_wconf 90' lang='lat' dir='ltr'><strong>iisdem</strong></span> <span class='ocrx_word' id='word_1_584' title='bbox 3653 1222 3739 1266; x_wconf 81' lang='lat' dir='ltr'><strong>est</strong></span> 
     </span>
    </p>
   </div>
   <div class='ocr_carea' id='block_1_72' title="bbox 2154 1294 3737 1373">
    <p class='ocr_par' dir='ltr' id='par_1_72' title="bbox 2154 1294 3737 1373">
     <span class='ocr_line' id='line_1_72' title="bbox 2154 1294 3737 1373; baseline 0.008 -27"><span class='ocrx_word' id='word_1_585' title='bbox 2154 1294 2497 1361; x_wconf 88' lang='lat' dir='ltr'><strong>passionibus</strong></span> <span class='ocrx_word' id='word_1_586' title='bbox 2522 1297 2814 1353; x_wconf 80' lang='lat' dir='ltr'><strong>obnoxium</strong></span> <span class='ocrx_word' id='word_1_587' title='bbox 2841 1309 3020 1368; x_wconf 90' lang='lat' dir='ltr'><strong>caput,</strong></span> <span class='ocrx_word' id='word_1_588' title='bbox 3048 1302 3241 1371; x_wconf 91' lang='lat' dir='ltr'><strong>quibus</strong></span> <span class='ocrx_word' id='word_1_589' title='bbox 3270 1317 3486 1373; x_wconf 86' lang='lat' dir='ltr'><strong>corpus,</strong></span> <span class='ocrx_word' id='word_1_590' title='bbox 3520 1302 3737 1358; x_wconf 88' lang='lat' dir='ltr'><strong>iisdem-</strong></span> 
     </span>
    </p>
   </div>
   <div class='ocr_carea' id='block_1_73' title="bbox 2156 1387 3737 1464">
    <p class='ocr_par' dir='ltr' id='par_1_73' title="bbox 2156 1387 3737 1464">
     <span class='ocr_line' id='line_1_73' title="bbox 2156 1387 3737 1464; baseline 0.008 -27"><span class='ocrx_word' id='word_1_591' title='bbox 2156 1400 2262 1456; x_wconf 91' lang='lat' dir='ltr'><strong>que</strong></span> <span class='ocrx_word' id='word_1_592' title='bbox 2290 1387 2394 1441; x_wconf 90' lang='lat' dir='ltr'><strong>erit</strong></span> <span class='ocrx_word' id='word_1_593' title='bbox 2421 1388 2731 1443; x_wconf 82' lang='lat' dir='ltr'><strong>obnoxium.</strong></span> <span class='ocrx_word' id='word_1_594' title='bbox 2760 1390 2895 1456; x_wconf 89' lang='lat' dir='ltr'><strong>Quid</strong></span> <span class='ocrx_word' id='word_1_595' title='bbox 2916 1406 3049 1461; x_wconf 61' lang='lat' dir='ltr'><strong>ergo</strong></span> <span class='ocrx_word' id='word_1_596' title='bbox 3075 1393 3507 1462; x_wconf 86' lang='lat' dir='ltr'><strong>relinquendum.</strong></span> <span class='ocrx_word' id='word_1_597' title='bbox 3536 1394 3737 1464; x_wconf 88' lang='lat' dir='ltr'><strong>etquid</strong></span> 
     </span>
    </p>
   </div>
   <div class='ocr_carea' id='block_1_74' title="bbox 2157 1477 3737 1555">
    <p class='ocr_par' dir='ltr' id='par_1_74' title="bbox 2157 1477 3737 1555">
     <span class='ocr_line' id='line_1_74' title="bbox 2157 1477 3737 1555; baseline 0.006 -24"><span class='ocrx_word' id='word_1_598' title='bbox 2157 1477 2562 1548; x_wconf 79' lang='lat' dir='ltr'><strong>accipiendum?</strong></span> <span class='ocrx_word' id='word_1_599' title='bbox 2586 1480 2954 1551; x_wconf 81' lang='lat' dir='ltr'><strong>Relinquenda</strong></span> <span class='ocrx_word' id='word_1_600' title='bbox 2976 1484 3189 1553; x_wconf 82' lang='lat' dir='ltr'><strong>quidem</strong></span> <span class='ocrx_word' id='word_1_601' title='bbox 3218 1494 3344 1539; x_wconf 90' lang='lat' dir='ltr'><strong>sunt</strong></span> <span class='ocrx_word' id='word_1_602' title='bbox 3363 1501 3425 1539; x_wconf 82' lang='lat' dir='ltr'><strong>ea</strong></span> <span class='ocrx_word' id='word_1_603' title='bbox 3456 1501 3577 1555; x_wconf 81' lang='lat' dir='ltr'><strong>qua:</strong></span> <span class='ocrx_word' id='word_1_604' title='bbox 3603 1485 3737 1547; x_wconf 79' lang='lat' dir='ltr'><strong>dixi.</strong></span> 
     </span>
    </p>
   </div>
   <div class='ocr_carea' id='block_1_75' title="bbox 2156 1570 3742 1644">
    <p class='ocr_par' dir='ltr' id='par_1_75' title="bbox 2156 1570 3742 1644">
     <span class='ocr_line' id='line_1_75' title="bbox 2156 1570 3742 1644; baseline 0.005 -22"><span class='ocrx_word' id='word_1_605' title='bbox 2156 1570 2468 1640; x_wconf 89' lang='lat' dir='ltr'><strong>accipienda</strong></span> <span class='ocrx_word' id='word_1_606' title='bbox 2499 1581 2679 1628; x_wconf 90' lang='lat' dir='ltr'><strong>autem</strong></span> <span class='ocrx_word' id='word_1_607' title='bbox 2714 1585 2800 1629; x_wconf 90' lang='lat' dir='ltr'><strong>est</strong></span> <span class='ocrx_word' id='word_1_608' title='bbox 2832 1574 3068 1643; x_wconf 87' lang='lat' dir='ltr'><strong>perfecta</strong></span> <span class='ocrx_word' id='word_1_609' title='bbox 3116 1577 3243 1629; x_wconf 88' lang='lat' dir='ltr'><strong>unio</strong></span> <span class='ocrx_word' id='word_1_610' title='bbox 3272 1586 3325 1630; x_wconf 91' lang='lat' dir='ltr'><strong>et</strong></span> <span class='ocrx_word' id='word_1_611' title='bbox 3347 1592 3508 1630; x_wconf 78' lang='lat' dir='ltr'><strong>causa</strong></span> <span class='ocrx_word' id='word_1_612' title='bbox 3538 1586 3594 1631; x_wconf 92' lang='lat' dir='ltr'><strong>et</strong></span> <span class='ocrx_word' id='word_1_613' title='bbox 3634 1577 3742 1644; x_wconf 84' lang='lat' dir='ltr'><strong>pri-</strong></span> 
     </span>
    </p>
   </div>
   <div class='ocr_carea' id='block_1_76' title="bbox 2158 1664 3736 1737">
    <p class='ocr_par' dir='ltr' id='par_1_76' title="bbox 2158 1664 3736 1737">
     <span class='ocr_line' id='line_1_76' title="bbox 2158 1664 3736 1737; baseline 0.003 -21"><span class='ocrx_word' id='word_1_614' title='bbox 2158 1678 2305 1717; x_wconf 91' lang='lat' dir='ltr'><strong>mum</strong></span> <span class='ocrx_word' id='word_1_615' title='bbox 2336 1664 2674 1735; x_wconf 87' lang='lat' dir='ltr'><strong>principium.</strong></span> <span class='ocrx_word' id='word_1_616' title='bbox 2729 1665 2915 1735; x_wconf 80' lang='lat' dir='ltr'><strong>Neque</strong></span> <span class='ocrx_word' id='word_1_617' title='bbox 2942 1668 3055 1721; x_wconf 70' lang='lat' dir='ltr'><strong>hazc</strong></span> <span class='ocrx_word' id='word_1_618' title='bbox 3087 1676 3325 1734; x_wconf 89' lang='lat' dir='ltr'><strong>temere;</strong></span> <span class='ocrx_word' id='word_1_619' title='bbox 3356 1668 3448 1722; x_wconf 90' lang='lat' dir='ltr'><strong>sed</strong></span> <span class='ocrx_word' id='word_1_620' title='bbox 3476 1668 3562 1721; x_wconf 92' lang='lat' dir='ltr'><strong>hic</strong></span> <span class='ocrx_word' id='word_1_621' title='bbox 3599 1684 3736 1737; x_wconf 84' lang='lat' dir='ltr'><strong>quo-</strong></span> 
     </span>
    </p>
   </div>
   <div class='ocr_carea' id='block_1_77' title="bbox 2157 1755 3740 1829">
    <p class='ocr_par' dir='ltr' id='par_1_77' title="bbox 2157 1755 3740 1829">
     <span class='ocr_line' id='line_1_77' title="bbox 2157 1755 3740 1829; baseline 0.003 -21"><span class='ocrx_word' id='word_1_622' title='bbox 2157 1770 2261 1825; x_wconf 87' lang='lat' dir='ltr'><strong>que</strong></span> <span class='ocrx_word' id='word_1_623' title='bbox 2282 1755 2333 1809; x_wconf 88' lang='lat' dir='ltr'><strong>id</strong></span> <span class='ocrx_word' id='word_1_624' title='bbox 2354 1755 2496 1825; x_wconf 92' lang='lat' dir='ltr'><strong>quod</strong></span> <span class='ocrx_word' id='word_1_625' title='bbox 2522 1756 2693 1826; x_wconf 89' lang='lat' dir='ltr'><strong>majus</strong></span> <span class='ocrx_word' id='word_1_626' title='bbox 2719 1766 2802 1811; x_wconf 90' lang='lat' dir='ltr'><strong>est</strong></span> <span class='ocrx_word' id='word_1_627' title='bbox 2816 1767 2873 1813; x_wconf 87' lang='lat' dir='ltr'><strong>et</strong></span> <span class='ocrx_word' id='word_1_628' title='bbox 2895 1759 3006 1813; x_wconf 91' lang='lat' dir='ltr'><strong>Deo</strong></span> <span class='ocrx_word' id='word_1_629' title='bbox 3021 1760 3347 1813; x_wconf 91' lang='lat' dir='ltr'><strong>conveniens</strong></span> <span class='ocrx_word' id='word_1_630' title='bbox 3362 1760 3703 1829; x_wconf 82' lang='lat' dir='ltr'><strong>cogitandum</strong></span> <span class='ocrx_word' id='word_1_631' title='bbox 3725 1777 3740 1812; x_wconf 87' lang='lat'><strong>:</strong></span> 
     </span>
    </p>
   </div>
   <div class='ocr_carea' id='block_1_78' title="bbox 2161 1849 3737 1919">
    <p class='ocr_par' dir='ltr' id='par_1_78' title="bbox 2161 1849 3737 1919">
     <span class='ocr_line' id='line_1_78' title="bbox 2161 1849 3737 1919; baseline 0.003 -19"><span class='ocrx_word' id='word_1_632' title='bbox 2161 1864 2281 1902; x_wconf 82' lang='lat' dir='ltr'><strong>nam</strong></span> <span class='ocrx_word' id='word_1_633' title='bbox 2305 1857 2361 1902; x_wconf 89' lang='lat' dir='ltr'><strong>et</strong></span> <span class='ocrx_word' id='word_1_634' title='bbox 2408 1849 2535 1903; x_wconf 90' lang='lat' dir='ltr'><strong>uuio</strong></span> <span class='ocrx_word' id='word_1_635' title='bbox 2573 1849 2737 1902; x_wconf 90' lang='lat' dir='ltr'><strong>tutior</strong></span> <span class='ocrx_word' id='word_1_636' title='bbox 2775 1857 2829 1902; x_wconf 92' lang='lat' dir='ltr'><strong>et</strong></span> <span class='ocrx_word' id='word_1_637' title='bbox 2860 1850 3180 1919; x_wconf 88' lang='lat' dir='ltr'><strong>principium</strong></span> <span class='ocrx_word' id='word_1_638' title='bbox 3226 1852 3589 1905; x_wconf 86' lang='lat' dir='ltr'><strong>honorabilius</strong></span> <span class='ocrx_word' id='word_1_639' title='bbox 3635 1862 3737 1907; x_wconf 89' lang='lat' dir='ltr'><strong>est.</strong></span> 
     </span>
    </p>
   </div>
   <div class='ocr_carea' id='block_1_79' title="bbox 2160 1939 3748 2013">
    <p class='ocr_par' dir='ltr' id='par_1_79' title="bbox 2160 1939 3748 2013">
     <span class='ocr_line' id='line_1_79' title="bbox 2160 1939 3748 2013; baseline 0.004 -20"><span class='ocrx_word' id='word_1_640' title='bbox 2160 1939 2365 1994; x_wconf 81' lang='lat' dir='ltr'><strong>Rursus</strong></span> <span class='ocrx_word' id='word_1_641' title='bbox 2393 1940 2640 1995; x_wconf 89' lang='lat' dir='ltr'><strong>audivisti</strong></span> <span class='ocrx_word' id='word_1_642' title='bbox 2673 1941 2867 1995; x_wconf 84' lang='lat' dir='ltr'><strong>Filium</strong></span> <span class='ocrx_word' id='word_1_643' title='bbox 2900 1958 2913 1993; x_wconf 88' lang='lat'><strong>:</strong></span> <span class='ocrx_word' id='word_1_644' title='bbox 2944 1958 3011 1997; x_wconf 87' lang='lat' dir='ltr'><strong>ne</strong></span> <span class='ocrx_word' id='word_1_645' title='bbox 3037 1943 3126 1996; x_wconf 88' lang='lat' dir='ltr'><strong>hic</strong></span> <span class='ocrx_word' id='word_1_646' title='bbox 3161 1958 3375 2013; x_wconf 90' lang='lat' dir='ltr'><strong>quoque</strong></span> <span class='ocrx_word' id='word_1_647' title='bbox 3396 1947 3575 1998; x_wconf 87' lang='lat' dir='ltr'><strong>omnia</strong></span> <span class='ocrx_word' id='word_1_648' title='bbox 3604 1946 3748 1999; x_wconf 90' lang='lat' dir='ltr'><strong>acci-</strong></span> 
     </span>
    </p>
   </div>
   <div class='ocr_carea' id='block_1_80' title="bbox 2163 2032 3749 2106">
    <p class='ocr_par' dir='ltr' id='par_1_80' title="bbox 2163 2032 3749 2106">
     <span class='ocr_line' id='line_1_80' title="bbox 2163 2032 3749 2106; baseline 0.007 -25"><span class='ocrx_word' id='word_1_649' title='bbox 2163 2032 2298 2100; x_wconf 88' lang='lat' dir='ltr'><strong>pias,</strong></span> <span class='ocrx_word' id='word_1_650' title='bbox 2331 2046 2505 2100; x_wconf 85' lang='lat' dir='ltr'><strong>neque</strong></span> <span class='ocrx_word' id='word_1_651' title='bbox 2529 2034 2707 2087; x_wconf 86' lang='lat' dir='ltr'><strong>omnia</strong></span> <span class='ocrx_word' id='word_1_652' title='bbox 2730 2034 2942 2104; x_wconf 89' lang='lat' dir='ltr'><strong>rejicias</strong></span> <span class='ocrx_word' id='word_1_653' title='bbox 2968 2051 2982 2099; x_wconf 88' lang='lat'><strong>;</strong></span> <span class='ocrx_word' id='word_1_654' title='bbox 3015 2035 3107 2090; x_wconf 88' lang='lat' dir='ltr'><strong>sed</strong></span> <span class='ocrx_word' id='word_1_655' title='bbox 3136 2035 3199 2089; x_wconf 92' lang='lat' dir='ltr'><strong>iis</strong></span> <span class='ocrx_word' id='word_1_656' title='bbox 3218 2052 3337 2106; x_wconf 85' lang='lat' dir='ltr'><strong>quae</strong></span> <span class='ocrx_word' id='word_1_657' title='bbox 3359 2038 3524 2091; x_wconf 89' lang='lat' dir='ltr'><strong>Deum</strong></span> <span class='ocrx_word' id='word_1_658' title='bbox 3555 2037 3749 2093; x_wconf 86' lang='lat' dir='ltr'><strong>decent</strong></span> 
     </span>
    </p>
   </div>
   <div class='ocr_carea' id='block_1_81' title="bbox 2160 2123 3745 2202">
    <p class='ocr_par' dir='ltr' id='par_1_81' title="bbox 2160 2123 3745 2202">
     <span class='ocr_line' id='line_1_81' title="bbox 2160 2123 3745 2202; baseline 0.008 -28"><span class='ocrx_word' id='word_1_659' title='bbox 2160 2123 2414 2194; x_wconf 88' lang='lat' dir='ltr'><strong>acceptis.</strong></span> <span class='ocrx_word' id='word_1_660' title='bbox 2446 2126 2587 2194; x_wconf 89' lang='lat' dir='ltr'><strong>quod</strong></span> <span class='ocrx_word' id='word_1_661' title='bbox 2616 2126 2687 2180; x_wconf 89' lang='lat' dir='ltr'><strong>sit</strong></span> <span class='ocrx_word' id='word_1_662' title='bbox 2712 2128 3210 2197; x_wconf 78' lang='lat' dir='ltr'><strong>cousubsmntialis,</strong></span> <span class='ocrx_word' id='word_1_663' title='bbox 3229 2129 3368 2200; x_wconf 90' lang='lat' dir='ltr'><strong>quod</strong></span> <span class='ocrx_word' id='word_1_664' title='bbox 3400 2147 3466 2186; x_wconf 81' lang='lat' dir='ltr'><strong>ex</strong></span> <span class='ocrx_word' id='word_1_665' title='bbox 3496 2133 3611 2202; x_wconf 89' lang='lat' dir='ltr'><strong>ipso</strong></span> <span class='ocrx_word' id='word_1_666' title='bbox 3636 2133 3745 2197; x_wconf 88' lang='lat' dir='ltr'><strong>sit;</strong></span> 
     </span>
    </p>
   </div>
   <div class='ocr_carea' id='block_1_82' title="bbox 2161 2218 3747 2289">
    <p class='ocr_par' dir='ltr' id='par_1_82' title="bbox 2161 2218 3747 2289">
     <span class='ocr_line' id='line_1_82' title="bbox 2161 2218 3747 2289; baseline 0.007 -20"><span class='ocrx_word' id='word_1_667' title='bbox 2161 2232 2279 2287; x_wconf 66' lang='lat' dir='ltr'><strong>quae</strong></span> <span class='ocrx_word' id='word_1_668' title='bbox 2319 2218 2548 2273; x_wconf 87' lang='lat' dir='ltr'><strong>absurda</strong></span> <span class='ocrx_word' id='word_1_669' title='bbox 2602 2230 2659 2274; x_wconf 91' lang='lat' dir='ltr'><strong>et</strong></span> <span class='ocrx_word' id='word_1_670' title='bbox 2696 2237 2815 2289; x_wconf 67' lang='lat' dir='ltr'><strong>qum</strong></span> <span class='ocrx_word' id='word_1_671' title='bbox 2848 2222 3173 2277; x_wconf 81' lang='lat' dir='ltr'><strong>infirmitatis</strong></span> <span class='ocrx_word' id='word_1_672' title='bbox 3217 2224 3465 2289; x_wconf 74' lang='lat' dir='ltr'><strong>humanm</strong></span> <span class='ocrx_word' id='word_1_673' title='bbox 3507 2236 3650 2289; x_wconf 84' lang='lat' dir='ltr'><strong>sunt,</strong></span> <span class='ocrx_word' id='word_1_674' title='bbox 3694 2228 3747 2281; x_wconf 91' lang='lat' dir='ltr'><strong>iu</strong></span> 
     </span>
    </p>
   </div>
   <div class='ocr_carea' id='block_1_83' title="bbox 2163 2303 3742 2385">
    <p class='ocr_par' dir='ltr' id='par_1_83' title="bbox 2163 2303 3742 2385">
     <span class='ocr_line' id='line_1_83' title="bbox 2163 2303 3742 2385; baseline 0.006 -20"><span class='ocrx_word' id='word_1_675' title='bbox 2163 2320 2305 2365; x_wconf 88' lang='lat' dir='ltr'><strong>terra</strong></span> <span class='ocrx_word' id='word_1_676' title='bbox 2339 2312 2603 2383; x_wconf 87' lang='lat' dir='ltr'><strong>relinque.</strong></span> <span class='ocrx_word' id='word_1_677' title='bbox 2635 2314 2841 2370; x_wconf 82' lang='lat' dir='ltr'><strong>Rursus</strong></span> <span class='ocrx_word' id='word_1_678' title='bbox 2875 2303 3015 2371; x_wconf 86' lang='lat' dir='ltr'><strong>Deus</strong></span> <span class='ocrx_word' id='word_1_679' title='bbox 3044 2317 3132 2370; x_wconf 83' lang='lat' dir='ltr'><strong>lux</strong></span> <span class='ocrx_word' id='word_1_680' title='bbox 3160 2316 3336 2372; x_wconf 89' lang='lat' dir='ltr'><strong>dictus</strong></span> <span class='ocrx_word' id='word_1_681' title='bbox 3363 2318 3456 2370; x_wconf 86' lang='lat' dir='ltr'><strong>fuit</strong></span> <span class='ocrx_word' id='word_1_682' title='bbox 3493 2338 3505 2371; x_wconf 94' lang='lat'>:</span> <span class='ocrx_word' id='word_1_683' title='bbox 3537 2334 3742 2385; x_wconf 62' lang='lat' dir='ltr'><strong>ergone</strong></span> 
     </span>
    </p>
   </div>
   <div class='ocr_carea' id='block_1_84' title="bbox 2163 2404 3751 2478">
    <p class='ocr_par' dir='ltr' id='par_1_84' title="bbox 2163 2404 3751 2478">
     <span class='ocr_line' id='line_1_84' title="bbox 2163 2404 3751 2478; baseline 0.004 -21"><span class='ocrx_word' id='word_1_684' title='bbox 2163 2404 2341 2459; x_wconf 88' lang='lat' dir='ltr'><strong>omnia</strong></span> <span class='ocrx_word' id='word_1_685' title='bbox 2386 2420 2724 2461; x_wconf 88' lang='lat' dir='ltr'><strong>assumemus</strong></span> <span class='ocrx_word' id='word_1_686' title='bbox 2761 2424 2883 2476; x_wconf 70' lang='lat' dir='ltr'><strong>qum</strong></span> <span class='ocrx_word' id='word_1_687' title='bbox 2932 2407 2998 2461; x_wconf 91' lang='lat' dir='ltr'><strong>ad</strong></span> <span class='ocrx_word' id='word_1_688' title='bbox 3042 2408 3180 2463; x_wconf 90' lang='lat' dir='ltr'><strong>hanc</strong></span> <span class='ocrx_word' id='word_1_689' title='bbox 3222 2411 3390 2463; x_wconf 73' lang='grc' dir='ltr'>Ιιιειιιιι</span> <span class='ocrx_word' id='word_1_690' title='bbox 3436 2411 3751 2478; x_wconf 73' lang='lat' dir='ltr'><strong>pertinent?</strong></span> 
     </span>
    </p>
   </div>
   <div class='ocr_carea' id='block_1_85' title="bbox 2163 2495 3750 2570">
    <p class='ocr_par' dir='ltr' id='par_1_85' title="bbox 2163 2495 3750 2570">
     <span class='ocr_line' id='line_1_85' title="bbox 2163 2495 3750 2570; baseline 0.005 -19"><span class='ocrx_word' id='word_1_691' title='bbox 2163 2495 2381 2551; x_wconf 79' lang='lat' dir='ltr'><strong>Minime</strong></span> <span class='ocrx_word' id='word_1_692' title='bbox 2412 2515 2424 2550; x_wconf 89' lang='lat'>:</span> <span class='ocrx_word' id='word_1_693' title='bbox 2446 2498 2537 2552; x_wconf 82' lang='lat' dir='ltr'><strong>illa</strong></span> <span class='ocrx_word' id='word_1_694' title='bbox 2562 2499 2757 2569; x_wconf 88' lang='lat' dir='ltr'><strong>quippe</strong></span> <span class='ocrx_word' id='word_1_695' title='bbox 2780 2500 3011 2554; x_wconf 80' lang='lat' dir='ltr'><strong>tenebris</strong></span> <span class='ocrx_word' id='word_1_696' title='bbox 3033 2510 3088 2554; x_wconf 91' lang='lat' dir='ltr'><strong>et</strong></span> <span class='ocrx_word' id='word_1_697' title='bbox 3114 2501 3234 2555; x_wconf 87' lang='lat' dir='ltr'><strong>loco</strong></span> <span class='ocrx_word' id='word_1_698' title='bbox 3257 2502 3715 2559; x_wconf 87' lang='lat' dir='ltr'><strong>circumscribitur</strong></span> <span class='ocrx_word' id='word_1_699' title='bbox 3733 2545 3750 2570; x_wconf 92' lang='lat'><strong>,</strong></span> 
     </span>
    </p>
   </div>
   <div class='ocr_carea' id='block_1_86' title="bbox 2166 2586 3751 2663">
    <p class='ocr_par' dir='ltr' id='par_1_86' title="bbox 2166 2586 3751 2663">
     <span class='ocr_line' id='line_1_86' title="bbox 2166 2586 3751 2663; baseline 0.007 -24"><span class='ocrx_word' id='word_1_700' title='bbox 2166 2594 2221 2639; x_wconf 89' lang='lat' dir='ltr'><strong>et</strong></span> <span class='ocrx_word' id='word_1_701' title='bbox 2249 2586 2422 2640; x_wconf 86' lang='lat' dir='ltr'><strong>altera</strong></span> <span class='ocrx_word' id='word_1_702' title='bbox 2466 2589 2516 2641; x_wconf 82' lang='lat' dir='ltr'><strong>vi</strong></span> <span class='ocrx_word' id='word_1_703' title='bbox 2564 2600 2812 2643; x_wconf 85' lang='lat' dir='ltr'><strong>movetur</strong></span> <span class='ocrx_word' id='word_1_704' title='bbox 2840 2601 2891 2644; x_wconf 91' lang='lat' dir='ltr'><strong>et</strong></span> <span class='ocrx_word' id='word_1_705' title='bbox 2922 2591 3277 2646; x_wconf 88' lang='lat' dir='ltr'><strong>obumbratur</strong></span> <span class='ocrx_word' id='word_1_706' title='bbox 3304 2610 3317 2646; x_wconf 91' lang='lat'><strong>:</strong></span> <span class='ocrx_word' id='word_1_707' title='bbox 3362 2608 3587 2663; x_wconf 90' lang='lat' dir='ltr'><strong>quorum</strong></span> <span class='ocrx_word' id='word_1_708' title='bbox 3620 2597 3751 2650; x_wconf 89' lang='lat' dir='ltr'><strong>nihil</strong></span> 
     </span>
    </p>
   </div>
   <div class='ocr_carea' id='block_1_87' title="bbox 2169 2677 3747 2750">
    <p class='ocr_par' dir='ltr' id='par_1_87' title="bbox 2169 2677 3747 2750">
     <span class='ocr_line' id='line_1_87' title="bbox 2169 2677 3747 2750; baseline 0.006 -19"><span class='ocrx_word' id='word_1_709' title='bbox 2169 2693 2236 2732; x_wconf 90' lang='lat' dir='ltr'><strong>ne</strong></span> <span class='ocrx_word' id='word_1_710' title='bbox 2264 2677 2499 2746; x_wconf 72' lang='lat' dir='ltr'><strong>cogitare</strong></span> <span class='ocrx_word' id='word_1_711' title='bbox 2540 2680 2755 2750; x_wconf 81' lang='lat' dir='ltr'><strong>quidem</strong></span> <span class='ocrx_word' id='word_1_712' title='bbox 2789 2682 2911 2736; x_wconf 89' lang='lat' dir='ltr'><strong>licet</strong></span> <span class='ocrx_word' id='word_1_713' title='bbox 2950 2682 3019 2737; x_wconf 88' lang='lat' dir='ltr'><strong>de</strong></span> <span class='ocrx_word' id='word_1_714' title='bbox 3060 2683 3149 2737; x_wconf 90' lang='lat' dir='ltr'><strong>illa</strong></span> <span class='ocrx_word' id='word_1_715' title='bbox 3191 2686 3447 2739; x_wconf 88' lang='lat' dir='ltr'><strong>essentia.</strong></span> <span class='ocrx_word' id='word_1_716' title='bbox 3480 2684 3585 2740; x_wconf 90' lang='lat' dir='ltr'><strong>Sed</strong></span> <span class='ocrx_word' id='word_1_717' title='bbox 3638 2704 3747 2741; x_wconf 89' lang='lat' dir='ltr'><strong>non</strong></span> 
     </span>
    </p>
   </div>
   <div class='ocr_carea' id='block_1_88' title="bbox 2169 2767 3756 2846">
    <p class='ocr_par' dir='ltr' id='par_1_88' title="bbox 2169 2767 3756 2846">
     <span class='ocr_line' id='line_1_88' title="bbox 2169 2767 3756 2846; baseline 0.006 -24"><span class='ocrx_word' id='word_1_718' title='bbox 2169 2767 2291 2822; x_wconf 78' lang='lat' dir='ltr'><strong>ideo</strong></span> <span class='ocrx_word' id='word_1_719' title='bbox 2346 2771 2524 2825; x_wconf 86' lang='lat' dir='ltr'><strong>omnia</strong></span> <span class='ocrx_word' id='word_1_720' title='bbox 2577 2771 2894 2841; x_wconf 80' lang='lat' dir='ltr'><strong>ejiciemus,</strong></span> <span class='ocrx_word' id='word_1_721' title='bbox 2944 2790 3131 2828; x_wconf 80' lang='lat' dir='ltr'><strong>verum</strong></span> <span class='ocrx_word' id='word_1_722' title='bbox 3177 2776 3447 2846; x_wconf 90' lang='lat' dir='ltr'><strong>quidpiam</strong></span> <span class='ocrx_word' id='word_1_723' title='bbox 3504 2779 3633 2831; x_wconf 88' lang='lat' dir='ltr'><strong>utile</strong></span> <span class='ocrx_word' id='word_1_724' title='bbox 3685 2779 3756 2833; x_wconf 84' lang='lat' dir='ltr'><strong>ab</strong></span> 
     </span>
    </p>
   </div>
   <div class='ocr_carea' id='block_1_89' title="bbox 2169 2862 3755 2936">
    <p class='ocr_par' dir='ltr' id='par_1_89' title="bbox 2169 2862 3755 2936">
     <span class='ocr_line' id='line_1_89' title="bbox 2169 2862 3755 2936; baseline 0.008 -22"><span class='ocrx_word' id='word_1_725' title='bbox 2169 2862 2415 2931; x_wconf 76' lang='lat' dir='ltr'><strong>exetnplo</strong></span> <span class='ocrx_word' id='word_1_726' title='bbox 2442 2863 2830 2933; x_wconf 84' lang='lat' dir='ltr'><strong>decerpemus;</strong></span> <span class='ocrx_word' id='word_1_727' title='bbox 2865 2865 3309 2921; x_wconf 87' lang='lat' dir='ltr'><strong>illuminationem</strong></span> <span class='ocrx_word' id='word_1_728' title='bbox 3356 2884 3474 2936; x_wconf 62' lang='lat' dir='ltr'><strong>quae</strong></span> <span class='ocrx_word' id='word_1_729' title='bbox 3498 2885 3527 2921; x_wconf 91' lang='lat' dir='ltr'><strong>a</strong></span> <span class='ocrx_word' id='word_1_730' title='bbox 3562 2871 3670 2925; x_wconf 86' lang='lat' dir='ltr'><strong>Deo</strong></span> <span class='ocrx_word' id='word_1_731' title='bbox 3699 2871 3755 2926; x_wconf 88' lang='lat' dir='ltr'><strong>in</strong></span> 
     </span>
    </p>
   </div>
   <div class='ocr_carea' id='block_1_90' title="bbox 2169 2948 3752 3029">
    <p class='ocr_par' dir='ltr' id='par_1_90' title="bbox 2169 2948 3752 3029">
     <span class='ocr_line' id='line_1_90' title="bbox 2169 2948 3752 3029; baseline 0.004 -23"><span class='ocrx_word' id='word_1_732' title='bbox 2169 2967 2269 3006; x_wconf 90' lang='lat' dir='ltr'><strong>nos</strong></span> <span class='ocrx_word' id='word_1_733' title='bbox 2294 2964 2504 3019; x_wconf 77' lang='lat' dir='ltr'><strong>manat,</strong></span> <span class='ocrx_word' id='word_1_734' title='bbox 2534 2948 2907 3009; x_wconf 85' lang='lat' dir='ltr'><strong>liberationem</strong></span> <span class='ocrx_word' id='word_1_735' title='bbox 2929 2971 2960 3010; x_wconf 90' lang='lat' dir='ltr'><strong>a</strong></span> <span class='ocrx_word' id='word_1_736' title='bbox 3008 2956 3242 3010; x_wconf 88' lang='lat' dir='ltr'><strong>tenebris</strong></span> <span class='ocrx_word' id='word_1_737' title='bbox 3273 2972 3342 3011; x_wconf 76' lang='lat' dir='ltr'><strong>ex</strong></span> <span class='ocrx_word' id='word_1_738' title='bbox 3371 2958 3460 3011; x_wconf 91' lang='lat' dir='ltr'><strong>illa</strong></span> <span class='ocrx_word' id='word_1_739' title='bbox 3488 2960 3752 3029; x_wconf 77' lang='lat' dir='ltr'><strong>colligen-</strong></span> 
     </span>
    </p>
   </div>
   <div class='ocr_carea' id='block_1_91' title="bbox 2172 3043 3758 3121">
    <p class='ocr_par' dir='ltr' id='par_1_91' title="bbox 2172 3043 3758 3121">
     <span class='ocr_line' id='line_1_91' title="bbox 2172 3043 3758 3121; baseline 0.006 -24"><span class='ocrx_word' id='word_1_740' title='bbox 2172 3050 2273 3097; x_wconf 87' lang='lat' dir='ltr'><strong>tes.</strong></span> <span class='ocrx_word' id='word_1_741' title='bbox 2321 3043 2389 3097; x_wconf 86' lang='lat' dir='ltr'><strong>Et</strong></span> <span class='ocrx_word' id='word_1_742' title='bbox 2432 3043 2547 3099; x_wconf 67' lang='lat' dir='ltr'><strong>haec</strong></span> <span class='ocrx_word' id='word_1_743' title='bbox 2586 3046 2801 3116; x_wconf 84' lang='lat' dir='ltr'><strong>quidem</strong></span> <span class='ocrx_word' id='word_1_744' title='bbox 2842 3046 3103 3103; x_wconf 87' lang='lat' dir='ltr'><strong>adversus</strong></span> <span class='ocrx_word' id='word_1_745' title='bbox 3134 3047 3452 3114; x_wconf 80' lang='lat' dir='ltr'><strong>lncreticos;</strong></span> <span class='ocrx_word' id='word_1_746' title='bbox 3480 3050 3590 3121; x_wconf 89' lang='lat' dir='ltr'><strong>jam</strong></span> <span class='ocrx_word' id='word_1_747' title='bbox 3628 3068 3758 3107; x_wconf 72' lang='lat' dir='ltr'><strong>vero</strong></span> 
     </span>
    </p>
   </div>
   <div class='ocr_carea' id='block_1_92' title="bbox 2175 3135 3759 3208">
    <p class='ocr_par' dir='ltr' id='par_1_92' title="bbox 2175 3135 3759 3208">
     <span class='ocr_line' id='line_1_92' title="bbox 2175 3135 3759 3208; baseline 0.009 -22"><span class='ocrx_word' id='word_1_748' title='bbox 2175 3143 2341 3188; x_wconf 87' lang='lat' dir='ltr'><strong>totum</strong></span> <span class='ocrx_word' id='word_1_749' title='bbox 2374 3135 2545 3190; x_wconf 89' lang='lat' dir='ltr'><strong>locum</strong></span> <span class='ocrx_word' id='word_1_750' title='bbox 2570 3148 2897 3207; x_wconf 87' lang='lat' dir='ltr'><strong>pertractare</strong></span> <span class='ocrx_word' id='word_1_751' title='bbox 2924 3154 3060 3208; x_wconf 83' lang='lat' dir='ltr'><strong>Opus</strong></span> <span class='ocrx_word' id='word_1_752' title='bbox 3085 3148 3187 3195; x_wconf 90' lang='lat' dir='ltr'><strong>est.</strong></span> <span class='ocrx_word' id='word_1_753' title='bbox 3217 3141 3480 3198; x_wconf 88' lang='lat' dir='ltr'><strong>Fortassis</strong></span> <span class='ocrx_word' id='word_1_754' title='bbox 3507 3146 3649 3200; x_wconf 87' lang='lat' dir='ltr'><strong>enim</strong></span> <span class='ocrx_word' id='word_1_755' title='bbox 3672 3145 3759 3201; x_wconf 90' lang='lat' dir='ltr'><strong>hic</strong></span> 
     </span>
    </p>
   </div>
   <div class='ocr_carea' id='block_1_93' title="bbox 2171 3226 3757 3307">
    <p class='ocr_par' dir='ltr' id='par_1_93' title="bbox 2171 3226 3757 3307">
     <span class='ocr_line' id='line_1_93' title="bbox 2171 3226 3757 3307; baseline 0.011 -31"><span class='ocrx_word' id='word_1_756' title='bbox 2171 3226 2437 3297; x_wconf 89' lang='lat' dir='ltr'><strong>quispiam</strong></span> <span class='ocrx_word' id='word_1_757' title='bbox 2492 3232 2844 3300; x_wconf 76' lang='lat' dir='ltr'><strong>qumstionem</strong></span> <span class='ocrx_word' id='word_1_758' title='bbox 2896 3235 3145 3302; x_wconf 88' lang='lat' dir='ltr'><strong>moverit,</strong></span> <span class='ocrx_word' id='word_1_759' title='bbox 3191 3236 3329 3305; x_wconf 89' lang='lat' dir='ltr'><strong>apud</strong></span> <span class='ocrx_word' id='word_1_760' title='bbox 3367 3253 3425 3292; x_wconf 89' lang='lat' dir='ltr'><strong>se</strong></span> <span class='ocrx_word' id='word_1_761' title='bbox 3470 3254 3757 3307; x_wconf 71' lang='lat' dir='ltr'><strong>qumrens,</strong></span> 
     </span>
    </p>
   </div>
   <div class='ocr_carea' id='block_1_94' title="bbox 2172 3318 3754 3393">
    <p class='ocr_par' dir='ltr' id='par_1_94' title="bbox 2172 3318 3754 3393">
     <span class='ocr_line' id='line_1_94' title="bbox 2172 3318 3754 3393; baseline 0.008 -21"><span class='ocrx_word' id='word_1_762' title='bbox 2172 3318 2315 3387; x_wconf 90' lang='lat' dir='ltr'><strong>quod</strong></span> <span class='ocrx_word' id='word_1_763' title='bbox 2346 3319 2549 3374; x_wconf 88' lang='lat' dir='ltr'><strong>crimen</strong></span> <span class='ocrx_word' id='word_1_764' title='bbox 2580 3333 2696 3374; x_wconf 88' lang='lat' dir='ltr'><strong>erat</strong></span> <span class='ocrx_word' id='word_1_765' title='bbox 2730 3322 2986 3377; x_wconf 89' lang='lat' dir='ltr'><strong>mulieres</strong></span> <span class='ocrx_word' id='word_1_766' title='bbox 3023 3324 3234 3380; x_wconf 88' lang='lat' dir='ltr'><strong>detecto</strong></span> <span class='ocrx_word' id='word_1_767' title='bbox 3257 3368 3271 3393; x_wconf 93' lang='lat'><strong>,</strong></span> <span class='ocrx_word' id='word_1_768' title='bbox 3302 3328 3445 3381; x_wconf 83' lang='lat' dir='ltr'><strong>viros</strong></span> <span class='ocrx_word' id='word_1_769' title='bbox 3486 3337 3629 3383; x_wconf 87' lang='lat' dir='ltr'><strong>tecto</strong></span> <span class='ocrx_word' id='word_1_770' title='bbox 3658 3346 3754 3384; x_wconf 88' lang='lat' dir='ltr'><strong>ca-</strong></span> 
     </span>
    </p>
   </div>
   <div class='ocr_carea' id='block_1_95' title="bbox 2174 3412 3760 3496">
    <p class='ocr_par' dir='ltr' id='par_1_95' title="bbox 2174 3412 3760 3496">
     <span class='ocr_line' id='line_1_95' title="bbox 2174 3412 3760 3496; baseline 0.009 -33"><span class='ocrx_word' id='word_1_771' title='bbox 2174 3412 2286 3479; x_wconf 90' lang='lat' dir='ltr'><strong>pite</strong></span> <span class='ocrx_word' id='word_1_772' title='bbox 2315 3412 2472 3496; x_wconf 65' lang='lat' dir='ltr'><strong>esse?</strong></span> <span class='ocrx_word' id='word_1_773' title='bbox 2512 3413 2664 3479; x_wconf 76' lang='lat' dir='ltr'><strong>Quod</strong></span> <span class='ocrx_word' id='word_1_774' title='bbox 2707 3414 2778 3467; x_wconf 90' lang='lat' dir='ltr'><strong>sit</strong></span> <span class='ocrx_word' id='word_1_775' title='bbox 2813 3416 3017 3471; x_wconf 87' lang='lat' dir='ltr'><strong>crimen</strong></span> <span class='ocrx_word' id='word_1_776' title='bbox 3069 3416 3217 3478; x_wconf 84' lang='lat' dir='ltr'><strong>illud,</strong></span> <span class='ocrx_word' id='word_1_777' title='bbox 3264 3417 3388 3472; x_wconf 91' lang='lat' dir='ltr'><strong>hinc</strong></span> <span class='ocrx_word' id='word_1_778' title='bbox 3432 3420 3543 3489; x_wconf 90' lang='lat' dir='ltr'><strong>jam</strong></span> <span class='ocrx_word' id='word_1_779' title='bbox 3589 3421 3760 3477; x_wconf 87' lang='lat' dir='ltr'><strong>disce.</strong></span> 
     </span>
    </p>
   </div>
   <div class='ocr_carea' id='block_1_96' title="bbox 2175 3504 3763 3583">
    <p class='ocr_par' dir='ltr' id='par_1_96' title="bbox 2175 3504 3763 3583">
     <span class='ocr_line' id='line_1_96' title="bbox 2175 3504 3763 3583; baseline 0.004 -23"><span class='ocrx_word' id='word_1_780' title='bbox 2175 3504 2331 3574; x_wconf 79' lang='lat' dir='ltr'><strong>Signa</strong></span> <span class='ocrx_word' id='word_1_781' title='bbox 2360 3506 2481 3559; x_wconf 84' lang='lat' dir='ltr'><strong>data</strong></span> <span class='ocrx_word' id='word_1_782' title='bbox 2510 3516 2635 3560; x_wconf 88' lang='lat' dir='ltr'><strong>sunt</strong></span> <span class='ocrx_word' id='word_1_783' title='bbox 2662 3507 2777 3560; x_wconf 86' lang='lat' dir='ltr'><strong>viro</strong></span> <span class='ocrx_word' id='word_1_784' title='bbox 2806 3518 2861 3563; x_wconf 91' lang='lat' dir='ltr'><strong>et</strong></span> <span class='ocrx_word' id='word_1_785' title='bbox 2888 3510 3097 3564; x_wconf 86' lang='lat' dir='ltr'><strong>mulieri</strong></span> <span class='ocrx_word' id='word_1_786' title='bbox 3130 3512 3292 3564; x_wconf 89' lang='lat' dir='ltr'><strong>multa</strong></span> <span class='ocrx_word' id='word_1_787' title='bbox 3322 3512 3425 3567; x_wconf 89' lang='lat' dir='ltr'><strong>alia</strong></span> <span class='ocrx_word' id='word_1_788' title='bbox 3449 3553 3465 3575; x_wconf 90' lang='lat'><strong>,</strong></span> <span class='ocrx_word' id='word_1_789' title='bbox 3494 3512 3570 3567; x_wconf 89' lang='lat' dir='ltr'><strong>illi</strong></span> <span class='ocrx_word' id='word_1_790' title='bbox 3593 3514 3763 3583; x_wconf 84' lang='lat' dir='ltr'><strong>impe—</strong></span> 
     </span>
    </p>
   </div>
   <div class='ocr_carea' id='block_1_97' title="bbox 2177 3598 3761 3674">
    <p class='ocr_par' dir='ltr' id='par_1_97' title="bbox 2177 3598 3761 3674">
     <span class='ocr_line' id='line_1_97' title="bbox 2177 3598 3761 3674; baseline 0.004 -21"><span class='ocrx_word' id='word_1_791' title='bbox 2177 3601 2265 3665; x_wconf 92' lang='lat' dir='ltr'><strong>rii,</strong></span> <span class='ocrx_word' id='word_1_792' title='bbox 2294 3601 2421 3655; x_wconf 90' lang='lat' dir='ltr'><strong>huic</strong></span> <span class='ocrx_word' id='word_1_793' title='bbox 2447 3598 2796 3667; x_wconf 84' lang='lat' dir='ltr'><strong>subjectionis</strong></span> <span class='ocrx_word' id='word_1_794' title='bbox 2825 3617 2839 3651; x_wconf 86' lang='lat'><strong>:</strong></span> <span class='ocrx_word' id='word_1_795' title='bbox 2872 3614 2993 3655; x_wconf 89' lang='lat' dir='ltr'><strong>cum</strong></span> <span class='ocrx_word' id='word_1_796' title='bbox 3025 3600 3107 3653; x_wconf 89' lang='lat' dir='ltr'><strong>his</strong></span> <span class='ocrx_word' id='word_1_797' title='bbox 3133 3611 3311 3655; x_wconf 79' lang='lat' dir='ltr'><strong>autem</strong></span> <span class='ocrx_word' id='word_1_798' title='bbox 3341 3612 3396 3657; x_wconf 88' lang='lat' dir='ltr'><strong>et</strong></span> <span class='ocrx_word' id='word_1_799' title='bbox 3423 3602 3551 3657; x_wconf 92' lang='lat' dir='ltr'><strong>illud</strong></span> <span class='ocrx_word' id='word_1_800' title='bbox 3579 3646 3593 3667; x_wconf 86' lang='lat'><strong>,</strong></span> <span class='ocrx_word' id='word_1_801' title='bbox 3617 3604 3761 3674; x_wconf 85' lang='lat' dir='ltr'><strong>quod</strong></span> 
     </span>
    </p>
   </div>
   <div class='ocr_carea' id='block_1_98' title="bbox 2178 3692 3765 3763">
    <p class='ocr_par' dir='ltr' id='par_1_98' title="bbox 2178 3692 3765 3763">
     <span class='ocr_line' id='line_1_98' title="bbox 2178 3692 3765 3763; baseline 0.004 -19"><span class='ocrx_word' id='word_1_802' title='bbox 2178 3693 2263 3745; x_wconf 84' lang='lat' dir='ltr'><strong>illa</strong></span> <span class='ocrx_word' id='word_1_803' title='bbox 2295 3692 2507 3762; x_wconf 87' lang='lat' dir='ltr'><strong>quidem</strong></span> <span class='ocrx_word' id='word_1_804' title='bbox 2543 3700 2767 3760; x_wconf 78' lang='lat' dir='ltr'><strong>tegatur,</strong></span> <span class='ocrx_word' id='word_1_805' title='bbox 2804 3692 2890 3746; x_wconf 91' lang='lat' dir='ltr'><strong>hic</strong></span> <span class='ocrx_word' id='word_1_806' title='bbox 2918 3708 3048 3747; x_wconf 80' lang='lat' dir='ltr'><strong>vero</strong></span> <span class='ocrx_word' id='word_1_807' title='bbox 3070 3693 3213 3747; x_wconf 92' lang='lat' dir='ltr'><strong>nudo</strong></span> <span class='ocrx_word' id='word_1_808' title='bbox 3240 3694 3415 3763; x_wconf 85' lang='lat' dir='ltr'><strong>capite</strong></span> <span class='ocrx_word' id='word_1_809' title='bbox 3436 3695 3525 3749; x_wconf 87' lang='lat' dir='ltr'><strong>sit.</strong></span> <span class='ocrx_word' id='word_1_810' title='bbox 3555 3695 3610 3751; x_wconf 90' lang='lat' dir='ltr'><strong>Si</strong></span> <span class='ocrx_word' id='word_1_811' title='bbox 3632 3712 3765 3763; x_wconf 67' lang='lat' dir='ltr'><strong>ergo</strong></span> 
     </span>
    </p>
   </div>
   <div class='ocr_carea' id='block_1_99' title="bbox 2178 3780 3765 3855">
    <p class='ocr_par' dir='ltr' id='par_1_99' title="bbox 2178 3780 3765 3855">
     <span class='ocr_line' id='line_1_99' title="bbox 2178 3780 3765 3855; baseline 0.002 -18"><span class='ocrx_word' id='word_1_812' title='bbox 2178 3784 2327 3854; x_wconf 82' lang='lat' dir='ltr'><strong>signa</strong></span> <span class='ocrx_word' id='word_1_813' title='bbox 2372 3785 2483 3839; x_wconf 89' lang='lat' dir='ltr'><strong>sint</strong></span> <span class='ocrx_word' id='word_1_814' title='bbox 2534 3780 2687 3847; x_wconf 74' lang='lat' dir='ltr'><strong>lucc,</strong></span> <span class='ocrx_word' id='word_1_815' title='bbox 2746 3784 2906 3838; x_wconf 88' lang='lat' dir='ltr'><strong>ambo</strong></span> <span class='ocrx_word' id='word_1_816' title='bbox 2946 3795 3207 3855; x_wconf 84' lang='lat' dir='ltr'><strong>peccant,</strong></span> <span class='ocrx_word' id='word_1_817' title='bbox 3254 3785 3497 3840; x_wconf 82' lang='lat' dir='ltr'><strong>ordinem</strong></span> <span class='ocrx_word' id='word_1_818' title='bbox 3542 3786 3765 3840; x_wconf 81' lang='lat' dir='ltr'><strong>turban-</strong></span> 
     </span>
    </p>
   </div>
   <div class='ocr_carea' id='block_1_100' title="bbox 2180 3877 3769 3947">
    <p class='ocr_par' dir='ltr' id='par_1_100' title="bbox 2180 3877 3769 3947">
     <span class='ocr_line' id='line_1_100' title="bbox 2180 3877 3769 3947; baseline 0.001 -16"><span class='ocrx_word' id='word_1_819' title='bbox 2180 3887 2261 3932; x_wconf 88' lang='lat' dir='ltr'><strong>tes</strong></span> <span class='ocrx_word' id='word_1_820' title='bbox 2289 3887 2343 3931; x_wconf 85' lang='lat' dir='ltr'><strong>ct</strong></span> <span class='ocrx_word' id='word_1_821' title='bbox 2378 3877 2471 3930; x_wconf 78' lang='lat' dir='ltr'><strong>Dei</strong></span> <span class='ocrx_word' id='word_1_822' title='bbox 2519 3886 2843 3947; x_wconf 62' lang='lat' dir='ltr'><strong>pra‘eeptum</strong></span> <span class='ocrx_word' id='word_1_823' title='bbox 2893 3878 3247 3947; x_wconf 83' lang='lat' dir='ltr'><strong>propriosque</strong></span> <span class='ocrx_word' id='word_1_824' title='bbox 3292 3878 3617 3931; x_wconf 77' lang='lat' dir='ltr'><strong>excedentes</strong></span> <span class='ocrx_word' id='word_1_825' title='bbox 3660 3887 3769 3932; x_wconf 87' lang='lat' dir='ltr'><strong>ter-</strong></span> 
     </span>
    </p>
   </div>
   <div class='ocr_carea' id='block_1_101' title="bbox 2181 3966 3764 4037">
    <p class='ocr_par' dir='ltr' id='par_1_101' title="bbox 2181 3966 3764 4037">
     <span class='ocr_line' id='line_1_101' title="bbox 2181 3966 3764 4037; baseline 0.001 -15"><span class='ocrx_word' id='word_1_826' title='bbox 2181 3970 2392 4029; x_wconf 86' lang='lat' dir='ltr'><strong>minos;</strong></span> <span class='ocrx_word' id='word_1_827' title='bbox 2430 3967 2519 4021; x_wconf 86' lang='lat' dir='ltr'><strong>ille</strong></span> <span class='ocrx_word' id='word_1_828' title='bbox 2561 3968 2775 4036; x_wconf 89' lang='lat' dir='ltr'><strong>quidem</strong></span> <span class='ocrx_word' id='word_1_829' title='bbox 2825 3968 3079 4023; x_wconf 87' lang='lat' dir='ltr'><strong>decidens</strong></span> <span class='ocrx_word' id='word_1_830' title='bbox 3110 3966 3161 4022; x_wconf 89' lang='lat' dir='ltr'><strong>in</strong></span> <span class='ocrx_word' id='word_1_831' title='bbox 3208 3967 3447 4023; x_wconf 87' lang='lat' dir='ltr'><strong>mulieris</strong></span> <span class='ocrx_word' id='word_1_832' title='bbox 3484 3969 3764 4037; x_wconf 80' lang='lat' dir='ltr'><strong>vilitatem,</strong></span> 
     </span>
    </p>
   </div>
   <div class='ocr_carea' id='block_1_102' title="bbox 2183 4052 3766 4127">
    <p class='ocr_par' dir='ltr' id='par_1_102' title="bbox 2183 4052 3766 4127">
     <span class='ocr_line' id='line_1_102' title="bbox 2183 4052 3766 4127; baseline 0.001 -13"><span class='ocrx_word' id='word_1_833' title='bbox 2183 4060 2269 4114; x_wconf 90' lang='lat' dir='ltr'><strong>illa</strong></span> <span class='ocrx_word' id='word_1_834' title='bbox 2301 4069 2476 4112; x_wconf 85' lang='lat' dir='ltr'><strong>autem</strong></span> <span class='ocrx_word' id='word_1_835' title='bbox 2510 4060 2561 4110; x_wconf 92' lang='lat' dir='ltr'><strong>in</strong></span> <span class='ocrx_word' id='word_1_836' title='bbox 2595 4058 2764 4112; x_wconf 87' lang='lat' dir='ltr'><strong>virum</strong></span> <span class='ocrx_word' id='word_1_837' title='bbox 2792 4059 3073 4127; x_wconf 80' lang='lat' dir='ltr'><strong>insurgens</strong></span> <span class='ocrx_word' id='word_1_838' title='bbox 3100 4052 3195 4127; x_wconf 74' lang='lat' dir='ltr'><strong>per</strong></span> <span class='ocrx_word' id='word_1_839' title='bbox 3238 4056 3500 4113; x_wconf 82' lang='lat' dir='ltr'><strong>habitum.</strong></span> <span class='ocrx_word' id='word_1_840' title='bbox 3532 4058 3588 4115; x_wconf 90' lang='lat' dir='ltr'><strong>Si</strong></span> <span class='ocrx_word' id='word_1_841' title='bbox 3617 4062 3766 4116; x_wconf 88' lang='lat' dir='ltr'><strong>enim</strong></span> 
     </span>
    </p>
   </div>
   <div class='ocr_carea' id='block_1_103' title="bbox 2182 4148 3771 4224">
    <p class='ocr_par' dir='ltr' id='par_1_103' title="bbox 2182 4148 3771 4224">
     <span class='ocr_line' id='line_1_103' title="bbox 2182 4148 3771 4224; baseline 0.003 -20"><span class='ocrx_word' id='word_1_842' title='bbox 2182 4161 2385 4206; x_wconf 84' lang='lat' dir='ltr'><strong>vestem</strong></span> <span class='ocrx_word' id='word_1_843' title='bbox 2414 4159 2620 4203; x_wconf 86' lang='lat' dir='ltr'><strong>mutare</strong></span> <span class='ocrx_word' id='word_1_844' title='bbox 2647 4165 2752 4203; x_wconf 90' lang='lat' dir='ltr'><strong>non</strong></span> <span class='ocrx_word' id='word_1_845' title='bbox 2784 4151 2925 4215; x_wconf 88' lang='lat' dir='ltr'><strong>licet,</strong></span> <span class='ocrx_word' id='word_1_846' title='bbox 2951 4165 3125 4219; x_wconf 85' lang='lat' dir='ltr'><strong>neque</strong></span> <span class='ocrx_word' id='word_1_847' title='bbox 3152 4148 3227 4203; x_wconf 91' lang='lat' dir='ltr'><strong>illi</strong></span> <span class='ocrx_word' id='word_1_848' title='bbox 3256 4149 3336 4203; x_wconf 84' lang='lat' dir='ltr'><strong>fas</strong></span> <span class='ocrx_word' id='word_1_849' title='bbox 3373 4160 3458 4205; x_wconf 89' lang='lat' dir='ltr'><strong>est</strong></span> <span class='ocrx_word' id='word_1_850' title='bbox 3483 4152 3771 4224; x_wconf 81' lang='lat' dir='ltr'><strong>chlamyde</strong></span> 
     </span>
    </p>
   </div>
   <div class='ocr_carea' id='block_1_104' title="bbox 2185 4240 3769 4311">
    <p class='ocr_par' dir='ltr' id='par_1_104' title="bbox 2185 4240 3769 4311">
     <span class='ocr_line' id='line_1_104' title="bbox 2185 4240 3769 4311; baseline 0.001 -15"><span class='ocrx_word' id='word_1_851' title='bbox 2185 4243 2355 4307; x_wconf 89' lang='lat' dir='ltr'><strong>indui,</strong></span> <span class='ocrx_word' id='word_1_852' title='bbox 2384 4257 2557 4310; x_wconf 89' lang='lat' dir='ltr'><strong>neque</strong></span> <span class='ocrx_word' id='word_1_853' title='bbox 2578 4242 2691 4295; x_wconf 89' lang='lat' dir='ltr'><strong>viro</strong></span> <span class='ocrx_word' id='word_1_854' title='bbox 2713 4242 2849 4310; x_wconf 89' lang='lat' dir='ltr'><strong>palla</strong></span> <span class='ocrx_word' id='word_1_855' title='bbox 2880 4250 2936 4296; x_wconf 91' lang='lat' dir='ltr'><strong>et</strong></span> <span class='ocrx_word' id='word_1_856' title='bbox 2965 4250 3274 4311; x_wconf 76' lang='lat' dir='ltr'><strong>legumento</strong></span> <span class='ocrx_word' id='word_1_857' title='bbox 3296 4259 3310 4295; x_wconf 85' lang='lat'><em>:</em></span> <span class='ocrx_word' id='word_1_858' title='bbox 3336 4240 3459 4296; x_wconf 78' lang='lat' dir='ltr'><strong>Non</strong></span> <span class='ocrx_word' id='word_1_859' title='bbox 3479 4245 3574 4297; x_wconf 87' lang='lat' dir='ltr'><strong>erit</strong></span> <span class='ocrx_word' id='word_1_860' title='bbox 3601 4246 3769 4309; x_wconf 88' lang='lat' dir='ltr'><strong>enim,</strong></span> 
     </span>
    </p>
   </div>
   <div class='ocr_carea' id='block_1_105' title="bbox 2187 4335 3773 4406">
    <p class='ocr_par' dir='ltr' id='par_1_105' title="bbox 2187 4335 3773 4406">
     <span class='ocr_line' id='line_1_105' title="bbox 2187 4335 3773 4406; baseline -0.001 -16"><span class='ocrx_word' id='word_1_861' title='bbox 2187 4337 2379 4406; x_wconf 86' lang='lat' dir='ltr'><strong>inquit,</strong></span> <span class='ocrx_word' id='word_1_862' title='bbox 2405 4336 2496 4389; x_wconf 75' lang='lat' dir='ltr'><strong>viri</strong></span> <span class='ocrx_word' id='word_1_863' title='bbox 2517 4345 2727 4389; x_wconf 80' lang='lat' dir='ltr'><strong>ornatus</strong></span> <span class='ocrx_word' id='word_1_864' title='bbox 2751 4352 2902 4406; x_wconf 76' lang='lat' dir='ltr'><strong>super</strong></span> <span class='ocrx_word' id='word_1_865' title='bbox 2930 4335 3215 4399; x_wconf 79' lang='lat' dir='ltr'><strong>mulierem,</strong></span> <span class='ocrx_word' id='word_1_866' title='bbox 3246 4352 3403 4405; x_wconf 79' lang='lat' dir='ltr'><strong>neque</strong></span> <span class='ocrx_word' id='word_1_867' title='bbox 3428 4336 3669 4391; x_wconf 64' lang='lat' dir='ltr'><strong>inductu</strong></span> <span class='ocrx_word' id='word_1_868' title='bbox 3693 4339 3773 4391; x_wconf 75' lang='lat' dir='ltr'><strong>vir</strong></span> 
     </span>
    </p>
   </div>
   <div class='ocr_carea' id='block_1_106' title="bbox 2186 4427 3765 4500">
    <p class='ocr_par' dir='ltr' id='par_1_106' title="bbox 2186 4427 3765 4500">
     <span class='ocr_line' id='line_1_106' title="bbox 2186 4427 3765 4500; baseline -0.002 -17"><span class='ocrx_word' id='word_1_869' title='bbox 2186 4440 2318 4483; x_wconf 75' lang='lat' dir='ltr'><strong>veste</strong></span> <span class='ocrx_word' id='word_1_870' title='bbox 2344 4430 2575 4482; x_wconf 73' lang='lat' dir='ltr'><strong>ntuliebri</strong></span> <span class='ocrx_word' id='word_1_871' title='bbox 2602 4427 2779 4500; x_wconf 82' lang='lat' dir='ltr'><strong>(Deut.</strong></span> <span class='ocrx_word' id='word_1_872' title='bbox 2805 4427 2897 4482; x_wconf 73' lang='lat'><strong>22.</strong></span> <span class='ocrx_word' id='word_1_873' title='bbox 2921 4427 3011 4497; x_wconf 81' lang='lat'><strong>5);</strong></span> <span class='ocrx_word' id='word_1_874' title='bbox 3046 4428 3213 4480; x_wconf 89' lang='lat' dir='ltr'><strong>multo</strong></span> <span class='ocrx_word' id='word_1_875' title='bbox 3241 4429 3411 4498; x_wconf 79' lang='lat' dir='ltr'><strong>magis</strong></span> <span class='ocrx_word' id='word_1_876' title='bbox 3434 4428 3550 4483; x_wconf 60' lang='lat' dir='ltr'><strong>hac</strong></span> <span class='ocrx_word' id='word_1_877' title='bbox 3570 4428 3765 4482; x_wconf 87' lang='lat' dir='ltr'><strong>mutari</strong></span> 
     </span>
    </p>
   </div>
   <div class='ocr_carea' id='block_1_107' title="bbox 2192 4518 3778 4590">
    <p class='ocr_par' dir='ltr' id='par_1_107' title="bbox 2192 4518 3778 4590">
     <span class='ocr_line' id='line_1_107' title="bbox 2192 4518 3778 4590; baseline -0.001 -15"><span class='ocrx_word' id='word_1_878' title='bbox 2192 4536 2295 4575; x_wconf 90' lang='lat' dir='ltr'><strong>non</strong></span> <span class='ocrx_word' id='word_1_879' title='bbox 2326 4528 2558 4590; x_wconf 84' lang='lat' dir='ltr'><strong>oportet.</strong></span> <span class='ocrx_word' id='word_1_880' title='bbox 2590 4520 2685 4573; x_wconf 65' lang='lat' dir='ltr'><strong>Hae</strong></span> <span class='ocrx_word' id='word_1_881' title='bbox 2714 4520 2933 4590; x_wconf 89' lang='lat' dir='ltr'><strong>quidem</strong></span> <span class='ocrx_word' id='word_1_882' title='bbox 2960 4518 3102 4587; x_wconf 84' lang='lat' dir='ltr'><strong>apud</strong></span> <span class='ocrx_word' id='word_1_883' title='bbox 3144 4519 3387 4574; x_wconf 90' lang='lat' dir='ltr'><strong>homines</strong></span> <span class='ocrx_word' id='word_1_884' title='bbox 3418 4520 3606 4588; x_wconf 72' lang='lat' dir='ltr'><strong>posita:</strong></span> <span class='ocrx_word' id='word_1_885' title='bbox 3648 4527 3778 4573; x_wconf 81' lang='lat' dir='ltr'><strong>sunt</strong></span> 
     </span>
    </p>
   </div>
   <div class='ocr_carea' id='block_1_108' title="bbox 2193 4609 3775 4681">
    <p class='ocr_par' dir='ltr' id='par_1_108' title="bbox 2193 4609 3775 4681">
     <span class='ocr_line' id='line_1_108' title="bbox 2193 4609 3775 4681; baseline 0.001 -17"><span class='ocrx_word' id='word_1_886' title='bbox 2193 4610 2339 4681; x_wconf 83' lang='lat' dir='ltr'><strong>leges</strong></span> <span class='ocrx_word' id='word_1_887' title='bbox 2362 4651 2377 4675; x_wconf 88' lang='lat'><strong>,</strong></span> <span class='ocrx_word' id='word_1_888' title='bbox 2404 4611 2613 4665; x_wconf 85' lang='lat' dir='ltr'><strong>etiamsi</strong></span> <span class='ocrx_word' id='word_1_889' title='bbox 2656 4611 2795 4665; x_wconf 89' lang='lat' dir='ltr'><strong>Deus</strong></span> <span class='ocrx_word' id='word_1_890' title='bbox 2824 4611 2940 4664; x_wconf 91' lang='lat' dir='ltr'><strong>illas</strong></span> <span class='ocrx_word' id='word_1_891' title='bbox 2966 4621 3149 4680; x_wconf 81' lang='lat' dir='ltr'><strong>postea</strong></span> <span class='ocrx_word' id='word_1_892' title='bbox 3174 4612 3575 4665; x_wconf 78' lang='lat' dir='ltr'><strong>confirmaverit</strong></span> <span class='ocrx_word' id='word_1_893' title='bbox 3602 4626 3615 4662; x_wconf 87' lang='lat'><strong>:</strong></span> <span class='ocrx_word' id='word_1_894' title='bbox 3644 4609 3775 4665; x_wconf 87' lang='lat' dir='ltr'><strong>illud</strong></span> 
     </span>
    </p>
   </div>
   <div class='ocr_carea' id='block_1_109' title="bbox 2190 4702 3775 4772">
    <p class='ocr_par' dir='ltr' id='par_1_109' title="bbox 2190 4702 3775 4772">
     <span class='ocr_line' id='line_1_109' title="bbox 2190 4702 3775 4772; baseline -0.001 -16"><span class='ocrx_word' id='word_1_895' title='bbox 2190 4712 2368 4757; x_wconf 89' lang='lat' dir='ltr'><strong>autem</strong></span> <span class='ocrx_word' id='word_1_896' title='bbox 2396 4718 2425 4756; x_wconf 88' lang='lat' dir='ltr'><strong>a</strong></span> <span class='ocrx_word' id='word_1_897' title='bbox 2451 4712 2664 4769; x_wconf 86' lang='lat' dir='ltr'><strong>natura,</strong></span> <span class='ocrx_word' id='word_1_898' title='bbox 2690 4703 2829 4772; x_wconf 90' lang='lat' dir='ltr'><strong>quod</strong></span> <span class='ocrx_word' id='word_1_899' title='bbox 2860 4711 3088 4771; x_wconf 76' lang='lat' dir='ltr'><strong>tegatur,</strong></span> <span class='ocrx_word' id='word_1_900' title='bbox 3120 4702 3262 4769; x_wconf 91' lang='lat' dir='ltr'><strong>dico,</strong></span> <span class='ocrx_word' id='word_1_901' title='bbox 3297 4702 3378 4756; x_wconf 86' lang='lat' dir='ltr'><strong>vel</strong></span> <span class='ocrx_word' id='word_1_902' title='bbox 3410 4717 3516 4754; x_wconf 89' lang='lat' dir='ltr'><strong>non</strong></span> <span class='ocrx_word' id='word_1_903' title='bbox 3546 4710 3775 4770; x_wconf 71' lang='lat' dir='ltr'><strong>tegatur.</strong></span> 
     </span>
    </p>
   </div>
   <div class='ocr_carea' id='block_1_110' title="bbox 2193 4791 3781 4864">
    <p class='ocr_par' dir='ltr' id='par_1_110' title="bbox 2193 4791 3781 4864">
     <span class='ocr_line' id='line_1_110' title="bbox 2193 4791 3781 4864; baseline -0.003 -15"><span class='ocrx_word' id='word_1_904' title='bbox 2193 4798 2326 4849; x_wconf 85' lang='lat' dir='ltr'><strong>Cum</strong></span> <span class='ocrx_word' id='word_1_905' title='bbox 2352 4804 2531 4849; x_wconf 89' lang='lat' dir='ltr'><strong>autem</strong></span> <span class='ocrx_word' id='word_1_906' title='bbox 2559 4804 2803 4849; x_wconf 82' lang='lat' dir='ltr'><strong>naturam</strong></span> <span class='ocrx_word' id='word_1_907' title='bbox 2834 4796 3068 4863; x_wconf 81' lang='lat' dir='ltr'><strong>profero,</strong></span> <span class='ocrx_word' id='word_1_908' title='bbox 3098 4794 3264 4847; x_wconf 89' lang='lat' dir='ltr'><strong>Deum</strong></span> <span class='ocrx_word' id='word_1_909' title='bbox 3281 4791 3404 4846; x_wconf 92' lang='lat' dir='ltr'><strong>dico</strong></span> <span class='ocrx_word' id='word_1_910' title='bbox 3425 4808 3438 4843; x_wconf 92' lang='lat'>:</span> <span class='ocrx_word' id='word_1_911' title='bbox 3462 4791 3552 4844; x_wconf 89' lang='lat' dir='ltr'><strong>ille</strong></span> <span class='ocrx_word' id='word_1_912' title='bbox 3580 4792 3781 4864; x_wconf 82' lang='lat' dir='ltr'><strong>quippe</strong></span> 
     </span>
    </p>
   </div>
   <div class='ocr_carea' id='block_1_111' title="bbox 2196 4884 3782 4955">
    <p class='ocr_par' dir='ltr' id='par_1_111' title="bbox 2196 4884 3782 4955">
     <span class='ocr_line' id='line_1_111' title="bbox 2196 4884 3782 4955; baseline -0.002 -12"><span class='ocrx_word' id='word_1_913' title='bbox 2196 4899 2440 4943; x_wconf 86' lang='lat' dir='ltr'><strong>naturam</strong></span> <span class='ocrx_word' id='word_1_914' title='bbox 2469 4888 2693 4942; x_wconf 83' lang='lat' dir='ltr'><strong>creavit.</strong></span> <span class='ocrx_word' id='word_1_915' title='bbox 2725 4888 2858 4941; x_wconf 83' lang='lat' dir='ltr'><strong>Cum</strong></span> <span class='ocrx_word' id='word_1_916' title='bbox 2900 4902 3029 4955; x_wconf 75' lang='lat' dir='ltr'><strong>ergo</strong></span> <span class='ocrx_word' id='word_1_917' title='bbox 3058 4886 3320 4939; x_wconf 89' lang='lat' dir='ltr'><strong>terminos</strong></span> <span class='ocrx_word' id='word_1_918' title='bbox 3361 4884 3523 4939; x_wconf 76' lang='lat' dir='ltr'><strong>hosce</strong></span> <span class='ocrx_word' id='word_1_919' title='bbox 3548 4884 3782 4941; x_wconf 72' lang='lat' dir='ltr'><strong>subves-</strong></span> 
     </span>
    </p>
   </div>
   <div class='ocr_carea' id='block_1_112' title="bbox 2200 4974 3782 5047">
    <p class='ocr_par' dir='ltr' id='par_1_112' title="bbox 2200 4974 3782 5047">
     <span class='ocr_line' id='line_1_112' title="bbox 2200 4974 3782 5047; baseline 0.001 -16"><span class='ocrx_word' id='word_1_920' title='bbox 2200 4980 2350 5043; x_wconf 88' lang='lat' dir='ltr'><strong>teris,</strong></span> <span class='ocrx_word' id='word_1_921' title='bbox 2383 4978 2505 5031; x_wconf 88' lang='lat' dir='ltr'><strong>vide</strong></span> <span class='ocrx_word' id='word_1_922' title='bbox 2532 4985 2729 5047; x_wconf 84' lang='lat' dir='ltr'><strong>quanta</strong></span> <span class='ocrx_word' id='word_1_923' title='bbox 2761 4977 2886 5031; x_wconf 87' lang='lat' dir='ltr'><strong>hine</strong></span> <span class='ocrx_word' id='word_1_924' title='bbox 2926 4979 3171 5029; x_wconf 85' lang='lat' dir='ltr'><strong>oriantur</strong></span> <span class='ocrx_word' id='word_1_925' title='bbox 3194 4975 3411 5029; x_wconf 90' lang='lat' dir='ltr'><strong>damna.</strong></span> <span class='ocrx_word' id='word_1_926' title='bbox 3440 4974 3622 5045; x_wconf 84' lang='lat' dir='ltr'><strong>Neque</strong></span> <span class='ocrx_word' id='word_1_927' title='bbox 3651 4979 3782 5034; x_wconf 85' lang='lat' dir='ltr'><strong>mihi</strong></span> 
     </span>
    </p>
   </div>
   <div class='ocr_carea' id='block_1_113' title="bbox 2200 5070 3785 5143">
    <p class='ocr_par' dir='ltr' id='par_1_113' title="bbox 2200 5070 3785 5143">
     <span class='ocr_line' id='line_1_113' title="bbox 2200 5070 3785 5143; baseline 0.002 -19"><span class='ocrx_word' id='word_1_928' title='bbox 2200 5071 2302 5124; x_wconf 88' lang='lat' dir='ltr'><strong>hoc</strong></span> <span class='ocrx_word' id='word_1_929' title='bbox 2346 5070 2491 5123; x_wconf 83' lang='lat' dir='ltr'><strong>dicas</strong></span> <span class='ocrx_word' id='word_1_930' title='bbox 2536 5084 2757 5137; x_wconf 88' lang='lat' dir='ltr'><strong>parvum</strong></span> <span class='ocrx_word' id='word_1_931' title='bbox 2799 5085 2922 5123; x_wconf 90' lang='lat' dir='ltr'><strong>esse</strong></span> <span class='ocrx_word' id='word_1_932' title='bbox 2951 5077 3226 5137; x_wconf 73' lang='lat' dir='ltr'><strong>peccatum</strong></span> <span class='ocrx_word' id='word_1_933' title='bbox 3259 5086 3273 5122; x_wconf 92' lang='lat'><strong>:</strong></span> <span class='ocrx_word' id='word_1_934' title='bbox 3301 5084 3548 5139; x_wconf 78' lang='lat' dir='ltr'><strong>magnum</strong></span> <span class='ocrx_word' id='word_1_935' title='bbox 3588 5072 3785 5143; x_wconf 88' lang='lat' dir='ltr'><strong>quippe</strong></span> 
     </span>
    </p>
   </div>
   <div class='ocr_carea' id='block_1_114' title="bbox 2202 5160 3785 5234">
    <p class='ocr_par' dir='ltr' id='par_1_114' title="bbox 2202 5160 3785 5234">
     <span class='ocr_line' id='line_1_114' title="bbox 2202 5160 3785 5234; baseline 0.001 -18"><span class='ocrx_word' id='word_1_936' title='bbox 2202 5172 2285 5216; x_wconf 83' lang='lat' dir='ltr'><strong>est</strong></span> <span class='ocrx_word' id='word_1_937' title='bbox 2314 5176 2408 5229; x_wconf 87' lang='lat' dir='ltr'><strong>per</strong></span> <span class='ocrx_word' id='word_1_938' title='bbox 2436 5175 2495 5213; x_wconf 88' lang='lat' dir='ltr'><strong>se</strong></span> <span class='ocrx_word' id='word_1_939' title='bbox 2526 5177 2539 5210; x_wconf 89' lang='lat'><strong><em>:</em></strong></span> <span class='ocrx_word' id='word_1_940' title='bbox 2570 5174 2691 5213; x_wconf 87' lang='lat' dir='ltr'><strong>nam</strong></span> <span class='ocrx_word' id='word_1_941' title='bbox 2719 5171 2801 5215; x_wconf 88' lang='lat' dir='ltr'><strong>est</strong></span> <span class='ocrx_word' id='word_1_942' title='bbox 2838 5160 3214 5214; x_wconf 80' lang='lat' dir='ltr'><strong>inobedientia.</strong></span> <span class='ocrx_word' id='word_1_943' title='bbox 3247 5160 3469 5216; x_wconf 82' lang='lat' dir='ltr'><strong>Etiamsi</strong></span> <span class='ocrx_word' id='word_1_944' title='bbox 3501 5179 3630 5218; x_wconf 89' lang='lat' dir='ltr'><strong>vero</strong></span> <span class='ocrx_word' id='word_1_945' title='bbox 3656 5180 3785 5234; x_wconf 83' lang='lat' dir='ltr'><strong>par—</strong></span> 
     </span>
    </p>
   </div>
   <div class='ocr_carea' id='block_1_115' title="bbox 2202 5253 3790 5325">
    <p class='ocr_par' dir='ltr' id='par_1_115' title="bbox 2202 5253 3790 5325">
     <span class='ocr_line' id='line_1_115' title="bbox 2202 5253 3790 5325; baseline 0.002 -19"><span class='ocrx_word' id='word_1_946' title='bbox 2202 5270 2325 5306; x_wconf 77' lang='lat' dir='ltr'><strong>vum</strong></span> <span class='ocrx_word' id='word_1_947' title='bbox 2357 5262 2518 5314; x_wconf 84' lang='lat' dir='ltr'><strong>esset,</strong></span> <span class='ocrx_word' id='word_1_948' title='bbox 2544 5268 2791 5322; x_wconf 78' lang='lat' dir='ltr'><strong>magnum</strong></span> <span class='ocrx_word' id='word_1_949' title='bbox 2823 5253 2991 5318; x_wconf 82' lang='lat' dir='ltr'><strong>ﬁeret,</strong></span> <span class='ocrx_word' id='word_1_950' title='bbox 3017 5253 3139 5319; x_wconf 84' lang='lat' dir='ltr'><strong>quia</strong></span> <span class='ocrx_word' id='word_1_951' title='bbox 3160 5268 3468 5325; x_wconf 78' lang='lat' dir='ltr'><strong>magnarum</strong></span> <span class='ocrx_word' id='word_1_952' title='bbox 3494 5271 3676 5313; x_wconf 88' lang='lat' dir='ltr'><strong>rerum</strong></span> <span class='ocrx_word' id='word_1_953' title='bbox 3705 5264 3790 5310; x_wconf 87' lang='lat' dir='ltr'><strong>est</strong></span> 
     </span>
    </p>
   </div>
   <div class='ocr_carea' id='block_1_116' title="bbox 2204 5346 3785 5419">
    <p class='ocr_par' dir='ltr' id='par_1_116' title="bbox 2204 5346 3785 5419">
     <span class='ocr_line' id='line_1_116' title="bbox 2204 5346 3785 5419; baseline 0.001 -21"><span class='ocrx_word' id='word_1_954' title='bbox 2204 5347 2526 5418; x_wconf 77' lang='lat' dir='ltr'><strong>symbolum.</strong></span> <span class='ocrx_word' id='word_1_955' title='bbox 2552 5346 2703 5412; x_wconf 85' lang='lat' dir='ltr'><strong>Quod</strong></span> <span class='ocrx_word' id='word_1_956' title='bbox 2730 5356 2906 5399; x_wconf 86' lang='lat' dir='ltr'><strong>autem</strong></span> <span class='ocrx_word' id='word_1_957' title='bbox 2925 5362 3173 5416; x_wconf 81' lang='lat' dir='ltr'><strong>maguum</strong></span> <span class='ocrx_word' id='word_1_958' title='bbox 3196 5350 3285 5412; x_wconf 89' lang='lat' dir='ltr'><strong>sit,</strong></span> <span class='ocrx_word' id='word_1_959' title='bbox 3311 5350 3483 5419; x_wconf 77' lang='lat' dir='ltr'><strong>palam</strong></span> <span class='ocrx_word' id='word_1_960' title='bbox 3505 5367 3569 5411; x_wconf 74' lang='lat' dir='ltr'><strong>ex</strong></span> <span class='ocrx_word' id='word_1_961' title='bbox 3597 5365 3663 5404; x_wconf 90' lang='lat' dir='ltr'><strong>eo</strong></span> <span class='ocrx_word' id='word_1_962' title='bbox 3678 5358 3785 5410; x_wconf 85' lang='lat' dir='ltr'><strong>est,</strong></span> 
     </span>
    </p>
   </div>
   <div class='ocr_carea' id='block_1_117' title="bbox 2205 5438 3785 5510">
    <p class='ocr_par' dir='ltr' id='par_1_117' title="bbox 2205 5438 3785 5510">
     <span class='ocr_line' id='line_1_117' title="bbox 2205 5438 3785 5510; baseline -0.001 -19"><span class='ocrx_word' id='word_1_963' title='bbox 2205 5438 2347 5507; x_wconf 82' lang='lat' dir='ltr'><strong>quod</strong></span> <span class='ocrx_word' id='word_1_964' title='bbox 2375 5438 2555 5506; x_wconf 80' lang='lat' dir='ltr'><strong>generi</strong></span> <span class='ocrx_word' id='word_1_965' title='bbox 2576 5438 2810 5491; x_wconf 86' lang='lat' dir='ltr'><strong>humano</strong></span> <span class='ocrx_word' id='word_1_966' title='bbox 2827 5445 2933 5492; x_wconf 88' lang='lat' dir='ltr'><strong>tam</strong></span> <span class='ocrx_word' id='word_1_967' title='bbox 2957 5440 3233 5507; x_wconf 81' lang='lat' dir='ltr'><strong>pulchrum</strong></span> <span class='ocrx_word' id='word_1_968' title='bbox 3261 5443 3495 5510; x_wconf 70' lang='lat' dir='ltr'><strong>prmheat</strong></span> <span class='ocrx_word' id='word_1_969' title='bbox 3518 5442 3785 5497; x_wconf 84' lang='lat' dir='ltr'><strong>ordinem.</strong></span> 
     </span>
    </p>
   </div>
   <div class='ocr_carea' id='block_1_118' title="bbox 2210 5529 3789 5598">
    <p class='ocr_par' dir='ltr' id='par_1_118' title="bbox 2210 5529 3789 5598">
     <span class='ocr_line' id='line_1_118' title="bbox 2210 5529 3789 5598; baseline -0.002 -17"><span class='ocrx_word' id='word_1_970' title='bbox 2210 5532 2558 5598; x_wconf 76' lang='lat' dir='ltr'><strong>imperantem</strong></span> <span class='ocrx_word' id='word_1_971' title='bbox 2585 5538 2644 5582; x_wconf 83' lang='lat' dir='ltr'><strong>et</strong></span> <span class='ocrx_word' id='word_1_972' title='bbox 2685 5529 2977 5598; x_wconf 78' lang='lat' dir='ltr'><strong>subjeCtam</strong></span> <span class='ocrx_word' id='word_1_973' title='bbox 3022 5533 3073 5584; x_wconf 89' lang='lat' dir='ltr'><strong>iu</strong></span> <span class='ocrx_word' id='word_1_974' title='bbox 3118 5543 3307 5587; x_wconf 81' lang='lat' dir='ltr'><strong>ornatu</strong></span> <span class='ocrx_word' id='word_1_975' title='bbox 3336 5530 3549 5589; x_wconf 84' lang='lat' dir='ltr'><strong>decenti</strong></span> <span class='ocrx_word' id='word_1_976' title='bbox 3587 5529 3789 5581; x_wconf 63' lang='lat' dir='ltr'><strong>consti-</strong></span> 
     </span>
    </p>
   </div>
   <div class='ocr_carea' id='block_1_119' title="bbox 2212 5618 3793 5693">
    <p class='ocr_par' dir='ltr' id='par_1_119' title="bbox 2212 5618 3793 5693">
     <span class='ocr_line' id='line_1_119' title="bbox 2212 5618 3793 5693; baseline -0.002 -20"><span class='ocrx_word' id='word_1_977' title='bbox 2212 5630 2385 5673; x_wconf 84' lang='lat' dir='ltr'><strong>tuens.</strong></span> <span class='ocrx_word' id='word_1_978' title='bbox 2420 5621 2600 5688; x_wconf 77' lang='lat' dir='ltr'><strong>Itaque</strong></span> <span class='ocrx_word' id='word_1_979' title='bbox 2630 5621 2718 5689; x_wconf 89' lang='lat' dir='ltr'><strong>qui</strong></span> <span class='ocrx_word' id='word_1_980' title='bbox 2747 5622 3133 5693; x_wconf 78' lang='lat' dir='ltr'><strong>transgreditur</strong></span> <span class='ocrx_word' id='word_1_981' title='bbox 3156 5665 3173 5689; x_wconf 93' lang='lat'><strong>,</strong></span> <span class='ocrx_word' id='word_1_982' title='bbox 3199 5625 3377 5677; x_wconf 87' lang='lat' dir='ltr'><strong>omnia</strong></span> <span class='ocrx_word' id='word_1_983' title='bbox 3407 5618 3707 5678; x_wconf 78' lang='lat' dir='ltr'><strong>confundit,</strong></span> <span class='ocrx_word' id='word_1_984' title='bbox 3736 5630 3793 5671; x_wconf 87' lang='lat' dir='ltr'><strong>ct</strong></span> 
     </span>
    </p>
   </div>
   <div class='ocr_carea' id='block_1_120' title="bbox 2212 5713 3791 5787">
    <p class='ocr_par' dir='ltr' id='par_1_120' title="bbox 2212 5713 3791 5787">
     <span class='ocr_line' id='line_1_120' title="bbox 2212 5713 3791 5787; baseline -0.003 -17"><span class='ocrx_word' id='word_1_985' title='bbox 2212 5717 2307 5770; x_wconf 90' lang='lat' dir='ltr'><strong>Dei</strong></span> <span class='ocrx_word' id='word_1_986' title='bbox 2343 5717 2479 5770; x_wconf 88' lang='lat' dir='ltr'><strong>dona</strong></span> <span class='ocrx_word' id='word_1_987' title='bbox 2521 5716 2715 5784; x_wconf 87' lang='lat' dir='ltr'><strong>prodit,</strong></span> <span class='ocrx_word' id='word_1_988' title='bbox 2765 5727 2818 5771; x_wconf 91' lang='lat' dir='ltr'><strong>et</strong></span> <span class='ocrx_word' id='word_1_989' title='bbox 2862 5732 3092 5787; x_wconf 85' lang='lat' dir='ltr'><strong>superne</strong></span> <span class='ocrx_word' id='word_1_990' title='bbox 3140 5717 3242 5772; x_wconf 88' lang='lat' dir='ltr'><strong>sibi</strong></span> <span class='ocrx_word' id='word_1_991' title='bbox 3290 5716 3473 5769; x_wconf 85' lang='lat' dir='ltr'><strong>datum</strong></span> <span class='ocrx_word' id='word_1_992' title='bbox 3533 5713 3791 5766; x_wconf 76' lang='lat' dir='ltr'><strong>honorem</strong></span> 
     </span>
    </p>
   </div>
   <div class='ocr_carea' id='block_1_121' title="bbox 2214 5802 3794 5879">
    <p class='ocr_par' dir='ltr' id='par_1_121' title="bbox 2214 5802 3794 5879">
     <span class='ocr_line' id='line_1_121' title="bbox 2214 5802 3794 5879; baseline -0.003 -14"><span class='ocrx_word' id='word_1_993' title='bbox 2214 5810 2359 5865; x_wconf 81' lang='lat' dir='ltr'><strong>humi</strong></span> <span class='ocrx_word' id='word_1_994' title='bbox 2384 5808 2599 5879; x_wconf 83' lang='lat' dir='ltr'><strong>ahjicit;</strong></span> <span class='ocrx_word' id='word_1_995' title='bbox 2628 5825 2733 5863; x_wconf 89' lang='lat' dir='ltr'><strong>non</strong></span> <span class='ocrx_word' id='word_1_996' title='bbox 2768 5810 2849 5864; x_wconf 87' lang='lat' dir='ltr'><strong>vir</strong></span> <span class='ocrx_word' id='word_1_997' title='bbox 2880 5810 3038 5866; x_wconf 91' lang='lat' dir='ltr'><strong>modo</strong></span> <span class='ocrx_word' id='word_1_998' title='bbox 3059 5854 3074 5879; x_wconf 86' lang='lat'><strong>,</strong></span> <span class='ocrx_word' id='word_1_999' title='bbox 3103 5808 3198 5865; x_wconf 86' lang='lat' dir='ltr'><strong>sed</strong></span> <span class='ocrx_word' id='word_1_1000' title='bbox 3226 5806 3387 5862; x_wconf 86' lang='lat' dir='ltr'><strong>etiam</strong></span> <span class='ocrx_word' id='word_1_1001' title='bbox 3415 5804 3605 5860; x_wconf 90' lang='lat' dir='ltr'><strong>mulier</strong></span> <span class='ocrx_word' id='word_1_1002' title='bbox 3660 5802 3794 5863; x_wconf 79' lang='lat' dir='ltr'><strong>Nam</strong></span> 
     </span>
    </p>
   </div>
  </div>
