4004 6208
177 406 291 460 είε

180 521 277 574 καὶ
298 520 374 584 ὡς
405 519 683 589 ὁμότιμος.
721 519 829 571 Καὶ
857 521 887 571 6
914 518 1039 582 Υἱὸς
1070 518 1148 583 δὲ,
1178 521 1226 571 εί
1264 521 1354 573 καὶ
1387 522 1626 591 ὑπήκοος
1652 523 1748 591 γέ-

178 621 297 672 γονε
325 603 403 673 τῷ
435 602 611 673 Πατρὶ
631 642 645 663 ,
682 601 794 654 ἀλλ’
846 603 921 665 ὡς
955 604 1082 665 Υἰὸς
1112 603 1277 664 Θεοῦ,
1327 604 1441 656 ἀλλ’
1482 605 1557 667 ὡς
1590 606 1742 669 Θεός.

179 687 387 755 Ὠσπερ
419 686 528 755 γὰρ
560 684 759 739 πλείων
786 687 819 756 ή
1030 683 1202 738 πειθὼ
1230 686 1308 755 τῷ
1340 686 1453 756 Υίῷ
1487 686 1621 753 πρὸς
1655 689 1747 739 τὸν

177 770 414 838 Πατέρα,
445 769 480 841 ἢ
508 770 622 831 τοῖς
658 768 964 839 ἀνθρώποις
998 768 1134 839 πρὸς
1164 770 1292 831 τοὺς
1325 768 1743 837 γεγεννηκότας·

175 852 314 905 οὕτω
345 852 442 905 καὶ
470 853 504 917 ἠ
526 851 819 920 ἐλευθερία
857 852 1078 922 μείζων.
1105 853 1182 905 Οὐ
1212 852 1321 923 7&9
1348 852 1523 922 δήπου
1547 852 1617 903 τὰ
1648 853 1747 921 μὲν

174 934 262 986 τοῦ
298 933 435 986 Υίοῦ
473 936 610 1005 πρὸς
642 935 734 988 τὸν
775 935 990 1005 Πατέρα
1041 935 1263 1003 μείζονα
1298 932 1406 986 τῶν
1445 933 1746 1003 ἀνθρώπων

172 1018 261 1069 καὶ
313 1016 681 1087 γνησιώτερα,
730 1018 799 1071 τὰ
836 1018 893 1071 δὲ
930 1017 1022 1070 τοῦ
1060 1018 1273 1088 [ἰατρὸς
1304 1017 1443 1089 πρὸς
1490 1016 1582 1068 τὸν
1620 1016 1745 1068 Υίὺν

170 1101 451 1154 ἐλάττονα.
484 1101 547 1152 Εἰ
569 1101 676 1170 7&9
706 1100 1055 1171 θαυμάζομεν
1082 1101 1174 1153 τὸν
1202 1101 1352 1164 Υἰὸν,
1385 1101 1467 1152 ὄτι
1499 1099 1743 1168 ὑπήκου-

170 1202 279 1246 σεν,
311 1185 388 1245 ὡς
414 1186 509 1237 καὶ
533 1185 693 1254 μέχρι
718 1183 950 1237 θανάτου
980 1182 1175 1247 ἐλθεῖν,
1203 1185 1298 1236 καὶ
1322 1182 1553 1235 θανάτου
1580 1198 1743 1233 σταυ-

167 1267 284 1339 ροῦ,
302 1270 400 1321 καὶ
420 1266 602 1336 θαῦμα
617 1268 784 1319 αὐτοῦ
808 1268 948 1337 μέγα
970 1265 1230 1335 τιθέμεθα
1246 1265 1422 1318 τοῦτο·
1441 1264 1743 1334 θαυμάζειν

160 1354 239 1405 δεῖ
267 1351 368 1402 καὶ
394 1352 487 1403 τὸν
518 1351 734 1421 Πατέρα
752 1388 769 1413 ,
797 1352 883 1403 ὅτι
902 1348 1142 1402 τοιοῦτον
1177 1348 1466 1419 ἐγέννησεν
1486 1389 1501 1413 ,
1532 1351 1631 1421 οὐχ
1667 1350 1743 1413 ὡς

159 1434 348 1485 δοῦλον
378 1433 816 1504 ἐπιταττόμενον,
842 1432 957 1485 ἀλλ’
984 1432 1059 1494 ὡς
1088 1430 1372 1500 ἐλεύθερον
1396 1432 1741 1485 ὑπακούοντα

161 1520 253 1569 καὶ
294 1518 601 1588 σύμϐουλον
634 1518 793 1569 ὄντα·
834 1517 865 1568 6
905 1514 1015 1585 7&9
1057 1514 1363 1584 σύμϐουλος
1413 1515 1476 1568 οὐ
1529 1515 1737 1579 δοῦλος.

160 1601 475 1671 Σύμϐουλον
501 1600 559 1653 δέ
580 1601 707 1653 ὅταν
728 1598 966 1669 ἀκούσῃς
988 1598 1174 1661 πάλιν,
1199 1597 1276 1667 μὴ
1304 1597 1379 1656 ὡς
1408 1597 1501 1649 τοῦ
1527 1597 1740 1667 ﬂat-96¢

157 1684 353 1745 ἐνδεῶς
382 1683 596 1752 ἔχοντος
626 1682 812 1746 ἀκουε,
856 1681 972 1735 ἀλλ’
1007 1680 1085 1744 ὡς
1110 1680 1205 1733 τοῦ
1248 1680 1443 1742 Παιδὸς
1471 1680 1735 1749 όμοτίμου

156 1768 294 1837 πρὸς
320 1767 415 1818 τὸν
444 1766 832 1835 γεγεννηκότα.
865 1764 955 1835 Μὴ
987 1764 1169 1816 τοίνυν
1200 1765 1280 1825 εἰς
1315 1761 1492 1815 πάντα
1525 1761 1650 1813 ἐλκε
1676 1761 1738 1812 τὸ

158 1850 508 1919 παράδειγμα
531 1847 626 1899 τοῦ
649 1846 840 1918 ἀνδρὸς
871 1849 965 1900 καὶ
995 1846 1097 1916 τῆς
1133 1845 1410 1914 γυναικός.
1445 1844 1582 1915 Παρ⁹
1604 1846 1736 1915 ημῖν

159 1933 255 2001 μὲν
294 1932 405 2003 γὰρ
443 1931 668 1994 εἰκότως
705 1930 1067 1985 ὑποτέτακται
1105 1928 1182 1998 τῷ
1206 1929 1365 1997 ἀνδρὶ
1410 1929 1445 1999 ἡ
1497 1929 1659 1996 γυνή·
1702 1928 1735 1998 ἢ

154 2018 259 2086 7&9
301 2015 547 2084 ἰσοτιμία
583 2015 764 2085 μάχην
804 2017 967 2066 ποιεῖ·
1011 2014 1107 2065 καὶ
1136 2013 1197 2065 οὐ
1226 2013 1316 2065 διά
1357 2011 1516 2065 τοῦτο
1550 2013 1733 2083 μόνον,

153 2102 291 2153 αλλά
330 2100 425 2152 καὶ
454 2099 542 2151 διὰ
568 2098 667 2167 τὴν
705 2098 922 2165 ἀπάτην
950 2096 1049 2166 τὴν
1080 2094 1232 2165 παρά
1262 2095 1362 2165 τὴν
1387 2095 1564 2165 ἀρχὴν
1596 2112 1735 2163 συμ-

152 2187 353 2238 ϐᾶσαν.
390 2184 493 2236 Διά
518 2199 601 2235 τοι
625 2180 784 2233 τοῦτο
811 2180 1078 2250 γενομένη
1131 2180 1231 2248 μὲν
1271 2178 1474 2241 εὐθέως
1502 2179 1603 2248 οὐχ
1631 2179 1734 2229 ὐπο

151 2269 349 2336 ετάγη·
382 2266 506 2319 οὗτε
532 2265 660 2318 όταν
687 2264 856 2332 αὐτὴν
879 2264 1059 2333 ἤγαγε
1090 2264 1228 2332 πρὸς
1260 2261 1351 2313 τὸν
1386 2259 1578 2331 ἀνδρα,
1606 2258 1733 2311 οὐτε

151 2356 290 2427 αὐτὴ
316 2353 521 2426 ἢκουσέ
546 2370 598 2405 τι
624 2352 773 2422 παρὰ
801 2350 896 2404 τοῦ
924 2350 1059 2403 Θεοῦ
1087 2350 1348 2413 τοιοῦτον,
1375 2348 1501 2403 οὐτε
1531 2351 1561 2402 6
1589 2349 1732 2420 ἀνὴρ

148 2438 267 2493 εἶπέ
298 2458 353 2493 τι
383 2439 522 2511 πρὸς
552 2438 721 2507 αὐτὴν
752 2434 1013 2488 τοιοῦτον·
1042 2434 1158 2487 ἀλλ’
1196 2434 1280 2486 ὅτι
1325 2435 1423 2503 μέν
1450 2431 1643 2486 ὀστοῦν
1669 2434 1733 2486 ἐκ

147 2523 257 2576 τῶν
286 2524 465 2576 ὀστῶν
487 2521 674 2584 αὐτοῦ,
699 2522 791 2573 καὶ
820 2518 956 2590 σὰρξ
977 2520 1041 2571 ἐκ
1064 2517 1173 2571 τῶν
1203 2516 1423 2588 σαρκῶν
1451 2516 1617 2571 αὐτοῦ
1640 2513 1729 2587 ἢν,

146 2606 322 2662 εἶπεν·
350 2608 526 2677 ἀρχῆς
542 2607 601 2659 δὲ
632 2603 870 2674 οὐδαμοῦ
894 2603 1014 2656 οὐδὲ
1040 2602 1321 2671 ὑποταγῆς
1356 2602 1732 2673 ἐμνημόνευσε

149 2693 287 2764 πρὸς
317 2691 527 2759 αὐτήν·
559 2690 647 2749 ὅτε
677 2688 734 2739 δέ
764 2686 951 2747 κακῶς
979 2686 1250 2755 ἐχρήσατο
1277 2688 1346 2755 τῇ
1372 2685 1610 2755 ἐξουσίᾳ,
1640 2688 1734 2738 καὶ

145 2779 177 2845 ἡ
212 2772 486 2842 γενομένη
537 2770 728 2841 βοηθὸς
784 2769 1069 2830 ἐπίϐουλος
1122 2767 1352 2837 εὑρέθη,
1401 2770 1497 2820 καὶ
1552 2768 1732 2821 πάντα

145 2857 423 2915 ἀπώλεσε.
454 2855 581 2908 τότε
608 2853 794 2906 ἀκούει
821 2850 1045 2915 δικαίως
1073 2851 1278 2905 λοιπόν·
1309 2852 1469 2920 Πρὸς
1493 2853 1602 2906 τὸν
1625 2858 1731 2907 ἀν.

145 2940 257 3008 δρα
284 2953 404 2993 σου
432 2940 470 3006 ή
512 2934 865 3004 ἀποστροφή
894 2952 1032 2989 σου.
1073 2932 1296 3005 Ἐπειδὴ
1336 2935 1446 3004 7&9
1486 2935 1634 2999 εἰκὸς
1660 2931 1730 3007 ἦν

145 3026 244 3094 τὴν
303 3021 581 3093 ἁμαρτίαν
637 3019 847 3090 ταύτην
903 3018 1288 3089 ἐκπολεμῶσαι
1346 3020 1409 3072 τὸ
1460 3019 1617 3088 γένος
1666 3019 1742 3074 τὸ·

145 3107 416 3177 ἡμέτερον
445 3103 604 3174 (οὐδέ
635 3102 740 3173 γὰρ
771 3103 837 3155 ἂν
875 3102 1052 3173 ὤνησέ
1088 3119 1141 3154 τι
1180 3105 1261 3165 είς
1304 3104 1527 3174 εἰρήνην
1564 3104 1626 3157 τὸ
1670 3105 1729 3172 ἐξ

144 3189 314 3243 αὐτοῦ
338 3187 690 3256 γεγενῆσθαι,
716 3185 907 3237 τούτου
941 3186 1281 3254 συμϐάντος’
1314 3187 1434 3239 ἀλλ’
1468 3188 1599 3241 αὐτὸ
1623 3189 1729 3256 μὲν

143 3270 235 3327 οὖν
262 3275 424 3325 τοῦτο
449 3270 546 3323 καὶ
589 3270 921 3341 τραχύτερον
956 3271 1023 3323 ἂν
1052 3270 1275 3339 ἐποίησε
1316 3271 1407 3324 τὸν
1446 3272 1637 3343 ἄνδρα,
1669 3277 1729 3329 τὺ

149 3355 283 3423 μηδὲ
324 3353 421 3405 τοῦ
473 3352 676 3406 οἰκείου
728 3352 1017 3420 φείσασθαι
1068 3352 1263 3422 μέλους
1319 3354 1417 3425 τὴν
1463 3356 1522 3422 ἐξ
1558 3357 1727 3411 αὑτοῦ

146 3436 447 3506 γενομένην
552 3435 777 3493 συνιδὼν
804 3435 903 3506 τὴν
930 3434 1023 3489 τοῦ
1049 3436 1296 3490 διαϐόλου
1331 3441 1669 3509 κακουργίαν
1698 3445 1728 3497 6

145 3520 299 3583 Θεὸς,
332 3518 640 3589 ἐπετείχισε
660 3520 811 3570 τουτὶ
837 3520 896 3571 τὸ
925 3520 1097 3590 ῥῆμα,
1137 3522 1231 3591 καί
1254 3521 1352 3592 τὴν
1381 3524 1448 3576 ἐκ
1474 3527 1573 3595 τῆς
1608 3528 1727 3581 ιπι-

145 3601 344 3670 ϐουλῆς
376 3599 674 3668 μέλλουσαν
707 3600 1005 3668 ἀπέχθειαν
1029 3601 1250 3655 ἔσεσθαι
1275 3603 1364 3655 διά
1390 3606 1491 3675 τῆς
1513 3607 1726 3674 ἀποφά-

145 3701 284 3746 σεως
313 3684 520 3751 ταύτης
550 3682 748 3746 ἀνεῖλε,
784 3686 877 3736 καὶ
904 3682 1003 3753 τῆς
1030 3685 1328 3755 ἐπιθυμίας
1352 3686 1453 3759 τῆς
1476 3689 1723 3758 ἐμφύτου

143 3768 401 3835 καθάπερ
433 3766 743 3836 μεσότοιχον
784 3768 1146 3831 κατασπάσας
1181 3768 1282 3839 τὴν
1309 3771 1375 3822 ἐκ
1414 3769 1742 3843 τῆς-άμαρο’

139 3854 263 3914 τίας
293 3850 681 3921 μνησικακίαν.
724 3851 861 3903 Ἀλλ’
882 3852 977 3904 ἐπὶ
994 3851 1097 3905 τοῦ
1112 3852 1249 3906 Θεοῦ
1266 3854 1486 3925 καὶτῆς
1518 3856 1726 3928 ἀκηρά-

137 3958 235 3993 του
257 3940 447 4003 οὐσίας
475 3938 691 4008 ἐκείνης
716 3939 863 3993 οὐδὲν
884 3939 1128 3992 τοιοῦτον
1172 3939 1320 3995 ἐστιν
1359 3943 1718 3999 ὑποπτεῦσαι.

139 4024 235 4094 δείὴ
255 4024 440 4076 τοίνυν
465 4021 608 4075 κατά
630 4024 847 4075 πάντων
867 4021 1021 4091 δέχου
1040 4022 1112 4077 τά
1136 4025 1556 4095 παραδείγματα
1601 4029 1722 4080 ἐπεὶ

137 4112 234 4163 καὶ
255 4107 492 4178 ἀλλαχοῦ
516 4106 688 4159 πολλά
706 4107 956 4160 ἐντεῦθεν
979 4108 1286 4180 ἀπαντήσει
1304 4110 1520 4179 χαλεπά
1540 4113 1721 4182 ἀμαρ-

134 4196 385 4264 τήματα.
416 4192 522 4244 Καὶ
551 4190 659 4259 γάρ
689 4192 788 4243 καὶ
816 4191 875 4242 ἐν
913 4193 1222 4261 προοιμίοις
1258 4193 1359 4262 τῆς
1401 4195 1721 4266 Ἐπιστολῆς

134 4277 296 4341 ἔλεγε
318 4292 332 4305 ·
366 4274 569 4327 Πάντα
589 4273 754 4342 ὑμῶν
775 4273 966 4335 ἐστιν,
1002 4274 1171 4343 ὑμεῖς
1192 4274 1262 4327 δὲ
1282 4277 1561 4343 Χριστοῦ,
1587 4281 1721 4346 Χρι-

132 4358 289 4421 στὸς
316 4354 388 4407 δὲ
417 4355 585 4408 Θεοῦ.

205 4455 279 4516 γ’.
301 4448 366 4499 Τί
394 4444 520 4511 οῦν;
551 4446 751 4515 ὁμοίως
777 4446 935 4517 ἡμῶν
965 4447 1033 4500 τὰ
1067 4450 1266 4512 πάντα,
1305 4450 1399 4503 καὶ
1426 4453 1587 4522 ἡμεῖς
1624 4454 1718 4508 τοῦ

139 4526 402 4601 Χριστοῦ,
450 4532 543 4583 καὶ
574 4532 603 4583 6
638 4531 873 4601 Χριστὸς
916 4530 1010 4584 τοῦ
1059 4530 1227 4595 Θεοῦ;
1260 4533 1545 4603 Οὐδαμῶς,
1583 4536 1719 4591 ἀλλά

137 4618 231 4668 καὶ
282 4616 400 4674 τοῖς
453 4614 656 4684 σφόδρα
710 4615 957 4684 ἀνοήτοις
983 4615 1116 4686 δήλη
1145 4617 1177 4685 ἡ
1202 4615 1455 4687 διαφορά,
1486 4620 1535 4671 εἰ
1564 4623 1655 4675 καὶ
1681 4625 1715 4693 ή

137 4695 280 4765 αὐτὴ
312 4696 468 4765 ῥῆσις
498 4697 589 4749 ἐπὶ
621 4695 715 4748 τοῦ
744 4696 879 4773 Θεοῦ
924 4698 1018 4751 καὶ
1045 4697 1139 4750 τοῦ
1168 4700 1406 4771 Χριστοῦ
1441 4703 1534 4754 καὶ
1562 4705 1719 4773 ἡμῶν

136 4779 372 4849 εἴρηται.
401 4778 511 4830 Καὶ
532 4776 764 4848 ἀλλαχοῦ
792 4771 850 4831 δέ
870 4780 1109 4851 κεφαλὴν
1130 4782 1298 4836 εἰπὼν
1319 4783 1411 4837 τὸν
1431 4771 1719 4857 ἀνδρα-τῆς

137 4858 419 4927 γυναικὸς,
449 4862 749 4929 ἐπήγαγεν·
783 4860 995 4933 Ὠσπερ
1040 4864 1134 4916 καὶ⁵
1162 4866 1191 4917 6
1229 4866 1464 4934 Χριστὸς
1506 4871 1716 4941 κεφαλὴ

133 4943 231 4996 καὶ
252 4942 447 5011 Σωτήρ
476 4944 593 4995 ἐστι
613 4944 711 5015 τῆς
751 4944 1075 5015 Ἐκκλησίας
1102 4948 1196 4998 καὶ
1221 4951 1548 5019 προστάτης,
1575 4952 1719 5007 οὕτω

132 5029 226 5081 καὶ
247 5028 277 5079 6
299 5025 440 5093 ἀνὴρ
458 5026 664 5092 ὀφείλει
691 5028 792 5098 τῆς
819 5028 982 5080 αὐτοῦ
1008 5033 1264 5096 γυναικὸς
1291 5029 1446 5085 εἶναι.
1474 5028 1601 5105 Ἆρ’
1622 5038 1716 5090 οὖν

131 5108 339 5181 ὁμοίως
366 5106 715 5178 ἐκληψόμεθα
753 5111 816 5163 τὺ
865 5112 1177 5183 εἰρημένον,
1210 5113 1305 5174 καὶ
1329 5112 1485 5166 τοῦτο
1520 5118 1616 5168 καὶ
1650 5121 1717 5174 τὰ

138 5193 279 5263 μετά
310 5189 499 5243 θύτου
524 5190 738 5272 ἅπαντα
774 5196 1041 5265 Ἐφεσίοις
1070 5198 1445 5267 ἐπεσταλμένα
1470 5200 1599 5270 περὶ
1617 5202 1715 5272 τῆς

132 5274 445 5334 ὑποθέσεως
493 5270 730 5343 ταύτηςς
765 5280 1015 5347 Ἀπαγεί
1051 5280 1172 5333 οὐδὲ
1205 5281 1313 5349 7&9
1354 5280 1596 5333 δυνατόν.
1634 5270 1714 5337 Τά

132 5368 243 5427 γάρ
290 5356 425 5409 αὐτὰ
468 5357 685 5422 ῥήματα
739 5358 952 5426 λέγεται
1000 5363 1098 5431 μὲν
1141 5362 1231 5414 ἐπὶ
1264 5360 1400 5414 Θεοῦ
1438 5362 1589 5434 [25!]
1622 5369 1715 5419 καί

130 5443 454 5509 ἀνθρώπων·
496 5438 613 5489 ἀλλ’
650 5438 852 5509 ἑτέρως
893 5444 993 5511 μὲν
1030 5447 1212 5498 ἐκεῖνα
1242 5444 1478 5515 νοητέον,
1515 5449 1714 5516 ἑτέρως

124 5528 184 5579 δέ
229 5524 424 5577 ταῦτα·
457 5522 519 5574 οὐ
563 5521 673 5591 μὴν
710 5523 869 5576 πάλιν
898 5530 1075 5582 πάντα
1112 5528 1553 5599 ἐξηλλαγμένως·
1590 5534 1715 5585 ἐπεὶ

128 5608 293 5661 πάλιν
328 5607 452 5677 εἰκῆ
494 5605 587 5658 καὶ
620 5606 793 5675 μάτην
823 5612 1190 5678 παρειλῆφθαι
1232 5612 1392 5677 δόξει,
1423 5614 1576 5665 οὐδὲν
1616 5618 1711 5668 ἀπ’

128 5690 307 5741 αὐτῶν
359 5690 754 5761 καρπουμένων
807 5691 983 5758 ἡμῶν.
1030 5694 1241 5765 ’Ὥσπερ
1269 5697 1375 5766 γὰρ
1430 5698 1486 5750 οὐ
1534 5700 1711 5751 πάντα

128 5772 327 5839 69054»;
366 5773 687 5843 ἐκληπτέον,
723 5771 896 5836 οὕτως
924 5774 1045 5827 οὐδὲ
1074 5776 1252 5828 πάντα
1295 5779 1475 5841 ἁπλῶς
1511 5781 1709 5853 ἐκϐλη-

124 5855 265 5907 τέον.
300 5854 417 5906 Ἵνα
451 5855 508 5907 δὲ
546 5856 577 5908 ὃ
602 5857 764 5925 λέγω,
793 5857 1016 5927 γένηται
1055 5860 1402 5930 σαφέστερον,
1444 5865 1537 5916 ἐπὶ
1583 5866 1712 5919 ὐπο-

127 5934 417 6005 ίείγματος
439 5937 570 5990 αὐτὸ
595 5940 926 6010 πειράσομαι
954 5942 1173 6011 ποιῆσαι
1205 5947 1451 6013 φανερόν.
1483 5948 1707 6020 Εἴρηται

1182 402 1250 457 ΙΝ
1294 404 1512 460 El’IST.
1547 406 1567 459 l
1606 407 1697 461 AD
1729 407 1889 465 (ΞΟΠ.
1923 408 2160 465 1101111..
2205 409 2368 464 XXVI

1858 525 2065 594 κεφαλὴ
2099 529 2198 595 τῆς
2228 526 2547 595 Ἑκκλησίας
2573 530 2600 581 6
2636 529 2884 598 Χριστός·
2920 529 2985 583 ἀν
3015 529 3178 601 μηδὲν
3199 529 3308 582 ἀπὸ
3330 547 3425 584 του

1858 607 2200 675 ἀνθρωπίνου
2238 608 2406 675 λάϐω,
2438 610 2489 661 τί
2537 628 2625 679 μοι
2663 613 2755 665 καὶ
2783 611 2997 682 εἴρηται
3037 612 3229 684 τοῦτοί
3258 614 3428 667 Πάλιν

1856 692 1922 745 ἂν
1959 691 2171 745 ἅπαντα
2215 692 2381 756 λάϐω,
2436 694 2603 764 πολλὴ
2644 694 2831 763 ἕψεται
2879 697 2913 765 ἡ
2959 694 3169 763 ἀλογία·
3194 696 3427 767 καὶγὰρ

1852 774 2186 846 ὁμοιοπαθὴς
2220 774 2554 847 τῷὶσώματι
2598 778 2631 847 ἠ
2682 776 2910 847 κεφαλὴ,
2946 778 3039 830 καὶ⁵
3086 781 3199 840 τοῖς
3241 779 3424 841 αὐτοῖς

1855 856 2170 920 ὑπεύθυνος.
2188 859 2253 912 Τί
2280 855 2374 913 οὖν
2397 860 2480 913 δεῖ
2497 862 2734 929 ἀφεῖναι,
2768 862 2806 935 ἢ
2835 862 2888 915 τί
2918 861 3141 929 λαϐεῖν;
3184 862 3424 931 Ἀφεῖναι

1856 939 1955 1009 μὲν
1982 940 2157 994 ταῦτα
2185 941 2222 995 ἀ
2242 939 2417 1007 εἷπον,
2447 944 2631 998 λαϐεῖν
2668 946 2723 998 δὲ
2748 946 2941 999 ἕνωσιν
2964 946 3187 1016 ἀκριϐῆ,
3219 946 3315 999 καὶ
3338 950 3426 999 αἰ-

1851 1024 1971 1076 τίαν
2009 1024 2102 1078 καί
2131 1026 2306 1095 ἀρχὴν
2328 1039 2355 1066 ι
2377 1028 2478 1096 τὴν
2501 1028 2743 1098 πρώτην·
2770 1028 3003 1082 καὶούδέ
3020 1027 3191 1082 ταῦτα
3215 1027 3421 1091 ἁπλῶς,

1851 1107 1988 1161 άλλά
2014 1108 2107 1161 καὶ
2127 1109 2361 1162 ἐνταῦθα
2391 1110 2453 1162 τὸ
2481 1111 2663 1180 μεῖζον
2690 1111 2903 1165 οίκοθεν
2930 1114 3161 1166 ἐπινοεῖν
3188 1112 3285 1165 καὶ
3302 1110 3423 1181 Θεῷ

1852 1192 2080 1261 πρέπον·
2118 1193 2212 1244 καὶ
2239 1191 2348 1263 7&9
2377 1195 2410 1263 ή
2436 1194 2627 1258 ἓνωσις
2660 1195 3062 1266 ἀσφαλεστέρα.
3098 1196 3191 1249 καὶ
3214 1198 3248 1265 ἡ
3279 1196 3422 1266 ἀρχὴ

1849 1270 2165 1339 τιμιωτέρα.
2199 1271 2367 1325 Πάλιν
2399 1272 2638 1344 ἦκουσας
2673 1274 2819 1327 Υίόν·
2854 1275 2930 1345 μὴ
2960 1274 3136 1329 πάντα
3170 1272 3311 1345 μηδέ
3335 1275 3424 1327 ἐν-

1848 1352 2023 1405 ταῦθα
2072 1354 2259 1426 λάϐῃς,
2302 1355 2438 1408 ἀλλά
2476 1356 2618 1433 μηδὲ
2667 1357 2843 1410 πάντα
2885 1355 3142 1427 ἐκϐάλῃς,
3178 1355 3294 1409 ἀλλ’
3326 1355 3425 1409 ὃσα

1847 1434 1968 1502 Θεῷ
1996 1438 2194 1508 πρέπει
2231 1438 2540 1510 δεξάμενος,
2571 1441 2653 1493 ὅτι
2680 1440 2982 1511 δμοούσιος,
3022 1441 3103 1495 ὅτι
3141 1438 3201 1503 ἐξ
3234 1439 3422 1501 αὐτοῦ,

1846 1514 1915 1566 τά
1959 1514 2134 1569 ἄτοπα
2183 1520 2279 1572 καὶ
2328 1519 2610 1583 ἀσθενείας
2652 1522 2783 1572 δντα
2812 1520 3179 1591 ἀνθρωπίνης,
3209 1519 3301 1571 ἐπὶ
3322 1518 3424 1586 τῆς

1844 1598 1951 1666 γῆς
1974 1601 2057 1652 ἔα.
2088 1600 2317 1672 Εἴρηται
2348 1605 2465 1674 φῶς
2484 1609 2513 1659 6
2531 1605 2664 1668 Θεὸς
2693 1605 2873 1659 πάλιν·
2900 1598 2988 1674 ἆρ’
3012 1600 3104 1657 οὖν
3134 1604 3312 1658 πάντα
3336 1602 3423 1655 δε-

1846 1683 2069 1751 ξόμεθα.
2107 1687 2208 1739 ὅσα
2240 1688 2335 1739 τοῦ
2369 1674 2808 1758 φοηὺς⁵’τούτού;
2836 1688 3102 1760 Οὐδαμῶς
3122 1702 3138 1717 ’
3171 1688 3265 1741 καὶ
3313 1686 3423 1757 7&9

1844 1768 1961 1819 ἐκεῖ
1997 1767 2075 1837 τῷ
2104 1770 2281 1839 σκότῳ
2314 1771 2471 1824 τοῦτο
2504 1774 2597 1825 καὶ
2618 1773 2766 1843 τόπῳ
2796 1771 3185 1844 περικλείεται,
3211 1770 3306 1823 καὶ
3330 1769 3422 1837 ὑφ’

1844 1850 2036 1919 ἐτέρας
2060 1855 2288 1907 κινεῖται
2307 1854 2589 1925 δυνάμεως
2619 1857 2717 1909 καὶ
2733 1854 3137 1917 ἐπισκιάζεται·
3160 1846 3239 1905 ὧν
3267 1851 3423 1905 οὐδὲν

1842 1933 1964 1987 οὐδέ
2013 1934 2260 2007 ἐννοῆσαι
2313 1938 2468 2008 θέμις
2519 1940 2613 1992 ἐπὶ
2650 1940 2749 2010 τῆς
2774 1938 2966 2001 οὐσίας
3002 1936 3237 2007 ἐκείνης.
3284 1934 3423 1987 Ἀλλ’

1842 2016 1965 2071 οὐδὲ
1995 2019 2175 2075 πάντα
2219 2020 2310 2074 διά
2354 2021 2513 2076 τοῦτο
2552 2023 2910 2094 ἐκϐαλοῦμεν,
2940 2021 3077 2076 ἀλλὰ
3113 2019 3426 2092 δρεψόμεθά

1841 2118 1899 2156 τι
1924 2103 2020 2155 καὶ
2048 2106 2318 2176 χρήσιμον
2349 2106 2459 2161 ἀπὸ
2501 2107 2596 2162 τοῦ
2636 2108 3100 2179 παραδείγματος,
3128 2104 3221 2158 τὸν
3257 2119 3424 2173 φανει-

1841 2186 1985 2254 σμδν
2022 2189 2113 2240 τὸν
2153 2192 2219 2242 ἐκ
2249 2190 2343 2243 τοῦ
2390 2190 2527 2245 Θεοῦ
2570 2193 2855 2261 γινόμενον
2899 2194 3051 2261 ἡμῖν,
3086 2188 3185 2261 τὴν
3225 2188 3291 2241 ἐκ
3325 2186 3422 2240 τοῦ

1842 2268 2069 2331 σκότους
2116 2273 2441 2346 ἀπαλλαγὴν
2489 2276 2554 2328 ἐκ
2596 2275 2787 2329 τούτου
2834 2275 3180 2340 συνάγοντες.
3216 2269 3328 2324 Καὶ
3354 2270 3425 2321 τά

1842 2350 1943 2420 μὲν
1994 2353 2132 2421 πρὸς
2179 2357 2490 2425 αίρετικοὺς
2533 2358 2736 2412 ταῦτα·
2769 2358 2859 2411 δεῖ
2896 2356 2955 2410 δέ
3002 2357 3099 2410 καὶ
3143 2352 3424 2425 ὁλοκλήρῳ

1840 2433 2023 2486 λοιπὸν
2067 2436 2375 2501 ἐπεξελθεῖν
2416 2440 2495 2510 τῷ
2532 2441 2738 2514 χωρίῳ.
2770 2442 2931 2503 Ἴσως
2978 2439 3085 2509 γὰρ
3124 2437 3191 2490 ἄν
3217 2454 3302 2499 τις
3337 2433 3423 2487 ω-

1838 2515 2012 2570 ταῦθα
2066 2519 2162 2571 καὶ
2204 2519 2579 2593 διαπορήσειε,
2626 2523 2765 2595 πρὸς
2812 2522 3003 2577 ἐαυτὸν
3032 2518 3233 2590 ζητῶν,
3267 2520 3421 2572 ποῖον

1838 2600 2092 2674 ἔγκλημα
2126 2598 2195 2675 ἦν
2223 2604 2285 2657 τὸ
2310 2605 2785 2660 ἀνακαλύπτεσθαι
2819 2607 2921 2670 τὰς
2946 2605 3228 2675 γυναῖκας,
3254 2602 3288 2673 ἢ
3324 2605 3422 2657 καὶ

1840 2686 2208 2743 καλύπτεσθαι
2235 2692 2358 2755 τοὺς
2392 2690 2616 2763 ἀνδραςζ
2646 2691 2805 2743 Ποῖον
2831 2685 2926 2743 οὖν
2955 2688 3207 2763 ἔγκλημα
3236 2684 3416 2748 τοῦτο.

1838 2769 2088 2825 ἐντεῦθεν
2129 2773 2232 2844 ἥδη
2278 2756 2550 2845 μάνθανε·
2596 2772 2849 2845 Σύμϐολα
2887 2756 3293 2839 δέδοταιᾶνδρι
3316 2771 3419 2830 ,καὶ

1837 2856 2058 2930 γυναικὶ
2084 2856 2254 2909 πολλὰ
2292 2858 2392 2926 μὲν
2429 2862 2523 2912 καὶ
2552 2850 2735 2930 ἕτερα,
2766 2857 2847 2928 τῷ
2880 2856 2979 2928 μὲν
3004 2855 3103 2926 τῆς
3128 2854 3329 2926 ἀρχῆς,
3349 2856 3417 2924 τῇ

1836 2922 1894 2988 δέ
1915 2936 2017 3004 τῆς
2048 2922 2345 3009 ὑποταγῆς·
2378 2940 2516 3011 μετά
2542 2941 2613 2994 δέ
2629 2922 2853 2994 ἐκείνων
2880 2922 2975 3007 καὶ.
3000 2922 3184 3003 τοῦτο,
3201 2922 3271 2991 τδ
3287 2922 3418 2992 ταύέ

1835 3034 1935 3091 την
1962 3020 2060 3091 μὲν
2088 3020 2478 3089 καλύπτεσθαι,
2500 3023 2686 3077 τοῦτον
2712 3023 2771 3076 δὲ
2796 3021 3009 3093 γυμνὴν
3034 3021 3179 3092 εχειν
3206 3020 3305 3092 τὴν
3331 3037 3421 3075 κε-

1837 3105 2032 3177 φαλήν.
2070 3107 2132 3159 Εἰ
2162 3107 2337 3162 τοίνυν
2394 3107 2636 3179 σύμϐολα
2680 3105 2857 3162 ταῦτά
2907 3107 3072 3172 ἐστιν,
3118 3106 3417 3177 ἀμφότεροι

1836 3189 2207 3259 ἁμαρτάνουσι
2248 3192 2348 3262 τὴν
2388 3190 2641 3257 εὐταξίαν
2684 3190 3023 3262 συγχέοντες,
3054 3190 3150 3243 καὶ
3182 3190 3284 3259 τὴν
3319 3187 3418 3243 τοῦ

1835 3272 1969 3325 Θεοῦ
1990 3273 2269 3345 διαταγὴν,
2292 3274 2384 3328 καὶ
2405 3276 2529 3338 τοὺς
2548 3275 2779 3337 οἰκείους
2799 3271 3214 3343 ὑπερϐαίνοντες
3232 3266 3414 3345 ὅρους.

1836 3357 1931 3409 καῖ
1963 3356 1997 3407 6
2023 3357 2121 3427 μέν
2151 3360 2232 3422 είς
2260 3358 2359 3428 τὴν
2390 3357 2609 3428 ἐκείνης
2649 3357 3009 3411 καταπίπτων
3041 3355 3340 3420 εὐτέλειαν,
3379 3359 3414 3426 ἡ

1834 3438 1891 3492 δέ
1918 3440 2321 3512 ἐπανισταμένη
2353 3440 2432 3511 τῷ
2453 3441 2606 3509 ἀνδρὶ
2635 3438 2722 3493 διὰ
2754 3438 2849 3491 τοῦ
2882 3441 3179 3510 σχήματος.
3206 3439 3271 3492 Εἰ
3306 3438 3415 3509 7&9

1838 3522 2050 3591 ίμάτιον
2111 3522 2449 3577 ἐναλλάττειν
2507 3524 2568 3576 οὐ
2629 3522 2805 3592 θέμις,
2874 3521 2994 3573 οὐδὲ
3056 3520 3264 3591 ταύτην
3316 3520 3415 3591 μὲν

1833 3607 2054 3676 χλανίδα
2093 3606 2455 3679 περικεῖσθαι,
2488 3608 2694 3659 ἐκεῖνον
2724 3606 2782 3658 δέ
2814 3604 3043 3677 φάροςῆ
3076 3604 3412 3676 καλύπτραν·

1837 3693 1959 3743 Οὐκ
1987 3690 2159 3743 ἔσται
2199 3690 2327 3761 7&9,
2359 3690 2514 3760 φησὶ,
2544 3690 2736 3756 σκεύη
2767 3687 2988 3755 ἀνδρὸς
3022 3688 3119 3741 ἐπὶ
3152 3690 3412 3758 71ml.

1830 3772 1974 3825 οὐδὲ
2015 3772 2333 3825 ἐνδύσεται
2370 3773 2528 3839 ἀνὴρ
2566 3770 2805 3839 στολὴν
2834 3772 3205 3838 γυναικείαν·
3234 3770 3414 3841 πολλῷ

1834 3857 2035 3927 μᾶλλον
2058 3856 2233 3909 ταῦτα
2258 3854 2717 3909 ἀνταλλάττεσθαι
2742 3854 2804 3907 οὐ
2836 3855 2936 3911 δεῖ.
2966 3854 3152 3909 Ταῦτα
3173 3855 3275 3925 μέν
3303 3856 3413 3926 γὰρ

1830 3940 1981 4014 παρὰ
2013 3940 2121 3994 τῶν
2147 3940 2449 4012 ἀνθρώπων
2476 3938 2911 4009 νενομοθέτηται,
2962 3939 3011 3992 εί
3058 3940 3154 3993 καί⁸
3198 3941 3228 3992 6
3277 3938 3408 4002 Θεὸς

1830 4024 2055 4096 ὕστερον
2076 4023 2216 4079 αύτά
2242 4021 2537 4095 ἐκύρωσεν·
2572 4026 2749 4077 ἐκεῖνο
2774 4021 2833 4076 δὲ
2861 4020 3013 4093 παρὰ
3033 4024 3133 4092 τῆς
3169 4021 3403 4089 φύσεως,

1828 4110 1887 4162 τὸ
1923 4106 2295 4161 καλύπτεσθαι
2319 4107 2483 4176 λέγω,
2512 4108 2608 4161 καὶ
2631 4107 2693 4159 τὸ
2718 4105 2793 4177 μὴ
2824 4106 3212 4161 καλύπτεσθαι.
3238 4107 3405 4160 Ὅταν

1827 4191 1883 4243 δέ
1916 4193 2056 4245 είπω
2091 4191 2189 4261 τὴν
2221 4192 2417 4265 φύσιν,
2444 4192 2534 4244 τὸν
2566 4190 2699 4244 Θεδν
2725 4190 2887 4262 λέγω·
2918 4190 2948 4243 6
2967 4189 3076 4262 7&9
3106 4190 3204 4262 τὴν
3244 4189 3405 4260 φύσιν

1827 4275 2257 4347 δημιουργήσας,
2280 4277 2440 4342 αὐτός
2460 4278 2626 4331 ἐστιν.
2652 4278 2820 4332 Ὅταν
2842 4272 2937 4332 οὖν
2953 4275 3081 4338 τοὺς
3100 4276 3261 4344 ὄρους
3280 4276 3405 4329 ἀνα-

1827 4361 2033 4431 τρέπῃς
2060 4359 2302 4425 τούτους,
2343 4363 2443 4435 ὅρα
2482 4363 2625 4416 πόσα
2656 4363 2865 4431 γίνεται
2893 4362 2962 4418 τά
2979 4363 3270 4434 ἐπιϐλαδῆ.
3294 4365 3403 4418 Καὶ

1830 4445 1903 4513 μή
1961 4462 2051 4513 μοι
2076 4443 2237 4497 τοῦτο
2266 4445 2447 4515 εἴπῃς,
2481 4446 2561 4499 ὄτι
2598 4449 2793 4518 μικρὸν
2835 4448 2896 4502 τὸ
2934 4442 3397 4521 ἁμαρτανόμενον·

1830 4527 1972 4593 μέγα
2005 4527 2103 4593 μέν
2144 4527 2254 4597 γάρ
2286 4529 2423 4591 ἐστι,
2470 4529 2563 4580 καὶ
2612 4532 2736 4582 καθ’
2774 4532 2952 4587 ἐαυτό·
3001 4532 3255 4603 παρακοὴ
3296 4532 3404 4602 γάρ

1827 4607 1977 4677 1252]
1998 4610 2164 4661 ἐστιν·
2192 4610 2255 4661 Εἰ
2274 4609 2330 4661 δέ
2352 4610 2446 4663 καὶ
2471 4612 2663 4681 μικρὸν
2684 4609 2775 4684 ἦν,
2797 4614 2939 4683 μέγα
2964 4614 3193 4682 ἐγίνετο,
3216 4614 3403 4681 ἐπειδὴ

1830 4691 2079 4759 μεγάλων
2100 4692 2217 4745 ἐστὶ
2238 4691 2505 4763 σύμϐολον
2525 4696 2886 4765 πραγμάτων.
2914 4696 3108 4750 Ὀτιδέ
3138 4698 3235 4751 καὶ
3258 4697 3401 4765 μέγα

1825 4774 1961 4837 ἐστὶ,
1990 4774 2147 4844 δῆλον
2177 4774 2235 4841 ἐξ
2269 4768 2343 4827 ὧν
2374 4776 2644 4846 τοσαύτην
2674 4778 2930 4842 εὐταξίαν
3074 4780 3223 4847 γένει
3254 4796 3395 4850 παρ-

1825 4854 1960 4924 έχει,
1990 4857 2081 4909 τὸν
2113 4857 2349 4928 ἄρχοντα
2393 4859 2486 4912 καί⁵
2517 4858 2607 4911 τὸν
2638 4861 2940 4931 ἀρχόμενον
2984 4863 3044 4914 ἐν
3071 4861 3262 4933 κόσμῳ
3285 4861 3401 4916 δια-

1825 4938 2036 4990 τάττον.
2069 4938 2234 4991 Ὥστε
2264 4942 2292 4992 ὁ
2326 4940 2701 5010 παραϐαίνων,
2732 4946 2909 4998 πάντα
2956 4948 3163 5015 συγχεῖ,
3211 4945 3402 4998 καὶτὰ

1822 5018 1917 5070 τοῦ
1947 5018 2081 5071 Θεοῦ
2116 5021 2403 5089 προδίδωσι
2449 5020 2614 5094 δῶρα,
2646 5027 2741 5079 καὶ
2769 5026 2866 5097 τὴν
2901 5027 3105 5079 ἄνωθεν
3137 5027 3285 5095 αύτῷ
3311 5028 3397 5081 δο-

1824 5098 2008 5150 θεῖσαν
2059 5099 2223 5167 τιμὴν
2278 5102 2453 5168 χαμαὶ
2494 5103 2695 5171 ῥίπτει,
2743 5106 2840 5173 οὐχ
2874 5108 2902 5155 6
2933 5106 3071 5175 ἀνὴρ
3107 5106 3163 5171 δέ
3216 5107 3396 5175 μόνον,

1823 5180 1958 5234 ἀλλὰ
2000 5181 2091 5233 καὶ
2128 5184 2161 5250 ἡ
2192 5183 2349 5251 γυνή.
2384 5184 2488 5234 Καὶ
2520 5200 2629 5250 γαρ
2662 5187 2755 5237 καί
2784 5186 2963 5257 ἐκείνῃ
2991 5188 3123 5259 τιμὴ
3168 5190 3399 5261 μεγίστη

1822 5264 1883 5315 τὸ
1902 5263 1999 5333 τὴν
2021 5264 2225 5316 οἰκείαν
2246 5264 2395 5328 τάξιν
2414 5264 2707 5337 διατηρεῖν,
2728 5266 2917 5326 ὥσπερ
2934 5266 3026 5323 οῦν
3047 5272 3139 5326 καὶ
3168 5274 3397 5344 αἰσχύνη

1821 5345 1881 5395 τὸ
1913 5346 2240 5408 στασιάζειν.
2273 5348 2472 5419 Διόπερ
2504 5352 2590 5403 ἐπ’
2613 5353 2936 5424 ἀμφοτέρων
2970 5355 3101 5409 αὐτὸ
3133 5360 3394 5417 τέθεικεν.

1819 5428 1962 5478 οὕτω
2003 5427 2192 5495 λέγων·
2224 5433 2348 5495 Πας
2381 5432 2538 5501 ἀνὴρ
2570 5438 3057 5505 προσευχόμενος
3089 5440 3127 5507 ἢ
3166 5456 3395 5509 προφη-

1820 5510 2008 5591 τεύων
2038 5511 2187 5564 κατὰ
2228 5514 2501 5582 κεφαλῆς
2531 5517 2709 5585 ἔχων,
2748 5522 3138 5591 καταισχύνει
3162 5522 3278 5584 τὴν
3303 5540 3401 5575 κε-

1820 5587 2027 5660 φαλὴν
2056 5593 2263 5647 αὐτοῦ·
2289 5597 2459 5652 πᾶσα
2512 5599 2580 5652 δὲ
2634 5601 2789 5669 Τυνὴ
2851 5587 3308 5674 προσευχομένη
3355 5606 3395 5672 ἢ

1820 5678 2282 5742 προφητεύουσα
2321 5681 2798 5747 ἀκατακαλύπτῳ
2836 5686 2909 5753 τῇ
2952 5687 3212 5756 κεφαλῇ.
3258 5706 3394 5743 κατ-

1819 5761 2093 5826 αισχύνει
2150 5760 2260 5829 τὴν
2313 5765 2589 5833 κεφαλὴν
2636 5769 2847 5837 αὐτῆς.
2876 5767 3055 5825 Ἦσαν
3097 5774 3227 5841 γὰρ,
3253 5770 3394 5842 ὅπερ

1819 5915 1905 6013 καῖ
1924 5904 2195 6013 έὶξξῖξξαιω·
2216 5908 2245 5954 ἃ
2268 5909 2397 5956 εἷπον
2420 5910 2679 5971 δεῖ,>αϐεῖν
2702 5916 2754 5964 δὲ
2776 5918 2841 5963 ἕν.
2864 5918 2971 5983 amp.
2994 5923 3074 5969 καί
3098 5922 3265 5986 ἀρχήν,
3290 5923 3398 5978 sine

3319 416 3424 470 3&6
3532 409 3536 414 ’
