4022 6214
212 323 320 379 217

215 437 483 493 maximus
530 443 678 489 certe
725 439 805 488 est
854 431 1024 484 honor
1075 428 1184 489 ille,
1224 426 1498 496 proprium
1549 423 1796 476 Ordinem

215 543 458 592 servare,
489 532 545 578 ιιι
574 523 746 594 pudor
775 531 858 576 est
884 522 1023 574 inter
1050 533 1108 573 se
1128 516 1407 571 dissidere.
1440 513 1800 580 Quamobrem

216 621 269 671 in
301 617 542 685 utrisque
573 615 675 668 hoc
716 613 927 683 posuit,
963 611 1149 665 dicens
1184 627 1195 661 :
1229 609 1282 662 4.
1329 606 1507 658 Omnis
1546 606 1621 656 vir
1650 619 1802 656 orans

215 718 304 760 aut
349 710 655 776 prophetam
693 705 855 757 velato
886 705 1068 771 capite,
1088 701 1336 768 'deturpat
1384 707 1537 766 caput
1587 712 1733 749 suum
1782 711 1800 748 :

215 800 268 852 5.
293 799 454 852 omnis
479 807 643 851 autem
667 796 849 849 mulier
884 811 1034 848 orans
1063 802 1149 845 aut
1180 793 1488 861 prophetans
1513 804 1612 841 non
1640 786 1802 840 velato

214 891 382 957 capite
405 930 420 954 ,
452 890 688 956 deturpat
713 896 865 956 caput
892 901 1058 945 suum.
1089 885 1252 937 Erant
1282 882 1423 935 enim
1447 922 1460 944 ,
1495 891 1553 933 ut
1573 879 1682 932 dixi
1709 919 1721 941 ,
1750 887 1804 930 et

219 984 316 1036 viri
350 992 404 1036 et
433 983 688 1036 nmliercs
734 978 1148 1049 proplretatttes,
1180 985 1234 1029 et
1266 976 1518 1028 mulieres
1551 983 1673 1024 tunc
1703 970 1803 1022 hoc

218 1074 417 1126 donum
452 1073 705 1126 habentes
730 1113 742 1135 ,
778 1080 837 1124 ut
861 1070 1087 1137 Philippi
1126 1067 1266 1131 ﬁlim,
1297 1077 1352 1118 ut
1379 1066 1498 1117 alite
1527 1075 1579 1120 et
1606 1072 1728 1116 ante
1750 1072 1804 1115 et

218 1176 337 1235 post
379 1166 536 1229 illas;
568 1164 635 1218 de
679 1145 1114 1232 quibus'dicebat
1145 1161 1272 1212 olim
1324 1157 1583 1226 propheta
1619 1172 1630 1207 :
1676 1154 1807 1206 1)νο-

219 1259 495 1326 phetabunt
527 1259 623 1325 ﬁlii
669 1258 853 1320 vestri,
889 1266 933 1308 et
958 1255 1079 1320 ﬁliae
1109 1262 1280 1304 vestra:
1327 1251 1539 1303 visiones
1569 1248 1807 1301 videbunt

218 1349 380 1416 (Joel.
414 1350 466 1402 2.
499 1349 614 1417 98).
653 1349 835 1401 \‘irum
884 1362 1042 1414 porro
1074 1360 1179 1396 non
1207 1357 1420 1408 semper
1447 1342 1658 1394 detecto
1687 1352 1806 1391 esse

215 1442 392 1507 capite
411 1441 584 1508 jubet,
618 1438 710 1492 sed
741 1453 862 1490 cum
894 1445 1008 1488 orat
1038 1443 1241 1487 tantum
1281 1451 1291 1485 :
1328 1432 1503 1484 Omnis
1533 1431 1676 1484 enim
1708 1431 1801 1491 vir,

219 1533 424 1599 inquit,
465 1547 618 1582 orans
647 1538 733 1580 aut
767 1528 1071 1597 prophetans
1112 1535 1284 1595 aperto
1327 1528 1521 1592 capite,
1570 1522 1807 1586 deturpat

218 1633 371 1691 caput
399 1639 543 1674 suum
579 1638 594 1673 :
633 1622 908 1674 mulierem
942 1629 1118 1672 autem
1151 1632 1364 1685 semper
1406 1625 1542 1668 tt-cto
1575 1628 1692 1666 esse
1721 1627 1808 1664 ca-

223 1716 332 1782 pite
364 1714 536 1781 jubet.
582 1712 941 1780 Quamobrem
968 1727 1088 1764 cum
1117 1710 1340 1762 dixisset
1370 1725 1384 1762 :
1428 1707 1602 1759 ()mnis
1627 1705 1808 1757 mulier

221 1821 376 1857 orans
402 1813 488 1856 aut
516 1803 825 1871 prophetans
857 1818 958 1853 non
985 1809 1158 1870 operto
1179 1800 1358 1865 capite,
1395 1799 1629 1863 delurpal
1657 1804 1809 1874 caput

199 1911 371 1966 [suum
396 1913 414 1959 ;
439 1912 541 1949 non
568 1895 652 1948 hic
677 1894 935 1958 constitit,
960 1893 1052 1946 sed
1078 1899 1432 1959 proscquutus
1454 1899 1557 1952 est,
1582 1887 1768 1941 dicens
1794 1902 1805 1937 :

200 1983 396 2066 liUnum
423 1990 554 2041 enim
592 1999 662 2042 est
689 2005 748 2040 ac
775 1988 818 2039 si
848 1987 1148 2039 decalvetur.
1183 1983 1333 2049 Quod
1363 1983 1407 2036 si
1453 1995 1667 2050 semper
1692 1991 1811 2034 esse

199 2081 401 2140 irasam
433 2088 588 2148 turpe
615 2089 698 2133 est
720 2119 734 2140 ,
764 2078 939 2146 palam
974 2089 1057 2130 est
1093 2077 1254 2130 etiam
1303 2089 1516 2142 semper
1544 2072 1808 2127 detectam

222 2189 364 2237 esse,
396 2173 689 2241 opprobrio
715 2174 869 2224 verti.

293 2265 348 2328 4,
372 2263 690 2334 Nequeth
717 2264 885 2316 solum
917 2263 1046 2315 satis
1076 2261 1255 2314 habuit
1278 2303 1290 2324 ,
1324 2260 1415 2313 sed
1445 2273 1631 2312 rursus
1659 2257 1813 2310 addi-

221 2357 335 2410 dit:
368 2355 454 2410 10.
489 2355 644 2410 Debet
678 2356 860 2408 mulier
903 2365 1198 2422 potestatem
1245 2352 1426 2405 habere
1476 2367 1626 2420 super
1661 2360 1814 2418 caput

220 2465 373 2502 suum
402 2458 606 2517 propter
626 2447 852 2515 angelos.
876 2447 1117 2500 Ostendit
1142 2461 1246 2498 non
1285 2444 1542 2499 orationis
1574 2454 1814 2511 tempore

227 2551 471 2604 tantum,
524 2539 617 2592 sed
671 2541 831 2591 etiam
886 2546 1145 2604 perpetuo
1209 2537 1326 2588 illas
1371 2535 1475 2603 tegi
1540 2544 1807 2603 oportere.

226 2630 411 2683 Virum
442 2639 622 2682 autem
663 2643 767 2681 non
800 2628 929 2680 item
968 2627 1034 2679 de
1081 2633 1411 2694 legumento,
1434 2625 1524 2678 sed
1555 2625 1621 2677 de
1662 2640 1813 2678 coma

225 2723 457 2776 instituit
490 2739 503 2776 :
535 2721 782 2790 prohibet
831 2731 1006 2773 autem
1052 2734 1118 2772 ne
1163 2729 1370 2784 tegatur
1407 2733 1526 2770 cum
1555 2729 1672 2770 orat
1703 2728 1817 2770 tau.

226 2826 371 2880 tum,
426 2829 636 2868 comam
686 2821 863 2866 autem
907 2813 1050 2865 alere
1109 2827 1322 2879 semper
1377 2811 1641 2879 prohibet.
1695 2811 1818 2864 ideo

227 2907 364 2960 sicut
390 2906 458 2961 de
488 2907 712 2960 muliere
734 2903 868 2958 dixit
898 2922 910 2956 :
940 2905 992 2958 6.
1025 2904 1084 2958 Si
1122 2913 1288 2957 autem
1317 2919 1416 2955 non
1451 2902 1657 2966 veletur,
1701 2912 1817 2954 ton-

227 3000 411 3051 deatur
437 3015 455 3050 .'
484 2999 561 3053 sic
590 3005 646 3052 et
673 2997 740 3050 de
768 2997 884 3050 viro
918 3014 930 3048 :
962 2995 1023 3049 Si
1047 3011 1245 3048 comam
1273 2995 1496 3058 nutriat,
1539 2994 1818 3063 ignominia

229 3102 300 3144 est
324 3093 422 3145 illi.
450 3090 565 3146 Non
594 3089 756 3151 dixit,
791 3088 846 3142 Si
876 3097 1103 3158 tegatur,
1141 3087 1255 3152 sed,
1290 3075 1579 3141 Siicomam
1608 3087 1815 3140 nutriat.

231 3184 356 3239 ideo
374 3185 426 3237 in
450 3183 709 3252 principio
727 3182 895 3235 dixit:
924 3181 1101 3234 Omnis
1121 3182 1196 3233 vir
1213 3197 1362 3233 orans
1386 3189 1470 3231 aut
1489 3186 1817 3248 prophetnns,

229 3294 382 3345 super
409 3285 561 3344 caput
592 3276 797 3327 habens.
843 3273 956 3327 Non
991 3274 1139 3337 dixit,
1175 3272 1424 3342 Opertus,
1481 3273 1593 3336 sed,
1651 3273 1823 3341 Super

232 3377 384 3438 caput
407 3368 623 3428 habens;
642 3365 928 3419 ostendens
946 3363 1084 3434 quod
1104 3365 1309 3417 etiamsi
1333 3369 1476 3416 nudo
1494 3373 1608 3417 oret
1626 3367 1818 3431 capite,

234 3476 444 3516 comam
491 3471 666 3514 autem
699 3461 920 3520 habeat,
964 3475 1057 3526 par
1086 3459 1157 3510 sit
1185 3457 1257 3510 illi
1284 3459 1370 3526 qui
1413 3466 1632 3525 opertus
1659 3466 1818 3509 esset.

235 3551 392 3608 Carna
421 3554 585 3616 enim,
619 3555 806 3621 inquit,
838 3570 929 3621 pro
972 3553 1216 3605 velamine
1247 3553 1343 3618 ipsi
1371 3551 1489 3602 data
1517 3562 1607 3604 est.
1631 3551 1700 3603 Si
1731 3569 1824 3602 au-

237 3658 334 3699 tem
356 3664 458 3700 non
484 3647 678 3699 velatur
699 3645 899 3708 mulier,
937 3645 1203 3697 tondeatur
1231 3660 1247 3696 :
1278 3644 1319 3696 si
1347 3655 1513 3695 autem
1563 3652 1706 3711 turpe
1754 3651 1824 3694 est

237 3743 436 3796 mulieri
457 3741 746 3793 tonderiaut
766 3741 897 3804 radi,
923 3739 1125 3791 veletur.
1145 3737 1196 3791 lu
1215 3737 1469 3806 principio
1486 3737 1625 3789 enim
1646 3745 1824 3789 ut‘nou

238 3835 440 3889 nudum
489 3834 684 3888 habeat
723 3842 882 3901 caput
938 3831 1161 3900 requirit
1195 3849 1207 3882 :
1242 3844 1558 3899 progressus
1603 3838 1779 3881 autem
1807 3869 1821 3893 ,

239 3936 298 3977 ut
325 3941 539 3994 semper
580 3939 712 3998 non.
743 3924 942 3977 nudum
994 3924 1186 3977 habeat
1226 3924 1558 3984 subindicat,
1599 3907 1779 3973 dicens
1805 3961 1822 3984 ,

244 4015 418 4070 Unum
459 4017 602 4069 enim
631 4026 702 4068 est
733 4032 791 4066 ac
817 4021 858 4067 si
888 4032 1003 4068 rasa
1030 4018 1090 4068 sit
1116 4034 1132 4078 ,'
1164 4025 1216 4069 et
1245 4031 1362 4068 cum
1391 4016 1532 4067 omni
1567 4014 1742 4067 studio
1765 4027 1827 4065 ac

240 4106 538 4176 diligentia.
560 4105 672 4157 Non
696 4106 837 4158 enim
863 4115 918 4157 ut
950 4107 1151 4158 veletur
1172 4115 1226 4158 et
1250 4114 1456 4172 tegatur
1484 4105 1641 4157 modo
1666 4105 1823 4166 dixit,

243 4200 338 4255 sed
370 4209 426 4252 ut
452 4207 783 4266 contegatur,
813 4207 865 4251 ut
891 4198 958 4249 sit
982 4197 1216 4263 undique
1239 4205 1486 4248 accurate
1509 4195 1823 4263 Composita.

244 4296 315 4350 Et
341 4310 462 4349 cum
491 4294 542 4346 in
571 4293 952 4346 absurditatem
985 4307 1095 4344 rem
1129 4290 1362 4351 deducit,
1389 4289 1590 4358 pudore
1622 4287 1828 4340 suffun-

244 4389 342 4449 dit,
375 4385 722 4441 vehementer
769 4386 1042 4438 incessens
1071 4399 1132 4437 ac
1171 4383 1352 4436 dicens
1385 4401 1396 4436 :
1428 4383 1485 4436 Si
1512 4391 1680 4434 autem
1729 4398 1828 4433 non

245 4481 459 4542 velatur,
508 4476 790 4529 tondeatur.
831 4474 959 4527 Nam
988 4475 1028 4528 si
1062 4474 1246 4542 abjicis
1288 4482 1649 4542 tegmnentum
1686 4461 1828 4524 tibia

251 4572 365 4638 lege
394 4571 484 4622 Dei
517 4567 721 4630 datum,
757 4566 945 4634 inquit,
977 4568 1135 4619 etiam
1187 4566 1236 4618 id
1266 4565 1406 4634 quod
1438 4565 1530 4617 tibi
1578 4579 1604 4615 ο
1641 4573 1826 4617 patara

249 4660 432 4712 datum
455 4669 558 4720 est,
587 4658 778 4727 abjice.
806 4655 955 4721 Quod
985 4655 1028 4708 si
1054 4656 1173 4724 quis
1202 4655 1396 4709 dixerit
1432 4675 1441 4707 :
1477 4655 1540 4707 Et
1566 4655 1831 4722 quomodo

250 4748 381 4802 illud
409 4749 620 4802 mulieri
651 4758 803 4816 turpe
826 4745 1008 4807 fuerit,
1034 4747 1074 4798 si
1098 4745 1163 4797 ad
1184 4747 1282 4798 viri
1310 4746 1528 4814 gloriam
1559 4745 1826 4798 ascendit?

251 4837 380 4892 illud
411 4837 730 4902 dixerimus,
765 4853 870 4890 non
894 4835 1202 4898 ascendere,
1240 4836 1331 4888 sed
1360 4852 1389 4889 a
1423 4838 1639 4904 proprio
1668 4837 1818 4890 exei-

249 4931 382 4984 derc
414 4929 636 4984 honore.
671 4929 803 4984 Nam
833 4930 971 4982 inter
1010 4926 1252 4997 proprios
1285 4929 1540 4981 terminos
1568 4942 1671 4980 non
1718 4944 1832 4981 ma-

251 5036 385 5078 nere
413 5030 465 5094 et
495 5021 642 5090 leges
669 5037 698 5075 a
730 5022 1033 5080 Deo‘latas,
1068 5018 1158 5072 sed
1204 5017 1320 5070 illas
1352 5019 1662 5087 transgredi,
1725 5035 1829 5072 non

247 5114 492 5171 accessio
512 5121 616 5178 est,
640 5114 730 5168 sed
759 5116 1075 5168 imminutio.
1096 5110 1550 5180 Quemadmodum
1574 5115 1713 5165 enim
1742 5113 1831 5180 qui

249 5209 424 5262 aliena
455 5205 804 5274 conCUpiscit,
833 5216 1026 5276 etquae
1068 5221 1171 5259 non
1199 5220 1290 5259 sua
1321 5215 1442 5258 sunt
1469 5206 1682 5274 abripit,
1726 5221 1830 5259 non

248 5298 378 5367 quid
430 5295 654 5366 amplius
681 5298 880 5365 accepit
910 5337 925 5357 ,
968 5291 1077 5351 "sed
1109 5295 1425 5350 detrimento
1453 5307 1534 5349 est
1575 5295 1795 5351 aﬂ‘ectus
1816 5339 1829 5359 ,

248 5372 504 5458 quodque
535 5386 759 5440 habebat
783 5386 1043 5452 perdidit;
1074 5387 1124 5440 id
1148 5387 1288 5456 quod
1318 5388 1475 5440 etiam
1505 5387 1556 5438 in
1587 5388 1832 5452 paradiso

249 5480 476 5547 contigit
502 5479 622 5534 :.sic
659 5486 713 5533 ct
747 5476 936 5530 mulier
962 5490 1065 5527 non
1092 5478 1283 5544 accipit
1325 5477 1421 5530 viri
1466 5476 1792 5531 nobilitatem
1814 5519 1828 5544 ,

249 5567 350 5624 sed
387 5578 442 5623 et
465 5569 704 5625 mulieris
735 5568 1066 5630 honeStatem
1099 5569 1330 5633 amittit;
1364 5585 1462 5625 uec
1493 5570 1613 5623 inde
1658 5571 1829 5624 solum

250 5661 379 5715 huic
407 5663 714 5730 ignominia,
738 5661 830 5718 sed
849 5661 1007 5716 etiam
1027 5659 1092 5714 ab
1115 5658 1345 5714 habendi
1369 5663 1672 5731 cupiditate.
1699 5660 1829 5716 Cum

252 5766 384 5823 ergo
411 5754 787 5825 assumpsissct
816 5754 868 5810 id
897 5752 1039 5826 quod
1057 5761 1207 5825 turpe
1227 5767 1346 5810 esse
1375 5752 1429 5809 in
1451 5755 1695 5812 confesso
1721 5761 1822 5822 est,

1216 309 1282 364 IN
1322 307 1536 364 EPIST.
1578 307 1598 360 l
1660 305 1752 361 AD
1789 303 1946 361 COR.
1988 301 2216 359 HOMIL.
2259 303 2451 362 XXVI.

3382 306 3486 358 ἳῐὸ

1910 428 1964 474 et
1992 419 2215 475 dixisset
2246 438 2262 478 :
2302 421 2363 476 Si
2393 431 2561 474 autem
2599 430 2742 489 turpe
2787 433 2856 476 est
2905 423 3105 476 mulieri
3158 425 3368 478 tonderi,
3405 431 3489 474 aut

1907 513 2056 575 radi;
2086 513 2226 580 quod
2254 527 2283 566 a
2314 515 2492 581 seipso
2516 524 2632 568 erat
2663 523 2787 569 tunc
2808 516 3004 584 posuit,
3031 513 3229 578 dicens,
3268 513 3488 567 i’eletnr.

1906 603 2089 673 Neque
2113 605 2267 664 dixit.
2293 603 2511 658 Comam
2541 605 2758 672 nutriat,
2783 605 2894 670 sed,
2926 603 3123 658 Veletur
3148 621 3166 668 ;
3194 604 3306 657 haec
3328 605 3488 656 ambo

1910 714 2070 752 unum
2098 713 2218 753 esse
2273 699 2388 768 lege
2418 701 2770 762 consumens,
2822 710 2876 753 et
2917 700 3182 765 utrimque
3225 697 3307 749 illa
3358 713 3485 748 cou-

1910 791 2150 853 iirmans,
2178 788 2245 842 ab
2275 789 2343 844 iis
2379 806 2498 857 qua:
2537 790 2826 843 constituta
2870 799 2994 842 sunt
3023 798 3077 843 et
3110 804 3137 840 a
3187 789 3482 842 contrariis.

1909 880 2040 934 Nam
2067 880 2308 934 velamen
2340 889 2394 934 et
2418 896 2626 934 comam
2655 896 2818 934 unum
2851 894 2971 934 esse
2993 880 3150 944 dicit;
3187 879 3322 933 idem
3354 896 3487 949 quo-

1909 990 2012 1042 que
2068 990 2187 1029 esse
2234 985 2287 1028 et
2333 989 2529 1039 rasam,
2582 983 2636 1028 et
2689 991 2804 1028 eam
2839 991 2956 1042 qum
2984 976 3126 1028 nudo
3153 984 3233 1026 est
3275 976 3487 1042 capite:

1915 1068 2082 1122 Unum
2113 1079 2184 1122 est
2213 1071 2364 1134 enim,
2394 1061 2580 1137 inquit,
2613 1077 2660 1121 et
2686 1069 2923 1136 idipsum,
2950 1069 3083 1136 quod
3106 1087 3241 1120 rasa.
3272 1066 3421 1134 Quod
3447 1067 3490 1119 si

1910 1163 2028 1230 quis
2071 1163 2284 1227 dixerit,
2317 1163 2383 1216 Et
2411 1147 2679 1232 quomodo
2705 1179 2863 1216 unum
2894 1173 2993 1221 est,
3047 1163 3091 1215 si
3151 1161 3235 1214 illa
3277 1160 3490 1229 quidem

1913 1253 2274 1324 tegumentum
2301 1265 2503 1309 natura:
2535 1256 2714 1318 habet,
2739 1255 2824 1308 illa
2856 1273 2982 1308 vero
3011 1271 3126 1323 quae
3150 1270 3263 1307 rasa
3286 1264 3368 1306 est
3390 1272 3491 1306 non

1913 1349 2078 1402 item?
2103 1348 2564 1416 respondebimus,
2588 1347 2729 1400 illam
2750 1348 2969 1400 arbitrio
2986 1363 3081 1399 suo
3099 1348 3199 1400 hoc
3219 1347 3495 1415 reliquisse

1913 1449 1966 1494 et
1995 1439 2192 1492 mulum
2221 1439 2422 1522 habere
2443 1449 2600 1508 caput
2621 1457 2634 1490 τ
2656 1439 2796 1508 quod
2830 1440 2870 1491 si
2900 1429 3002 1492 nan
3035 1440 3240 1521 capillis
3269 1439 3494 1503 nudum,

1913 1537 2014 1589 hoc
2035 1552 2097 1589 ex
2122 1545 2329 1602 natura,
2360 1550 2463 1587 non
2513 1551 2577 1588 ex
2602 1534 2744 1588 illius
2772 1534 2991 1586 arbitrio
3017 1549 3154 1587 ρςερ.
3191 1534 3368 1602 itaque
3409 1535 3494 1586 illa

1913 1644 2032 1697 quze
2057 1643 2173 1681 rasa
2209 1637 2309 1687 est,
2352 1626 2551 1680 nudum
2581 1637 2738 1695 caput
2770 1627 2946 1688 habet,
2988 1639 3042 1680 et
3091 1627 3174 1679 illa
3227 1627 3492 1680 similiter.

1915 1718 2038 1772 Ideo
2068 1719 2208 1772 enim
2233 1728 2433 1771 natura!
2468 1719 2726 1786 permisit,
2767 1730 2821 1770 ut
2867 1719 3003 1771 illam
3048 1705 3352 1786 tegeret,ut
3383 1717 3497 1772 lure

1914 1813 1979 1867 ab
2011 1813 2093 1864 illa
2120 1811 2220 1864 hoc
2247 1812 2480 1872 discens,
2511 1812 2828 1878 operiretur.
2856 1811 3055 1865 Deinde
3082 1825 3295 1864 causam
3320 1810 3496 1877 affert,

1916 1912 1972 1956 ut
2003 1916 2145 1970 sa'pe
2176 1902 2305 1960 dixi,
2354 1911 2621 1970 tamquam
2671 1918 2788 1953 rum
2850 1902 3032 1954 liberis
3074 1901 3311 1968 loquens.
3366 1900 3496 1965 Quae

1916 1996 2073 2064 igitur
2103 2009 2260 2047 causa
2288 1994 2413 2051 est‘l
2434 1994 2484 2045 7.
2521 1992 2655 2045 Nam
2682 1995 2755 2044 vir
2788 1994 2987 2060 quidem
3019 2011 3119 2045 non
3156 1994 3294 2046 debet
3335 1991 3499 2044 velare

1915 2097 2086 2154 caput,
2118 2103 2230 2138 cum
2275 2089 2340 2139 sit
2371 2087 2537 2155 imago
2581 2096 2626 2138 et
2658 2087 2819 2156 gloria
2854 2085 2962 2139 Dei.
3009 2085 3215 2142 Rursus
3258 2087 3355 2138 alia
3385 2086 3498 2138 hmc

1915 2195 2096 2233 causa.
2155 2179 2340 2248 Neque
2396 2179 2537 2231 enim
2591 2178 2976 2247 solum,..quod
3025 2188 3182 2245 caput
3228 2178 3496 2231 Christum

1918 2273 2128 2331 habeat,
2166 2290 2271 2326 non
2298 2273 2458 2327 debet
2483 2283 2638 2340 caput
2669 2283 2866 2342 tegere,
2917 2273 3007 2326 sed
3037 2273 3192 2325 etiam
3228 2275 3345 2342 quia
3379 2292 3497 2328 mu-

1918 2366 2032 2420 lieri
2060 2367 2311 2431 imperat.
2340 2363 2469 2417 Nam
2501 2366 2793 2432 principem
2824 2365 2887 2418 ad
2930 2381 3106 2434 regem
3133 2365 3498 2431 accedentem,

1921 2459 2252 2527 principatus
2292 2457 2498 2524 signum
2546 2455 2742 2510 habere
2781 2467 3009 2524 oportet.
3055 2457 3140 2510 Sic
3167 2450 3294 2525 ergb
3327 2459 3503 2513 nullus

1922 2554 2170 2620 princeps
2197 2551 2313 2604 sine
2340 2549 2517 2603 balteo
2546 2558 2600 2603 et
2624 2547 2830 2614 chlaena
2874 2550 3010 2602 ausit
3037 2565 3349 2613 comparere
3375 2566 3498 2604 ante

1922 2643 2070 2695 illum
2096 2643 2182 2708 qui
2215 2637 2458 2694 diadema
2489 2649 2661 2709 gestat
2690 2656 2703 2690 :
2728 2639 2804 2693 sic
2838 2656 3009 2710 neque
3042 2649 3096 2693 tu
3121 2642 3320 2709 absque
3348 2643 3496 2707 signo

1921 2730 2267 2802 principatus,
2299 2731 2439 2800 quod
2465 2739 2544 2783 est
2573 2731 2782 2784 detecto
2805 2747 2923 2786 esse
2943 2733 3133 2799 capite,
3163 2731 3324 2785 Deum
3353 2749 3494 2790 ores.

1924 2837 1979 2879 ut
2005 2842 2070 2879 ne
2097 2825 2418 2878 contumelia
2445 2823 2649 2876 afﬁcias
2671 2831 2723 2876 et
2755 2833 2804 2877 te
2835 2833 2889 2878 et
2919 2839 3037 2876 eum
3077 2825 3164 2891 qui
3205 2834 3255 2882 te
3296 2823 3503 2876 honore

1923 2916 2106 2971 afficit.
2141 2916 2375 2985 ldipsum
2418 2923 2470 2968 et
2498 2914 2565 2968 de
2594 2913 2819 2969 muliere
2851 2915 2966 2982 quis
3001 2911 3194 2967 dixerit
3226 2932 3235 2965 :
3272 2931 3387 2966 nam
3425 2915 3498 2967 illi

1923 3029 2133 3083 quoque
2164 3021 2246 3066 est
2276 3010 2586 3080 ignominia,
2634 3007 2675 3062 si
2710 3024 2813 3061 non
2857 3008 3198 3078 subjectionis
3228 3007 3372 3075 signa
3407 3007 3501 3058 ha-

1923 3105 2064 3159 bcat.
2115 3103 2305 3157 Mulier
2353 3111 2517 3155 autem
2550 3100 2714 3170 gloria
2748 3102 2842 3153 viri
2862 3112 2954 3153 est.
2990 3099 3083 3154 Est
3111 3115 3240 3167 ergo
3265 3100 3501 3151 naturale

1925 3199 2022 3252 viri
2048 3198 2349 3264 imperium.
2376 3193 2581 3249 Deinde
2613 3190 2890 3262 pbslquam
2912 3193 3230 3246 sententiam
3261 3193 3498 3261 protulit,

1926 3302 1979 3344 et
2003 3289 2239 3344 rationes
2269 3299 2322 3341 et
2350 3300 2538 3340 causas
2568 3299 2778 3348 rursum
2808 3283 2939 3336 alias
2974 3284 3142 3352 ponit,
3174 3283 3236 3335 ad
3283 3285 3501 3346 primum

1930 3393 1977 3436 te.
2004 3381 2206 3436 ducens
2235 3379 2584 3439 creationem,
2609 3372 2689 3429 his
2713 3374 2890 3429 verbis
2920 3393 2930 3428 :
2961 3375 3012 3429 8.
3053 3372 3169 3426 Non
3196 3375 3326 3426 enim
3345 3375 3417 3425 vir
3446 3391 3504 3424 ex

1928 3474 2137 3526 muliere
2176 3482 2269 3532 est,
2323 3471 2409 3522 sed
2439 3468 2618 3520 mulier
2647 3483 2709 3519 ea:
2751 3467 2876 3518 viro.
2911 3466 2966 3518 Si
3007 3474 3183 3518 autent
3238 3476 3297 3517 ex
3330 3464 3506 3529 aliquo

1927 3583 2066 3628 esse,
2091 3564 2259 3636 gloria
2294 3570 2375 3617 est
2396 3562 2511 3630 ejus
2542 3577 2606 3616 ex
2625 3575 2729 3629 quo
2758 3559 2971 3628 prodiit,
3002 3559 3168 3612 multo
3195 3560 3359 3626 magis
3388 3571 3508 3610 esse

1929 3658 2176 3713 similem.
2211 3656 2264 3711 9.
2293 3654 2492 3707 Etenim
2520 3669 2620 3706 non
2649 3662 2848 3706 creatus
2877 3662 2948 3702 est
2970 3653 3045 3702 vir
3092 3659 3296 3718 propter
3324 3650 3508 3701 mulie—

1930 3767 2054 3813 rem,
2088 3749 2176 3802 sed
2203 3747 2387 3801 mulier
2414 3756 2616 3813 propter
2644 3745 2826 3796 virum.
2864 3742 2985 3795 llmc
3014 3751 3096 3794 est
3124 3740 3355 3795 secunda
3388 3757 3507 3794 rur-

1931 3857 2022 3895 sus
2052 3841 2193 3895 illius
2219 3854 2328 3908 prae
2360 3837 2448 3890 illa
2476 3836 2814 3899 excellentia,
2837 3837 2942 3887 imo
2970 3845 3023 3887 et
3045 3835 3197 3889 tertia
3222 3843 3274 3887 et
3301 3845 3505 3903 quarta.

1932 3931 2129 3996 Prima,
2165 3932 2287 3998 quia
2318 3937 2476 3998 caput
2506 3939 2744 3983 nostrum
2777 3939 2856 3981 est
2897 3927 3157 3990 Christus,
3192 3935 3243 3980 et
3265 3941 3361 3978 nos
3390 3942 3508 3978 mu—

1930 4024 2109 4082 lieris;
2139 4022 2394 4084 secunda,
2426 4022 2545 4087 quia
2581 4037 2676 4074 nos
2694 4022 2856 4088 gloria
2888 4021 2983 4072 Dei
3011 4034 3213 4081 sumus,
3242 4029 3294 4069 et
3321 4017 3512 4070 mulier

1931 4114 2096 4183 gloria
2131 4122 2340 4171 nostra;
2375 4111 2548 4175 tertia,
2575 4111 2694 4177 quia
2720 4126 2821 4162 non
2851 4125 3026 4161 noscx
3051 4108 3274 4162 muliere
3304 4122 3506 4171 sumus,

1931 4206 2024 4259 sed
2075 4205 2162 4258 illa
2218 4220 2282 4257 ex
2323 4203 2508 4266 nobis;
2558 4213 2773 4271 quarta,
2836 4203 2957 4270 quia
3000 4217 3244 4268 nonnos
3299 4211 3518 4270 propter

1934 4297 2076 4350 illam
2104 4337 2117 4362 ,
2150 4294 2242 4348 sed
2285 4294 2372 4347 illa
2428 4302 2643 4363 prOpter
2672 4309 2788 4346 nos.
2839 4293 2923 4347 iO.
2973 4292 3098 4345 Ideo
3151 4293 3294 4345 debet
3334 4294 3513 4343 mulier

1937 4387 2114 4440 habere
2135 4395 2426 4456 potestatem
2444 4402 2593 4453 super
2607 4393 2758 4450 caput
2775 4400 2938 4435 suum.
2963 4383 3108 4445 Ideo,
3127 4397 3226 4451 qua
3243 4382 3306 4435 de
3324 4382 3509 4436 causa?

1933 4479 2019 4532 dic
2051 4477 2208 4529 mihi.
2240 4459 2462 4542 Propter
2481 4475 2593 4526 lure
2613 4473 2788 4525 omnia
2809 4471 3077 4540 quzedicta
3098 4483 3220 4526 sunt
3242 4491 3255 4530 :
3280 4473 3385 4526 imo
3406 4490 3506 4528 non

1937 4576 2138 4621 tantum
2171 4573 2387 4632 propter
2412 4563 2525 4616 haec
2561 4563 2760 4627 omnia,
2799 4564 2890 4617 sed
2919 4566 3077 4618 etiam
3105 4565 3325 4634 Propter
3355 4583 3511 4635 ange.

1937 4661 2030 4710 los.
2060 4655 2189 4708 Nam
2215 4656 2256 4708 si
2285 4656 2453 4708 virum
2481 4653 2737 4720 despicis,
2770 4656 2966 4724 inquit,
3001 4655 3219 4724 angelos
3241 4671 3510 4710 reverere.

2009 4750 2058 4801 5.
2091 4747 2262 4814 Caput
2290 4762 2417 4816 ergo
2449 4747 2659 4814 operire
2686 4757 2764 4799 est
2799 4747 3143 4814 subjectionis
3183 4756 3236 4800 et
3280 4756 3513 4816 potesta-

1940 4840 2036 4898 tis;
2093 4835 2257 4891 efﬁcit
2310 4837 2450 4889 enim
2482 4845 2538 4888 ut
2585 4835 2834 4889 deorsum
2878 4836 3197 4903 aspiciamus
3226 4845 3281 4891 et
3315 4837 3516 4905 pudore

1937 4933 2252 4997 atiiciamur,
2305 4931 2680 5000 pmpriamque
2711 4944 2985 4983 servemus
3027 4929 3300 4984 virtutem.
3334 4929 3514 4983 Virtus

1937 5028 2075 5078 enim
2104 5035 2156 5080 et
2185 5023 2354 5077 honor
2384 5022 2499 5089 ejus
2543 5022 2625 5075 cui
2673 5021 2963 5087 imperatur
2992 5031 3090 5083 est,
3127 5032 3182 5075 ut
3213 5032 3424 5074 maneat
3463 5023 3514 5074 in

1938 5113 2259 5168 obedientia.
2279 5113 2374 5166 Vir
2390 5114 2584 5180 quippe
2612 5127 2713 5164 non
2738 5113 2944 5180 cogitur
2969 5111 3069 5164 hoc
3111 5112 3319 5173 facere;
3351 5113 3517 5178 ipsius

1938 5203 2078 5256 enim
2117 5202 2322 5256 Domini
2366 5202 2540 5270 imago
2585 5209 2698 5263 est;
2734 5202 2925 5256 mulier
2951 5210 3125 5254 autem
3155 5201 3273 5271 jure
3302 5204 3513 5256 merito.

1937 5296 2119 5362 Cogita
2153 5297 2311 5365 igitur
2341 5295 2632 5364 iniquitatis
2667 5309 2966 5357 excessum,
3009 5311 3127 5348 cum
3157 5311 3348 5362 nempe
3372 5307 3513 5349 tanta

1941 5391 2230 5442 honoratus
2261 5397 2544 5458 potestate,
2590 5388 2813 5456 teipsum
2846 5386 3115 5456 deturpas,
3152 5388 3386 5440 mulieris
3425 5388 3519 5437 ha-

1941 5480 2103 5534 bitum
2137 5479 2370 5547 rapiens.
2405 5478 2634 5549 ldipsum
2667 5479 2794 5532 facis
2821 5492 2881 5532 ac
2906 5480 2947 5533 si
2978 5479 3514 5548 accepttnudiaderna

1940 5589 1966 5624 a
1999 5571 2171 5640 capite
2192 5569 2469 5639 abjicercs,
2499 5584 2551 5626 et
2576 5585 2672 5638 pro
2692 5569 2990 5626 diademate
3012 5572 3202 5625 servile
3229 5573 3516 5625 vestimen-

1942 5675 2049 5718 tum
2082 5675 2407 5717 assumeres.
2437 5663 2524 5717 ll.
2581 5661 2932 5717 Verumtamen
2962 5673 3116 5732 neque
3145 5666 3219 5716 vir
3248 5665 3354 5717 sine
3405 5682 3516 5716 nm-

1945 5757 2098 5824 tiere,
2158 5770 2313 5828 neque
2354 5754 2534 5810 mulier
2576 5754 2688 5812 sine
2720 5755 2828 5812 viro
2878 5757 2932 5812 in
2979 5752 3218 5812 Domino.
3257 5755 3516 5823 Quoniam
