4022 6214
522 303 628 359 219

523 418 704 463 autem
752 407 973 467 multam
1012 405 1159 462 dedit
1182 406 1301 463 viro
1343 406 1742 470 excellentiam,
1796 420 1916 457 cum
1975 403 2109 457 dixit

525 500 809 555 mulierem
839 513 961 554 esse
986 514 1053 554 ex
1084 498 1197 562 illo,
1222 508 1444 569 pr0pter
1471 499 1622 552 illum
1650 507 1705 552 et
1742 498 1844 551 sub
1874 496 1994 556 illo;
2048 511 2113 546 tie

525 590 669 645 viros
694 590 815 659 plus
840 604 1000 658 quam
1030 604 1126 659 par
1149 597 1270 644 erat
1313 590 1623 652 extolleret,
1651 603 1785 643 neve
1812 587 1930 641 illas
1956 586 2113 639 nimis

522 680 813 752 dejiceret,‘
832 682 955 737 vide
984 682 1254 751 quomodo
1286 684 1677 737 correctionem
1716 679 1996 743 adhibeat,
2028 678 2111 731 tli-

523 788 654 829 ccns
681 791 695 827 :
729 772 1085 827 Verumtamen
1103 788 1262 842 neque
1284 767 1360 826 uir
1379 775 1487 829 sine
1507 774 1736 833 muliere.
1759 787 1917 841 neque
1935 769 2115 822 mulier

523 865 631 918 sine
656 862 763 918 viro
787 864 842 916 in
868 860 1111 916 Domino.
1136 862 1214 917 Ne
1236 863 1394 926 mihi,
1424 862 1617 932 inquit,
1645 862 1819 930 prima
1846 859 1957 914 sola
1984 873 2113 913 exa-

524 957 720 1020 mines,
747 969 925 1025 neque
945 955 1274 1010 creationem
1298 955 1463 1008 illam.
1486 953 1618 1007 Nam
1643 953 1687 1006 si
1705 968 1766 1005 ea
1787 967 1907 1018 qua:
1931 960 2114 1018 postea

527 1046 663 1101 facta
702 1054 830 1101 sunt
852 1043 1135 1114 exquiras,
1188 1052 1415 1113 uterque
1455 1042 1735 1110 utriusque
1781 1048 1865 1094 est
1890 1049 2112 1099 auctor;

525 1137 636 1192 imo
664 1150 838 1205 najue
876 1142 1111 1203 uterque.
1130 1134 1444 1201 utriusque,
1496 1130 1593 1185 sed
1636 1130 1778 1184 Deus
1828 1129 2111 1183 omnium:

525 1240 694 1295 quare
730 1218 852 1281 ait:
886 1222 1067 1293 Neque
1093 1223 1170 1276 vir
1197 1224 1306 1277 sine
1342 1222 1570 1284 muliere,
1590 1237 1751 1290 neque
1798 1221 1978 1273 mulier
2007 1220 2117 1272 sine

525 1319 633 1371 viro
673 1318 727 1370 in
782 1315 1017 1382 Domino.
1065 1313 1155 1370 η.
1215 1312 1354 1367 Nam
1406 1314 1535 1366 sicut
1573 1313 1753 1365 mulier
1781 1327 1845 1379 ea:
1870 1312 1994 1372 viro,
2042 1312 2113 1362 ita

527 1412 604 1465 vir
632 1426 723 1480 per
749 1410 1027 1463 mulierem.
1059 1406 1173 1461 Non
1202 1407 1357 1470 dixit,
1380 1406 1456 1462 Ex
1488 1407 1734 1469 muliere,
1763 1406 1861 1461 sed
1886 1414 2071 1459 contra
2093 1445 2109 1469 ,

537 1502 620 1558 Ex
662 1505 792 1557 viro.
847 1501 963 1557 Hoc
1004 1501 1147 1556 enim
1196 1501 1367 1578 'psttm
1420 1502 1684 1570 integrum
1739 1508 1920 1553 manet
1972 1498 2111 1569 apud

526 1596 721 1649 virum.
750 1594 945 1649 Verum
992 1593 1107 1648 haec
1156 1602 1302 1647 recte
1346 1601 1495 1662 gesta
1544 1606 1654 1645 non
1696 1592 1815 1657 viri,
1876 1589 1971 1645 sed
2014 1589 2113 1644 Dei

526 1694 652 1741 sunt
684 1704 697 1739 :
723 1700 887 1755 quare
916 1684 1075 1738 etiam
1102 1682 1377 1753 'subjunxit
1402 1698 1417 1735 :
1449 1682 1557 1737 Sed
1582 1682 1754 1735 omnia
1790 1698 1855 1734 ea:
1874 1679 2003 1735 Deo.
2055 1680 2112 1734 Si

526 1794 654 1850 ergo
676 1778 767 1834 Dei
794 1786 920 1831 sunt
943 1792 1143 1841 omnia,
1174 1776 1288 1847 ipse
1307 1785 1486 1829 autem
1509 1775 1596 1827 illa
1612 1774 1787 1843 jubet,
1816 1774 2115 1841 obsequere

526 1880 581 1927 et
607 1884 676 1925 ne
698 1868 1056 1924 contradicas.
1089 1868 1177 1921 15.
1227 1864 1294 1919 In
1337 1865 1476 1919 vobis
1516 1865 1642 1934 ipsis
1679 1865 1910 1935 judicate
1939 1863 2116 1916 :decet

528 1963 788 2017 mulierem
812 1977 914 2014 non
936 1958 1152 2013 velatum
1180 1974 1328 2011 orare
1358 1955 1525 2011 Deum
1542 1957 1567 2008 ?
1593 1956 1797 2011 Rursus
1840 1956 1959 2009 illos
1987 1970 2115 2009 con-

527 2053 698 2108 stituit
725 2052 989 2107 dictorum
1015 2049 1243 2118 judices,
1280 2048 1427 2118 quod
1484 2048 1645 2102 etiam
1695 2048 1747 2100 in
1806 2046 2115 2117 idolothytis

530 2144 657 2198 fecit
683 2160 698 2196 :
727 2158 850 2196 nam
880 2149 934 2195 et
955 2140 1061 2193 illic
1085 2138 1234 2202 dicit,
1262 2138 1501 2192 Judicate
1542 2153 1629 2191 vos
1669 2138 1803 2205 quod
1852 2138 2007 2203 dico;
2061 2147 2118 2193 et

536 2235 643 2298 hic,
674 2230 740 2285 In
768 2232 903 2285 vobis
922 2232 1048 2301 ipsis
1059 2231 1309 2301 judicate.
1353 2230 1420 2283 Et
1462 2229 1755 2284 terribilius
1782 2230 1984 2299 aliquid
2029 2229 2116 2285 bic

532 2323 832 2378 subindicat
854 2341 876 2381 ;
905 2320 1288 2376 contumeliam
1338 2321 1480 2375 enim
1534 2320 1624 2374 hic
1651 2320 1781 2373 dicit
1827 2322 1894 2373 ad
1950 2322 2115 2375 Deum

534 2417 784 2472 transire.
816 2414 1011 2470 Verum
1035 2428 1140 2469 non
1165 2414 1237 2468 ita
1269 2414 1520 2484 loquitur,
1548 2413 1644 2467 sed
1670 2414 1851 2466 mitius
1879 2413 2118 2480 aliquan-

535 2522 645 2563 tum
671 2517 727 2563 et
755 2509 922 2577 magis
950 2508 1315 2577 amigmatice,
1351 2508 1537 2561 dicens
1566 2523 1580 2559 :
1609 2504 1827 2558 Decetne
1860 2505 2118 2557 mulierem

532 2617 635 2655 non
650 2602 866 2654 relatam
897 2600 1061 2651 Deum
1081 2598 1273 2650 orare?
1300 2598 1386 2651 l4.
1427 2597 1612 2650 Annon
1656 2600 1769 2663 ipsa
1810 2606 1992 2649 natura
2034 2612 2120 2650 vos

534 2696 699 2759 docet,
728 2691 863 2762 quod
888 2691 963 2744 vir
995 2691 1198 2756 quidem
1227 2690 1270 2742 si
1297 2705 1493 2741 comam
1522 2689 1732 2755 nutriat,
1761 2689 2038 2760 ignominia
2055 2691 2120 2742 sit

533 2787 611 2840 illi
622 2788 647 2841 2
673 2787 766 2841 15.
792 2784 976 2838 mulier
1000 2800 1115 2837 vero
1144 2784 1189 2837 si
1232 2798 1430 2835 comam
1455 2783 1667 2846 nutriat,
1694 2783 1859 2852 gloria
1900 2792 1974 2835 est
2000 2782 2120 2836 illi?

532 2881 772 2948 quoniam
797 2877 974 2947 capilli
995 2892 1086 2946 pro
1106 2875 1352 2930 uelamine
1376 2876 1420 2929 ei
1442 2876 1548 2928 dati
1575 2886 1709 2928 sunt.
1734 2874 1886 2942 Quod
1906 2891 2121 2945 semper

535 2972 682 3037 facit,
697 2969 998 3026 communia
1026 2982 1233 3037 ponens
1256 2965 1559 3031 ratiocinia,
1587 2965 1686 3020 hoc
1716 2977 1770 3020 et
1802 2966 1886 3020 hic
1907 2982 2120 3037 quoque

535 3062 684 3127 facit,
736 3061 803 3115 ad
853 3060 1121 3129 vulgarem
1172 3057 1616 3112 consuetudinem
1667 3058 2015 3127 confugiens,
2066 3067 2122 3113 et

536 3153 822 3208 admodum
858 3150 1060 3221 pudore
1096 3149 1408 3205 sull'undens
1432 3164 1548 3211 eos,
1579 3150 1669 3218 qui
1714 3160 2027 3218 exspectant
2053 3151 2121 3205 ab

536 3245 634 3300 illo
658 3243 920 3311 ediscere,
944 3254 1064 3312 quae
1092 3256 1161 3297 ex
1185 3242 1457 3295 communi
1484 3240 1873 3295 consuetudine
1899 3250 2125 3312 possunt

537 3336 705 3393 edisci
734 3354 748 3389 :
778 3336 892 3390 haec
933 3334 1131 3405 quippe
1173 3343 1228 3387 et
1276 3333 1470 3388 similia
1529 3348 1598 3388 ne
1627 3334 1867 3386 barbaris
1907 3334 2121 3405 quidem

538 3430 719 3499 ignota
761 3437 906 3482 sunt.
934 3426 1003 3480 Et
1029 3425 1153 3480 vide
1190 3424 1461 3495 quomodo
1490 3424 1685 3494 ubique
1705 3425 1918 3480 acribus
1948 3435 2126 3483 utatur

538 3520 738 3576 verbis.
777 3518 953 3572 Omnis
994 3519 1069 3570 vir
1097 3533 1267 3583 orans,
1291 3518 1378 3585 qui
1406 3525 1560 3586 caput
1601 3533 1748 3569 suum
1786 3520 1925 3588 tegit,
1975 3529 2126 3589 caput

540 3630 691 3667 suum
718 3612 991 3681 deturpat;
1018 3624 1081 3664 ac
1110 3624 1343 3691 rursum,
1368 3608 1428 3663 Si
1456 3618 1626 3663 autent
1654 3620 1799 3679 turpe
1825 3619 1896 3664 est
1926 3611 2126 3665 mulieri

543 3704 740 3759 tonderi
770 3713 859 3757 aut
886 3702 1020 3768 radi,
1050 3703 1275 3765 veletur;
1298 3710 1354 3756 et
1377 3702 1463 3755 bic
1492 3716 1699 3766 rursus,
1739 3700 1827 3755 Vir
1852 3703 2053 3773 quidem
2082 3705 2129 3758 si

543 3812 739 3850 comam
788 3797 1010 3862 nutriat,
1064 3794 1351 3865 ignominia"
1396 3804 1470 3847 est
1518 3795 1649 3847 illi:
1697 3795 1880 3847 mulier
1935 3792 1980 3849 si
2035 3813 2127 3850 co-

542 3903 680 3941 mam
731 3891 963 3949 nutriat,
1008 3887 1173 3957 gloria
1233 3895 1305 3940 est
1356 3885 1475 3952 illi,
1519 3886 1762 3957 quoniam
1806 3888 1982 3958 capilli
2035 3906 2128 3957 pro

543 3978 794 4033 velamine
831 3978 875 4031 ei
923 3976 1028 4029 dati
1064 3986 1201 4030 sunt.
1248 3977 1315 4032 Et
1338 3978 1383 4031 si
1429 3992 1528 4047 pro
1557 3977 1821 4033 velamine
1844 3979 1952 4032 dati
1983 3991 2126 4041 sunt.

544 4070 739 4139 inquit,
762 4083 860 4123 cur
884 4078 1131 4137 oporteat
1157 4069 1401 4123 velamen
1430 4069 1575 4123 aliud
1614 4069 1888 4139 adjicere?
1918 4069 1989 4126 Ut
2020 4087 2127 4125 non

546 4160 717 4215 solum
745 4176 776 4215 a
805 4169 1013 4222 natura,
1052 4158 1145 4214 sed
1173 4160 1334 4215 etiam
1360 4159 1430 4212 ab
1470 4158 1693 4214 arbitrio
1744 4160 2129 4229 subjectionem

547 4253 881 4309 conﬁteatur.
907 4252 1057 4321 Quod
1088 4251 1231 4305 enim
1258 4260 1311 4305 te
1332 4260 1583 4329 oporteat
1594 4251 1783 4317 velari,
1807 4250 1921 4322 ipsa
1942 4264 2129 4308 natura

549 4342 699 4409 prius
724 4345 1015 4399 constituit.
1048 4342 1200 4397 Adde
1229 4342 1388 4413 igitur
1406 4356 1627 4412 operam
1655 4351 1822 4408 tuam,
1855 4359 1922 4398 ne
1950 4343 2131 4400 videa-

547 4434 626 4489 ris
651 4442 855 4487 natura:
882 4436 1024 4503 leges
1061 4446 1307 4490 evertere
1337 4451 1349 4487 :
1378 4433 1521 4504 quod
1545 4432 1757 4503 quidem
1783 4435 1962 4488 multa:
1987 4446 2132 4491 esset

550 4522 916 4595 impudentiae,
961 4538 1066 4578 non
1098 4526 1377 4580 nobiscum
1408 4534 1635 4589 tantum,
1669 4523 1765 4580 sed
1815 4526 1978 4579 etiam
2008 4542 2128 4581 cum

555 4626 746 4671 natura
764 4630 1019 4685 pugnare.
1034 4614 1211 4681 Quare
1223 4616 1438 4673 Iudaeos
1448 4618 1586 4673 Deus
1628 4618 1877 4674 incusans
1897 4619 2127 4673 dicebu:

554 4707 797 4760 Occidisti
824 4704 960 4774 filios
998 4713 1109 4757 tuos
1134 4715 1180 4757 et
1206 4696 1340 4771 ﬁlias
1367 4716 1480 4765 tuas
1508 4707 1722 4779 (Emit.
1746 4710 1835 4763 l6.
1864 4709 1958 4777 2|)
1991 4732 2003 4766 :
2032 4712 2136 4765 hoc

557 4814 667 4871 pne
694 4798 946 4853 omnibus
973 4805 1056 4852 est
1090 4796 1573 4854 abominationibus
1602 4802 1725 4855 tuis.
1774 4801 1844 4856 Et
1894 4817 1989 4856 eos
2040 4805 2131 4873 qui

550 4889 693 4959 apud
714 4890 987 4945 Romanos
1008 4887 1265 4959 impudici
1311 4890 1773 4962 erantincrepans
1803 4894 2019 4961 Paulus,
2053 4898 2131 4950 sic

548 4990 709 5050 auget
731 4981 1156 5036 criminationem
1186 4980 1371 5035 dicens
1396 4996 1411 5031 :
1440 4980 1581 5049 quod
1608 4997 1711 5037 non
1734 4985 1906 5039 solum
1939 4996 2134 5055 praeter

554 5071 651 5127 Dei
679 5070 876 5140 legem,
896 5072 991 5127 sed
1018 5081 1214 5143 printer
1237 5078 1481 5125 naturam
1510 5085 1639 5125 usus
1678 5072 1769 5127 ille
1796 5084 1936 5129 esset
1970 5090 1983 5127 :
2011 5074 2132 5128 Hu-

548 5170 729 5217 tarttnt
755 5164 889 5217 enim
917 5180 1067 5218 usum
1105 5163 1392 5218 naturalem
1428 5162 1481 5215 in
1530 5162 1696 5227 illum,
1726 5166 1814 5233 qui
1852 5176 1926 5220 est
1952 5179 2135 5237 prater

551 5268 790 5313 naturam
815 5255 1004 5327 (Rom.
1036 5260 1088 5313 l.
1117 5258 1248 5330 26).
1278 5257 1569 5326 Propterea
1589 5255 1643 5310 in
1673 5256 1776 5310 hoc
1801 5271 1861 5312 se
1884 5274 2131 5317 sermone

553 5359 789 5417 exercet,
819 5349 923 5406 hoc
948 5350 1120 5420 ipsum
1148 5350 1457 5416 ostendens,
1490 5357 1547 5405 et
1570 5349 1710 5419 quod
1736 5349 1878 5405 nihil
1902 5350 2131 5408 alienum

549 5444 859 5511 constituat,
880 5440 1127 5513 quodque
1146 5444 1286 5514 apud
1302 5444 1521 5501 Gnaeos
1541 5441 1721 5497 omnia
1742 5440 1858 5507 ejus
1884 5425 2142 5498 novitatis

554 5533 683 5613 sint,
727 5551 847 5606 qua:
888 5542 974 5590 est
1013 5544 1210 5604 prater
1246 5540 1514 5592 naturam.
1555 5534 1646 5591 Sic
1674 5541 1730 5587 et
1763 5532 2009 5587 Christus
2033 5533 2135 5588 hoc

558 5626 750 5694 ipsum
778 5627 1153 5697 comprobans,
1199 5627 1412 5683 dicebat
1452 5646 1465 5682 :
1500 5628 1839 5697 Quacumque
1886 5624 2037 5679 vultis
2081 5634 2136 5677 ut

558 5721 747 5775 faciant
767 5722 905 5777 vobis
921 5722 1166 5791 homines,
1184 5731 1232 5777 et
1256 5737 1341 5776 vos
1360 5722 1512 5793 facile
1530 5721 1652 5794 ipsis
1670 5718 1885 5791 (Matth.
1912 5719 1966 5774 7-
1999 5717 2129 5789 13);

1219 290 1278 349 S.
1318 290 1598 349 JOANNIS
1618 277 2094 348 CIIRYSOSTOMI
2143 288 2458 346 ARCHIEP.
2490 290 3023 348 CONSTANTINOP.

3697 293 3802 348 9.Ξο

2217 404 2527 473 significans
2545 420 2605 459 se
2625 404 2759 460 nihil
2790 421 2987 460 novum
3014 405 3282 462 inducere.
3311 406 3400 462 l6.
3424 406 3485 462 Si
3504 407 3615 478 quis
3634 417 3801 461 autem

2217 497 2411 550 ridetur
2437 498 2779 551 contentionis
2809 513 2938 561 esse,
2965 513 3058 550 nos
3087 499 3236 550 talem
3265 499 3675 552 consuetudinem
3700 514 3802 551 non

2217 587 2477 650 habemus,
2511 606 2667 665 neque
2707 588 2951 642 Ecclesia
2997 588 3115 641 Dei.
3168 590 3264 642 Est
3288 606 3417 659 ergo
3443 591 3803 645 contentionis

2218 687 2271 733 et
2298 693 2403 732 non
2436 682 2659 733 rationis
2704 679 2789 733 his
2818 680 3093 734 resistere.
3138 679 3405 734 Caeterum
3461 684 3539 736 sic
3592 697 3804 749 quoque

2219 771 2546 826 moderatam
2581 774 2706 827 fecit
2726 774 3167 839 increpationem,
3196 785 3252 826 ut
3277 774 3366 843 qui
3395 775 3676 842 plurimum
3710 791 3805 843 pu-

2217 859 2364 915 doris
2408 863 2730 917 immiserit:
2756 863 2899 933 quod
2928 864 3089 918 etiam
3126 866 3425 932 graviorem
3459 864 3805 920 fecitoratio-

2220 966 2340 1005 ncm
2390 952 2498 1008 Nos
2518 955 2682 1020 enim,
2714 955 2903 1023 inquit,
2933 954 3091 1008 talem
3114 956 3550 1009 consuetudinem
3573 970 3678 1009 non
3712 956 3807 1010 ha-

2219 1040 2427 1108 bemus,
2446 1050 2503 1097 ut
2518 1043 2906 1097 contendamus
2921 1054 2975 1097 ct
2995 1044 3261 1113 litigcmus
3283 1054 3337 1099 et
3352 1045 3805 1101 contradicainus.

2218 1131 2401 1202 Neque
2436 1144 2613 1187 tamen
2647 1135 2906 1187 hactenus
2932 1136 3197 1199 substitit,
3226 1136 3320 1190 sed
3363 1135 3658 1204 subjunxit,
3691 1134 3805 1188 Ne—

2217 1238 2314 1291 que
2345 1223 2585 1278 Ecclesia:
2617 1223 2734 1289 Dei,
2759 1225 3049 1279 ostendens
3087 1227 3207 1281 illos
3251 1226 3345 1279 toti
3376 1237 3635 1280 terrarum
3686 1225 3806 1280 orbi

2217 1317 2479 1371 obsistere
2498 1328 2553 1372 et
2578 1318 2871 1384 adversari,
2898 1334 3002 1373 non
3020 1319 3294 1374 cedentes.
3319 1320 3425 1374 Sed
3448 1328 3495 1372 ct
3505 1320 3654 1373 iamsi
3682 1328 3808 1372 tunc

2217 1409 2605 1463 contenderent
2629 1408 2915 1474 Corinthii,
2970 1426 3112 1463 nunc
3158 1422 3301 1465 totus
3358 1422 3619 1465 terrarum
3660 1409 3809 1462 orbis

2220 1499 2357 1550 hanc
2387 1499 2554 1569 legem
2582 1506 2639 1553 ct
2666 1502 2873 1569 accepit
2900 1512 2956 1555 et
2980 1504 3263 1556 observat:
3285 1512 3426 1555 tanta
3452 1511 3536 1556 est
3553 1500 3807 1555 (δι’υοὶίὶιί

2217 1599 2475 1658 potcsms.

2291 1681 2342 1733 6.
2370 1679 2474 1733 Sed
2494 1694 2684 1734 vereor
2704 1696 2791 1743 ne,
2813 1679 2913 1735 hoc
2930 1690 3151 1749 accepto
3174 1683 3374 1749 habitu,
3389 1684 3642 1752 operibus
3655 1699 3809 1753 qnze—

2219 1774 2339 1825 dam
2367 1789 2436 1825 ex
2456 1772 2770 1827 mulieribus
2798 1774 3137 1841 impudenter
3181 1788 3241 1828 se
3280 1789 3471 1843 gerere
3496 1774 3809 1844 deprehen-

2220 1864 2433 1928 dantur,
2486 1874 2543 1920 et
2566 1866 2671 1920 alio
2700 1865 2861 1919 modo
2887 1866 3134 1920 detectae.
3182 1865 3307 1925 Ideo
3333 1867 3477 1921 enim
3520 1866 3814 1920 Timotheo

2220 1970 2431 2024 quoque
2457 1957 2697 2011 scribens
2727 1958 2943 2022 Paulus,
2964 1972 3067 2010 non
3090 1958 3220 2010 satis
3248 1957 3429 2010 habuit
3448 1958 3561 2011 hinc
3580 1956 3807 2018 dixisse,

2220 2048 2313 2102 sed
2344 2049 2447 2102 alia
2474 2050 2669 2118 adjecit
2694 2050 2881 2104 dicens
2911 2068 2925 2104 :
2953 2048 3019 2102 In
3048 2050 3220 2102 habitu
3266 2062 3444 2103 ornato
3468 2067 3586 2102 ,cnnt
3616 2050 3814 2118 pudore

2220 2150 2267 2192 et
2290 2142 2534 2193 modestia
2558 2152 2793 2197 amantes
2820 2159 2894 2206 se,
2924 2159 3027 2196 non
3054 2143 3107 2194 in
3134 2144 3277 2195 tortis
3323 2141 3546 2195 crinibus
3570 2150 3657 2193 ant
3683 2157 3815 2194 auro

2225 2232 2299 2301 (ι.
2328 2230 2459 2284 ’l'im.
2482 2231 2538 2287 2.
2566 2233 2645 2295 9).
2676 2233 2810 2286 Nam
2834 2234 2878 2287 si
2903 2249 3009 2286 non
3037 2229 3249 2302 Oportet
3279 2232 3477 2285 nudum
3502 2242 3663 2298 caput
3705 2233 3802 2285 ha-

2223 2323 2374 2387 bere,
2408 2323 2504 2377 sed
2552 2324 2902 2393 subjectionis
2950 2325 3159 2389 signum
3191 2323 3386 2392 ubique
3430 2323 3811 2383 circumferre;

2222 2414 2394 2467 multo
2434 2415 2601 2483 magis
2651 2432 2746 2484 per
2789 2432 2949 2482 opera
2990 2416 3090 2469 hoc
3117 2415 3408 2469 ostendeie
3440 2426 3673 2483 oportet.
3719 2413 3815 2468 S.c

2222 2518 2368 2563 ci-rte
2419 2509 2607 2578 prisca:
2650 2508 2903 2562 mulieres
2953 2520 3008 2579 et
3036 2510 3280 2561 dominos
3328 2508 3470 2561 viros
3523 2506 3807 2569 vocabant,

2221 2607 2276 2655 et
2315 2599 2512 2668 primas
2564 2600 2695 2669 ipsis
2736 2600 3122 2655 coocedebant.
3166 2597 3298 2653 Nam
3330 2599 3513 2662 etilli,
3564 2598 3809 2665 inquies,

2226 2704 2420 2744 uxores
2447 2706 2573 2745 suas
2596 2691 2865 2744 amabant.
2888 2691 3000 2744 Iloc
3027 2690 3150 2743 novi
3183 2704 3282 2743 nec
3312 2690 3500 2757 ignoro
3525 2707 3538 2741 :
3563 2690 3656 2743 sed
3683 2705 3806 2742 cum

2225 2791 2278 2835 te
2303 2781 2372 2835 de
2400 2782 2465 2835 iis
2490 2797 2609 2850 qua:
2658 2782 2748 2834 tibi
2795 2781 3122 2835 conveniunt
3149 2780 3522 2841 admonemus,
3557 2795 3660 2831 non
3690 2796 3813 2848 qua:

2225 2874 2433 2928 illorum
2464 2881 2591 2927 sunt
2634 2882 2866 2942 spectes.
2921 2872 3051 2926 Nam
3079 2888 3198 2925 eum
3230 2886 3424 2941 pueros
3457 2870 3813 2925 adhortantur

2224 2967 2561 3036 dicimusque
2580 2975 2639 3020 ttt
2666 2966 2977 3037 parentibus
3003 2966 3527 3035 obsequantur,quia
3549 2964 3811 3033 scriptum

2224 3069 2307 3113 est
2333 3076 2349 3115 :
2386 3057 2597 3112 Honora
2622 3069 2814 3127 patrem
2835 3069 2981 3112 tuum
3004 3068 3049 3111 et
3074 3068 3287 3111 matrem
3321 3066 3458 3109 tuam
3484 3055 3683 3125 (Exod.
3714 3054 3809 3110 20.

2229 3150 2350 3222 l2);
2382 3150 2566 3205 dicunt
2591 3151 2664 3204 illi
2695 3151 2870 3216 nobis,
2900 3150 3087 3205 Profer
3112 3151 3274 3204 etiam
3328 3164 3390 3202 ea
3420 3164 3541 3218 qua:
3567 3164 3811 3217 sequun-

2229 3254 2315 3297 tur
2343 3261 2355 3296 :
2399 3239 2499 3296 Vos
2510 3242 3100 3315 quoqtte,patres,nolite
3123 3240 3191 3293 ad
3215 3241 3346 3293 iram
3371 3255 3647 3309 provocare
3674 3238 3815 3309 ﬁlios

2228 3344 2416 3388 vestros
2436 3331 2653 3405 (Ephes.
2684 3334 2740 3388 ϐ.
2772 3332 2850 3403 4).
2874 3334 3079 3387 Etcum
3111 3332 3282 3385 servis
3308 3331 3534 3384 dicimus
3554 3331 3814 3397 scriptum

2228 3441 2370 3492 esse,
2398 3425 2539 3495 quod
2566 3426 2923 3481 obcdiendum
2943 3425 3013 3480 sit
3038 3424 3288 3488 dominis,
3312 3438 3488 3491 neque
3508 3423 3574 3477 ad
3598 3422 3814 3476 oculum

2230 3518 2570 3572 serviendum
2598 3532 2718 3572 esse
2744 3518 2849 3572 illis
2872 3516 3005 3587 (Col.
3040 3518 3094 3572 5.
3131 3514 3254 3585 32);
3284 3524 3339 3570 et
3365 3516 3441 3569 illi
3467 3529 3654 3570 rursus
3692 3530 3818 3585 qua:

2231 3621 2531 3680 sequuntur
2558 3626 2590 3665 a
2614 3610 2768 3665 nobis
2811 3610 3050 3680 exigunt,
3072 3609 3323 3677 jubentts
3343 3607 3578 3662 dominis
3601 3621 3823 3679 quoque

2232 3705 2419 3762 eadem
2465 3703 2710 3759 suadere.
2757 3702 2889 3758 Nam
2934 3702 3037 3756 illis
3085 3716 3320 3771 quoque.
3358 3700 3626 3770 inquiunt,
3671 3712 3818 3769 pra:-

2232 3798 2376 3867 eepit
2398 3796 2620 3861 Paulus,
2665 3795 2839 3848 minas
2866 3794 3159 3847 remittere.
3192 3791 3298 3846 Sed
3338 3806 3406 3845 ne
3428 3791 3509 3845 sic
3533 3788 3823 3853 faciamus,

2234 3903 2408 3959 neque
2435 3899 2497 3942 ea
2522 3901 2640 3956 qua:
2664 3884 2786 3939 aliis
2805 3894 3072 3955 prmeepta
3098 3879 3224 3938 sunt
3246 3897 3569 3953 quieramus,
3601 3882 3823 3952 quando

2232 3980 2301 4035 de
2331 3980 2396 4033 iis
2420 3994 2540 4050 qua:
2556 3978 2621 4033 ad
2648 3994 2744 4032 nos
2768 3978 3039 4047 pertinent
3057 3991 3411 4041 accusamur;
3450 3989 3624 4045 neque
3647 3974 3822 4036 eitiiu,

2234 4073 2281 4127 si
2310 4072 2517 4128 socium
2542 4071 2827 4126 criminum
2853 4070 3105 4140 accipias,
3123 4085 3153 4123 a
3170 4070 3324 4139 culpa
3347 4067 3692 4122 liberaberis:
3722 4066 3822 4121 sed

2236 4164 2337 4219 ltoc
2386 4179 2548 4218 unum
2575 4172 2757 4232 specta
2807 4171 2864 4216 ut
2907 4171 2960 4216 te
3001 4177 3032 4215 a
3071 4161 3388 4215 criminibus
3427 4159 3645 4212 liberes.
3681 4156 3820 4212 Nam

2234 4255 2405 4310 Adam
2438 4256 2492 4310 in
2519 4256 2805 4309 mulierem
2839 4255 3051 4323 culpam
3079 4251 3377 4314 referebat,
3408 4259 3463 4305 et
3489 4250 3576 4304 illa
3604 4266 3828 4305 rursum

2237 4347 2293 4400 in
2320 4355 2655 4415 serpentem;
2687 4344 2781 4398 sed
2805 4360 2911 4397 non
2942 4344 3064 4396 illos
3090 4341 3192 4396 hoc
3216 4340 3433 4412 eripuit.
3456 4340 3533 4396 Ne
3562 4343 3742 4413 itaque
3761 4350 3824 4393 tu

2237 4440 2341 4493 hoc
2366 4438 2495 4491 mihi
2529 4451 2669 4491 nunc
2698 4435 2863 4498 dicas,
2912 4434 3005 4489 sed
3032 4442 3184 4504 grato
3202 4450 3323 4489 cum
3350 4435 3530 4489 animo
3554 4449 3674 4504 quze
3700 4447 3822 4486 ma-

2238 4532 2343 4585 rito
2380 4530 2547 4584 debes
2592 4538 2845 4596 praestare
2881 4542 3056 4583 cures.
3086 4526 3220 4582 Nam
3245 4537 3301 4584 et
3324 4527 3539 4599 quando
3565 4525 3824 4579 maritum

2239 4632 2387 4677 tuum
2416 4622 2681 4689 alloquor,
2707 4618 2997 4675 adhortans
3040 4628 3098 4674 ut
3123 4631 3173 4675 te
3216 4619 3401 4689 diligat
3437 4626 3494 4672 et
3522 4616 3597 4669 tui
3634 4629 3822 4669 curant

2236 4720 2409 4784 gerat.
2454 4726 2562 4765 non
2607 4711 2726 4766 sino
2766 4712 2911 4765 illum
2963 4712 3016 4764 in
3046 4710 3278 4764 medium
3308 4707 3498 4761 at’l'erre
3530 4707 3701 4777 legem
3752 4706 3825 4760 de

2241 4806 2464 4860 muliere
2491 4804 2673 4867 latam,
2719 4804 2813 4859 sed
2859 4803 3030 4874 legem
3061 4802 3129 4855 de
3155 4801 3249 4853 illo
3273 4798 3526 4868 scriptam
3582 4799 3823 4867 requiro.

2240 4902 2305 4956 Et
2332 4912 2387 4954 tu
2415 4901 2575 4971 igitur
2602 4915 2687 4962 ea,
2722 4914 2841 4968 qua:
2867 4898 2933 4951 ad
2965 4906 3018 4950 te
3051 4899 3315 4963 spectant,
3357 4892 3471 4945 sola
3498 4893 3711 4948 curiose
3739 4894 3825 4947 iu-

2238 4993 2411 5063 quire,
2438 5001 2492 5046 ct
2521 5002 2572 5046 te
2600 4990 2812 5060 conjugi
2850 4987 3171 5054 morigeram
3198 4983 3395 5052 praebe.
3429 4982 3563 5038 Nam
3601 4985 3646 5039 si
3689 4999 3825 5053 pro-

2240 5092 2357 5153 pter
2384 5084 2553 5138 Deum
2602 5082 2792 5135 marito
2842 5075 3173 5145 obsequaris,
3202 5091 3270 5130 ne
3314 5076 3443 5130 mihi
3475 5077 3718 5147 proferas
3756 5092 3825 5130 ea

2238 5191 2358 5246 qua:
2390 5175 2503 5243 ipse
2529 5182 2787 5245 praestare
2810 5168 3004 5233 debet;
3026 5166 3121 5222 sed
3141 5182 3203 5223 ea
3228 5168 3425 5239 quibus
3453 5178 3505 5223 te
3530 5168 3824 5224 obnoxiam

2241 5266 2516 5335 legislatnr
2543 5264 2694 5327 fecit,
2734 5260 2849 5313 haec
2877 5258 3159 5328 diligenter
3184 5274 3499 5329 exsequere.
3538 5259 3651 5312 Hoc
3674 5256 3823 5310 enim

2239 5367 2324 5413 est
2352 5358 2586 5412 maxime
2615 5357 2725 5408 Deo
2754 5353 3147 5421 obtemperare,
3190 5353 3400 5408 etiamsi
3429 5349 3696 5407 contraria
3722 5364 3821 5419 pa-

2241 5449 2413 5513 tiaris,
2441 5448 2613 5515 legem
2638 5458 2745 5497 non
2765 5444 3084 5514 transgredi.
3115 5444 3240 5499 Ideo
3258 5447 3402 5499 enim
3430 5439 3519 5508 qui
3553 5454 3615 5494 se
3633 5454 3821 5494 amau-

2242 5552 2349 5593 tetn
2392 5547 2558 5601 amat,
2603 5533 2735 5588 nihil
2764 5537 2940 5605 magni
2973 5535 3148 5591 facere
3190 5535 3437 5589 videtur:
3465 5532 3556 5599 qui
3588 5545 3717 5585 vero
3758 5547 3825 5587 se

2240 5628 2510 5684 odientem
2534 5624 2684 5689 colit,
2714 5625 2799 5681 hic
2828 5628 3058 5684 maxime
3081 5635 3165 5682 est
3183 5626 3271 5696 qui
3291 5633 3596 5679 coronatur.
3616 5620 3823 5676 Eodem

2243 5732 2455 5793 quoque
2477 5716 2636 5772 modo
2661 5726 2717 5773 tu
2744 5727 2920 5774 tecum
2944 5728 3151 5790 reputa,
3179 5715 3321 5787 quod
3349 5716 3396 5771 si
3423 5715 3711 5773 molestum
3724 5714 3825 5770 tibi
