4022 6214
309 324 416 381 219

308 438 506 506 ἐπάγει
536 438 635 509 τὴν
662 437 968 509 διόρθωσιν,
1002 439 1192 508 λέγων·
1224 439 1395 509 Πλὴν
1418 440 1556 492 οὔτε
1588 437 1744 506 ἀνὴρ
1773 455 1886 507 χω·

299 524 399 589 ρίς
420 521 727 592 γυναικὸς,
759 524 897 577 οὔτε
924 522 1079 593 γυνὴ
1124 525 1302 593 χωρίς
1330 523 1551 591 ἀνδρὸς
1574 525 1643 575 ἐν
1670 522 1882 591 Κυρίῳ.

304 606 396 675 Μὴ
446 606 557 677 γάρ
604 622 714 677 μοι,
761 608 916 676 φησὶ,
958 608 1029 661 τά
1060 607 1253 678 πρῶτα
1296 607 1515 671 ἐξέταζε
1553 608 1713 677 μόνα,
1754 607 1890 675 μηδὲ

301 688 403 756 τὴν
428 689 787 759 δημιουργίαν
815 689 1049 760 ἐκείνην·
1087 690 1152 743 ἂν
1185 691 1294 761 γὰρ
1323 690 1392 742 τά
1426 690 1564 758 μετά
1590 687 1763 742 ταῦτα
1793 690 1891 757 ζη-

303 775 426 840 τῇς,
456 774 717 843 ἑκάτερος
750 773 1013 843 ἑκατέρου
1045 772 1238 837 αἴτιος,
1270 773 1472 843 μᾶλλον
1493 772 1549 825 δὲ
1574 772 1692 825 οὑδέ
1716 770 1890 834 οὕτως

302 857 564 927 ἑκάτερος
603 856 886 927 ἐκατέρου,
914 856 1030 909 ἀλλ’
1051 859 1079 910 6
1111 856 1245 920 Θεὸς
1281 856 1538 910 ἁπάντων
1559 872 1572 885 ·
1599 855 1679 908 διό
1704 871 1886 925 φησιν,

307 940 459 993 Οὔτε
485 939 639 1008 ἀνὴρ
664 939 841 1007 χωρὶς
868 940 1169 1007 γυναικὸς.
1206 940 1349 994 οὔτε
1384 938 1540 1008 γυνὴ
1578 937 1753 1006 χωρίς
1780 937 1890 990 ἀν-

305 1023 449 1093 δρὸς
474 1024 547 1077 ἐν
578 1026 793 1091 Κυρίῳ.
823 1024 1053 1091 ’Ὠσπερ
1080 1026 1191 1093 γὰρ
1241 1024 1278 1091 ἠ
1330 1021 1484 1092 γυνὴ
1534 1022 1603 1075 ἑκ
1640 1021 1747 1074 τοῦ
1780 1021 1887 1074 ἁν-

304 1107 466 1177 ὄρὸς,
495 1108 652 1161 οὕτω
680 1107 777 1161 καί
801 1110 834 1161 ό
870 1106 1027 1175 ἀνὴρ
1054 1106 1154 1160 διὰ
1186 1105 1298 1173 τῆς
1333 1108 1634 1175 γυναικός.
1672 1105 1786 1157 Οὐκ
1814 1099 1891 1157 εί·-

305 1209 431 1249 πεν.
460 1191 557 1245 Ἐκ
572 1192 673 1263 τῆς
701 1192 982 1260 γυναικὸς,
1010 1190 1145 1244 ἀλλά
1169 1191 1354 1255 πάλιν,
1397 1190 1491 1242 Ἐκ
1516 1189 1622 1242 τοῦ
1644 1189 1884 1257 ἀνδρός·

303 1276 385 1328 ἔτι
426 1276 533 1347 γὰρ
566 1275 699 1328 αὑτὸ
741 1274 903 1328 τοῦτο
932 1275 1192 1344 ἀκέραιον
1226 1274 1376 1343 μένει
1420 1272 1573 1342 παρά
1604 1273 1682 1341 τῷ
1711 1272 1887 1343 ἀνδρί.

318 1358 459 1411 Ἀλλ’
488 1360 548 1411 οὑ
586 1358 682 1410 τοῦ
722 1357 913 1429 ἀνδρὸς
963 1357 1140 1409 ταῦτα
1181 1359 1250 1408 τα
1294 1355 1720 1425 κατορθώματα,
1751 1354 1889 1408 ἀλλά

301 1441 399 1495 τοῦ
436 1441 591 1494 Θεοῦ·
636 1440 718 1493 διὸ
764 1441 859 1493 καὶ
905 1440 1173 1509 ἐπήγαγε,
1219 1439 1297 1493 Τὰ
1324 1439 1394 1492 δὲ
1421 1436 1620 1490 πάντα
1662 1438 1731 1491 ἐκ
1780 1436 1889 1491 τοῦ

303 1526 478 1581 Θεοῦ.
502 1525 565 1578 Εἰ
586 1524 768 1577 τοίνυν
790 1522 887 1576 τοῦ
912 1522 1048 1576 Θεοῦ
1079 1525 1147 1576 τά
1172 1524 1371 1587 πάντα,
1402 1521 1568 1585 αὐτὸς
1591 1522 1648 1575 δὲ
1674 1520 1888 1574 κελεύει

299 1610 492 1670 ταῦτα,
528 1606 716 1659 πείθου
766 1607 862 1660 καὶ
898 1606 971 1676 μὴ
999 1605 1271 1674 ἀντίλεγε.
1334 1608 1437 1659 Ἐν
1492 1604 1635 1673 ὑμῖν
1683 1602 1889 1669 αὐτοῖς

300 1692 565 1760 κρίνατε,
610 1689 842 1759 πρέπον
890 1689 1024 1743 ἐστὶ
1072 1689 1329 1757 γυναῖκα
1380 1689 1889 1745 ἀκατακάλυπτον

302 1774 383 1840 τῷ
421 1772 543 1840 Θεῷ
580 1775 1069 1843 προσεύχεσθαι;
1107 1774 1277 1828 Πάλιν
1304 1773 1505 1837 αὑτοὺς
1544 1770 1755 1834 καθίζει
1805 1771 1888 1825 δι-

303 1861 512 1922 καστὰς
538 1859 647 1912 τῶν
678 1858 1009 1930 λεγομένων,
1033 1859 1169 1930 ὅπερ
1210 1859 1303 1912 καὶ
1336 1858 1430 1910 ἐπὶ
1462 1859 1570 1911 τῶν
1602 1856 1887 1910 εἰδωλοθύ-

299 1960 411 1996 των
442 1944 690 2013 ἐποίησε·
733 1943 829 1995 καὶ
853 1943 963 2013 γάρ
1008 1943 1126 1994 ἐκεῖ
1178 1959 1334 2012 φησι,
1360 1941 1612 2008 Κρίνατε
1644 1940 1814 2010 ὑμεῖς
1853 1941 1889 1994 ὅ

300 2044 484 2096 φημι·
522 2029 617 2080 καὶ
656 2026 912 2089 ἐνταῦθα,
957 2029 1055 2079 Ἑν
1080 2026 1224 2097 ὑμῖν
1256 2027 1463 2092 αὐτοῖς
1499 2027 1758 2094 κρίνατε·
1792 2026 1886 2078 καί

301 2128 356 2163 τι
389 2109 763 2181 φοϐερώτερον
808 2108 1106 2163 αἰνίττεται
1130 2109 1384 2162 ἐνταῦθα·
1426 2108 1527 2180 τὴν
1575 2108 1885 2179 γὰρ-ὓϐριν

303 2192 541 2246 ἐνταῦθα
576 2193 656 2256 είς
695 2193 789 2247 τὸν
820 2192 955 2247 Θεὸν
990 2208 1125 2263 φησι
1165 2191 1485 2245 διαϐαίνειν.
1550 2191 1691 2244 Ἀλλ’
1742 2190 1886 2245 οὕτω

304 2278 404 2347 μὲν
434 2275 496 2329 οῦ
526 2293 713 2346 φησιν,
741 2275 1091 2347 ἡμερώτερον
1126 2276 1185 2328 δέ
1219 2293 1335 2338 πως
1362 2278 1458 2327 καὶ
1485 2276 1885 2348 αἰνιγματωδὲ-

303 2377 494 2431 στερον
544 2361 738 2429 λέγων*
773 2359 1012 2428 Πρέπον
1052 2360 1183 2413 ἐστί
1224 2359 1479 2428 γυναῖκα
1507 2358 1886 2414 ἀκατακάλυ-

300 2462 455 2498 πτον
484 2444 565 2509 τῷ
599 2441 721 2508 Θεῷ
748 2444 1196 2513 προσεύχεσθαι
1220 2458 1238 2506 ;
1272 2446 1348 2498 Ἣ
1371 2442 1515 2496 οὐδὲ
1535 2443 1686 2510 ιιῦτη
1710 2444 1747 2510 ἠ
1776 2443 1887 2510 φύ-

298 2544 405 2593 σις
462 2526 621 2595 ὑμᾶς
677 2525 970 2591 ᾶιδάσκει,
1019 2525 1109 2578 ὅτι
1168 2526 1323 2593 ἀνὴρ
1366 2524 1485 2594 μὲν
1540 2526 1650 2578 ἐὰν
1707 2523 1883 2593 κομᾷ,

297 2611 503 2678 ἀτιμία
535 2606 695 2673 αὐτῷ
725 2610 875 2662 ἐστι·
905 2606 1060 2676 γυνὴ
1090 2606 1159 2659 δὲ
1190 2606 1300 2659 ἐὰν
1333 2607 1509 2674 κομᾷ,
1548 2607 1699 2671 δόξα
1729 2606 1886 2675 αὐτῇ

299 2694 471 2755 ἐστι;
500 2690 589 2743 ὅτι
611 2690 650 2758 ἡ
673 2691 825 2759 κόμη
848 2688 982 2744 ἀντὶ
1007 2688 1392 2756 περιϐολαίου
1428 2688 1666 2742 δέδοται
1704 2687 1882 2756 αὐτῇ.

304 2777 486 2844 Ὀπερ
512 2774 600 2826 ἀεὶ
632 2774 796 2838 ποῐεί,
820 2773 1033 2834 κοινοὺς
1054 2770 1347 2841 λογισμοὺς
1372 2771 1561 2837 τιθεὶς,
1599 2770 1760 2824 τοῦτο
1791 2772 1887 2824 καὶ

300 2855 540 2911 ἐνταῦθα
580 2854 730 2928 [255]
772 2854 1086 2927 ἐργάζεται,
1124 2856 1218 2907 ἐπὶ
1245 2854 1344 2925 τὴν
1376 2854 1574 2924 κοινὴν,
1599 2853 1887 2923 συνήθειαν

304 2939 684 3010 καταφεύγων,
716 2939 812 2993 καὶ
847 2939 1054 3011 σφόδρα
1084 2938 1362 3010 ἐντρέπων
1413 2939 1541 2999 τοὺς
1588 2936 1888 3008 ἀναμένον·

302 3044 405 3089 τας
434 3027 609 3079 ταῦτα
634 3023 927 3095 μανθάνειν
961 3023 1095 3093 παρ’
1122 3021 1319 3093 αὑτοῦ,
1336 3022 1371 3075 ἀ
1398 3023 1494 3075 καὶ
1519 3021 1626 3073 ἀπὺ
1648 3022 1751 3091 τῆς
1774 3038 1890 3075 κοι-

300 3106 404 3174 νῆς
463 3104 752 3177 συνηθείας
808 3103 1036 3156 δυνατὸν
1099 3097 1211 3172 [ἦν]
1276 3100 1585 3170 μανθάνειν·
1649 3100 1718 3152 τά
1776 3100 1890 3171 γάρ

299 3186 549 3250 τοιαῦτα,
602 3184 727 3238 οὗτε
784 3184 1081 3256 βαρϐάροις
1132 3185 1407 3251 ἄγνωστα.
1468 3183 1577 3234 Kal
1622 3182 1724 3252 ὅρα
1770 3183 1889 3245 πῶς

303 3267 581 3340 πανταχοῦ
635 3267 953 3339 πληκτικῶς
1012 3269 1276 3338 κέχρηται
1344 3267 1464 3328 ταῖς
1502 3264 1712 3329 λέξεσι·
1761 3264 1897 3331 Πᾶᾴ

302 3353 461 3422 ἀνὴρ
494 3353 983 3422 προσευχόμενος
1034 3350 1510 3403 κατακαλύπτων
1541 3348 1729 3403 αὑτοῦ
1775 3348 1889 3416 τὴν

302 3436 604 3506 κεφαλὴν,
651 3437 1041 3504 καταισχύνει
1093 3433 1209 3501 τὴν
1240 3432 1520 3502 κεφαλὴν
1551 3431 1768 3486 αὑτοῦ·
1795 3433 1889 3485 καὶ

303 3522 494 3584 πάλιν,
523 3522 594 3573 El
621 3518 691 3572 δὲ
715 3521 973 3586 αίσχρὸν
1003 3517 1239 3586 γυναικί
1277 3518 1579 3585 κείρεσθαι
1616 3517 1655 3584 ἦ
1706 3515 1889 3584 ξηρᾶ-

302 3606 468 3667 σθιιι,
494 3600 1067 3655 κατακαλυπτέσθω·
1111 3601 1205 3652 καὶ
1233 3600 1469 3653 ἐνταῦθα
1504 3598 1685 3664 πάλιν,
1718 3598 1889 3665 Ἀνὴρ

296 3684 418 3753 μὲν
457 3682 568 3736 ἐὰν
594 3681 768 3751 κομᾷ,
802 3681 1002 3750 ἀτιμία
1034 3681 1193 3744 αὐτῷ
1231 3680 1363 3733 ἐστι
1394 3695 1405 3707 ·
1465 3679 1619 3748 γυνὴ
1674 3678 1743 3731 δὲ
1780 3678 1889 3731 ἐὰν

304 3764 482 3835 κομᾷ,
521 3765 673 3829 δόξα
693 3764 848 3830 αὐτῆ
878 3765 1070 3828 ἐστιν,
1098 3763 1188 3817 ὅτι
1218 3763 1255 3830 ἠ
1288 3764 1440 3831 κόμη
1490 3761 1626 3816 ἀντὶ
1659 3762 1890 3830 περιϐο-

302 3850 485 3906 λαίου
540 3849 795 3906 δέδοται.
835 3850 944 3902 Kal
992 3851 1042 3899 εἰ
1089 3848 1213 3902 ἀντὶ
1258 3844 1607 3916 περιϐολαίου
1656 3844 1886 3909 δέδοται,

303 3934 462 4003 φησι,
485 3932 630 3996 τίνος
668 3932 853 3985 ἕνεκεν
882 3931 964 3984 δεῖ
1000 3931 1345 4001 περιὸόλαιον
1383 3926 1888 4001 ἕτερονπροστιθέ-

306 4034 395 4068 ναι
415 4032 433 4081 ;
454 4014 619 4066 Ὥστε
654 4016 729 4083 μὴ
760 4014 870 4068 ἀπὸ
908 4017 1005 4084 τῆς
1044 4014 1259 4082 φύσεως
1294 4014 1473 4083 μόνον,
1500 4012 1635 4065 ἀλλὰ
1662 4015 1753 4065 καὶ
1780 4010 1889 4065 ἀπὺ

303 4102 408 4169 τῆς
437 4096 808 4167 προαιρέσεως
835 4097 935 4165 τὴν
971 4096 1252 4165 ὑποταγὴν
1283 4096 1589 4164 ὁμολογεῖν.
1625 4097 1747 4149 Ὅτι
1778 4096 1887 4167 γὰρ

302 4183 390 4235 δεῖ
418 4196 476 4231 σε
515 4178 910 4241 καλύπτεσθαι,
939 4178 1283 4250 προλαϐοῦσα
1311 4180 1405 4231 καὶ
1434 4180 1469 4248 ἠ
1500 4178 1664 4246 φύσις
1692 4180 1885 4247 ἐνομο-

304 4262 525 4331 θέτησε.
550 4262 836 4334 Προστίθει
858 4264 1035 4317 τοίνυν
1059 4263 1152 4316 καὶ
1170 4264 1237 4315 τὰ
1261 4261 1412 4331 παρά
1436 4261 1660 4330 σαυτῆς,
1699 4261 1785 4312 ίνα
1812 4260 1887 4332 μὴ

301 4344 465 4416 δόξῃς
492 4347 587 4399 καὶ
613 4350 739 4410 τοὺς
762 4346 862 4416 τῆς
894 4345 1109 4413 φύσεως
1143 4344 1478 4415 ἀνατρέπειν
1508 4344 1723 4413 νόμους·
1749 4345 1887 4413 ὅπερ

304 4428 510 4497 πολλῆς
556 4430 703 4480 ἐστιν
741 4429 1084 4499 ἰταμότητος,
1129 4428 1204 4498 μὴ
1239 4428 1399 4497 μόνον
1421 4427 1575 4497 ἡμῖν,
1617 4427 1751 4479 ἀλλά
1794 4430 1888 4480 καὶ

299 4514 373 4584 τῇ
404 4513 564 4582 φύσει
602 4512 915 4568 πυκτεύειν,
944 4513 1033 4566 Διὸ
1064 4514 1158 4566 καὶ
1200 4506 1473 4575 Ἰουδαίοις
1501 4511 1531 4562 6
1558 4510 1691 4573 Θεὸς
1723 4512 1889 4579 ἐγκα-

302 4594 414 4649 λῶν
442 4596 648 4663 ἔλεγεν,
679 4596 985 4664 Ἕσραξας
1013 4596 1157 4662 τοὺς
1182 4596 1353 4661 υἱούς
1378 4602 1495 4648 σου
1516 4593 1615 4645 καὶ
1649 4593 1758 4658 τὰς
1784 4597 1887 4647 θυ-

303 4680 560 4751 γατέρας
596 4694 733 4732 σου·
768 4680 946 4734 τοῦτο
979 4679 1139 4746 παρὰ
1167 4680 1365 4733 πάντα
1399 4678 1470 4732 τὰ
1495 4677 1887 4747 βδελύγματὰ

304 4779 448 4818 σου.
480 4765 591 4816 Kal
619 4764 733 4825 τοῖς
763 4765 913 4834 παρά
945 4764 1235 4832 Ῥωμαίοις
1260 4761 1638 4830 ἀσελγαίνουσι
1671 4762 1832 4816 πάλιν
1858 4766 1887 4816 ὁ

309 4846 523 4909 Παῦλος
567 4846 857 4916 ἐπιτιμῶν,
888 4845 1059 4909 οὑτως
1105 4845 1259 4913 αὔξει
1301 4846 1399 4916 τὴν
1436 4846 1769 4915 κατηγορίαν
1802 4847 1888 4899 λέ-

304 4946 443 4998 γων,
474 4931 557 4983 ὅτι
576 4931 639 4984 ού
666 4928 816 4999 παρά
845 4929 1009 5000 νόμον
1033 4929 1124 4981 τὸν
1148 4929 1244 4982 τοῦ
1266 4929 1401 4983 Θεοῦ
1427 4931 1609 4999 μόνον,
1632 4930 1767 4985 ἀλλὰ
1792 4933 1886 4985 καὶ

307 5012 461 5082 παρά
487 5011 649 5080 φύσιν
685 5015 719 5082 ἡ
744 5011 940 5082 χρῆσις
960 5008 1046 5082 ἦν·
1083 5012 1460 5078 Ἐνήλλαξαν
1494 5014 1604 5081 γὰρ
1632 5013 1746 5081 τὴν
1775 5032 1887 5082 φυ-

305 5091 498 5159 σικὴν
529 5093 751 5163 χρῆσιν
788 5095 875 5157 εἰς
915 5093 1031 5161 τὴν
1055 5093 1214 5161 παρὰ
1242 5094 1451 5163 φύσιν.
1486 5095 1585 5147 Διά
1625 5094 1689 5165 δὴ
1730 5095 1887 5148 τοῦτο

306 5175 409 5230 καὶ
428 5174 660 5228 ἐνταῦθα
678 5174 867 5228 τοῦτον
903 5177 1165 5245 γυμνάζει
1189 5176 1281 5229 τὸν
1314 5177 1493 5245 λόγον,
1526 5178 1686 5231 τοῦτὸ
1708 5196 1767 5231 τε
1796 5182 1888 5232 αὑ-

304 5260 372 5314 τὸ
416 5257 649 5319 δεικνύς,
678 5259 774 5311 καὶ
817 5258 900 5310 ὃτι
948 5260 1100 5314 οὐδὲν
1142 5260 1292 5327 ξένον
1325 5262 1625 5330 νομοτεθετ,
1662 5263 1756 5316 καὶ
1803 5265 1886 5317 ὅτι

305 5343 442 5413 παρ’
465 5339 694 5409 Ἕλλησι
724 5339 795 5391 τὰ
831 5340 931 5406 τῆς
961 5343 1311 5414 καινοτομίας
1339 5344 1556 5399 ἅπαντα
1600 5345 1699 5415 τῆς
1734 5347 1886 5417 παρά

305 5427 493 5497 φύσιν.
524 5422 681 5478 θῦτω
712 5423 808 5475 καὶ
866 5425 896 5475 6
939 5426 1171 5495 Χριστὸς
1223 5428 1381 5481 τοῦτο
1414 5429 1629 5490 δεικνὺς
1673 5430 1881 5497 ἔλεγεν·

309 5508 469 5561 Ὀσα
505 5506 616 5561 ἐὰν
643 5503 858 5573 θέλητε
886 5506 987 5557 ἵνα
1021 5507 1276 5563 ποιῶσιν
1303 5512 1443 5579 ὑμῖν
1479 5515 1532 5565 oi
1561 5511 1880 5581 ἅνθρωποι,

306 5593 407 5646 καί
443 5589 611 5659 ὑμεῖς
643 5588 863 5643 ποιεῖτε
882 5588 1107 5655 αὐτοῖς·
1148 5590 1325 5661 δηλῶν
1370 5596 1457 5647 ὅτι
1498 5596 1652 5648 οὐδὲν
1692 5597 1881 5649 καινὸν

302 5675 613 5741 ὁπεισάγει.
637 5674 707 5727 El
732 5671 802 5725 δέ
825 5689 914 5738 τις
940 5671 1112 5726 δοκεῖ
1133 5678 1470 5743 φιλόνεικος
1500 5675 1675 5742 εἶναι,
1710 5680 1880 5748 ἡμεῖς

308 5758 597 5823 τοιαύτην
621 5756 952 5823 συνήθειαν
972 5758 1082 5811 οὐκ
1114 5756 1352 5824 ἔχομεν,
1377 5758 1520 5812 οὐδέ
1543 5765 1601 5815 αἰ
1633 5763 1880 5829 Ἐκκλη-

303 5840 434 5894 alat
472 5839 576 5893 τοῦ
606 5839 774 5895 Θεοῦ.
790 5841 950 5919 *Ἄρα
972 5842 1299 5913 φιλονεικίας
1324 5842 1383 5896 τὸ
1404 5844 1726 5901 ἀντιτείνειν
1751 5848 1871 5905 τού-

1269 322 1336 379 IN
1373 320 1592 378 EPIST.
1645 324 1665 377 1
1724 320 1815 375 AD
1851 320 2009 377 (ΞΟΠ.
2052 320 2290 376 IIOMIL.
2332 323 2524 379 XXVI.

3461 326 3579 383 2‘20

1990 454 2123 502 τοις,
2160 438 2252 491 καὶ
2283 439 2343 491 οὑ
2375 438 2658 509 λογισμοῦ·
2683 440 2824 510 πλὴν
2844 439 2979 492 ἀλλά
3007 440 3099 492 καὶ
3119 437 3263 491 οὔτω
3292 450 3569 511 μεμετρη-

1995 521 2162 588 μένην
2198 520 2298 590 τὴν
2334 523 2648 592 ἐπιτίμησιν
2668 522 2911 591 ἐποίησε,
2935 522 3155 577 πλείονα
3177 521 3277 591 τὴν
3304 522 3569 594 ἐντροπὴν

1990 602 2186 666 ἐνθεὶς,
2212 604 2241 655 6
2283 603 2348 675 δὴ
2374 605 2470 658 καὶ
2501 604 2801 676 βαρύτερον
2830 606 3005 658 ἐποίει
3041 604 3133 657 τὸν
3160 603 3339 673 λόγον.
3376 606 3569 675 Ἡμεῖς

1988 688 2117 754 γὰρ,
2168 687 2323 756 φησὶ,
2382 688 2637 757 τοιαύτην
2688 687 2975 755 συνήθειαν
3033 688 3132 741 οὑκ
3174 688 3392 758 ἔχομεν,
3426 686 3568 742 ὥστε

1989 768 2310 836 φιλονεικεῖν
2382 773 2475 825 καὶ
2540 770 2739 841 ἐρίζειν
2801 771 2894 823 xal
2946 770 3387 825 ἀντιτάττεσθαι.
3457 772 3569 825 Kal

1987 853 2108 906 οὑδὲ
2148 854 2313 926 μέχρι
2344 856 2537 909 τούτου
2572 855 2720 924 ἔστη,
2768 855 2904 909 ἀλλά
2936 857 3030 909 καὶ
3070 856 3372 925 ἐπήγαγεν,
3414 854 3570 909 Οὑδὲ

1988 940 2048 991 αι
2111 938 2461 1007 Ἐκκλησίαι
2514 939 2621 995 τοῦ
2681 938 2829 993 Θεοῦ
2860 956 2873 967 ⁸
2904 940 3118 1003 δεικνὺς
3167 940 3249 994 ὅτι
3296 939 3446 1012 πάσῃ
3500 943 3568 1009 τῇ

1988 1021 2280 1093 οἰκουμένῃ
2336 1022 2718 1076 ἀντιπίπτουσι
2779 1022 2873 1075 καὶ
2931 1022 3323 1087 ἐναντιοῦνται,
3379 1025 3454 1093 μὴ
3502 1024 3572 1075 εί-

1989 1122 2196 1168 κοντες.
2237 1106 2379 1160 Ἀλλ’
2421 1108 2470 1159 εί
2502 1108 2596 1160 καὶ
2628 1107 2747 1160 τότε
2787 1106 3152 1175 ἐφιλονείκουν
3191 1109 3239 1159 οἱ
3269 1107 3567 1177 Κορίνθιοι,

1988 1188 2085 1241 νῦν
2122 1190 2273 1242 πᾶσα
2322 1192 2355 1258 ἡ
2401 1191 2693 1261 οἰκουμένη
2741 1190 2831 1242 τὸν
2858 1189 3021 1259 νόμον
3072 1189 3261 1242 τοῦτον
3308 1191 3404 1243 καὶ
3441 1207 3571 1244 κατ·

1989 1273 2203 1338 εδέξατο
2247 1276 2338 1327 καὶ
2387 1274 2654 1342 ἐφύλαξε·
2682 1274 2920 1344 τοσαύτη
2961 1273 3057 1327 τοῦ
3092 1272 3502 1342 σταυρωθέντος
3534 1275 3567 1343 ὴ

1986 1355 2235 1426 δύναμις.

2062 1439 2134 1505 ς’.
2155 1441 2312 1495 Ἀλλά
2330 1443 2561 1498 δέδοικα.
2582 1445 2794 1514 μήποτε
2819 1445 2879 1498 τὸ
2902 1444 3087 1515 σχῆμα
3111 1442 3568 1514 καταδεξάμεναι,

1987 1524 2080 1577 ἐπὶ
2109 1522 2218 1575 τῶν
2247 1524 2426 1594 ἔργων
2460 1527 2758 1596 εὑρεθῶσιν
2787 1527 3246 1598 ἀναισχυντοῦσαι
3292 1526 3429 1579 ἔνιαι
3462 1527 3571 1579 τῶν

1986 1607 2282 1674 γυναικῶν,
2326 1609 2422 1660 καὶ
2475 1609 2995 1680 ἀνακεκαλυμμέναι
3031 1611 3255 1679 ἑτέρως.
3304 1611 3405 1663 Διά
3463 1611 3572 1679 γὰρ

1958 1691 2144 1745 τοῦτο
2175 1692 2269 1743 καί
2301 1689 2552 1761 Τιμοθέῳ
2582 1692 2811 1762 γράφων
2855 1694 2956 1744 οὑκ
3005 1692 3252 1763 ἠρκέσθη
3294 1693 3507 1756 τούτοις
3544 1696 3591 1759 ἀ,

1989 1775 2223 1839 Παυλος,
2264 1774 2376 1829 ἀλλ’
2424 1775 2590 1845 ἕτερα
2625 1775 2968 1845 προσέθηκεν
2997 1774 3196 1827 εἰπών·
3261 1776 3364 1828 Ἐν
3391 1791 3571 1827 κατα-

1986 1856 2182 1925 στολῇ
2220 1860 2451 1927 κοσμίῳ
2470 1857 2622 1926 μετὰ
2662 1858 2871 1924 αἰδοῦς
2896 1857 2996 1911 καὶ
3032 1858 3442 1926 σωφροσύνης
3471 1874 3570 1910 κο-

1987 1942 2166 2013 σμεῖν
2185 1943 2434 2009 ἑαυτὰς,
2459 1943 2545 2013 μὴ
2576 1944 2646 1997 ἐν
2678 1943 3023 2011 πλέγμασιν
3053 1942 3092 2009 ἢ
3120 1939 3347 2010 χρυσῷ.
3370 1941 3432 1994 Εἰ
3455 1956 3563 2010 γαρ

1986 2025 2282 2096 γυμνὴνιοὺ
2310 2028 2391 2080 δεῖ
2409 2028 2509 2098 τὴν
2535 2028 2781 2099 κεφαλὴν
2806 2027 2971 2098 ἔχειν,
2998 2026 3133 2080 ἀλλὰ
3172 2027 3273 2096 τῆς
3294 2026 3571 2096 ὑποταγῆς
3646 2068 3653 2071 -

1986 2108 2047 2159 τὸ
2099 2108 2371 2177 σύμϐολον
2430 2111 2709 2180 πανταχοῦ
2745 2111 3090 2180 περιφέρειν,
3141 2108 3323 2179 πολλῷ
3371 2108 3585 2181 μᾶλλον¹

1986 2192 2073 2244 διά
2115 2194 2224 2245 τῶν
2273 2193 2527 2261 πράξεων
2577 2194 2739 2249 τοῦτο
2782 2195 3188 2249 ἐπιδείκνυσθαι
3247 2195 3377 2265 χρή.
3417 2192 3572 2249 Οὕτω

1987 2275 2117 2341 γοῦν
2147 2278 2239 2329 καὶ
2284 2279 2339 2329 αἱ
2399 2274 2548 2347 [Ξῗιϐ]
2601 2278 2865 2348 πρότεραι
2920 2281 3180 2345 γυναῖκες
3213 2280 3306 2331 καὶ
3347 2278 3571 2347 κυρίους

1985 2359 2111 2421 τοὺς
2134 2358 2331 2430 ἄνδρας
2357 2360 2609 2419 ἐκάλουν,
2644 2361 2737 2412 καὶ
2766 2360 2877 2411 τῶν
2903 2362 3189 2431 πρωτείων
3216 2361 3400 2424 αὑτοῖς
3429 2379 3572 2430 παρ-

1986 2440 2244 2511 εχώρουν.
2288 2443 2397 2494 Kal
2427 2443 2536 2513 γάρ
2559 2445 2780 2504 ἐκεῖνοι,
2816 2443 2971 2510 φησὶ,
2999 2443 3097 2503 τὰς
3137 2443 3399 2508 γυναῖκας
3431 2444 3568 2512 ἡγά·

1988 2542 2107 2576 πων
2147 2525 2246 2587 τὰς
2294 2526 2525 2579 ἑαυτῶν.
2560 2524 2693 2579 Οἶδα
2738 2526 2915 2591 κάγὼ,
2947 2524 3041 2576 καὶ
3072 2526 3171 2576 οὑκ
3204 2524 3417 2591 ἀγνοῶ·
3455 2526 3571 2576 ἀλλ’

1986 2606 2113 2659 ὅταν
2138 2609 2276 2678 ὑπὲρ
2300 2609 2410 2661 τῶν
2446 2626 2528 2662 σοι
2558 2609 2948 2679 προσηκόντων
2980 2607 3361 2676 παραινῶμεν,
3402 2608 3475 2675 μὴ
3502 2609 3570 2658 τὰ

1986 2690 2209 2743 ἐκείνων
2246 2694 2461 2747 σκόπει.
2519 2695 2631 2746 Kal
2685 2695 2797 2763 γὰρ
2834 2694 2963 2745 ὅταν
3012 2692 3170 2745 παισὶ
3214 2690 3570 2761 παραινῶμεν

1987 2773 2286 2826 ὑπακούειν
2330 2776 2549 2842 γονεῦσι
2598 2777 2875 2842 λέγοντες,
2907 2778 2990 2827 ὅτι
3033 2777 3384 2845 γέγραπται,
3431 2777 3573 2844 Τίμα

1985 2856 2095 2909 τὸν
2145 2856 2369 2924 πατέρα
2408 2872 2525 2911 σου
2576 2857 2676 2910 καὶ
2739 2857 2856 2922 τὴν
2898 2858 3134 2925 μητέρα
3165 2871 3304 2920 σου,
3353 2850 3573 2925 Ῐέγουσι

1987 2940 2125 3009 πρὸς
2152 2941 2319 3011 ἡμᾶς,
2344 2939 2477 2993 Εἰπὲ
2504 2942 2597 2993 καὶ
2637 2941 2708 2994 τὰ
2738 2940 2888 3010 ἐξῆς,
2929 2942 3010 2992 ὅτι
3036 2940 3144 2994 Καὶ
3182 2940 3369 3008 ὑμεῖς,
3393 2943 3448 2992 οἱ
3469 2958 3577 3007 γοα

1987 3022 2131 3089 νεῖς,
2166 3022 2255 3091 μὴ
2304 3021 2684 3093 παροργίζετε
2712 3025 2784 3077 τὰ
2830 3023 3045 3077 τέκνα·
3087 3021 3182 3079 καὶ
3222 3024 3334 3084 τοῖς
3364 3021 3571 3083 δούλοις

1988 3107 2116 3159 ὅταν
2140 3107 2404 3177 είπωμεν,
2433 3108 2515 3159 ὅτι
2538 3107 2852 3177 γέγραπται
2875 3106 3174 3160 ὑπακούειν
3198 3108 3309 3169 τοῖς
3338 3106 3566 3175 κυρίοις,

1990 3191 2083 3243 καὶ
2128 3189 2204 3261 μὴ
2241 3193 2361 3243 κατ’
2395 3190 2888 3261 ὀφθαλμοδουλείαν
2937 3190 3229 3253 δουλεύειν,
3287 3190 3380 3242 καὶ
3418 3189 3573 3241 αὑτοὶ

1990 3272 2151 3327 πάλιν
2180 3273 2247 3325 τά
2296 3272 2424 3344 ἑξῆς
2456 3274 2606 3343 ἡμᾶς
2630 3271 2946 3335 ἀπαιτοῦσι,
2978 3273 3289 3335 κελεύοντες
3321 3276 3417 3325 καὶ
3457 3277 3570 3335 τοῖς

1988 3356 2274 3418 δεσπόταις
2304 3355 2376 3408 τὰ
2402 3354 2543 3409 αὑτά
2572 3357 2878 3425 παραινεῖν.
2920 3357 3031 3407 Kal
3078 3358 3185 3424 γὰρ
3216 3356 3309 3408 καὶ
3338 3358 3570 3420 ἐκείνοις

1990 3442 2019 3494 6
2067 3439 2277 3504 Παῦλος
2331 3440 2611 3501 ἐκέλευσε,
2662 3441 2847 3509 φησὶν,
2903 3441 3110 3493 ἀνιέναι
3167 3441 3267 3509 τὴν
3314 3432 3567 3511 ἀπειλήν.

2003 3524 2163 3577 Ἀλλά
2195 3523 2269 3594 μὴ
2308 3522 2453 3576 οὕτω
2496 3522 2761 3593 ποιῶμεν,
2801 3522 2935 3593 μηδὲ
2972 3521 3041 3576 τὰ
3073 3523 3281 3594 ἑτέροις
3313 3524 3569 3576 ἐπιτετα-

1988 3608 2166 3679 γμένα
2208 3606 2482 3677 ζητῶμεν,
2528 3606 2657 3659 ὃταν
2697 3606 2838 3676 ὑπὲρ
2864 3606 2971 3658 τῶν
3004 3608 3286 3676 ἡμετέρων
3325 3607 3570 3674 ἐγκαλῶ-

1992 3691 2134 3764 μεθα
2153 3708 2166 3722 ·
2194 3691 2315 3744 οὑδὲ
2342 3690 2472 3760 γάρ,
2493 3689 2559 3743 ἂν
2583 3691 2840 3744 κοινωνὸν
2860 3690 3029 3761 λάϐῃς
3055 3690 3165 3742 τῶν
3186 3691 3569 3761 ἐγκλημάτων,

1988 3776 2353 3847 ἀπαλλαγήσῃ
2380 3775 2484 3845 τῆς
2515 3774 2692 3839 αἰτίας
2712 3792 2725 3804 ·
2756 3772 2873 3827 ἀλλ’
2899 3773 2955 3826 ἓν
2984 3773 3176 3827 σκόπει
3207 3773 3388 3844 μόνον,
3420 3776 3569 3837 ὅπως

1988 3863 2057 3915 τά
2086 3862 2155 3914 σά
2196 3861 2521 3929 ἐγκλήματα
2568 3858 2835 3929 ἀποδύσῃ.
2884 3859 3038 3912 Ἐπεὶ
3082 3858 3178 3911 καὶ
3204 3859 3233 3910 6
3276 3856 3446 3927 Ἀδὰμ
3477 3860 3571 3910 ἐπὶ

1988 3943 2087 4015 τὴν
2116 3946 2353 4011 γυναῖκα
2380 3942 2479 4012 τὴν
2525 3942 2705 3995 αἰτίαν
2757 3943 2943 4011 ἔφερε,
2982 3942 3079 3995 καὶ
3107 3940 3244 4013 αῦτη
3281 3940 3441 3994 πάλιν
3475 3941 3569 3994 ἐπὶ

1988 4028 2079 4079 τὸν
2122 4026 2266 4093 ὅφιν,
2310 4024 2429 4077 ἀλλ’
2474 4024 2628 4077 οὑδὲν
2674 4024 2874 4086 αὑτοὺς
2928 4023 3087 4076 τοῦτο
3132 4024 3369 4089 ἐξείλετο
3392 4036 3438 4078 ι.
3476 4024 3569 4093 Μὴ

1988 4110 2165 4163 τοίνυν
2198 4107 2332 4179 μηδὲ
2360 4106 2425 4159 σὺ
2468 4104 2628 4159 τοῦτο
2676 4105 2802 4173 λέγε
2839 4122 2930 4174 μοι
2964 4105 3082 4169 νῦν,
3114 4105 3251 4157 ἀλλά
3298 4105 3567 4170 σπούδαζε

1992 4194 2129 4265 μετά
2153 4189 2576 4263 εὐγνωμοσύνης
2595 4190 2816 4259 ἀπάσης
2838 4188 3119 4260 παρέχειν,
3145 4190 3289 4259 άπερ
3309 4187 3562 4255 ὀφείλεις,

1987 4278 2065 4348 τῷ
2116 4275 2289 4346 ἀνδρί.
2353 4275 2509 4329 Ἐπεὶ
2556 4275 2651 4329 καὶ
2682 4276 2812 4328 ὅταν
2858 4272 2938 4343 τῷ
2970 4273 3126 4344 ἀνδρὶ
3171 4272 3249 4342 τῷ
3284 4271 3360 4342 σῷ
3388 4271 3566 4325 διαλέ-

1987 4377 2193 4431 γωμαι,
2220 4358 2609 4429 συμδουλεύων
2640 4376 2699 4411 σε
2725 4359 2948 4429 ἀγαπᾷν
2976 4359 3068 4410 καὶ
3094 4357 3440 4426 θεραπεύειν,
3468 4359 3581 4410 οὑκ.

1986 4444 2188 4514 ἀφίημι
2226 4443 2389 4495 αὑτὸν
2423 4444 2776 4512 προενεγκεῖν
2809 4442 2889 4502 εἰς
2918 4440 3082 4509 μέσον
3108 4439 3200 4491 τὸν
3235 4441 3300 4509 τῇ
3346 4442 3567 4506 γυναικὶ

1988 4527 2241 4598 κείμενον
2265 4526 2453 4595 νόμον,
2477 4523 2613 4577 ἀλλά
2634 4525 2728 4576 τὸν
2748 4522 2898 4593 αὑτῷ
2918 4522 3304 4594 γεγραμμένον
3325 4522 3563 4575 ἀπαιτῶ.

1987 4611 2099 4664 Kal
2131 4610 2197 4662 σὺ
2230 4607 2411 4661 τοίνυν
2429 4608 2497 4662 τά
2526 4624 2610 4660 σοι
2640 4609 2988 4679 προσήκοντα
3012 4605 3377 4675 περιεργάζου
3408 4605 3563 4674 μόνα,

1988 4695 2085 4748 καὶ
2116 4694 2320 4763 πάρεχε
2353 4693 2557 4761 σαυτὴν
2586 4694 2800 4762 εὑήνιον
2832 4692 2911 4761 τῷ
2939 4689 3292 4744 συνοικοῦντι.
3326 4690 3435 4741 Kal
3456 4688 3567 4757 γὰρ

1986 4780 2037 4831 εἰ
2078 4777 2169 4831 διά
2198 4777 2290 4830 τὸν
2318 4776 2453 4829 Θεὸν
2482 4775 2644 4847 πείθῃ
2673 4774 2751 4845 τῷ
2782 4775 2955 4845 ἀνδρὶ,
2993 4774 3066 4843 μή
3101 4789 3190 4842 μοι
3224 4772 3467 4842 πρόφερε
3496 4774 3565 4825 τά

1986 4862 2268 4931 ὀφείλοντα
2314 4861 2445 4930 παρ’
2485 4860 2650 4912 αὑτοῦ
2684 4858 2953 4927 γίνεσθαι.
3004 4857 3119 4910 ἀλλ’
3154 4849 3230 4909 ὧν
3264 4848 3583 4909 ὑπεύθυνόν.

1989 4962 2049 4999 σε
2099 4944 2353 5013 ἐποίησεν
2402 4945 2431 4995 6
2477 4942 2793 5013 νομοθέτης,
2842 4940 3015 4995 ταῦτα
3046 4940 3177 4994 ἀνυε
3213 4938 3352 5008 μετά
3402 4939 3564 5010 ἀκρι-

1988 5028 2158 5091 ϐείας.
2206 5026 2377 5079 Τοῦτο
2410 5027 2519 5096 γάρ
2567 5028 2683 5079 ἐστι
2726 5024 2961 5094 μάλιστα
2993 5022 3115 5093 Θεῷ
3163 5021 3470 5082 πείθεσθαι,
3505 5021 3567 5073 τὸ

1987 5110 2080 5163 καὶ
2115 5111 2331 5162 ἐναντία
2380 5110 2694 5178 πάσχουσαν
2731 5108 2805 5178 μὴ
2852 5109 3176 5177 παρακινεῖν
3227 5106 3319 5158 τὸν
3376 5104 3561 5173 νόμον.

1985 5194 2085 5248 Διά
2113 5194 2222 5264 γὰρ
2245 5192 2402 5245 τοῦτο
2431 5195 2457 5245 6
2489 5193 2588 5261 μὲν
2611 5191 2702 5247 τὸν
2732 5190 2989 5259 φιλοῦντα
3024 5189 3216 5257 φιλῶν,
3242 5188 3395 5241 οὐδὲν
3419 5188 3571 5241 δοκεί

1984 5295 2037 5330 τι
2073 5276 2217 5345 μέγα
2248 5279 2419 5329 ποιεῖν
2437 5293 2457 5317 ἰ
2480 5278 2509 5328 6
2536 5274 2593 5327 δὲ
2621 5276 2713 5327 τὸν
2746 5274 3009 5343 μισοῦντα
3038 5272 3376 5343 θεραπεύων,
3410 5266 3568 5332 οὗτος

1990 5360 2226 5432 μάλιστά
2275 5362 2427 5413 ἐστιν
2463 5361 2492 5412 ὁ
2522 5357 2975 5427 στεφανούμενος.
3022 5356 3127 5409 Τὸν
3153 5356 3317 5409 αὑτὸν
3346 5355 3410 5423 δὴ
3440 5353 3563 5425 τρό-

1986 5443 2087 5498 ¹ἴτον
2117 5443 2209 5496 καὶ
2256 5444 2321 5496 σὺ
2366 5441 2605 5511 λογίζου,
2643 5442 2723 5493 ὅτι
2762 5440 2829 5492 ἂν
2869 5439 2969 5507 μὲν
3009 5438 3267 5508 φορτικὸν
3313 5438 3441 5489 ὄντα
3469 5436 3562 5486 τὸν

1985 5527 2151 5596 ἄνδρα
2189 5526 2440 5598 ἐνέγκῃς,
2474 5525 2725 5594 λαμπρὸν
2752 5521 2898 5592 λήψῃ
2934 5521 3025 5572 τὸν
3070 5521 3333 5584 στέφανον
3355 5534 3371 5550 ·
3408 5514 3560 5598 ἂνέδέ

1983 5612 2190 5681 ἥμερον
2217 5610 2311 5662 καὶ
2353 5596 2547 5678 πρᾶον,
2582 5608 2729 5667 τίνος
2766 5621 2849 5655 σοι
2895 5602 3057 5655 δώσει
3093 5600 3284 5670 μισθὸν
3312 5601 3340 5651 6
3390 5596 3569 5664 Θεόςλ

2048 5861 2074 5890 ⁸
2104 5858 2247 5919 Reg,
2274 5856 2375 5904 ἀλλ’
2398 5854 2568 5904 οὐδένα
2590 5854 2744 5902 αὐτῶν
2766 5851 2907 5901 τοῦτο
2929 5852 3144 5909 ἐξείλετο.
