4022 6214
186 370 302 426 221

190 483 378 535 virum
407 478 567 544 feras,
595 476 925 547 splendidam
955 476 1184 544 accipies
1214 488 1472 529 coronam
1501 490 1513 526 :
1537 472 1618 525 sin
1639 485 1790 523 man-

192 584 414 627 suetum
444 581 498 626 et
527 573 732 638 mitem,
761 585 922 641 quam
970 571 1061 623 tibi
1093 570 1229 622 Deus
1276 567 1423 621 dabit
1451 563 1790 619 mercedem?

195 663 269 718 Et
295 664 412 717 haec
429 663 553 715 dico
575 677 676 714 non
703 662 896 729 iubens
913 662 1137 731 maritos
1153 674 1271 712 esse
1297 671 1467 710 saavos
1482 666 1534 708 et
1550 669 1788 722 asperos,

192 757 300 810 sed
330 755 656 825 persuadens
685 755 997 808 mulieribus
1025 763 1080 806 ut
1105 753 1248 804 viros
1279 749 1438 803 etiam
1480 749 1686 801 feroces
1715 745 1795 799 fe-

193 858 346 901 rant.
375 848 509 901 Cum
550 849 690 900 enim
722 848 1084 914 unusquisque
1114 859 1209 896 sua
1242 842 1462 909 implere
1491 839 1789 902 curaverit,

194 941 389 992 statim
414 950 704 1006 sequentur
725 937 883 990 etiam
903 953 961 989 ea
991 951 1106 1003 qure
1127 943 1251 986 sunt
1278 934 1503 1002 proximi
1528 949 1539 984 :
1561 930 1790 996 exempli

193 1043 516 1090 causa,cum
559 1045 690 1083 uxor
721 1037 902 1097 parata
934 1027 1092 1079 fuerit
1121 1025 1187 1078 ad
1236 1027 1407 1077 virum
1437 1038 1686 1090 asperum
1712 1024 1792 1074 fc-

197 1120 459 1182 rendum,
484 1131 535 1173 et
570 1122 647 1173 vir
674 1121 1031 1186 importunam
1062 1118 1204 1170 illam
1239 1133 1344 1169 non
1372 1114 1690 1168 contumelia
1717 1113 1795 1166 af-

199 1211 419 1274 fet-erit,
445 1221 570 1265 tunc
600 1212 778 1265 omnia
821 1209 1084 1262 serenitas
1111 1219 1296 1272 erunt,
1341 1217 1394 1260 et
1424 1217 1607 1274 portus
1635 1225 1662 1257 a
1690 1206 1792 1258 flu-

197 1305 383 1357 ctibus
409 1319 626 1358 vacuus.
660 1304 748 1356 Sic
775 1302 932 1355 etiam
968 1318 1063 1354 usu
1094 1301 1340 1353 veniebat
1381 1301 1517 1368 apud
1550 1301 1792 1368 priscos:

198 1412 300 1448 sua
332 1400 557 1464 quisque
587 1395 859 1462 implebat,
893 1409 991 1446 nec
1034 1409 1149 1460 quae
1183 1393 1408 1462 proximi
1439 1403 1590 1445 erant
1621 1394 1796 1461 exige-

199 1489 318 1541 bat.
369 1488 644 1556 Perpende
686 1496 860 1538 autem
890 1503 901 1537 :
927 1486 1104 1537 fratris
1152 1486 1319 1536 filium
1360 1499 1541 1537 secum
1594 1487 1796 1552 accepit

200 1580 514 1643 Abraham;
547 1594 652 1631 non
683 1581 733 1631 id
767 1579 1112 1647 reprehendit
1142 1593 1280 1630 uxor
1307 1595 1317 1630 :
1346 1578 1641 1644 jussitcam
1678 1578 1795 1629 lon-

201 1687 332 1741 gum
359 1673 458 1724 iter
485 1673 782 1739 suscipere,
801 1689 972 1740 neque
995 1671 1310 1740 repugnavit
1334 1671 1442 1734 illa,
1464 1669 1556 1722 sed
1575 1679 1795 1738 sequuta

199 1773 310 1817 est.
348 1764 553 1817 Rursus
583 1773 699 1832 post
753 1764 873 1817 illas
906 1768 1097 1816 multas
1145 1779 1444 1824 aerumnas,
1484 1763 1696 1815 labores
1747 1771 1799 1815 et

203 1853 456 1914 siidores,
485 1870 604 1907 cum
635 1854 882 1906 dominus
910 1860 1146 1906 omnium
1177 1864 1336 1916 esset,
1361 1855 1556 1920 primas
1577 1868 1800 1907 conces-

203 1947 274 1998 sit
308 1945 479 1999 Loto:
511 1958 564 1998 et
596 1961 699 1999 non
731 1945 889 1998 modo
936 1946 984 1997 id
1020 1960 1123 1997 non
1169 1961 1310 2012 πει-θ
1347 1946 1463 1997 tulit
1494 1945 1646 2009 Sara,
1703 1944 1796 1997 sed

205 2053 384 2105 neque
424 2053 482 2090 os
514 2038 741 2105 aperuit,
797 2053 893 2089 nec
938 2037 1211 2105 quidpiam
1261 2038 1392 2090 dixit
1431 2053 1636 2101 eorum,
1680 2053 1797 2104 qua}

206 2144 357 2183 nunc
401 2130 648 2182 mulieres
704 2131 885 2181 multm
937 2128 1243 2197 loquuntur,
1300 2145 1420 2181 cum
1453 2128 1797 2181 videntviros

206 2236 339 2275 suos
387 2222 438 2273 in
468 2221 770 2289 hujusmodi
819 2222 1052 2274 sortibus
1096 2222 1272 2275 minus
1318 2221 1535 2282 habere,
1569 2222 1798 2274 maxime

207 2314 426 2384 quando
447 2331 566 2368 cum
599 2315 938 2368 inferioribus
966 2329 1053 2367 res
1078 2323 1179 2378 est,
1200 2314 1588 2381 exprobrantes
1610 2355 1623 2376 ,
1660 2313 1796 2364 stul-

211 2417 317 2469 tos,
343 2408 579 2469 insanos,
608 2408 845 2476 ignavos,
869 2406 1167 2475 proditores
1187 2407 1508 2473 hebetesque
1529 2417 1795 2460 vocantes.

211 2499 320 2554 Sed
345 2501 474 2554 nihil
504 2502 675 2553 simile
707 2502 790 2552 illa
824 2502 906 2553 vel
928 2499 1158 2552 dixitvel
1189 2501 1458 2567 cogitavit,
1484 2499 1577 2552 sed
1609 2514 1803 2567 appro-

211 2594 358 2646 bavit
385 2595 558 2644 omnia
590 2593 656 2644 ab
684 2596 797 2660 ipso
845 2593 1000 2644 facta.
1033 2592 1294 2659 Quodque
1327 2593 1501 2657 majus
1521 2601 1622 2654 est,
1658 2604 1799 2659 post—

211 2699 373 2753 quam
419 2683 551 2735 Loto
596 2683 712 2734 data
745 2691 827 2734 est
867 2683 1081 2749 Optandi
1133 2682 1355 2734 facultas
1385 2694 1437 2733 et
1475 2685 1676 2735 minora
1712 2685 1799 2736 ille

214 2785 405 2844 patruo
430 2775 713 2828 concessit.
748 2776 798 2826 in
831 2774 1123 2842 periculum
1160 2774 1247 2826 ille
1270 2773 1657 2841 graveincidit.
1683 2775 1798 2838 Quo

213 2866 724 2934 audito,patriarcha
756 2867 958 2919 Omnes
991 2857 1116 2919 suos
1142 2867 1386 2927 armavit,
1422 2876 1473 2919 et
1498 2877 1682 2920 contra
1716 2876 1797 2919 to-

217 2968 328 3012 tum
361 2959 960 3014 Persarum.exercitum
993 2973 1112 3010 sese
1139 2960 1412 3026 apparavit
1440 2973 1555 3011 cum
1581 2959 1798 3012 domes-

217 3051 337 3104 ticis
365 3051 497 3104 Suis
527 3061 726 3104 tantum
760 3069 772 3102 :
820 3067 990 3120 neque
1024 3061 1147 3104 tunc
1195 3052 1346 3105 illum
1395 3052 1507 3118 ipsa
1554 3054 1796 3118 retinuit,

216 3158 392 3211 neque
409 3144 559 3206 dixit,
594 3153 648 3195 ut
674 3160 767 3212 par
801 3144 1077 3198 videbatur
1102 3158 1223 3198 esse
1245 3163 1259 3198 :
1280 3145 1395 3209 Quo
1423 3145 1619 3213 pergis,
1650 3163 1680 3197 (ι
1705 3146 1798 3199 ho-

217 3249 329 3297 mo,
353 3249 446 3300 per
464 3234 753 3301 praecipitia
785 3233 1151 3302 teimpellens,
1179 3243 1232 3285 et
1261 3234 1308 3285 in
1337 3242 1479 3286 tanta
1508 3235 1800 3303 conjiciens

218 3327 476 3395 pericula,
524 3342 619 3395 pro
648 3327 762 3380 viro
813 3329 899 3393 qui
933 3337 986 3380 te
1011 3326 1331 3379 contumelia
1383 3326 1580 3387 affecit,
1615 3337 1666 3380 et
1714 3340 1798 3380 tua

221 3420 396 3472 omnia
441 3422 636 3488 rapuit,
671 3422 979 3489 sanguinem
1025 3419 1293 3473 fundens?
1334 3419 1464 3473 Nam
1498 3422 1539 3474 si
1573 3422 1798 3489 teipsum

221 3510 485 3579 despicis,
531 3527 617 3564 me
667 3512 891 3576 Saltem,
931 3514 1019 3579 qui
1068 3514 1257 3582 reliqui
1284 3514 1522 3576 domum,
1555 3517 1798 3582 patriam,

222 3604 422 3656 amicos
453 3612 504 3656 et
534 3613 824 3671 cognatos,
873 3615 924 3657 et
978 3607 1028 3658 in
1078 3616 1222 3660 tanta
1277 3616 1328 3660 te
1375 3588 1800 3677 peregrinatione

223 3709 346 3748 sum
365 3705 608 3762 sequuta,
644 3696 918 3759 miserare,
954 3712 1051 3749 nec
1083 3712 1167 3750 me
1210 3699 1463 3765 conjicias
1497 3699 1545 3750 in
1577 3699 1802 3752 viduita-

225 3796 331 3840 tem
362 3795 415 3839 et
442 3787 492 3839 in
523 3785 793 3838 viduitatis
823 3787 980 3838 mala.
1007 3785 1147 3838 Nihil
1189 3786 1376 3840 horum
1408 3788 1490 3840 vel
1521 3788 1671 3851 dixit,
1719 3791 1800 3844 vel

224 3881 475 3948 cogitavit
496 3921 510 3946 ,
535 3880 626 3932 sed
657 3895 778 3933 cum
821 3879 1034 3932 silentio
1065 3878 1181 3931 tulit
1208 3881 1404 3933 omnia.
1443 3881 1641 3935 Deinde
1672 3897 1799 3936 vero

225 3971 392 4024 sterili
446 3984 694 4024 manente
747 3980 919 4031 utero,
965 3971 1076 4039 ipsa
1122 3971 1334 4039 quidem
1368 3987 1472 4024 non
1513 3971 1709 4040 patitur
1739 3990 1797 4027 ea

226 4077 342 4132 quae
369 4062 622 4115 mulieres
650 4064 753 4131 pati
782 4063 973 4124 solent,
1011 4078 1181 4131 neque
1210 4065 1564 4117 lamentatur:
1595 4064 1682 4118 ille
1710 4082 1803 4118 au-

228 4164 331 4208 tem
354 4154 514 4221 luget,
544 4154 637 4207 sed
669 4171 772 4206 non
795 4154 933 4221 apud
959 4171 1202 4219 uxorem,
1228 4156 1319 4207 sed
1345 4157 1482 4223 apud
1515 4154 1701 4211 Deum.
1737 4160 1800 4213 Et

229 4244 346 4298 vide
372 4243 641 4311 quomodo
673 4245 886 4313 singuli,
909 4243 1045 4311 quod
1078 4260 1174 4312 par
1192 4255 1324 4310 crat,
1357 4257 1591 4300 servent.
1619 4249 1800 4317 Neque

216 4333 487 4388 enimille
518 4333 700 4387 Saram
729 4335 970 4403 despexit
1001 4343 1057 4386 ut
1084 4336 1339 4398 Sterilem,
1376 4353 1544 4406 neque
1577 4339 1650 4391 illi
1682 4339 1799 4392 ideo

228 4425 492 4495 quidpiam
521 4426 884 4492 exprobravit.
921 4426 1011 4479 llla
1059 4442 1186 4480 vero
1214 4428 1444 4482 vicissim
1475 4431 1798 4484 consolatio-

231 4535 348 4574 nem
380 4520 662 4588 quamdam
689 4537 783 4590 pro
812 4501 1041 4573 orbitate
1087 4523 1406 4590 excogitavit
1435 4538 1526 4591 per
1553 4524 1797 4577 ancillam

229 4628 416 4668 suam:
450 4613 680 4665 nondum
722 4614 863 4668 enim
914 4614 998 4666 illa
1046 4622 1169 4666 tunc
1220 4615 1480 4682 prohibita
1512 4626 1698 4681 erant,
1746 4629 1802 4670 ut

233 4717 366 4757 nime
395 4698 540 4758 sunt:
568 4705 719 4758 Nunc
745 4704 886 4758 enim
919 4718 1090 4769 neque
1119 4706 1369 4758 uxoribus
1400 4706 1526 4760 licet
1566 4707 1692 4759 viris
1720 4716 1797 4759 ta—

231 4794 331 4848 lem
359 4796 581 4862 gratiam
609 4796 847 4858 referre;
881 4809 1052 4865 neque
1077 4794 1200 4859 illis,
1226 4797 1337 4850 sive
1359 4798 1667 4858 scientibus,
1687 4799 1799 4853 sive

232 4879 591 4958 ignorantibus
641 4888 928 4949 uxoribus,
985 4887 1116 4940 tales
1177 4897 1380 4941 tentare
1450 4891 1795 4953 concubitus,

176 5017 178 5019 -
231 4980 505 5051 quantovis
533 4981 776 5034 orbitatis
796 4980 979 5033 dolore
1003 4989 1327 5047 premantur.
1368 4980 1500 5033 Nam
1535 4982 1632 5049 ipsi
1669 4997 1802 5051 quo-

234 5085 332 5141 que
357 5067 593 5130 audient,
636 5070 828 5123 Ver-mis
858 5086 1029 5122 eorum
1055 5086 1152 5120 non
1179 5070 1436 5133 morietur,
1467 5081 1513 5123 et
1539 5074 1669 5140 ignis
1715 5089 1800 5125 eo-

234 5177 341 5217 rum
360 5174 460 5212 non
480 5160 822 5228 exstinguetur
839 5160 1029 5230 (Marc.
1054 5159 1104 5213 9.
1130 5159 1242 5228 ιδ).
1271 5159 1385 5214 Νοη
1405 5161 1546 5214 enim
1583 5163 1631 5214 id
1659 5178 1797 5217 nunc

236 5248 572 5323 permittitur,
598 5258 722 5301 tunc
747 5266 875 5304 vero
899 5265 1002 5304 non
1032 5241 1354 5317 prohibitum
1378 5260 1500 5308 erat
1523 5269 1543 5309 _:
1574 5253 1799 5322 ideoque

235 5357 370 5398 uxor
391 5341 491 5394 hoc
526 5339 702 5407 jussit,
749 5349 804 5394 et
853 5343 939 5395 ille
977 5341 1385 5409 obtemperavit,
1415 5356 1586 5410 neque
1620 5353 1794 5398 uimen

238 5442 447 5503 propter
464 5430 808 5497 voluptatem.
836 5431 940 5485 Sed
965 5432 1102 5495 vide",
1135 5433 1362 5500 inquies,
1391 5435 1663 5501 quomodo
1682 5441 1794 5505 ipsa

231 5527 462 5598 jubente,
493 5522 739 5580 ancillam
768 5522 944 5591 eiecit.
979 5525 1092 5593 Ego
1118 5527 1265 5580 enim
1304 5526 1404 5580 hoc
1442 5527 1568 5580 volo
1616 5541 1797 5584 osten-

237 5618 376 5684 dere,
401 5615 545 5687 quod
589 5622 644 5670 et
671 5614 760 5668 ille
805 5614 902 5682 ipsi
934 5615 985 5668 in
1017 5617 1263 5673 omnibus
1290 5619 1705 5690 obtemperaret,
1741 5633 1798 5679 et

237 5709 339 5764 hac
356 5709 451 5762 illi.

298 5801 347 5857 7.
375 5798 517 5858 Utor
535 5809 582 5858 σε
603 5801 678 5858 σὺ*
697 5813 798 5855 non
818 5796 996 5854 debent
1013 5799 1142 5854 alter
1159 5802 1366 5860 alterius
1380 5812 1670 5872 exspectare
1690 5809 1792 5862 uir-

1213 358 1278 412 IN
1301 355 1532 440 ‘EPIST.
1571 355 1594 410 ι
1658 352 1750 408 AD
1788 361 1796 401 ι

1905 353 1946 408 1³.
1988 351 2217 409 HOMIL.
2256 353 2443 410 XXVI.
3359 371 3465 424 9.22

3364 410 3464 424 ιιι-ιν

1901 475 2054 519 tutam
2077 470 2145 520 ad
2185 470 2685 540 philosophandum;
2715 490 2922 528 uxorem
2949 461 3207 533 verberare
3237 488 3474 550 turpissi-

1901 573 2034 634 mnm
2065 568 2152 611 εει.
2186 590 2254 600 ——
2282 559 2545 616 Caeterum
2572 579 2640 618 ne
2669 563 2754 619 bis
2780 567 2950 620 solum
2978 570 3260 630 attendas.
3293 574 3384 626 sed
3419 583 3472 625 tu

1896 663 2012 714 quae
2044 650 2156 702 'na-c
2185 652 2317 705 dicis
2339 657 2498 707 etiam
2526 657 2699 725 priora
2729 660 2995 722 examina,
3023 661 3163 728 quod
3194 675 3475 720 commac-

1900 741 2020 794 liam
2052 743 2268 798 inferret
2300 748 2344 798 ei
2368 789 2380 809 ,
2431 749 2570 814 quod
2604 766 2660 803 se
2692 762 3003 818 arroganter
3032 754 3313 824 extolleret
3344 772 3478 822 cou-

1901 846 1975 887 tra
2007 836 2273 888 dominam
2303 857 2312 889 :
2342 855 2446 907 quo
2476 842 2600 909 quid
2632 844 2914 898 molestius
2937 861 3053 899 esse
3085 849 3249 914 possit
3293 850 3474 902 ilhc-ra:

1901 928 2104 980 mulieri
2138 940 2189 982 et
2224 931 2500 995 ilOtiCslﬂl?
2546 933 2621 991 Ne
2672 937 2846 1004 itaque
2879 939 2975 991 viri
3009 943 3252 993 virtutem
3286 960 3477 1010 exspc-

1899 1027 2007 1072 Ctet
2053 1035 2217 1081 tuor,
2269 1031 2324 1072 ut
2372 1034 2492 1076 tunc
2538 1025 2623 1080 illa
2653 1043 2804 1079 suam
2852 1029 3135 1096 exhibeat;
3180 1035 3279 1088 hoc
3333 1053 3473 1090 enim

1902 1112 2027 1165 nihil
2059 1129 2300 1182 magnum
2332 1128 2500 1178 esset;
2562 1135 2731 1186 neque
2764 1137 2944 1176 rursus
2973 1126 3052 1177 vir
3082 1130 3260 1179 uxoris
3295 1132 3479 1182 modi-'-

1902 1207 2078 1266 stiam,
2110 1219 2164 1257 ut
2196 1217 2318 1259 tunc
2349 1209 2784 1280 philosiiphetur;
2815 1230 2987 1282 neque
3008 1218 3147 1269 enim
3182 1230 3305 1270 tunc
3336 1233 3478 1276 recte

1904 1303 2093 1350 factum
2127 1301 2251 1353 illud
2282 1303 2330 1370 ip
2351 1305 2444 1354 ius
2471 1315 2644 1367 esset;
2687 1306 2778 1358 sed
2813 1311 3209 1378 unusquisque,
3242 1324 3299 1364 ut
3329 1314 3434 1366 dixi
3460 1355 3472 1376 ,

1902 1406 2017 1458 qme
2047 1409 2137 1444 sua
2173 1405 2294 1446 sunt
2344 1397 2488 1462 prius
2535 1398 2787 1466 prailmat.
2819 1399 2870 1453 Si
2904 1403 3042 1454 enim
3083 1405 3320 1457 externis
3351 1408 3480 1459 dex-

1904 1493 2070 1535 teram
2098 1487 2365 1538 maxillam
2392 1491 2829 1554 percntiontihus,
2852 1505 3060 1560 oportet
3084 1499 3321 1565 pncbere
3347 1506 3480 1553 alte-

1904 1592 2050 1638 ram;
2085 1579 2254 1630 multo
2283 1582 2449 1648 magis
2479 1584 2654 1635 virum
2686 1584 2915 1638 ferocem
2949 1587 3086 1640 ferre
3116 1599 3342 1658 oportet.
3375 1592 3480 1645 Sed

1905 1684 2007 1720 non
2039 1669 2148 1722 hirc
2180 1670 2298 1721 dico
2327 1687 2381 1722 ot
2410 1671 2724 1726 verberetur
2755 1678 2965 1738 mulier,
3000 1681 3170 1735 absit:
3213 1698 3333 1734 nam
3363 1684 3477 1737 lure

1903 1769 2138 1812 extrema
2171 1763 2492 1814 contumelia
2518 1773 2629 1826 est,
2664 1779 2768 1816 n0n
2803 1769 3133 1835 verberatrc,
3168 1774 3258 1826 sed
3287 1777 3475 1829 verbe-

1904 1853 2039 1906 ranti
2063 1869 2074 1911 ;
2097 1853 2188 1904 sed
2210 1853 2250 1905 si
2270 1868 2394 1905 casu
2419 1855 2595 1923 aliquo
2617 1857 2772 1910 talem
2792 1860 3068 1927 conjogcm
3086 1865 3272 1917 sortita
3292 1867 3478 1931 fueris,

1907 1957 1938 1992 ο
1996 1943 2219 2007 mulier,
2280 1961 2345 1996 ne
2392 1946 2606 2013 indigne
2665 1948 2838 2013 feras,
2891 1953 3128 2020 cogitans
3187 1961 3475 2016 repositam

1906 2033 1998 2085 tibi
2043 2036 2379 2100 mercedem,
2411 2047 2463 2088 et
2500 2040 2547 2090 iu
2590 2039 2685 2092 hac
2720 2043 2820 2094 vita
2869 2042 3101 2104 laudem.
3142 2046 3300 2099 Vobis
3339 2065 3476 2116 quo-

1904 2138 2010 2188 que
2059 2127 2180 2178 viris
2231 2128 2329 2180 hoc
2383 2128 2542 2182 dico:
2590 2131 2724 2187 nihil
2773 2135 2877 2187 tale
2925 2137 2996 2188 sit
3041 2148 3344 2205 peccatum,
3376 2158 3480 2207 quo

1905 2221 2164 2283 cogamini
2203 2234 2420 2271 uxorem
2455 2222 2758 2278 verberare.
2797 2224 2862 2277 Et
2903 2229 3025 2295 quid
3052 2229 3171 2281 dico
3218 2233 3482 2284 Ultorem?

1907 2323 2079 2376 neque
2124 2311 2368 2364 aneiilam
2402 2314 2684 2374 verberare
2715 2328 2807 2369 aut
2845 2320 2894 2373 ei
2926 2337 3112 2387 manus
3142 2323 3341 2377 inferre
3367 2327 3481 2377 \iro

1907 2400 2135 2466 ingenuo
2163 2402 2315 2453 fuerit
2364 2403 2717 2458 tolerandum.
2747 2408 2897 2474 Quod
2937 2411 2978 2462 si
3026 2412 3271 2465 ancillam
3301 2417 3487 2469 verbe-

1906 2504 2025 2541 rare
2055 2506 2299 2558 magnum
2329 2491 2487 2545 infert
2515 2494 2628 2547 viro
2657 2498 2943 2562 probrum;
2977 2503 3329 2570 multomagis
3353 2521 3484 2558 eon-

1908 2591 1984 2633 tra
2039 2581 2259 2634 liberam
2311 2599 2522 2637 manum
2573 2586 2871 2640 intendere.
2921 2589 2986 2641 Et
3016 2590 3195 2645 hocin
3250 2598 3487 2650 externis

1906 2675 2066 2726 etiam
2118 2676 2507 2743 legislatorihus
2556 2678 2737 2732 videre
2772 2690 2885 2742 est,
2920 2681 3018 2749 qui
3040 2698 3155 2735 eam
3204 2700 3324 2752 qua?
3360 2689 3481 2740 talia

1907 2779 2058 2832 passa
2121 2766 2216 2818 fuit
2274 2786 2379 2820 non
2433 2782 2627 2839 cogunt
2665 2773 2906 2827 habitare
2953 2790 3073 2829 cum
3118 2792 3478 2845 percussore,

1907 2865 2088 2920 utpote
2118 2857 2203 2922 qui
2250 2857 2390 2911 illius
2432 2863 2706 2914 consortio
2748 2862 2996 2931 indignus
3025 2867 3111 2919 sit.
3149 2869 3354 2922 Etenim
3388 2889 3483 2924 ex-

1907 2953 2089 2998 trema:
2135 2956 2218 3000 est
2259 2947 2551 3016 iniquitatis
2574 2992 2588 3013 ,
2623 2953 2745 3004 vita:
2791 2965 3126 3020 consortem,
3165 2977 3282 3027 quze
3313 2964 3401 3016 tibi
3434 2966 3485 3017 in

1906 3038 2065 3090 rebus
2094 3042 2410 3096 necessariis
2430 3042 2633 3110 jamdiu
2665 3060 2881 3112 cperam
2911 3049 3228 3115 praestabat,
3254 3065 3306 3104 ut
3328 3071 3484 3106 man-

1907 3129 2104 3196 cipium
2136 3133 2422 3199 ignominia
2464 3134 2700 3188 afficere.
2737 3136 2861 3190 Ideo
2891 3139 3050 3191 etiam
3091 3141 3244 3193 talem
3277 3145 3444 3196 virum
3469 3186 3483 3207 ,

1907 3222 1950 3273 si
1978 3222 2150 3274 virum
2177 3232 2350 3278 tamen
2379 3225 2500 3278 licet
2527 3229 2818 3294 appellare,
2851 3245 2954 3283 non
2988 3230 3173 3298 feram,
3209 3236 3485 3301 parricida:

1908 3321 1962 3365 ct
2007 3314 2301 3367 matricida:
2349 3330 2526 3383 parem
2575 3334 2696 3373 esse
2727 3321 2976 3375 dixerim.
3031 3324 3162 3378 Nam
3194 3326 3236 3378 si
3272 3339 3486 3396 propter

1910 3402 2050 3457 illam
2071 3414 2125 3457 et
2144 3415 2347 3474 patrem
2366 3417 2420 3459 et
2437 3417 2660 3462 matrem
2685 3411 2991 3480 relinquere
3007 3414 3138 3482 jussi
3155 3432 3356 3483 sumus,
3380 3435 3483 3472 non

1909 3496 2013 3549 illis
2040 3496 2284 3566 injuriam
2304 3498 2582 3566 facientes,
2610 3502 2701 3556 sed
2727 3501 2960 3558 divinam
2988 3507 3155 3577 legem
3183 3510 3482 3578 implentes,

1909 3588 2037 3656 ipsis
2078 3591 2386 3656 parentibus
2430 3593 2562 3647 adeo
2609 3594 3054 3663 desiderabilem,
3085 3610 3140 3652 ut
3172 3612 3225 3653 et
3267 3603 3364 3669 ipsi
3396 3606 3485 3671 qui

1910 3681 2284 3748 relinquuntur
2324 3684 2549 3749 gratiam
2598 3686 2862 3750 habeant,
2897 3700 2948 3741 et
2993 3689 3093 3741 hoc
3141 3707 3260 3744 cum
3313 3696 3488 3747 studio

1907 3789 2100 3842 magno
2134 3775 2405 3829 efficiant:
2481 3778 2749 3844 quomodo
2781 3795 2887 3833 non
2919 3793 3170 3835 extremm
3203 3786 3486 3842 dementiae

1909 3868 2085 3929 fuerit,
2109 3884 2224 3921 eam
2244 3871 2562 3922 contumelia
2579 3871 2816 3934 afficere,
2841 3886 3219 3943 propterquam
3238 3891 3485 3944 parentes

1914 3952 2237 4025 Deusjussit
2284 3961 2588 4014 dimittere?
2621 3980 2744 4015 num
2779 3964 2879 4017 hoc
2926 3966 3127 4018 insania
3160 3970 3329 4021 solum
3371 3974 3485 4021 est?

1910 4051 2150 4104 Dedecus
2181 4061 2233 4104 et
2262 4052 2605 4123 ignominiam
2632 4064 2808 4108 autem
2842 4057 3142 4124 hujusmodi
3170 4061 3288 4126 quis
3317 4062 3486 4114 ferat?

1907 4146 2024 4217 quis
2055 4159 2230 4196 sermo
2262 4146 2427 4213 possit
2457 4161 2573 4198 eam
2605 4147 2897 4214 explicare,
2929 4156 3142 4216 quando
3175 4151 3403 4205 ululatus
3433 4164 3487 4208 et

1907 4239 2135 4305 gemitus
2169 4253 2264 4305 per
2309 4239 2539 4306 compita
2591 4239 2833 4292 feruntur
2859 4281 2871 4304 ,
2912 4248 2968 4293 et
2997 4256 3289 4296 concursus
3321 4255 3400 4296 est
3432 4247 3485 4299 in

1909 4329 2124 4384 domum
2171 4330 2321 4397 ejus,
2368 4332 2453 4398 qui
2500 4342 2604 4384 tam
2659 4331 2916 4385 indecore
2967 4347 3026 4386 se
3071 4336 3206 4402 gerit
3253 4346 3309 4388 et
3347 4336 3482 4388 vici-

1910 4436 2096 4474 norum
2129 4431 2181 4475 et
2211 4425 2642 4490 praztereuntium
2667 4465 2681 4485 ,
2730 4438 2790 4476 ac
2825 4425 2869 4476 si
2918 4424 3026 4477 fera
3071 4427 3332 4493 quu‘piam
3365 4445 3482 4496 qua.-

1907 4514 2047 4567 intus
2077 4525 2198 4567 sunt
2232 4514 2509 4568 labefactet
2543 4525 2593 4567 et
2624 4516 2846 4584 perdat?
2874 4516 3170 4584 Optabilius
3199 4530 3340 4572 esset
3371 4530 3484 4573 ter-

1908 4623 2020 4659 ram
2050 4606 2326 4659 dehiscere
2357 4608 2401 4658 ei
2435 4606 2524 4674 qui
2575 4618 2677 4658 tam
2713 4607 2911 4660 furiose
2937 4623 2993 4660 se
3021 4618 3206 4677 gerat,
3242 4627 3398 4679 quam
3429 4624 3485 4666 ut

1910 4711 2091 4766 postea
2122 4700 2171 4751 in
2203 4700 2316 4752 foro
2341 4708 2612 4767 appareat.
2646 4699 2746 4751 Sed
2781 4700 3001 4766 mulier,
3036 4701 3272 4768 inquiet,
3308 4704 3480 4756 audax

1907 4801 1960 4842 et
2004 4806 2190 4857 aspera
2225 4803 2323 4842 cst.
2376 4789 2480 4843 Sed
2514 4791 2683 4858 cogita
2720 4791 2862 4842 illam
2896 4807 3015 4844 esse
3046 4794 3358 4854 mulierem,
3391 4810 3484 4846 Vas

1909 4881 2196 4945 infirmum,
2230 4893 2278 4934 te
2307 4894 2480 4936 autem
2512 4885 2702 4935 virum.
2735 4884 3032 4952 Propterea
3063 4886 3202 4939 enim
3236 4865 3484 4954 princeps

1906 4976 2227 5028 constitutus
2257 4990 2313 5026 es
2336 5015 2349 5038 ,
2391 4987 2442 5027 ct
2491 4975 2658 5027 instar
2685 4977 2879 5044 capitis
2910 4976 3064 5030 datus
3110 4992 3201 5043 es,
3253 4989 3304 5030 ut
3338 4978 3473 5031 feras

1908 5067 2022 5135 ejus
2083 5045 2324 5135 quae'tihi
2352 5081 2539 5132 parere
2580 5065 2737 5119 debet
2782 5066 3219 5122 imbecillitatem.
3251 5067 3355 5120 Fac
3387 5070 3472 5121 ita-

1905 5176 2009 5230 que
2039 5171 2096 5214 ut
2138 5160 2420 5226 imperium
2462 5168 2605 5210 tuum
2637 5159 2703 5210 sit
2727 5158 3063 5225 splendidum
3091 5177 3102 5210 :
3137 5159 3471 5226 splendidum

1904 5263 2081 5306 autem
2105 5254 2207 5308 erit
2228 5292 2242 5316 ,
2269 5268 2388 5306 cum
2414 5267 2542 5305 eam
2558 5251 2640 5303 cui
2669 5251 2899 5318 imperas
2925 5265 3030 5302 non
3061 5250 3324 5306 dedecore
3353 5252 3473 5305 υσεδ.

1907 5347 2065 5399 ceris.
2099 5348 2174 5398 Ac
2199 5346 2334 5398 sicut
2361 5345 2404 5397 is
2453 5342 2544 5410 qui
2572 5352 2758 5409 regnat
2803 5349 2928 5393 tunc
2978 5345 3285 5410 prmctarior
3314 5358 3474 5410 appa-

1905 5439 2078 5502 rebit,
2107 5454 2228 5491 cum
2256 5437 2354 5490 sibi
2388 5435 2694 5488 inferiorem
2745 5432 3052 5501 prmfectum
3083 5435 3473 5502 pr:l’Ci:ll‘lOl‘etIt

1904 5530 2230 5592 reddiderit;
2260 5527 2302 5585 si
2333 5539 2507 5580 autem
2537 5523 2660 5577 illud
2686 5533 2887 5578 tantum
2917 5538 3107 5579 munus
3135 5524 3397 5578 dedecore
3424 5541 3476 5580 ει

1905 5621 2192 5691 ignominia
2217 5618 2474 5678 aﬂ'ecerit,
2497 5624 2622 5667 tunc
2654 5630 2679 5665 a
2714 5616 2885 5684 gloria
2911 5629 3004 5669 sua
3036 5629 3139 5668 non
3165 5633 3348 5682 parum
3374 5618 3472 5671 de-

1905 5712 2101 5764 mitur:
2136 5710 2296 5762 sicet
2337 5717 2420 5773 tu,
2453 5707 2495 5758 si
2528 5720 2646 5758 eam
2673 5722 2790 5775 quae
2821 5714 2943 5775 post
2969 5712 3022 5758 te
3041 5705 3275 5774 imperat
3305 5707 3467 5762 dede-

1906 5820 2030 5860 core
2073 5803 2343 5867 ati‘eccris,
2374 5816 2478 5855 non
2512 5799 2613 5855 lcvi
2641 5799 2835 5854 damno
2873 5796 3120 5856 affeceris
3148 5799 3474 5873 principatus
