4022 6214
496 327 603 382 2‘25

503 450 579 501 tui
633 446 913 502 honorem.
966 446 1093 502 Hzec
1144 446 1305 516 igitur
1352 443 1530 500 omnia
1577 453 1751 499 tecum
1794 449 2084 511 reputans,

508 547 872 607 temperanter
896 554 1028 608 age,
1059 548 1260 592 etcum
1291 536 1375 589 his
1402 535 1565 591 etiam
1606 546 1886 603 vesperam
1932 530 2081 585 illam

502 631 706 699 cogita,
733 644 835 699 qua
867 638 918 684 te
945 629 1210 683 advocato
1242 638 1392 696 pater
1422 626 1585 679 ﬁliani
1614 639 1764 679 suam
1792 621 1943 692 quasi
1987 621 2082 673 dev

505 722 736 791 positum
783 720 1053 791 quoddam
1086 718 1304 773 tradidit
1323 759 1339 781 ,
1370 727 1423 771 et
1453 717 1596 771 illam
1627 714 1696 768 ab
1721 714 1971 767 omnibus
1998 725 2083 764 se-

505 829 703 883 parans
725 855 742 878 ,
787 830 816 865 a
859 821 1027 867 matre
1047 853 1063 877 ,
1095 811 1162 865 ah
1204 825 1298 874 se,
1326 824 1355 863 a
1385 807 1547 863 domo
1571 849 1587 861 .
1617 817 1780 860 totam
1813 804 1906 858 tibi
1940 800 2084 856 illius

502 920 689 959 curam
734 904 954 958 dextera
998 918 1093 956 sua
1138 902 1397 956 tradidit:
1443 902 1617 966 cogita
1650 907 1701 951 te
1736 896 1805 949 ab
1844 894 1933 948 illa
1968 899 2085 961 post

509 997 674 1051 Deum
706 997 846 1051 filios
872 996 1169 1066 suscepisse
1188 1036 1203 1058 ,
1231 1004 1288 1050 et
1317 1002 1520 1064 patrem
1567 990 1816 1045 elIectum
1842 1000 1963 1042 esse
1983 1024 1996 1047 ,
2031 990 2084 1036 et

508 1089 632 1144 inde
658 1102 783 1158 erga
811 1088 951 1141 illam
980 1086 1121 1140 mitis
1146 1094 1283 1140 esto.

579 1183 633 1237 8.
666 1182 779 1235 Non
815 1180 965 1234 vides
990 1180 1252 1249 agricolas
1272 1220 1287 1241 ,
1313 1176 1585 1247 quomodo
1626 1183 1826 1228 terram
1858 1186 1974 1241 qum
2003 1183 2088 1221 sc-

511 1274 616 1328 mel
655 1275 858 1328 semina
902 1272 1152 1341 excepit.
1185 1272 1363 1325 colant
1410 1269 1555 1323 omni
1597 1267 1823 1321 cultura:
1850 1277 2083 1334 genere,

508 1366 717 1420 etiamsi
760 1366 1039 1420 innumera
1088 1363 1285 1416 habeat
1326 1360 1702 1425 incommoda,
1759 1356 1969 1414 etiamsi
2013 1356 2085 1408 sit

507 1460 656 1512 arida
677 1500 693 1523 ,
722 1459 766 1511 si
794 1459 960 1509 malas
994 1456 1123 1509 ferat
1152 1455 1377 1517 herbas,
1407 1454 1453 1507 si
1482 1470 1547 1508 ex
1575 1453 1709 1506 situs
1748 1450 1958 1505 ratione
1984 1447 2085 1501 im-

507 1554 697 1608 bribus
733 1548 1055 1603 inundctur?
1086 1548 1197 1602 Hoc
1242 1560 1297 1601 et
1336 1557 1390 1600 tu
1423 1547 1580 1600 facito
1610 1564 1623 1599 :
1667 1548 1736 1598 ita
1768 1544 1909 1599 enim
1944 1542 2090 1612 prior

511 1642 706 1699 frueris
731 1650 785 1696 et
813 1639 1073 1695 lructibus
1102 1647 1157 1693 et
1183 1638 1566 1708 tranquillitate
1593 1655 1607 1690 :
1641 1652 1761 1690 nam
1791 1644 1980 1705 portus
2006 1641 2091 1688 est

514 1749 649 1787 uxor
667 1774 682 1795 ,
711 1742 764 1786 et
792 1732 1135 1801 pharmacum
1163 1731 1362 1785 Iustitia:
1391 1731 1703 1783 maximum.
1730 1727 1785 1783 Si
1811 1742 1941 1797 ergo
1968 1741 2092 1794 por-

515 1838 625 1880 tum
655 1842 685 1879 a
717 1826 888 1891 ventis
916 1835 969 1879 et
995 1824 1246 1878 ﬂuctibus
1273 1832 1443 1877 tutum
1485 1822 1680 1876 reddas
1699 1860 1716 1886 ,
1749 1819 1918 1873 multa
1949 1817 2093 1872 frue-

514 1920 590 1973 ris
614 1920 937 1983 securitate,
964 1932 1087 1971 cum
1115 1932 1145 1969 a
1179 1916 1295 1969 foro
1338 1913 1658 1977 reverteris;
1705 1912 1750 1964 si
1788 1922 1967 1965 autem
2011 1917 2093 1963 tu-

514 1993 687 2066 multu
718 2020 769 2065 et
816 2009 1216 2078 perturbatione
1259 2008 1499 2077 replens,
1540 2005 1634 2059 tibi
1661 2006 1877 2075 gravius
1918 2002 2095 2072 paries

517 2102 868 2170 naufragium.
901 2100 979 2154 Ne
1003 2101 1103 2153 hoc
1132 2114 1261 2169 ergo
1286 2100 1532 2162 eveniat,
1562 2096 1615 2152 id
1641 2096 1783 2167 quod
1812 2095 1932 2150 dico
1957 2094 2049 2147 flat
2075 2109 2089 2145 :

515 2209 638 2249 cum
667 2193 793 2262 quid
826 2192 1111 2246 molestum
1152 2191 1297 2245 domi
1342 2189 1633 2254 acciderit,
1664 2188 1752 2243 illa
1796 2196 2054 2256 peccante
2076 2226 2090 2252 ,

517 2286 798 2340 consolare
828 2286 972 2339 illam
999 2293 1055 2339 et
1086 2299 1153 2337 ne
1179 2284 1421 2336 dolorem
1447 2297 1666 2351 augeas.
1701 2280 1919 2335 Etiamsi
1945 2279 2087 2333 enim

518 2378 699 2431 omnia
719 2377 964 2431 amiseris
981 2417 995 2439 .
1029 2375 1159 2429 nihil
1182 2376 1384 2429 tristius
1409 2387 1493 2429 est
1516 2390 1677 2445 quam
1702 2375 1846 2429 domi
1874 2389 2093 2429 uxorem

522 2468 757 2534 habere,
799 2484 917 2536 qua:
957 2466 1072 2521 sine
1116 2468 1485 2521 benevolentia
1513 2483 1634 2522 cum
1664 2467 1778 2520 viro
1807 2468 2001 2535 degat:
2043 2476 2097 2519 et

520 2558 894 2628 quodcumque
921 2568 1192 2626 peccaturo
1216 2559 1438 2620 dixeris,
1470 2560 1674 2612 nullum
1705 2558 1888 2611 dicere
1926 2557 2099 2624 possis

522 2650 665 2719 quod
711 2650 967 2717 majorem
1018 2646 1211 2702 inferat
1238 2650 1513 2712 dolorem,
1552 2663 1713 2717 quam
1759 2662 1880 2701 cum
1927 2662 2098 2702 uxore

526 2742 756 2811 litigare.
794 2742 972 2805 Itaque
1002 2751 1221 2810 propter
1249 2744 1359 2795 luce
1385 2743 1562 2796 omnia
1590 2742 1708 2811 ejus
1736 2741 1953 2797 dilectio
1978 2758 2099 2796 om-

525 2833 669 2887 nium
708 2832 798 2885 tibi
832 2832 1211 2900 pretiosissima
1245 2834 1334 2888 sit.
1367 2834 1498 2888 Nam
1529 2835 1576 2889 si
1619 2844 1832 2903 oportet
1872 2836 2100 2891 alterum

525 2925 747 2979 alterius
776 2940 938 2979 onera
968 2936 1181 2995 portare
1201 2968 1215 2991 ,
1245 2927 1413 2981 multo
1444 2928 1612 2997 magis
1642 2929 1859 2993 uxoris;
1890 2928 2100 2983 etiamsi

529 3036 730 3089 pzmper
773 3022 878 3083 sit,
933 3035 1004 3073 ne
1068 3020 1119 3073 id
1190 3020 1513 3085 exprobres;
1563 3022 1774 3077 etiamsi
1829 3030 2106 3093 stulta,ne

531 3111 787 3174 insultes,
819 3109 913 3164 sed
939 3110 1114 3178 potius
1142 3111 1282 3164 illam
1306 3112 1590 3167 moderare
1615 3132 1628 3166 :
1662 3130 1782 3167 nam
1806 3115 2104 3170 membrum

530 3213 680 3258 tuum
721 3214 800 3255 est
829 3212 883 3255 et
912 3217 1039 3257 caro
1086 3220 1189 3259 una
1236 3204 1357 3260 facti
1400 3207 1552 3260 estis.
1584 3206 1690 3261 Sed
1728 3209 1939 3278 garrula
1984 3218 2103 3277 est,

532 3294 744 3347 ebriosa
772 3304 827 3346 et
855 3293 1127 3348 iracunda.
1154 3298 1224 3349 At
1263 3298 1429 3365 magis
1458 3309 1745 3368 eapropter
1784 3300 1973 3356 dolere
2006 3318 2105 3372 po-

534 3385 662 3448 tius,
684 3399 841 3451 quam
875 3384 1032 3439 irasci
1059 3396 1289 3453 Oportet,
1313 3389 1586 3458 Deumque
1611 3406 1797 3460 rogare
1815 3432 1831 3455 ,
1858 3392 2108 3463 illamque

535 3474 751 3527 monitis
789 3483 843 3528 et
879 3477 1107 3530 consilio
1132 3478 1385 3545 adjuvare
1407 3519 1422 3543 ,
1454 3480 1698 3547 nihilque
1731 3495 1835 3535 non
1862 3499 2021 3552 agere
2052 3495 2110 3539 ut

534 3564 718 3618 vitium
745 3574 1008 3634 amputes.
1039 3567 1097 3622 Si
1125 3578 1303 3622 autem
1331 3570 1588 3625 verberes
1621 3580 1677 3626 et
1703 3582 1933 3642 alteras,
1964 3593 2109 3631 mor-

539 3656 635 3711 bus
666 3672 774 3711 non
809 3668 1065 3724 curatur;
1129 3659 1311 3715 feritas
1341 3662 1485 3717 enim
1510 3668 1921 3724 mansuetudine
1945 3670 2106 3726 solvi-

538 3760 621 3802 tur
641 3791 657 3814 ,
698 3765 805 3804 non
836 3751 938 3805 alia
970 3750 1199 3806 feritate.
1251 3755 1385 3809 Cum
1412 3754 1495 3811 his
1524 3768 1578 3812 et
1610 3762 1916 3817 mercedem
1941 3780 1969 3817 a
2001 3767 2112 3821 Deo

532 3849 893 3907 exspectatam
923 3842 1117 3911 cogita.
1146 3843 1373 3909 Quando
1394 3848 1537 3902 enim
1558 3865 1679 3905 cum
1705 3852 1799 3907 tibi
1824 3856 2109 3912 liccateam

531 3929 887 3995 exscindere,
924 3932 1025 3985 hoc
1072 3948 1178 3987 non
1222 3935 1384 3991 facias
1426 3949 1645 4009 propter
1690 3943 1784 3999 Dei
1826 3947 2108 4014 timorem,

533 4021 628 4077 sed
676 4030 753 4075 tot
803 4023 918 4091 ejus
963 4024 1088 4080 vitia
1135 4022 1311 4092 feras,
1345 4041 1589 4086 metuens
1618 4034 1789 4104 legero
1823 4036 1922 4093 hac
1951 4040 2018 4096 dc
2054 4058 2115 4097 rc

537 4113 760 4182 positam
783 4156 801 4179 ,
835 4131 955 4183 quae
984 4132 1205 4173 uxorem
1236 4112 1437 4189 ejicere
1464 4116 1746 4190 prohibet;
1779 4145 2114 4201 quocumque

536 4205 745 4260 tandem
769 4212 960 4262 morbo
988 4210 1229 4275 laboret,
1263 4212 1587 4269 inell‘abilem
1631 4214 1935 4276 mercedem
1978 4226 2116 4280 reci-

536 4297 681 4365 pies;
710 4308 766 4351 et
790 4308 916 4353 ante
957 4303 1261 4357 mercedem
1303 4307 1537 4362 maxima
1583 4309 1911 4380 lucraberls,
1943 4317 2111 4388 ipsam

1238 326 1295 382 S.
1328 325 1602 382 JUANNIS
1628 321 2097 381 CllllYSOSTOMI
2137 320 2452 376 ARCHIEP.
2494 318 3023 375 CONSTANTINOP.

3665 321 3783 375 2?.“

2198 435 2291 489 tibi
2303 435 2849 504 obtemperantiorem
2870 432 3121 498 reddens,
3136 441 3293 503 teque
3309 447 3433 505 erga
3452 434 3595 489 illam
3611 450 3737 490 man
3748 467 3774 478 -

2190 530 2477 583 suetiorem
2506 527 2790 582 exhibens.

2264 622 2567 691 Philosophi
2586 623 2779 675 dictum
2805 621 2868 674 de
2890 637 3050 674 uxore
3069 621 3397 676 conviciante.
3422 651 3499 663 —
3515 621 3777 676 Narratur

2190 715 2452 783 quispiam
2501 724 2847 767 externorum
2899 711 3376 780 pltil050phorum,
3433 715 3522 784 qui
3573 714 3776 768 malam

2192 805 2413 859 haberet
2440 818 2662 857 uxorem
2693 812 2749 857 et
2777 817 3036 873 nugacem
3071 812 3126 857 et
3151 803 3540 859 convicianlem
3562 847 3578 870 ,
3608 806 3779 858 inter-

2193 895 2501 964 rogantibus
2520 936 2535 960 ,
2563 910 2666 965 qua
2695 894 2762 949 de
2782 909 2970 961 causa,
3003 910 3129 949 cum
3156 894 3317 948 talem
3350 894 3593 960 haberet,
3624 896 3777 950 illam

2193 985 2356 1041 ferret
2384 1027 2399 1052 ,
2431 986 2773 1056 reSpondisse
2818 1001 2878 1041 se
2924 987 3075 1056 quasi
3123 985 3461 1057 gymnasium
3510 996 3565 1041 et
3614 988 3780 1059 palm»

2194 1090 2359 1133 stram
2392 1077 2745 1148 philosoiibize
2774 1077 2919 1131 domi
2961 1078 3159 1131 habere
3197 1077 3297 1148 (a).
3333 1079 3437 1131 Ero
3466 1081 3629 1143 eniin,
3660 1079 3783 1133 uie-

2197 1172 2323 1245 bat,
2372 1173 2494 1226 aliis
2538 1172 2904 1233 mansuetior,
2954 1173 3005 1224 in
3050 1170 3149 1225 liac
3190 1170 3429 1239 quotidie
3477 1172 3780 1226 institutus.

2197 1265 2383 1334 Magna
2405 1279 2535 1318 voce
2557 1262 2933 1318 exclaniastis?
2953 1262 3057 1317 Sed
3080 1278 3180 1332 ego
3204 1262 3360 1317 valde
3383 1279 3523 1317 nune
3542 1265 3781 1332 ingenio,

2194 1374 2315 1412 cum
2342 1357 2551 1411 videam
2581 1356 2799 1411 Grmcos
2845 1356 3013 1424 magis
3064 1354 3413 1424 philosophos
3454 1370 3577 1410 esse
3618 1370 3785 1424 quam

2197 1466 2325 1511 nos,
2356 1449 2445 1519 qui
2471 1449 2723 1517 jubemur
2762 1448 2981 1516 angelos
3010 1447 3202 1501 imiuri
3227 1464 3242 1510 ;
3276 1448 3385 1502 imo
3412 1447 3501 1517 qui
3530 1448 3786 1516 jubemur

2198 1544 2369 1610 ipsum
2397 1540 2634 1606 :cmulari
2670 1540 2834 1593 Deum
2865 1539 2916 1592 in
2945 1540 3368 1595 mansuetudinis
3394 1543 3621 1594 ratione.
3651 1539 3782 1593 Phi-

2201 1634 2461 1703 losophus
2500 1648 2629 1703 ergo
2660 1634 2746 1688 ille
2776 1631 2971 1686 dicitur
3003 1632 3125 1691 idco
3155 1634 3348 1686 malam
3378 1634 3521 1687 illam
3551 1646 3785 1687 uxoiem

2199 1741 2304 1780 non
2334 1725 2557 1793 ejecisse
2583 1742 2595 1774 :
2629 1724 2845 1793 quidam
2870 1733 3051 1777 autem
3075 1724 3260 1777 dicunt
3287 1725 3458 1792 ipsum
3490 1723 3612 1779 ideo
3634 1724 3785 1777 illam

2198 1816 2436 1870 duxisse.
2466 1816 2577 1883 Ego
2605 1830 2734 1870 vero
2762 1817 2885 1884 quia
2929 1814 3080 1868 multi
3122 1814 3367 1869 homines
3396 1824 3582 1869 contra
3620 1821 3785 1884 (lnam

2202 1909 2337 1961 ratio
2362 1905 2501 1961 ferat
2530 1906 2704 1961 allecti
2734 1914 2893 1971 sunt,
2924 1906 3116 1961 hortor
3144 1915 3201 1960 ut
3221 1906 3289 1960 ab
3318 1906 3470 1960 initio
3497 1906 3630 1961 nihil
3673 1922 3784 1959 non

2200 2011 2359 2070 agant
2385 2001 2482 2054 viri
2508 2041 2523 2062 ,
2554 2008 2611 2052 ut
2641 2000 2774 2053 bene
2806 2008 3069 2054 moratam
3100 1998 3300 2053 ducant
3330 2015 3552 2054 uxorem
3581 2008 3637 2053 et
3664 2016 3792 2050 om-

2204 2094 2253 2147 ni
2284 2091 2497 2160 plenam
2544 2092 2778 2144 virtute:
2809 2092 2853 2145 si
2897 2104 3028 2146 vero
3053 2090 3332 2161 contigerit
3365 2100 3474 2144 uta
3508 2090 3792 2159 proposito

2201 2185 2484 2246 aberrent,
2518 2195 2583 2234 ac
2613 2196 2712 2236 nec
2740 2182 2932 2235 bonam
2964 2197 3063 2237 nec
3093 2181 3423 2235 tolerabilem
3448 2197 3700 2250 sponsam
3731 2183 3788 2235 in

2202 2275 2421 2328 domum
2450 2263 2792 2335 induxerint;
2823 2282 2953 2326 tunc
2982 2270 3361 2340 philosophum
3388 2273 3534 2325 illum
3565 2273 3785 2337 imiten-

2205 2376 2309 2429 tur,
2337 2373 2390 2417 et
2432 2364 2515 2416 his
2546 2362 2673 2415 nihil
2734 2362 3009 2429 adjiciam.
3056 2360 3186 2414 Nam
3214 2370 3481 2415 mercator
3504 2372 3792 2429 antequam

2205 2472 2327 2510 eum
2350 2457 2497 2508 socio
2525 2462 2676 2522 pacta
2705 2453 2866 2515 ineat,
2886 2466 3004 2520 qua“:
3025 2452 3237 2522 possint
3257 2465 3445 2520 pacem
3472 2452 3791 2517 conciliare,

2206 2562 2312 2600 nun
2347 2546 2492 2614 prius
2533 2544 2711 2597 navim
2739 2544 2789 2596 in
2821 2558 2969 2597 mare
3000 2542 3212 2606 trahet,
3243 2558 3417 2612 neque
3443 2543 3601 2597 aliam
3632 2542 3794 2597 attin-

2204 2648 2293 2707 get
2316 2638 2753 2707 negotiationem.
2800 2636 2869 2689 Et
2896 2650 2995 2689 nos
3024 2636 3205 2705 itaque
3234 2634 3369 2689 nihil
3398 2650 3504 2689 non
3534 2649 3794 2704 agamus,

2209 2742 2261 2783 ut
2293 2728 2675 2799 negotiationis
2701 2737 2897 2783 nostra:
2924 2728 3124 2783 sociam
3151 2728 3201 2780 in
3232 2727 3333 2781 hac
3363 2728 3485 2781 navi
3515 2743 3636 2782 cum
3672 2742 3794 2781 om-

2209 2824 2263 2877 ni
2288 2838 2418 2893 pace
2448 2823 2590 2876 intus
2617 2831 2916 2875 teneamus.
2942 2818 3015 2873 Ita
3037 2820 3179 2874 enim
3210 2827 3267 2873 et
3294 2819 3398 2873 alia
3424 2820 3605 2873 omnia
3634 2820 3795 2874 nobis

2210 2914 2494 2983 tranquilla
2524 2922 2718 2975 erunt,
2750 2921 2806 2966 et
2857 2926 2981 2966 cum
3030 2911 3320 2966 securitate
3346 2912 3471 2965 vita:
3513 2913 3800 2981 presenti:

2212 3007 2430 3076 pelagus
2457 3003 2807 3074 trajiciemus.
2831 3003 2945 3059 Hoc
2985 3003 3156 3073 pluris
3186 3002 3444 3058 faciamus
3463 3044 3478 3068 ,
3509 3019 3667 3073 quam
3698 3003 3801 3058 do-

2212 3113 2381 3163 mum,
2403 3096 2667 3167 maucipia
2688 3136 2703 3159 ,
2731 3095 3004 3166 pecunias,
3034 3110 3194 3165 agros
3215 3104 3269 3150 et
3294 3095 3435 3164 ipsas
3467 3110 3557 3150 res
3584 3096 3796 3152 civiles.

2215 3190 2375 3261 quue
2412 3190 2643 3244 maxime
2689 3190 2929 3244 omnium
2963 3191 3016 3242 in
3059 3190 3233 3258 pretio
3264 3188 3590 3255 habeamus,
3621 3199 3680 3245 ut
3705 3191 3801 3246 illa

2214 3298 2334 3351 qua:
2373 3281 2653 3335 nobiscum
2704 3282 2756 3334 in
2801 3281 3006 3334 uadibus
3062 3280 3297 3347 residet,
3354 3296 3459 3334 non
3512 3282 3798 3336 tumultum

2216 3371 2427 3428 iiioveat
2452 3412 2468 3435 ,
2500 3387 2635 3427 neve
2658 3388 2687 3425 a
2721 3372 2875 3425 nobis
2920 3372 3195 3426 dissideat.
3226 3372 3302 3426 lta
3346 3374 3490 3426 enim
3521 3384 3575 3427 et
3603 3383 3800 3428 caztera

2216 3463 2373 3517 nobis
2420 3462 2659 3517 secundo
2703 3478 2867 3516 cursu
2914 3465 3170 3541 venient,
3218 3473 3275 3517 et
3321 3465 3372 3517 in
3426 3464 3804 3533 spiritualibus

2218 3554 2441 3611 multam
2475 3553 2789 3609 habebimus
2815 3553 3149 3621 facilitatem,
3182 3556 3286 3610 hoc
3307 3557 3490 3625 jugum
3516 3571 3639 3611 cum
3663 3570 3799 3610 cono

2216 3646 2398 3700 cordia
2423 3644 2733 3711 trahentes;
2774 3647 3131 3717 omnibusque
3175 3648 3344 3717 probe
3368 3650 3537 3716 gestis
3563 3649 3800 3719 reposita

2217 3746 2608 3805 consequemur
2639 3737 2781 3791 bona
2814 3756 2827 3793 :
2859 3754 2981 3807 qua:
3007 3751 3108 3792 nos
3133 3753 3324 3794 omnes
3348 3739 3561 3809 assequi
3586 3740 3801 3794 contin-

2218 3838 2309 3895 gat
2327 3870 2342 3894 ,
2366 3829 2533 3897 gratia
2551 3839 2604 3883 et
2630 3828 2954 3899 benignitate
2976 3830 3185 3885 Domini
3215 3831 3384 3886 nostri
3408 3830 3539 3886 Jesu
3559 3830 3799 3897 Christi,

2219 3921 2434 3989 quicum
2464 3918 2606 3972 Patri
2654 3935 2867 3988 unaque
2896 3920 3118 3991 Spiritui
3168 3930 3357 3977 sancto
3394 3921 3563 3991 gloria
3585 3962 3602 3987 ,
3630 3922 3804 3991 impe~

2219 4012 2390 4074 rinm,
2420 4010 2628 4078 honor,
2661 4026 2805 4067 nunc
2828 4021 2883 4068 et
2909 4027 3125 4083 semper
3144 4053 3159 4077 ,
3186 4023 3243 4069 et
3264 4014 3318 4068 in
3348 4014 3544 4069 secula
3572 4016 3801 4070 sacculo-

2221 4117 2361 4156 rum.
2400 4105 2591 4157 Amen.

2282 4213 2361 4286 '(a)
2388 4216 2470 4264 Hic
2491 4216 2556 4265 de
2570 4223 2793 4290 Isocrate,
2819 4219 2870 4266 ni
2892 4216 3049 4292 fallor,
3071 4220 3192 4281 agit,
3217 4222 3303 4332 qm
3321 4219 3663 4293 frequentibus
3680 4220 3809 4271 Ian-

2282 4290 2421 4332 ippes
2442 4290 2610 4327 uxoris
2626 4292 2804 4332 nti-aus
2822 4283 3200 4332 exercuabatur.
3271 4284 3355 4332 ide
3376 4281 3647 4332 Dioaenem
3660 4285 3809 4332 Laer-

2223 4276 2421 4346 tliippcs
2442 4280 2610 4327 uxoris
2626 4276 2804 4342 jurgiis
2822 4276 3200 4332 exercitabalur'.
3225 4276 3355 4332 Vide
3368 4276 3647 4344 {Diogenem
3660 4285 3811 4336 Lael-

2227 4343 2349 4385 tium
2372 4338 2421 4386 in
2443 4346 2656 4389 Socrate.
3398 4344 3402 4348 ’

536 4421 3812 4486 Mum

1840 4527 2187 4594 HOMILIA
2232 4537 2493 4603 XXVII.

535 4649 664 4705 Car.
690 4652 776 4706 ll.
805 4669 856 4707 v.
886 4655 973 4709 l7;
1007 4656 1117 4711 Hoc
1144 4669 1311 4713 autem
1339 4664 1655 4733 prtecipiem,
1684 4684 1786 4722 non
1812 4669 1965 4726 laudo
1983 4675 2120 4745 quod

713 4760 816 4797 non
843 4747 897 4800 in
926 4748 1104 4803 melius
1122 4792 1137 4816 ,
1167 4753 1257 4806 sed
1288 4754 1341 4807 in
1370 4755 1587 4811 deterius
1611 4764 1937 4818 conveniatis.

611 4835 660 4887 l.
691 4833 921 4892 Necesse
954 4849 1036 4895 est
1062 4845 1221 4897 etiam
1264 4850 1543 4915 przcsentis
1568 4852 1810 4908 criminis
1837 4871 1933 4910 seu
1961 4872 2119 4914 accu-

528 4927 761 5010 sationis
793 4931 938 4998 prius
966 4948 1180 4989 causam
1220 4935 1399 4993 dicere
1431 4958 1443 4992 :
1476 4940 1547 4994 ita
1577 4944 1717 4998 enim
1748 4961 1869 5016 qua:
1893 4948 2117 5006 dicenda

536 5026 662 5071 sunt
681 5018 887 5076 facilius
905 5022 1227 5081 ediscentur.
1253 5029 1505 5096 Quarnam
1527 5049 1654 5103 ergo
1675 5036 1762 5089 illa
1786 5039 1906 5093 est?
1929 5039 2119 5106 Quem.

536 5107 822 5167 admodum
853 5117 951 5169 tria
980 5117 1067 5173 illa
1097 5122 1257 5175 millia
1280 5164 1293 5184 .
1325 5140 1447 5192 quae
1478 5127 1629 5181 initio
1657 5130 1996 5187 crediderant
2017 5176 2032 5199 ,
2064 5134 2117 5189 in

537 5205 806 5257 communi
850 5222 1033 5263 mensa
1076 5212 1461 5280 comedebant,
1503 5226 1557 5270 et
1596 5223 1897 5276 comnumia
1940 5226 2116 5280 omnia

538 5293 882 5361 possidebant
911 5314 924 5349 :
950 5300 1027 5353 sic
1050 5302 1210 5356 etiam
1240 5302 1355 5357 ﬁeri
1381 5306 1589 5362 solebat
1613 5324 1733 5364 cum
1763 5312 1876 5367 huic
1905 5316 2119 5384 scripsit

538 5384 857 5474 Apostolus;
890 5395 1061 5442 atnon
1085 5407 1208 5447 cum
1234 5402 1379 5447 tanta
1404 5400 1765 5466 accuratione,
1788 5402 1880 5457 sed
1904 5404 2118 5474 quidam

539 5472 700 5527 veluti
728 5475 908 5531 lituus
928 5476 1069 5533 illius
1093 5484 1248 5549 prisci
1275 5488 1533 5540 consortii
1564 5494 1819 5546 remansit
1844 5502 1899 5547 ct
1924 5472 1991 5548 ad
2020 5512 2117 5565 po-

538 5574 711 5618 steros
736 5565 1028 5623 descendit.
1060 5571 1191 5637 Quia
1220 5590 1349 5631 vero
1376 5578 1719 5649 contingebat
1746 5582 1882 5656 alios
1918 5602 2117 5656 paupe-

540 5672 643 5750 res,
665 5657 801 5714 alios
825 5660 1017 5718 divites
1041 5679 1178 5731 esse,
1202 5683 1296 5722 sua
1322 5670 1500 5725 omnia
1526 5687 1633 5726 non
1660 5673 1712 5728 in
1740 5653 1971 5732 medium
1998 5653 2121 5750 pro-

540 5745 813 5819 ferebant;
841 5766 1152 5814 communes
1179 5767 1355 5816 autem
1376 5765 1699 5835 apparabant
1726 5784 1939 5826 mensas
1964 5745 2116 5827 statis

2223 4680 2439 4748 diebus,
2472 4685 2546 4738 uti
2580 4702 2675 4756 par
2702 4698 2852 4755 erat,
2879 4700 2935 4746 et
2961 4702 3172 4760 peracta
3201 4695 3387 4765 synaxi
3408 4736 3423 4757 ,
3456 4705 3575 4766 post
3602 4706 3809 4768 myste-

2224 4779 2425 4827 riorum
2451 4779 2885 4839 communionem
2909 4782 2962 4835 in
2987 4798 3272 4840 commune
3296 4798 3485 4842 omnes
3504 4790 3808 4844 convivium

2224 4864 2526 4933 veniebant,
2557 4867 2809 4924 divitibus
2837 4873 2987 4928 cibos
3012 4884 3139 4928 suos
3168 4874 3531 4942 alferentihus,
3563 4882 3810 4950 pauperi-

2226 4955 2325 5009 bus
2351 4967 2529 5011 autem
2559 4966 2615 5012 et
2639 4960 2773 5017 nihil
2799 4962 3116 5019 habentibus
3143 4966 3211 5021 ab
3241 4968 3370 5036 ipsis
3398 4968 3649 5024 divitibus
3674 4955 3810 5024 invio

2225 5048 2381 5112 tatis,
2417 5050 2772 5121 omnibusque
2812 5053 2971 5109 simul
3010 5059 3441 5114 convivantibus.
3479 5059 3583 5115 Sed
3621 5071 3806 5132 postea

2226 5136 2310 5191 hic
2337 5154 2453 5193 mos
2481 5140 2764 5196 obsolevit.
2788 5145 2957 5199 Causa
2984 5158 3161 5201 autem
3191 5148 3307 5215 fuit,
3333 5150 3473 5220 quod
3497 5151 3689 5206 divulsi
3718 5166 3807 5205 es-

2224 5238 2365 5294 sent,
2394 5244 2457 5283 ac
2486 5245 2606 5285 sese
2634 5233 3000 5292 adscriberent
3022 5238 3111 5292 alii
3140 5239 3240 5306 his,
3271 5242 3363 5295 alii
3391 5243 3514 5308 illis,
3543 5243 3809 5297 dicereut-

2222 5335 2362 5387 que,
2392 5320 2502 5391 Ego
2530 5336 2647 5377 sum
2687 5323 2844 5392 hujus
2863 5369 2878 5388 ,
2910 5343 3011 5398 ego
3041 5330 3217 5395 illius;
3248 5333 3389 5402 quod
3418 5335 3691 5402 corrigens
3720 5332 3807 5391 ille

2226 5412 2377 5465 initio
2396 5417 2637 5482 epistolm
2661 5418 2909 5473 dicebat:
2944 5421 3303 5492 Signiﬁcatu»:
3322 5437 3399 5481 at
3429 5426 3570 5489 mihi,
3600 5428 3803 5492 fratres,

2224 5501 2287 5554 dc
2312 5502 2447 5558 vobis
2472 5506 2534 5557 ab
2561 5507 2623 5561 iis
2646 5508 2733 5578 qui
2757 5519 2874 5562 sunt
2902 5510 3103 5581 Cillan,
3134 5520 3253 5585 quia
3277 5516 3616 5570 contentiones
3641 5515 3695 5569 in
3720 5533 3803 5571 uo-

2223 5592 2299 5646 bis
2333 5605 2469 5648 sunt.
2509 5596 2620 5650 Hoc
2655 5608 2821 5653 autem
2854 5601 3002 5669 dico,
3044 5607 3180 5674 quod
3219 5607 3555 5677 unusquisque
3590 5618 3805 5663 uestrum

2223 5685 2356 5738 dicat
2381 5702 2399 5739 .'
2426 5686 2537 5757 Ego
2571 5690 2769 5756 quidem
2802 5709 2913 5747 sum
2945 5695 3131 5762 Pauli,
3160 5715 3250 5768 rgo
3275 5708 3443 5751 autent
3471 5699 3653 5762 Apollo
3670 5739 3685 5764 ,
3715 5717 3805 5770 ego

2224 5792 2335 5831 tero
2375 5778 2557 5848 Caplla:
2584 5782 2669 5851 (l.
2699 5782 2817 5841 Cor.
2849 5788 2899 5841 l.
2930 5789 3019 5843 ll.
3061 5788 3185 5859 l2).
3228 5788 3343 5845 Non
3370 5790 3512 5861 quod
3551 5790 3716 5848 Paulo
3745 5807 3802 5848 ac
