4022 6214
311 321 419 379 99.3

312 443 529 493 ᾶπαντα
556 434 843 505 σωφρόνει,
867 434 961 487 καὶ
992 433 1130 503 μετά
1158 433 1361 485 τούτων
1388 434 1480 485 καὶ
1512 434 1611 502 τὴν
1644 432 1883 500 ἑσπέραν

319 522 333 568 ἰ
344 519 529 586 κείνην
554 518 745 582 ἐννόει,
776 518 899 569 καθ’
929 519 996 587 ῆν
1023 516 1259 577 καλέσας
1292 534 1351 567 σε
1400 518 1429 567 ό
1469 517 1667 584 πατὴρ,
1696 513 1885 583 ῶσπερ

310 602 434 654 τινά
478 618 559 652 σοι
604 598 1211 670 παρακαταθήκηνλτὴν
1259 599 1535 669 θυγατέρα
1579 597 1882 667 παρέδωκε,

312 685 407 737 καὶ
448 684 666 736 πάντων
700 683 1035 750 ἀποστήσας,
1087 682 1181 734 καὶ
1211 682 1417 749 μητρὸς
1457 682 1551 733 καὶ
1582 680 1748 732 αὑτοῦ
1792 680 1885 731 καὶ

312 764 513 827 οἰκίας,
549 764 844 834 ὁλόκληρον
894 765 1065 833 αὐτῆς
1114 765 1212 832 τὴν
1245 764 1545 831 ἐπιτροπὴν
1589 762 1885 831 ἐνεχείρισέ

314 867 409 901 σου
435 850 501 919 τῇ
550 846 698 917 δεξιᾷ
716 863 731 876 ο
763 847 1014 914 ἐννόησον
1041 848 1122 898 ὅτι
1152 846 1291 914 μετά
1326 845 1418 896 τὸν
1460 845 1590 896 Θεὸν
1618 844 1685 897 δι’
1713 844 1884 911 αὐτῆς

313 930 464 1001 [239]
502 930 697 992 παῖδας
724 928 868 997 ἔχεις
916 930 1009 981 καὶ
1057 928 1239 999 πατὴρ
1287 928 1536 995 γέγονας,
1595 928 1688 979 καὶ
1732 926 1882 994 γίνου

314 1014 409 1067 καὶ
429 1012 678 1067 ἐντεῦθεν
702 1012 909 1083 ήμερος
939 1011 1074 1081 πρὸς
1101 1012 1291 1082 αὐτήν.
1378 1070 1379 1073 η

383 1158 455 1222 η’.
473 1153 585 1222 υύχ
599 1153 731 1223 ὁρᾷς
750 1153 875 1215 τοὺς
891 1153 1188 1222 γεωργοὺς,
1207 1149 1321 1213 πῶς
1340 1150 1438 1219 τήν
1457 1148 1606 1213 ἅπαξ
1620 1146 1883 1212 ὑποδεξα-

316 1241 483 1311 μένην
506 1241 573 1293 τά
597 1241 887 1310 σπέρματα
916 1242 1020 1311 γῆν
1050 1238 1409 1310 θεραπεύουσι
1438 1237 1765 1307 παντοδαπῷ
1794 1237 1883 1288 θε-

316 1326 546 1396 ραπείας
586 1326 793 1395 τρόπῳ,
835 1326 939 1378 κᾶν
995 1325 1161 1393 μυρία
1209 1322 1565 1391 ἐλαττώματα
1609 1321 1729 1393 ἔχῃ,
1772 1316 1884 1375 οἷον

314 1408 417 1461 κᾶν
448 1408 764 1477 λυπρόγεως
782 1419 807 1446 ι
834 1405 890 1477 ᾗ,
920 1405 1023 1458 κᾶν
1057 1404 1283 1475 βοτάνας
1310 1404 1453 1477 φέρῃ
1481 1405 1741 1473 πονηράς,
1777 1403 1882 1455 κᾶν

314 1490 421 1542 ὑπὸ
466 1491 772 1559 ἐπομϐρίας
817 1489 1189 1558 ἐπηρεάζηται
1221 1491 1287 1558 τῇ
1321 1488 1480 1556 φύσει
1523 1488 1622 1552 τῆς
1645 1486 1880 1549 θέσεωςς

314 1574 482 1625 Τοῦτο
509 1576 604 1625 καὶ
629 1573 694 1625 σὺ
716 1574 879 1625 ποίει’
903 1572 1046 1625 οὓτω
1066 1572 1174 1642 γὰρ
1202 1571 1464 1641 πρότερος
1485 1568 1765 1639 ἀπολαύσῃ
1790 1576 1887 1627 καὶ

311 1656 421 1707 τῶν
450 1656 676 1726 καρπῶν
711 1652 804 1709 καὶ
833 1655 931 1724 τῆς
960 1656 1200 1723 γαλήνης
1220 1671 1232 1683 ·
1268 1654 1363 1707 καὶ
1394 1652 1504 1723 γὰρ
1529 1653 1695 1724 λιμήν
1739 1656 1885 1710 ἐστιν

314 1743 348 1807 ἡ
379 1740 538 1808 γυνὴ,
582 1740 675 1791 καὶ
708 1740 999 1809 φάρμακον
1026 1738 1289 1809 εὐθυμίας
1337 1738 1614 1806 μέγιστον.
1663 1741 1760 1792 Ἀν
1789 1742 1886 1810 μὲν

311 1820 404 1875 οὖν
435 1822 527 1874 τὸν
553 1822 745 1891 λιμένα
773 1821 1098 1891 πνευμάτων
1128 1820 1450 1895 ἀπαλλάξῃς
1476 1825 1570 1877 καὶ
1603 1825 1883 1893 κυμάτων,

312 1904 518 1973 πολλῆς
544 1903 825 1976 ἀπολαύσῃ
855 1905 953 1973 τῆς
977 1904 1162 1961 ἀδείας
1184 1903 1248 1970 εξ
1278 1904 1483 1976 ἀγορᾶς
1514 1904 1709 1958 ἀνιών*
1737 1905 1802 1957 ἂν
1830 1904 1887 1956 δέ

314 1988 559 2057 θορύϐων
582 1987 677 2040 καὶ
697 1988 939 2057 ταραχῆς
961 1984 1272 2060 ἐμπλήσῃς,
1299 1987 1482 2058 σαυτῷ
1509 1988 1888 2058 χαλεπώτερον

314 2069 748 2144 κατασκευάζεις
781 2069 849 2124 τὸ
881 2072 1157 2139 ναυάγιον.
1197 2070 1295 2123 '[v’
1324 2067 1417 2123 οὖν
1444 2070 1603 2123 τοῦτο
1639 2071 1713 2140 μὴ
1739 2070 1890 2140 γίνη-

316 2172 431 2222 ται,
472 2150 631 2209 τοῦτο
657 2156 687 2208 ὃ
713 2156 857 2222 λέγω
883 2155 1123 2223 γενέσθω
1141 2170 1155 2185 ⁸
1184 2154 1311 2208 ὅταν
1338 2171 1392 2206 τι
1419 2153 1602 2223 συμϐῇ
1642 2154 1887 2225 λυπηρὸν

320 2239 463 2294 κατὰ
499 2239 598 2310 τήν
628 2239 822 2301 οἰκίαν,
858 2238 1075 2307 ἐκείνης
1116 2236 1487 2308 ἁμαρτούσης,
1537 2236 1886 2306 παραμυθοῦ,

320 2322 414 2376 καὶ
443 2322 519 2393 μὴ
547 2323 781 2375 ἐπίτεινε
806 2322 904 2391 τὴν
932 2322 1129 2389 λύπην.
1158 2321 1276 2374 Κάν
1301 2320 1409 2390 γάρ
1432 2319 1647 2373 ἃπαντα
1677 2321 1887 2373 ἀποϐά-

319 2406 440 2477 λης,
477 2405 628 2458 οῦδὲν
677 2405 1048 2476 λυπηρότερον
1092 2404 1185 2456 τοῦ
1222 2404 1296 2473 μὴ
1328 2405 1443 2473 μετ’
1492 2404 1705 2467 εὐνοίας
1748 2404 1890 2473 ἔχειν

322 2490 554 2555 γυναῖκα
576 2486 721 2539 ἔνδον
753 2486 1105 2539 συνοικοῦσαν
1124 2503 1137 2516 ·
1181 2486 1283 2538 κᾶν
1313 2486 1494 2539 ὁτιοῦν
1525 2486 1685 2557 εἴπῃς
1709 2488 1891 2556 ἀμάρ-

321 2585 494 2637 τημα,
529 2569 681 2620 οὐδὲν
708 2567 880 2629 οὕτως
920 2568 1302 2637 ὰῖυνηρότερον
1341 2570 1504 2637 ἐρεῖς,
1547 2563 1655 2619 οἷόν
1688 2570 1803 2619 ἐστι
1832 2567 1891 2619 τὸ

324 2651 460 2722 πρὸς
480 2650 695 2719 ἐκείνην
720 2649 1045 2714 στασιάζειν,
1074 2652 1233 2701 Ὥστε
1258 2651 1352 2702 καὶ
1371 2650 1459 2703 διὰ
1479 2649 1649 2702 ταῦτα
1675 2652 1891 2703 πάντων

324 2735 463 2785 ἔστω
487 2732 787 2803 τιμιωτέρα
874 2732 1075 2803 ταύτης
1096 2734 1304 2802 ἀγάπη.
1336 2733 1397 2784 Εἰ
1423 2731 1532 2802 γὰρ
1558 2732 1806 2802 ἀλλήλων
1826 2731 1892 2785 τά

325 2816 469 2885 βάρη
497 2814 578 2866 δεῖ
623 2813 931 2884 βαστάζειν,
987 2815 1165 2884 πολλῷ
1217 2815 1417 2885 μᾶλλον
1466 2816 1563 2883 τῆς
1613 2814 1887 2883 γυναικός.

328 2900 445 2953 Κᾶν
479 2902 725 2970 πένησσα
771 2896 829 2971 ᾖ,
877 2901 951 2970 μὴ
977 2900 1274 2969 ὀνειδίσῃς·
1324 2900 1428 2952 κάν
1472 2899 1695 2969 ἀνόητος
1722 2893 1779 2969 ᾗ,
1814 2896 1888 2968 μὴ

328 2980 649 3047 ἐπέμϐαινε,
695 2980 831 3035 ἀλλὰ
882 2982 1144 3052 ῥύθμισόν
1181 2982 1383 3053 μᾶλλον
1408 3000 1421 3012 ο
1461 2983 1556 3034 καὶ
1596 2982 1703 3051 γάρ
1726 2981 1895 3051 μέλος

326 3064 442 3116 ἐστὶ
467 3065 579 3128 σὸν,
612 3064 707 3117 καὶ
734 3065 867 3133 σάρξ
889 3065 1137 3131 ἐγένεσθε
1169 3064 1287 3134 μία.
1329 3063 1486 3116 Ἀλλά
1518 3065 1752 3133 φλύαρός
1778 3065 1892 3115 ἐστι

326 3147 422 3199 καὶ
447 3146 679 3214 μέθυσος
709 3150 804 3200 καὶ
836 3146 1070 3217 ὀργίλος.
1102 3146 1311 3199 Οὐκοῦν
1329 3145 1517 3214 ἀλγεῖν
1541 3149 1632 3199 ἐπὶ
1661 3146 1891 3210 τούτοις,

326 3232 427 3283 οὐκ
453 3230 767 3299 ὀργίζεσθαι
800 3231 923 3301 χρὴ,
972 3231 1065 3284 καὶ
1107 3232 1198 3285 τὸν
1238 3230 1371 3283 Θεὸν
1410 3231 1770 3300 παρακαλεῖν,
1802 3232 1895 3301 καὶ

328 3316 613 3383 παραινεῖν
636 3315 775 3385 αὐτῇ
812 3300 907 3366 καί
944 3312 1351 3383 συμϐουλεύειν,
1375 3313 1469 3365 καὶ
1495 3315 1671 3367 πάντα
1699 3300 1888 3376 ποιεῖν,

327 3396 468 3449 ῶστε
506 3396 733 3465 ἐκκόψαι
762 3398 822 3450 τὸ
862 3397 1054 3460 πάθος.
1090 3398 1188 3450 ’Δν
1215 3397 1270 3450 δὲ
1293 3398 1522 3469 τύπτῃς,
1563 3400 1658 3451 καὶ
1685 3399 1895 3471 ἐπιτρί-

328 3482 430 3552 ϐῃς
477 3481 539 3534 τὸ
590 3482 831 3551 νόσημα,
886 3482 947 3534 ού
993 3480 1387 3552 θεραπεύεταιο
1456 3481 1731 3552 θρασύτης
1785 3484 1895 3555 γάρ
1936 3474 1945 3481 ’

327 3566 596 3634 ἐπιεικείᾳ
623 3564 831 3626 λύεται,
859 3566 957 3634 οὐχ
980 3564 1142 3635 ἑτέρᾳ
1167 3565 1484 3635 θρασύτητι.
1514 3566 1668 3618 Μετά
1690 3565 1894 3618 τούτων

327 3650 424 3703 καὶ
472 3648 563 3701 τὸν
608 3648 758 3717 παρά
796 3648 891 3701 τοῦ
938 3646 1074 3700 Θεοῦ
1121 3648 1309 3718 μισθὸν
1344 3650 1534 3702 ἐννόει.
1565 3649 1735 3701 Ὅταν
1764 3651 1892 3721 γὰρ,

328 3734 447 3798 ἐξόν
480 3748 562 3784 σοι
586 3734 836 3802 ἐκτεμεῖν
866 3731 1057 3801 αὐτὴν,
1090 3733 1164 3803 μή
1186 3735 1345 3803 ποιῇς
1372 3732 1529 3785 τοῦτο
1560 3733 1649 3786 διά
1678 3734 1769 3786 τὸν
1799 3734 1893 3787 τοῦ

326 3816 462 3868 Θεοῦ
486 3815 668 3884 φόϐον,
696 3815 831 3867 ἀλλά
860 3815 1032 3885 φέρῃς
1064 3814 1421 3884 ἐλαττώματα
1447 3815 1707 3881 τοσαῦτα,
1736 3817 1899 3870 δεδοι-

328 3899 440 3961 κὼς
468 3900 561 3950 τὸν
593 3898 685 3951 ἐπὶ
712 3898 921 3962 τούτοις
964 3899 1213 3968 κείμενον
1256 3897 1419 3969 νόμον
1472 3899 1563 3951 τὸν
1619 3900 1897 3953 κωλύοντα

328 3980 578 4033 ἐκϐαλεῖν
623 3984 877 4049 γυναῖκα,
926 3981 1033 4034 κάν
1069 3981 1245 4034 ὁτιοῦν
1290 3981 1387 4053 ἔχῃ
1432 3982 1663 4052 νόσημα,
1690 3983 1896 4052 ἄφατον

327 4062 472 4135 λήψῃ
521 4064 743 4135 μισθόνο
786 4064 879 4117 καί¹
912 4064 1018 4134 πρὸ
1042 4064 1152 4118 τῶν
1192 4065 1400 4135 μισθῶν
1437 4064 1494 4118 δὲ
1539 4068 1607 4121 τά
1664 4068 1897 4137 μέγιστα

395 4198 420 4226 ⁸
447 4196 597 4258 Reg“
618 4196 916 4257 λεπτόγαιος.

1277 314 1342 368 IN
1382 311 1602 368 EPIST.
1646 311 1664 365 1
1706 308 1799 365 AD
1834 306 1994 365 COB.
2031 306 2263 364 HOMIL.
2303 304 2519 360 XXVII.

3445 297 3549 352 εει

1989 427 2283 497 κερδανεῖς.
2327 424 2541 493 ἐκείνην
2569 440 2626 475 τε
2665 420 3083 489 εύπειθεστέραν
3114 416 3556 481 κατασκευάζων,

1987 511 2080 564 καὶ
2112 508 2273 572 αὐτὸς
2305 509 2715 575 ἐπιεικέστερος
2750 504 2920 574 ταύτῃ
2949 503 3250 570 γινόμενος.

2056 593 2284 658 Λέγεται
2317 590 2448 657 γοῦν
2494 605 2578 650 τις
2612 589 2705 640 καὶ
2746 586 2852 639 τῶν
2884 585 3084 651 ἔξωθεν
3122 583 3428 650 φιλοσόφων
3462 600 3559 651 μο-

1985 672 2194 743 χθηράν
2237 672 2377 742 ἔχων
2412 675 2647 739 γυναῖκα
2698 670 2791 722 καὶ
2848 669 3086 737 φλύαρον
3135 668 3229 718 καὶ
3278 668 3555 731 πάροινον,

1986 756 2121 824 πρὸς
2160 757 2286 817 τοὺς
2323 756 2664 823 ἐρωτῶντας,
2706 752 2852 814 τίνος
2897 751 3084 801 ἐνεκεν
3126 746 3382 816 τοιαύτην
3416 747 3559 815 ἔχων

1984 838 2251 906 ἀνέχεται,
2304 838 2496 898 εἰπεῖν,
2540 835 2678 888 ὥστε
2730 835 3029 903 γυμνάσιον
3076 832 3169 883 καὶ
3221 830 3559 899 παλαίστραν

1984 919 2125 988 ἔχειν
2165 918 2480 987 φιλοσοφίας
2527 919 2618 970 ἐπὶ
2653 918 2751 983 τῆς
2799 916 3010 975 οἰκίας⁸
3054 914 3286 983 Ἐσομαι
3311 911 3417 979 γὰρ
3447 912 3558 972 τοῖς

1983 1001 2189 1063 λοιποῖς
2240 1002 2563 1072 πραότερος,
2610 1000 2793 1068 φησὶν,
2845 999 2903 1048 ἐν
2944 996 3119 1066 ταύτῃ
3161 995 3279 1046 καθ’
3315 993 3559 1060 ἑκάστην

1984 1083 2371 1152 παιδευόμενος
2399 1084 2494 1152 τὴν
2528 1082 2761 1151 ήμέραν.
2807 1080 3100 1149 Ἐϐοήσατε
3133 1078 3381 1148 μεγάλα;
3420 1076 3558 1128 Ἀλλ’

1982 1165 2094 1232 ἐγὼ
2129 1164 2225 1216 νῦν
2263 1166 2525 1235 ὀδύρομαι
2566 1165 2726 1233 μέγα,
2776 1163 2899 1215 ’ὁταν
2952 1161 3214 1230 Ἕλληνες
3260 1160 3415 1229 ἡμῶν
3459 1153 3561 1212 ὦσι

1984 1249 2428 1318 φιλοσοφώτεροι,
2456 1248 2610 1315 ήμῶν
2624 1246 2732 1297 τῶν
2758 1243 3156 1297 κελευσθέντων
3180 1243 3449 1309 ἀγγέλους
3475 1260 3562 1312 μι-

1986 1330 2223 1399 μεῖσθαι,
2253 1331 2452 1401 μᾶλλον
2480 1330 2535 1381 δὲ
2563 1330 2669 1381 τῶν
2695 1327 3097 1380 κελευσθέντων
3125 1325 3286 1379 αὐτὸν
3313 1325 3406 1376 τὸν
3428 1324 3562 1377 Θεὸν

1983 1412 2181 1483 ζηλοῦν
2209 1415 2348 1468 κατά
2374 1414 2464 1465 τὸν
2482 1414 2583 1483 τῆς
2609 1410 2907 1472 ἐπιεικείας
2929 1410 3107 1477 λόγον.
3145 1411 3201 1461 Ὀ
3227 1409 3322 1477 μὲν
3348 1406 3442 1460 οὖν
3473 1426 3560 1476 φι-

1985 1497 2211 1565 λόσοφος
2232 1497 2450 1564 λέγεται
2489 1494 2577 1548 διά
2603 1494 2759 1547 τοῦτο
2777 1494 3016 1564 πονηράν
3046 1492 3184 1561 ἔχων
3217 1495 3451 1559 γυναῖκα
3485 1490 3560 1560 μὴ

1987 1580 2235 1633 ἐκϐαλεῖν
2253 1593 2267 1605 '
2293 1579 2435 1639 τινὲς
2452 1579 2508 1630 δέ
2532 1579 2626 1629 καὶ
2647 1576 2734 1629 διά
2770 1577 2925 1629 τοῦτο
2945 1570 3249 1641 ἀγαγέσθαι
3272 1576 3432 1627 αὑτὸν
3458 1574 3559 1626 αύ-

1985 1664 2081 1731 τὴν
2112 1662 2378 1729 λέγουσιν.
2417 1658 2558 1727 Ἐγὼ
2582 1660 2659 1721 δὲ,
2690 1658 2878 1727 ἐπειδὴ
2902 1658 3088 1709 πολλοὶ
3110 1657 3219 1708 τῶν
3255 1655 3561 1724 ἀνθρώπων

1989 1743 2138 1816 [240]
2191 1742 2528 1812 ἀλογώτερόν
2577 1743 2681 1794 εἰσι
2736 1740 3090 1808 διακείμενοι,
3146 1737 3398 1807 παραινῶ
3462 1739 3561 1806 μὲν

1989 1827 2220 1895 ἐξαρχῆς
2255 1827 2431 1878 πάντα
2463 1826 2632 1876 ποιεῖν
2670 1825 2764 1875 καὶ
2792 1820 3112 1884 σπουδάζειν
3142 1821 3289 1882 ὅπως
3319 1820 3560 1890 εύάρμο⁸

1991 1925 2113 1960 στον
2142 1908 2355 1961 λάϐοιεν
2397 1907 2639 1959 σύνοικον
2668 1906 2761 1957 καὶ
2804 1904 2984 1973 πάσης
3022 1903 3297 1970 γέμουσαν
3320 1904 3520 1972 ἀρετῆς
3542 1919 3557 1933 ο

1988 1994 2037 2043 εἰ
2086 1992 2143 2043 δέ
2194 1991 2434 2060 συμϐαίη
2491 1990 2833 2057 διαμαρτεῖν.
2880 1988 2972 2039 καὶ
3017 1986 3091 2055 μή
3135 1986 3374 2055 χρηστὴν
3424 1984 3559 2054 μηδέ

1988 2072 2217 2143 ἀνεκτὴν
2242 2073 2459 2143 νύμφην
2490 2072 2802 2138 εἰσαγαγεῖν
2844 2070 2923 2132 εἰς
2942 2070 3041 2138 τὴν
3073 2069 3267 2129 οἰκίαν,
3289 2068 3405 2119 τότε
3431 2066 3560 2135 γοῦν

1988 2157 2078 2209 τὸν
2112 2156 2397 2223 φιλόσοφον
2442 2154 2629 2207 τοῦτον
2671 2151 2888 2221 ζηλοῦν,
2937 2152 3029 2203 καὶ
3066 2149 3347 2221 ῥυθμίζειν
3393 2150 3561 2219 αὐτὴν

1990 2238 2240 2303 πάντοτε,
2278 2238 2373 2291 καὶ
2409 2237 2573 2307 μηδὲν
2610 2237 2813 2287 τούτων
2847 2232 3161 2304 προτιθέναι
3184 2234 3231 2286 δ.
3292 2234 3442 2285 Ἑπεί
3470 2234 3562 2284 καὶ

1990 2319 2248 2390 ἔμπορος,
2278 2321 2408 2389 πρὶν
2447 2320 2480 2388 ἦ
2511 2317 2647 2389 πρὸς
2669 2320 2761 2369 τὸν
2786 2314 3344 2385 κοινωνὸνσυνθήκας
3374 2315 3561 2367 θέσθαι

1988 2402 2088 2464 τὰς
2128 2400 2431 2470 δυναμένας
2476 2401 2699 2469 εἰρήνην
2741 2400 3137 2469 πρυτανεύειν,
3187 2399 3247 2450 ού
3300 2399 3562 2467 πρότερον

1990 2491 2235 2555 καθέλξει
2259 2491 2320 2545 τὸ
2356 2490 2539 2543 πλοῖον
2566 2493 2645 2552 εἰς
2682 2490 2745 2542 τὸ
2775 2491 3029 2558 πέλαγος,
3085 2490 3204 2542 οὐδὲ
3248 2489 3348 2558 τῆς
3396 2489 3561 2558 ἄλλης

1991 2573 2184 2641 ἅψεται
2224 2573 2510 2644 ἐμπορίας.
2559 2573 2666 2624 Καὶ
2725 2573 2885 2641 ἡμεῖς
2934 2572 3113 2624 τοίνυν
3164 2572 3340 2624 πάντα
3386 2573 3562 2640 πράτ-

1989 2668 2194 2718 τωμεν,
2225 2651 2365 2703 ὥστε
2393 2653 2492 2722 τήν
2516 2650 2768 2705 κοινωνὸν
2802 2651 2899 2720 τῆς
2924 2650 3017 2703 τοῦ
3042 2651 3154 2721 βίου
3184 2648 3562 2719 πραγματείας

1992 2736 2119 2803 ήμῖν
2146 2736 2238 2787 καὶ
2256 2734 2351 2787 τοῦ
2370 2734 2554 2787 πλοίου
2576 2734 2765 2786 τούτου
2788 2734 2926 2803 μετὰ
2949 2734 3125 2802 πάσης
3149 2732 3294 2785 ἐνδον
3313 2732 3562 2802 κατέχειν

1990 2818 2090 2885 τῆς
2113 2818 2354 2888 εἰρήνης.
2384 2817 2540 2869 Οὓτω
2560 2816 2668 2887 γὰρ
2692 2817 2784 2869 καὶ
2811 2816 2878 2868 τὰ
2903 2816 3035 2869 ἀλλα
3069 2817 3245 2869 πάντα
3264 2817 3392 2886 ήμῖν
3413 2816 3564 2868 ἔσται

1994 2902 2223 2970 γαληνὰ,
2265 2903 2357 2954 καὶ
2392 2902 2528 2970 μετὰ
2574 2899 2753 2963 ἀδείας
2783 2900 2846 2952 τὸ
2882 2900 3118 2966 πέλαγος
3154 2899 3247 2951 τοῦ
3297 2901 3564 2969 παρόντος

1994 2984 2396 3056 διαδραμοῦμεν
2424 2984 2562 3053 βίου.
2590 2982 2759 3036 Τοῦτο
2787 2983 2881 3035 καὶ
2910 2982 3016 3052 πρὸ
3044 2982 3219 3044 οἰκίας
3249 2982 3341 3033 καὶ
3367 2982 3563 3051 ἀνδρα-

1995 3066 2169 3118 πόδων
2190 3066 2281 3119 καὶ
2301 3067 2598 3135 χρημάτων
2620 3066 2717 3118 καὶ⁷
2745 3064 2931 3133 ἀγρῶν
2958 3065 3052 3117 καὶ
3082 3064 3259 3116 αὐτῶν
3284 3062 3390 3115 τῶν
3414 3064 3566 3115 πολι-

1994 3150 2162 3202 τικῶν
2196 3151 2535 3220 πραγμάτων
2568 3151 2825 3218 ἄγωμενο
2870 3149 2966 3201 καὶ
3008 3147 3225 3200 πάντων
3256 3148 3387 3215 ήμῖν
3428 3163 3565 3216 προ-

1993 3235 2277 3303 τιμότερον
2322 3234 2462 3286 ἔστω
2509 3234 2569 3285 τὸ
2611 3233 2710 3303 τὴν
2759 3231 2879 3303 μεθ’
2927 3231 3083 3301 ήμῶν
3122 3231 3355 3284 ἐπὶτῶν
3402 3232 3566 3284 οἴκων

1995 3318 2313 3387 καθημένην
2359 3317 2434 3387 μή
2486 3318 2800 3379 στασιάζειν
2861 3316 2995 3385 μηδὲ
3048 3314 3381 3383 διχοστατεῖν
3431 3314 3566 3385 πρὸς

1995 3401 2163 3469 ἡμᾶς.
2190 3399 2346 3454 Οὕτω
2369 3402 2477 3469 γὰρ
2494 3401 2587 3452 καὶ
2608 3398 2677 3452 τά
2692 3398 2830 3453 ἀλλα
2852 3401 2985 3469 ἡμῖν
3006 3399 3147 3451 κατά
3167 3398 3293 3468 ῥοῦν
3313 3398 3454 3465 ἥξει,
3468 3398 3568 3462 καὶ

1995 3485 2054 3535 ἐν
2078 3486 2189 3546 τοῖς
2218 3485 2609 3552 πνευματικοῖς
2637 3484 2695 3535 δέ
2722 3472 3147 3553 πολλὴνέξομεν
3174 3481 3271 3551 τὴν
3295 3478 3563 3544 εὐκολίαν,

1998 3566 2137 3635 μετά
2164 3568 2421 3635 ὁμονοίας
2443 3567 2536 3619 τὸν
2552 3565 2711 3634 ζυγὸν
2736 3565 2925 3618 τοῦτον
2956 3564 3205 3628 ἕλκοντες
3224 3582 3239 3597 ο
3265 3566 3358 3619 καὶ
3390 3564 3566 3618 πάντα

1995 3649 2457 3720 κατορθώσαντες,
2483 3650 2590 3703 τῶν
2619 3652 2995 3720 ἀποκειμένων
3017 3649 3410 3719 ἐπιτευξόμεθα
3430 3653 3562 3715 ἀγα-

1998 3730 2136 3783 θῶν·
2170 3726 2245 3784 ὧν
2273 3734 2482 3801 γένοιτο
2505 3734 2713 3797 πάντας
2740 3736 2890 3805 ήμᾶς
2928 3734 3228 3803 ἐπιτυχεῖν,
3257 3733 3439 3803 χάριτι
3472 3733 3567 3784 καὶ

1997 3814 2376 3888 φιλανθρωπία
2396 3815 2488 3868 τοῦ
2511 3816 2719 3885 Κυρίου
2767 3816 2925 3886 ήμῶν
2957 3815 3134 3887 Ἰησοῦ
3157 3814 3414 3885 Χριστοῦ,
3447 3813 3565 3883 μεθ’

1996 3890 2057 3953 οὗ
2082 3899 2157 3968 τῷ
2186 3901 2379 3969 Πατρὶ,
2402 3900 2518 3969 ἀμα
2549 3900 2625 3969 τῷ
2651 3900 2790 3969 ἁγίῳ
2824 3899 3131 3969 Πνεύματι,
3164 3898 3311 3961 δόξα,
3342 3898 3563 3966 κράτος,

1996 3984 2152 4053 τιμὴ.
2188 3983 2283 4037 νῦν
2308 3984 2404 4037 καὶ
2435 3988 2543 4050 ἀεὶ,
2581 3987 2671 4037 καὶ
2713 3987 2793 4049 εἰς
2821 3987 2943 4048 τοὺς
2975 3985 3177 4047 αἰῶνας
3198 3984 3304 4038 τῶν
3333 3982 3561 4037 αἰώνων.

2011 4066 2202 4136 Ἀμήν.

2062 4204 2090 4232 ¹²
2115 4204 2371 4267 tegebatur
2401 4206 2693 4268 προστιθέναι

1740 4474 1979 4529 ΟΜΙΛΙΔ
2008 4476 2133 4531 KZ’.

336 4635 513 4691 Τοῦτο
532 4634 600 4687 δὲ
624 4634 1069 4704 παραγγέλλων,
1097 4636 1208 4687 οὐκ
1227 4634 1451 4688 ἐπαινῶ
1470 4636 1559 4689 ὅτι
1582 4639 1693 4691 οὐκ
1718 4638 1805 4704 εἰς
1827 4637 1895 4691 τὸ

450 4717 738 4795 κρεῖττον,
770 4719 904 4771 ἀλλ’
937 4719 1025 4783 εἰς
1060 4715 1127 4769 τὸ
1154 4712 1338 4785 ἦττον
1362 4718 1760 4789 συνέρχεσθε.

398 4808 466 4856 α’.
486 4802 802 4869 Ἀναγκαῖον
818 4803 909 4855 καὶ
928 4802 1021 4855 τοῦ
1048 4801 1311 4872 παρόντος
1327 4801 1671 4873 ἐγκλήματος
1695 4805 1892 4875 πρότε-

331 4903 423 4955 ρον
447 4884 546 4954 τὴν
578 4884 756 4938 αἰτίαν
782 4888 956 4939 εἰπεῖν
991 4900 1004 4914 ⁸
1035 4885 1179 4938 οὕτω
1203 4886 1312 4956 γὰρ
1336 4887 1466 4957 ήμῖν
1494 4887 1915 4959 εὐμαθέστερος-

332 4968 491 5021 πάλιν
508 4965 699 5019 ἐσταιό
721 4966 897 5035 λόγος.
917 4967 1014 5030 Τίς
1027 4964 1120 5021 οὖν
1140 4970 1288 5020 ἐστιν
1318 4968 1457 5039 αῦτη
1476 4988 1492 5035 ;
1514 4971 1779 5040 Καθάπερ
1805 4971 1897 5024 ἐπὶ

325 5052 437 5104 τῶν
464 5047 773 5119 τρισχιλίων
814 5049 922 5102 τῶν
968 5050 1028 5114 ἐξ
1067 5049 1241 5119 ἀρχῆς
1286 5053 1694 5107 πιστευσάντων
1742 5056 1894 5123 κοινῇ

329 5135 532 5195 πάντες
559 5131 858 5196 εἱστιῶντο,
893 5134 988 5186 καὶ
1018 5134 1170 5187 κοινά
1192 5132 1366 5185 πάντα
1391 5134 1687 5205 ἐκέκτηντο
1709 5151 1724 5165 ο
1754 5134 1898 5189 οὕτω

328 5217 425 5273 καὶ
446 5215 567 5268 τότε
582 5214 671 5266 ὅτε
696 5212 869 5265 ταῦτα
890 5214 1128 5285 ἔγραψεν
1144 5217 1173 5268 ὁ
1203 5214 1523 5278 ’Δπόσ-τολος
1545 5217 1776 5283 ἐγίνετο,
1797 5218 1896 5287 οὐχ

327 5300 473 5357 οῦτω
506 5298 604 5370 μὲν
652 5297 788 5368 μετά
822 5298 1125 5368 ἀκριϐείας,
1168 5299 1357 5369 ὥσπερ
1401 5298 1458 5351 δέ
1500 5317 1582 5362 τις
1628 5302 1897 5373 ἀπόρῤοια

324 5386 431 5455 τῆς
466 5382 746 5445 κοινωνίας
786 5380 1003 5452 ἐκείνης
1037 5383 1461 5452 ἐναπομείνασα,
1502 5384 1594 5437 καὶ
1648 5386 1729 5446 εἰς
1769 5386 1897 5445 τοὺς

334 5460 473 5535 μετά
510 5464 682 5518 ταῦτα
707 5461 931 5532 κατέϐη.
964 5464 1074 5516 Καὶ
1115 5460 1302 5539 ἐπειδὴ
1335 5464 1612 5517 συνέϐαινε
1640 5467 1765 5530 τοὺς
1795 5469 1895 5539 μὲν

331 5554 570 5617 πένητας
594 5544 752 5611 εἶναι,
780 5546 905 5610 τοὺς
939 5546 996 5599 δέ
1023 5535 1335 5611 πλουσίους,
1365 5548 1435 5601 τά
1467 5548 1566 5618 μὲν
1594 5535 1807 5601 ἐαυτῶν
1833 5552 1894 5602 ού

330 5626 674 5681 κατετίθεντο
720 5629 892 5681 πάντα
945 5629 1025 5689 εἰς
1064 5626 1249 5696 μέσον,
1292 5628 1477 5692 κοινάς
1512 5629 1569 5681 δὲ
1618 5630 1897 5685 ἐποιοῦντο

328 5712 431 5773 τις
473 5709 753 5779 τραπέζας
792 5712 851 5763 ἐν
893 5707 1128 5779 ήμέραις
1157 5711 1590 5778 νενομισμέναις,
1620 5712 1695 5773 ὡς
1724 5712 1892 5776 εἰκὸς,

334 5795 425 5849 καὶ
453 5794 551 5865 τῆς
591 5790 859 5857 συνάξεως
898 5789 1323 5863 ἀπαρτισθείσης
1363 5792 1501 5860 μετὰ
1532 5794 1629 5863 τὴν
1660 5792 1768 5848 τῶν
1797 5812 1895 5864 μυ-

2004 4638 2237 4707 στηρίων
2258 4638 2540 4690 κοινωνίαν
2562 4636 2653 4689 ἐπὶ
2682 4634 2863 4706 κοινήν
2890 4638 3090 4705 πάντες
3113 4643 3281 4712 ᾔεσαν
3313 4640 3573 4710 εὐωχίαν..

1997 4721 2104 4772 τῶν
2142 4720 2241 4788 μὲν
2278 4720 2646 4774 πλουτούντων
2678 4723 2951 4793 φερόντων
2976 4724 3044 4776 τὰ
3072 4726 3361 4796 ἐδέσματα,
3385 4725 3492 4778 τῶν
3511 4723 3567 4777 δὲ

1999 4801 2307 4870 πενομένων
2335 4802 2428 4854 καὶ
2457 4803 2608 4855 οὐδὲν
2637 4804 2868 4873 ἐχόντων
2888 4806 2979 4857 ὑπ’
3000 4806 3178 4859 αὐτῶν
3198 4808 3566 4878 καλουμένων.

1996 4884 2088 4937 καὶ
2132 4888 2284 4956 κοινῇ
2328 4886 2545 4939 πάντων
2606 4887 2969 4956 ἑστιωμένων.
3021 4888 3163 4941 Ἀλλ’
3209 4888 3439 4961 ὕστερον
3478 4889 3571 4941 καὶ

1994 4966 2153 5019 τοῦτο
2200 4968 2464 5039 διεφθάρη
2514 4970 2575 5022 τὸ
2607 4970 2749 5031 ἔθος,
2791 4969 2865 5021 Τὸ
2928 4969 2986 5022 δὲ
3046 4973 3218 5025 αῖτιον
3258 4974 3325 5025 ἐκ
3366 4969 3461 5026 τοῦ
3494 4971 3573 5025 δι·

1995 5050 2264 5104 εσπάσθαι
2290 5055 2383 5104 καὶ
2425 5052 2751 5123 προσνέμειν
2777 5054 3021 5117 ἑαυτοὺς.
3051 5057 3178 5119 τοὺς
3209 5057 3308 5126 μέν
3340 5056 3568 5118 τούτοις,

1992 5135 2121 5199 τοὺς
2150 5136 2207 5190 δέ
2234 5139 2480 5201 ἐκείνοις,
2521 5137 2616 5190 καὶ
2658 5137 2858 5205 λέγειν·
2900 5138 3043 5207 Ἐγὼ
3073 5142 3171 5210 μέν
3202 5143 3318 5209 εἰμι
3347 5140 3439 5193 τοῦ
3466 5140 3572 5192 δεῖ·

1994 5235 2103 5281 νος,
2135 5219 2244 5285 ἐγὼ
2272 5220 2327 5272 δὲ
2366 5218 2459 5270 τοῦ
2490 5217 2689 5283 δεῖνοςυ
2723 5222 2860 5291 ὅπερ
2888 5222 2979 5273 καὶ
3013 5224 3071 5273 ἐν
3105 5224 3246 5293 ἀρχῇ
3276 5223 3374 5291 τῆς
3418 5222 3569 5274 Ἐπι-

1996 5300 2191 5369 στολῆς
2205 5300 2581 5372 διορθούμενος
2608 5301 2818 5369 ἔλεγεν·
2858 5302 3161 5370 Ἐδηλὼθη
3188 5304 3295 5373 γάρ
3316 5321 3416 5373 μοι
3436 5304 3567 5372 περί

1993 5381 2161 5451 ὑμῶν
2195 5382 2366 5453 [ειη.
2413 5382 2665 5452 ἀδελφοί
2701 5402 2835 5448 μου,
2878 5386 2998 5438 ὑπὸ
3046 5384 3164 5438 τῶν
3211 5389 3430 5453 Χλόης,
3480 5385 3571 5439 ὅτι

1993 5466 2183 5531 ἔριδες
2206 5466 2275 5518 ἐν
2301 5465 2443 5533 ὑμῖν
2484 5470 2621 5518 εἱσι.
2658 5466 2821 5533 Λέγω
2859 5466 2928 5519 δὲ
2967 5468 3165 5529 τοῦτο,
3200 5468 3287 5519 ὅτι
3313 5468 3569 5532 ἕκαστος

1994 5546 2162 5615 ὑμῶν
2214 5548 2396 5615 λέγει,
2465 5547 2613 5615 Ἐγὼ
2665 5549 2782 5615 μέν
2829 5550 2949 5616 εὶμι
3002 5550 3270 5608 Παύλου,
3331 5549 3446 5616 ἐγὼ
3499 5548 3568 5600 δὲ

2010 5626 2301 5691 Ἀπολλώ,
2323 5629 2437 5697 ἐγὼ
2463 5628 2532 5681 δὲ
2564 5629 2755 5697 Κηφᾶ.
2798 5631 2910 5681 Οὐκ
2934 5631 3117 5699 ἐπειδὴ
3172 5630 3369 5697 Παύλῳ
3398 5646 3565 5699 προσ-

2001 5710 2192 5778 ένεμον
2214 5710 2438 5771 ἑαυτούς
2477 5724 2489 5736 ⁸
2529 5711 2649 5763 οὐδὲ
2674 5711 2783 5779 γάρ
2811 5712 2879 5763 ἂν
2906 5713 3160 5779 ἠνέσχετο
3186 5728 3199 5740 ·
3225 5710 3341 5762 ἀλλ’
3372 5712 3435 5760 ἐκ
3465 5725 3563 5762 πει

2003 5792 2244 5865 ριουσίας
2267 5791 2563 5863 πρόρριζον
2604 5794 2665 5846 τὸ
2705 5794 2824 5857 ἔθος
2867 5794 3176 5848 ἀνασπάσαι
3213 5793 3555 5865 βουλόμενος,
