4022 6214
334 397 449 453 2:25

338 512 742 573 adscriberent;
792 523 964 576 neque
1012 506 1155 564 enim
1203 505 1255 559 id
1301 505 1390 560 ilic
1439 505 1686 558 tulisset:
1720 503 1812 557 sed
1852 518 1921 556 ex

340 606 666 664 abundanti,
716 601 900 655 volens
944 601 1085 654 hunc
1128 613 1331 654 morem
1374 596 1626 650 radicitus
1656 595 1919 658 erciicrc,

339 698 575 764 seipsum
606 694 869 761 apposuit,
900 693 1208 755 Ostendens,
1236 690 1374 757 quod
1405 688 1448 742 si
1476 703 1533 740 sc
1560 687 1674 756 quis
1706 685 1801 753 ipsi
1832 684 1923 736 atl-

338 790 602 839 scrtberet
631 800 657 836 a
688 784 957 837 communi
998 796 1224 850 corpore
1260 781 1560 842 abscissus,
1601 778 1674 829 sic
1713 790 1923 844 quoque

304 872 309 875 ’
340 892 452 929 rem
481 891 601 929 esse
632 875 913 927 absurdam
942 882 997 926 et
1021 885 1273 925 extrema:
1314 870 1624 938 iniquitatis.
1656 868 1709 921 Si
1746 875 1921 917 autem

338 969 391 1019 in
427 969 527 1019 hue
557 976 670 1020 erat
697 966 969 1034 iniquitas,
1000 963 1165 1016 multo
1197 962 1364 1029 magis
1392 962 1440 1011 in
1472 960 1575 1011 illis
1595 958 1681 1024 qui
1712 956 1925 1009 interio-

306 1050 426 1113 ‘res
469 1068 639 1112 erant.
685 1059 816 1124 Quia
865 1057 1023 1125 igitur
1062 1054 1317 1121 disjectus
1356 1060 1410 1104 et
1446 1050 1646 1102 divisus
1683 1058 1797 1101 erat
1838 1047 1924 1099 hic

338 1168 477 1214 mos.
499 1151 890 1222 pulcherrimus
920 1149 1006 1202 ille.
1028 1160 1079 1202 et
1102 1146 1413 1200 utilissimus
1437 1144 1618 1213 (causa
1643 1140 1783 1193 enim
1810 1148 1923 1192 erat

336 1228 607 1301 caritatis,
644 1240 967 1309 paupertatis
992 1237 1288 1291 consolatio
1309 1276 1323 1298 ,
1352 1233 1651 1286 divitiarum
1681 1230 1924 1283 modera-

340 1334 432 1394 tio,
466 1335 817 1400 maxitua'quc
846 1329 1199 1401 plnlosophite
1220 1325 1454 1389 occasio,
1480 1335 1534 1376 et
1558 1324 1797 1375 doctrina
1828 1322 1925 1374 lut-

340 1426 599 1493 utilitatis)
633 1444 644 1477 :
673 1428 796 1494 quia
830 1426 988 1493 igitur
1015 1422 1216 1476 sciebat
1249 1430 1391 1472 tanta
1426 1418 1561 1470 bona
1592 1432 1712 1469 esse
1739 1430 1920 1469 corru-

340 1532 459 1588 pta,
502 1520 624 1587 jure
662 1519 770 1571 acri
821 1532 946 1570 usus
995 1525 1076 1568 est
1118 1513 1392 1575 oratione,
1435 1512 1511 1564 sic
1551 1510 1734 1563 dicens
1767 1526 1780 1560 :
1811 1506 1923 1559 Hoc

337 1625 506 1666 autem
538 1613 849 1679 praecipiens,
878 1626 978 1660 non
1006 1607 1179 1660 laudo.
1206 1605 1260 1659 In
1289 1604 1450 1674 priori
1484 1619 1673 1672 nempe
1702 1616 1923 1654 accusa-

339 1707 505 1765 tione,
530 1703 667 1771 quod
700 1701 907 1769 plurimi
933 1713 1109 1753 essent
1138 1698 1226 1766 qui
1249 1697 1612 1754 observarent,
1639 1694 1743 1746 alio
1766 1691 1924 1744 modo

268 1782 275 1795 ³
341 1794 538 1862 incepit
579 1792 661 1844 his
694 1791 872 1844 verbis
901 1807 925 1843 εν
948 1788 1126 1842 Laudo
1156 1798 1322 1841 aettem
1351 1804 1435 1840 vos
1456 1828 1470 1849 ,
1498 1787 1617 1856 quia
1643 1801 1731 1854 per
1756 1783 1925 1837 omnia

336 1885 437 1937 mei
480 1883 811 1945 meministis;
844 1882 928 1935 hic
957 1897 1083 1933 Vero
1116 1890 1300 1934 contra
1336 1896 1347 1932 :
1387 1876 1498 1931 Hoc
1536 1887 1701 1929 autem
1743 1874 1926 1943 prmci‘

338 1978 481 2042 piens
503 2015 517 2038 ,
553 1991 649 2027 non
683 1973 853 2026 tando.
886 1971 1090 2027 Idcirco
1130 1986 1305 2039 neque
1344 1978 1465 2038 post
1507 1967 1923 2034 iucrepationem

342 2082 529 2117 eortnn
561 2067 647 2134 qui
678 2064 972 2133 idolothyta
997 2062 1384 2125 comedebant,
1420 2062 1593 2129 posuit
1634 2060 1757 2111 illud
1785 2072 1798 2117 ;
1832 2056 1925 2109 sed

338 2158 461 2224 quia
489 2156 733 2223 astierius
764 2154 887 2207 illud
916 2164 1050 2217 erat,
1081 2152 1255 2206 medio
1283 2152 1562 2217 interiecto
1590 2164 1837 2203 sermone
1859 2147 1926 2199 de

338 2262 491 2299 coma
520 2261 534 2309 ;
570 2261 633 2298 ne
672 2260 738 2298 ex
782 2244 990 2311 asperis
1033 2242 1493 2297 criminationibus
1526 2242 1574 2292 in
1607 2240 1737 2292 alias
1766 2238 1925 2292 etiam

341 2342 595 2392 molestas
626 2338 890 2392 transiens
918 2336 1411 2396 acrior‘videretur,
1444 2344 1563 2385 tunc
1594 2330 1659 2383 ad
1688 2330 1927 2397 asperius

342 2446 553 2482 rursum
584 2433 746 2492 venit,
775 2439 830 2483 et
855 2428 928 2482 ait
959 2447 971 2483 :
1004 2426 1116 2480 Hoc
1143 2436 1309 2479 autem
1339 2425 1655 2494 prwcipicns,
1687 2438 1786 2474 non
1818 2422 1927 2471 Iau-

340 2521 429 2578 do.
470 2520 790 2586 Quodnam?
822 2520 972 2586 Quod
1012 2535 1150 2573 nunc
1176 2520 1417 2573 dicturus
1452 2532 1591 2569 sum.
1623 2514 1756 2582 Quid
1801 2513 1929 2567 illud

341 2622 448 2678 est,
483 2611 794 2679 l’rwcipicns
824 2628 925 2663 non
952 2610 1145 2663 laudo?
1176 2609 1281 2663 V'os
1312 2623 1417 2661 non
1446 2606 1705 2674 approbo,
1737 2604 1926 2671 inquit,

341 2703 485 2771 quod
514 2717 599 2755 me
628 2702 693 2755 ad
722 2702 929 2755 consiiii
962 2700 1120 2753 dandi
1152 2701 1522 2753 necessitatem
1552 2696 1881 2750 adduxeritis
1912 2712 1936 2748 :.

345 2812 454 2849 non
486 2794 643 2847 latnlo
663 2832 677 2854 ,
705 2792 845 2860 quod
878 2792 976 2843 hac
1008 2792 1057 2842 in
1089 2806 1146 2843 re
1180 2788 1421 2843 doctrina
1462 2803 1595 2854 opus
1640 2785 1931 2839 habueritis

344 2897 402 2940 et
430 2885 793 2939 admonitione
822 2899 962 2937 mea.
991 2881 1173 2935 Viden'
1198 2879 1466 2949 quomodo
1486 2874 1555 2930 ab
1578 2878 1727 2930 initio
1752 2883 1933 2929 osten-

344 2977 484 3030 derit
516 2990 626 3029 rem
658 2990 776 3028 esse
816 2973 1099 3027 admodum
1146 2970 1472 3024 absurdam?
1503 2970 1633 3023 Cum
1664 2968 1805 3021 enim
1834 2965 1931 3019 ad-

350 3070 643 3123 monitione
677 3056 809 3134 opus
842 3082 944 3119 neu
977 3066 1171 3121 habere
1202 3064 1391 3119 debeat
1436 3064 1478 3117 is
1522 3062 1609 3131 qui
1656 3070 1838 3132 peccat
1865 3060 1931 3114 ad

350 3177 454 3212 non
486 3159 852 3228 peccandum,
882 3169 1005 3211 tunc
1036 3158 1185 3210 venia
1218 3157 1490 3225 indignum
1522 3169 1601 3207 est
1634 3162 1931 3222 peccatum.

348 3249 416 3303 Et
439 3266 535 3303 cur
566 3265 669 3302 non
700 3246 920 3301 laudas?
950 3247 1081 3313 Quia
1102 3263 1203 3299 non
1230 3246 1278 3299 in
1304 3247 1500 3306 melius,
1530 3246 1618 3297 sed
1639 3247 1692 3297 in
1717 3245 1934 3298 deterius

348 3342 640 3403 convenitis,
669 3340 858 3409 inquit.
890 3339 1001 3392 Hoc
1024 3349 1126 3405 est,
1155 3338 1277 3409 quia
1300 3340 1365 3390 ad
1396 3339 1642 3390 virtutem
1675 3352 1779 3389 non
1810 3351 1933 3403 pro-

350 3434 545 3486 iectum
580 3433 804 3486 habetis.
838 3431 970 3486 Cum
1002 3440 1271 3500 oporteret
1296 3430 1437 3482 enim
1460 3428 1527 3481 ad
1553 3427 1773 3481 meliora
1807 3442 1931 3496 pcr-

350 3541 498 3595 gcre,
519 3535 571 3579 et
600 3526 771 3593 majus
807 3539 927 3578 esse
967 3522 1274 3590 proﬁciendi
1305 3521 1662 3584 desiderium;
1698 3534 1791 3571 vos
1816 3534 1931 3572 mo-

349 3635 463 3673 retn
486 3619 573 3689 qui
598 3621 705 3688 iam
734 3618 1027 3673 invaluerat
1053 3615 1339 3679 minuistis,
1370 3624 1529 3683 atque
1551 3615 1619 3667 ita
1646 3612 1932 3678 minuistis,

350 3721 410 3765 ut
444 3726 566 3763 meo
610 3710 813 3777 egentis
861 3716 1279 3777 prmceptoquo
1317 3708 1383 3759 ad
1428 3710 1659 3775 priorem
1703 3705 1935 3759 redeatis

350 3802 617 3855 ordinem.
652 3799 853 3855 Deinde
879 3814 946 3852 nc
972 3798 1241 3851 videretur
1269 3797 1383 3851 iure
1419 3808 1635 3866 propter
1675 3810 1935 3866 pauperes

352 3903 556 3946 tantum
585 3893 763 3946 dicere
784 3935 798 3958 ,
839 3908 943 3944 non
984 3892 1163 3943 statim
1199 3889 1264 3943 ad
1300 3903 1607 3943 sermonem
1637 3888 1704 3941 de
1735 3887 1935 3941 mensis

353 3997 640 4057 properat,
674 3997 730 4039 ut
758 4002 826 4041 ne
865 3984 1282 4054 increpationottt
1332 3984 1556 4035 multum
1603 3980 1806 4033 timoris
1849 3966 1936 4032 in-

350 4090 635 4132 euttentem
670 4077 996 4145 contemptui
1028 4084 1274 4145 exponat,
1306 4075 1399 4128 sed
1429 4073 1621 4144 qna‘rit
1650 4073 1937 4126 dictionem

352 4172 691 4233 acerrimam,
720 4186 840 4240 qua:
868 4169 1090 4223 multum
1122 4167 1315 4221 inferat
1344 4168 1607 4219 timorem.
1631 4164 1767 4230 Quid
1793 4164 1935 4218 enim

352 4261 465 4315 ait?
496 4261 582 4315 18.
614 4260 845 4314 Primum
876 4260 1077 4331 quidem
1107 4258 1506 4311 conuenientibus
1539 4255 1672 4307 vobis
1702 4256 1752 4308 in
1782 4254 1939 4308 eccle-

350 4353 428 4403 sia
450 4394 465 4412 ,
497 4351 652 4403 audio
690 4352 935 4404 scissura:
971 4367 1079 4404 esse
1113 4351 1243 4403 inter
1272 4364 1377 4401 vos.
1413 4346 1529 4399 Non
1562 4345 1726 4409 dicit,
1764 4343 1939 4397 Audio

351 4446 497 4500 enim
528 4458 621 4497 vos
650 4457 756 4497 non
790 4443 841 4495 in
872 4443 1140 4512 communi
1180 4456 1431 4503 cauare;
1463 4438 1620 4492 audio
1660 4436 1803 4492 enim
1841 4449 1937 4490 VUS

352 4538 578 4594 seorsim
605 4535 911 4597 comedere,
935 4544 990 4589 et
1020 4551 1123 4587 non
1149 4548 1267 4588 cum
1296 4533 1648 4601 pauperibus;
1674 4528 1770 4583 sed
1794 4529 1937 4599 quod

353 4632 541 4701 magis.
566 4637 771 4699 poterat
809 4628 1046 4697 ipsorum
1074 4627 1311 4680 animum
1340 4622 1809 4687 commovere,boc
1839 4637 1937 4690 po-

353 4736 459 4778 suit
479 4766 496 4789 ,
529 4723 582 4778 id
608 4731 723 4787 est,
755 4720 1058 4775 schismatis
1086 4733 1279 4772 nomen
1300 4757 1312 4779 ,
1339 4717 1481 4787 quod
1517 4717 1675 4770 etiam
1716 4714 1937 4782 hujusce

352 4817 432 4871 rei
467 4831 628 4871 causa
674 4823 792 4871 erat
821 4832 834 4866 :
864 4827 1152 4882 rursusque
1184 4809 1313 4863 illud
1342 4809 1611 4862 revocavit
1646 4808 1695 4859 in
1727 4820 1934 4860 memo-

354 4908 513 4971 riam,
540 4908 609 4969 do
642 4919 750 4975 quo
786 4905 835 4957 in
864 4902 1104 4971 epistola:
1144 4898 1404 4970 principio
1433 4898 1631 4951 dictum
1662 4895 1851 4957 fuerat,
1884 4905 1937 4949 et

352 4997 709 5073 significatum
735 4998 801 5052 ab
823 4997 886 5050 iis
907 4996 994 5066 qui
1023 5006 1176 5048 erant
1202 4992 1412 5047 Chloes.
1440 4988 1505 5041 Et
1527 5006 1587 5042 ex
1608 4998 1748 5057 parte
1765 4992 1934 5042 credo.

428 5081 482 5133 2.
497 5076 575 5131 Ne
589 5079 832 5133 dicerent
857 5077 1025 5139 enim,
1048 5072 1190 5139 Quid
1212 5072 1258 5127 si
1281 5072 1615 5124 mentiantur
1634 5075 1939 5127 calumnia-

360 5167 543 5226 tores?
572 5182 747 5235 neque
772 5167 905 5222 dicit
936 5182 995 5223 se
1019 5165 1265 5227 credere,
1288 5162 1793 5230 neintpudentiores
1814 5166 1937 5219 illos

358 5261 583 5323 reddat;
611 5271 788 5325 neque
806 5274 1022 5312 rursum
1048 5272 1152 5310 non
1186 5254 1437 5317 credere,
1460 5267 1526 5305 ne
1556 5254 1803 5307 violatur
1823 5254 1940 5308 frc-

363 5366 476 5410 stra
490 5352 801 5419 increpare;
820 5352 933 5413 sed,
950 5349 1163 5403 Partem
1181 5346 1465 5420 quamdam
1485 5347 1659 5406 credo,
1675 5348 1869 5416 inquit,
1885 5348 1939 5403 id

364 5454 552 5512 est,ex
578 5438 787 5497 modica
812 5449 961 5508 parte
985 5444 1169 5506 credo,
1184 5440 1505 5494 anxiosillos
1518 5436 1770 5501 reddens,
1796 5447 1851 5493 et
1872 5441 1942 5494 ad

370 5532 729 5590 correctionis
752 5531 987 5586 reditttm
1013 5546 1235 5587 vocans.
1260 5532 1345 5587 I9.
1372 5529 1513 5591 Nam
1534 5540 1582 5585 et
1612 5541 1813 5598 oportet
1833 5532 1944 5587 lue-

371 5643 511 5681 rese:
526 5643 640 5691 esse
659 5626 713 5680 in
730 5623 894 5690 vobis,
917 5632 974 5675 ut
994 5623 1083 5691 qui
1106 5624 1314 5690 probati
1343 5634 1465 5678 sunt
1482 5665 1495 5688 ,
1518 5623 1790 5690 manifesti
1807 5627 1944 5694 [iant

371 5718 427 5770 in
440 5717 603 5772 vobis.
620 5717 868 5774 lla-tesca
893 5701 980 5772 hic
996 5716 1149 5779 dicit,
1169 5730 1277 5770 non
1302 5717 1468 5772 hasce
1486 5734 1605 5787 qua:
1630 5719 1698 5773 de
1718 5718 1943 5789 dogma-

375 5806 521 5863 tibus
550 5820 710 5877 sunt,
746 5789 1066 5868 scdborunt
1101 5797 1481 5864 schismatum.
1511 5810 1664 5877 Quod
1698 5813 1742 5866 si
1776 5813 1939 5868 etiam

1359 389 1421 445 ΙΝ
1464 390 1676 444 EPIS’I.
1718 383 1736 441 Ι
1804 388 1893 442 AD
1930 388 2088 447 C0“.
2132 389 2359 453 liQMiL.
2402 388 2613 446 XXVII.
2700 396 2703 397 ⁷

3500 394 3605 450 226

2033 502 2337 572 dogmatum
2382 505 2629 567 diceret,
2670 520 2840 576 neque
2890 505 2959 559 ita
3014 522 3199 561 ansam
3249 512 3420 565 daret.
3470 512 3603 564 Nam

2031 593 2273 648 Christus
2300 594 2404 655 ait.
2438 594 2653 650 Necesse
2678 609 2751 650 est
2783 606 2838 649 ut
2871 598 3069 651 veniant
3106 600 3350 653 scandaia
3377 600 3605 669 (Matth.

2028 686 2115 741 18.
2139 687 2215 757 7),
2247 704 2349 740 non
2377 688 2579 741 arbitrii
2609 690 2904 749 libertatem
2934 691 3275 753 labefactans,
3307 707 3481 761 neque
3512 712 3607 748 ue-

2028 779 2329 833 cessitatem
2366 781 2647 849 quamdam
2691 794 2744 837 ct
2786 784 2890 835 vim
2926 785 2976 836 in
3008 786 3165 837 vitam
3209 785 3483 849 inferens;
3514 788 3607 842 sed

2030 870 2166 937 quod
2197 885 2264 923 ex
2292 873 2428 923 mala
2464 872 2745 926 hominum
2776 885 2953 929 mente
2983 876 3201 929 omnino
3232 876 3461 930 futurum
3492 892 3607 936 erat

2032 961 2323 1027 prmdicens
2343 1004 2357 1025 ,
2389 962 2619 1017 futurum
2652 966 2874 1034 nempe,
2904 985 3008 1020 non
3037 969 3107 1021 ob
3137 968 3277 1023 illius
3304 970 3604 1037 prmdictio-

2031 1066 2171 1111 nem,
2207 1054 2300 1106 sed
2327 1069 2393 1106 ex
2420 1056 2599 1108 animo
2640 1071 2847 1121 eorum,
2877 1060 2966 1127 qui
3006 1061 3285 1115 insanabili
3320 1063 3502 1118 morbo
3528 1066 3605 1118 la-

2030 1141 2307 1197 borabant.
2339 1144 2521 1215 Neque
2549 1146 2690 1201 enim
2716 1150 2836 1217 quia
2881 1149 3145 1218 pra-dixit,
3178 1153 3260 1205 illa
3290 1153 3425 1208 facta
3451 1166 3573 1209 Sttnl
3593 1198 3607 1219 ,

2030 1234 2121 1285 sed
2149 1236 2268 1301 quia
2297 1238 2512 1291 omnino
2537 1236 2767 1292 futurum
2796 1251 2930 1306 erat,
2958 1241 3076 1294 ideo
3106 1246 3367 1311 prtedixit.
3392 1226 3608 1301 bliteniut

2029 1326 2072 1377 si
2102 1342 2163 1377 ex
2196 1332 2514 1382 necessitate
2544 1333 2782 1385 venirent
2819 1334 3087 1399 scandala,
3121 1348 3174 1390 et
3202 1354 3305 1389 non
3339 1355 3400 1392 ex
3431 1343 3612 1395 animo

2029 1431 2214 1470 eorum
2261 1421 2349 1487 qui
2396 1422 2479 1473 illa
2522 1422 2875 1491 induxerunt,
2916 1441 3307 1494 supervacanee
3342 1429 3562 1485 dixisset
3596 1451 3609 1485 :

2039 1508 2127 1563 Vw
2164 1512 2355 1565 homini
2388 1514 2494 1574 illi,
2526 1533 2612 1581 per
2636 1534 2779 1581 quem
2803 1520 3101 1572 scrmdatum
3123 1522 3251 1575 venit
3288 1521 3475 1595 (Ibid).
3506 1526 3610 1579 Sed

2032 1604 2144 1654 haec
2183 1604 2418 1669 pluribus
2450 1606 2799 1662 disseruimus
2838 1611 2889 1663 in
2930 1612 3044 1678 ipso
3081 1613 3197 1665 loco
3227 1631 3240 1667 :
3272 1630 3409 1669 nunc
3435 1628 3611 1671 autem

2028 1693 2095 1745 ad
2124 1697 2449 1763 propositum
2478 1699 2794 1753 veniendum
2826 1713 2925 1755 est.
2956 1703 3108 1770 Quod
3138 1705 3204 1759 de
3232 1706 3295 1759 iis
3324 1710 3615 1762 hmresihns

2029 1787 2193 1852 dicat,
2218 1802 2337 1857 quae
2357 1789 2494 1843 circa
2530 1805 2739 1845 mensas
2765 1793 3133 1858 versabantur,
3166 1796 3336 1865 deque
3364 1799 3462 1852 hac
3487 1796 3616 1853 eou-

2034 1878 2270 1932 tentioue
2311 1891 2365 1933 et
2410 1882 2782 1949 dissensione,
2817 1898 2882 1937 ex
2924 1888 3267 1952 sequentibus
3304 1882 3614 1946 declaravit.

2030 1966 2163 2020 Cum
2191 1968 2451 2024 dixissent
2480 1974 2623 2025 enim
2648 2012 2661 2035 ,
2690 1973 2853 2024 Audio
2890 1973 3162 2026 schismata
3202 1991 3307 2030 esse
3335 1978 3465 2031 inter
3494 1994 3615 2046 vos,

2032 2073 2136 2111 non
2168 2058 2252 2112 hic
2282 2062 2556 2126 constitit,
2589 2062 2679 2115 sed
2717 2064 3007 2119 ostendens
3044 2081 3285 2134 quamam
3327 2068 3615 2121 schisnnta

2032 2158 2230 2212 essent,
2259 2167 2570 2220 progressus
2596 2153 2742 2209 dicit.
2770 2155 2858 2209 21.
2890 2155 3240 2227 Unusquisque
3260 2176 3403 2211 suam
3425 2177 3617 2214 caenam

2033 2243 2287 2305 pra'sumit
2312 2260 2330 2304 ;
2353 2256 2405 2297 et.
2435 2260 2667 2304 rursum,
2692 2246 2784 2298 ‘22.
2813 2245 3073 2311 Numquid
3095 2250 3269 2303 domos
3299 2268 3397 2303 non
3432 2252 3618 2305 habetis
3685 2266 3689 2269 λ

2032 2329 2101 2379 ad
2126 2332 2535 2385 manducandum
2560 2347 2603 2387 et
2630 2336 2892 2390 bibendum
2917 2340 2939 2390 ?
2965 2350 3052 2392 aut
3080 2342 3340 2394 ecclesiam
3374 2342 3471 2397 Dei
3499 2364 3619 2399 con-

2036 2421 2418 2475 tenmitis?$ed
2446 2424 2586 2492 quod
2626 2426 2699 2480 de
2736 2429 2815 2480 bis
2844 2432 2983 2482 dicat
3005 2472 3017 2493 ,
3053 2435 3390 2499 perspicuum
3432 2446 3530 2490 est.
3565 2438 3618 2491 Si

2034 2520 2209 2564 autem
2234 2512 2517 2567 schismata
2540 2515 2629 2568 illa
2656 2527 2829 2579 meet,
2856 2534 2922 2571 ne
2952 2523 3161 2575 mireris
3192 2541 3202 2575 :
3236 2539 3379 2585 nam,
3405 2536 3460 2578 ut
3487 2526 3617 2593 dixi,

2036 2600 2136 2655 hac
2174 2603 2406 2658 dictione
2440 2606 2558 2659 illos
2594 2606 2861 2662 incessere
2896 2610 3026 2663 \‘ttll.
3064 2611 3119 2666 Si
3154 2630 3279 2667 vero
3315 2618 3620 2685 dogmatnm

2038 2692 2321 2748 schismata
2360 2706 2570 2760 essent,
2605 2713 2705 2751 non
2737 2700 2803 2751 ita
2840 2714 3118 2755 mansuete
3142 2718 3262 2758 eum
3299 2706 3402 2758 iilis
3430 2708 3621 2777 loquu-

2038 2793 2121 2834 tus
2159 2796 2317 2838 esset.
2353 2788 2503 2839 Andr
2534 2789 2691 2856 igitur
2724 2790 2866 2843 illum
2897 2792 2998 2845 tale
3028 2794 3295 2864 quidpiam
3324 2797 3584 2851 dicentem
3605 2842 3619 2865 ,

2036 2886 2192 2940 quam
2219 2875 2289 2925 sit
2315 2879 2603 2931 vehemens
2622 2920 2633 2940 ,
2663 2890 2716 2932 ct
2744 2883 2864 2933 dum
2896 2890 3177 2939 conlirmat
3207 2896 3260 2941 ct
3288 2889 3412 2941 dum
3446 2889 3621 2945 incre-

2040 2972 2162 3031 pat;
2198 2965 2525 3020 cotiiirmans'
2544 2969 2790 3037 quidem,
2831 2983 2884 3025 ut
2921 2989 3041 3027 eum
3081 2978 3210 3030 dicit
3240 2996 3253 3029 :
3288 2979 3503 3036 Etiamsi
3526 3000 3622 3037 an-

2038 3054 2178 3123 getus
2204 3058 2337 3110 nobis
2362 3060 2661 3130 cvangt-iizet
2700 3076 2879 3127 printer
2916 3065 2967 3115 id
3001 3068 3136 3134 quod
3165 3070 3426 3137 accepistis
3446 3113 3460 3134 ,
3492 3090 3623 3127 ana-

2039 3144 2206 3199 thema
2230 3147 2292 3198 sit
2320 3146 2459 3218 (Gal.
2491 3150 2537 3202 l.
2572 3149 2657 3219 8);
2689 3150 2966 3221 increpans
2990 3171 3136 3213 vero.
3162 3166 3218 3209 ut
3238 3173 3357 3212 cum
3385 3161 3459 3213 ait
3486 3180 3497 3214 :
3524 3163 3623 3228 Qui

2038 3236 2090 3287 in
2116 3235 2221 3306 lege
2245 3240 2618 3308 jnstiﬁcamini,
2646 3259 2676 3293 a
2700 3245 2865 3312 gratia
2893 3248 3147 3300 excidisti:
3176 3248 3334 3315 (Ibid.
3370 3252 3421 3305 5.
3456 3252 3529 3321 4).
3556 3255 3624 3309 Et

2040 3343 2181 3381 nunc
2202 3330 2413 3397 quidem
2439 3347 2599 3385 canes
2627 3344 2778 3387 vocat
2800 3351 2891 3389 eos
2913 3338 3001 3406 qui
3024 3352 3388 3409 corrumpunt,
3416 3347 3622 3415 dicens,

2049 3419 2223 3473 Videte
2251 3438 2397 3499 canes
2426 3422 2678 3494 (Philipp.
2704 3428 2755 3480 5.
2784 3427 2839 3498 2)
2868 3445 2881 3481 :
2912 3446 3051 3484 nunc
3081 3442 3254 3487 autem
3282 3442 3519 3493 cauterio
3547 3440 3627 3494 in-

2040 3520 2211 3565 ustam
2243 3513 2497 3569 habentes
2526 3520 2906 3573 conscientiam
2940 3522 3016 3587 (1.
3047 3521 3181 3575 Tim.
3216 3526 3267 3579 4.
3302 3527 3385 3593 at},
3417 3538 3470 3581 et
3500 3519 3623 3585 rur-

2040 3618 2132 3657 sus
2158 3608 2376 3674 angetos
2403 3607 2621 3662 diaboli.
2652 3613 2719 3664 At
2748 3612 2832 3665 hic
2865 3615 2994 3667 nihil
3026 3617 3127 3669 tale
3158 3616 3320 3681 dixit,
3352 3622 3445 3675 sed
3477 3639 3628 3678 man-

2039 3705 2189 3748 suete
2219 3712 2281 3751 ac
2310 3699 2551 3752 remisse.
2574 3700 2709 3766 Quid
2738 3712 2819 3755 est
2844 3712 3039 3769 autem,
3070 3704 3244 3773 ωηιιί
3271 3712 3467 3775 probati
3486 3724 3623 3780 sunt,

2041 3787 2296 3854 manifesti
2326 3789 2453 3855 ﬁant
2481 3791 2534 3843 in
2560 3791 2737 3847 vobis?
2770 3793 2837 3847 Ut
2874 3796 3043 3862 magis
3083 3800 3480 3865 resplendeant.
3513 3805 3627 3859 line

2041 3887 2123 3932 est
2144 3888 2322 3933 autem
2352 3884 2493 3949 quod
2520 3884 2631 3936 vult
2658 3883 2834 3939 dicare
2865 3904 2878 3937 :
2908 3887 3009 3940 [Sos
3043 3888 3128 3955 qui
3161 3891 3378 3945 stabiles
3407 3902 3461 3947 ct
3488 3897 3625 3949 lirmi

2041 3980 2187 4035 sunt,
2222 3987 2327 4025 non
2360 3973 2518 4026 modo
2546 3974 2679 4027 nihil
2712 3978 2900 4030 borum
2933 3978 3095 4041 lmdit,
3130 3983 3221 4035 sed
3265 3984 3422 4037 etiam
3458 3989 3626 4055 magis

2042 4061 2278 4117 ostendit
2306 4064 2585 4133 redditque
2603 4067 2875 4120 clariores.
2906 4069 3040 4123 Illud
3070 4074 3234 4134 enim,
3260 4085 3332 4137 ut,
3360 4090 3461 4129 non
3487 4094 3629 4130 sem-

2046 4166 2139 4218 per
2166 4166 2382 4205 causam
2418 4155 2633 4215 indicat.
2662 4158 2755 4210 sed
2784 4157 2943 4210 etiam
2978 4175 3119 4227 saepe
3150 4178 3325 4215 rerum
3353 4176 3623 4221 eventum.

2045 4241 2117 4295 Ita
2143 4251 2197 4296 et
2221 4242 2464 4297 Christus
2494 4244 2547 4299 id
2577 4247 2793 4302 adhibet
2818 4264 2937 4302 cum
2969 4250 3096 4304 dicit
3128 4269 3142 4305 :
3174 4252 3237 4305 In
3258 4256 3506 4321 judicium
3536 4276 3628 4326 ego

2042 4334 2154 4388 veni
2183 4335 2232 4386 in
2264 4335 2395 4388 hunc
2423 4339 2667 4391 mundum
2692 4381 2704 4393 .
2738 4350 2793 4392 ut
2824 4358 2925 4394 non
2954 4344 3175 4399 eumue:
3210 4348 3411 4400 videant
3436 4391 3449 4411 ,
3481 4361 3527 4402 et
3554 4368 3624 4403 υτις

2042 4426 2213 4479 dentes
2247 4430 2365 4479 αεεὶ
2405 4429 2532 4494 ﬁant
2572 4429 2750 4498 (Joan.
2794 4432 2846 4485 9.
2876 4433 2990 4501 59).
3034 4434 3125 4489 Sic.
3161 4447 3215 4490 et
3251 4426 3365 4506 ipse
3396 4440 3588 4495 Paulus
3610 4482 3627 4505 ,

2042 4531 2162 4569 cum
2202 4517 2269 4571 de
2313 4517 2427 4587 lege
2474 4520 2745 4574 disserens
2786 4524 2973 4581 scribit
3005 4542 3019 4576 τ
3056 4525 3164 4579 Lac
3200 4528 3527 4595 subintrazit,
3569 4546 3626 4585 ιη

2042 4610 2319 4661 abundaret
2348 4611 2586 4663 delictum
2616 4611 2789 4681 (Rom.
2818 4614 2871 4668 Ξῖ.
2900 4613 3014 4687 20).
3053 4616 3157 4671 Sed
3190 4634 3362 4687 neque
3394 4623 3473 4675 lex
3507 4624 3627 4677 ideo

2041 4699 2164 4754 data
2192 4710 2295 4766 est,
2326 4711 2382 4754 ut
2409 4711 2620 4770 peccata
2652 4704 2959 4759 Judreortnn
2989 4722 3301 4778 augerentttt
3331 4727 3346 4776 ;
3378 4713 3505 4766 illud
3531 4730 3627 4768 au-

2044 4803 2149 4844 tem
2190 4796 2411 4845 evenit:
2444 4809 2615 4847 nes-tte
2651 4790 2893 4850 Christus
2935 4797 3056 4852 ideo
3082 4805 3261 4866 sentt,
3295 4812 3351 4857 ut
3386 4805 3628 4860 videntes

2042 4883 2167 4937 caeci
2200 4884 2423 4947 flerent;
2453 4885 2567 4939 scd»
2588 4900 2806 4955 propter
2851 4892 3176 4944 contrariam
3225 4909 3336 4947 rem
3369 4914 3383 4946 :
3412 4870 3469 4948 at
3498 4894 3626 4951 illud

2044 4978 2113 5026 ita
2137 4975 2378 5044 contigit.
2404 4976 2493 5030 Sic
2524 4976 2681 5046 igitur
2700 4988 2750 5032 et
2778 4980 2880 5035 hoc
2908 4981 3025 5035 loco
3048 4982 3443 5053 inteiligendum
3472 4987 3623 5043 illud.

2046 5064 2114 5119 Ut
2138 5068 2223 5135 qui
2252 5066 2447 5133 probati
2471 5080 2619 5131 sunt;
2656 5071 2912 5142 manifesti
2936 5073 3082 5141 ﬁant.
3108 5072 3292 5141 Neque
3334 5080 3474 5129 enim
3508 5078 3630 5131 ideo

2040 5159 2195 5214 factae
2239 5168 2363 5213 sunt
2403 5156 2665 5223 hereses,
2702 5174 2757 5214 ut
2792 5164 2878 5231 qui
2912 5165 3116 5232 probati
3148 5175 3327 5219 essent
3361 5168 3627 5226 manifesti

2041 5253 2235 5308 ﬁerent
2256 5269 2272 5319 ;
2296 5241 2389 5307 sed
2412 5253 2821 5307 advenientibus
2843 5255 2924 5308 his
2948 5254 3261 5321 bzeresibus,
3290 5258 3390 5313 hoc
3411 5244 3626 5319 accidit.

2043 5349 2169 5403 Haec
2199 5363 2357 5418 porro
2380 5349 2528 5415 dicit,
2560 5363 2820 5418 pauperes
2843 5348 3151 5415 consolans,
3180 5352 3270 5420 qui
3304 5353 3463 5408 talem
3494 5369 3627 5407 con-

2031 5448 2305 5509 templum
2338 5440 2546 5494 fortiter
2577 5440 2799 5495 ferrent.
2833 5438 2956 5493 Ideo
2991 5455 3096 5493 non
3128 5440 3295 5509 dixit,
3327 5442 3393 5498 Ut
3422 5442 3627 5510 probati

2042 5533 2191 5599 ﬁant,
2220 5532 2337 5597 sed,
2371 5532 2438 5588 Ut
2463 5536 2551 5604 qui
2577 5518 2934 5603 protrahunt,
2964 5535 3224 5603 mani/esti
3249 5536 3377 5604 ﬁant
3406 5550 3425 5589 :
3451 5534 3626 5589 decla-

2041 5640 2166 5680 rans
2194 5624 2316 5679 illos
2340 5626 2500 5680 etiam
2521 5633 2677 5681 antea
2698 5625 2835 5679 tales
2858 5623 3055 5701 fuisse;
3085 5626 3180 5682 sed
3204 5624 3627 5681 commisceban-

2042 5726 2131 5775 tur
2152 5726 2275 5774 eum
2306 5718 2567 5789 plurimis,
2600 5725 2655 5773 et
2680 5717 3102 5773 consolationem
3129 5717 3453 5786 accipientes
3482 5731 3510 5769 a
3542 5718 3627 5771 di-

2046 5812 2240 5867 vitibus
2264 5854 2281 5880 ,
2309 5826 2415 5870 non
2444 5808 2728 5865 admodum
2749 5806 3041 5880 conspicui
3066 5818 3221 5866 erant
3245 5827 3258 5864 :
3283 5824 3424 5865 nunc
3448 5816 3631 5867 autem
