4022 6214
439 411 543 464 9:27

439 529 557 582 lta-c
598 518 865 578 dissensio
910 523 965 569 et
1009 511 1283 568 contentio
1332 506 1643 563 manifestos
1692 503 1810 555 illos
1860 500 2016 561 fecit;

437 612 888 688 quemadmodum
909 606 1324 678 gubernatorem
1349 593 1907 696 tempesLas-os-teunit.
1930 591 2025 645 Ne-

441 684 545 777 que
571 707 722 767 dixit,
751 702 821 758 Ut
844 715 939 754 vos
962 696 1169 769 probati
1198 691 1532 764 appareatis;
1564 687 1677 745 sed,
1705 684 1773 738 Ut
1791 685 1883 753 qui
1907 700 2020 751 pro-

444 802 546 856 bati
584 808 732 859 sunt,
763 791 1017 861 manifesti
1060 788 1219 857 ﬁant,
1250 784 1340 854 qtti
1384 796 1576 849 nempe
1614 781 1665 833 in
1698 778 1849 831 vobts
1891 777 2025 828 tales

442 904 585 950 sunt.
622 892 803 959 Neque
832 886 973 940 enim
1005 896 1263 935 accusans
1295 875 1608 957 manifestos
1637 870 1841 931 reddit,
1870 877 1928 921 ut
1957 882 2025 920 ne

444 990 590 1056 ipSns
626 978 1048 1056 itnpudeutiores
1073 973 1250 1036 faciat,
1282 984 1453 1039 neque
1478 967 1720 1029 laudans,
1748 979 1815 1018 ne
1839 961 2028 1056 reddat

443 1052 717 1147 segniores
742 1090 756 1134 ;
785 1052 877 1125 sed
906 1080 1216 1135 suspensam
1246 1063 1445 1133 profert
1471 1060 1788 1121 orationem,
1812 1065 1867 1109 et
1886 1053 2026 1107 hunc

444 1183 500 1223 et
546 1169 691 1221 illum
737 1162 1061 1231 singulorum
1108 1156 1447 1211 conscientia:
1492 1150 1847 1220 adoptandum
1888 1161 2027 1215 prm-

446 1262 595 1312 bcns.
643 1255 757 1308 Non
805 1250 960 1304 modo
1004 1257 1178 1301 autem
1217 1246 1346 1299 mihi
1393 1245 1479 1298 bic
1521 1255 1781 1309 pauperes
1821 1237 2029 1290 videtur

444 1346 731 1407 consolari,
758 1342 852 1397 sed
884 1342 1045 1395 etiam
1073 1354 1168 1392 eos
1197 1338 1283 1405 qui
1319 1349 1496 1389 mores
1525 1349 1628 1385 non
1656 1339 2023 1397 corruperant.

445 1441 575 1494 Nam
603 1435 894 1493 verisimile
920 1442 1037 1488 erat
1064 1434 1116 1484 in
1152 1431 1257 1484 illis
1281 1443 1399 1481 esse
1436 1426 1524 1494 qui
1570 1425 1715 1491 ipsos
1754 1430 2029 1475 servarent

447 1532 641 1585 illa-sos
673 1547 688 1583 :
719 1529 947 1595 ideoque
973 1522 1143 1585 dixit,
1188 1518 1395 1571 Partem
1431 1516 1656 1584 aliquam
1691 1512 1859 1567 credo.
1901 1511 2030 1566 Jore

447 1624 605 1690 igitur
624 1634 719 1674 eos
745 1617 997 1686 probatos
1021 1613 1172 1676 dicit,
1197 1609 1286 1679 qui
1316 1623 1419 1662 non
1444 1606 1602 1661 modo
1626 1620 1745 1658 cum
1772 1603 1888 1657 aliis
1917 1618 2032 1657 mo-

446 1732 561 1769 retn
593 1716 971 1771 servaverant,
1005 1703 1097 1759 sed
1137 1703 1296 1757 etiam
1341 1701 1545 1768 absque
1574 1698 1679 1752 illis
1704 1695 2027 1751 immobilem

448 1806 588 1858 hanc
616 1800 891 1873 pulchram
923 1794 1210 1849 servabant
1236 1793 1427 1861 legem.
1456 1790 1569 1844 Hoc
1594 1798 1768 1841 autem
1801 1785 1943 1845 facit,
1976 1793 2032 1837 ut

448 1895 550 1947 hos
569 1902 623 1946 et
649 1893 780 1943 alios
805 1889 889 1941 bis
911 1886 1155 1941 laudibus
1179 1882 1463 1936 alacriores
1485 1878 1693 1934 reddat.
1726 1875 1927 1931 Deinde
1950 1875 2033 1927 di-

449 1986 523 2038 cit
544 1982 681 2052 quod
712 1994 878 2050 genus
905 1977 1111 2047 peccati
1143 1976 1212 2027 sit
1240 1972 1387 2026 illud.
1413 1970 1548 2037 Quid
1580 1978 1757 2021 autem
1783 1966 1884 2019 hoc
1908 1964 2033 2019 est!

448 2076 539 2130 20.
568 2070 1005 2130 Convenientibus,
1038 2066 1229 2133 inquit,
1256 2063 1392 2114 vobis
1418 2063 1469 2114 in
1500 2075 1675 2120 unum,
1695 2060 1809 2123 jam
1837 2072 1938 2110 non
1962 2063 2033 2106 est

453 2166 771 2221 Dominicam
796 2176 991 2215 caenam
1018 2154 1347 2210 manducare.
1378 2150 1541 2204 Vides
1567 2146 1835 2217 quomodo
1863 2144 2031 2213 pudo-

450 2274 565 2314 rem
598 2256 883 2315 incutiens,
910 2248 1178 2305 narrantis
1204 2260 1374 2307 more,
1396 2244 1505 2313 jam
1530 2241 1809 2296 consilium
1838 2239 2035 2293 instru-

451 2348 566 2403 xit?
606 2348 916 2401 Conventus
956 2340 1098 2393 enim
1144 2336 1370 2400 modus,
1411 2333 1607 2402 inquit,
1635 2340 1719 2386 est
1750 2331 1924 2393 alius;
1954 2340 2037 2384 est

452 2438 597 2492 enim
620 2434 858 2489 caritatis
883 2442 934 2485 et
962 2430 1208 2484 fraterna:
1234 2425 1535 2479 dilectionis
1562 2441 1576 2476 :
1604 2438 1737 2476 unus
1763 2434 1909 2475 certe
1941 2437 2037 2475 vos

453 2541 643 2582 omnes
673 2524 868 2593 excipit
902 2521 1053 2575 locus
1073 2561 1086 2582 .
1113 2529 1168 2572 et
1198 2518 1351 2572 simul
1384 2513 1775 2586 congregamini
1808 2530 1822 2566 :
1854 2526 2036 2567 mensa

456 2634 585 2672 vero
607 2619 715 2687 jam
746 2632 849 2670 non
878 2614 1068 2669 similis
1096 2621 1179 2667 est
1210 2611 1515 2666 conventui.
1546 2608 1655 2662 Nec
1688 2607 1822 2661 dixit
1842 2647 1858 2669 ,
1893 2605 2037 2659 Con-

455 2709 791 2765 venientibus
819 2708 967 2761 vobis
1011 2723 1115 2759 non
1161 2705 1212 2758 in
1242 2702 1511 2758 communi
1543 2699 1910 2761 manducatis;
1941 2696 2037 2751 sed

455 2804 560 2857 alio
578 2800 735 2855 modo
756 2810 809 2853 et
830 2800 998 2853 multo
1021 2796 1313 2850 terribilius
1335 2794 1456 2846 illos
1475 2789 1806 2861 perstringit,
1824 2788 2035 2843 dicens:

458 2893 581 2948 Non
601 2903 671 2945 est
700 2889 1016 2943 Dominicam
1046 2902 1237 2939 caenam
1262 2884 1571 2936 manducare
1594 2897 1611 2943 ;
1634 2882 1751 2934 illos
1774 2880 1840 2934 ad
1872 2882 2041 2950 ipsum

457 2983 828 3039 transmittens
857 2994 1132 3045 veSperam
1154 3017 1168 3041 ,
1198 2992 1299 3045 qua
1338 2973 1615 3029 tremenda
1653 2973 1903 3044 mysteria
1930 2979 2039 3025 tra-

456 3076 593 3130 didit
615 3073 876 3127 Christus.
911 3070 1033 3124 ldeo
1058 3070 1219 3122 ctiam
1252 3068 1529 3136 prandium
1553 3064 1683 3119 illud
1709 3066 1915 3117 vocavit
1933 3077 2041 3118 οω-

460 3185 584 3224 nam
618 3187 633 3220 ε
663 3168 860 3219 etenim
890 3164 1014 3217 illud
1047 3161 1326 3230 prandium
1356 3171 1544 3213 omnes
1567 3156 1923 3209 communiter
1947 3153 2044 3207 ba-

459 3259 577 3313 buit
605 3257 998 3311 rccumbcnles.
1041 3251 1198 3318 Atqui
1239 3264 1342 3301 non
1392 3256 1593 3301 tantum
1632 3247 1850 3300 interest
1887 3246 2040 3314 spatii

460 3351 603 3406 inter
628 3348 825 3399 divites
856 3354 908 3396 et
934 3357 1221 3411 pauperes,
1251 3348 1504 3408 quantum
1533 3338 1670 3391 inter
1693 3336 1965 3391 doctorem
1990 3345 2045 3390 et

461 3440 747 3510 discipulos
778 3455 789 3489 :
821 3436 1141 3489 immensam
1168 3433 1364 3503 quippe
1403 3431 1531 3485 illud
1556 3442 1656 3485 est.
1683 3431 1749 3485 Et
1773 3430 1901 3501 quid
1922 3432 2043 3486 dico

461 3533 601 3587 inter
624 3530 896 3584 doctorem
918 3542 968 3580 et
994 3524 1327 3591 dlsCipulttS?
1352 3525 1521 3592 cogita
1546 3523 1880 3577 intervallum
1902 3523 2043 3592 quod

460 3631 545 3679 est
583 3623 720 3675 inter
756 3620 1030 3681 doctorem
1067 3624 1124 3669 et
1169 3614 1518 3683 proditorem.
1558 3616 1803 3667 Attamen
1838 3622 1893 3668 et
1931 3615 2044 3683 ipse

460 3730 585 3769 cum
610 3713 716 3768 illis
744 3708 1109 3774 recumbebat,
1140 3722 1317 3776 neque
1346 3707 1491 3760 illum
1518 3706 1699 3774 eiecit,
1731 3706 1825 3763 sed
1845 3714 1900 3760 et
1918 3706 2046 3760 salis

462 3818 766 3864 consortem
799 3804 944 3870 fecit,
976 3814 1029 3858 et
1057 3804 1430 3874 mysteriorum
1466 3802 1797 3873 participem.

534 3898 588 3953 5.
622 3896 824 3952 Deinde
856 3896 1236 3963 interpretatur
1264 3894 1528 3963 quomodo
1554 3910 1659 3948 non
1688 3903 1770 3948 est
1802 3892 2047 3947 Domini-

467 4006 584 4047 Cam
609 4003 817 4044 coenam
856 3987 1205 4040 manducare.
1236 3984 1328 4037 21.
1364 3982 1717 4053 Unusquisque
1739 3984 1873 4036 enim
1899 3990 2057 4035 suam‘

464 4078 659 4133 canam
683 4077 945 4147 praesumit
965 4115 979 4136 .
1014 4076 1221 4144 inquit,
1255 4073 1325 4127 ad
1347 4074 1753 4127 manducandum
1785 4090 1805 4127 :
1838 4084 1885 4127 et
1911 4074 2047 4127 alius

465 4172 668 4241 quidem
692 4168 877 4229 esurit,
910 4166 1044 4220 alius
1081 4182 1195 4219 vero
1227 4165 1393 4220 ebrius
1427 4176 1522 4220 est.
1567 4165 1749 4221 Viden‘
1777 4166 2047 4235 quomodo

470 4265 592 4316 illos
617 4262 853 4317 ostendit
881 4275 1004 4314 sese
1046 4260 1213 4329 magis
1243 4260 1509 4313 dedecore
1538 4258 1873 4313 allicientes?
1915 4259 2046 4312 Nam

469 4354 611 4421 quod
640 4351 971 4404 Dominicutn
1003 4362 1116 4403 erat
1138 4391 1152 4413 ,
1196 4350 1467 4418 proprium
1498 4348 1598 4404 sibi
1627 4348 1858 4414 iaciunt;
1890 4350 1959 4402 ita
1993 4358 2050 4402 ttt

470 4445 545 4498 illi
573 4445 777 4513 priores
805 4443 912 4496 sint
938 4442 1028 4511 qui
1058 4442 1323 4496 dedecore
1351 4440 1656 4495 afficiuntur
1678 4485 1692 4506 ,
1724 4444 1815 4510 qui
1848 4458 2049 4498 mensa:

470 4551 582 4589 sua:
602 4550 719 4588 eam
744 4548 859 4602 qua:
889 4534 1116 4587 maxima
1141 4543 1255 4587 erat
1277 4532 1585 4601 dignitatem
1612 4533 1879 4586 auferunt.
1902 4534 2050 4601 Quo-

472 4625 635 4680 modo
663 4636 717 4679 et
741 4640 845 4693 qua
875 4625 1121 4680 ratione?
1165 4625 1296 4691 Quia
1340 4624 1612 4677 Dominica
1641 4640 1791 4679 C(Bna
1811 4667 1826 4690 ,
1858 4626 1907 4679 id
1936 4637 2047 4691 est,

472 4716 615 4786 quod
654 4715 863 4769 Domini
904 4725 986 4770 est
1010 4758 1025 4781 ,
1064 4731 1349 4770 commune
1390 4716 1550 4770 debet
1586 4729 1725 4770 esse.
1752 4716 1882 4781 Qua:
1909 4719 2050 4771 enim

473 4806 679 4883 dotﬁii
709 4815 834 4858 sunt
859 4846 873 4867 ,
906 4823 1015 4859 non
1060 4806 1215 4873 bujtts
1244 4807 1461 4874 quidem
1501 4807 1678 4859 famuli
1718 4816 1874 4873 sunt,
1910 4809 2052 4862 illius

472 4912 606 4952 vero
635 4911 741 4950 non
769 4894 917 4954 item,
942 4895 1035 4947 sed
1064 4897 1115 4946 in
1143 4895 1413 4949 communi
1432 4898 1689 4948 Omnium.
1724 4898 2049 4952 Dominicam

474 5003 603 5056 ergo
631 4987 730 5040 hoc
756 4985 885 5039 dicit
911 4983 1051 5053 quod
1081 4998 1365 5037 commune
1392 4993 1492 5037 est.
1526 4985 1654 5037 Nam
1678 4987 1719 5037 si
1745 4988 1949 5040 Domini
1978 4988 2052 5041 ttti

476 5087 591 5139 est,
631 5086 687 5129 ut
727 5092 913 5130 revera
955 5084 1068 5139 est,
1118 5090 1223 5127 non
1262 5073 1428 5127 debes
1466 5075 1706 5142 qna-dam
1748 5085 1805 5127 ut
1846 5080 2053 5143 propria

476 5165 727 5227 avellere,
756 5168 851 5220 sed
884 5181 1002 5234 qua:
1028 5165 1235 5219 Domini
1264 5175 1407 5229 sunt,
1430 5164 1783 5222 communiter
1809 5167 2055 5222 omnibus

472 5270 744 5326 opponere
768 5274 783 5307 -.
808 5255 909 5307 hoc
930 5266 1011 5309 est
1030 5256 1169 5309 enim
1199 5255 1551 5309 Dominicam.
1576 5253 1727 5310 Nunc
1750 5266 1925 5311 autem
1949 5274 2054 5313 nou

476 5347 610 5400 sinis
642 5346 767 5398 illud
794 5360 911 5397 esse
940 5346 1293 5407 Dominicum,
1323 5361 1444 5398 cum
1474 5361 1577 5398 non
1608 5348 1739 5399 sinis
1763 5362 1882 5403 esse
1906 5365 2055 5403 com-

478 5458 670 5505 mune,
711 5438 804 5493 sed
845 5441 1067 5491 seorsim
1112 5438 1365 5507 epularis.
1409 5437 1746 5507 QuaprOpter
1786 5441 2054 5511 subjungit

477 5533 661 5586 dicens
685 5548 697 5581 :
726 5528 1077 5598 Unusquisque
1105 5530 1236 5581 enim
1260 5545 1405 5581 suam
1427 5540 1626 5580 caenam
1649 5532 1923 5595 praesumit.
1948 5532 2056 5586 Nec

478 5625 630 5685 dixit,
656 5620 953 5682 Absciudit.
978 5619 1072 5673 sed
1104 5618 1389 5684 Prwsumit,
1414 5620 1614 5674 sensim
1639 5620 1759 5673 illos
1783 5622 2057 5677 edacitatis

480 5727 528 5766 et
564 5713 863 5780 petulantia:
893 5726 1173 5767 accusans.
1208 5712 1318 5767 lloc
1346 5712 1584 5767 declarat
1612 5711 1752 5779 quod
1784 5715 2054 5775 sequitur:

485 5818 601 5855 cum
642 5803 743 5858 hoc
771 5804 913 5857 enim
943 5802 1200 5869 dixisset,
1234 5817 1442 5857 rursum
1473 5802 1743 5871 subjunxit
1775 5819 1787 5849 τ
1818 5801 1885 5855 Et
1926 5807 2054 5861 alius

1204 397 1264 452 S.
1302 392 1579 452 JOANNIS
1615 383 2087 447 CHRYSOSTOMI
2125 382 2440 438 ABCIIIEP.
2482 380 3010 439 CONSTANTINOP.

3598 386 3703 440 ινῑκ

2127 498 2330 569 quidcm
2371 498 2557 566 esurit,
2606 498 2739 550 alius
2780 510 2948 551 autem
2988 501 3154 554 ebrius
3194 510 3306 567 est;
3335 516 3453 571 qua:
3481 510 3704 573 utraque

2129 606 2235 645 non
2284 600 2509 646 servatae
2550 606 2814 646 mensura:
2853 602 3004 646 crant
3028 635 3043 657 ,
3089 593 3376 663 indigentia
3416 610 3607 665 nempe
3649 611 3706 650 et

2126 700 2397 738 excessus.
2420 684 2561 738 Ecce
2576 683 2812 739 secunda
2831 686 3100 739 accusatio
3118 687 3239 741 illos
3260 688 3404 755 ipsos
3419 688 3703 757 impetens.

2129 774 2328 840 Prima,
2344 775 2484 844 quod
2503 791 2652 829 suam
2670 790 2878 830 cmnam
2894 774 3156 831 dedecore
3170 777 3431 844 afﬁciant;
3448 780 3705 843 secunda,

2128 864 2270 933 quod
2296 874 2539 917 ventrem
2572 865 2829 933 impleant
2857 874 2913 920 et
2940 866 3302 932 inebrientur;
3331 878 3387 925 et
3412 871 3553 939 quod
3578 887 3706 941 gra-

2129 957 2245 1008 vius
2269 964 2370 1020 est,
2395 957 2752 1010 esurientibus
2774 959 3113 1027 pauperibus.
3140 959 3270 1026 Quae
3291 962 3433 1014 enim
3458 964 3708 1017 omnibus

2131 1048 2181 1100 iu
2208 1049 2476 1103 communi
2505 1051 2819 1118 opponenda
2846 1061 3019 1118 erant,
3044 1053 3107 1107 iis
3130 1053 3229 1119 ipsi
3254 1054 3352 1107 soli
3380 1054 3708 1125 ingurgitati,

2129 1148 2183 1191 et
2224 1140 2275 1192 in
2320 1139 2771 1194 insatiabilitatem
2818 1152 2875 1195 et
2916 1143 2968 1196 in
3014 1142 3324 1199 ebrietatem
3373 1144 3706 1200 deferebant.

2131 1234 2258 1290 ideo
2287 1252 2391 1288 non
2424 1235 2587 1301 dixit,
2620 1238 2769 1290 Alius
2786 1237 3009 1306 quidem
3040 1241 3241 1305 esurit,
3273 1241 3412 1295 alius
3441 1244 3705 1306 satiatur;

2132 1328 2248 1389 sed,
2272 1329 2457 1385 Ebrius
2476 1340 2569 1384 est.
2592 1330 2791 1384 [lorum
2813 1339 2989 1384 autem
3012 1341 3293 1402 utrumque
3308 1350 3403 1402 per
3418 1350 3477 1389 se
3491 1336 3708 1405 dignum

2131 1436 2213 1479 est
2268 1423 2687 1493 reprehensione
2725 1441 2739 1477 :
2781 1440 2904 1489 nam
2958 1425 3253 1489 inebriari,
3302 1438 3462 1482 etiam
3510 1430 3710 1498 absque

2133 1531 2198 1568 eo
2229 1514 2367 1582 quod
2398 1513 2761 1582 deSpiciantur
2801 1530 3060 1585 pauperes
3079 1557 3095 1577 ,
3123 1517 3276 1585 culpa
3303 1529 3418 1583 est;
3453 1534 3713 1588 pauperes

2132 1605 2431 1674 despicere,
2455 1606 2657 1676 absque
2676 1606 2955 1671 ebrietate,
2974 1618 3057 1662 est
3070 1608 3440 1664 criminatione
3458 1611 3675 1682 dignum
3695 1630 3709 1666 :

2132 1714 2251 1752 cum
2278 1711 2453 1755 autem
2484 1703 2597 1756 haec
2622 1702 2783 1757 simul
2811 1704 3094 1772 conjuncta
3117 1714 3262 1769 sont,
3286 1706 3457 1775 cogita
3482 1716 3714 1774 quantus

2132 1793 2201 1843 sit
2222 1791 2512 1860 iniquitatis
2528 1807 2800 1849 excessus.
2821 1795 3020 1850 Deinde
3039 1808 3312 1866 postquam
3328 1800 3712 1855 absurditatem

2143 1883 2395 1944 usti-tulit,
2427 1898 2547 1935 cum
2575 1899 2765 1951 magna
2790 1886 3043 1954 deinceps
3073 1887 3436 1957 indignatione
3465 1892 3715 1960 increpa-

2138 1972 2334 2023 tionem
2358 1971 2561 2041 adjicit,
2579 1972 2767 2028 dicens
2786 1994 2800 2028 :
2817 1975 2908 2030 22.
2929 1976 3191 2044 Numquid
3210 1981 3384 2033 domos
3403 1999 3501 2035 non
3525 1984 3716 2037 habetis

2136 2065 2204 2114 ad
2233 2065 2643 2119 manducandum
2670 2077 2716 2121 et
2742 2069 3046 2123 bibendum?
3069 2082 3158 2126 aut
3183 2074 3445 2129 ecclesiam
3470 2076 3568 2130 Dei
3594 2095 3715 2132 con-

2138 2157 2376 2225 temnitis,
2394 2170 2440 2211 et
2482 2162 2795 2229 confunditis
2836 2180 2921 2218 cos
3006 2166 3093 2236 qui
3134 2183 3236 2221 non
3281 2168 3501 2224 habent?
3532 2170 3718 2226 Viden‘

2136 2248 2404 2314 quomodo
2429 2265 2456 2300 a
2488 2267 2777 2321 pauperum
2803 2257 3123 2313 contumelia
3150 2260 3571 2317 criminationem
3604 2274 3717 2318 Ira-

2146 2338 2305 2393 ducat
2319 2341 2385 2394 ad
2407 2341 2717 2408 Ecclesiam,
2735 2357 2793 2399 ut
2806 2352 3102 2416 graviorem
3121 2351 3369 2407 redderet
3386 2355 3679 2409 orationem
3692 2356 3719 2408 ?

2146 2430 2283 2485 Ecce
2308 2432 2465 2501 igitur
2483 2444 2727 2503 quartam
2749 2441 3163 2507 accusationem,
3186 2458 3305 2497 cum
3329 2460 3435 2497 non
3458 2460 3719 2515 pauperes

2146 2522 2329 2586 modo,
2360 2524 2453 2577 scd
2482 2525 2642 2578 etiam
2669 2525 2906 2582 Ecciesia
2944 2532 3263 2586 contumelia
3295 2534 3545 2591 afﬁcitur.
3571 2538 3721 2593 Sicut

2143 2613 2284 2665 enim
2317 2613 2646 2670 Dominicam
2682 2632 2891 2673 cenam
2924 2625 3189 2691 prepriam
3223 2626 3316 2679 tibi
3357 2626 3488 2681 facis
3511 2670 3527 2693 ,
3560 2630 3636 2683 sic
3665 2639 3721 2684 et

2144 2701 2317 2755 locum
2356 2704 2516 2757 etiam
2540 2747 2555 2770 ,
2599 2708 2825 2763 ecclesia
2861 2721 3016 2765 utens
3054 2722 3112 2767 ut
3149 2714 3307 2770 domo
3341 2726 3450 2772 tua.
3483 2718 3719 2774 Ecclesia

2145 2792 2285 2845 enim
2314 2794 2449 2848 facta
2477 2805 2579 2863 est,
2608 2814 2712 2852 non
2739 2808 2801 2854 ut
2824 2806 3205 2862 convenientes
3224 2808 3378 2863 divisi
3402 2811 3599 2876 simus;
3625 2814 3720 2867 sed

2145 2891 2202 2935 ut
2250 2886 2339 2953 qui
2384 2885 2539 2941 divisi
2580 2899 2706 2943 sunt
2745 2893 3254 2963 conjunganturzet
3300 2899 3400 2953 hoc
3453 2903 3723 2971 signiﬁcat

2143 2982 2456 3028 conventus.
2503 2976 2569 3029 Et
2612 2983 2922 3049 confunditis
2959 3001 3043 3037 eos
3087 2988 3173 3056 qui
3216 3005 3316 3061 non
3356 2990 3557 3046 habent.
3603 2993 3721 3048 Non

2145 3064 2294 3129 dixit,
2327 3074 2382 3118 et
2410 3065 2551 3121 fame
2579 3073 2783 3125 necatis
2807 3089 2903 3127 eos
2930 3077 3018 3145 qtti
3049 3092 3153 3131 non
3180 3078 3395 3145 habent,
3424 3084 3517 3138 sed
3549 3086 3723 3154 majo-

2147 3170 2257 3207 rem
2309 3156 2573 3213 incutiens
2620 3161 2911 3232 pudorem,
2958 3164 3311 3239 Confunditis,
3362 3174 3475 3229 sive
3523 3177 3725 3244 pudore

2147 3244 2378 3312 aflicitis,
2401 3252 2720 3306 uloslendat
2742 3271 2802 3309 se
2824 3271 2930 3310 non
2953 3257 3261 3315 alimentum
3285 3272 3485 3317 tantum
3508 3284 3722 3335 curare,

2148 3350 2402 3403 quantum
2434 3343 2815 3398 contumeliam
2856 3346 2987 3415 ipsis
3021 3348 3293 3406 inﬂictam.
3325 3354 3462 3409 Ecce
3486 3358 3724 3425 quintam

2148 3431 2565 3497 accusationem,
2582 3435 2724 3502 quod
2745 3450 2847 3490 non
2869 3446 3070 3493 tantum
3093 3443 3388 3497 esurientes
3407 3446 3725 3514 despiciant,

2148 3520 2239 3574 sed
2270 3521 2428 3574 etiam
2463 3522 2585 3576 illos
2612 3524 2817 3593 pudore
2843 3526 3101 3583 afficiant.
3136 3531 3248 3586 Hoc
3276 3545 3452 3588 autem
3482 3537 3691 3591 diccbat
3711 3583 3725 3602 ,

2147 3611 2305 3664 simul
2343 3621 2398 3665 et
2438 3628 2498 3665 ea
2540 3628 2661 3683 qua:
2700 3631 2960 3686 pauperes
3000 3624 3309 3689 spectabant
3343 3626 3632 3694 honorans,
3674 3640 3729 3685 et

2148 3703 2436 3757 ostendens
2477 3704 2597 3760 illos
2636 3722 2745 3762 non
2788 3716 2989 3764 tantum
3018 3712 3087 3768 de
3118 3727 3334 3779 ventre,
3372 3730 3627 3788 quantum
3658 3723 3730 3777 de

2148 3793 2473 3847 contumelia
2500 3794 2708 3863 dolere,
2738 3799 2895 3854 simul
2923 3812 3101 3857 autem
3130 3806 3426 3862 auditorem
3452 3813 3729 3868 attrahens

2149 3885 2215 3936 ad
2239 3886 2681 3943 misericordiam.
2698 3889 2830 3945 Cum
2851 3909 2981 3964 ergo
3003 3894 3115 3950 lucc
3134 3898 3362 3971 absurda
3380 3904 3727 3971 ostendisset,

2151 3978 2534 4032 contumeliam
2566 3980 2617 4033 iit
2644 3996 2852 4036 caenam
2878 4025 2892 4047 ,
2921 3968 3294 4042 contumeliam
3324 3990 3378 4043 in
3398 3994 3685 4049 ecclesiam
3712 4040 3728 4060 ,

2152 4080 2625 4142 contemptumque
2643 4088 2955 4143 pauperum,
2986 4078 3114 4133 lenit
3140 4096 3322 4136 rursus
3351 4084 3733 4155 increpationis

2150 4164 2564 4230 vehementiam,
2586 4167 2773 4222 dicens
2797 4168 3077 4224 :-Laudabo
3096 4188 3182 4227 vos
3198 4173 3225 4226 .’
3244 4176 3295 4229 in
3315 4176 3409 4231 hoc
3430 4195 3530 4232 non
3551 4180 3728 4237 laudo.

2154 4254 2305 4319 Quod
2343 4266 2489 4311 certe
2513 4259 2634 4327 quis
2660 4261 2891 4315 maxime
2926 4264 3182 4330 miretur,
3224 4267 3364 4336 quod
3404 4284 3524 4323 cum
3565 4272 3730 4326 vehe-

2154 4349 2387 4401 mentius
2434 4349 2712 4417 increpare
2746 4362 3054 4421 oporteret,
3100 4366 3375 4428 postquam
3409 4370 3486 4416 tot
3514 4376 3730 4432 peccata

2154 4441 2422 4492 recensuit
2449 4450 2505 4494 et
2530 4442 2860 4509 perstrinxit,
2897 4445 2982 4499 hic
3010 4458 3196 4502 contra
3223 4451 3397 4506 leuius
3424 4463 3542 4523 agat
3565 4463 3621 4508 et
3644 4458 3735 4512 det

2156 4531 2456 4599 respirandi
2484 4532 2682 4588 locttm.
2721 4536 2961 4602 Quanam
2991 4539 3058 4593 de
3086 4543 3282 4596 causa?
3327 4543 3558 4601 Gravius
3589 4548 3733 4617 ipsis

2156 4622 2543 4689 perstrinxerat
2564 4626 2881 4693 amplificata
2905 4632 3264 4698 accusatione,
3287 4645 3343 4688 et
3361 4651 3481 4690 eum
3502 4640 3735 4705 optimus

2156 4710 2225 4762 sit
2245 4711 2506 4779 medicus,
2528 4729 2906 4784 congruentem
2928 4721 3235 4778 vulneribus
3255 4724 3378 4778 fecit
3399 4727 3731 4794 incisionem.

2158 4815 2333 4869 neque
2361 4818 2421 4857 ea
2449 4819 2570 4873 qna:
2614 4796 2872 4874 profunda
2912 4811 3063 4880 plaga
3101 4827 3237 4881 opus
3272 4816 3536 4870 habebant
3565 4818 3616 4870 in
3647 4837 3737 4873 su-

2161 4891 2380 4957 perficie
2410 4907 2601 4947 secans
2632 4913 2645 4947 :
2674 4897 2866 4952 audisti
2895 4900 3037 4954 enim
3067 4902 3332 4970 quomodo
3363 4903 3735 4966 fornicatorcm

2163 4981 2251 5049 qui
2284 4984 2421 5049 apud
2452 4985 2573 5038 illos
2599 4997 2713 5039 erat
2738 4989 3023 5046 absciderit
3048 5012 3060 5046 :
3086 5008 3258 5061 neque
3279 5009 3362 5053 ea.
3383 5012 3499 5063 qua:
3522 5000 3737 5057 leuiori-

2162 5069 2259 5123 bus
2296 5073 2523 5140 egebant
2568 5078 3011 5147 medicamentis,
3060 5082 3207 5136 ferro
3247 5085 3482 5142 tradens.
3524 5091 3647 5147 Ideo
3686 5106 3741 5149 et

2166 5156 2263 5217 hoc
2291 5164 2408 5218 loco
2429 5170 2793 5225 mansuetiore
2812 5173 2979 5225 ntitttr
3001 5187 3252 5230 sermone
3276 5197 3290 5231 :
3314 5179 3547 5252 alioquin
3575 5188 3736 5240 etiam

2162 5254 2400 5310 mitiores
2442 5257 2563 5313 illos
2608 5276 2735 5330 erga
2776 5278 3037 5331 pauperes
3075 5266 3303 5324 reddere
3330 5275 3653 5338 conabatur;
3686 5287 3737 5328 et

2166 5348 2285 5402 ideo
2322 5365 2443 5403 eum
2485 5352 2591 5407 illis
2631 5355 2805 5407 lenius
2846 5355 3100 5423 loquitur.
3134 5356 3371 5430 Deinde,
3418 5381 3538 5421 cum
3583 5366 3743 5419 vellet

2164 5439 2282 5493 illos
2327 5443 2430 5494 alio
2469 5444 2629 5497 modo
2672 5444 2861 5512 majori
2907 5447 3111 5514 pudore
3148 5453 3475 5522 suffundere,
3514 5471 3541 5508 a
3577 5457 3745 5513 rebus

2165 5532 2447 5599 prtecipuis
2488 5549 2792 5587 sermonem
2838 5537 2969 5589 texit
3001 5556 3013 5589 :
3045 5538 3133 5596 23.
3179 5542 3294 5613 Ego
3333 5547 3464 5598 enim
3500 5555 3671 5615 accept
3708 5563 3741 5596 ιι

2166 5620 2403 5686 Domino,
2428 5624 2619 5691 inquit,
2638 5624 2775 5689 quod
2794 5634 2840 5676 et
2860 5628 3048 5682 tradidi
3063 5632 3218 5699 vobis,
3236 5635 3471 5701 quoniam
3495 5632 3747 5694 Dominus

2165 5712 2337 5776 Jesus,
2368 5720 2421 5768 in
2459 5733 2558 5782 qua
2588 5727 2733 5769 nocte
2767 5720 3087 5788 tradebatur,
3118 5726 3307 5792 accepit
3334 5740 3511 5791 pauent
3530 5768 3545 5791 ,
3575 5727 3667 5783 24.
3703 5745 3748 5784 ct

2169 5808 2359 5878 gratias
2388 5822 2543 5876 agens
2571 5807 2722 5878 fregit
2749 5820 2796 5863 et
2824 5812 2953 5867 diIit
2971 5853 2986 5879 ,
3017 5815 3258 5882 Accipite,
3291 5817 3589 5873 manducaie
3609 5838 3628 5872 :
3648 5830 3748 5878 hor
