4022 6214
300 334 402 390 229

294 459 369 504 est
393 462 581 516 corpus
611 460 795 510 meum,
821 443 956 514 quod
995 457 1088 512 pro
1116 441 1255 497 vobis
1280 441 1533 512 frangitur
1556 457 1574 494 :
1595 440 1687 493 hac
1725 438 1882 509 facite

295 535 350 590 in
379 553 541 591 meam
566 533 1107 590 commemorationem.
1130 532 1240 588 Cur
1261 531 1348 587 bic
1371 531 1744 603 mysteriorum
1769 545 1886 585 me-

298 625 491 683 minit?
517 626 649 692 Quia
679 624 834 680 valde
862 623 1224 701 necessarium
1245 631 1360 678 erat
1387 623 1450 676 ad
1477 636 1711 692 praesens
1727 637 1886 692 argu-

298 728 539 774 mentum
563 719 651 773 tali
677 717 751 772 uti
777 729 1046 772 sermone.
1070 714 1202 770 Nam
1229 715 1484 769 Dominus
1507 723 1656 780 tuus,
1689 714 1879 782 inquit,

296 811 485 866 eadem
515 824 704 865 omnes
727 823 910 864 mensa
936 807 1182 878 dignatus
1207 817 1322 873 est;
1355 809 1452 862 etsi
1483 808 1569 861 illa
1593 805 1883 862 admodum

296 900 574 956 tremenda
604 910 741 965 erat,
772 901 1117 969 omniumque
1142 899 1453 970 dignitatem
1481 898 1638 954 valde
1663 913 1885 969 supera-

296 993 423 1047 bat:
449 1002 504 1048 tu
526 1008 656 1048 vero
680 993 802 1048 illos
825 1001 914 1048 tua
946 993 1191 1063 indignos
1211 1007 1331 1047 esse
1352 1001 1529 1062 putas.
1555 991 1641 1046 illa
1667 992 1880 1060 inquam

295 1099 460 1153 parva
506 1093 560 1139 et
599 1085 722 1150 vili;
762 1091 819 1138 et
856 1098 976 1137 cum
1009 1083 1061 1136 in
1095 1083 1457 1154 spiritualibus
1483 1083 1614 1136 nihil
1643 1083 1758 1151 plus
1790 1083 1884 1136 ha-

297 1175 461 1230 beant
488 1191 646 1246 quam
675 1183 729 1229 tu
752 1216 766 1241 ,
810 1176 864 1229 in
907 1174 1254 1230 sensibilibus
1284 1174 1404 1228 illos
1443 1173 1679 1241 spolias:
1707 1187 1883 1242 neque

296 1266 442 1320 enim
478 1267 593 1320 lucc
634 1275 721 1320 tua
766 1274 910 1318 sunt.
954 1263 1059 1319 Sed
1109 1280 1211 1318 non
1244 1264 1346 1318 hoc
1376 1260 1589 1332 quidem
1619 1263 1782 1328 dicit,
1817 1278 1883 1317 ne

293 1361 538 1425 asperior
563 1365 706 1421 esset
730 1371 929 1421 sermo,
952 1357 1098 1410 illum
1119 1371 1244 1409 vero
1272 1355 1688 1408 mansuetiorem
1717 1353 1884 1409 efﬁcit

293 1449 479 1505 dicens
503 1465 516 1502 :
545 1449 795 1515 Quoniam
825 1448 1070 1502 Dominus
1089 1447 1261 1511 Jesus,
1285 1449 1336 1500 in
1357 1465 1454 1516 qua
1480 1457 1623 1500 nocte
1644 1448 1881 1500 tradeba-

294 1548 408 1606 tur,
449 1540 641 1609 accepit
686 1555 885 1608 panem.
922 1537 987 1591 Et
1026 1553 1128 1606 qua
1168 1537 1235 1590 de
1276 1550 1435 1591 causa
1480 1547 1688 1606 tempus
1729 1537 1882 1591 nobis

293 1639 721 1692 commemorat,
768 1638 823 1683 et
869 1642 1147 1697 vesperam
1199 1626 1338 1680 illam
1385 1635 1440 1680 et
1486 1627 1880 1695 proditionem?

293 1719 411 1775 Non
437 1720 552 1774 sine
578 1735 739 1775 causa
765 1728 819 1773 et
846 1721 1075 1783 ratione,
1097 1718 1192 1773 sed
1223 1729 1274 1771 ut
1300 1733 1458 1786 supra
1486 1717 1703 1771 modum
1729 1731 1880 1770 com-

295 1822 556 1881 pungeret
581 1812 740 1867 etiam
773 1828 803 1866 a
831 1822 1091 1881 tempore.
1122 1811 1346 1864 Etiamsi
1374 1810 1514 1863 enim
1539 1808 1672 1877 lapis
1695 1809 1764 1863 sit
1782 1809 1881 1861 ali-

291 1904 434 1972 quis,
463 1904 505 1956 si
537 1903 732 1972 cogitet
762 1903 904 1956 illam
924 1911 1158 1967 noctem,
1185 1899 1451 1971 quomodo
1469 1915 1589 1954 eum
1608 1899 1881 1970 discipulis

293 2001 411 2047 erat
441 1993 610 2046 tristis
635 2033 649 2057 ,
681 1993 952 2063 quomodo
982 1992 1211 2046 traditus
1237 2001 1316 2046 est
1345 2034 1360 2059 ,
1394 1992 1661 2061 quomodo
1690 1993 1881 2062 ligatus

293 2092 350 2137 et
392 2083 672 2147 abductus,
718 2084 988 2153 quomodo
1033 2083 1301 2151 judicatus
1341 2094 1443 2146 est,
1487 2091 1540 2135 et
1581 2098 1686 2151 quo
1724 2094 1880 2152 pacto

293 2181 488 2227 ca'tera
513 2173 696 2227 omnia
735 2173 1011 2242 sequentia
1042 2172 1295 2242 pertulit,
1324 2187 1446 2226 cera
1477 2172 1689 2225 mollior
1714 2174 1881 2233 elfici-

295 2273 401 2328 tur,
435 2279 463 2317 a
495 2275 632 2318 terra
659 2263 985 2318 abstrahitnr
1007 2264 1144 2318 etab
1167 2264 1308 2317 omni
1336 2264 1492 2332 hujus
1514 2263 1694 2317 saeculi
1718 2262 1873 2317 fastu.

294 2354 420 2410 Ideo
447 2357 623 2409 omnia
654 2356 738 2410 illa
766 2357 917 2410 uobis
944 2356 995 2410 in
1026 2357 1334 2410 memoriam
1362 2366 1594 2420 revocat,
1623 2371 1716 2426 per
1743 2366 1878 2410 tem-

297 2461 396 2514 pus
436 2456 490 2501 et
518 2462 756 2501 mensam
785 2457 839 2502 et
871 2446 1224 2518 proditionem
1258 2445 1461 2516 pudore
1491 2447 1802 2501 suffundens
1828 2457 1880 2502 et

293 2538 511 2595 dicens:
536 2538 791 2594 Dominus
814 2550 933 2594 tuus
958 2541 1192 2609 seipsum
1212 2555 1309 2610 pro
1330 2553 1378 2594 te
1401 2541 1648 2605 tradidit;
1675 2551 1731 2595 tu
1755 2556 1882 2596 vero

292 2627 446 2682 fratri
479 2644 650 2697 neque
679 2613 854 2683 cibum
888 2630 982 2683 das
1014 2645 1110 2698 pro
1139 2629 1348 2698 teipse?

365 2720 421 2773 ι.
449 2718 729 2785 Quomodo
769 2729 946 2774 autem
982 2720 1112 2775 dicit
1151 2736 1209 2775 se
1251 2722 1522 2791 accepisse
1547 2738 1576 2777 a
1611 2723 1881 2778 Domino?

295 2825 472 2880 neque
497 2810 641 2864 enim
671 2820 796 2867 tunc
823 2813 1042 2878 aderat,
1076 2813 1168 2868 sed
1205 2829 1271 2868 ex
1303 2831 1525 2869 numero
1556 2831 1883 2887 persequen-

295 2901 428 2956 tium
457 2909 592 2957 erat.
625 2902 690 2960 Ut
717 2904 892 2960 discas
919 2907 1048 2960 nihil
1081 2908 1196 2976 plus
1224 2907 1419 2964 habere
1447 2911 1589 2964 illam
1619 2927 1877 2977 mensam,

296 3009 461 3063 quam
503 2994 594 3049 illa
619 3012 737 3065 qua:
777 3007 959 3066 p0stea
995 2999 1107 3053 fuit.
1142 2999 1272 3053 Nam
1301 3011 1348 3053 et
1386 3001 1543 3054 hodie
1570 3002 1657 3057 ille
1686 3011 1769 3056 est
1792 3005 1879 3074 qui

298 3089 477 3140 omnia
507 3086 671 3142 eflicit
702 3097 755 3143 et
795 3090 976 3152 tradit,
1024 3100 1078 3144 ut
1118 3101 1170 3147 et
1199 3104 1344 3146 tunc.
1380 3092 1491 3147 Non
1531 3094 1652 3148 ideo
1680 3104 1880 3151 tantum

300 3177 442 3232 illam
475 3188 683 3236 noctem
713 3193 1099 3237 commemorat
1120 3225 1134 3248 ,
1165 3184 1258 3238 sed
1294 3195 1346 3238 et
1389 3194 1442 3238 ut
1467 3185 1571 3239 alio
1603 3184 1761 3240 modo
1788 3203 1884 3242 nos

298 3277 642 3338 compungat.
684 3268 752 3324 Ut
792 3272 933 3324 enim
981 3272 1192 3326 illorum
1227 3276 1455 3328 maxime
1487 3277 1770 3331 verborum
1800 3294 1885 3333 re-

298 3361 586 3415 cordamur
612 3404 625 3427 ,
671 3379 789 3432 qua:
821 3365 1000 3417 ultima
1047 3365 1293 3421 audimus
1325 3384 1352 3421 a
1383 3369 1796 3438 decedentibus;
1830 3384 1885 3429 et

299 3449 589 3507 heredibus
611 3470 820 3521 eorum,
847 3457 889 3510 si
916 3458 1145 3513 audeant
1171 3460 1381 3514 illurqu
1415 3473 1679 3533 przecepta
1713 3475 1886 3521 trans-

299 3541 471 3609 gredi,
500 3553 553 3596 ut
574 3545 777 3611 pudore
799 3545 1112 3610 afﬁciamus,
1135 3549 1363 3603 dicimus
1384 3569 1395 3604 :
1416 3552 1655 3623 Cogitate
1678 3565 1882 3623 patrem

302 3644 540 3688 vestrum
570 3635 707 3692 banc
740 3638 975 3693 ultimam
1017 3642 1262 3696 emisisse
1292 3659 1475 3697 vocem
1502 3687 1516 3710 ,
1545 3655 1596 3699 et
1625 3663 1790 3716 usque
1817 3650 1883 3704 ad

299 3725 465 3790 diem,
498 3744 596 3794 qua
626 3730 993 3798 exspiraturus
1019 3743 1151 3795 erat,
1184 3736 1299 3789 hmc
1329 3737 1666 3794 mandavisse
1690 3758 1702 3792 :
1728 3742 1804 3796 sic
1831 3752 1884 3797 et

301 3817 498 3873 Paulus
524 3819 645 3874 inde
670 3823 851 3877 VUICIIS
875 3823 1074 3878 dictum
1101 3827 1230 3880 illud
1262 3831 1591 3884 tremendum
1624 3833 1846 3890 reddere
1865 3870 1880 3897 ,

299 3909 680 3966 Recordamini
707 3956 721 3980 ,
755 3915 962 3985 inquit,
1008 3919 1147 3988 quod
1182 3921 1316 3975 hanc
1348 3924 1584 3979 ultimam
1614 3928 1765 3981 vobis
1792 3928 1884 3982 de-

300 4002 438 4056 derit
468 4007 706 4073 mySlerii
737 4008 1142 4077 institutionem,
1167 4023 1220 4066 et
1247 4016 1295 4066 in
1325 4015 1435 4083 ipsa
1461 4029 1633 4083 nocte,
1661 4035 1761 4088 qua
1791 4037 1886 4089 pro

303 4096 458 4150 vobis
485 4098 810 4155 OCCidcudus
844 4113 998 4168 erat,
1033 4106 1147 4160 inec
1180 4111 1527 4177 praeceperit,
1578 4123 1630 4165 et
1671 4114 1885 4169 tradens

303 4186 459 4239 nobis
491 4187 629 4240 illam
661 4204 868 4244 canam
898 4235 909 4252 ,
960 4204 1078 4261 post
1109 4197 1252 4248 illam
1285 4214 1389 4251 non
1436 4202 1574 4254 aliud
1608 4204 1880 4272 adjecerit.

304 4277 512 4332 Deinde
544 4280 630 4332 illa
663 4297 782 4348 qua:
811 4293 935 4336 tunc
960 4284 1094 4337 facta
1127 4286 1276 4340 fuere
1309 4302 1487 4342 narrat
1521 4312 1532 4344 :
1565 4294 1766 4362 Accepit
1793 4313 1886 4362 pa-

303 4389 415 4424 nem
437 4413 450 4434 ,
486 4381 530 4425 et
557 4389 670 4427 cum
697 4376 885 4443 gratias
910 4377 1087 4445 egisset
1110 4418 1122 4441 ,
1168 4382 1314 4450 [regit
1351 4393 1398 4433 et
1440 4384 1563 4436 dixit
1589 4401 1605 4437 :
1625 4385 1849 4451 Accipite
1868 4431 1880 4454 ,

304 4461 640 4526 manducate,’
668 4465 760 4516 hoc
791 4476 859 4518 est
885 4483 1067 4537 corpus
1104 4487 1264 4523 nteant
1293 4473 1426 4540 quod
1456 4491 1546 4543 pro
1573 4476 1707 4528 vobis
1737 4481 1883 4545 [ναικ-

303 4555 458 4624 gitur.
495 4554 550 4608 Si
584 4571 710 4624 ergo
740 4569 956 4626 propter
980 4562 1353 4615 eucharistiam
1397 4566 1640 4629 accedis,
1677 4577 1725 4619 tn
1759 4569 1885 4625 nihil

305 4645 643 4703 eueliaristia:
689 4649 962 4719 indignum
1011 4655 1187 4714 facito,
1237 4671 1406 4724 neque
1456 4656 1656 4723 pudore
1687 4661 1886 4717 afficias

307 4737 523 4792 fratrem
544 4780 560 4804 ,
591 4757 688 4797 nec
720 4745 1367 4819 esurientem‘despicias,
1398 4764 1463 4803 ne
1491 4749 1788 4819 inebriet-is,
1823 4771 1886 4809 ne

307 4829 603 4889 Ecclesium
634 4837 952 4889 contumelia
987 4808 1204 4890 afiicias.
1241 4841 1464 4894 Accedis
1499 4844 1694 4910 gratias
1725 4861 1887 4915 agens

308 4937 406 4991 pro
434 4922 496 4974 iis
527 4938 642 4988 quae
674 4927 921 4995 accepisti
954 4946 964 4978 :
991 4943 1116 4997 ergo
1145 4940 1195 4982 et
1231 4941 1282 4982 tu
1314 4932 1480 4986 vicem
1508 4936 1761 5004 repende,
1795 4953 1889 4991 ue-

305 5029 411 5082 quc
446 5022 496 5067 te
527 5013 808 5071 abscindas
838 5034 864 5070 a
897 5022 1157 5088 proximo.
1193 5023 1396 5077 Etenim
1428 5028 1670 5082 Christus
1707 5032 1883 5084 omni-

307 5105 407 5157 bus
453 5106 727 5172 :eq'ualiter
769 5108 912 5163 dedit
959 5111 1162 5180 dicens,
1211 5117 1451 5186 Accipite,
1493 5123 1749 5174 comeditc.
1797 5125 1886 5180 Ille

305 5208 503 5262 corpus
531 5198 807 5264 aequaliter
835 5201 978 5255 dedit
1006 5220 1019 5266 ;
1068 5214 1119 5256 tu
1152 5221 1278 5261 vero
1308 5226 1372 5261 ne
1404 5225 1738 5265 communem
1767 5217 1888 5282 qni-

304 5287 428 5340 dem
452 5301 642 5356 panem
668 5293 944 5359 :equnliter
961 5296 1089 5348 das?
1113 5315 1233 5354 nam
1260 5317 1354 5371 pro
1376 5305 1619 5358 onmibus
1644 5309 1887 5366 similiter

308 5379 534 5434 fractum
567 5387 666 5443 est,
694 5390 747 5433 et
771 5397 836 5435 ex
859 5401 1012 5455 aequo
1037 5388 1133 5443 fuit
1157 5405 1348 5461 corpus
1378 5411 1472 5463 pro
1500 5399 1766 5455 omnibus.
1791 5403 1880 5458 25.

309 5468 557 5524 Similiter
594 5479 640 5522 et
670 5472 907 5538 calicem,
943 5491 1204 5550 postquam
1243 5489 1453 5539 coenavit
1476 5529 1490 5551 ,
1543 5491 1712 5543 dicens
1741 5508 1760 5546 :
1788 5494 1886 5550 llic

305 5562 446 5614 talia:
471 5579 651 5616 novum
678 5573 1028 5621 testamentum
1053 5583 1124 5625 est
1156 5575 1209 5628 in
1235 5593 1342 5630 meo
1374 5581 1616 5649 sanguine
1638 5599 1656 5635 :
1679 5584 1772 5636 hoc
1799 5590 1884 5654 fa-

304 5652 422 5714 cite,
459 5655 862 5725 quotiescumque
885 5657 1133 5728 bibet-itis,
1171 5665 1222 5717 in
1259 5683 1420 5723 meam
1448 5679 1882 5730 commemoratio-

309 5759 440 5799 nem.
469 5746 602 5813 Quid
632 5749 805 5803 dicis?
834 5756 1395 5813 commemorationem
1424 5761 1618 5818 Christi
1647 5763 1790 5830 facis.
1823 5778 1879 5824 et

633 5858 898 5922 PA'IROL.
947 5867 1060 5925 (in.
1108 5867 1266 5931 LXI.

1299 325 1366 382 IN
1406 323 1619 382 EPIST.
1658 322 1682 379 I
1747 321 1839 377 AD
1877 319 2032 376 (ΞΟΠ.
2074 320 2309 377 HOMIL.
2354 322 2566 378 XXVII.

3466 326 3574 385 2'50

2004 451 2270 507 pauperes
2297 438 2559 508 despicis,
2594 455 2692 496 nec
2720 442 3096 502 exhorrescis?
3140 446 3242 502 Sed
3287 450 3329 500 si
3363 446 3456 504 lilii
3490 460 3586 504 aut

1998 525 2179 582 fratris
2228 534 2422 585 mortui
2471 537 3033 592 commemorationem
3085 537 3290 594 faceres
3319 582 3334 608 ,
3379 556 3411 596 a
3459 555 3586 594 enn-

1992 619 2216 674 scientia
2245 625 2557 691 pungereris
2580 667 2595 689 ,
2623 625 2667 679 si
2697 641 2799 679 non
2833 642 3033 684 morem
3067 639 3326 699 sequutus
3353 646 3502 688 esses
3535 643 3587 685 et

1991 726 2257 781 pauperes
2280 717 2583 793 vocavisses
2610 736 2622 769 :
2646 733 2764 772 cum
2790 729 2968 774 autem
2995 721 3202 776 Domini
3234 723 3304 777 tui
3335 737 3585 780 comme-

1993 803 2348 858 morationem
2389 806 2518 860 facis
2539 849 2552 870 ,
2587 823 2762 876 neque
2805 826 3004 866 mensa:
3032 812 3220 868 saltem
3249 819 3578 872 consortium

1990 890 2108 946 das.
2137 893 2272 960 Quid
2303 909 2430 948 vero
2459 896 2560 950 sibi
2587 898 2693 951 vult
2723 899 2850 953 illud
2878 918 2890 953 :
2921 899 3021 954 Hic
3049 902 3185 957 calix
3214 921 3397 958 natum
3426 915 3573 960 testa-

1989 995 2210 1038 mentum
2259 988 2387 1039 est?
2433 987 2643 1042 Veteris
2699 991 2840 1045 enim
2892 994 3198 1048 testamenti
3242 996 3378 1050 calix
3424 1010 3572 1052 erant

1989 1076 2242 1131 libamina
2267 1089 2320 1132 et
2348 1081 2564 1150 sanguis
2590 1081 2866 1136 brutortnn
2896 1102 2907 1136 :
2935 1094 3215 1154 postquam
3240 1089 3382 1142 enim
3409 1091 3576 1144 sacri-

1989 1167 2294 1232 lieaverant,
2319 1169 2369 1222 in
2399 1171 2562 1225 calice
2591 1180 2644 1226 et
2675 1172 2847 1242 phiala
2873 1176 3185 1244 sanguinem
3219 1179 3573 1247 excipientes,

1987 1259 2065 1312 sic
2117 1259 2375 1315 libabant.
2426 1261 2561 1329 Quia
2616 1264 2777 1333 igitur
2822 1282 2918 1333 pro
2984 1269 3240 1336 sanguine
3293 1270 3576 1328 brutorum

1987 1351 2296 1419 sanguinem
2338 1367 2493 1406 suum
2548 1354 2791 1417 induxit;
2841 1373 2906 1411 ne
2959 1359 3079 1426 quis
3120 1360 3422 1416 turbaretur
3474 1363 3577 1420 huc

1986 1439 2230 1507 audiens,
2249 1442 2300 1496 in
2315 1444 2628 1498 memoriam
2643 1447 2908 1500 revocavit
2920 1457 3072 1502 vetus
3085 1450 3209 1504 illud
3229 1453 3548 1507 sacrificium
3560 1494 3574 1508 .

1989 1528 2191 1584 Deinde
2219 1531 2285 1586 de
2310 1547 2462 1587 omna
2488 1534 2571 1589 illa
2603 1535 2873 1606 loquutus,
2898 1541 3182 1608 prmsentia
3215 1542 3278 1598 iis
3306 1559 3424 1612 quae
3450 1555 3576 1600 tunc

1985 1630 2139 1675 erant
2168 1623 2443 1692 conjungit
2469 1642 2480 1676 :
2509 1637 2567 1678 ut
2598 1627 2748 1695 quasi
2781 1629 2832 1681 iu
2870 1629 2960 1684 illa
2990 1645 3245 1699 vespera,
3283 1632 3333 1687 in
3363 1634 3579 1689 codem-

1986 1726 2090 1778 que
2119 1722 2287 1767 strato
2318 1715 2714 1781 recumbentes,
2735 1729 2791 1772 et
2813 1720 2880 1773 ab
2905 1721 3020 1789 ipso
3047 1723 3259 1777 Christo
3286 1724 3387 1780 hoc
3413 1728 3580 1781 sacri-

1990 1802 2167 1856 ficium
2210 1805 2572 1874 accipientes,
2618 1809 2686 1861 ita
2735 1818 2791 1864 et
2841 1826 2982 1865 nunc
3012 1813 3342 1878 afficiantur;
3377 1827 3430 1870 et
3460 1817 3572 1872 ait:

1985 1892 2074 1947 ‘26.
2114 1894 2533 1967 Quotiescumque
2560 1901 2694 1953 enim
2733 1902 3103 1958 manducabitis
3133 1921 3313 1972 panem
3345 1907 3499 1975 hunc,
3529 1921 3576 1964 et

1984 1985 2190 2038 calicem
2226 1988 2398 2040 bibatis
2421 2030 2434 2051 ,
2484 2000 2691 2043 mortem
2741 1991 2950 2046 Domini
2987 1997 3381 2062 annuntiabitis,
3420 2001 3585 2055 donec

1987 2075 2172 2128 veniat.
2201 2076 2348 2131 Sicut
2374 2080 2514 2133 enim
2541 2080 2594 2134 in
2628 2097 2763 2150 pane
2791 2093 2845 2136 et
2874 2085 2925 2136 in
2953 2086 3120 2140 calice
3147 2086 3280 2142 dixit
3306 2089 3572 2159 Christus,

1989 2165 2100 2221 lloc
2127 2169 2280 2236 facile
2317 2171 2368 2224 in
2409 2189 2568 2225 meam
2600 2178 3146 2246 commemorationem,
3180 2197 3393 2236 causam
3423 2185 3576 2240 nobis

1983 2258 2230 2323 aperiens
2253 2259 2361 2313 dati
2388 2263 2651 2331 mysterii,
2679 2274 2730 2317 et
2755 2280 2875 2318 cum
2905 2267 3022 2320 aliis
3050 2267 3152 2322 hoc
3179 2271 3338 2324 etiam
3367 2272 3571 2340 dicens,

1989 2346 2156 2415 ipsam
2193 2350 2344 2402 nobis
2373 2355 2503 2406 satis
2527 2368 2649 2408 esse
2680 2355 2743 2407 ad
2776 2357 2986 2423 pietatis
3015 2371 3384 2428 argumentum
3414 2380 3572 2419 :cnm

1984 2436 2124 2489 enim
2171 2440 2493 2506 cogitaveris
2536 2444 2664 2511 quid
2710 2445 2965 2503 Dominus
3005 2457 3127 2504 tuus
3169 2452 3239 2505 sit
3287 2467 3573 2522 perpessus

1985 2535 2203 2596 propter
2231 2537 2302 2591 te,
2333 2532 2502 2600 magis
2533 2532 2881 2603 leIIOSOleUS
2908 2539 3015 2592 eris
3042 2556 3054 2592 :
3079 2541 3156 2594 sic
3182 2551 3234 2595 et
3265 2542 3460 2600 Paulus
3489 2545 3576 2601 hic

1987 2617 2082 2683 ait,
2115 2619 2536 2692 Quotiescumque
2563 2625 2934 2680 manducabitis
2953 2669 2968 2693 ,
3000 2640 3211 2684 mortem
3239 2633 3348 2701 ejus
3376 2651 3576 2689 annun-

1986 2708 2194 2762 tiabitis.
2222 2710 2287 2763 Et
2312 2712 2425 2765 hzrc
2447 2722 2528 2767 est
2555 2715 2641 2767 illa
2664 2730 2834 2769 cmna.
2863 2717 3061 2775 Deinde
3082 2736 3202 2774 cum
3229 2725 3572 2794 ostendisset,

1986 2800 2126 2865 quod
2171 2814 2337 2869 usque
2380 2801 2445 2855 ad
2487 2808 3003 2863 consummationem
3046 2811 3139 2865 illa
3181 2825 3426 2876 maneat.
3470 2820 3570 2884 ait,

1987 2887 2160 2942 Donec
2187 2893 2370 2945 veniat.
2403 2891 2493 2946 27.
2527 2892 2709 2960 Itaque
2738 2899 3044 2969 quicumque
3071 2905 3451 2962 manducauerit
3485 2928 3574 2977 pa-

1987 2995 2102 3035 nem
2125 2982 2259 3035 hunc
2286 2984 2363 3036 vel
2391 2985 2566 3038 biberit
2591 2986 2798 3041 calicem
2830 2989 3032 3044 Domini
3074 2994 3307 3064 indigne,
3337 3016 3452 3052 reus
3480 3002 3575 3053 erit

1983 3074 2212 3142 corporis
2239 3084 2285 3127 et
2315 3076 2578 3146 sanguinis
2606 3077 2832 3133 Domini.
2867 3082 3088 3148 Quare?
3121 3088 3250 3150 Quia
3297 3090 3480 3145 effudit
3509 3093 3575 3145 il-

1986 3163 2117 3229 lum,
2147 3173 2200 3219 et
2227 3180 2289 3220 ea
2320 3181 2406 3219 res
2434 3171 2812 3224 maetationem
2841 3174 3098 3240 exhibuit,
3131 3194 3237 3232 non
3265 3180 3376 3248 jam
3403 3185 3573 3239 sacri-

1987 3253 2184 3308 ficium.
2220 3254 2291 3310 Ut
2317 3271 2444 3326 ergo
2477 3267 2603 3312 tunc
2642 3262 2729 3328 qui
2764 3261 3172 3334 transfixerunt,
3207 3285 3312 3323 non
3349 3281 3401 3325 ut
3428 3274 3575 3332 bibe~

1988 3353 2107 3398 rent
2136 3345 2518 3402 transfixerunt
2539 3391 2552 3416 ,
2585 3351 2677 3404 sed
2706 3362 2762 3405 ut
2803 3353 3173 3412 eﬁ'undere‘nt:
3201 3360 3271 3415 ita
3301 3364 3458 3418 etiam
3486 3368 3576 3436 qui

1988 3435 2204 3506 indigne
2234 3440 2517 3509 participat
2537 3484 2550 3504 ,
2581 3455 2634 3496 et
2665 3445 2797 3499 nihil
2823 3445 2949 3502 hinc
2975 3448 3178 3506 fructus
3209 3457 3454 3526 percipit.
3488 3435 3576 3514 iii-

1988 3527 2108 3582 deu‘
2154 3546 2311 3599 quam
2364 3535 2657 3590 terribilem
2706 3554 3011 3596 sermonem
3057 3542 3264 3614 fecerit,
3317 3561 3371 3604 et
3418 3569 3576 3623 quam

1988 3620 2163 3674 valide
2194 3622 2313 3675 illos
2345 3627 2735 3694 perstrinxerit,
2770 3633 3059 3688 ostendens
3091 3639 3228 3706 quod
3262 3643 3303 3696 si
3335 3645 3413 3699 sic
3436 3620 3577 3702 bibi-

1993 3711 2096 3764 turi
2125 3711 2250 3773 sint,
2285 3714 2498 3784 indigne
2525 3719 2632 3772 sint
2661 3725 3053 3791 propositorum
3083 3733 3408 3802 participes?
3434 3738 3577 3804 Quo-

1995 3801 2154 3855 modo
2181 3804 2323 3858 enim
2355 3820 2459 3860 non
2490 3808 2703 3878 indigne
2730 3815 2817 3881 qui
2847 3814 3073 3885 despicit
3100 3801 3570 3899 esurientemiqui

1989 3890 2340 3961 despiciendo
2367 3898 2572 3967 pudore
2603 3901 2893 3959 sull'undit?
2925 3908 3051 3961 Nam
3084 3912 3123 3964 si
3154 3931 3257 3967 non
3288 3917 3414 3972 dare
3436 3890 3576 3988 piu-

1991 3983 2208 4052 peribus
2241 3986 2385 4054 ejicit
2426 4004 2491 4042 ex
2537 4007 2701 4061 regno
2743 3997 3032 4062 emlorum,
3079 4003 3237 4058 etiam
3285 4010 3324 4060 si
3367 3983 3466 4077 qua
3511 4016 3576 4066 sit

1995 4072 2182 4141 virgo;
2218 4076 2325 4130 imo
2351 4079 2512 4132 etiam
2538 4082 2582 4134 si
2612 4098 2719 4136 non
2748 4085 2967 4154 largiter
2987 4090 3171 4156 detur;
3203 4111 3321 4148 nam
3348 4099 3449 4152 illa-
3475 4103 3575 4154 vir-

1991 4165 2141 4233 gines
2171 4168 2347 4221 oleum
2393 4169 2663 4225 habebant
2688 4213 2702 4239 ,
2735 4175 2827 4228 sed
2859 4192 2962 4231 non
3008 4181 3227 4251 largiter
3266 4185 3529 4243 habebant
3558 4210 3572 4247 :

1993 4266 2098 4309 tam
2133 4258 2297 4312 multa
2329 4260 2558 4316 absurda
2590 4263 2782 4322 fecisse
2803 4310 2816 4332 ,
2847 4273 3017 4340 cogita
3051 4288 3305 4344 quantum
3335 4281 3435 4334 erit
3466 4299 3576 4334 ma-

1991 4347 2122 4401 lum.

2062 4438 2114 4492 5.
2154 4439 2282 4504 Qua:
2329 4442 2576 4512 absurda,
2623 4446 2824 4518 inquit?
2865 4452 3000 4518 Quid
3047 4454 3214 4522 dicis,
3258 4461 3432 4527 qualia
3476 4466 3572 4519 ah-

1992 4530 2190 4584 surda?
2218 4531 2362 4587 Talis
2389 4551 2587 4590 mensae
2616 4539 2878 4609 particeps
2907 4542 3078 4611 fuisti,
3111 4557 3164 4602 et
3189 4564 3308 4606 cum
3335 4559 3569 4612 onminm

1993 4622 2307 4676 mitissimus
2345 4639 2464 4678 esse
2507 4625 2780 4682 debuisses
2825 4643 2876 4684 et
2920 4649 3016 4703 par
3057 4643 3292 4710 angelis,
3335 4649 3567 4703 ouminm

1993 4713 2389 4767 crudelissimus
2427 4714 2646 4771 effectus
2676 4735 2754 4774 es.
2785 4721 3018 4781 Gustasti
3051 4735 3358 4800 sanguinem
3393 4736 3569 4792 Domi-

1993 4805 2170 4858 nicum
2195 4846 2208 4867 ,
2237 4814 2288 4858 et
2319 4820 2490 4875 neque
2518 4808 2737 4866 fratrem
2771 4816 2840 4869 ita
2870 4822 3146 4888 agnoscis;
3177 4833 3230 4877 et
3258 4842 3356 4895 qna
3384 4828 3573 4900 dignus

1991 4909 2144 4948 venia
2191 4894 2396 4950 fueris?
2442 4897 2770 4972 Quamquam
2820 4911 2917 4961 etsi
2971 4921 3125 4965 antea
3180 4894 3495 4985 ignorabas,
3540 4939 3568 4978 ι

1992 4997 2174 5037 mensa
2209 4984 2352 5040 illum
2382 5003 2676 5057 agnoscere
2701 4998 2936 5064 oportuit
2969 5015 2979 5051 :
3014 5016 3156 5057 nunc
3193 4984 3370 5061 autem
3403 5010 3567 5078 ipsam

1992 5075 2152 5131 etiam
2181 5092 2417 5132 mensam
2447 5080 2758 5149 dedecoras,
2791 5087 2914 5141 dum
2945 5089 3090 5146 illum
3114 5095 3204 5163 qui
3225 5075 3467 5167 dignatus
3493 5112 3577 5157 est

1995 5164 2134 5221 illius
2179 5171 2442 5239 particeps
2481 5171 2618 5238 fieri,
2664 5192 2728 5230 ne
2779 5180 2910 5234 cibis
2955 5185 3165 5252 quidem
3212 5192 3312 5243 luis
3413 5213 3569 5263 Οιιλιτιι

1993 5259 2288 5313 existimas.
2324 5261 2436 5314 Non
2468 5266 2660 5321 audisti
2687 5281 2879 5338 quanta
2905 5291 3088 5342 passus
3119 5291 3201 5334 est
3228 5282 3315 5337 ille
3340 5259 3575 5356 quiren-

1995 5358 2103 5401 tum
2132 5349 2382 5405 denarios
2418 5356 2701 5424 exigebat?
2730 5364 2998 5429 quomodo
3039 5368 3139 5422 sibi
3182 5349 3433 5431 collatum
3474 5380 3574 5433 du-

1995 5453 2118 5491 num
2153 5438 2358 5495 irritum
2390 5443 2608 5499 fecerit?
2639 5464 2744 5503 non
2767 5454 2965 5521 cogitas
2987 5458 3102 5524 quis
3123 5475 3243 5515 eum
3268 5481 3435 5533 esses,
3458 5473 3575 5541 quis

1993 5526 2211 5582 elI'ectus
2253 5529 2456 5586 fueris?
2501 5551 2607 5591 non
2653 5541 2952 5598 recordaris
2993 5555 3046 5601 te
3091 5548 3194 5605 hoc
3240 5556 3289 5607 in
3336 5526 3573 5626 pecuniis

1992 5631 2230 5720 paupere
2239 5621 2406 5720 longe
2433 5623 2597 5682 fuisse
2623 5633 2993 5698 pauperiorem
3026 5639 3076 5692 in
3106 5641 3258 5696 bonis
3286 5621 3571 5720 operibus,

1994 5722 2118 5763 cum
2141 5711 2285 5767 mille
2308 5717 2537 5783 peccatis
2570 5719 2757 5788 plenus
2787 5727 2973 5779 esses?
3001 5728 3247 5786 Attamen
3268 5711 3336 5788 ab
3357 5735 3438 5791 bis
3460 5711 3571 5796 om:

2002 5800 2154 5856 uibus
2196 5813 2246 5857 te
2282 5803 2524 5860 liberavit
2570 5809 2727 5879 Deus,
2768 5823 2926 5884 teque
2973 5819 3060 5876 tali
3101 5837 3286 5877 mensa
3331 5826 3572 5897 dignatus

3172 5915 3241 5976 15
