  <div class='ocr_page' id='page_1' title='image "/cluster/home/n/w/nwhite01/storage/ocr_20150623/61/nnc1.0022379681/239.png"; bbox 0 0 4022 6214; ppageno 0'>
   <div class='ocr_carea' id='block_1_1' title="bbox 436 378 545 436">
    <p class='ocr_par' dir='ltr' id='par_1_1' title="bbox 436 378 545 436">
     <span class='ocr_line' id='line_1_1' title="bbox 436 378 545 436; baseline -0.055 1"><span class='ocrx_word' id='word_1_1' title='bbox 436 378 545 436; x_wconf 65' lang='grc'><strong>331</strong></span> 
     </span>
    </p>
   </div>
   <div class='ocr_carea' id='block_1_2' title="bbox 435 463 2030 537">
    <p class='ocr_par' dir='ltr' id='par_1_2' title="bbox 435 463 2030 537">
     <span class='ocr_line' id='line_1_2' title="bbox 435 463 2030 537; baseline -0.01 -4"><span class='ocrx_word' id='word_1_2' title='bbox 435 489 560 533; x_wconf 77' lang='lat' dir='ltr'><strong>est:</strong></span> <span class='ocrx_word' id='word_1_3' title='bbox 586 486 644 531; x_wconf 91' lang='lat' dir='ltr'><strong>tu</strong></span> <span class='ocrx_word' id='word_1_4' title='bbox 688 486 816 529; x_wconf 76' lang='lat' dir='ltr'><strong>vero</strong></span> <span class='ocrx_word' id='word_1_5' title='bbox 861 485 931 526; x_wconf 90' lang='lat' dir='ltr'><strong>ne</strong></span> <span class='ocrx_word' id='word_1_6' title='bbox 980 469 1058 523; x_wconf 89' lang='lat' dir='ltr'><strong>sic</strong></span> <span class='ocrx_word' id='word_1_7' title='bbox 1101 468 1315 537; x_wconf 88' lang='lat' dir='ltr'><strong>quidem</strong></span> <span class='ocrx_word' id='word_1_8' title='bbox 1372 465 1652 533; x_wconf 73' lang='lat' dir='ltr'><strong>benignior</strong></span> <span class='ocrx_word' id='word_1_9' title='bbox 1703 463 1928 518; x_wconf 81' lang='lat' dir='ltr'><strong>elfectus</strong></span> <span class='ocrx_word' id='word_1_10' title='bbox 1953 478 2030 517; x_wconf 76' lang='lat' dir='ltr'><strong>es.</strong></span> 
     </span>
    </p>
   </div>
   <div class='ocr_carea' id='block_1_3' title="bbox 443 556 2028 640">
    <p class='ocr_par' dir='ltr' id='par_1_3' title="bbox 443 556 2028 640">
     <span class='ocr_line' id='line_1_3' title="bbox 443 556 2028 640; baseline -0.012 -14"><span class='ocrx_word' id='word_1_11' title='bbox 443 570 630 640; x_wconf 79' lang='lat' dir='ltr'><strong>Itaque</strong></span> <span class='ocrx_word' id='word_1_12' title='bbox 660 566 792 622; x_wconf 81' lang='lat' dir='ltr'><strong>nihil</strong></span> <span class='ocrx_word' id='word_1_13' title='bbox 838 562 983 618; x_wconf 88' lang='lat' dir='ltr'><strong>aliud</strong></span> <span class='ocrx_word' id='word_1_14' title='bbox 1035 569 1226 626; x_wconf 71' lang='lat' dir='ltr'><strong>restat,</strong></span> <span class='ocrx_word' id='word_1_15' title='bbox 1256 574 1419 629; x_wconf 90' lang='lat' dir='ltr'><strong>quam</strong></span> <span class='ocrx_word' id='word_1_16' title='bbox 1453 568 1510 611; x_wconf 94' lang='lat' dir='ltr'><strong>ut</strong></span> <span class='ocrx_word' id='word_1_17' title='bbox 1540 556 1768 611; x_wconf 77' lang='lat' dir='ltr'><strong>tradatis</strong></span> <span class='ocrx_word' id='word_1_18' title='bbox 1814 556 2028 610; x_wconf 90' lang='lat' dir='ltr'><strong>tortori-</strong></span> 
     </span>
    </p>
   </div>
   <div class='ocr_carea' id='block_1_4' title="bbox 443 647 2037 721">
    <p class='ocr_par' dir='ltr' id='par_1_4' title="bbox 443 647 2037 721">
     <span class='ocr_line' id='line_1_4' title="bbox 443 647 2037 721; baseline -0.012 -5"><span class='ocrx_word' id='word_1_19' title='bbox 443 661 569 715; x_wconf 81' lang='lat' dir='ltr'><strong>bus.</strong></span> <span class='ocrx_word' id='word_1_20' title='bbox 614 658 739 714; x_wconf 70' lang='lat' dir='ltr'><strong>llazc</strong></span> <span class='ocrx_word' id='word_1_21' title='bbox 764 656 925 711; x_wconf 88' lang='lat' dir='ltr'><strong>verba</strong></span> <span class='ocrx_word' id='word_1_22' title='bbox 952 667 1052 708; x_wconf 90' lang='lat' dir='ltr'><strong>nos</strong></span> <span class='ocrx_word' id='word_1_23' title='bbox 1083 664 1298 721; x_wconf 90' lang='lat' dir='ltr'><strong>quoque</strong></span> <span class='ocrx_word' id='word_1_24' title='bbox 1330 663 1521 703; x_wconf 89' lang='lat' dir='ltr'><strong>onmcs</strong></span> <span class='ocrx_word' id='word_1_25' title='bbox 1549 647 1853 710; x_wconf 81' lang='lat' dir='ltr'><strong>audiamus,</strong></span> <span class='ocrx_word' id='word_1_26' title='bbox 1879 655 2037 715; x_wconf 82' lang='lat' dir='ltr'><strong>quot-</strong></span> 
     </span>
    </p>
   </div>
   <div class='ocr_carea' id='block_1_5' title="bbox 445 740 2043 825">
    <p class='ocr_par' dir='ltr' id='par_1_5' title="bbox 445 740 2043 825">
     <span class='ocr_line' id='line_1_5' title="bbox 445 740 2043 825; baseline -0.012 -16"><span class='ocrx_word' id='word_1_27' title='bbox 445 762 579 825; x_wconf 80' lang='lat' dir='ltr'><strong>quot</strong></span> <span class='ocrx_word' id='word_1_28' title='bbox 603 766 725 808; x_wconf 87' lang='lat' dir='ltr'><strong>cum</strong></span> <span class='ocrx_word' id='word_1_29' title='bbox 752 746 1083 821; x_wconf 75' lang='lat' dir='ltr'><strong>pauperibus</strong></span> <span class='ocrx_word' id='word_1_30' title='bbox 1108 744 1174 798; x_wconf 90' lang='lat' dir='ltr'><strong>ad</strong></span> <span class='ocrx_word' id='word_1_31' title='bbox 1208 755 1417 796; x_wconf 78' lang='lat' dir='ltr'><strong>sacram</strong></span> <span class='ocrx_word' id='word_1_32' title='bbox 1448 740 1590 794; x_wconf 85' lang='lat' dir='ltr'><strong>hanc</strong></span> <span class='ocrx_word' id='word_1_33' title='bbox 1622 754 1858 793; x_wconf 85' lang='lat' dir='ltr'><strong>u-ensam</strong></span> <span class='ocrx_word' id='word_1_34' title='bbox 1888 751 2043 792; x_wconf 58' lang='lat' dir='ltr'><strong>accc-</strong></span> 
     </span>
    </p>
   </div>
   <div class='ocr_carea' id='block_1_6' title="bbox 444 830 2045 907">
    <p class='ocr_par' dir='ltr' id='par_1_6' title="bbox 444 830 2045 907">
     <span class='ocr_line' id='line_1_6' title="bbox 444 830 2045 907; baseline -0.012 -6"><span class='ocrx_word' id='word_1_35' title='bbox 444 847 647 903; x_wconf 84' lang='lat' dir='ltr'><strong>dimns.</strong></span> <span class='ocrx_word' id='word_1_36' title='bbox 672 839 997 898; x_wconf 78' lang='lat' dir='ltr'><strong>Hineautem</strong></span> <span class='ocrx_word' id='word_1_37' title='bbox 1019 835 1249 907; x_wconf 76' lang='lat' dir='ltr'><strong>egressi,</strong></span> <span class='ocrx_word' id='word_1_38' title='bbox 1264 848 1335 887; x_wconf 86' lang='lat' dir='ltr'><strong>ne</strong></span> <span class='ocrx_word' id='word_1_39' title='bbox 1357 831 1480 886; x_wconf 90' lang='lat' dir='ltr'><strong>illos</strong></span> <span class='ocrx_word' id='word_1_40' title='bbox 1501 830 1718 901; x_wconf 89' lang='lat' dir='ltr'><strong>quidem</strong></span> <span class='ocrx_word' id='word_1_41' title='bbox 1742 830 2045 899; x_wconf 76' lang='lat' dir='ltr'><strong>respexisse</strong></span> 
     </span>
    </p>
   </div>
   <div class='ocr_carea' id='block_1_7' title="bbox 447 923 2043 995">
    <p class='ocr_par' dir='ltr' id='par_1_7' title="bbox 447 923 2043 995">
     <span class='ocr_line' id='line_1_7' title="bbox 447 923 2043 995; baseline -0.011 -3"><span class='ocrx_word' id='word_1_42' title='bbox 447 938 709 995; x_wconf 78' lang='lat' dir='ltr'><strong>videmur.</strong></span> <span class='ocrx_word' id='word_1_43' title='bbox 737 933 832 991; x_wconf 82' lang='lat' dir='ltr'><strong>sed</strong></span> <span class='ocrx_word' id='word_1_44' title='bbox 863 941 919 988; x_wconf 91' lang='lat' dir='ltr'><strong>et</strong></span> <span class='ocrx_word' id='word_1_45' title='bbox 942 930 1079 985; x_wconf 89' lang='lat' dir='ltr'><strong>ebrii</strong></span> <span class='ocrx_word' id='word_1_46' title='bbox 1103 943 1291 982; x_wconf 87' lang='lat' dir='ltr'><strong>sumus</strong></span> <span class='ocrx_word' id='word_1_47' title='bbox 1314 934 1371 981; x_wconf 88' lang='lat' dir='ltr'><strong>et</strong></span> <span class='ocrx_word' id='word_1_48' title='bbox 1397 923 1699 979; x_wconf 71' lang='lat' dir='ltr'><strong>esurientes</strong></span> <span class='ocrx_word' id='word_1_49' title='bbox 1726 934 2043 990; x_wconf 58' lang='lat' dir='ltr'><strong>praetercur-</strong></span> 
     </span>
    </p>
   </div>
   <div class='ocr_carea' id='block_1_8' title="bbox 449 1014 2046 1099">
    <p class='ocr_par' dir='ltr' id='par_1_8' title="bbox 449 1014 2046 1099">
     <span class='ocr_line' id='line_1_8' title="bbox 449 1014 2046 1099; baseline -0.012 -12"><span class='ocrx_word' id='word_1_50' title='bbox 449 1031 790 1099; x_wconf 87' lang='lat' dir='ltr'><strong>rimus:qua</strong></span> <span class='ocrx_word' id='word_1_51' title='bbox 825 1025 892 1081; x_wconf 89' lang='lat' dir='ltr'><strong>de</strong></span> <span class='ocrx_word' id='word_1_52' title='bbox 934 1039 992 1078; x_wconf 90' lang='lat' dir='ltr'><strong>re</strong></span> <span class='ocrx_word' id='word_1_53' title='bbox 1031 1032 1158 1077; x_wconf 91' lang='lat' dir='ltr'><strong>tunc</strong></span> <span class='ocrx_word' id='word_1_54' title='bbox 1194 1017 1464 1075; x_wconf 84' lang='lat' dir='ltr'><strong>Cerinthii</strong></span> <span class='ocrx_word' id='word_1_55' title='bbox 1504 1016 1916 1070; x_wconf 75' lang='lat' dir='ltr'><strong>accusabantur.</strong></span> <span class='ocrx_word' id='word_1_56' title='bbox 1979 1014 2046 1068; x_wconf 81' lang='lat' dir='ltr'><strong>Et</strong></span> 
     </span>
    </p>
   </div>
   <div class='ocr_carea' id='block_1_9' title="bbox 450 1107 2049 1193">
    <p class='ocr_par' dir='ltr' id='par_1_9' title="bbox 450 1107 2049 1193">
     <span class='ocr_line' id='line_1_9' title="bbox 450 1107 2049 1193; baseline -0.013 -14"><span class='ocrx_word' id='word_1_57' title='bbox 450 1120 816 1193; x_wconf 86' lang='lat' dir='ltr'><strong>quandonam,</strong></span> <span class='ocrx_word' id='word_1_58' title='bbox 842 1116 1070 1188; x_wconf 75' lang='lat' dir='ltr'><strong>inquies,</strong></span> <span class='ocrx_word' id='word_1_59' title='bbox 1104 1114 1207 1169; x_wconf 91' lang='lat' dir='ltr'><strong>hoc</strong></span> <span class='ocrx_word' id='word_1_60' title='bbox 1253 1111 1349 1166; x_wconf 86' lang='lat' dir='ltr'><strong>fit?</strong></span> <span class='ocrx_word' id='word_1_61' title='bbox 1380 1111 1611 1178; x_wconf 82' lang='lat' dir='ltr'><strong>Semper</strong></span> <span class='ocrx_word' id='word_1_62' title='bbox 1637 1107 1876 1178; x_wconf 85' lang='lat' dir='ltr'><strong>quidem,</strong></span> <span class='ocrx_word' id='word_1_63' title='bbox 1908 1118 2049 1175; x_wconf 69' lang='lat' dir='ltr'><strong>prte-</strong></span> 
     </span>
    </p>
   </div>
   <div class='ocr_carea' id='block_1_10' title="bbox 452 1200 2046 1284">
    <p class='ocr_par' dir='ltr' id='par_1_10' title="bbox 452 1200 2046 1284">
     <span class='ocr_line' id='line_1_10' title="bbox 452 1200 2046 1284; baseline -0.012 -14"><span class='ocrx_word' id='word_1_64' title='bbox 452 1215 612 1284; x_wconf 87' lang='lat' dir='ltr'><strong>cipue</strong></span> <span class='ocrx_word' id='word_1_65' title='bbox 651 1226 781 1266; x_wconf 91' lang='lat' dir='ltr'><strong>vero</strong></span> <span class='ocrx_word' id='word_1_66' title='bbox 824 1208 878 1263; x_wconf 92' lang='lat' dir='ltr'><strong>in</strong></span> <span class='ocrx_word' id='word_1_67' title='bbox 921 1206 1114 1262; x_wconf 88' lang='lat' dir='ltr'><strong>diebus</strong></span> <span class='ocrx_word' id='word_1_68' title='bbox 1162 1203 1334 1268; x_wconf 78' lang='lat' dir='ltr'><strong>festis,</strong></span> <span class='ocrx_word' id='word_1_69' title='bbox 1364 1216 1487 1256; x_wconf 92' lang='lat' dir='ltr'><strong>cum</strong></span> <span class='ocrx_word' id='word_1_70' title='bbox 1532 1201 1771 1255; x_wconf 87' lang='lat' dir='ltr'><strong>maxime</strong></span> <span class='ocrx_word' id='word_1_71' title='bbox 1802 1200 1913 1253; x_wconf 80' lang='lat' dir='ltr'><strong>ﬁeri</strong></span> <span class='ocrx_word' id='word_1_72' title='bbox 1941 1212 2046 1252; x_wconf 93' lang='lat' dir='ltr'><strong>non</strong></span> 
     </span>
    </p>
   </div>
   <div class='ocr_carea' id='block_1_11' title="bbox 453 1296 2050 1384">
    <p class='ocr_par' dir='ltr' id='par_1_11' title="bbox 453 1296 2050 1384">
     <span class='ocr_line' id='line_1_11' title="bbox 453 1296 2050 1384; baseline -0.008 -20"><span class='ocrx_word' id='word_1_73' title='bbox 453 1320 750 1384; x_wconf 84' lang='lat' dir='ltr'><strong>oporteret.</strong></span> <span class='ocrx_word' id='word_1_74' title='bbox 776 1310 930 1364; x_wconf 82' lang='lat' dir='ltr'><strong>Tunc</strong></span> <span class='ocrx_word' id='word_1_75' title='bbox 952 1306 1099 1362; x_wconf 87' lang='lat' dir='ltr'><strong>enim</strong></span> <span class='ocrx_word' id='word_1_76' title='bbox 1130 1309 1253 1372; x_wconf 88' lang='lat' dir='ltr'><strong>post</strong></span> <span class='ocrx_word' id='word_1_77' title='bbox 1276 1298 1712 1356; x_wconf 81' lang='lat' dir='ltr'><strong>communionem</strong></span> <span class='ocrx_word' id='word_1_78' title='bbox 1740 1296 1920 1351; x_wconf 91' lang='lat' dir='ltr'><strong>statim</strong></span> <span class='ocrx_word' id='word_1_79' title='bbox 1950 1310 2050 1353; x_wconf 74' lang='lat' dir='ltr'><strong>ex-</strong></span> 
     </span>
    </p>
   </div>
   <div class='ocr_carea' id='block_1_12' title="bbox 451 1397 2051 1476">
    <p class='ocr_par' dir='ltr' id='par_1_12' title="bbox 451 1397 2051 1476">
     <span class='ocr_line' id='line_1_12' title="bbox 451 1397 2051 1476; baseline -0.009 -20"><span class='ocrx_word' id='word_1_80' title='bbox 451 1405 585 1476; x_wconf 69' lang='lat' dir='ltr'><strong>a-ipit</strong></span> <span class='ocrx_word' id='word_1_81' title='bbox 606 1404 845 1460; x_wconf 76' lang='lat' dir='ltr'><strong>ebrietas</strong></span> <span class='ocrx_word' id='word_1_82' title='bbox 873 1408 928 1455; x_wconf 80' lang='lat' dir='ltr'><strong>ct</strong></span> <span class='ocrx_word' id='word_1_83' title='bbox 959 1409 1254 1469; x_wconf 79' lang='lat' dir='ltr'><strong>pauperum</strong></span> <span class='ocrx_word' id='word_1_84' title='bbox 1286 1400 1630 1461; x_wconf 90' lang='lat' dir='ltr'><strong>contemptus</strong></span> <span class='ocrx_word' id='word_1_85' title='bbox 1658 1400 1742 1445; x_wconf 92' lang='lat' dir='ltr'><strong>:et</strong></span> <span class='ocrx_word' id='word_1_86' title='bbox 1769 1397 2051 1460; x_wconf 85' lang='lat' dir='ltr'><strong>postquam</strong></span> 
     </span>
    </p>
   </div>
   <div class='ocr_carea' id='block_1_13' title="bbox 453 1483 2056 1567">
    <p class='ocr_par' dir='ltr' id='par_1_13' title="bbox 453 1483 2056 1567">
     <span class='ocr_line' id='line_1_13' title="bbox 453 1483 2056 1567; baseline -0.009 -17"><span class='ocrx_word' id='word_1_87' title='bbox 453 1496 768 1567; x_wconf 77' lang='lat' dir='ltr'><strong>sanguinem</strong></span> <span class='ocrx_word' id='word_1_88' title='bbox 801 1489 1076 1561; x_wconf 77' lang='lat' dir='ltr'><strong>recepisti,</strong></span> <span class='ocrx_word' id='word_1_89' title='bbox 1105 1502 1230 1543; x_wconf 88' lang='lat' dir='ltr'><strong>cum</strong></span> <span class='ocrx_word' id='word_1_90' title='bbox 1272 1484 1466 1557; x_wconf 80' lang='lat' dir='ltr'><strong>jejunii</strong></span> <span class='ocrx_word' id='word_1_91' title='bbox 1506 1483 1599 1537; x_wconf 86' lang='lat' dir='ltr'><strong>tibi</strong></span> <span class='ocrx_word' id='word_1_92' title='bbox 1651 1491 1859 1552; x_wconf 87' lang='lat' dir='ltr'><strong>tempus</strong></span> <span class='ocrx_word' id='word_1_93' title='bbox 1888 1489 1972 1537; x_wconf 87' lang='lat' dir='ltr'><strong>est</strong></span> <span class='ocrx_word' id='word_1_94' title='bbox 1999 1486 2056 1536; x_wconf 77' lang='lat' dir='ltr'><strong>et</strong></span> 
     </span>
    </p>
   </div>
   <div class='ocr_carea' id='block_1_14' title="bbox 456 1569 2053 1652">
    <p class='ocr_par' dir='ltr' id='par_1_14' title="bbox 456 1569 2053 1652">
     <span class='ocr_line' id='line_1_14' title="bbox 456 1569 2053 1652; baseline -0.013 -7"><span class='ocrx_word' id='word_1_95' title='bbox 456 1587 795 1652; x_wconf 71' lang='lat' dir='ltr'><strong>sobrietatis,</strong></span> <span class='ocrx_word' id='word_1_96' title='bbox 826 1578 1185 1638; x_wconf 76' lang='lat' dir='ltr'><strong>debaccharis</strong></span> <span class='ocrx_word' id='word_1_97' title='bbox 1227 1588 1283 1633; x_wconf 90' lang='lat' dir='ltr'><strong>et</strong></span> <span class='ocrx_word' id='word_1_98' title='bbox 1332 1574 1673 1631; x_wconf 87' lang='lat' dir='ltr'><strong>comessaris.</strong></span> <span class='ocrx_word' id='word_1_99' title='bbox 1724 1574 1790 1626; x_wconf 85' lang='lat' dir='ltr'><strong>Et</strong></span> <span class='ocrx_word' id='word_1_100' title='bbox 1836 1572 1881 1625; x_wconf 86' lang='lat' dir='ltr'><strong>si</strong></span> <span class='ocrx_word' id='word_1_101' title='bbox 1925 1569 2053 1641; x_wconf 88' lang='lat' dir='ltr'><strong>qttid</strong></span> 
     </span>
    </p>
   </div>
   <div class='ocr_carea' id='block_1_15' title="bbox 458 1660 2056 1749">
    <p class='ocr_par' dir='ltr' id='par_1_15' title="bbox 458 1660 2056 1749">
     <span class='ocr_line' id='line_1_15' title="bbox 458 1660 2056 1749; baseline -0.014 -11"><span class='ocrx_word' id='word_1_102' title='bbox 458 1680 585 1738; x_wconf 83' lang='lat' dir='ltr'><strong>boui</strong></span> <span class='ocrx_word' id='word_1_103' title='bbox 614 1675 922 1749; x_wconf 69' lang='lat' dir='ltr'><strong>perceperis</strong></span> <span class='ocrx_word' id='word_1_104' title='bbox 948 1673 1003 1729; x_wconf 89' lang='lat' dir='ltr'><strong>in</strong></span> <span class='ocrx_word' id='word_1_105' title='bbox 1030 1670 1279 1743; x_wconf 87' lang='lat' dir='ltr'><strong>prandio,</strong></span> <span class='ocrx_word' id='word_1_106' title='bbox 1310 1682 1471 1723; x_wconf 81' lang='lat' dir='ltr'><strong>caves</strong></span> <span class='ocrx_word' id='word_1_107' title='bbox 1508 1678 1575 1720; x_wconf 91' lang='lat' dir='ltr'><strong>ne</strong></span> <span class='ocrx_word' id='word_1_108' title='bbox 1605 1663 1713 1719; x_wconf 90' lang='lat' dir='ltr'><strong>alio</strong></span> <span class='ocrx_word' id='word_1_109' title='bbox 1741 1677 1906 1732; x_wconf 81' lang='lat' dir='ltr'><strong>pravo</strong></span> <span class='ocrx_word' id='word_1_110' title='bbox 1935 1660 2056 1717; x_wconf 82' lang='lat' dir='ltr'><strong>cibo</strong></span> 
     </span>
    </p>
   </div>
   <div class='ocr_carea' id='block_1_16' title="bbox 462 1753 2055 1839">
    <p class='ocr_par' dir='ltr' id='par_1_16' title="bbox 462 1753 2055 1839">
     <span class='ocr_line' id='line_1_16' title="bbox 462 1753 2055 1839; baseline -0.01 -17"><span class='ocrx_word' id='word_1_111' title='bbox 462 1772 695 1839; x_wconf 80' lang='lat' dir='ltr'><strong>priorem</strong></span> <span class='ocrx_word' id='word_1_112' title='bbox 736 1766 1023 1822; x_wconf 86' lang='lat' dir='ltr'><strong>labefactes</strong></span> <span class='ocrx_word' id='word_1_113' title='bbox 1054 1781 1064 1816; x_wconf 94' lang='lat'><strong>:</strong></span> <span class='ocrx_word' id='word_1_114' title='bbox 1098 1776 1222 1818; x_wconf 90' lang='lat' dir='ltr'><strong>cum</strong></span> <span class='ocrx_word' id='word_1_115' title='bbox 1266 1770 1448 1814; x_wconf 86' lang='lat' dir='ltr'><strong>autem</strong></span> <span class='ocrx_word' id='word_1_116' title='bbox 1496 1755 1836 1826; x_wconf 81' lang='lat' dir='ltr'><strong>spiritualem</strong></span> <span class='ocrx_word' id='word_1_117' title='bbox 1873 1753 2055 1808; x_wconf 81' lang='lat' dir='ltr'><strong>cibum</strong></span> 
     </span>
    </p>
   </div>
   <div class='ocr_carea' id='block_1_17' title="bbox 462 1849 2054 1932">
    <p class='ocr_par' dir='ltr' id='par_1_17' title="bbox 462 1849 2054 1932">
     <span class='ocr_line' id='line_1_17' title="bbox 462 1849 2054 1932; baseline -0.011 -15"><span class='ocrx_word' id='word_1_118' title='bbox 462 1863 755 1932; x_wconf 78' lang='lat' dir='ltr'><strong>acceperis,</strong></span> <span class='ocrx_word' id='word_1_119' title='bbox 780 1860 1047 1915; x_wconf 87' lang='lat' dir='ltr'><strong>satanicas</strong></span> <span class='ocrx_word' id='word_1_120' title='bbox 1068 1854 1277 1911; x_wconf 91' lang='lat' dir='ltr'><strong>inducis</strong></span> <span class='ocrx_word' id='word_1_121' title='bbox 1300 1853 1544 1908; x_wconf 85' lang='lat' dir='ltr'><strong>delicias.</strong></span> <span class='ocrx_word' id='word_1_122' title='bbox 1568 1850 1753 1920; x_wconf 87' lang='lat' dir='ltr'><strong>Cogita</strong></span> <span class='ocrx_word' id='word_1_123' title='bbox 1777 1849 2054 1920; x_wconf 62' lang='grc' dir='ltr'><strong>(111112ρο-</strong></span> 
     </span>
    </p>
   </div>
   <div class='ocr_carea' id='block_1_18' title="bbox 461 1942 2055 2017">
    <p class='ocr_par' dir='ltr' id='par_1_18' title="bbox 461 1942 2055 2017">
     <span class='ocr_line' id='line_1_18' title="bbox 461 1942 2055 2017; baseline -0.013 -7"><span class='ocrx_word' id='word_1_124' title='bbox 461 1956 584 2011; x_wconf 90' lang='lat' dir='ltr'><strong>stoli</strong></span> <span class='ocrx_word' id='word_1_125' title='bbox 617 1953 862 2017; x_wconf 81' lang='lat' dir='ltr'><strong>fecerint,</strong></span> <span class='ocrx_word' id='word_1_126' title='bbox 894 1965 1015 2005; x_wconf 89' lang='lat' dir='ltr'><strong>cum</strong></span> <span class='ocrx_word' id='word_1_127' title='bbox 1052 1947 1171 2002; x_wconf 84' lang='lat' dir='ltr'><strong>illas</strong></span> <span class='ocrx_word' id='word_1_128' title='bbox 1218 1959 1402 2000; x_wconf 86' lang='lat' dir='ltr'><strong>sacras</strong></span> <span class='ocrx_word' id='word_1_129' title='bbox 1435 1942 1807 2010; x_wconf 81' lang='lat' dir='ltr'><strong>percepissent</strong></span> <span class='ocrx_word' id='word_1_130' title='bbox 1835 1952 2055 1993; x_wconf 65' lang='lat' dir='ltr'><strong>manas:</strong></span> 
     </span>
    </p>
   </div>
   <div class='ocr_carea' id='block_1_19' title="bbox 465 2030 2061 2103">
    <p class='ocr_par' dir='ltr' id='par_1_19' title="bbox 465 2030 2061 2103">
     <span class='ocr_line' id='line_1_19' title="bbox 465 2030 2061 2103; baseline -0.013 0"><span class='ocrx_word' id='word_1_131' title='bbox 465 2061 646 2103; x_wconf 56' lang='lat' dir='ltr'><strong>nonae</strong></span> <span class='ocrx_word' id='word_1_132' title='bbox 684 2046 749 2099; x_wconf 87' lang='lat' dir='ltr'><strong>ad</strong></span> <span class='ocrx_word' id='word_1_133' title='bbox 793 2043 1092 2098; x_wconf 87' lang='lat' dir='ltr'><strong>orationem</strong></span> <span class='ocrx_word' id='word_1_134' title='bbox 1139 2034 1599 2093; x_wconf 85' lang='lat' dir='ltr'><strong>convertebantur</strong></span> <span class='ocrx_word' id='word_1_135' title='bbox 1641 2043 1696 2087; x_wconf 87' lang='lat' dir='ltr'><strong>et</strong></span> <span class='ocrx_word' id='word_1_136' title='bbox 1726 2030 1791 2084; x_wconf 92' lang='lat' dir='ltr'><strong>ad</strong></span> <span class='ocrx_word' id='word_1_137' title='bbox 1835 2030 2061 2103; x_wconf 83' lang='lat' dir='ltr'><strong>hymnos</strong></span> 
     </span>
    </p>
   </div>
   <div class='ocr_carea' id='block_1_20' title="bbox 463 2124 2060 2201">
    <p class='ocr_par' dir='ltr' id='par_1_20' title="bbox 463 2124 2060 2201">
     <span class='ocr_line' id='line_1_20' title="bbox 463 2124 2060 2201; baseline -0.015 0"><span class='ocrx_word' id='word_1_138' title='bbox 463 2140 857 2201; x_wconf 76' lang='lat' dir='ltr'><strong>eelebrandos?</strong></span> <span class='ocrx_word' id='word_1_139' title='bbox 891 2152 1067 2191; x_wconf 39' lang='lat' dir='ltr'><strong>nonie</strong></span> <span class='ocrx_word' id='word_1_140' title='bbox 1104 2133 1171 2188; x_wconf 90' lang='lat' dir='ltr'><strong>ad</strong></span> <span class='ocrx_word' id='word_1_141' title='bbox 1221 2147 1371 2188; x_wconf 87' lang='lat' dir='ltr'><strong>sacra</strong></span> <span class='ocrx_word' id='word_1_142' title='bbox 1416 2127 1737 2201; x_wconf 73' lang='lat' dir='ltr'><strong>pervigilia?</strong></span> <span class='ocrx_word' id='word_1_143' title='bbox 1786 2140 1962 2180; x_wconf 85' lang='lat' dir='ltr'><strong>nonne</strong></span> <span class='ocrx_word' id='word_1_144' title='bbox 1993 2124 2060 2178; x_wconf 88' lang='lat' dir='ltr'><strong>ad</strong></span> 
     </span>
    </p>
   </div>
   <div class='ocr_carea' id='block_1_21' title="bbox 467 2219 2063 2301">
    <p class='ocr_par' dir='ltr' id='par_1_21' title="bbox 467 2219 2063 2301">
     <span class='ocr_line' id='line_1_21' title="bbox 467 2219 2063 2301; baseline -0.011 -11"><span class='ocrx_word' id='word_1_145' title='bbox 467 2236 765 2293; x_wconf 89' lang='lat' dir='ltr'><strong>doctrinam</strong></span> <span class='ocrx_word' id='word_1_146' title='bbox 800 2234 1033 2301; x_wconf 82' lang='lat' dir='ltr'><strong>longam,</strong></span> <span class='ocrx_word' id='word_1_147' title='bbox 1069 2244 1187 2299; x_wconf 69' lang='lat' dir='ltr'><strong>quae</strong></span> <span class='ocrx_word' id='word_1_148' title='bbox 1218 2241 1409 2295; x_wconf 87' lang='lat' dir='ltr'><strong>magna</strong></span> <span class='ocrx_word' id='word_1_149' title='bbox 1461 2224 1613 2293; x_wconf 87' lang='lat' dir='ltr'><strong>plena</strong></span> <span class='ocrx_word' id='word_1_150' title='bbox 1661 2232 1777 2276; x_wconf 80' lang='lat' dir='ltr'><strong>erat</strong></span> <span class='ocrx_word' id='word_1_151' title='bbox 1825 2219 2063 2291; x_wconf 83' lang='lat' dir='ltr'><strong>philoso-</strong></span> 
     </span>
    </p>
   </div>
   <div class='ocr_carea' id='block_1_22' title="bbox 467 2312 2065 2400">
    <p class='ocr_par' dir='ltr' id='par_1_22' title="bbox 467 2312 2065 2400">
     <span class='ocr_line' id='line_1_22' title="bbox 467 2312 2065 2400; baseline -0.008 -22"><span class='ocrx_word' id='word_1_152' title='bbox 467 2329 628 2400; x_wconf 64' lang='grc' dir='ltr'><strong>ωιξεῖ</strong></span> <span class='ocrx_word' id='word_1_153' title='bbox 665 2342 854 2398; x_wconf 82' lang='lat' dir='ltr'><strong>magna</strong></span> <span class='ocrx_word' id='word_1_154' title='bbox 885 2325 1086 2394; x_wconf 86' lang='lat' dir='ltr'><strong>quippe</strong></span> <span class='ocrx_word' id='word_1_155' title='bbox 1113 2330 1169 2375; x_wconf 92' lang='lat' dir='ltr'><strong>ct</strong></span> <span class='ocrx_word' id='word_1_156' title='bbox 1200 2317 1465 2373; x_wconf 75' lang='lat' dir='ltr'><strong>mirabilia</strong></span> <span class='ocrx_word' id='word_1_157' title='bbox 1499 2324 1624 2368; x_wconf 92' lang='lat' dir='ltr'><strong>tunc</strong></span> <span class='ocrx_word' id='word_1_158' title='bbox 1661 2314 1739 2368; x_wconf 89' lang='lat' dir='ltr'><strong>illi</strong></span> <span class='ocrx_word' id='word_1_159' title='bbox 1776 2312 2065 2367; x_wconf 85' lang='lat' dir='ltr'><strong>enarrabat</strong></span> 
     </span>
    </p>
   </div>
   <div class='ocr_carea' id='block_1_23' title="bbox 464 2402 2064 2490">
    <p class='ocr_par' dir='ltr' id='par_1_23' title="bbox 464 2402 2064 2490">
     <span class='ocr_line' id='line_1_23' title="bbox 464 2402 2064 2490; baseline -0.011 -14"><span class='ocrx_word' id='word_1_160' title='bbox 464 2432 523 2476; x_wconf 76' lang='lat' dir='ltr'><strong>et</strong></span> <span class='ocrx_word' id='word_1_161' title='bbox 550 2416 924 2490; x_wconf 60' lang='lat' dir='ltr'><strong>praecipiebat,</strong></span> <span class='ocrx_word' id='word_1_162' title='bbox 952 2411 1283 2466; x_wconf 71' lang='lat' dir='ltr'><strong>abscedente</strong></span> <span class='ocrx_word' id='word_1_163' title='bbox 1320 2406 1481 2471; x_wconf 75' lang='lat' dir='ltr'><strong>Iuda,</strong></span> <span class='ocrx_word' id='word_1_164' title='bbox 1508 2405 1573 2459; x_wconf 90' lang='lat' dir='ltr'><strong>ad</strong></span> <span class='ocrx_word' id='word_1_165' title='bbox 1622 2403 1897 2458; x_wconf 87' lang='lat' dir='ltr'><strong>vocandos</strong></span> <span class='ocrx_word' id='word_1_166' title='bbox 1942 2402 2064 2458; x_wconf 88' lang='lat' dir='ltr'><strong>illos</strong></span> 
     </span>
    </p>
   </div>
   <div class='ocr_carea' id='block_1_24' title="bbox 467 2495 2065 2580">
    <p class='ocr_par' dir='ltr' id='par_1_24' title="bbox 467 2495 2065 2580">
     <span class='ocr_line' id='line_1_24' title="bbox 467 2495 2065 2580; baseline -0.011 -13"><span class='ocrx_word' id='word_1_167' title='bbox 467 2514 557 2580; x_wconf 89' lang='lat' dir='ltr'><strong>qui</strong></span> <span class='ocrx_word' id='word_1_168' title='bbox 587 2512 761 2579; x_wconf 85' lang='lat' dir='ltr'><strong>ipsum</strong></span> <span class='ocrx_word' id='word_1_169' title='bbox 793 2508 845 2561; x_wconf 90' lang='lat' dir='ltr'><strong>in</strong></span> <span class='ocrx_word' id='word_1_170' title='bbox 876 2519 1090 2560; x_wconf 89' lang='lat' dir='ltr'><strong>crucem</strong></span> <span class='ocrx_word' id='word_1_171' title='bbox 1139 2502 1311 2556; x_wconf 89' lang='lat' dir='ltr'><strong>acturi</strong></span> <span class='ocrx_word' id='word_1_172' title='bbox 1340 2507 1517 2555; x_wconf 88' lang='lat' dir='ltr'><strong>erant.</strong></span> <span class='ocrx_word' id='word_1_173' title='bbox 1559 2498 1674 2552; x_wconf 83' lang='lat' dir='ltr'><strong>Non</strong></span> <span class='ocrx_word' id='word_1_174' title='bbox 1707 2495 1901 2550; x_wconf 87' lang='lat' dir='ltr'><strong>audisti</strong></span> <span class='ocrx_word' id='word_1_175' title='bbox 1931 2509 2065 2565; x_wconf 84' lang='lat' dir='ltr'><strong>quo-</strong></span> 
     </span>
    </p>
   </div>
   <div class='ocr_carea' id='block_1_25' title="bbox 468 2585 2067 2659">
    <p class='ocr_par' dir='ltr' id='par_1_25' title="bbox 468 2585 2067 2659">
     <span class='ocr_line' id='line_1_25' title="bbox 468 2585 2067 2659; baseline -0.012 -1"><span class='ocrx_word' id='word_1_176' title='bbox 468 2602 631 2658; x_wconf 90' lang='lat' dir='ltr'><strong>modo</strong></span> <span class='ocrx_word' id='word_1_177' title='bbox 650 2600 741 2655; x_wconf 85' lang='lat' dir='ltr'><strong>illa</strong></span> <span class='ocrx_word' id='word_1_178' title='bbox 764 2599 865 2653; x_wconf 84' lang='lat' dir='ltr'><strong>tria</strong></span> <span class='ocrx_word' id='word_1_179' title='bbox 892 2595 1061 2650; x_wconf 80' lang='lat' dir='ltr'><strong>millia</strong></span> <span class='ocrx_word' id='word_1_180' title='bbox 1089 2592 1389 2656; x_wconf 84' lang='lat' dir='ltr'><strong>hominum,</strong></span> <span class='ocrx_word' id='word_1_181' title='bbox 1416 2590 1504 2659; x_wconf 88' lang='lat' dir='ltr'><strong>qtti</strong></span> <span class='ocrx_word' id='word_1_182' title='bbox 1530 2585 1928 2641; x_wconf 84' lang='lat' dir='ltr'><strong>communionis</strong></span> <span class='ocrx_word' id='word_1_183' title='bbox 1948 2599 2067 2655; x_wconf 74' lang='lat' dir='ltr'><strong>par-</strong></span> 
     </span>
    </p>
   </div>
   <div class='ocr_carea' id='block_1_26' title="bbox 470 2677 2066 2763">
    <p class='ocr_par' dir='ltr' id='par_1_26' title="bbox 470 2677 2066 2763">
     <span class='ocr_line' id='line_1_26' title="bbox 470 2677 2066 2763; baseline -0.009 -17"><span class='ocrx_word' id='word_1_184' title='bbox 470 2694 659 2763; x_wconf 84' lang='lat' dir='ltr'><strong>ticipes</strong></span> <span class='ocrx_word' id='word_1_185' title='bbox 704 2697 881 2756; x_wconf 91' lang='lat' dir='ltr'><strong>erant,</strong></span> <span class='ocrx_word' id='word_1_186' title='bbox 914 2700 1131 2755; x_wconf 81' lang='lat' dir='ltr'><strong>semper</strong></span> <span class='ocrx_word' id='word_1_187' title='bbox 1177 2680 1597 2752; x_wconf 72' lang='lat' dir='ltr'><strong>perseverabant</strong></span> <span class='ocrx_word' id='word_1_188' title='bbox 1644 2680 1696 2732; x_wconf 93' lang='lat' dir='ltr'><strong>in</strong></span> <span class='ocrx_word' id='word_1_189' title='bbox 1739 2677 1983 2732; x_wconf 89' lang='lat' dir='ltr'><strong>oratione</strong></span> <span class='ocrx_word' id='word_1_190' title='bbox 2011 2685 2066 2733; x_wconf 90' lang='lat' dir='ltr'><strong>et</strong></span> 
     </span>
    </p>
   </div>
   <div class='ocr_carea' id='block_1_27' title="bbox 471 2768 2069 2849">
    <p class='ocr_par' dir='ltr' id='par_1_27' title="bbox 471 2768 2069 2849">
     <span class='ocr_line' id='line_1_27' title="bbox 471 2768 2069 2849; baseline -0.01 -9"><span class='ocrx_word' id='word_1_191' title='bbox 471 2787 525 2840; x_wconf 91' lang='lat' dir='ltr'><strong>in</strong></span> <span class='ocrx_word' id='word_1_192' title='bbox 553 2783 819 2849; x_wconf 69' lang='lat' dir='ltr'><strong>doctrina,</strong></span> <span class='ocrx_word' id='word_1_193' title='bbox 839 2795 945 2834; x_wconf 83' lang='lat' dir='ltr'><strong>non</strong></span> <span class='ocrx_word' id='word_1_194' title='bbox 972 2778 1025 2832; x_wconf 91' lang='lat' dir='ltr'><strong>in</strong></span> <span class='ocrx_word' id='word_1_195' title='bbox 1049 2775 1421 2833; x_wconf 83' lang='lat' dir='ltr'><strong>ebrietatibus,</strong></span> <span class='ocrx_word' id='word_1_196' title='bbox 1449 2786 1554 2825; x_wconf 89' lang='lat' dir='ltr'><strong>non</strong></span> <span class='ocrx_word' id='word_1_197' title='bbox 1585 2770 1636 2824; x_wconf 91' lang='lat' dir='ltr'><strong>in</strong></span> <span class='ocrx_word' id='word_1_198' title='bbox 1660 2768 2069 2824; x_wconf 88' lang='lat' dir='ltr'><strong>comessatioui-</strong></span> 
     </span>
    </p>
   </div>
   <div class='ocr_carea' id='block_1_28' title="bbox 471 2861 2070 2940">
    <p class='ocr_par' dir='ltr' id='par_1_28' title="bbox 471 2861 2070 2940">
     <span class='ocr_line' id='line_1_28' title="bbox 471 2861 2070 2940; baseline -0.01 -8"><span class='ocrx_word' id='word_1_199' title='bbox 471 2878 607 2933; x_wconf 72' lang='lat' dir='ltr'><strong>bus?</strong></span> <span class='ocrx_word' id='word_1_200' title='bbox 635 2877 714 2930; x_wconf 84' lang='lat' dir='ltr'><strong>Tu</strong></span> <span class='ocrx_word' id='word_1_201' title='bbox 740 2889 867 2929; x_wconf 84' lang='lat' dir='ltr'><strong>vero</strong></span> <span class='ocrx_word' id='word_1_202' title='bbox 887 2881 1171 2940; x_wconf 84' lang='lat' dir='ltr'><strong>antequam</strong></span> <span class='ocrx_word' id='word_1_203' title='bbox 1200 2866 1461 2938; x_wconf 64' lang='lat' dir='ltr'><strong>percipias</strong></span> <span class='ocrx_word' id='word_1_204' title='bbox 1486 2864 1727 2934; x_wconf 90' lang='lat' dir='ltr'><strong>quidem,</strong></span> <span class='ocrx_word' id='word_1_205' title='bbox 1753 2861 1987 2932; x_wconf 86' lang='lat' dir='ltr'><strong>jejunas,</strong></span> <span class='ocrx_word' id='word_1_206' title='bbox 2014 2870 2070 2916; x_wconf 89' lang='lat' dir='ltr'><strong>ut</strong></span> 
     </span>
    </p>
   </div>
   <div class='ocr_carea' id='block_1_29' title="bbox 472 2952 2067 3037">
    <p class='ocr_par' dir='ltr' id='par_1_29' title="bbox 472 2952 2067 3037">
     <span class='ocr_line' id='line_1_29' title="bbox 472 2952 2067 3037; baseline -0.011 -13"><span class='ocrx_word' id='word_1_207' title='bbox 472 2968 977 3037; x_wconf 86' lang='lat' dir='ltr'><strong>quomodocumque</strong></span> <span class='ocrx_word' id='word_1_208' title='bbox 1007 2964 1201 3032; x_wconf 89' lang='lat' dir='ltr'><strong>dignus</strong></span> <span class='ocrx_word' id='word_1_209' title='bbox 1250 2959 1635 3013; x_wconf 92' lang='lat' dir='ltr'><strong>communione</strong></span> <span class='ocrx_word' id='word_1_210' title='bbox 1684 2954 1944 3018; x_wconf 87' lang='lat' dir='ltr'><strong>videaris,</strong></span> <span class='ocrx_word' id='word_1_211' title='bbox 1978 2952 2067 3007; x_wconf 88' lang='lat' dir='ltr'><strong>ubi</strong></span> 
     </span>
    </p>
   </div>
   <div class='ocr_carea' id='block_1_30' title="bbox 476 3044 2064 3124">
    <p class='ocr_par' dir='ltr' id='par_1_30' title="bbox 476 3044 2064 3124">
     <span class='ocr_line' id='line_1_30' title="bbox 476 3044 2064 3124; baseline -0.011 -12"><span class='ocrx_word' id='word_1_212' title='bbox 476 3069 657 3113; x_wconf 84' lang='lat' dir='ltr'><strong>autem</strong></span> <span class='ocrx_word' id='word_1_213' title='bbox 682 3055 990 3124; x_wconf 80' lang='lat' dir='ltr'><strong>percepisti,</strong></span> <span class='ocrx_word' id='word_1_214' title='bbox 1014 3069 1134 3107; x_wconf 91' lang='lat' dir='ltr'><strong>cmn</strong></span> <span class='ocrx_word' id='word_1_215' title='bbox 1163 3059 1437 3120; x_wconf 73' lang='lat' dir='ltr'><strong>oporteret</strong></span> <span class='ocrx_word' id='word_1_216' title='bbox 1460 3058 1510 3103; x_wconf 92' lang='lat' dir='ltr'><strong>te</strong></span> <span class='ocrx_word' id='word_1_217' title='bbox 1533 3044 1941 3116; x_wconf 86' lang='lat' dir='ltr'><strong>temperantiam</strong></span> <span class='ocrx_word' id='word_1_218' title='bbox 1971 3058 2064 3096; x_wconf 68' lang='lat' dir='ltr'><strong>ar-</strong></span> 
     </span>
    </p>
   </div>
   <div class='ocr_carea' id='block_1_31' title="bbox 476 3136 2057 3219">
    <p class='ocr_par' dir='ltr' id='par_1_31' title="bbox 476 3136 2057 3219">
     <span class='ocr_line' id='line_1_31' title="bbox 476 3136 2057 3219; baseline -0.009 -17"><span class='ocrx_word' id='word_1_219' title='bbox 476 3164 625 3219; x_wconf 75' lang='lat' dir='ltr'><strong>gere,</strong></span> <span class='ocrx_word' id='word_1_220' title='bbox 650 3146 829 3201; x_wconf 91' lang='lat' dir='ltr'><strong>omnia</strong></span> <span class='ocrx_word' id='word_1_221' title='bbox 859 3144 1058 3214; x_wconf 87' lang='lat' dir='ltr'><strong>perdis.</strong></span> <span class='ocrx_word' id='word_1_222' title='bbox 1094 3142 1252 3211; x_wconf 83' lang='lat' dir='ltr'><strong>Atqui</strong></span> <span class='ocrx_word' id='word_1_223' title='bbox 1284 3154 1386 3193; x_wconf 84' lang='lat' dir='ltr'><strong>non</strong></span> <span class='ocrx_word' id='word_1_224' title='bbox 1417 3153 1512 3205; x_wconf 90' lang='lat' dir='ltr'><strong>par</strong></span> <span class='ocrx_word' id='word_1_225' title='bbox 1539 3152 1629 3191; x_wconf 87' lang='lat' dir='ltr'><strong>res</strong></span> <span class='ocrx_word' id='word_1_226' title='bbox 1650 3144 1734 3190; x_wconf 91' lang='lat' dir='ltr'><strong>est</strong></span> <span class='ocrx_word' id='word_1_227' title='bbox 1754 3144 1910 3190; x_wconf 84' lang='lat' dir='ltr'><strong>antea</strong></span> <span class='ocrx_word' id='word_1_228' title='bbox 1932 3136 2057 3203; x_wconf 80' lang='lat' dir='ltr'><strong>jeju~</strong></span> 
     </span>
    </p>
   </div>
   <div class='ocr_carea' id='block_1_32' title="bbox 479 3230 2072 3305">
    <p class='ocr_par' dir='ltr' id='par_1_32' title="bbox 479 3230 2072 3305">
     <span class='ocr_line' id='line_1_32' title="bbox 479 3230 2072 3305; baseline -0.008 -13"><span class='ocrx_word' id='word_1_229' title='bbox 479 3254 630 3303; x_wconf 84' lang='lat' dir='ltr'><strong>nare,</strong></span> <span class='ocrx_word' id='word_1_230' title='bbox 664 3244 718 3291; x_wconf 92' lang='lat' dir='ltr'><strong>et</strong></span> <span class='ocrx_word' id='word_1_231' title='bbox 747 3245 929 3305; x_wconf 87' lang='lat' dir='ltr'><strong>postea</strong></span> <span class='ocrx_word' id='word_1_232' title='bbox 958 3252 971 3288; x_wconf 89' lang='lat'><strong><em>:</em></strong></span> <span class='ocrx_word' id='word_1_233' title='bbox 998 3234 1051 3287; x_wconf 89' lang='lat' dir='ltr'><strong>in</strong></span> <span class='ocrx_word' id='word_1_234' title='bbox 1078 3242 1305 3302; x_wconf 89' lang='lat' dir='ltr'><strong>utroque</strong></span> <span class='ocrx_word' id='word_1_235' title='bbox 1333 3230 1474 3284; x_wconf 89' lang='lat' dir='ltr'><strong>enim</strong></span> <span class='ocrx_word' id='word_1_236' title='bbox 1502 3239 1744 3296; x_wconf 83' lang='lat' dir='ltr'><strong>tempore</strong></span> <span class='ocrx_word' id='word_1_237' title='bbox 1767 3235 2072 3296; x_wconf 81' lang='lat' dir='ltr'><strong>temperau-</strong></span> 
     </span>
    </p>
   </div>
   <div class='ocr_carea' id='block_1_33' title="bbox 477 3324 2071 3396">
    <p class='ocr_par' dir='ltr' id='par_1_33' title="bbox 477 3324 2071 3396">
     <span class='ocr_line' id='line_1_33' title="bbox 477 3324 2071 3396; baseline -0.01 -12"><span class='ocrx_word' id='word_1_238' title='bbox 477 3340 587 3384; x_wconf 86' lang='lat' dir='ltr'><strong>tem</strong></span> <span class='ocrx_word' id='word_1_239' title='bbox 618 3343 740 3384; x_wconf 86' lang='lat' dir='ltr'><strong>esse</strong></span> <span class='ocrx_word' id='word_1_240' title='bbox 764 3335 1001 3396; x_wconf 86' lang='lat' dir='ltr'><strong>oportet,</strong></span> <span class='ocrx_word' id='word_1_241' title='bbox 1034 3324 1266 3379; x_wconf 80' lang='lat' dir='ltr'><strong>maxime</strong></span> <span class='ocrx_word' id='word_1_242' title='bbox 1314 3337 1442 3377; x_wconf 90' lang='lat' dir='ltr'><strong>vero</strong></span> <span class='ocrx_word' id='word_1_243' title='bbox 1489 3330 1768 3389; x_wconf 82' lang='lat' dir='ltr'><strong>postquam</strong></span> <span class='ocrx_word' id='word_1_244' title='bbox 1815 3333 2071 3386; x_wconf 89' lang='lat' dir='ltr'><strong>sponsum</strong></span> 
     </span>
    </p>
   </div>
   <div class='ocr_carea' id='block_1_34' title="bbox 476 3405 2068 3489">
    <p class='ocr_par' dir='ltr' id='par_1_34' title="bbox 476 3405 2068 3489">
     <span class='ocr_line' id='line_1_34' title="bbox 476 3405 2068 3489; baseline -0.011 -14"><span class='ocrx_word' id='word_1_245' title='bbox 476 3419 735 3489; x_wconf 80' lang='lat' dir='ltr'><strong>excepisti</strong></span> <span class='ocrx_word' id='word_1_246' title='bbox 765 3426 951 3476; x_wconf 85' lang='lat' dir='ltr'><strong>:antea</strong></span> <span class='ocrx_word' id='word_1_247' title='bbox 997 3415 1209 3480; x_wconf 85' lang='lat' dir='ltr'><strong>quidem</strong></span> <span class='ocrx_word' id='word_1_248' title='bbox 1229 3455 1241 3475; x_wconf 94' lang='lat'><strong>,</strong></span> <span class='ocrx_word' id='word_1_249' title='bbox 1273 3422 1330 3465; x_wconf 92' lang='lat' dir='ltr'><strong>ut</strong></span> <span class='ocrx_word' id='word_1_250' title='bbox 1355 3413 1550 3489; x_wconf 77' lang='lat' dir='ltr'><strong>dignus</strong></span> <span class='ocrx_word' id='word_1_251' title='bbox 1578 3410 1655 3463; x_wconf 92' lang='lat' dir='ltr'><strong>sis</strong></span> <span class='ocrx_word' id='word_1_252' title='bbox 1682 3412 1768 3476; x_wconf 90' lang='lat' dir='ltr'><strong>qui</strong></span> <span class='ocrx_word' id='word_1_253' title='bbox 1801 3405 2068 3489; x_wconf 76' lang='lat' dir='ltr'><strong>accipias;</strong></span> 
     </span>
    </p>
   </div>
   <div class='ocr_carea' id='block_1_35' title="bbox 475 3485 2059 3571">
    <p class='ocr_par' dir='ltr' id='par_1_35' title="bbox 475 3485 2059 3571">
     <span class='ocr_line' id='line_1_35' title="bbox 475 3485 2059 3571; baseline -0.011 -18"><span class='ocrx_word' id='word_1_254' title='bbox 475 3485 663 3571; x_wconf 82' lang='lat' dir='ltr'><strong>postea</strong></span> <span class='ocrx_word' id='word_1_255' title='bbox 695 3512 844 3563; x_wconf 82' lang='lat' dir='ltr'><strong>vero,</strong></span> <span class='ocrx_word' id='word_1_256' title='bbox 874 3509 943 3549; x_wconf 90' lang='lat' dir='ltr'><strong>ne</strong></span> <span class='ocrx_word' id='word_1_257' title='bbox 970 3496 1217 3563; x_wconf 88' lang='lat' dir='ltr'><strong>indignus</strong></span> <span class='ocrx_word' id='word_1_258' title='bbox 1245 3491 1478 3546; x_wconf 87' lang='lat' dir='ltr'><strong>videaris</strong></span> <span class='ocrx_word' id='word_1_259' title='bbox 1518 3487 1586 3543; x_wconf 88' lang='lat' dir='ltr'><strong>iis</strong></span> <span class='ocrx_word' id='word_1_260' title='bbox 1624 3499 1745 3555; x_wconf 82' lang='lat' dir='ltr'><strong>quae</strong></span> <span class='ocrx_word' id='word_1_261' title='bbox 1785 3485 2059 3553; x_wconf 86' lang='lat' dir='ltr'><strong>accepisti.</strong></span> 
     </span>
    </p>
   </div>
   <div class='ocr_carea' id='block_1_36' title="bbox 474 3571 2064 3659">
    <p class='ocr_par' dir='ltr' id='par_1_36' title="bbox 474 3571 2064 3659">
     <span class='ocr_line' id='line_1_36' title="bbox 474 3571 2064 3659; baseline -0.015 -12"><span class='ocrx_word' id='word_1_262' title='bbox 474 3592 611 3659; x_wconf 82' lang='lat' dir='ltr'><strong>Quid</strong></span> <span class='ocrx_word' id='word_1_263' title='bbox 643 3603 793 3659; x_wconf 83' lang='lat' dir='ltr'><strong>ergo,</strong></span> <span class='ocrx_word' id='word_1_264' title='bbox 823 3582 1245 3657; x_wconf 83' lang='lat' dir='ltr'><strong>jejunandumne</strong></span> <span class='ocrx_word' id='word_1_265' title='bbox 1281 3588 1363 3635; x_wconf 90' lang='lat' dir='ltr'><strong>est</strong></span> <span class='ocrx_word' id='word_1_266' title='bbox 1404 3585 1687 3649; x_wconf 86' lang='lat' dir='ltr'><strong>postquam</strong></span> <span class='ocrx_word' id='word_1_267' title='bbox 1732 3571 2064 3641; x_wconf 82' lang='lat' dir='ltr'><strong>acceperim?</strong></span> 
     </span>
    </p>
   </div>
   <div class='ocr_carea' id='block_1_37' title="bbox 475 3661 2065 3745">
    <p class='ocr_par' dir='ltr' id='par_1_37' title="bbox 475 3661 2065 3745">
     <span class='ocr_line' id='line_1_37' title="bbox 475 3661 2065 3745; baseline -0.014 -7"><span class='ocrx_word' id='word_1_268' title='bbox 475 3683 592 3738; x_wconf 79' lang='lat' dir='ltr'><strong>Non</strong></span> <span class='ocrx_word' id='word_1_269' title='bbox 624 3680 727 3734; x_wconf 85' lang='lat' dir='ltr'><strong>hoc</strong></span> <span class='ocrx_word' id='word_1_270' title='bbox 755 3678 912 3743; x_wconf 89' lang='lat' dir='ltr'><strong>dico,</strong></span> <span class='ocrx_word' id='word_1_271' title='bbox 944 3688 1119 3745; x_wconf 87' lang='lat' dir='ltr'><strong>neque</strong></span> <span class='ocrx_word' id='word_1_272' title='bbox 1160 3680 1212 3726; x_wconf 92' lang='lat' dir='ltr'><strong>te</strong></span> <span class='ocrx_word' id='word_1_273' title='bbox 1252 3683 1404 3739; x_wconf 86' lang='lat' dir='ltr'><strong>cogo.</strong></span> <span class='ocrx_word' id='word_1_274' title='bbox 1453 3668 1659 3722; x_wconf 86' lang='lat' dir='ltr'><strong>Bonum</strong></span> <span class='ocrx_word' id='word_1_275' title='bbox 1701 3662 1915 3733; x_wconf 91' lang='lat' dir='ltr'><strong>quidem</strong></span> <span class='ocrx_word' id='word_1_276' title='bbox 1963 3661 2065 3715; x_wconf 87' lang='lat' dir='ltr'><strong>hoc</strong></span> 
     </span>
    </p>
   </div>
   <div class='ocr_carea' id='block_1_38' title="bbox 476 3754 2066 3845">
    <p class='ocr_par' dir='ltr' id='par_1_38' title="bbox 476 3754 2066 3845">
     <span class='ocr_line' id='line_1_38' title="bbox 476 3754 2066 3845; baseline -0.014 -16"><span class='ocrx_word' id='word_1_277' title='bbox 476 3787 688 3845; x_wconf 83' lang='lat' dir='ltr'><strong>quoque</strong></span> <span class='ocrx_word' id='word_1_278' title='bbox 710 3778 883 3833; x_wconf 85' lang='lat' dir='ltr'><strong>esset;</strong></span> <span class='ocrx_word' id='word_1_279' title='bbox 916 3781 1101 3822; x_wconf 90' lang='lat' dir='ltr'><strong>verum</strong></span> <span class='ocrx_word' id='word_1_280' title='bbox 1125 3779 1231 3819; x_wconf 83' lang='lat' dir='ltr'><strong>non</strong></span> <span class='ocrx_word' id='word_1_281' title='bbox 1256 3763 1358 3816; x_wconf 91' lang='lat' dir='ltr'><strong>vim</strong></span> <span class='ocrx_word' id='word_1_282' title='bbox 1381 3760 1575 3823; x_wconf 88' lang='lat' dir='ltr'><strong>infero,</strong></span> <span class='ocrx_word' id='word_1_283' title='bbox 1605 3754 1699 3812; x_wconf 90' lang='lat' dir='ltr'><strong>sed</strong></span> <span class='ocrx_word' id='word_1_284' title='bbox 1723 3754 1978 3810; x_wconf 87' lang='lat' dir='ltr'><strong>adhortor</strong></span> <span class='ocrx_word' id='word_1_285' title='bbox 1999 3769 2066 3808; x_wconf 89' lang='lat' dir='ltr'><strong>ne</strong></span> 
     </span>
    </p>
   </div>
   <div class='ocr_carea' id='block_1_39' title="bbox 480 3847 2067 3929">
    <p class='ocr_par' dir='ltr' id='par_1_39' title="bbox 480 3847 2067 3929">
     <span class='ocr_line' id='line_1_39' title="bbox 480 3847 2067 3929; baseline -0.013 -11"><span class='ocrx_word' id='word_1_286' title='bbox 480 3874 532 3918; x_wconf 89' lang='lat' dir='ltr'><strong>te</strong></span> <span class='ocrx_word' id='word_1_287' title='bbox 550 3860 754 3917; x_wconf 79' lang='lat' dir='ltr'><strong>deliciis</strong></span> <span class='ocrx_word' id='word_1_288' title='bbox 777 3857 999 3929; x_wconf 86' lang='lat' dir='ltr'><strong>impleas</strong></span> <span class='ocrx_word' id='word_1_289' title='bbox 1018 3864 1168 3911; x_wconf 88' lang='lat' dir='ltr'><strong>extra</strong></span> <span class='ocrx_word' id='word_1_290' title='bbox 1189 3865 1518 3908; x_wconf 76' lang='lat' dir='ltr'><strong>mcnsuratn.</strong></span> <span class='ocrx_word' id='word_1_291' title='bbox 1540 3848 1596 3903; x_wconf 87' lang='lat' dir='ltr'><strong>Si</strong></span> <span class='ocrx_word' id='word_1_292' title='bbox 1612 3847 1757 3903; x_wconf 91' lang='lat' dir='ltr'><strong>enim</strong></span> <span class='ocrx_word' id='word_1_293' title='bbox 1780 3860 2067 3915; x_wconf 83' lang='lat' dir='ltr'><strong>numquam</strong></span> 
     </span>
    </p>
   </div>
   <div class='ocr_carea' id='block_1_40' title="bbox 479 3934 2064 4021">
    <p class='ocr_par' dir='ltr' id='par_1_40' title="bbox 479 3934 2064 4021">
     <span class='ocr_line' id='line_1_40' title="bbox 479 3934 2064 4021; baseline -0.013 -14"><span class='ocrx_word' id='word_1_294' title='bbox 479 3958 725 4021; x_wconf 85' lang='lat' dir='ltr'><strong>oporteat</strong></span> <span class='ocrx_word' id='word_1_295' title='bbox 744 3947 1015 4009; x_wconf 89' lang='lat' dir='ltr'><strong>deliciari;</strong></span> <span class='ocrx_word' id='word_1_296' title='bbox 1039 3944 1144 3997; x_wconf 88' lang='lat' dir='ltr'><strong>hoc</strong></span> <span class='ocrx_word' id='word_1_297' title='bbox 1164 3943 1306 3997; x_wconf 84' lang='lat' dir='ltr'><strong>enim</strong></span> <span class='ocrx_word' id='word_1_298' title='bbox 1329 3938 1617 3994; x_wconf 81' lang='lat' dir='ltr'><strong>declaravit</strong></span> <span class='ocrx_word' id='word_1_299' title='bbox 1647 3936 1844 3991; x_wconf 85' lang='lat' dir='ltr'><strong>Paulus</strong></span> <span class='ocrx_word' id='word_1_300' title='bbox 1862 3934 2064 3999; x_wconf 88' lang='lat' dir='ltr'><strong>dicens,</strong></span> 
     </span>
    </p>
   </div>
   <div class='ocr_carea' id='block_1_41' title="bbox 484 4022 2065 4109">
    <p class='ocr_par' dir='ltr' id='par_1_41' title="bbox 484 4022 2065 4109">
     <span class='ocr_line' id='line_1_41' title="bbox 484 4022 2065 4109; baseline -0.013 -14"><span class='ocrx_word' id='word_1_301' title='bbox 484 4043 613 4109; x_wconf 70' lang='grc' dir='ltr'><strong>ρυω</strong></span> <span class='ocrx_word' id='word_1_302' title='bbox 639 4047 809 4094; x_wconf 77' lang='lat' dir='ltr'><strong>autem</strong></span> <span class='ocrx_word' id='word_1_303' title='bbox 828 4036 881 4089; x_wconf 97' lang='lat' dir='ltr'><strong>in</strong></span> <span class='ocrx_word' id='word_1_304' title='bbox 901 4034 1095 4089; x_wconf 78' lang='lat' dir='ltr'><strong>deliciis</strong></span> <span class='ocrx_word' id='word_1_305' title='bbox 1123 4040 1218 4097; x_wconf 83' lang='lat' dir='ltr'><strong>est,</strong></span> <span class='ocrx_word' id='word_1_306' title='bbox 1259 4030 1423 4083; x_wconf 77' lang='lat' dir='ltr'><strong>vivens</strong></span> <span class='ocrx_word' id='word_1_307' title='bbox 1466 4036 1666 4080; x_wconf 78' lang='lat' dir='ltr'><strong>mortua</strong></span> <span class='ocrx_word' id='word_1_308' title='bbox 1704 4034 1774 4079; x_wconf 80' lang='lat' dir='ltr'><strong>est</strong></span> <span class='ocrx_word' id='word_1_309' title='bbox 1815 4023 1890 4091; x_wconf 83' lang='grc'><strong>(1.</strong></span> <span class='ocrx_word' id='word_1_310' title='bbox 1934 4022 2065 4076; x_wconf 84' lang='lat' dir='ltr'><strong>Tim.</strong></span> 
     </span>
    </p>
   </div>
   <div class='ocr_carea' id='block_1_42' title="bbox 482 4115 2071 4201">
    <p class='ocr_par' dir='ltr' id='par_1_42' title="bbox 482 4115 2071 4201">
     <span class='ocr_line' id='line_1_42' title="bbox 482 4115 2071 4201; baseline -0.014 -12"><span class='ocrx_word' id='word_1_311' title='bbox 482 4136 535 4189; x_wconf 79' lang='lat'><strong>5.</strong></span> <span class='ocrx_word' id='word_1_312' title='bbox 568 4132 657 4201; x_wconf 82' lang='lat'><strong>6);</strong></span> <span class='ocrx_word' id='word_1_313' title='bbox 686 4128 855 4185; x_wconf 90' lang='lat' dir='ltr'><strong>multo</strong></span> <span class='ocrx_word' id='word_1_314' title='bbox 883 4124 1052 4195; x_wconf 87' lang='lat' dir='ltr'><strong>magis</strong></span> <span class='ocrx_word' id='word_1_315' title='bbox 1080 4133 1206 4178; x_wconf 91' lang='lat' dir='ltr'><strong>tunc</strong></span> <span class='ocrx_word' id='word_1_316' title='bbox 1235 4120 1513 4176; x_wconf 89' lang='lat' dir='ltr'><strong>morietur.</strong></span> <span class='ocrx_word' id='word_1_317' title='bbox 1548 4117 1606 4173; x_wconf 84' lang='lat' dir='ltr'><strong>Si</strong></span> <span class='ocrx_word' id='word_1_318' title='bbox 1650 4126 1828 4171; x_wconf 89' lang='lat' dir='ltr'><strong>autem</strong></span> <span class='ocrx_word' id='word_1_319' title='bbox 1864 4115 2071 4169; x_wconf 72' lang='lat' dir='ltr'><strong>delicia:</strong></span> 
     </span>
    </p>
   </div>
   <div class='ocr_carea' id='block_1_43' title="bbox 483 4206 2070 4282">
    <p class='ocr_par' dir='ltr' id='par_1_43' title="bbox 483 4206 2070 4282">
     <span class='ocr_line' id='line_1_43' title="bbox 483 4206 2070 4282; baseline -0.014 -3"><span class='ocrx_word' id='word_1_320' title='bbox 483 4237 629 4281; x_wconf 84' lang='lat' dir='ltr'><strong>mors</strong></span> <span class='ocrx_word' id='word_1_321' title='bbox 652 4228 776 4277; x_wconf 87' lang='lat' dir='ltr'><strong>sunt</strong></span> <span class='ocrx_word' id='word_1_322' title='bbox 804 4217 1040 4279; x_wconf 86' lang='lat' dir='ltr'><strong>mulieri,</strong></span> <span class='ocrx_word' id='word_1_323' title='bbox 1070 4214 1239 4269; x_wconf 89' lang='lat' dir='ltr'><strong>multo</strong></span> <span class='ocrx_word' id='word_1_324' title='bbox 1269 4212 1439 4282; x_wconf 87' lang='lat' dir='ltr'><strong>magis</strong></span> <span class='ocrx_word' id='word_1_325' title='bbox 1467 4210 1618 4275; x_wconf 88' lang='lat' dir='ltr'><strong>viro;</strong></span> <span class='ocrx_word' id='word_1_326' title='bbox 1647 4218 1701 4263; x_wconf 91' lang='lat' dir='ltr'><strong>et</strong></span> <span class='ocrx_word' id='word_1_327' title='bbox 1729 4207 1773 4262; x_wconf 89' lang='lat' dir='ltr'><strong>si</strong></span> <span class='ocrx_word' id='word_1_328' title='bbox 1800 4206 1905 4260; x_wconf 87' lang='lat' dir='ltr'><strong>alio</strong></span> <span class='ocrx_word' id='word_1_329' title='bbox 1934 4215 2070 4259; x_wconf 87' lang='lat' dir='ltr'><strong>tem-</strong></span> 
     </span>
    </p>
   </div>
   <div class='ocr_carea' id='block_1_44' title="bbox 484 4300 2070 4383">
    <p class='ocr_par' dir='ltr' id='par_1_44' title="bbox 484 4300 2070 4383">
     <span class='ocr_line' id='line_1_44' title="bbox 484 4300 2070 4383; baseline -0.014 -15"><span class='ocrx_word' id='word_1_330' title='bbox 484 4329 615 4383; x_wconf 88' lang='lat' dir='ltr'><strong>pore</strong></span> <span class='ocrx_word' id='word_1_331' title='bbox 651 4310 860 4365; x_wconf 67' lang='lat' dir='ltr'><strong>delicia:</strong></span> <span class='ocrx_word' id='word_1_332' title='bbox 903 4306 1151 4375; x_wconf 88' lang='lat' dir='ltr'><strong>perdunt,</strong></span> <span class='ocrx_word' id='word_1_333' title='bbox 1181 4303 1352 4358; x_wconf 89' lang='lat' dir='ltr'><strong>multo</strong></span> <span class='ocrx_word' id='word_1_334' title='bbox 1392 4300 1563 4370; x_wconf 89' lang='lat' dir='ltr'><strong>magis</strong></span> <span class='ocrx_word' id='word_1_335' title='bbox 1606 4307 1724 4368; x_wconf 88' lang='lat' dir='ltr'><strong>post</strong></span> <span class='ocrx_word' id='word_1_336' title='bbox 1766 4303 2070 4365; x_wconf 88' lang='lat' dir='ltr'><strong>perceptam</strong></span> 
     </span>
    </p>
   </div>
   <div class='ocr_carea' id='block_1_45' title="bbox 485 4384 2074 4471">
    <p class='ocr_par' dir='ltr' id='par_1_45' title="bbox 485 4384 2074 4471">
     <span class='ocr_line' id='line_1_45' title="bbox 485 4384 2074 4471; baseline -0.011 -16"><span class='ocrx_word' id='word_1_337' title='bbox 485 4399 866 4471; x_wconf 85' lang='lat' dir='ltr'><strong>mysteriorum</strong></span> <span class='ocrx_word' id='word_1_338' title='bbox 921 4392 1375 4448; x_wconf 89' lang='lat' dir='ltr'><strong>communionem.</strong></span> <span class='ocrx_word' id='word_1_339' title='bbox 1428 4388 1511 4442; x_wconf 86' lang='lat' dir='ltr'><strong>Tu</strong></span> <span class='ocrx_word' id='word_1_340' title='bbox 1551 4395 1732 4441; x_wconf 91' lang='lat' dir='ltr'><strong>autem</strong></span> <span class='ocrx_word' id='word_1_341' title='bbox 1776 4399 1913 4454; x_wconf 89' lang='lat' dir='ltr'><strong>pane</strong></span> <span class='ocrx_word' id='word_1_342' title='bbox 1949 4384 2074 4437; x_wconf 77' lang='lat' dir='ltr'><strong>vita:</strong></span> 
     </span>
    </p>
   </div>
   <div class='ocr_carea' id='block_1_46' title="bbox 485 4472 2074 4560">
    <p class='ocr_par' dir='ltr' id='par_1_46' title="bbox 485 4472 2074 4560">
     <span class='ocr_line' id='line_1_46' title="bbox 485 4472 2074 4560; baseline -0.012 -16"><span class='ocrx_word' id='word_1_343' title='bbox 485 4496 729 4560; x_wconf 88' lang='lat' dir='ltr'><strong>accepto,</strong></span> <span class='ocrx_word' id='word_1_344' title='bbox 761 4500 875 4542; x_wconf 89' lang='lat' dir='ltr'><strong>rem</strong></span> <span class='ocrx_word' id='word_1_345' title='bbox 900 4490 1075 4538; x_wconf 89' lang='lat' dir='ltr'><strong>morte</strong></span> <span class='ocrx_word' id='word_1_346' title='bbox 1097 4480 1312 4551; x_wconf 88' lang='lat' dir='ltr'><strong>dignam</strong></span> <span class='ocrx_word' id='word_1_347' title='bbox 1344 4478 1494 4542; x_wconf 82' lang='lat' dir='ltr'><strong>facis,</strong></span> <span class='ocrx_word' id='word_1_348' title='bbox 1525 4485 1581 4532; x_wconf 89' lang='lat' dir='ltr'><strong>et</strong></span> <span class='ocrx_word' id='word_1_349' title='bbox 1621 4490 1727 4530; x_wconf 88' lang='lat' dir='ltr'><strong>nou</strong></span> <span class='ocrx_word' id='word_1_350' title='bbox 1768 4472 2074 4528; x_wconf 86' lang='lat' dir='ltr'><strong>horrescis?</strong></span> 
     </span>
    </p>
   </div>
   <div class='ocr_carea' id='block_1_47' title="bbox 488 4564 2076 4652">
    <p class='ocr_par' dir='ltr' id='par_1_47' title="bbox 488 4564 2076 4652">
     <span class='ocr_line' id='line_1_47' title="bbox 488 4564 2076 4652; baseline -0.015 -13"><span class='ocrx_word' id='word_1_351' title='bbox 488 4583 668 4639; x_wconf 87' lang='lat' dir='ltr'><strong>nescis</strong></span> <span class='ocrx_word' id='word_1_352' title='bbox 692 4594 849 4652; x_wconf 89' lang='lat' dir='ltr'><strong>quam</strong></span> <span class='ocrx_word' id='word_1_353' title='bbox 877 4576 1042 4633; x_wconf 89' lang='lat' dir='ltr'><strong>multa</strong></span> <span class='ocrx_word' id='word_1_354' title='bbox 1070 4572 1209 4629; x_wconf 88' lang='lat' dir='ltr'><strong>mala</strong></span> <span class='ocrx_word' id='word_1_355' title='bbox 1232 4586 1299 4628; x_wconf 87' lang='lat' dir='ltr'><strong>ex</strong></span> <span class='ocrx_word' id='word_1_356' title='bbox 1322 4567 1529 4626; x_wconf 89' lang='lat' dir='ltr'><strong>deliciis</strong></span> <span class='ocrx_word' id='word_1_357' title='bbox 1551 4565 1907 4622; x_wconf 74' lang='lat' dir='ltr'><strong>inducantur?</strong></span> <span class='ocrx_word' id='word_1_358' title='bbox 1936 4564 2076 4617; x_wconf 89' lang='lat' dir='ltr'><strong>risus</strong></span> 
     </span>
    </p>
   </div>
   <div class='ocr_carea' id='block_1_48' title="bbox 491 4655 2075 4742">
    <p class='ocr_par' dir='ltr' id='par_1_48' title="bbox 491 4655 2075 4742">
     <span class='ocr_line' id='line_1_48' title="bbox 491 4655 2075 4742; baseline -0.012 -13"><span class='ocrx_word' id='word_1_359' title='bbox 491 4671 898 4742; x_wconf 82' lang='lat' dir='ltr'><strong>intempestivus</strong></span> <span class='ocrx_word' id='word_1_360' title='bbox 922 4710 937 4733; x_wconf 93' lang='lat'><strong>,</strong></span> <span class='ocrx_word' id='word_1_361' title='bbox 980 4666 1250 4722; x_wconf 88' lang='lat' dir='ltr'><strong>incondita</strong></span> <span class='ocrx_word' id='word_1_362' title='bbox 1280 4662 1464 4729; x_wconf 83' lang='lat' dir='ltr'><strong>verba,</strong></span> <span class='ocrx_word' id='word_1_363' title='bbox 1497 4658 1792 4715; x_wconf 86' lang='lat' dir='ltr'><strong>scurrilitas</strong></span> <span class='ocrx_word' id='word_1_364' title='bbox 1820 4655 2075 4728; x_wconf 88' lang='lat' dir='ltr'><strong>perniciei</strong></span> 
     </span>
    </p>
   </div>
   <div class='ocr_carea' id='block_1_49' title="bbox 492 4750 2081 4838">
    <p class='ocr_par' dir='ltr' id='par_1_49' title="bbox 492 4750 2081 4838">
     <span class='ocr_line' id='line_1_49' title="bbox 492 4750 2081 4838; baseline -0.01 -17"><span class='ocrx_word' id='word_1_365' title='bbox 492 4768 672 4838; x_wconf 77' lang='lat' dir='ltr'><strong>plena,</strong></span> <span class='ocrx_word' id='word_1_366' title='bbox 709 4776 864 4832; x_wconf 82' lang='lat' dir='ltr'><strong>nugae</strong></span> <span class='ocrx_word' id='word_1_367' title='bbox 903 4759 1119 4814; x_wconf 84' lang='lat' dir='ltr'><strong>inutiles</strong></span> <span class='ocrx_word' id='word_1_368' title='bbox 1162 4766 1217 4812; x_wconf 92' lang='lat' dir='ltr'><strong>et</strong></span> <span class='ocrx_word' id='word_1_369' title='bbox 1259 4756 1361 4811; x_wconf 87' lang='lat' dir='ltr'><strong>alia</strong></span> <span class='ocrx_word' id='word_1_370' title='bbox 1399 4770 1517 4825; x_wconf 67' lang='lat' dir='ltr'><strong>qum</strong></span> <span class='ocrx_word' id='word_1_371' title='bbox 1547 4769 1616 4811; x_wconf 91' lang='lat' dir='ltr'><strong>ne</strong></span> <span class='ocrx_word' id='word_1_372' title='bbox 1646 4752 1727 4809; x_wconf 88' lang='lat' dir='ltr'><strong>fas</strong></span> <span class='ocrx_word' id='word_1_373' title='bbox 1755 4750 1968 4824; x_wconf 90' lang='lat' dir='ltr'><strong>quidem</strong></span> <span class='ocrx_word' id='word_1_374' title='bbox 1998 4760 2081 4805; x_wconf 88' lang='lat' dir='ltr'><strong>est</strong></span> 
     </span>
    </p>
   </div>
   <div class='ocr_carea' id='block_1_50' title="bbox 494 4842 2076 4917">
    <p class='ocr_par' dir='ltr' id='par_1_50' title="bbox 494 4842 2076 4917">
     <span class='ocr_line' id='line_1_50' title="bbox 494 4842 2076 4917; baseline -0.011 -5"><span class='ocrx_word' id='word_1_375' title='bbox 494 4858 696 4912; x_wconf 89' lang='lat' dir='ltr'><strong>dicere.</strong></span> <span class='ocrx_word' id='word_1_376' title='bbox 741 4853 807 4907; x_wconf 85' lang='lat' dir='ltr'><strong>Et</strong></span> <span class='ocrx_word' id='word_1_377' title='bbox 840 4849 955 4905; x_wconf 64' lang='lat' dir='ltr'><strong>bare</strong></span> <span class='ocrx_word' id='word_1_378' title='bbox 993 4849 1125 4902; x_wconf 89' lang='lat' dir='ltr'><strong>facis</strong></span> <span class='ocrx_word' id='word_1_379' title='bbox 1167 4854 1448 4917; x_wconf 88' lang='lat' dir='ltr'><strong>postquam</strong></span> <span class='ocrx_word' id='word_1_380' title='bbox 1488 4844 1553 4899; x_wconf 86' lang='lat' dir='ltr'><strong>ad</strong></span> <span class='ocrx_word' id='word_1_381' title='bbox 1595 4842 1794 4899; x_wconf 88' lang='lat' dir='ltr'><strong>Christi</strong></span> <span class='ocrx_word' id='word_1_382' title='bbox 1834 4855 2076 4897; x_wconf 89' lang='lat' dir='ltr'><strong>mensam</strong></span> 
     </span>
    </p>
   </div>
   <div class='ocr_carea' id='block_1_51' title="bbox 495 4934 2081 5015">
    <p class='ocr_par' dir='ltr' id='par_1_51' title="bbox 495 4934 2081 5015">
     <span class='ocr_line' id='line_1_51' title="bbox 495 4934 2081 5015; baseline -0.009 -14"><span class='ocrx_word' id='word_1_383' title='bbox 495 4958 758 5015; x_wconf 77' lang='lat' dir='ltr'><strong>exceptus</strong></span> <span class='ocrx_word' id='word_1_384' title='bbox 797 4940 976 5005; x_wconf 85' lang='lat' dir='ltr'><strong>fuisti,</strong></span> <span class='ocrx_word' id='word_1_385' title='bbox 1020 4938 1115 4993; x_wconf 87' lang='lat' dir='ltr'><strong>illo</strong></span> <span class='ocrx_word' id='word_1_386' title='bbox 1140 4936 1229 4991; x_wconf 92' lang='lat' dir='ltr'><strong>die</strong></span> <span class='ocrx_word' id='word_1_387' title='bbox 1267 4950 1373 5004; x_wconf 86' lang='lat' dir='ltr'><strong>quo</strong></span> <span class='ocrx_word' id='word_1_388' title='bbox 1408 4934 1658 5004; x_wconf 89' lang='lat' dir='ltr'><strong>dignatus</strong></span> <span class='ocrx_word' id='word_1_389' title='bbox 1702 4934 1848 4989; x_wconf 88' lang='lat' dir='ltr'><strong>fuisti</strong></span> <span class='ocrx_word' id='word_1_390' title='bbox 1889 4947 2081 4988; x_wconf 90' lang='lat' dir='ltr'><strong>carnes</strong></span> 
     </span>
    </p>
   </div>
   <div class='ocr_carea' id='block_1_52' title="bbox 496 5022 2080 5106">
    <p class='ocr_par' dir='ltr' id='par_1_52' title="bbox 496 5022 2080 5106">
     <span class='ocr_line' id='line_1_52' title="bbox 496 5022 2080 5106; baseline -0.011 -16"><span class='ocrx_word' id='word_1_391' title='bbox 496 5037 613 5106; x_wconf 82' lang='lat' dir='ltr'><strong>ejus</strong></span> <span class='ocrx_word' id='word_1_392' title='bbox 644 5036 818 5103; x_wconf 89' lang='lat' dir='ltr'><strong>lingua</strong></span> <span class='ocrx_word' id='word_1_393' title='bbox 846 5042 1082 5102; x_wconf 86' lang='lat' dir='ltr'><strong>tangere.</strong></span> <span class='ocrx_word' id='word_1_394' title='bbox 1112 5025 1365 5095; x_wconf 88' lang='lat' dir='ltr'><strong>Quisquis</strong></span> <span class='ocrx_word' id='word_1_395' title='bbox 1387 5038 1517 5095; x_wconf 88' lang='lat' dir='ltr'><strong>ergo</strong></span> <span class='ocrx_word' id='word_1_396' title='bbox 1545 5023 1639 5091; x_wconf 81' lang='lat' dir='ltr'><strong>sis,</strong></span> <span class='ocrx_word' id='word_1_397' title='bbox 1672 5039 1739 5079; x_wconf 90' lang='lat' dir='ltr'><strong>ne</strong></span> <span class='ocrx_word' id='word_1_398' title='bbox 1766 5023 1881 5082; x_wconf 72' lang='lat' dir='ltr'><strong>lucc</strong></span> <span class='ocrx_word' id='word_1_399' title='bbox 1910 5022 2037 5075; x_wconf 76' lang='lat' dir='ltr'><strong>ﬁant</strong></span> <span class='ocrx_word' id='word_1_400' title='bbox 2060 5058 2080 5086; x_wconf 86' lang='lat'><strong>,</strong></span> 
     </span>
    </p>
   </div>
   <div class='ocr_carea' id='block_1_53' title="bbox 1130 348 2956 413">
    <p class='ocr_par' dir='ltr' id='par_1_53' title="bbox 1130 348 2956 413">
     <span class='ocr_line' id='line_1_53' title="bbox 1130 348 2956 413; baseline -0.003 0"><span class='ocrx_word' id='word_1_401' title='bbox 1130 360 1186 413; x_wconf 83' lang='lat' dir='ltr'><strong>S.</strong></span> <span class='ocrx_word' id='word_1_402' title='bbox 1231 360 1512 411; x_wconf 67' lang='lat' dir='ltr'><strong>.IUANNIS</strong></span> <span class='ocrx_word' id='word_1_403' title='bbox 1551 348 2034 408; x_wconf 68' lang='lat' dir='ltr'><strong>CllllYSOSTOMI</strong></span> <span class='ocrx_word' id='word_1_404' title='bbox 2077 348 2389 408; x_wconf 77' lang='lat' dir='ltr'><strong>ARCllIEP.</strong></span> <span class='ocrx_word' id='word_1_405' title='bbox 2428 351 2956 409; x_wconf 69' lang='lat' dir='ltr'><strong>CONSTANTINOP.</strong></span> 
     </span>
    </p>
   </div>
   <div class='ocr_carea' id='block_1_54' title="bbox 3621 369 3731 423">
    <p class='ocr_par' dir='ltr' id='par_1_54' title="bbox 3621 369 3731 423">
     <span class='ocr_line' id='line_1_54' title="bbox 3621 369 3731 423; baseline 0.018 -2"><span class='ocrx_word' id='word_1_406' title='bbox 3621 369 3731 423; x_wconf 63' lang='lat'><strong>23!</strong></span> 
     </span>
    </p>
   </div>
   <div class='ocr_carea' id='block_1_55' title="bbox 2142 472 3729 544">
    <p class='ocr_par' dir='ltr' id='par_1_55' title="bbox 2142 472 3729 544">
     <span class='ocr_line' id='line_1_55' title="bbox 2142 472 3729 544; baseline 0 -16"><span class='ocrx_word' id='word_1_407' title='bbox 2142 488 2372 544; x_wconf 88' lang='lat' dir='ltr'><strong>expurga</strong></span> <span class='ocrx_word' id='word_1_408' title='bbox 2402 472 2678 528; x_wconf 79' lang='lat' dir='ltr'><strong>dexteram</strong></span> <span class='ocrx_word' id='word_1_409' title='bbox 2707 482 2871 540; x_wconf 87' lang='lat' dir='ltr'><strong>tuam,</strong></span> <span class='ocrx_word' id='word_1_410' title='bbox 2897 473 3153 544; x_wconf 86' lang='lat' dir='ltr'><strong>linguam,</strong></span> <span class='ocrx_word' id='word_1_411' title='bbox 3184 472 3343 536; x_wconf 83' lang='lat' dir='ltr'><strong>labia.</strong></span> <span class='ocrx_word' id='word_1_412' title='bbox 3376 488 3495 544; x_wconf 73' lang='lat' dir='ltr'><strong>qua:</strong></span> <span class='ocrx_word' id='word_1_413' title='bbox 3524 473 3729 543; x_wconf 79' lang='lat' dir='ltr'><strong>ingres-</strong></span> 
     </span>
    </p>
   </div>
   <div class='ocr_carea' id='block_1_56' title="bbox 2142 564 3725 635">
    <p class='ocr_par' dir='ltr' id='par_1_56' title="bbox 2142 564 3725 635">
     <span class='ocr_line' id='line_1_56' title="bbox 2142 564 3725 635; baseline 0 -17"><span class='ocrx_word' id='word_1_414' title='bbox 2142 566 2222 618; x_wconf 83' lang='lat' dir='ltr'><strong>sui</strong></span> <span class='ocrx_word' id='word_1_415' title='bbox 2246 565 2445 621; x_wconf 86' lang='lat' dir='ltr'><strong>Christi</strong></span> <span class='ocrx_word' id='word_1_416' title='bbox 2476 565 2735 619; x_wconf 86' lang='lat' dir='ltr'><strong>vestibula</strong></span> <span class='ocrx_word' id='word_1_417' title='bbox 2765 565 2942 630; x_wconf 85' lang='lat' dir='ltr'><strong>fuere;</strong></span> <span class='ocrx_word' id='word_1_418' title='bbox 2974 573 3028 619; x_wconf 90' lang='lat' dir='ltr'><strong>et</strong></span> <span class='ocrx_word' id='word_1_419' title='bbox 3052 564 3294 635; x_wconf 90' lang='lat' dir='ltr'><strong>apposita</strong></span> <span class='ocrx_word' id='word_1_420' title='bbox 3332 578 3518 619; x_wconf 88' lang='lat' dir='ltr'><strong>mensa</strong></span> <span class='ocrx_word' id='word_1_421' title='bbox 3546 566 3725 620; x_wconf 82' lang='lat' dir='ltr'><strong>sensi-</strong></span> 
     </span>
    </p>
   </div>
   <div class='ocr_carea' id='block_1_57' title="bbox 2144 654 3732 723">
    <p class='ocr_par' dir='ltr' id='par_1_57' title="bbox 2144 654 3732 723">
     <span class='ocr_line' id='line_1_57' title="bbox 2144 654 3732 723; baseline 0 -14"><span class='ocrx_word' id='word_1_422' title='bbox 2144 654 2253 719; x_wconf 82' lang='lat' dir='ltr'><strong>bili,</strong></span> <span class='ocrx_word' id='word_1_423' title='bbox 2284 654 2349 709; x_wconf 88' lang='lat' dir='ltr'><strong>ad</strong></span> <span class='ocrx_word' id='word_1_424' title='bbox 2391 655 2535 709; x_wconf 87' lang='lat' dir='ltr'><strong>illam</strong></span> <span class='ocrx_word' id='word_1_425' title='bbox 2577 670 2819 710; x_wconf 88' lang='lat' dir='ltr'><strong>mensam</strong></span> <span class='ocrx_word' id='word_1_426' title='bbox 2856 664 3092 711; x_wconf 88' lang='lat' dir='ltr'><strong>mentem</strong></span> <span class='ocrx_word' id='word_1_427' title='bbox 3119 655 3373 723; x_wconf 75' lang='lat' dir='ltr'><strong>intende,</strong></span> <span class='ocrx_word' id='word_1_428' title='bbox 3412 655 3478 710; x_wconf 89' lang='lat' dir='ltr'><strong>ad</strong></span> <span class='ocrx_word' id='word_1_429' title='bbox 3522 670 3732 717; x_wconf 69' lang='lat' dir='ltr'><strong>mnam</strong></span> 
     </span>
    </p>
   </div>
   <div class='ocr_carea' id='block_1_58' title="bbox 2144 746 3732 818">
    <p class='ocr_par' dir='ltr' id='par_1_58' title="bbox 2144 746 3732 818">
     <span class='ocr_line' id='line_1_58' title="bbox 2144 746 3732 818; baseline 0 -15"><span class='ocrx_word' id='word_1_430' title='bbox 2144 747 2497 813; x_wconf 90' lang='lat' dir='ltr'><strong>Dominicam,</strong></span> <span class='ocrx_word' id='word_1_431' title='bbox 2520 747 2585 802; x_wconf 89' lang='lat' dir='ltr'><strong>ad</strong></span> <span class='ocrx_word' id='word_1_432' title='bbox 2609 748 2815 818; x_wconf 76' lang='lat' dir='ltr'><strong>vigilias</strong></span> <span class='ocrx_word' id='word_1_433' title='bbox 2838 746 3224 817; x_wconf 86' lang='lat' dir='ltr'><strong>discipulorum</strong></span> <span class='ocrx_word' id='word_1_434' title='bbox 3253 749 3339 802; x_wconf 90' lang='lat' dir='ltr'><strong>illa</strong></span> <span class='ocrx_word' id='word_1_435' title='bbox 3361 762 3514 802; x_wconf 86' lang='lat' dir='ltr'><strong>sacra</strong></span> <span class='ocrx_word' id='word_1_436' title='bbox 3541 756 3732 814; x_wconf 85' lang='lat' dir='ltr'><strong>nocte;</strong></span> 
     </span>
    </p>
   </div>
   <div class='ocr_carea' id='block_1_59' title="bbox 2143 838 3734 908">
    <p class='ocr_par' dir='ltr' id='par_1_59' title="bbox 2143 838 3734 908">
     <span class='ocr_line' id='line_1_59' title="bbox 2143 838 3734 908; baseline 0.001 -17"><span class='ocrx_word' id='word_1_437' title='bbox 2143 838 2252 892; x_wconf 91' lang='lat' dir='ltr'><strong>imo</strong></span> <span class='ocrx_word' id='word_1_438' title='bbox 2277 852 2408 892; x_wconf 87' lang='lat' dir='ltr'><strong>vero</strong></span> <span class='ocrx_word' id='word_1_439' title='bbox 2429 878 2443 901; x_wconf 93' lang='lat'><strong>,</strong></span> <span class='ocrx_word' id='word_1_440' title='bbox 2482 839 2526 892; x_wconf 90' lang='lat' dir='ltr'><strong>sl</strong></span> <span class='ocrx_word' id='word_1_441' title='bbox 2556 838 2677 908; x_wconf 90' lang='lat' dir='ltr'><strong>quis</strong></span> <span class='ocrx_word' id='word_1_442' title='bbox 2705 846 2955 893; x_wconf 87' lang='lat' dir='ltr'><strong>accurate</strong></span> <span class='ocrx_word' id='word_1_443' title='bbox 2993 838 3409 906; x_wconf 67' lang='lat' dir='ltr'><strong>examinat-crit,</strong></span> <span class='ocrx_word' id='word_1_444' title='bbox 3449 841 3734 908; x_wconf 73' lang='lat' dir='ltr'><strong>praesentia</strong></span> 
     </span>
    </p>
   </div>
   <div class='ocr_carea' id='block_1_60' title="bbox 2144 928 3735 1002">
    <p class='ocr_par' dir='ltr' id='par_1_60' title="bbox 2144 928 3735 1002">
     <span class='ocr_line' id='line_1_60' title="bbox 2144 928 3735 1002; baseline 0.001 -20"><span class='ocrx_word' id='word_1_445' title='bbox 2144 944 2249 984; x_wconf 90' lang='lat' dir='ltr'><strong>nox</strong></span> <span class='ocrx_word' id='word_1_446' title='bbox 2267 939 2413 985; x_wconf 89' lang='lat' dir='ltr'><strong>sunt.</strong></span> <span class='ocrx_word' id='word_1_447' title='bbox 2438 928 2733 999; x_wconf 77' lang='lat' dir='ltr'><strong>Vigilemus</strong></span> <span class='ocrx_word' id='word_1_448' title='bbox 2749 943 2879 1000; x_wconf 88' lang='lat' dir='ltr'><strong>ergo</strong></span> <span class='ocrx_word' id='word_1_449' title='bbox 2896 945 3017 985; x_wconf 91' lang='lat' dir='ltr'><strong>cum</strong></span> <span class='ocrx_word' id='word_1_450' title='bbox 3042 930 3287 998; x_wconf 87' lang='lat' dir='ltr'><strong>Domino,</strong></span> <span class='ocrx_word' id='word_1_451' title='bbox 3311 944 3735 1002; x_wconf 87' lang='lat' dir='ltr'><strong>compungamnr</strong></span> 
     </span>
    </p>
   </div>
   <div class='ocr_carea' id='block_1_61' title="bbox 2142 1019 3735 1090">
    <p class='ocr_par' dir='ltr' id='par_1_61' title="bbox 2142 1019 3735 1090">
     <span class='ocr_line' id='line_1_61' title="bbox 2142 1019 3735 1090; baseline 0.001 -16"><span class='ocrx_word' id='word_1_452' title='bbox 2142 1034 2263 1074; x_wconf 89' lang='lat' dir='ltr'><strong>cum</strong></span> <span class='ocrx_word' id='word_1_453' title='bbox 2309 1019 2607 1090; x_wconf 91' lang='lat' dir='ltr'><strong>discipulis.</strong></span> <span class='ocrx_word' id='word_1_454' title='bbox 2649 1020 2879 1075; x_wconf 84' lang='lat' dir='ltr'><strong>Prccum</strong></span> <span class='ocrx_word' id='word_1_455' title='bbox 2918 1030 3128 1090; x_wconf 82' lang='lat' dir='ltr'><strong>tempus</strong></span> <span class='ocrx_word' id='word_1_456' title='bbox 3153 1029 3271 1086; x_wconf 86' lang='lat' dir='ltr'><strong>est,</strong></span> <span class='ocrx_word' id='word_1_457' title='bbox 3302 1036 3406 1077; x_wconf 91' lang='lat' dir='ltr'><strong>non</strong></span> <span class='ocrx_word' id='word_1_458' title='bbox 3437 1021 3735 1088; x_wconf 85' lang='lat' dir='ltr'><strong>ebrietatis,</strong></span> 
     </span>
    </p>
   </div>
   <div class='ocr_carea' id='block_1_62' title="bbox 2143 1110 3735 1182">
    <p class='ocr_par' dir='ltr' id='par_1_62' title="bbox 2143 1110 3735 1182">
     <span class='ocr_line' id='line_1_62' title="bbox 2143 1110 3735 1182; baseline -0.001 -15"><span class='ocrx_word' id='word_1_459' title='bbox 2143 1126 2355 1181; x_wconf 87' lang='lat' dir='ltr'><strong>semper</strong></span> <span class='ocrx_word' id='word_1_460' title='bbox 2378 1110 2614 1182; x_wconf 88' lang='lat' dir='ltr'><strong>quidem,</strong></span> <span class='ocrx_word' id='word_1_461' title='bbox 2644 1112 2881 1167; x_wconf 80' lang='lat' dir='ltr'><strong>maxime</strong></span> <span class='ocrx_word' id='word_1_462' title='bbox 2906 1120 3085 1167; x_wconf 86' lang='lat' dir='ltr'><strong>autem</strong></span> <span class='ocrx_word' id='word_1_463' title='bbox 3119 1112 3171 1166; x_wconf 90' lang='lat' dir='ltr'><strong>in</strong></span> <span class='ocrx_word' id='word_1_464' title='bbox 3193 1110 3281 1166; x_wconf 89' lang='lat' dir='ltr'><strong>die</strong></span> <span class='ocrx_word' id='word_1_465' title='bbox 3310 1110 3469 1167; x_wconf 87' lang='lat' dir='ltr'><strong>festo.</strong></span> <span class='ocrx_word' id='word_1_466' title='bbox 3503 1111 3626 1167; x_wconf 87' lang='lat' dir='ltr'><strong>Dies</strong></span> <span class='ocrx_word' id='word_1_467' title='bbox 3654 1110 3735 1166; x_wconf 85' lang='lat' dir='ltr'><strong>fe-</strong></span> 
     </span>
    </p>
   </div>
   <div class='ocr_carea' id='block_1_63' title="bbox 2143 1201 3733 1274">
    <p class='ocr_par' dir='ltr' id='par_1_63' title="bbox 2143 1201 3733 1274">
     <span class='ocr_line' id='line_1_63' title="bbox 2143 1201 3733 1274; baseline 0.001 -19"><span class='ocrx_word' id='word_1_468' title='bbox 2143 1211 2258 1256; x_wconf 91' lang='lat' dir='ltr'><strong>stus</strong></span> <span class='ocrx_word' id='word_1_469' title='bbox 2282 1201 2425 1258; x_wconf 91' lang='lat' dir='ltr'><strong>enim</strong></span> <span class='ocrx_word' id='word_1_470' title='bbox 2455 1202 2576 1258; x_wconf 90' lang='lat' dir='ltr'><strong>ideo</strong></span> <span class='ocrx_word' id='word_1_471' title='bbox 2600 1202 2873 1259; x_wconf 87' lang='lat' dir='ltr'><strong>institutus</strong></span> <span class='ocrx_word' id='word_1_472' title='bbox 2897 1211 2999 1270; x_wconf 90' lang='lat' dir='ltr'><strong>est,</strong></span> <span class='ocrx_word' id='word_1_473' title='bbox 3024 1218 3130 1258; x_wconf 90' lang='lat' dir='ltr'><strong>non</strong></span> <span class='ocrx_word' id='word_1_474' title='bbox 3153 1212 3212 1258; x_wconf 90' lang='lat' dir='ltr'><strong>ut</strong></span> <span class='ocrx_word' id='word_1_475' title='bbox 3242 1203 3467 1273; x_wconf 90' lang='lat' dir='ltr'><strong>turpiter</strong></span> <span class='ocrx_word' id='word_1_476' title='bbox 3492 1218 3733 1274; x_wconf 82' lang='lat' dir='ltr'><strong>agamus,</strong></span> 
     </span>
    </p>
   </div>
   <div class='ocr_carea' id='block_1_64' title="bbox 2148 1293 3737 1365">
    <p class='ocr_par' dir='ltr' id='par_1_64' title="bbox 2148 1293 3737 1365">
     <span class='ocr_line' id='line_1_64' title="bbox 2148 1293 3737 1365; baseline 0.001 -17"><span class='ocrx_word' id='word_1_477' title='bbox 2148 1309 2254 1348; x_wconf 91' lang='lat' dir='ltr'><strong>non</strong></span> <span class='ocrx_word' id='word_1_478' title='bbox 2288 1304 2346 1349; x_wconf 90' lang='lat' dir='ltr'><strong>ut</strong></span> <span class='ocrx_word' id='word_1_479' title='bbox 2377 1304 2595 1365; x_wconf 88' lang='lat' dir='ltr'><strong>peccata</strong></span> <span class='ocrx_word' id='word_1_480' title='bbox 2632 1296 3062 1360; x_wconf 87' lang='lat' dir='ltr'><strong>accumulemus,</strong></span> <span class='ocrx_word' id='word_1_481' title='bbox 3104 1293 3201 1351; x_wconf 88' lang='lat' dir='ltr'><strong>sed</strong></span> <span class='ocrx_word' id='word_1_482' title='bbox 3240 1303 3299 1350; x_wconf 87' lang='lat' dir='ltr'><strong>ut</strong></span> <span class='ocrx_word' id='word_1_483' title='bbox 3340 1310 3459 1365; x_wconf 64' lang='lat' dir='ltr'><strong>quas</strong></span> <span class='ocrx_word' id='word_1_484' title='bbox 3500 1294 3737 1350; x_wconf 83' lang='lat' dir='ltr'><strong>admissa</strong></span> 
     </span>
    </p>
   </div>
   <div class='ocr_carea' id='block_1_65' title="bbox 2147 1384 3740 1456">
    <p class='ocr_par' dir='ltr' id='par_1_65' title="bbox 2147 1384 3740 1456">
     <span class='ocr_line' id='line_1_65' title="bbox 2147 1384 3740 1456; baseline 0 -17"><span class='ocrx_word' id='word_1_485' title='bbox 2147 1386 2299 1441; x_wconf 91' lang='lat' dir='ltr'><strong>fuere</strong></span> <span class='ocrx_word' id='word_1_486' title='bbox 2313 1385 2383 1442; x_wconf 91' lang='lat' dir='ltr'><strong>de</strong></span> <span class='ocrx_word' id='word_1_487' title='bbox 2401 1386 2580 1441; x_wconf 90' lang='lat' dir='ltr'><strong>medio</strong></span> <span class='ocrx_word' id='word_1_488' title='bbox 2598 1386 2864 1441; x_wconf 86' lang='lat' dir='ltr'><strong>tollamus.</strong></span> <span class='ocrx_word' id='word_1_489' title='bbox 2899 1386 2967 1442; x_wconf 82' lang='lat' dir='ltr'><strong>Et</strong></span> <span class='ocrx_word' id='word_1_490' title='bbox 2987 1386 3098 1441; x_wconf 87' lang='lat' dir='ltr'><strong>scio</strong></span> <span class='ocrx_word' id='word_1_491' title='bbox 3112 1384 3326 1456; x_wconf 89' lang='lat' dir='ltr'><strong>quidem</strong></span> <span class='ocrx_word' id='word_1_492' title='bbox 3347 1400 3433 1441; x_wconf 89' lang='lat' dir='ltr'><strong>me</strong></span> <span class='ocrx_word' id='word_1_493' title='bbox 3451 1386 3504 1440; x_wconf 93' lang='lat' dir='ltr'><strong>in</strong></span> <span class='ocrx_word' id='word_1_494' title='bbox 3523 1400 3740 1441; x_wconf 84' lang='lat' dir='ltr'><strong>cassum</strong></span> 
     </span>
    </p>
   </div>
   <div class='ocr_carea' id='block_1_66' title="bbox 2152 1474 3741 1543">
    <p class='ocr_par' dir='ltr' id='par_1_66' title="bbox 2152 1474 3741 1543">
     <span class='ocr_line' id='line_1_66' title="bbox 2152 1474 3741 1543; baseline 0 -13"><span class='ocrx_word' id='word_1_495' title='bbox 2152 1477 2270 1532; x_wconf 79' lang='lat' dir='ltr'><strong>inec</strong></span> <span class='ocrx_word' id='word_1_496' title='bbox 2294 1474 2475 1532; x_wconf 88' lang='lat' dir='ltr'><strong>dicere</strong></span> <span class='ocrx_word' id='word_1_497' title='bbox 2499 1517 2514 1543; x_wconf 91' lang='lat'><strong>,</strong></span> <span class='ocrx_word' id='word_1_498' title='bbox 2559 1476 2653 1530; x_wconf 89' lang='lat' dir='ltr'><strong>sed</strong></span> <span class='ocrx_word' id='word_1_499' title='bbox 2686 1492 2791 1530; x_wconf 91' lang='lat' dir='ltr'><strong>non</strong></span> <span class='ocrx_word' id='word_1_500' title='bbox 2820 1475 2981 1531; x_wconf 85' lang='lat' dir='ltr'><strong>finem</strong></span> <span class='ocrx_word' id='word_1_501' title='bbox 3011 1475 3227 1531; x_wconf 86' lang='lat' dir='ltr'><strong>dicendi</strong></span> <span class='ocrx_word' id='word_1_502' title='bbox 3265 1476 3473 1530; x_wconf 78' lang='lat' dir='ltr'><strong>faciam.</strong></span> <span class='ocrx_word' id='word_1_503' title='bbox 3522 1475 3741 1532; x_wconf 83' lang='lat' dir='ltr'><strong>Etiamsi</strong></span> 
     </span>
    </p>
   </div>
   <div class='ocr_carea' id='block_1_67' title="bbox 2148 1566 3744 1643">
    <p class='ocr_par' dir='ltr' id='par_1_67' title="bbox 2148 1566 3744 1643">
     <span class='ocr_line' id='line_1_67' title="bbox 2148 1566 3744 1643; baseline -0.003 -20"><span class='ocrx_word' id='word_1_504' title='bbox 2148 1567 2293 1623; x_wconf 89' lang='lat' dir='ltr'><strong>enim</strong></span> <span class='ocrx_word' id='word_1_505' title='bbox 2337 1580 2527 1621; x_wconf 87' lang='lat' dir='ltr'><strong>omnes</strong></span> <span class='ocrx_word' id='word_1_506' title='bbox 2571 1581 2677 1622; x_wconf 92' lang='lat' dir='ltr'><strong>non</strong></span> <span class='ocrx_word' id='word_1_507' title='bbox 2720 1566 3020 1635; x_wconf 86' lang='lat' dir='ltr'><strong>audieritis,</strong></span> <span class='ocrx_word' id='word_1_508' title='bbox 3063 1567 3158 1623; x_wconf 88' lang='lat' dir='ltr'><strong>sed</strong></span> <span class='ocrx_word' id='word_1_509' title='bbox 3200 1582 3307 1623; x_wconf 91' lang='lat' dir='ltr'><strong>non</strong></span> <span class='ocrx_word' id='word_1_510' title='bbox 3356 1582 3545 1623; x_wconf 85' lang='lat' dir='ltr'><strong>omnes</strong></span> <span class='ocrx_word' id='word_1_511' title='bbox 3583 1581 3744 1643; x_wconf 80' lang='lat' dir='ltr'><strong>repn-</strong></span> 
     </span>
    </p>
   </div>
   <div class='ocr_carea' id='block_1_68' title="bbox 2148 1660 3741 1734">
    <p class='ocr_par' dir='ltr' id='par_1_68' title="bbox 2148 1660 3741 1734">
     <span class='ocr_line' id='line_1_68' title="bbox 2148 1660 3741 1734; baseline 0.001 -19"><span class='ocrx_word' id='word_1_512' title='bbox 2148 1660 2405 1731; x_wconf 79' lang='lat' dir='ltr'><strong>gnabitis;</strong></span> <span class='ocrx_word' id='word_1_513' title='bbox 2436 1660 2545 1715; x_wconf 91' lang='lat' dir='ltr'><strong>imo</strong></span> <span class='ocrx_word' id='word_1_514' title='bbox 2565 1676 2695 1717; x_wconf 88' lang='lat' dir='ltr'><strong>vero</strong></span> <span class='ocrx_word' id='word_1_515' title='bbox 2721 1662 2767 1716; x_wconf 87' lang='lat' dir='ltr'><strong>si</strong></span> <span class='ocrx_word' id='word_1_516' title='bbox 2798 1677 2986 1718; x_wconf 89' lang='lat' dir='ltr'><strong>omnes</strong></span> <span class='ocrx_word' id='word_1_517' title='bbox 3012 1663 3345 1734; x_wconf 85' lang='lat' dir='ltr'><strong>repngnetis,</strong></span> <span class='ocrx_word' id='word_1_518' title='bbox 3370 1662 3498 1718; x_wconf 90' lang='lat' dir='ltr'><strong>mihi</strong></span> <span class='ocrx_word' id='word_1_519' title='bbox 3525 1662 3741 1733; x_wconf 90' lang='lat' dir='ltr'><strong>quidem</strong></span> 
     </span>
    </p>
   </div>
   <div class='ocr_carea' id='block_1_69' title="bbox 2148 1751 3743 1825">
    <p class='ocr_par' dir='ltr' id='par_1_69' title="bbox 2148 1751 3743 1825">
     <span class='ocr_line' id='line_1_69' title="bbox 2148 1751 3743 1825; baseline 0.003 -19"><span class='ocrx_word' id='word_1_520' title='bbox 2148 1752 2322 1820; x_wconf 86' lang='lat' dir='ltr'><strong>major</strong></span> <span class='ocrx_word' id='word_1_521' title='bbox 2350 1765 2580 1820; x_wconf 87' lang='lat' dir='ltr'><strong>merces,</strong></span> <span class='ocrx_word' id='word_1_522' title='bbox 2604 1751 2757 1807; x_wconf 80' lang='lat' dir='ltr'><strong>vobis</strong></span> <span class='ocrx_word' id='word_1_523' title='bbox 2781 1763 2959 1809; x_wconf 86' lang='lat' dir='ltr'><strong>autem</strong></span> <span class='ocrx_word' id='word_1_524' title='bbox 2989 1754 3206 1824; x_wconf 81' lang='lat' dir='ltr'><strong>gravius</strong></span> <span class='ocrx_word' id='word_1_525' title='bbox 3228 1753 3509 1825; x_wconf 87' lang='lat' dir='ltr'><strong>judicium.</strong></span> <span class='ocrx_word' id='word_1_526' title='bbox 3537 1754 3616 1810; x_wconf 80' lang='lat' dir='ltr'><strong>Ne</strong></span> <span class='ocrx_word' id='word_1_527' title='bbox 3648 1755 3743 1824; x_wconf 84' lang='lat' dir='ltr'><strong>igi-</strong></span> 
     </span>
    </p>
   </div>
   <div class='ocr_carea' id='block_1_70' title="bbox 2153 1844 3739 1914">
    <p class='ocr_par' dir='ltr' id='par_1_70' title="bbox 2153 1844 3739 1914">
     <span class='ocr_line' id='line_1_70' title="bbox 2153 1844 3739 1914; baseline 0.001 -17"><span class='ocrx_word' id='word_1_528' title='bbox 2153 1852 2239 1899; x_wconf 89' lang='lat' dir='ltr'><strong>tur</strong></span> <span class='ocrx_word' id='word_1_529' title='bbox 2267 1845 2481 1914; x_wconf 79' lang='lat' dir='ltr'><strong>gravius</strong></span> <span class='ocrx_word' id='word_1_530' title='bbox 2510 1844 2753 1911; x_wconf 87' lang='lat' dir='ltr'><strong>eveniat,</strong></span> <span class='ocrx_word' id='word_1_531' title='bbox 2786 1844 2907 1900; x_wconf 90' lang='lat' dir='ltr'><strong>ideo</strong></span> <span class='ocrx_word' id='word_1_532' title='bbox 2932 1845 3093 1899; x_wconf 83' lang='lat' dir='ltr'><strong>tinem</strong></span> <span class='ocrx_word' id='word_1_533' title='bbox 3120 1845 3333 1902; x_wconf 87' lang='lat' dir='ltr'><strong>dicendi</strong></span> <span class='ocrx_word' id='word_1_534' title='bbox 3365 1861 3472 1900; x_wconf 91' lang='lat' dir='ltr'><strong>non</strong></span> <span class='ocrx_word' id='word_1_535' title='bbox 3500 1845 3691 1901; x_wconf 88' lang='lat' dir='ltr'><strong>faciam</strong></span> <span class='ocrx_word' id='word_1_536' title='bbox 3726 1864 3739 1898; x_wconf 89' lang='lat'><strong>:</strong></span> 
     </span>
    </p>
   </div>
   <div class='ocr_carea' id='block_1_71' title="bbox 2151 1936 3745 2008">
    <p class='ocr_par' dir='ltr' id='par_1_71' title="bbox 2151 1936 3745 2008">
     <span class='ocr_line' id='line_1_71' title="bbox 2151 1936 3745 2008; baseline 0.003 -19"><span class='ocrx_word' id='word_1_537' title='bbox 2151 1936 2397 1990; x_wconf 75' lang='lat' dir='ltr'><strong>fortassis</strong></span> <span class='ocrx_word' id='word_1_538' title='bbox 2420 1937 2563 1991; x_wconf 92' lang='lat' dir='ltr'><strong>enim</strong></span> <span class='ocrx_word' id='word_1_539' title='bbox 2590 1977 2605 2001; x_wconf 95' lang='lat'><strong>,</strong></span> <span class='ocrx_word' id='word_1_540' title='bbox 2644 1936 2889 1992; x_wconf 79' lang='lat' dir='ltr'><strong>fortassis</strong></span> <span class='ocrx_word' id='word_1_541' title='bbox 2911 1951 2976 1992; x_wconf 91' lang='lat' dir='ltr'><strong>ex</strong></span> <span class='ocrx_word' id='word_1_542' title='bbox 3010 1936 3274 2008; x_wconf 84' lang='lat' dir='ltr'><strong>frequenti</strong></span> <span class='ocrx_word' id='word_1_543' title='bbox 3304 1938 3596 1993; x_wconf 90' lang='lat' dir='ltr'><strong>monitione</strong></span> <span class='ocrx_word' id='word_1_544' title='bbox 3624 1954 3745 1993; x_wconf 86' lang='lat' dir='ltr'><strong>sco-</strong></span> 
     </span>
    </p>
   </div>
   <div class='ocr_carea' id='block_1_72' title="bbox 2155 2029 3745 2101">
    <p class='ocr_par' dir='ltr' id='par_1_72' title="bbox 2155 2029 3745 2101">
     <span class='ocr_line' id='line_1_72' title="bbox 2155 2029 3745 2101; baseline 0.001 -18"><span class='ocrx_word' id='word_1_545' title='bbox 2155 2044 2280 2098; x_wconf 91' lang='lat' dir='ltr'><strong>pum</strong></span> <span class='ocrx_word' id='word_1_546' title='bbox 2301 2031 2581 2101; x_wconf 85' lang='lat' dir='ltr'><strong>attingam.</strong></span> <span class='ocrx_word' id='word_1_547' title='bbox 2607 2029 2735 2085; x_wconf 86' lang='lat' dir='ltr'><strong>Ideo</strong></span> <span class='ocrx_word' id='word_1_548' title='bbox 2755 2030 3006 2097; x_wconf 87' lang='lat' dir='ltr'><strong>obsecro,</strong></span> <span class='ocrx_word' id='word_1_549' title='bbox 3033 2039 3094 2085; x_wconf 92' lang='lat' dir='ltr'><strong>ut</strong></span> <span class='ocrx_word' id='word_1_550' title='bbox 3122 2046 3189 2086; x_wconf 92' lang='lat' dir='ltr'><strong>ne</strong></span> <span class='ocrx_word' id='word_1_551' title='bbox 3215 2031 3267 2085; x_wconf 92' lang='lat' dir='ltr'><strong>in</strong></span> <span class='ocrx_word' id='word_1_552' title='bbox 3288 2030 3547 2101; x_wconf 86' lang='lat' dir='ltr'><strong>judicium</strong></span> <span class='ocrx_word' id='word_1_553' title='bbox 3569 2039 3624 2086; x_wconf 90' lang='lat' dir='ltr'><strong>et</strong></span> <span class='ocrx_word' id='word_1_554' title='bbox 3646 2030 3745 2085; x_wconf 88' lang='lat' dir='ltr'><strong>da-</strong></span> 
     </span>
    </p>
   </div>
   <div class='ocr_carea' id='block_1_73' title="bbox 2154 2120 3748 2191">
    <p class='ocr_par' dir='ltr' id='par_1_73' title="bbox 2154 2120 3748 2191">
     <span class='ocr_line' id='line_1_73' title="bbox 2154 2120 3748 2191; baseline 0.001 -14"><span class='ocrx_word' id='word_1_555' title='bbox 2154 2137 2336 2177; x_wconf 90' lang='lat' dir='ltr'><strong>mnum</strong></span> <span class='ocrx_word' id='word_1_556' title='bbox 2365 2120 2466 2177; x_wconf 89' lang='lat' dir='ltr'><strong>hoc</strong></span> <span class='ocrx_word' id='word_1_557' title='bbox 2490 2121 2766 2189; x_wconf 86' lang='lat' dir='ltr'><strong>faciamus,</strong></span> <span class='ocrx_word' id='word_1_558' title='bbox 2790 2121 3088 2177; x_wconf 90' lang='lat' dir='ltr'><strong>nutriamus</strong></span> <span class='ocrx_word' id='word_1_559' title='bbox 3114 2120 3411 2188; x_wconf 86' lang='lat' dir='ltr'><strong>Christum,</strong></span> <span class='ocrx_word' id='word_1_560' title='bbox 3430 2132 3614 2191; x_wconf 90' lang='lat' dir='ltr'><strong>potum</strong></span> <span class='ocrx_word' id='word_1_561' title='bbox 3646 2122 3748 2191; x_wconf 85' lang='lat' dir='ltr'><strong>ipsi</strong></span> 
     </span>
    </p>
   </div>
   <div class='ocr_carea' id='block_1_74' title="bbox 2152 2211 3745 2284">
    <p class='ocr_par' dir='ltr' id='par_1_74' title="bbox 2152 2211 3745 2284">
     <span class='ocr_line' id='line_1_74' title="bbox 2152 2211 3745 2284; baseline -0.001 -17"><span class='ocrx_word' id='word_1_562' title='bbox 2152 2213 2363 2276; x_wconf 91' lang='lat' dir='ltr'><strong>demus,</strong></span> <span class='ocrx_word' id='word_1_563' title='bbox 2388 2211 2671 2267; x_wconf 87' lang='lat' dir='ltr'><strong>induamus</strong></span> <span class='ocrx_word' id='word_1_564' title='bbox 2692 2211 2842 2267; x_wconf 88' lang='lat' dir='ltr'><strong>illum</strong></span> <span class='ocrx_word' id='word_1_565' title='bbox 2877 2230 2891 2266; x_wconf 90' lang='lat'>:</span> <span class='ocrx_word' id='word_1_566' title='bbox 2921 2212 3041 2268; x_wconf 64' lang='lat' dir='ltr'><strong>haec</strong></span> <span class='ocrx_word' id='word_1_567' title='bbox 3069 2212 3158 2267; x_wconf 90' lang='lat' dir='ltr'><strong>illa</strong></span> <span class='ocrx_word' id='word_1_568' title='bbox 3189 2228 3373 2268; x_wconf 90' lang='lat' dir='ltr'><strong>mensa</strong></span> <span class='ocrx_word' id='word_1_569' title='bbox 3403 2213 3561 2284; x_wconf 92' lang='lat' dir='ltr'><strong>digna</strong></span> <span class='ocrx_word' id='word_1_570' title='bbox 3595 2223 3745 2269; x_wconf 89' lang='lat' dir='ltr'><strong>sunt.</strong></span> 
     </span>
    </p>
   </div>
   <div class='ocr_carea' id='block_1_75' title="bbox 2154 2301 3752 2374">
    <p class='ocr_par' dir='ltr' id='par_1_75' title="bbox 2154 2301 3752 2374">
     <span class='ocr_line' id='line_1_75' title="bbox 2154 2301 3752 2374; baseline 0.001 -17"><span class='ocrx_word' id='word_1_571' title='bbox 2154 2302 2363 2357; x_wconf 85' lang='lat' dir='ltr'><strong>Audisti</strong></span> <span class='ocrx_word' id='word_1_572' title='bbox 2401 2315 2585 2357; x_wconf 86' lang='lat' dir='ltr'><strong>sacros</strong></span> <span class='ocrx_word' id='word_1_573' title='bbox 2625 2301 2896 2374; x_wconf 84' lang='lat' dir='ltr'><strong>hymnos?</strong></span> <span class='ocrx_word' id='word_1_574' title='bbox 2921 2303 3105 2357; x_wconf 85' lang='lat' dir='ltr'><strong>vidisti</strong></span> <span class='ocrx_word' id='word_1_575' title='bbox 3154 2304 3366 2373; x_wconf 88' lang='lat' dir='ltr'><strong>nuptias</strong></span> <span class='ocrx_word' id='word_1_576' title='bbox 3404 2304 3752 2374; x_wconf 78' lang='lat' dir='ltr'><strong>spirituales?</strong></span> 
     </span>
    </p>
   </div>
   <div class='ocr_carea' id='block_1_76' title="bbox 2154 2391 3749 2463">
    <p class='ocr_par' dir='ltr' id='par_1_76' title="bbox 2154 2391 3749 2463">
     <span class='ocr_line' id='line_1_76' title="bbox 2154 2391 3749 2463; baseline -0.003 -14"><span class='ocrx_word' id='word_1_577' title='bbox 2154 2402 2415 2463; x_wconf 88' lang='lat' dir='ltr'><strong>exceptus</strong></span> <span class='ocrx_word' id='word_1_578' title='bbox 2437 2392 2579 2447; x_wconf 89' lang='lat' dir='ltr'><strong>fuisti</strong></span> <span class='ocrx_word' id='word_1_579' title='bbox 2602 2391 2670 2447; x_wconf 88' lang='lat' dir='ltr'><strong>ad</strong></span> <span class='ocrx_word' id='word_1_580' title='bbox 2693 2407 2933 2447; x_wconf 87' lang='lat' dir='ltr'><strong>mensam</strong></span> <span class='ocrx_word' id='word_1_581' title='bbox 2957 2393 3193 2461; x_wconf 75' lang='lat' dir='ltr'><strong>regiam?</strong></span> <span class='ocrx_word' id='word_1_582' title='bbox 3216 2393 3451 2461; x_wconf 82' lang='lat' dir='ltr'><strong>repletus</strong></span> <span class='ocrx_word' id='word_1_583' title='bbox 3467 2408 3525 2447; x_wconf 91' lang='lat' dir='ltr'><strong>es</strong></span> <span class='ocrx_word' id='word_1_584' title='bbox 3548 2393 3749 2463; x_wconf 88' lang='lat' dir='ltr'><strong>Spiritu</strong></span> 
     </span>
    </p>
   </div>
   <div class='ocr_carea' id='block_1_77' title="bbox 2156 2480 3750 2553">
    <p class='ocr_par' dir='ltr' id='par_1_77' title="bbox 2156 2480 3750 2553">
     <span class='ocr_line' id='line_1_77' title="bbox 2156 2480 3750 2553; baseline -0.001 -14"><span class='ocrx_word' id='word_1_585' title='bbox 2156 2484 2373 2539; x_wconf 79' lang='lat' dir='ltr'><strong>sancto?</strong></span> <span class='ocrx_word' id='word_1_586' title='bbox 2405 2483 2603 2537; x_wconf 89' lang='lat' dir='ltr'><strong>choros</strong></span> <span class='ocrx_word' id='word_1_587' title='bbox 2643 2483 2801 2553; x_wconf 88' lang='lat' dir='ltr'><strong>egisti</strong></span> <span class='ocrx_word' id='word_1_588' title='bbox 2846 2497 2968 2536; x_wconf 90' lang='lat' dir='ltr'><strong>cum</strong></span> <span class='ocrx_word' id='word_1_589' title='bbox 3013 2480 3360 2551; x_wconf 77' lang='lat' dir='ltr'><strong>Seraphinis?</strong></span> <span class='ocrx_word' id='word_1_590' title='bbox 3399 2482 3577 2537; x_wconf 89' lang='lat' dir='ltr'><strong>socius</strong></span> <span class='ocrx_word' id='word_1_591' title='bbox 3604 2480 3750 2537; x_wconf 89' lang='lat' dir='ltr'><strong>fuisti</strong></span> 
     </span>
    </p>
   </div>
   <div class='ocr_carea' id='block_1_78' title="bbox 2159 2573 3749 2646">
    <p class='ocr_par' dir='ltr' id='par_1_78' title="bbox 2159 2573 3749 2646">
     <span class='ocr_line' id='line_1_78' title="bbox 2159 2573 3749 2646; baseline -0.003 -14"><span class='ocrx_word' id='word_1_592' title='bbox 2159 2590 2514 2646; x_wconf 77' lang='lat' dir='ltr'><strong>supernorum</strong></span> <span class='ocrx_word' id='word_1_593' title='bbox 2547 2575 2903 2645; x_wconf 87' lang='lat' dir='ltr'><strong>potestatum?</strong></span> <span class='ocrx_word' id='word_1_594' title='bbox 2928 2573 3005 2629; x_wconf 85' lang='lat' dir='ltr'><strong>Ne</strong></span> <span class='ocrx_word' id='word_1_595' title='bbox 3028 2584 3223 2628; x_wconf 88' lang='lat' dir='ltr'><strong>tantam</strong></span> <span class='ocrx_word' id='word_1_596' title='bbox 3247 2574 3484 2629; x_wconf 65' lang='lat' dir='ltr'><strong>laetitiam</strong></span> <span class='ocrx_word' id='word_1_597' title='bbox 3506 2574 3749 2644; x_wconf 76' lang='lat' dir='ltr'><strong>abjicias,</strong></span> 
     </span>
    </p>
   </div>
   <div class='ocr_carea' id='block_1_79' title="bbox 2159 2665 3748 2733">
    <p class='ocr_par' dir='ltr' id='par_1_79' title="bbox 2159 2665 3748 2733">
     <span class='ocr_line' id='line_1_79' title="bbox 2159 2665 3748 2733; baseline -0.001 -11"><span class='ocrx_word' id='word_1_598' title='bbox 2159 2684 2227 2723; x_wconf 91' lang='lat' dir='ltr'><strong>ne</strong></span> <span class='ocrx_word' id='word_1_599' title='bbox 2253 2666 2497 2723; x_wconf 84' lang='lat' dir='ltr'><strong>eﬂ‘undas</strong></span> <span class='ocrx_word' id='word_1_600' title='bbox 2524 2666 2838 2722; x_wconf 88' lang='lat' dir='ltr'><strong>thesaurum</strong></span> <span class='ocrx_word' id='word_1_601' title='bbox 2859 2707 2875 2733; x_wconf 88' lang='lat'><strong>,</strong></span> <span class='ocrx_word' id='word_1_602' title='bbox 2909 2681 2975 2721; x_wconf 92' lang='lat' dir='ltr'><strong>ne</strong></span> <span class='ocrx_word' id='word_1_603' title='bbox 3006 2665 3227 2721; x_wconf 84' lang='lat' dir='ltr'><strong>inducas</strong></span> <span class='ocrx_word' id='word_1_604' title='bbox 3253 2665 3568 2722; x_wconf 87' lang='lat' dir='ltr'><strong>ebrietatem</strong></span> <span class='ocrx_word' id='word_1_605' title='bbox 3610 2681 3748 2721; x_wconf 74' lang='lat' dir='ltr'><strong>mm-</strong></span> 
     </span>
    </p>
   </div>
   <div class='ocr_carea' id='block_1_80' title="bbox 2158 2758 3752 2829">
    <p class='ocr_par' dir='ltr' id='par_1_80' title="bbox 2158 2758 3752 2829">
     <span class='ocr_line' id='line_1_80' title="bbox 2158 2758 3752 2829; baseline -0.002 -14"><span class='ocrx_word' id='word_1_606' title='bbox 2158 2761 2297 2815; x_wconf 87' lang='lat' dir='ltr'><strong>ruris</strong></span> <span class='ocrx_word' id='word_1_607' title='bbox 2339 2769 2563 2814; x_wconf 89' lang='lat' dir='ltr'><strong>matrem</strong></span> <span class='ocrx_word' id='word_1_608' title='bbox 2585 2801 2601 2826; x_wconf 89' lang='lat'><strong>,</strong></span> <span class='ocrx_word' id='word_1_609' title='bbox 2630 2758 2828 2813; x_wconf 92' lang='lat' dir='ltr'><strong>diaboli</strong></span> <span class='ocrx_word' id='word_1_610' title='bbox 2866 2758 3116 2829; x_wconf 85' lang='lat' dir='ltr'><strong>gaudium</strong></span> <span class='ocrx_word' id='word_1_611' title='bbox 3141 2800 3154 2822; x_wconf 91' lang='lat'><strong>,</strong></span> <span class='ocrx_word' id='word_1_612' title='bbox 3190 2759 3336 2814; x_wconf 88' lang='lat' dir='ltr'><strong>mille</strong></span> <span class='ocrx_word' id='word_1_613' title='bbox 3364 2758 3503 2813; x_wconf 87' lang='lat' dir='ltr'><strong>mala</strong></span> <span class='ocrx_word' id='word_1_614' title='bbox 3532 2760 3752 2828; x_wconf 90' lang='lat' dir='ltr'><strong>parien-</strong></span> 
     </span>
    </p>
   </div>
   <div class='ocr_carea' id='block_1_81' title="bbox 2162 2846 3752 2917">
    <p class='ocr_par' dir='ltr' id='par_1_81' title="bbox 2162 2846 3752 2917">
     <span class='ocr_line' id='line_1_81' title="bbox 2162 2846 3752 2917; baseline -0.001 -14"><span class='ocrx_word' id='word_1_615' title='bbox 2162 2860 2291 2903; x_wconf 89' lang='lat' dir='ltr'><strong>tcm.</strong></span> <span class='ocrx_word' id='word_1_616' title='bbox 2323 2849 2458 2903; x_wconf 91' lang='lat' dir='ltr'><strong>llinc</strong></span> <span class='ocrx_word' id='word_1_617' title='bbox 2481 2847 2624 2903; x_wconf 91' lang='lat' dir='ltr'><strong>enim</strong></span> <span class='ocrx_word' id='word_1_618' title='bbox 2654 2858 2732 2904; x_wconf 88' lang='lat' dir='ltr'><strong>est</strong></span> <span class='ocrx_word' id='word_1_619' title='bbox 2764 2863 2985 2902; x_wconf 88' lang='lat' dir='ltr'><strong>somnus</strong></span> <span class='ocrx_word' id='word_1_620' title='bbox 3009 2848 3167 2902; x_wconf 91' lang='lat' dir='ltr'><strong>morti</strong></span> <span class='ocrx_word' id='word_1_621' title='bbox 3194 2848 3405 2912; x_wconf 89' lang='lat' dir='ltr'><strong>similis,</strong></span> <span class='ocrx_word' id='word_1_622' title='bbox 3434 2846 3563 2902; x_wconf 86' lang='lat' dir='ltr'><strong>hinc</strong></span> <span class='ocrx_word' id='word_1_623' title='bbox 3591 2862 3752 2917; x_wconf 85' lang='lat' dir='ltr'><strong>sepo-</strong></span> 
     </span>
    </p>
   </div>
   <div class='ocr_carea' id='block_1_82' title="bbox 2161 2936 3756 3010">
    <p class='ocr_par' dir='ltr' id='par_1_82' title="bbox 2161 2936 3756 3010">
     <span class='ocr_line' id='line_1_82' title="bbox 2161 2936 3756 3010; baseline -0.001 -15"><span class='ocrx_word' id='word_1_624' title='bbox 2161 2953 2271 3005; x_wconf 88' lang='lat' dir='ltr'><strong>res,</strong></span> <span class='ocrx_word' id='word_1_625' title='bbox 2310 2939 2504 3005; x_wconf 90' lang='lat' dir='ltr'><strong>morbi,</strong></span> <span class='ocrx_word' id='word_1_626' title='bbox 2537 2938 2768 3004; x_wconf 88' lang='lat' dir='ltr'><strong>oblivio,</strong></span> <span class='ocrx_word' id='word_1_627' title='bbox 2798 2938 2988 2991; x_wconf 90' lang='lat' dir='ltr'><strong>mortis</strong></span> <span class='ocrx_word' id='word_1_628' title='bbox 3018 2937 3211 3007; x_wconf 86' lang='lat' dir='ltr'><strong>imago.</strong></span> <span class='ocrx_word' id='word_1_629' title='bbox 3251 2936 3394 2993; x_wconf 87' lang='lat' dir='ltr'><strong>Sane</strong></span> <span class='ocrx_word' id='word_1_630' title='bbox 3422 2940 3549 2994; x_wconf 91' lang='lat' dir='ltr'><strong>vino</strong></span> <span class='ocrx_word' id='word_1_631' title='bbox 3577 2939 3756 3010; x_wconf 84' lang='lat' dir='ltr'><strong>ingur-</strong></span> 
     </span>
    </p>
   </div>
   <div class='ocr_carea' id='block_1_83' title="bbox 2161 3028 3755 3101">
    <p class='ocr_par' dir='ltr' id='par_1_83' title="bbox 2161 3028 3755 3101">
     <span class='ocr_line' id='line_1_83' title="bbox 2161 3028 3755 3101; baseline -0.001 -17"><span class='ocrx_word' id='word_1_632' title='bbox 2161 3033 2359 3101; x_wconf 86' lang='lat' dir='ltr'><strong>gitatus</strong></span> <span class='ocrx_word' id='word_1_633' title='bbox 2402 3029 2639 3085; x_wconf 87' lang='lat' dir='ltr'><strong>nolueris</strong></span> <span class='ocrx_word' id='word_1_634' title='bbox 2678 3044 2799 3085; x_wconf 91' lang='lat' dir='ltr'><strong>cum</strong></span> <span class='ocrx_word' id='word_1_635' title='bbox 2849 3029 3023 3083; x_wconf 88' lang='lat' dir='ltr'><strong>amico</strong></span> <span class='ocrx_word' id='word_1_636' title='bbox 3060 3028 3349 3099; x_wconf 88' lang='lat' dir='ltr'><strong>congredi;</strong></span> <span class='ocrx_word' id='word_1_637' title='bbox 3397 3038 3451 3085; x_wconf 92' lang='lat' dir='ltr'><strong>et</strong></span> <span class='ocrx_word' id='word_1_638' title='bbox 3486 3029 3755 3085; x_wconf 86' lang='lat' dir='ltr'><strong>Christum</strong></span> 
     </span>
    </p>
   </div>
   <div class='ocr_carea' id='block_1_84' title="bbox 2166 3120 3758 3191">
    <p class='ocr_par' dir='ltr' id='par_1_84' title="bbox 2166 3120 3758 3191">
     <span class='ocr_line' id='line_1_84' title="bbox 2166 3120 3758 3191; baseline 0.001 -17"><span class='ocrx_word' id='word_1_639' title='bbox 2166 3121 2309 3177; x_wconf 89' lang='lat' dir='ltr'><strong>intus</strong></span> <span class='ocrx_word' id='word_1_640' title='bbox 2337 3120 2560 3187; x_wconf 87' lang='lat' dir='ltr'><strong>habens,</strong></span> <span class='ocrx_word' id='word_1_641' title='bbox 2585 3134 2768 3191; x_wconf 69' lang='lat' dir='ltr'><strong>quaeso</strong></span> <span class='ocrx_word' id='word_1_642' title='bbox 2792 3129 2863 3183; x_wconf 91' lang='lat' dir='ltr'><strong>te,</strong></span> <span class='ocrx_word' id='word_1_643' title='bbox 2889 3129 3092 3175; x_wconf 86' lang='lat' dir='ltr'><strong>tantam</strong></span> <span class='ocrx_word' id='word_1_644' title='bbox 3113 3120 3312 3176; x_wconf 86' lang='lat' dir='ltr'><strong>audeas</strong></span> <span class='ocrx_word' id='word_1_645' title='bbox 3338 3120 3558 3191; x_wconf 73' lang='lat' dir='ltr'><strong>injicere</strong></span> <span class='ocrx_word' id='word_1_646' title='bbox 3585 3130 3758 3176; x_wconf 89' lang='lat' dir='ltr'><strong>temu—</strong></span> 
     </span>
    </p>
   </div>
   <div class='ocr_carea' id='block_1_85' title="bbox 2166 3210 3758 3281">
    <p class='ocr_par' dir='ltr' id='par_1_85' title="bbox 2166 3210 3758 3281">
     <span class='ocr_line' id='line_1_85' title="bbox 2166 3210 3758 3281; baseline 0.002 -19"><span class='ocrx_word' id='word_1_647' title='bbox 2166 3210 2421 3266; x_wconf 84' lang='lat' dir='ltr'><strong>lentiam?</strong></span> <span class='ocrx_word' id='word_1_648' title='bbox 2451 3213 2519 3265; x_wconf 82' lang='lat' dir='ltr'><strong>At</strong></span> <span class='ocrx_word' id='word_1_649' title='bbox 2544 3210 2762 3266; x_wconf 88' lang='lat' dir='ltr'><strong>delicias</strong></span> <span class='ocrx_word' id='word_1_650' title='bbox 2790 3210 2978 3265; x_wconf 78' lang='lat' dir='ltr'><strong>amas?</strong></span> <span class='ocrx_word' id='word_1_651' title='bbox 3008 3210 3151 3281; x_wconf 87' lang='lat' dir='ltr'><strong>Ergo</strong></span> <span class='ocrx_word' id='word_1_652' title='bbox 3178 3210 3300 3265; x_wconf 86' lang='lat' dir='ltr'><strong>ideo</strong></span> <span class='ocrx_word' id='word_1_653' title='bbox 3321 3211 3567 3267; x_wconf 87' lang='lat' dir='ltr'><strong>ebrietati</strong></span> <span class='ocrx_word' id='word_1_654' title='bbox 3596 3212 3758 3266; x_wconf 88' lang='lat' dir='ltr'><strong>finem</strong></span> 
     </span>
    </p>
   </div>
   <div class='ocr_carea' id='block_1_86' title="bbox 2169 3302 3755 3374">
    <p class='ocr_par' dir='ltr' id='par_1_86' title="bbox 2169 3302 3755 3374">
     <span class='ocr_line' id='line_1_86' title="bbox 2169 3302 3755 3374; baseline -0.001 -16"><span class='ocrx_word' id='word_1_655' title='bbox 2169 3304 2405 3374; x_wconf 85' lang='lat' dir='ltr'><strong>impone.</strong></span> <span class='ocrx_word' id='word_1_656' title='bbox 2451 3302 2582 3356; x_wconf 90' lang='lat' dir='ltr'><strong>Nam</strong></span> <span class='ocrx_word' id='word_1_657' title='bbox 2624 3317 2726 3372; x_wconf 91' lang='lat' dir='ltr'><strong>ego</strong></span> <span class='ocrx_word' id='word_1_658' title='bbox 2769 3311 2820 3356; x_wconf 89' lang='lat' dir='ltr'><strong>te</strong></span> <span class='ocrx_word' id='word_1_659' title='bbox 2865 3303 2916 3356; x_wconf 91' lang='lat' dir='ltr'><strong>in</strong></span> <span class='ocrx_word' id='word_1_660' title='bbox 2953 3303 3096 3357; x_wconf 88' lang='lat' dir='ltr'><strong>veris</strong></span> <span class='ocrx_word' id='word_1_661' title='bbox 3138 3302 3344 3359; x_wconf 90' lang='lat' dir='ltr'><strong>deliciis</strong></span> <span class='ocrx_word' id='word_1_662' title='bbox 3380 3305 3581 3359; x_wconf 86' lang='lat' dir='ltr'><strong>versari</strong></span> <span class='ocrx_word' id='word_1_663' title='bbox 3613 3304 3755 3369; x_wconf 75' lang='lat' dir='ltr'><strong>wlo,</strong></span> 
     </span>
    </p>
   </div>
   <div class='ocr_carea' id='block_1_87' title="bbox 2167 3393 3759 3465">
    <p class='ocr_par' dir='ltr' id='par_1_87' title="bbox 2167 3393 3759 3465">
     <span class='ocr_line' id='line_1_87' title="bbox 2167 3393 3759 3465; baseline 0.001 -18"><span class='ocrx_word' id='word_1_664' title='bbox 2167 3408 2289 3465; x_wconf 72' lang='lat' dir='ltr'><strong>qua:</strong></span> <span class='ocrx_word' id='word_1_665' title='bbox 2317 3408 2605 3463; x_wconf 88' lang='lat' dir='ltr'><strong>numquam</strong></span> <span class='ocrx_word' id='word_1_666' title='bbox 2637 3403 2988 3447; x_wconf 86' lang='lat' dir='ltr'><strong>marcescant.</strong></span> <span class='ocrx_word' id='word_1_667' title='bbox 3020 3393 3275 3461; x_wconf 56' lang='lat' dir='ltr'><strong>Quaenam</strong></span> <span class='ocrx_word' id='word_1_668' title='bbox 3303 3408 3434 3465; x_wconf 84' lang='lat' dir='ltr'><strong>ergo</strong></span> <span class='ocrx_word' id='word_1_669' title='bbox 3464 3405 3586 3448; x_wconf 89' lang='lat' dir='ltr'><strong>sunt</strong></span> <span class='ocrx_word' id='word_1_670' title='bbox 3616 3410 3759 3450; x_wconf 78' lang='lat' dir='ltr'><strong>vera:</strong></span> 
     </span>
    </p>
   </div>
   <div class='ocr_carea' id='block_1_88' title="bbox 2169 3485 3759 3557">
    <p class='ocr_par' dir='ltr' id='par_1_88' title="bbox 2169 3485 3759 3557">
     <span class='ocr_line' id='line_1_88' title="bbox 2169 3485 3759 3557; baseline -0.001 -15"><span class='ocrx_word' id='word_1_671' title='bbox 2169 3487 2395 3549; x_wconf 69' lang='lat' dir='ltr'><strong>deliciae,</strong></span> <span class='ocrx_word' id='word_1_672' title='bbox 2436 3501 2554 3554; x_wconf 66' lang='lat' dir='ltr'><strong>quas</strong></span> <span class='ocrx_word' id='word_1_673' title='bbox 2596 3501 2810 3557; x_wconf 89' lang='lat' dir='ltr'><strong>semper</strong></span> <span class='ocrx_word' id='word_1_674' title='bbox 2846 3485 3113 3544; x_wconf 81' lang='lat' dir='ltr'><strong>ﬂoreant?</strong></span> <span class='ocrx_word' id='word_1_675' title='bbox 3150 3485 3233 3539; x_wconf 77' lang='lat' dir='ltr'><strong>Ad</strong></span> <span class='ocrx_word' id='word_1_676' title='bbox 3274 3486 3555 3557; x_wconf 88' lang='lat' dir='ltr'><strong>prandium</strong></span> <span class='ocrx_word' id='word_1_677' title='bbox 3597 3487 3759 3541; x_wconf 86' lang='lat' dir='ltr'><strong>invita</strong></span> 
     </span>
    </p>
   </div>
   <div class='ocr_carea' id='block_1_89' title="bbox 2170 3576 3760 3647">
    <p class='ocr_par' dir='ltr' id='par_1_89' title="bbox 2170 3576 3760 3647">
     <span class='ocr_line' id='line_1_89' title="bbox 2170 3576 3760 3647; baseline 0.001 -15"><span class='ocrx_word' id='word_1_678' title='bbox 2170 3578 2467 3643; x_wconf 87' lang='lat' dir='ltr'><strong>Christum,</strong></span> <span class='ocrx_word' id='word_1_679' title='bbox 2497 3584 2581 3630; x_wconf 89' lang='lat' dir='ltr'><strong>tua</strong></span> <span class='ocrx_word' id='word_1_680' title='bbox 2609 3576 2681 3630; x_wconf 91' lang='lat' dir='ltr'><strong>illi</strong></span> <span class='ocrx_word' id='word_1_681' title='bbox 2716 3576 2947 3646; x_wconf 89' lang='lat' dir='ltr'><strong>imperti,</strong></span> <span class='ocrx_word' id='word_1_682' title='bbox 2978 3576 3063 3631; x_wconf 90' lang='lat' dir='ltr'><strong>vel</strong></span> <span class='ocrx_word' id='word_1_683' title='bbox 3091 3577 3268 3647; x_wconf 90' lang='lat' dir='ltr'><strong>potius</strong></span> <span class='ocrx_word' id='word_1_684' title='bbox 3296 3592 3391 3632; x_wconf 90' lang='lat' dir='ltr'><strong>sua</strong></span> <span class='ocrx_word' id='word_1_685' title='bbox 3420 3595 3433 3632; x_wconf 86' lang='lat'><strong>:</strong></span> <span class='ocrx_word' id='word_1_686' title='bbox 3462 3578 3563 3633; x_wconf 85' lang='lat' dir='ltr'><strong>hoc</strong></span> <span class='ocrx_word' id='word_1_687' title='bbox 3590 3578 3760 3633; x_wconf 90' lang='lat' dir='ltr'><strong>inter-</strong></span> 
     </span>
    </p>
   </div>
   <div class='ocr_carea' id='block_1_90' title="bbox 2172 3667 3760 3739">
    <p class='ocr_par' dir='ltr' id='par_1_90' title="bbox 2172 3667 3760 3739">
     <span class='ocr_line' id='line_1_90' title="bbox 2172 3667 3760 3739; baseline 0.001 -15"><span class='ocrx_word' id='word_1_688' title='bbox 2172 3668 2478 3725; x_wconf 89' lang='lat' dir='ltr'><strong>minabilem</strong></span> <span class='ocrx_word' id='word_1_689' title='bbox 2504 3667 2663 3722; x_wconf 84' lang='lat' dir='ltr'><strong>habet</strong></span> <span class='ocrx_word' id='word_1_690' title='bbox 2691 3676 2745 3722; x_wconf 92' lang='lat' dir='ltr'><strong>ct</strong></span> <span class='ocrx_word' id='word_1_691' title='bbox 2768 3683 2983 3737; x_wconf 91' lang='lat' dir='ltr'><strong>semper</strong></span> <span class='ocrx_word' id='word_1_692' title='bbox 3002 3667 3283 3724; x_wconf 84' lang='lat' dir='ltr'><strong>florentem</strong></span> <span class='ocrx_word' id='word_1_693' title='bbox 3306 3668 3654 3739; x_wconf 90' lang='lat' dir='ltr'><strong>voluptatem.</strong></span> <span class='ocrx_word' id='word_1_694' title='bbox 3688 3673 3760 3726; x_wconf 80' lang='lat' dir='ltr'><strong>At</strong></span> 
     </span>
    </p>
   </div>
   <div class='ocr_carea' id='block_1_91' title="bbox 2174 3758 3763 3828">
    <p class='ocr_par' dir='ltr' id='par_1_91' title="bbox 2174 3758 3763 3828">
     <span class='ocr_line' id='line_1_91' title="bbox 2174 3758 3763 3828; baseline 0 -15"><span class='ocrx_word' id='word_1_695' title='bbox 2174 3774 2279 3814; x_wconf 93' lang='lat' dir='ltr'><strong>non</strong></span> <span class='ocrx_word' id='word_1_696' title='bbox 2306 3758 2421 3814; x_wconf 59' lang='lat' dir='ltr'><strong>hac</strong></span> <span class='ocrx_word' id='word_1_697' title='bbox 2446 3758 2660 3813; x_wconf 89' lang='lat' dir='ltr'><strong>sensilia</strong></span> <span class='ocrx_word' id='word_1_698' title='bbox 2688 3775 2701 3811; x_wconf 91' lang='lat'>:</span> <span class='ocrx_word' id='word_1_699' title='bbox 2724 3758 2905 3812; x_wconf 87' lang='lat' dir='ltr'><strong>statim</strong></span> <span class='ocrx_word' id='word_1_700' title='bbox 2928 3759 3073 3813; x_wconf 91' lang='lat' dir='ltr'><strong>enim</strong></span> <span class='ocrx_word' id='word_1_701' title='bbox 3094 3774 3214 3813; x_wconf 90' lang='lat' dir='ltr'><strong>cum</strong></span> <span class='ocrx_word' id='word_1_702' title='bbox 3245 3774 3541 3828; x_wconf 88' lang='lat' dir='ltr'><strong>apparuere</strong></span> <span class='ocrx_word' id='word_1_703' title='bbox 3568 3775 3763 3814; x_wconf 86' lang='lat' dir='ltr'><strong>evane-</strong></span> 
     </span>
    </p>
   </div>
   <div class='ocr_carea' id='block_1_92' title="bbox 2173 3848 3762 3919">
    <p class='ocr_par' dir='ltr' id='par_1_92' title="bbox 2173 3848 3762 3919">
     <span class='ocr_line' id='line_1_92' title="bbox 2173 3848 3762 3919; baseline -0.001 -12"><span class='ocrx_word' id='word_1_704' title='bbox 2173 3859 2365 3915; x_wconf 90' lang='lat' dir='ltr'><strong>scunt;</strong></span> <span class='ocrx_word' id='word_1_705' title='bbox 2395 3858 2447 3905; x_wconf 90' lang='lat' dir='ltr'><strong>et</strong></span> <span class='ocrx_word' id='word_1_706' title='bbox 2471 3850 2561 3919; x_wconf 92' lang='lat' dir='ltr'><strong>qui</strong></span> <span class='ocrx_word' id='word_1_707' title='bbox 2581 3848 2790 3904; x_wconf 89' lang='lat' dir='ltr'><strong>deliciis</strong></span> <span class='ocrx_word' id='word_1_708' title='bbox 2810 3864 3029 3919; x_wconf 88' lang='lat' dir='ltr'><strong>operam</strong></span> <span class='ocrx_word' id='word_1_709' title='bbox 3051 3849 3220 3916; x_wconf 88' lang='lat' dir='ltr'><strong>dedit,</strong></span> <span class='ocrx_word' id='word_1_710' title='bbox 3254 3866 3360 3904; x_wconf 90' lang='lat' dir='ltr'><strong>non</strong></span> <span class='ocrx_word' id='word_1_711' title='bbox 3387 3851 3613 3906; x_wconf 89' lang='lat' dir='ltr'><strong>meliore</strong></span> <span class='ocrx_word' id='word_1_712' title='bbox 3643 3866 3762 3906; x_wconf 89' lang='lat' dir='ltr'><strong>cou-</strong></span> 
     </span>
    </p>
   </div>
   <div class='ocr_carea' id='block_1_93' title="bbox 2175 3939 3765 4011">
    <p class='ocr_par' dir='ltr' id='par_1_93' title="bbox 2175 3939 3765 4011">
     <span class='ocr_line' id='line_1_93' title="bbox 2175 3939 3765 4011; baseline 0 -15"><span class='ocrx_word' id='word_1_713' title='bbox 2175 3942 2379 3996; x_wconf 91' lang='lat' dir='ltr'><strong>ditione</strong></span> <span class='ocrx_word' id='word_1_714' title='bbox 2404 3941 2525 4005; x_wconf 92' lang='lat' dir='ltr'><strong>erit,</strong></span> <span class='ocrx_word' id='word_1_715' title='bbox 2557 3954 2714 4008; x_wconf 88' lang='lat' dir='ltr'><strong>quam</strong></span> <span class='ocrx_word' id='word_1_716' title='bbox 2741 3939 2831 4008; x_wconf 92' lang='lat' dir='ltr'><strong>qui</strong></span> <span class='ocrx_word' id='word_1_717' title='bbox 2863 3954 2969 3993; x_wconf 91' lang='lat' dir='ltr'><strong>non</strong></span> <span class='ocrx_word' id='word_1_718' title='bbox 2994 3940 3275 3994; x_wconf 87' lang='lat' dir='ltr'><strong>deliciatus</strong></span> <span class='ocrx_word' id='word_1_719' title='bbox 3301 3947 3411 4004; x_wconf 89' lang='lat' dir='ltr'><strong>est;</strong></span> <span class='ocrx_word' id='word_1_720' title='bbox 3445 3940 3554 3994; x_wconf 88' lang='lat' dir='ltr'><strong>imo</strong></span> <span class='ocrx_word' id='word_1_721' title='bbox 3580 3942 3765 4011; x_wconf 85' lang='lat' dir='ltr'><strong>pejore</strong></span> 
     </span>
    </p>
   </div>
   <div class='ocr_carea' id='block_1_94' title="bbox 2176 4027 3765 4099">
    <p class='ocr_par' dir='ltr' id='par_1_94' title="bbox 2176 4027 3765 4099">
     <span class='ocr_line' id='line_1_94' title="bbox 2176 4027 3765 4099; baseline 0.003 -14"><span class='ocrx_word' id='word_1_722' title='bbox 2176 4032 2299 4085; x_wconf 89' lang='lat' dir='ltr'><strong>erit.</strong></span> <span class='ocrx_word' id='word_1_723' title='bbox 2328 4029 2462 4084; x_wconf 85' lang='lat' dir='ltr'><strong>Nam</strong></span> <span class='ocrx_word' id='word_1_724' title='bbox 2494 4029 2590 4083; x_wconf 90' lang='lat' dir='ltr'><strong>ille</strong></span> <span class='ocrx_word' id='word_1_725' title='bbox 2617 4027 2831 4097; x_wconf 90' lang='lat' dir='ltr'><strong>quidem</strong></span> <span class='ocrx_word' id='word_1_726' title='bbox 2862 4029 3015 4097; x_wconf 90' lang='lat' dir='ltr'><strong>quasi</strong></span> <span class='ocrx_word' id='word_1_727' title='bbox 3046 4029 3097 4082; x_wconf 92' lang='lat' dir='ltr'><strong>in</strong></span> <span class='ocrx_word' id='word_1_728' title='bbox 3129 4038 3286 4099; x_wconf 89' lang='lat' dir='ltr'><strong>portu</strong></span> <span class='ocrx_word' id='word_1_729' title='bbox 3311 4030 3495 4097; x_wconf 85' lang='lat' dir='ltr'><strong>sedet;</strong></span> <span class='ocrx_word' id='word_1_730' title='bbox 3524 4030 3609 4088; x_wconf 87' lang='lat' dir='ltr'><strong>hic</strong></span> <span class='ocrx_word' id='word_1_731' title='bbox 3634 4049 3765 4089; x_wconf 88' lang='lat' dir='ltr'><strong>vero</strong></span> 
     </span>
    </p>
   </div>
   <div class='ocr_carea' id='block_1_95' title="bbox 2178 4117 3762 4186">
    <p class='ocr_par' dir='ltr' id='par_1_95' title="bbox 2178 4117 3762 4186">
     <span class='ocr_line' id='line_1_95' title="bbox 2178 4117 3762 4186; baseline 0.003 -13"><span class='ocrx_word' id='word_1_732' title='bbox 2178 4133 2278 4173; x_wconf 89' lang='lat' dir='ltr'><strong>ceu</strong></span> <span class='ocrx_word' id='word_1_733' title='bbox 2319 4126 2615 4172; x_wconf 90' lang='lat' dir='ltr'><strong>torrentem</strong></span> <span class='ocrx_word' id='word_1_734' title='bbox 2660 4117 2945 4186; x_wconf 88' lang='lat' dir='ltr'><strong>quemdam</strong></span> <span class='ocrx_word' id='word_1_735' title='bbox 2986 4127 3041 4172; x_wconf 88' lang='lat' dir='ltr'><strong>et</strong></span> <span class='ocrx_word' id='word_1_736' title='bbox 3082 4119 3393 4175; x_wconf 89' lang='lat' dir='ltr'><strong>morborum</strong></span> <span class='ocrx_word' id='word_1_737' title='bbox 3427 4121 3762 4179; x_wconf 88' lang='lat' dir='ltr'><strong>obsidionem</strong></span> 
     </span>
    </p>
   </div>
   <div class='ocr_carea' id='block_1_96' title="bbox 2180 4205 3827 4284">
    <p class='ocr_par' dir='ltr' id='par_1_96' title="bbox 2180 4205 3827 4284">
     <span class='ocr_line' id='line_1_96' title="bbox 2180 4205 3827 4284; baseline 0.004 -21"><span class='ocrx_word' id='word_1_738' title='bbox 2180 4209 2409 4278; x_wconf 84' lang='lat' dir='ltr'><strong>excepit,</strong></span> <span class='ocrx_word' id='word_1_739' title='bbox 2438 4216 2491 4262; x_wconf 92' lang='lat' dir='ltr'><strong>et</strong></span> <span class='ocrx_word' id='word_1_740' title='bbox 2516 4222 2583 4261; x_wconf 91' lang='lat' dir='ltr'><strong>ne</strong></span> <span class='ocrx_word' id='word_1_741' title='bbox 2606 4206 2743 4263; x_wconf 86' lang='lat' dir='ltr'><strong>hanc</strong></span> <span class='ocrx_word' id='word_1_742' title='bbox 2764 4207 2979 4279; x_wconf 90' lang='lat' dir='ltr'><strong>quidem</strong></span> <span class='ocrx_word' id='word_1_743' title='bbox 3001 4208 3141 4266; x_wconf 92' lang='lat' dir='ltr'><strong>ferre</strong></span> <span class='ocrx_word' id='word_1_744' title='bbox 3162 4220 3340 4282; x_wconf 88' lang='lat' dir='ltr'><strong>potest</strong></span> <span class='ocrx_word' id='word_1_745' title='bbox 3367 4221 3759 4284; x_wconf 88' lang='lat' dir='ltr'><strong>tempestatem.</strong></span> <span class='ocrx_word' id='word_1_746' title='bbox 3806 4205 3827 4223; x_wconf 78' lang='grc'><strong>⁹</strong></span> 
     </span>
    </p>
   </div>
   <div class='ocr_carea' id='block_1_97' title="bbox 2179 4299 3761 4371">
    <p class='ocr_par' dir='ltr' id='par_1_97' title="bbox 2179 4299 3761 4371">
     <span class='ocr_line' id='line_1_97' title="bbox 2179 4299 3761 4371; baseline 0.006 -18"><span class='ocrx_word' id='word_1_747' title='bbox 2179 4299 2257 4353; x_wconf 82' lang='lat' dir='ltr'><strong>Ne</strong></span> <span class='ocrx_word' id='word_1_748' title='bbox 2289 4299 2402 4354; x_wconf 71' lang='lat' dir='ltr'><strong>haec</strong></span> <span class='ocrx_word' id='word_1_749' title='bbox 2428 4300 2607 4369; x_wconf 89' lang='lat' dir='ltr'><strong>itaque</strong></span> <span class='ocrx_word' id='word_1_750' title='bbox 2631 4300 2981 4371; x_wconf 86' lang='lat' dir='ltr'><strong>contingant,</strong></span> <span class='ocrx_word' id='word_1_751' title='bbox 3014 4301 3439 4358; x_wconf 89' lang='lat' dir='ltr'><strong>moderationem</strong></span> <span class='ocrx_word' id='word_1_752' title='bbox 3471 4314 3761 4362; x_wconf 86' lang='lat' dir='ltr'><strong>sectemur.</strong></span> 
     </span>
    </p>
   </div>
   <div class='ocr_carea' id='block_1_98' title="bbox 2182 4390 3766 4463">
    <p class='ocr_par' dir='ltr' id='par_1_98' title="bbox 2182 4390 3766 4463">
     <span class='ocr_line' id='line_1_98' title="bbox 2182 4390 3766 4463; baseline 0.004 -18"><span class='ocrx_word' id='word_1_753' title='bbox 2182 4390 2256 4446; x_wconf 86' lang='lat' dir='ltr'><strong>ita</strong></span> <span class='ocrx_word' id='word_1_754' title='bbox 2303 4391 2442 4446; x_wconf 89' lang='lat' dir='ltr'><strong>enim</strong></span> <span class='ocrx_word' id='word_1_755' title='bbox 2483 4402 2538 4447; x_wconf 91' lang='lat' dir='ltr'><strong>et</strong></span> <span class='ocrx_word' id='word_1_756' title='bbox 2580 4406 2807 4463; x_wconf 88' lang='lat' dir='ltr'><strong>corpore</strong></span> <span class='ocrx_word' id='word_1_757' title='bbox 2846 4393 2984 4447; x_wconf 89' lang='lat' dir='ltr'><strong>bene</strong></span> <span class='ocrx_word' id='word_1_758' title='bbox 3013 4393 3327 4461; x_wconf 89' lang='lat' dir='ltr'><strong>valebimus,</strong></span> <span class='ocrx_word' id='word_1_759' title='bbox 3354 4403 3409 4450; x_wconf 92' lang='lat' dir='ltr'><strong>et</strong></span> <span class='ocrx_word' id='word_1_760' title='bbox 3443 4395 3678 4450; x_wconf 84' lang='lat' dir='ltr'><strong>animam</strong></span> <span class='ocrx_word' id='word_1_761' title='bbox 3711 4397 3766 4451; x_wconf 92' lang='lat' dir='ltr'><strong>in</strong></span> 
     </span>
    </p>
   </div>
   <div class='ocr_carea' id='block_1_99' title="bbox 2183 4484 3766 4558">
    <p class='ocr_par' dir='ltr' id='par_1_99' title="bbox 2183 4484 3766 4558">
     <span class='ocr_line' id='line_1_99' title="bbox 2183 4484 3766 4558; baseline 0.002 -18"><span class='ocrx_word' id='word_1_762' title='bbox 2183 4493 2296 4540; x_wconf 92' lang='lat' dir='ltr'><strong>tuto</strong></span> <span class='ocrx_word' id='word_1_763' title='bbox 2322 4486 2725 4553; x_wconf 85' lang='lat' dir='ltr'><strong>collocabimus,</strong></span> <span class='ocrx_word' id='word_1_764' title='bbox 2754 4495 2809 4541; x_wconf 92' lang='lat' dir='ltr'><strong>et</strong></span> <span class='ocrx_word' id='word_1_765' title='bbox 2835 4500 2864 4539; x_wconf 89' lang='lat' dir='ltr'><strong>a</strong></span> <span class='ocrx_word' id='word_1_766' title='bbox 2892 4484 3249 4555; x_wconf 72' lang='lat' dir='ltr'><strong>prmsentibus</strong></span> <span class='ocrx_word' id='word_1_767' title='bbox 3284 4485 3584 4558; x_wconf 81' lang='lat' dir='ltr'><strong>futurisque</strong></span> <span class='ocrx_word' id='word_1_768' title='bbox 3612 4488 3766 4543; x_wconf 86' lang='lat' dir='ltr'><strong>malis</strong></span> 
     </span>
    </p>
   </div>
   <div class='ocr_carea' id='block_1_100' title="bbox 2184 4578 3765 4652">
    <p class='ocr_par' dir='ltr' id='par_1_100' title="bbox 2184 4578 3765 4652">
     <span class='ocr_line' id='line_1_100' title="bbox 2184 4578 3765 4652; baseline -0.002 -15"><span class='ocrx_word' id='word_1_769' title='bbox 2184 4582 2561 4638; x_wconf 89' lang='lat' dir='ltr'><strong>Iiberabimur:</strong></span> <span class='ocrx_word' id='word_1_770' title='bbox 2592 4596 2624 4635; x_wconf 93' lang='lat' dir='ltr'><strong>a</strong></span> <span class='ocrx_word' id='word_1_771' title='bbox 2649 4580 2843 4651; x_wconf 89' lang='lat' dir='ltr'><strong>quibus</strong></span> <span class='ocrx_word' id='word_1_772' title='bbox 2870 4578 3071 4633; x_wconf 89' lang='lat' dir='ltr'><strong>utinam</strong></span> <span class='ocrx_word' id='word_1_773' title='bbox 3114 4593 3305 4634; x_wconf 87' lang='lat' dir='ltr'><strong>omnes</strong></span> <span class='ocrx_word' id='word_1_774' title='bbox 3345 4580 3505 4648; x_wconf 88' lang='lat' dir='ltr'><strong>eruti,</strong></span> <span class='ocrx_word' id='word_1_775' title='bbox 3544 4597 3765 4652; x_wconf 87' lang='lat' dir='ltr'><strong>regnum</strong></span> 
     </span>
    </p>
   </div>
   <div class='ocr_carea' id='block_1_101' title="bbox 2185 4668 3768 4743">
    <p class='ocr_par' dir='ltr' id='par_1_101' title="bbox 2185 4668 3768 4743">
     <span class='ocr_line' id='line_1_101' title="bbox 2185 4668 3768 4743; baseline -0.001 -14"><span class='ocrx_word' id='word_1_776' title='bbox 2185 4687 2599 4743; x_wconf 88' lang='lat' dir='ltr'><strong>consequamur,</strong></span> <span class='ocrx_word' id='word_1_777' title='bbox 2642 4670 2813 4741; x_wconf 88' lang='lat' dir='ltr'><strong>gratia</strong></span> <span class='ocrx_word' id='word_1_778' title='bbox 2859 4678 2914 4724; x_wconf 92' lang='lat' dir='ltr'><strong>et</strong></span> <span class='ocrx_word' id='word_1_779' title='bbox 2962 4668 3292 4738; x_wconf 86' lang='lat' dir='ltr'><strong>benignitate</strong></span> <span class='ocrx_word' id='word_1_780' title='bbox 3339 4670 3551 4726; x_wconf 90' lang='lat' dir='ltr'><strong>Domini</strong></span> <span class='ocrx_word' id='word_1_781' title='bbox 3598 4672 3768 4727; x_wconf 84' lang='lat' dir='ltr'><strong>nostri</strong></span> 
     </span>
    </p>
   </div>
   <div class='ocr_carea' id='block_1_102' title="bbox 2186 4760 3769 4835">
    <p class='ocr_par' dir='ltr' id='par_1_102' title="bbox 2186 4760 3769 4835">
     <span class='ocr_line' id='line_1_102' title="bbox 2186 4760 3769 4835; baseline 0 -16"><span class='ocrx_word' id='word_1_782' title='bbox 2186 4768 2312 4822; x_wconf 87' lang='lat' dir='ltr'><strong>.lesu</strong></span> <span class='ocrx_word' id='word_1_783' title='bbox 2338 4764 2558 4830; x_wconf 88' lang='lat' dir='ltr'><strong>Christi,</strong></span> <span class='ocrx_word' id='word_1_784' title='bbox 2581 4764 2799 4834; x_wconf 89' lang='lat' dir='ltr'><strong>quicum</strong></span> <span class='ocrx_word' id='word_1_785' title='bbox 2821 4760 2963 4820; x_wconf 86' lang='lat' dir='ltr'><strong>Patri</strong></span> <span class='ocrx_word' id='word_1_786' title='bbox 2990 4770 3045 4815; x_wconf 88' lang='lat' dir='ltr'><strong>et</strong></span> <span class='ocrx_word' id='word_1_787' title='bbox 3073 4775 3177 4814; x_wconf 89' lang='lat' dir='ltr'><strong>una</strong></span> <span class='ocrx_word' id='word_1_788' title='bbox 3207 4760 3426 4831; x_wconf 90' lang='lat' dir='ltr'><strong>Spiritui</strong></span> <span class='ocrx_word' id='word_1_789' title='bbox 3453 4773 3637 4819; x_wconf 88' lang='lat' dir='ltr'><strong>sancto</strong></span> <span class='ocrx_word' id='word_1_790' title='bbox 3656 4764 3769 4835; x_wconf 85' lang='lat' dir='ltr'><strong>glo-</strong></span> 
     </span>
    </p>
   </div>
   <div class='ocr_carea' id='block_1_103' title="bbox 2187 4851 3770 4924">
    <p class='ocr_par' dir='ltr' id='par_1_103' title="bbox 2187 4851 3770 4924">
     <span class='ocr_line' id='line_1_103' title="bbox 2187 4851 3770 4924; baseline -0.005 -11"><span class='ocrx_word' id='word_1_791' title='bbox 2187 4858 2287 4920; x_wconf 88' lang='lat' dir='ltr'><strong>ria,</strong></span> <span class='ocrx_word' id='word_1_792' title='bbox 2316 4855 2619 4924; x_wconf 89' lang='lat' dir='ltr'><strong>imperium,</strong></span> <span class='ocrx_word' id='word_1_793' title='bbox 2652 4854 2846 4920; x_wconf 86' lang='lat' dir='ltr'><strong>honor,</strong></span> <span class='ocrx_word' id='word_1_794' title='bbox 2878 4864 3022 4906; x_wconf 88' lang='lat' dir='ltr'><strong>nunc</strong></span> <span class='ocrx_word' id='word_1_795' title='bbox 3048 4858 3104 4905; x_wconf 86' lang='lat' dir='ltr'><strong>et</strong></span> <span class='ocrx_word' id='word_1_796' title='bbox 3130 4864 3345 4922; x_wconf 85' lang='lat' dir='ltr'><strong>semper</strong></span> <span class='ocrx_word' id='word_1_797' title='bbox 3366 4893 3383 4920; x_wconf 94' lang='lat'><strong>,</strong></span> <span class='ocrx_word' id='word_1_798' title='bbox 3412 4862 3467 4909; x_wconf 89' lang='lat' dir='ltr'><strong>et</strong></span> <span class='ocrx_word' id='word_1_799' title='bbox 3496 4854 3549 4908; x_wconf 91' lang='lat' dir='ltr'><strong>in</strong></span> <span class='ocrx_word' id='word_1_800' title='bbox 3577 4851 3770 4908; x_wconf 70' lang='lat' dir='ltr'><strong>smeula</strong></span> 
     </span>
    </p>
   </div>
   <div class='ocr_carea' id='block_1_104' title="bbox 2189 4946 2744 5005">
    <p class='ocr_par' dir='ltr' id='par_1_104' title="bbox 2189 4946 2744 5005">
     <span class='ocr_line' id='line_1_104' title="bbox 2189 4946 2744 5005; baseline -0.013 0"><span class='ocrx_word' id='word_1_801' title='bbox 2189 4946 2528 5005; x_wconf 69' lang='lat' dir='ltr'><strong>saeculorum.</strong></span> <span class='ocrx_word' id='word_1_802' title='bbox 2552 4946 2744 5001; x_wconf 76' lang='lat' dir='ltr'><strong>Amen.</strong></span> 
     </span>
    </p>
   </div>
   <div class='ocr_carea' id='block_1_105' title="bbox 512 5142 3775 5190">
    <p class='ocr_par' dir='ltr' id='par_1_105' title="bbox 512 5142 3775 5190">
     <span class='ocr_line' id='line_1_105' title="bbox 512 5142 3775 5190; baseline -0.008 -8"><span class='ocrx_word' id='word_1_803' title='bbox 512 5142 3775 5190; x_wconf 77' lang='lat'><strong>________________.______________________.—————————__————</strong></span> 
     </span>
    </p>
   </div>
   <div class='ocr_carea' id='block_1_106' title="bbox 1821 5226 2505 5288">
    <p class='ocr_par' dir='ltr' id='par_1_106' title="bbox 1821 5226 2505 5288">
     <span class='ocr_line' id='line_1_106' title="bbox 1821 5226 2505 5288; baseline -0.003 0"><span class='ocrx_word' id='word_1_804' title='bbox 1821 5227 2165 5288; x_wconf 81' lang='lat' dir='ltr'><strong>HOMILIA</strong></span> <span class='ocrx_word' id='word_1_805' title='bbox 2207 5226 2505 5288; x_wconf 81' lang='lat' dir='ltr'><strong>XXVIII.</strong></span> 
     </span>
    </p>
   </div>
   <div class='ocr_carea' id='block_1_107' title="bbox 505 5370 2090 5451">
    <p class='ocr_par' dir='ltr' id='par_1_107' title="bbox 505 5370 2090 5451">
     <span class='ocr_line' id='line_1_107' title="bbox 505 5370 2090 5451; baseline -0.016 -3"><span class='ocrx_word' id='word_1_806' title='bbox 505 5395 596 5451; x_wconf 70' lang='lat'><strong>28.</strong></span> <span class='ocrx_word' id='word_1_807' title='bbox 629 5388 813 5446; x_wconf 78' lang='lat' dir='ltr'><strong>Probet</strong></span> <span class='ocrx_word' id='word_1_808' title='bbox 835 5394 1003 5439; x_wconf 70' lang='lat' dir='ltr'><strong>autem</strong></span> <span class='ocrx_word' id='word_1_809' title='bbox 1025 5392 1244 5451; x_wconf 66' lang='lat' dir='ltr'><strong>“ipsum</strong></span> <span class='ocrx_word' id='word_1_810' title='bbox 1272 5380 1443 5441; x_wconf 82' lang='lat' dir='ltr'><strong>homo,</strong></span> <span class='ocrx_word' id='word_1_811' title='bbox 1465 5384 1511 5429; x_wconf 85' lang='lat' dir='ltr'><strong>et</strong></span> <span class='ocrx_word' id='word_1_812' title='bbox 1538 5376 1609 5427; x_wconf 83' lang='lat' dir='ltr'><strong>sic</strong></span> <span class='ocrx_word' id='word_1_813' title='bbox 1630 5374 1693 5426; x_wconf 82' lang='lat' dir='ltr'><strong>de</strong></span> <span class='ocrx_word' id='word_1_814' title='bbox 1714 5388 1844 5443; x_wconf 81' lang='lat' dir='ltr'><strong>pane</strong></span> <span class='ocrx_word' id='word_1_815' title='bbox 1863 5372 1955 5426; x_wconf 82' lang='lat' dir='ltr'><strong>illo</strong></span> <span class='ocrx_word' id='word_1_816' title='bbox 1977 5370 2090 5424; x_wconf 66' lang='lat' dir='ltr'><strong>edat</strong></span> 
     </span>
    </p>
   </div>
   <div class='ocr_carea' id='block_1_108' title="bbox 1057 5470 1543 5530">
    <p class='ocr_par' dir='ltr' id='par_1_108' title="bbox 1057 5470 1543 5530">
     <span class='ocr_line' id='line_1_108' title="bbox 1057 5470 1543 5530; baseline -0.023 0"><span class='ocrx_word' id='word_1_817' title='bbox 1057 5487 1103 5530; x_wconf 79' lang='lat' dir='ltr'><strong>et</strong></span> <span class='ocrx_word' id='word_1_818' title='bbox 1129 5475 1192 5528; x_wconf 81' lang='lat' dir='ltr'><strong>de</strong></span> <span class='ocrx_word' id='word_1_819' title='bbox 1209 5472 1365 5527; x_wconf 78' lang='lat' dir='ltr'><strong>calice</strong></span> <span class='ocrx_word' id='word_1_820' title='bbox 1391 5470 1543 5523; x_wconf 79' lang='lat' dir='ltr'><strong>bibat.</strong></span> 
     </span>
    </p>
   </div>
   <div class='ocr_carea' id='block_1_109' title="bbox 586 5553 2093 5644">
    <p class='ocr_par' dir='ltr' id='par_1_109' title="bbox 586 5553 2093 5644">
     <span class='ocr_line' id='line_1_109' title="bbox 586 5553 2093 5644; baseline -0.016 -14"><span class='ocrx_word' id='word_1_821' title='bbox 586 5578 635 5630; x_wconf 81' lang='grc'><strong>1.</strong></span> <span class='ocrx_word' id='word_1_822' title='bbox 665 5571 802 5644; x_wconf 84' lang='lat' dir='ltr'><strong>Quid</strong></span> <span class='ocrx_word' id='word_1_823' title='bbox 840 5568 941 5625; x_wconf 90' lang='lat' dir='ltr'><strong>sibi</strong></span> <span class='ocrx_word' id='word_1_824' title='bbox 971 5566 1153 5621; x_wconf 89' lang='lat' dir='ltr'><strong>volunt</strong></span> <span class='ocrx_word' id='word_1_825' title='bbox 1181 5564 1297 5619; x_wconf 64' lang='lat' dir='ltr'><strong>haec</strong></span> <span class='ocrx_word' id='word_1_826' title='bbox 1330 5560 1512 5623; x_wconf 78' lang='lat' dir='ltr'><strong>verba,</strong></span> <span class='ocrx_word' id='word_1_827' title='bbox 1540 5572 1660 5613; x_wconf 92' lang='lat' dir='ltr'><strong>cum</strong></span> <span class='ocrx_word' id='word_1_828' title='bbox 1702 5553 1843 5609; x_wconf 89' lang='lat' dir='ltr'><strong>aliud</strong></span> <span class='ocrx_word' id='word_1_829' title='bbox 1882 5555 1952 5607; x_wconf 91' lang='lat' dir='ltr'><strong>sit</strong></span> <span class='ocrx_word' id='word_1_830' title='bbox 1990 5555 2093 5644; x_wconf 75' lang='lat' dir='ltr'><strong>hoc</strong></span> 
     </span>
    </p>
   </div>
   <div class='ocr_carea' id='block_1_110' title="bbox 514 5643 2091 5737">
    <p class='ocr_par' dir='ltr' id='par_1_110' title="bbox 514 5643 2091 5737">
     <span class='ocr_line' id='line_1_110' title="bbox 514 5643 2091 5737; baseline -0.016 -17"><span class='ocrx_word' id='word_1_831' title='bbox 514 5643 840 5737; x_wconf 70' lang='lat' dir='ltr'><strong>propositum</strong></span> <span class='ocrx_word' id='word_1_832' title='bbox 866 5652 1275 5728; x_wconf 68' lang='lat' dir='ltr'><strong>argumentum?</strong></span> <span class='ocrx_word' id='word_1_833' title='bbox 1302 5650 1401 5706; x_wconf 83' lang='lat' dir='ltr'><strong>llic</strong></span> <span class='ocrx_word' id='word_1_834' title='bbox 1431 5662 1548 5703; x_wconf 87' lang='lat' dir='ltr'><strong>mos</strong></span> <span class='ocrx_word' id='word_1_835' title='bbox 1578 5655 1662 5702; x_wconf 88' lang='lat' dir='ltr'><strong>est</strong></span> <span class='ocrx_word' id='word_1_836' title='bbox 1690 5644 1872 5737; x_wconf 80' lang='lat' dir='ltr'><strong>Paulo,</strong></span> <span class='ocrx_word' id='word_1_837' title='bbox 1907 5652 1964 5697; x_wconf 91' lang='lat' dir='ltr'><strong>ut</strong></span> <span class='ocrx_word' id='word_1_838' title='bbox 1984 5643 2091 5737; x_wconf 80' lang='lat' dir='ltr'><strong>jam</strong></span> 
     </span>
    </p>
   </div>
   <div class='ocr_carea' id='block_1_111' title="bbox 518 5734 2093 5828">
    <p class='ocr_par' dir='ltr' id='par_1_111' title="bbox 518 5734 2093 5828">
     <span class='ocr_line' id='line_1_111' title="bbox 518 5734 2093 5828; baseline -0.015 -17"><span class='ocrx_word' id='word_1_839' title='bbox 518 5734 665 5828; x_wconf 71' lang='lat' dir='ltr'><strong>prius</strong></span> <span class='ocrx_word' id='word_1_840' title='bbox 693 5752 823 5823; x_wconf 83' lang='lat' dir='ltr'><strong>dixi,</strong></span> <span class='ocrx_word' id='word_1_841' title='bbox 848 5767 954 5807; x_wconf 88' lang='lat' dir='ltr'><strong>non</strong></span> <span class='ocrx_word' id='word_1_842' title='bbox 978 5746 1153 5806; x_wconf 82' lang='lat' dir='ltr'><strong>solum</strong></span> <span class='ocrx_word' id='word_1_843' title='bbox 1183 5744 1271 5799; x_wconf 78' lang='lat' dir='ltr'><strong>illa</strong></span> <span class='ocrx_word' id='word_1_844' title='bbox 1299 5749 1525 5798; x_wconf 85' lang='lat' dir='ltr'><strong>tractare</strong></span> <span class='ocrx_word' id='word_1_845' title='bbox 1547 5753 1665 5809; x_wconf 74' lang='lat' dir='ltr'><strong>qua:</strong></span> <span class='ocrx_word' id='word_1_846' title='bbox 1696 5736 1792 5790; x_wconf 89' lang='lat' dir='ltr'><strong>sibi</strong></span> <span class='ocrx_word' id='word_1_847' title='bbox 1827 5734 2093 5805; x_wconf 79' lang='lat' dir='ltr'><strong>proposita</strong></span> 
     </span>
    </p>
   </div>
   <div class='ocr_carea' id='block_1_112' title="bbox 2199 5358 3781 5435">
    <p class='ocr_par' dir='ltr' id='par_1_112' title="bbox 2199 5358 3781 5435">
     <span class='ocr_line' id='line_1_112' title="bbox 2199 5358 3781 5435; baseline -0.01 -11"><span class='ocrx_word' id='word_1_848' title='bbox 2199 5378 2343 5433; x_wconf 91' lang='lat' dir='ltr'><strong>sunt,</strong></span> <span class='ocrx_word' id='word_1_849' title='bbox 2368 5367 2461 5423; x_wconf 89' lang='lat' dir='ltr'><strong>sed</strong></span> <span class='ocrx_word' id='word_1_850' title='bbox 2493 5367 2537 5421; x_wconf 88' lang='lat' dir='ltr'><strong>si</strong></span> <span class='ocrx_word' id='word_1_851' title='bbox 2560 5365 2685 5435; x_wconf 91' lang='lat' dir='ltr'><strong>quid</strong></span> <span class='ocrx_word' id='word_1_852' title='bbox 2706 5362 2849 5418; x_wconf 91' lang='lat' dir='ltr'><strong>aliud</strong></span> <span class='ocrx_word' id='word_1_853' title='bbox 2872 5360 2985 5416; x_wconf 73' lang='lat' dir='ltr'><strong>hzcc</strong></span> <span class='ocrx_word' id='word_1_854' title='bbox 3008 5363 3253 5418; x_wconf 89' lang='lat' dir='ltr'><strong>tractanti</strong></span> <span class='ocrx_word' id='word_1_855' title='bbox 3279 5362 3547 5423; x_wconf 89' lang='lat' dir='ltr'><strong>inciderit.</strong></span> <span class='ocrx_word' id='word_1_856' title='bbox 3577 5358 3626 5413; x_wconf 90' lang='lat' dir='ltr'><strong>id</strong></span> <span class='ocrx_word' id='word_1_857' title='bbox 3649 5372 3781 5427; x_wconf 83' lang='lat' dir='ltr'><strong>quo-</strong></span> 
     </span>
    </p>
   </div>
   <div class='ocr_carea' id='block_1_113' title="bbox 2198 5444 3784 5532">
    <p class='ocr_par' dir='ltr' id='par_1_113' title="bbox 2198 5444 3784 5532">
     <span class='ocr_line' id='line_1_113' title="bbox 2198 5444 3784 5532; baseline -0.008 -16"><span class='ocrx_word' id='word_1_858' title='bbox 2198 5477 2302 5532; x_wconf 90' lang='lat' dir='ltr'><strong>que</strong></span> <span class='ocrx_word' id='word_1_859' title='bbox 2335 5474 2529 5529; x_wconf 88' lang='lat' dir='ltr'><strong>magno</strong></span> <span class='ocrx_word' id='word_1_860' title='bbox 2559 5444 2735 5512; x_wconf 82' lang='lat' dir='ltr'><strong>studio</strong></span> <span class='ocrx_word' id='word_1_861' title='bbox 2766 5454 3006 5525; x_wconf 89' lang='lat' dir='ltr'><strong>persequi</strong></span> <span class='ocrx_word' id='word_1_862' title='bbox 3038 5475 3053 5524; x_wconf 90' lang='lat'><strong>;</strong></span> <span class='ocrx_word' id='word_1_863' title='bbox 3082 5457 3317 5513; x_wconf 78' lang='lat' dir='ltr'><strong>maxime</strong></span> <span class='ocrx_word' id='word_1_864' title='bbox 3350 5469 3473 5509; x_wconf 90' lang='lat' dir='ltr'><strong>cum</strong></span> <span class='ocrx_word' id='word_1_865' title='bbox 3514 5451 3583 5505; x_wconf 92' lang='lat' dir='ltr'><strong>de</strong></span> <span class='ocrx_word' id='word_1_866' title='bbox 3622 5448 3784 5504; x_wconf 85' lang='lat' dir='ltr'><strong>rebus</strong></span> 
     </span>
    </p>
   </div>
   <div class='ocr_carea' id='block_1_114' title="bbox 2199 5539 3781 5617">
    <p class='ocr_par' dir='ltr' id='par_1_114' title="bbox 2199 5539 3781 5617">
     <span class='ocr_line' id='line_1_114' title="bbox 2199 5539 3781 5617; baseline -0.009 -10"><span class='ocrx_word' id='word_1_867' title='bbox 2199 5551 2487 5606; x_wconf 88' lang='lat' dir='ltr'><strong>admodum</strong></span> <span class='ocrx_word' id='word_1_868' title='bbox 2525 5546 2840 5601; x_wconf 89' lang='lat' dir='ltr'><strong>necessariis</strong></span> <span class='ocrx_word' id='word_1_869' title='bbox 2881 5554 2938 5600; x_wconf 91' lang='lat' dir='ltr'><strong>et</strong></span> <span class='ocrx_word' id='word_1_870' title='bbox 2978 5544 3292 5617; x_wconf 85' lang='lat' dir='ltr'><strong>urgentibus</strong></span> <span class='ocrx_word' id='word_1_871' title='bbox 3321 5543 3515 5613; x_wconf 89' lang='lat' dir='ltr'><strong>agitur.</strong></span> <span class='ocrx_word' id='word_1_872' title='bbox 3564 5539 3781 5594; x_wconf 79' lang='lat' dir='ltr'><strong>Etenim</strong></span> 
     </span>
    </p>
   </div>
   <div class='ocr_carea' id='block_1_115' title="bbox 2200 5628 3782 5708">
    <p class='ocr_par' dir='ltr' id='par_1_115' title="bbox 2200 5628 3782 5708">
     <span class='ocr_line' id='line_1_115' title="bbox 2200 5628 3782 5708; baseline -0.009 -11"><span class='ocrx_word' id='word_1_873' title='bbox 2200 5658 2321 5697; x_wconf 89' lang='lat' dir='ltr'><strong>cum</strong></span> <span class='ocrx_word' id='word_1_874' title='bbox 2349 5641 2415 5696; x_wconf 87' lang='lat' dir='ltr'><strong>de</strong></span> <span class='ocrx_word' id='word_1_875' title='bbox 2444 5641 2506 5694; x_wconf 91' lang='lat' dir='ltr'><strong>iis</strong></span> <span class='ocrx_word' id='word_1_876' title='bbox 2529 5637 2617 5708; x_wconf 88' lang='lat' dir='ltr'><strong>qui</strong></span> <span class='ocrx_word' id='word_1_877' title='bbox 2650 5635 2858 5706; x_wconf 88' lang='lat' dir='ltr'><strong>nuptias</strong></span> <span class='ocrx_word' id='word_1_878' title='bbox 2884 5645 3205 5691; x_wconf 88' lang='lat' dir='ltr'><strong>contraxere</strong></span> <span class='ocrx_word' id='word_1_879' title='bbox 3232 5641 3485 5703; x_wconf 81' lang='lat' dir='ltr'><strong>ageretur</strong></span> <span class='ocrx_word' id='word_1_880' title='bbox 3507 5670 3521 5692; x_wconf 95' lang='lat'><strong>,</strong></span> <span class='ocrx_word' id='word_1_881' title='bbox 3565 5637 3620 5684; x_wconf 88' lang='lat' dir='ltr'><strong>et</strong></span> <span class='ocrx_word' id='word_1_882' title='bbox 3647 5628 3751 5683; x_wconf 87' lang='lat' dir='ltr'><strong>inci</strong></span> <span class='ocrx_word' id='word_1_883' title='bbox 3769 5659 3782 5670; x_wconf 89' lang='lat'><strong>-</strong></span> 
     </span>
    </p>
   </div>
   <div class='ocr_carea' id='block_1_116' title="bbox 2202 5717 3786 5790">
    <p class='ocr_par' dir='ltr' id='par_1_116' title="bbox 2202 5717 3786 5790">
     <span class='ocr_line' id='line_1_116' title="bbox 2202 5717 3786 5790; baseline -0.007 -3"><span class='ocrx_word' id='word_1_884' title='bbox 2202 5732 2282 5787; x_wconf 90' lang='lat' dir='ltr'><strong>dit</strong></span> <span class='ocrx_word' id='word_1_885' title='bbox 2323 5732 2374 5785; x_wconf 88' lang='lat' dir='ltr'><strong>in</strong></span> <span class='ocrx_word' id='word_1_886' title='bbox 2416 5742 2720 5786; x_wconf 86' lang='lat' dir='ltr'><strong>sermonem</strong></span> <span class='ocrx_word' id='word_1_887' title='bbox 2762 5725 2831 5782; x_wconf 89' lang='lat' dir='ltr'><strong>de</strong></span> <span class='ocrx_word' id='word_1_888' title='bbox 2872 5726 3065 5790; x_wconf 79' lang='lat' dir='ltr'><strong>servis,</strong></span> <span class='ocrx_word' id='word_1_889' title='bbox 3093 5722 3301 5780; x_wconf 88' lang='lat' dir='ltr'><strong>fortiter</strong></span> <span class='ocrx_word' id='word_1_890' title='bbox 3337 5729 3393 5776; x_wconf 88' lang='lat' dir='ltr'><strong>et</strong></span> <span class='ocrx_word' id='word_1_891' title='bbox 3428 5718 3608 5776; x_wconf 86' lang='lat' dir='ltr'><strong>multis</strong></span> <span class='ocrx_word' id='word_1_892' title='bbox 3648 5717 3786 5777; x_wconf 84' lang='lat' dir='ltr'><strong>banc</strong></span> 
     </span>
    </p>
   </div>
  </div>
