4004 6208
186 317 298 373 23!

188 429 343 501 μετά
368 427 473 484 τῶν
504 426 750 496 πενήτων
795 425 1218 497 προσερχόμεθα
1253 430 1317 498 τῇ
1354 428 1479 498 ἱερᾷ
1529 426 1775 497 τραπέζῃ

188 520 396 590 ταύτῃ·
433 515 740 582 ἐξελθόντες
775 516 834 569 δέ
871 517 995 582 ἐξω,
1028 516 1151 570 ούδέ
1179 518 1486 588 ἑωρακέναι
1511 516 1777 586 δοκοῦμεν

182 611 414 673 αὐτοὺς,
443 608 581 663 ἀλλὰ
617 608 714 661 καὶ
742 607 1020 679 μεθύομεν
1053 606 1478 675 καὶπεινῶντας
1506 606 1777 678 παρατρέ-

182 715 381 771 χομεν·
411 700 448 753 ἃ
477 700 571 751 καὶ
609 697 887 769 Κορίνθιοι
914 697 1037 750 τότε
1081 696 1471 763 ἐνεκαλοῦντο;
1507 698 1620 750 Kal
1644 695 1776 748 πότε

179 785 352 839 τοῦτο
380 786 624 855 γίνεται;
662 787 848 859 φησίν.
890 786 1003 839 ’Δεὶ
1058 786 1180 856 μὲν,
1218 785 1532 856 μάλισταδὲ
1570 787 1627 837 ἐν
1655 788 1776 847 ταῖς

179 877 427 947 ἑορταῖς,
453 878 544 930 ὅτε
577 878 815 949 μάλιστα
843 876 1092 945 γίνεσθαι
1133 876 1235 929 ούκ
1275 876 1468 947 ἐχρῆν.
1518 877 1627 928 Kal
1665 875 1776 945 7&9

178 971 310 1023 τότε
357 970 500 1041 μετὰ
544 971 644 1042 τὴν
690 971 981 1024 κοινωνίαν
1016 969 1223 1033 εὐθέως
1276 968 1415 1039 μέθη
1444 968 1773 1039 διαδέχεται,

179 1063 283 1115 καὶ
311 1064 559 1133 πενήτων
584 1060 854 1133 ὑπεροψία
877 1076 892 1089 ·
922 1061 1019 1113 καὶ
1047 1058 1142 1113 τοῦ
1164 1060 1397 1130 αἵματος
1428 1056 1771 1129 μεταλαϐὼν,

180 1156 277 1205 ὅτε
307 1154 564 1224 νηστείας
613 1170 697 1206 σοι
743 1152 934 1223 καιρὸς
964 1152 1061 1206 καὶ
1085 1152 1323 1224 νήψεως,
1372 1154 1653 1221 παροινεῖς
1681 1152 1778 1204 καὶ

183 1242 495 1312 κωμάζεις.
532 1244 653 1298 Κᾶν
707 1244 806 1314 μέν
834 1260 888 1296 τι
935 1226 1173 1316 χρηστὸν
1224 1242 1394 1314 τύχῃς
1433 1242 1773 1315 ἠριστηκὼς,

183 1335 481 1403 φυλάττεις
510 1336 729 1401 σαυτὸν,
755 1334 897 1388 ὥστε
934 1334 1010 1405 μὴ
1045 1334 1221 1405 ἐτέρῳ
1258 1335 1519 1405 ἐδέσματι
1550 1333 1775 1406 πονηρῷ

179 1425 534 1498 λυμήνασθαι
583 1427 647 1480 τὸ
680 1426 966 1497 πρότερον·
1004 1425 1224 1495 πνεῦμα
1249 1426 1307 1479 δέ
1353 1425 1646 1491 ἑστιαθεὶς,
1675 1443 1772 1478 σα-

178 1520 415 1591 τανικὴν
441 1520 762 1585 ἐπεισάγεις
806 1516 1038 1590 τρυφήν.
1072 1508 1383 1587 Ἐννόησον,
1416 1517 1506 1570 ὅτε
1539 1517 1771 1588 μετέλα-

179 1609 277 1663 ϐον
327 1612 379 1662 oi
433 1607 725 1663 ἀπόστολοι
767 1609 878 1662 τῶν
928 1609 1090 1682 ἱερῶν
1144 1608 1381 1661 δείπνων
1437 1608 1685 1671 ἐκείνων,
1721 1607 1773 1660 τί

178 1701 481 1774 ἐποίησανο
516 1700 640 1772 οὐχὶ
671 1700 754 1765 είς
786 1700 953 1772 εύχὰς
986 1701 1308 1771 ἐτράπησαν
1335 1699 1430 1752 καὶ
1463 1697 1770 1769 ύμνῳδίας;

178 1793 302 1864 οὐχὶ
334 1794 419 1856 είς
442 1791 775 1863 παννυχίδας
809 1793 994 1862 ίεράς;
1028 1791 1150 1861 ούχὶ
1173 1793 1258 1855 είς
1289 1788 1645 1843 διδασκαλίαν
1672 1788 1772 1859 τὴν

183 1884 407 1956 μακρὰν
458 1884 682 1955 ἐκείνην
713 1884 809 1937 καὶ
855 1883 1056 1954 πολλῆς
1100 1885 1381 1954 γέμουσαν
1415 1882 1770 1952 φιλοσοφίας;

178 1976 251 2028 τά
276 1977 392 2046 γὰρ
427 1974 647 2046 μεγάλα
691 1976 785 2029 καὶ
827 1975 1111 2046 παράδοξα
1146 1976 1269 2028 τότε
1319 1976 1505 2038 αὐτοῖς
1530 1975 1774 2044 διηγεῖτο

178 2068 279 2123 καὶ
338 2051 748 2141 παρήγγελλεν,
807 2065 1142 2129 ἀπελθόντος
1196 2066 1293 2119 τοῦ
1333 2066 1509 2119 Ἰούδα
1545 2065 1772 2118 καλέσαι

177 2160 306 2224 τοὺς
362 2157 661 2229 μέλλοντας
692 2154 855 2210 αὐτὸν
904 2155 1197 2228 σταυροῦν.
1230 2157 1344 2209 Οὐκ
1377 2157 1619 2227 ήκουσας
1655 2157 1773 2220 πῶς

178 2251 277 2307 καὶ
304 2251 358 2306 οἱ
389 2250 679 2323 τρισχίλιοι
708 2252 756 2304 οί
790 2251 890 2323 τῆς
920 2251 1207 2313 κοινωνίας
1238 2249 1609 2315 ἀπολαύοντες
1657 2250 1774 2303 δια-

178 2345 388 2408 παντὸς
418 2340 560 2415 ἦσαν
588 2342 1132 2415 προσκαρτεροῦντες
1163 2344 1233 2414 τῇ
1268 2343 1547 2413 προσευχῇ
1583 2341 1680 2395 καὶ
1705 2344 1771 2412 τῇ

176 2436 524 2506 διδασκαλίᾳ,
549 2436 610 2489 ού
641 2436 832 2506 μέθαις
867 2437 960 2488 καὶ
991 2434 1231 2505 κώμοις;
1271 2433 1343 2487 Σὺ
1368 2433 1425 2487 δὲ
1452 2434 1583 2505 πρὶν
1608 2433 1640 2505 ἢ
1674 2432 1773 2505 μὲν

180 2528 514 2599 μεταλαϐεῖν
540 2528 844 2598 νηστεύεις,
881 2529 968 2582 ἵνα
999 2527 1360 2597 ὁπωσδήποτε
1394 2527 1545 2594 ἄξιος
1598 2529 1774 2598 φανῇς

175 2620 280 2691 τῆς
302 2616 621 2681 κοινωνίας·
658 2619 785 2669 ὅταν
811 2617 868 2670 δὲ
900 2617 1239 2687 μεταλάϐης,
1273 2618 1392 2669 δέον
1419 2634 1478 2670 σε
1508 2620 1773 2670 ἐπιτεῖναι

176 2710 279 2781 τὴν
313 2708 697 2779 σωφροσύνην,
751 2707 931 2760 πάντα
972 2706 1282 2771 άπολλύεις.
1330 2707 1527 2760 Καίτοι
1571 2724 1631 2774 γε
1672 2707 1773 2759 οὐκ

178 2803 331 2855 ἐστιν
364 2801 481 2855 ῖσον
510 2801 618 2874 πρὸ
661 2798 854 2854 τούτου
901 2800 1117 2871 νήφειν,
1150 2800 1245 2854 καὶ
1278 2799 1419 2869 μετὰ
1451 2798 1624 2852 ταῦτα
1645 2816 1659 2828 ·
1694 2798 1775 2852 δεῖ

181 2894 286 2966 μὲν
313 2894 426 2965 γάρ
458 2893 520 2948 ἐν
548 2892 795 2964 ἐκατέρῳ
829 2894 1153 2963 σωφρονεῖν,
1189 2891 1427 2961 μάλιστα
1455 2890 1512 2944 δὲ
1543 2889 1682 2960 μετὰ
1713 2888 1775 2940 τὸ

177 2983 443 3050 δέξασθαι
487 2984 577 3038 τὸν
610 2982 873 3052 νυμφίον·
934 2982 1042 3053 πρὸ
1086 2982 1277 3035 τούτου
1324 2981 1447 3051 μὲν,
1498 2981 1582 3034 ῖνα
1625 2979 1775 3045 ἄξιος

176 3076 315 3153 γένῃ
376 3075 474 3129 τοῦ
512 3074 720 3140 λαϐεῖν,
774 3074 914 3145 μετὰ
957 3074 1013 3128 δὲ
1048 3074 1243 3138 ταῦτα,
1298 3075 1386 3127 ἵνα
1431 3072 1508 3145 μη
1554 3072 1776 3137 ἀνάξιος

181 3170 363 3239 φανῇς
389 3160 465 3220 ὧν
491 3165 701 3229 ἐλαϐες.
734 3165 798 3217 Τί
841 3162 958 3229 οὖν,
990 3165 1273 3236 νηστεύειν
1299 3165 1381 3217 δεῖ
1423 3164 1563 3235 μετὰ
1586 3164 1648 3216 τὸ
1682 3164 1778 3215 λα-

180 3254 334 3326 ϐεῖν;
366 3258 443 3311 Ού
476 3258 620 3326 λέγω
655 3257 834 3321 τοῦτο,
865 3256 987 3310 ούδέ
1011 3255 1436 3324 καταναγκάζω.
1469 3253 1650 3307 Καλὸν
1676 3252 1777 3319 μὲν

179 3355 293 3428 7&9
320 3353 420 3408 καὶ
446 3351 607 3407 τοῦτο
628 3366 643 3382 ⁸
697 3350 837 3422 πλὴν
863 3351 925 3404 ού
960 3350 1219 3421 βιάζομαι
1249 3346 1431 3411 τοῦτο,
1466 3346 1607 3400 ἀλλὰ
1635 3363 1779 3417 παρ-

181 3447 320 3501 αινῶ
353 3444 432 3517 μὴ
454 3445 666 3515 τρυφᾷν
696 3444 775 3505 είς
805 3440 1133 3509 ἀπληστίαν.
1155 3441 1219 3493 EI
1246 3439 1357 3512 7&9
1385 3440 1641 3493 οὐδέποτε
1673 3437 1781 3510 χρὴ

181 3537 425 3609 τρυφᾷν,
456 3535 552 3587 καὶ
582 3533 741 3586 τοῦτο
767 3534 797 3585 ὁ
828 3531 1041 3595 Παῦλος
1072 3531 1345 3601 ἐδήλωσεν
1377 3530 1573 3593 είπὼν,
1598 3528 1681 3581 ὅτι
1720 3528 1781 3580 Ἠ

183 3627 254 3681 δὲ
284 3622 667 3680 σπαταλῶσα
701 3622 856 3683 ζῶσα
896 3622 1170 3689 τέθνηκε.
1209 3622 1393 3691 πολλῷ
1432 3621 1635 3692 μᾶλλον
1657 3620 1780 3673 τότε

180 3717 532 3789 τεθνήξεται.
577 3714 641 3769 Εἰ
675 3713 733 3767 δέ
760 3716 986 3782 γυναικὶ
1020 3715 1055 3784 ὴ
1101 3715 1283 3783 τρυφὴ
1315 3713 1566 3775 θάνατος,
1601 3709 1780 3779 πολλῷ

185 3808 393 3882 μᾶλλον
423 3806 614 3880 ἀνδρίο
645 3808 743 3861 καὶ
774 3806 824 3859 εί
858 3808 915 3860 ἐν
962 3805 1110 3875 ἄλλῳ
1140 3803 1320 3875 καιρῷ
1360 3803 1522 3856 τοῦτο
1554 3803 1781 3871 γινόμε-

182 3919 277 3957 νον
305 3900 600 3966 ἀπόλλυσι,
655 3897 833 3969 πο).λῷ
867 3897 1065 3969 μᾶλλον
1109 3896 1248 3967 μετὰ
1289 3897 1389 3967 τὴν
1422 3896 1529 3949 τῶν
1566 3912 1780 3965 μυστη-

185 3997 326 4068 ρίων
358 3990 667 4048 κοινωνίαν.
698 3989 771 4043 Σὺ
820 3988 877 4041 δέ
914 3989 1076 4056 ἄρτον
1103 3985 1250 4060 ζωῆς
1301 3987 1501 4055 λαϐὼν,
1546 3991 1783 4058 πρᾶγμα

182 4088 425 4143 θανάτου
455 4083 648 4145 ποιεῖς,
687 4078 782 4133 καὶ
810 4079 872 4132 οὐ
898 4079 1179 4149 φρίττεις;
1226 4080 1327 4130 ούκ
1355 4074 1511 4131 οἶσθα
1546 4079 1646 4130 ὅσα
1675 4079 1784 4131 άπὸ

178 4178 403 4251 τρυφῆς
452 4172 833 4245 ἐπεισέρχεται
866 4170 1048 4235 κακὰς
1073 4169 1248 4235 γέλως
1271 4172 1523 4241 ἄκαιρος⁹
1559 4171 1782 4241 ῥήματα

178 4272 423 4333 ἄτακτα,
459 4264 792 4338 εὐτραπελία
821 4262 1045 4331 ὀλέθρου
1090 4262 1359 4333 γέμουσα,
1410 4262 1648 4331 φλυαρία
1682 4263 1777 4316 ἀν-

177 4364 403 4434 ἀνητος,
435 4358 503 4411 τά
544 4356 679 4412 ἄλλα
728 4354 764 4410 ἃ
817 4352 952 4425 μηδὲ
1006 4354 1181 4407 εἰπεῖν
1222 4353 1405 4407 καλόν.
1452 4353 1560 4407 Kal
1599 4353 1775 4408 ταῦτα

178 4454 363 4514 ποιεῖς
392 4449 670 4520 τραπέζης
703 4447 1020 4511 ἀπολαύσας
1042 4446 1301 4518 Χριστοῦ,
1336 4446 1479 4501 κατά
1502 4447 1601 4517 τὴν
1630 4448 1770 4518 ήμέ-

180 4559 287 4617 ραν
309 4539 553 4609 ἐκείνην,
579 4539 702 4593 καθ’
731 4540 798 4611 ήν
824 4537 1069 4609 ἅψασθαι
1096 4537 1185 4591 διὰ
1231 4537 1477 4607 γλώττης
1504 4539 1613 4591 τῶν
1643 4554 1775 4608 σαρ-

181 4631 303 4688 κῶν
341 4628 508 4683 αὑτοῦ
540 4628 906 4700 κατηξιώθης.
956 4630 1073 4694 Πᾶς
1101 4625 1216 4693 οὖν,
1248 4629 1335 4681 ἵνα
1371 4627 1545 4682 ταῦτα
1590 4629 1664 4700 μὴ
1688 4630 1775 4697 γί-

178 4740 370 4797 νηται,
404 4721 706 4791 καθάγνιζέ
747 4738 841 4774 σου
877 4721 977 4792 τὴν
1009 4721 1212 4786 δεξιάν,
1245 4720 1343 4792 τὴν
1384 4720 1652 4789 γλῶτταν,
1705 4723 1776 4775 τὰ

179 4803 368 4888 χείλη,
399 4815 547 4887 άπερ
574 4814 790 4883 ἐγένετο
829 4813 1079 4887 πρόθυρα
1110 4816 1178 4886 τῇ
1224 4812 1476 4868 ἐπιϐάσει
1516 4813 1609 4867 τοῦ
1644 4815 1777 4885 Χρι-

182 4901 321 4959 στοῦ
344 4920 359 4934 ·
390 4905 483 4959 καὶ
511 4896 790 4974 τράπεζαν
827 4906 1097 4974 παραθεὶς
1131 4905 1419 4977 αἰσθητὴν,
1449 4905 1587 4977 πρὸς
1627 4891 1774 4961 ἐκεί-

1226 312 1294 369 ΙΝ
1330 308 1551 367 EPIST.
1594 311 1612 365 l
1649 311 1740 365 AD
1779 310 1937 367 COR.
1973 310 2212 368 IIOMIL.
2251 311 2487 371 XXVIII.

3355 316 3467 372 2'52

1889 442 1986 493 νην
2009 424 2109 495 τὴν
2134 424 2415 496 τράπεζαν
2440 424 2531 477 τὸν
2558 422 2680 475 νοῦν
2731 422 3031 489 άνάτεινον,
3070 424 3208 496 πρὸς
3256 427 3319 479 τὸ
3357 429 3465 481 δεῖ·

1886 532 2018 568 πνον
2043 516 2104 568 τὸ
2122 514 2419 585 κυριακὸν,
2446 515 2582 585 πρὸς
2612 514 2713 583 τὴν
2729 513 3039 583 ἀγρυπνίαν
3067 516 3177 567 τῶν
3210 516 3471 586 μαθητῶν

1883 605 1982 676 τὴν
2012 604 2153 657 κατὰ
2181 604 2279 675 τὴν
2306 604 2478 657 νύκτα
2508 604 2725 673 ἐκείνην
2746 602 2841 674 τὴν
2864 602 3011 675 [Ξίθ]
3050 604 3230 674 ἱεράν·
3267 605 3469 675 μᾶλλον

1883 697 1962 761 δὲ,
1997 698 2050 749 εῐ
2085 714 2169 760 τις
2204 696 2449 767 ἀκριϐῶς
2498 695 2799 761 ἐξετάσειε,
2827 696 2920 747 καὶ
2954 696 3021 749 τὰ
3064 695 3308 766 παρόντα
3347 697 3466 763 νύξ.

1884 788 2255 859 Γρηγορῶμεν
2293 788 2477 840 τοίνυν
2522 787 2661 858 μετὰ
2688 787 2785 840 τοῦ
2820 787 3115 850 Δεσπότου,
3148 788 3465 855 κατανυγῶ-

1887 896 1987 949 μεν
2013 872 2153 949 μετὰ
2176 877 2286 933 τῶν
2314 878 2594 949 μαθητῶν.
2633 878 2829 949 Εύχῶν
2859 881 2886 933 ό
2918 878 3135 950 καιρὸς,
3165 880 3223 932 ού
3272 879 3466 949 μέθης,

1884 972 1972 1024 ἀεὶ
1999 972 2116 1042 μὲν,
2166 970 2402 1042 μάλιστα
2427 970 2484 1023 δὲ
2510 972 2570 1023 ἐν
2594 972 2779 1041 ἐορτῇ.
2806 971 3003 1042 Ἐορτὴ
3047 972 3157 1043 7&9
3182 971 3271 1025 διὰ
3311 970 3470 1024 τοῦτο

1884 1064 2116 1132 γίνεται,
2155 1065 2254 1133 ούχ
2278 1063 2366 1115 ἴνα
2392 1062 2819 1132 άσχημονῶμεν,
2850 1063 2948 1130 οὐχ
2979 1063 3069 1115 ἵνα
3091 1063 3469 1132 ἁμαρτήματα

1886 1154 2230 1223 συνάγωμεν,
2262 1152 2377 1206 ἀλλ
2396 1152 2485 1206 ἵνα
2513 1152 2609 1205 καὶ
2635 1151 2706 1204 τὰ
2735 1150 2866 1203 ὄντα
2894 1151 3193 1220 ἀνέλωμεν.
3219 1152 3329 1205 Kal
3349 1147 3468 1206 οἶδα

1886 1247 1985 1315 μὲν
2012 1247 2094 1299 ὃτι
2124 1245 2247 1315 εἰκῆ
2280 1243 2451 1314 ταῦτα
2495 1243 2661 1311 λέγω,
2710 1243 2824 1296 ἀλλ’
2860 1244 2919 1294 ού
2958 1242 3238 1312 παύσομαι
3266 1242 3467 1309 λέγων.

1882 1336 2002 1388 Κᾶν
2026 1336 2135 1405 7&9
2185 1333 2258 1406 μή
2294 1336 2494 1397 πάντες
2524 1332 2895 1401 ὑπακούσητε,
2940 1331 3054 1385 ἀλλ’
3095 1332 3215 1384 ούδέ
3263 1331 3467 1392 πάντες

1882 1426 2318 1495 παρακούσεσθε,
2350 1426 2551 1498 μᾶλλον
2576 1426 2653 1487 δὲ,
2691 1425 2794 1478 κᾶν
2821 1424 3022 1488 πάντες
3057 1423 3464 1495 παρακούσητε,

1882 1515 2008 1583 ἐμοὶ
2036 1514 2134 1583 μὲν
2160 1512 2362 1583 μείζων
2405 1518 2433 1567 ὁ
2465 1514 2684 1585 μισθὸς,
2710 1516 2840 1582 ύμῖν
2884 1514 2939 1566 δὲ
2975 1514 3137 1567 πλέον
3166 1512 3226 1566 τὸ
3270 1516 3463 1584 κρῖμα.

1885 1605 1981 1657 'Iv‘
2007 1601 2100 1658 οὖν
2136 1604 2213 1677 μὴ
2245 1606 2471 1676 γένηται
2515 1606 2698 1668 πλέον,
2747 1606 2837 1659 διὰ
2876 1606 3035 1659 τοῦτο
3074 1608 3134 1658 ού
3185 1607 3477 1675 παύσομαι.

1881 1698 2053 1766 λέγων
2074 1715 2086 1727 ·
2130 1697 2258 1761 ἴσως
2284 1698 2414 1769 γὰρ,
2453 1700 2583 1761 ἴσως
2611 1702 2677 1768 τῇ
2706 1699 2957 1769 συνεχείᾳ
2986 1698 3325 1767 καθάψομαι,
3377 1699 3469 1750 Διὸ

1877 1789 2204 1861 παρακαλῶ,
2229 1791 2317 1843 ἴνα
2353 1789 2429 1861 μὴ
2460 1791 2536 1852 εἰς
2564 1792 2739 1859 κρῖμα
2768 1788 2926 1841 τοῦτο
2964 1788 3229 1858 ποιῶμεν,
3262 1789 3473 1858 θρέσμυ·

1880 1898 1979 1951 μεν
2007 1884 2099 1935 τὸν
2130 1882 2397 1953 Χριστὸν,
2427 1880 2762 1951 ποτίσωμεν,
2799 1878 3106 1950 ἐνδύσωμεν
3127 1895 3140 1907 ·
3171 1878 3345 1932 ταῦτα
3369 1882 3470 1950 τῆς

1875 1973 2159 2046 τραπέζης
2216 1973 2437 2045 ἐκείνης
2493 1972 2641 2038 ἄξια.
2692 1972 2970 2034 Ἤκουσας
3030 1972 3217 2042 ὓμνων
3275 1971 3471 2041 ίερῶνς

1875 2059 2015 2130 εἶδες
2039 2067 2217 2136 γάμον
2251 2064 2652 2136 πνευματικόν;
2702 2062 3019 2125 άπέλαυσας
3064 2062 3351 2134 τραπέζης
3382 2062 3471 2132 βα·

1877 2158 2126 2229 σιλικῆς;
2166 2158 2510 2232 ἐνεπλήσθης
2557 2161 2875 2231 Πνεύματος
2906 2162 3099 2230 άγίου;
3150 2160 3471 2230 συνεχόρευ-

1876 2266 1975 2312 σας
2001 2252 2113 2314 τοῖς
2140 2250 2413 2322 Σεραφὶμ,
2462 2255 2717 2319 κοινωνὸς
2769 2256 2959 2323 ἐγένου
2997 2255 3106 2308 τῶν
3157 2255 3269 2309 ἄνω
3312 2253 3491 2305 δυνά--

1878 2356 2054 2411 μεων;
2093 2339 2178 2412 Μὴ
2232 2340 2397 2414 ῥίψῃς
2449 2343 2627 2412 χαρὰν
2664 2343 2961 2415 τοσαύτην,
3002 2344 3079 2415 μὴ
3130 2341 3329 2415 ἐκχέῃς
3376 2341 3471 2392 τὸν

1876 2433 2171 2506 θησαυρὸν,
2213 2433 2290 2505 μὴ
2319 2435 2697 2505 ἐπεισαγάγῃς
2744 2436 2919 2508 μέθην
2952 2438 3052 2509 τὴν
3084 2438 3185 2506 τῆς
3224 2434 3463 2505 ἀθυμίας

1880 2525 2113 2596 μητέρα,
2140 2526 2238 2597 τὴν
2268 2526 2363 2581 τοῦ
2401 2521 2650 2580 διαϐόλου
2678 2525 2876 2597 χαρὰν,
2909 2528 3009 2597 τὴν
3047 2528 3219 2598 μυρία
3251 2528 3469 2580 τίκτου-

1879 2634 1979 2671 σαν
2011 2618 2177 2671 κακά.
2229 2620 2339 2672 Kal
2377 2619 2487 2689 7&9
2516 2618 2682 2680 ὕπνος
2709 2616 2927 2688 θανάτῳ
2976 2618 3168 2680 ἐοικὼς
3212 2615 3464 2669 ἐντεῦθεν

1876 2711 1971 2763 καὶ
2001 2710 2339 2781 καρηϐαρίαι
2371 2713 2463 2765 καὶ
2510 2713 2657 2766 νόσοι
2697 2713 2791 2765 καὶ
2829 2711 2970 2783 λήθη
3014 2711 3109 2764 καὶ
3143 2710 3468 2781 νεκρότητος

1879 2799 2066 2854 εἰκών.
2110 2796 2245 2853 Εἶτα
2292 2802 2432 2872 φίλῳ
2463 2805 2562 2873 μὲν
2584 2805 2684 2856 ούκ
2730 2804 2797 2856 ἂν
2826 2804 2969 2857 ἐλοιο
2999 2805 3282 2873 συντυχεῖν
3314 2802 3471 2854 οἰνω-

1881 2894 2062 2963 μένος,
2096 2892 2186 2946 τὸν
2218 2893 2273 2945 δὲ
2303 2894 2539 2964 Χριστὸν
2570 2893 2718 2947 ἔνδον
2740 2894 2879 2964 ἔχων
2904 2892 3134 2964 τολμᾷς,
3180 2892 3302 2945 εἰπέ
3353 2910 3467 2962 μοι,

1877 2985 2148 3057 τοσαύτην
2194 2985 2524 3056 ἐπεμϐαλεῖν
2588 2986 2789 3059 μέθην;
2844 2984 3007 3039 Ἀλλὰ
3044 2984 3254 3056 τρυφῆς
3301 2984 3463 3054 ἐρᾷςς

1878 3079 2089 3133 Οὐκοῦν
2121 3078 2213 3133 διὰ
2245 3078 2402 3131 τοῦτο
2438 3077 2645 3131 παῦσαι
2680 3079 2915 3149 μεθύων.
2964 3078 3077 3132 Kal
3110 3077 3218 3149 7&9
3252 3075 3363 3144 ἐγώ
3401 3091 3461 3128 σε

1880 3172 2141 3241 βούλομαι
2172 3170 2406 3241 τρυφᾷν,
2458 3169 2595 3223 ἀλλὰ
2626 3169 2725 3239 τὴν
2771 3170 2939 3234 ὅντως
2982 3170 3216 3242 τρυφὴν,
3242 3169 3341 3241 τὴν
3371 3168 3466 3222 ού-

1879 3262 2071 3315 δέποτε
2115 3263 2549 3333 μαραινομένην.
2583 3261 2680 3325 Τίς
2730 3258 2886 3331 οὖνὴ
2924 3262 3094 3326 ὅντως
3145 3262 3328 3335 τρυφὴ
3374 3262 3473 3316 καὶ

1881 3342 2149 3420 διηνεκῶς
2178 3350 2449 3418 άνθοῦσα;
2474 3354 2719 3408 Κάλεσον
2736 3355 2822 3409 ἐπ’
2850 3353 3071 3423 ἄριστον
3098 3353 3189 3405 τὸν
3210 3351 3469 3423 Χριστὸν,

1884 3444 2119 3515 μετάδος
2149 3443 2297 3515 αύτῷ
2326 3445 2435 3501 τῶν
2466 3445 2595 3509 σῶν,
2632 3446 2833 3518 μᾶλλον
2858 3424 2923 3499 δέ
2941 3445 3048 3499 τῶν
3080 3443 3245 3498 αὐτοῦ
3264 3461 3280 3475 ο
3311 3443 3472 3499 τοῦτο

1880 3536 1981 3605 τὴν
2022 3536 2216 3607 ἡδονήν
2256 3537 2561 3607 ἀπέραντον
2594 3539 2706 3607 ἔχει
2753 3538 2846 3591 καὶ
2886 3537 3241 3608 ἀκμάζουσαν
3289 3536 3469 3607 διηνε-

1882 3627 2014 3689 κῶς.
2068 3626 2207 3679 ’Δλλ’
2259 3629 2322 3680 ού
2364 3628 2437 3680 -τὰ
2486 3628 2723 3697 αἰσθητὰ
2774 3631 3018 3693 τοιαῦτα,
3069 3629 3184 3682 ἀλλ’
3238 3628 3375 3700 ὁμοῦ
3409 3646 3470 3681 τε

1883 3718 2058 3788 ἐφάνη
2092 3719 2187 3771 καὶ
2224 3718 2526 3789 ἠφανίσθη,
2547 3720 2644 3772 καὶ
2672 3722 2699 3772 ό
2731 3722 3015 3791 τρυφήσας
3052 3721 3207 3774 οὐδὲν
3246 3722 3469 3791 ἄμεινον

1882 3809 2214 3865 διακείσεται
2248 3802 2342 3865 τοῦ
2394 3811 2471 3884 μὴ
2501 3814 2900 3885 τρυφήσαντος,
2944 3813 3143 3885 μᾶλλον
3169 3813 3226 3867 δὲ
3258 3818 3463 3885 χεῖρον.

1896 3901 1954 3951 Ὀ
1985 3900 2084 3971 μὲν
2116 3901 2225 3973 7&9
2255 3902 2444 3973 ὥσπερ
2476 3904 2533 3956 ἐν
2557 3902 2736 3973 λιμένι
2772 3903 3029 3974 κάθηται,
3078 3897 3233 3967 οὗτος
3258 3903 3319 3956 δὲ
3349 3920 3465 3973 χει-

1887 3997 2134 4067 μάρρουν
2171 3997 2293 4049 τινὰ
2350 3998 2445 4050 καὶ
2495 3997 2814 4067 πολιορκίαν
2850 3999 3176 4069 νοσημάτων
3226 3999 3466 4066 ἐδέξατο,

1886 4088 1979 4140 καὶ⁵
2028 4086 2151 4140 ούδέ
2207 4088 2452 4155 ἐνεγκεῖν
2480 4089 2581 4159 τὴν
2617 4086 2785 4159 ζάλην
2832 4088 3036 4160 ταύτην
3078 4089 3321 4144 δύναται.
3370 4092 3467 4144 'Iv'

1884 4174 1978 4231 οὖν
2015 4177 2089 4251 μὴ
2113 4178 2289 4232 ταῦτα
2340 4182 2585 4251 γένηται,
2630 4179 2727 4251 τὴν
2785 4180 3129 4250 συμμετρίαν
3151 4180 3464 4249 διώκωμεν.

1887 4270 2044 4324 Οὕτω
2077 4270 2189 4340 γάρ
2240 4274 2333 4325 καὶ
2369 4271 2431 4325 τὸ
2474 4271 2635 4343 σῶμα
2681 4267 2739 4327 εὖ
2782 4271 3194 4343 διακεισόμεθα,
3245 4274 3339 4326 καὶ
3366 4274 3467 4341 τὴν

1882 4364 2063 4434 ψυχὴν
2112 4367 2169 4417 ἐν
2222 4364 2492 4436 ἀσφαλείᾳ
2521 4354 2960 4436 καταστήσομεν,
3000 4365 3229 4418 καὶτῶν
3265 4365 3467 4436 παρόνέ

1879 4471 1986 4506 των
2020 4455 2112 4507 καὶ
2140 4452 2250 4506 τῶν
2276 4453 2581 4523 μελλόντων
2612 4451 3115 4523 ἀπαλλαγησόμεθα
3143 4452 3349 4505 κακῶν·
3390 4446 3469 4505 ὧν

1879 4547 2088 4615 γένοιτο
2139 4546 2348 4609 πάντας
2385 4546 2531 4616 ἡμᾶς
2578 4545 3012 4615 ἀπαλλαγέντας,
3056 4544 3154 4615 τῆς
3191 4543 3467 4614 βασιλείας

1888 4638 2186 4707 ἐπιτυχεῖν,
2263 4636 2446 4708 χάριτι
2506 4636 2600 4689 καὶ
2666 4634 3047 4707 φιλανθρωπίᾳ
3100 4633 3195 4687 τοῦ
3256 4633 3466 4704 Κυρίου

1884 4726 2045 4797 ήμῶν
2078 4725 2255 4796 Ἰησοῦ
2310 4724 2573 4797 Χριστοῦ,
2625 4724 2746 4797 μεθ’
2792 4722 2852 4780 οὗ
2890 4726 2969 4797 τῷ
3002 4726 3178 4797 Πατρὶ
3227 4727 3346 4794 ἅμα
3388 4724 3465 4794 τῷ

1887 4819 2026 4890 ἁγίῳ
2068 4817 2348 4888 Πνεύματι
2392 4817 2544 4885 δόξα,
2598 4819 2820 4893 κράτος,
2868 4819 3023 4889 τιμὴ,
3067 4817 3162 4871 νῦν
3216 4818 3313 4871 καὶ
3354 4817 3464 4881 ἀεὶ,

1886 4908 1981 4963 καὶ
2012 4911 2092 4971 είς
2126 4909 2253 4973 τοὺς
2289 4908 2493 4972 αίῶνας
2515 4908 2625 4963 τῶν
2655 4910 2887 4963 αίώνων.
2920 4910 3114 4981 ’Δμήν.

1564 5241 1716 5316 [250]
1750 5240 1991 5299 omum
2037 5244 2170 5299 κη’.

180 5422 551 5498 «δοκιμαζέτῳ
603 5420 675 5475 δὲ
1107 5427 1350 5498 ἑαυτὸν,
1422 5428 1522 5482 καί
1580 5429 1768 5494 οὕτως
1876 5429 2071 5498 ὥσπερ
2100 5426 2198 5480 καὶ
2226 5426 2543 5498 ἐμπροσθεν
2570 5425 2740 5496 ἐφθην
2775 5424 2963 5492 εἰπὼν,
2989 5427 3065 5497 μὴ
3092 5426 3251 5497 μόνον
3279 5427 3467 5481 ἐκεῖνα

248 5490 463 5623 1κᾷἱώ
499 5491 685 5563 ἄρτου
711 5490 962 5559 ἐσθιέτω
982 5490 1085 5549 καὶ
1113 5497 1183 5551 ἐκ
1216 5490 1645 5567 τυῦκυτημίυυ
1670 5490 1771 5551 ml

253 5583 298 5621 ν
410 5604 426 5620 .

253 5583 426 5621 νην.

251 5674 328 5730 α’.
344 5673 409 5727 Τί
423 5670 675 5744 βούλεται
695 5668 869 5727 ταῦτα
890 5670 959 5726 τά
981 5672 1221 5744 ῥήματα,
1252 5678 1444 5750 ἐτέρας
1473 5677 1779 5740 ὑποθέσεως

180 5757 283 5821 τίς
345 5755 723 5828 προκειμένης
784 5752 986 5831 cbo-qs;
1034 5755 1197 5822 Ἔθος
1251 5759 1412 5814 τοῦτο
1440 5762 1517 5833 τῷ
1548 5763 1776 5838 Παύλῳ,

1878 5509 2233 5584 ἐργάζεσθαι,
2260 5510 2405 5581 άπερ
2429 5509 2578 5580 αὐτῷ
2613 5508 2953 5580 προκείμενά
2980 5511 3153 5576 ἐστιν,
3196 5507 3336 5563 ἀλλὰ
3356 5511 3465 5565 κᾶν

1879 5593 2067 5666 ιτερος
2112 5595 2449 5671 παρεμπέση
2504 5592 2662 5658 λόγος
2716 5594 2785 5665 τῇ
2843 5593 3116 5657 ὑποθέσει,
3161 5590 3259 5645 καὶ
3286 5591 3465 5665 τούτῳ

1887 5677 2025 5748 μετὰ
2060 5676 2261 5748 πολλῆς
2320 5674 2597 5741 ἐπεξιέναι
2640 5675 2743 5747 τῆς
2794 5677 3047 5746 σπουδῆς,
3081 5677 3177 5730 καὶ
3226 5676 3464 5748 μάλιστα

1883 5762 2013 5816 ὅταν
2048 5762 2176 5833 περὶ
2210 5761 2414 5834 σφόδρα
2452 5761 2772 5830 ἀναγκαίων
2812 5761 2905 5815 καὶ
2932 5760 3369 5829 κατεπειγόντων
3395 5754 3465 5835 ᾗ.
