4022 6214
555 259 661 312 233

1206 253 1264 308 S.
1303 251 1590 310 JOANNIS
1627 252 2116 311 CIIRYSOSTOMI
2160 253 2482 313 ARCIHEP.
2524 251 3077 311 CONSTANTINOP.

3693 254 3793 310 935

554 370 792 440 Καὶ-[ἀρ
821 371 907 423 ὅτε
957 370 1071 432 τοῖς
1114 372 1459 441 γεγαμηκόσι
1494 371 1785 439 διελέγετο,
1833 373 1928 426 καὶ
1967 376 1994 426 ὁ
2024 374 2133 427 τῶν
2240 373 2421 427 οὐκέτι
2465 373 2574 427 ἀπὸ
2619 371 2823 442 ἐτέρων
2854 369 2924 422 τά
2965 368 3380 439 παραδείγματα
3413 365 3588 439 φέρει,
3617 367 3799 440 ῶσπερ

551 455 776 507 οἰκετῶν
821 452 969 523 αὑτῷ
1008 454 1351 522 παρενέπεσε
1396 454 1573 522 λόγος,
1612 454 1818 524 σφόδρα
1860 456 2124 523 γενναίως

553 537 648 591 καὶ
691 536 778 590 διὰ
837 536 1050 589 πολλῶν
1085 535 1248 589 αὑτὸν
1295 535 1668 589 κατεσκεύασε
1693 555 1705 566 ·
1749 538 1842 590 καὶ
1874 538 1961 590 ὅτε
1997 540 2123 610 περὶ

550 619 642 672 τοῦ
679 621 753 690 μὴ
787 620 896 672 δεῖν
929 619 1209 688 κρίνεσθαι
1235 621 1417 683 ἐντοῖς
1443 619 1814 690 δικαστηρίοις
1835 620 2007 686 ἔλεγε,
2029 621 2122 673 καὶ

548 703 668 754 τότε
712 705 792 766 εἰς
831 703 931 771 τὴν
978 703 1108 769 περὶ
1156 701 1467 766 πλεονεξίας
1517 701 1775 772 ἐμπεσὼν
1817 704 2121 769 νουθεσίαν,

549 785 720 838 πολλὰ
774 787 868 838 καὶ
916 784 1046 854 περὶ
1079 785 1282 855 ταύτης
1311 784 1556 854 διελέχθη
1593 785 1690 855 τῆς
1729 785 2054 849 ὑποθέσεως·
2097 786 2124 838 δ

548 867 612 937 δὴ
645 868 740 920 καὶ
772 866 1003 919 ἐνταῦθα
1035 868 1354 936 πεποίηκεν.
1395 867 1612 938 Ἐπειδὴ
1672 868 1778 939 γὰρ
1830 867 1975 934 ἅπαξ
2025 869 2124 937 τῆς

547 950 655 1003 τῶν
715 949 1026 1019 μυστηρίων
1090 949 1283 1020 ἐδεήθη
1347 951 1594 1020 μνήμης,
1646 951 1946 1016 ἀναγκαῖον
1985 946 2123 1002 εἶναι

549 1032 801 1102 ἐνόμισεν
831 1031 1136 1096 ἐπεξελθεῖν
1164 1035 1230 1103 τῇ
1255 1032 1508 1085 ὑποθέσει
1529 1048 1542 1062 ·
1574 1032 1692 1085 οὐδὲ
1711 1033 1819 1102 γάρ
1842 1031 2124 1102 ήτυχοῦσα

545 1111 635 1186 ἦν,
669 1113 758 1166 Διὸ
792 1114 884 1167 καὶ
918 1113 1122 1184 σφόδρα
1145 1113 1392 1184 φοϐερῶς
1420 1115 1548 1184 περὶ
1583 1115 1756 1182 αὐτῆς
1781 1115 2046 1183 διελέχθη,
2064 1114 2124 1167 τὸ

550 1196 844 1265 κεφάλαιον
874 1197 980 1250 τῶν
1009 1197 1231 1265 ἀγαθῶν
1262 1195 1712 1258 κατασκευάζων,
1759 1197 1819 1247 τὸ
1857 1196 1994 1265 μετὰ
2021 1213 2123 1249 κα-

550 1279 716 1350 θαροῦ
771 1280 1054 1351 προσιέναι
1107 1278 1412 1341 συνειδότος
1450 1277 1655 1340 αὐτοῖς.
1679 1277 1840 1331 Ὅθεν
1865 1278 1984 1330 οὐδὲ
2012 1280 2123 1339 τοῖς

548 1365 860 1434 ἔμπροσθεν
917 1362 1230 1432 εἰρημένοις
1283 1361 1526 1431 ἠρκέσθη
1598 1361 1778 1431 μόνον,
1840 1360 1976 1414 ἀλλά
2031 1362 2123 1414 καὶ

548 1447 720 1500 ταῦτα
743 1445 1067 1515 προστίθησι
1102 1443 1294 1511 λέγων·
1328 1441 1687 1512 Δοκιμαζέτω
1716 1442 1783 1496 δὲ
1815 1443 2124 1511 ἄνθρωπος

547 1529 795 1582 ἑαυτόν·
829 1527 856 1578 ὃ
889 1527 980 1579 καὶ
1004 1528 1061 1578 ἐν
1091 1529 1156 1596 τῇ
1200 1526 1427 1596 δευτέρᾳ
1457 1525 1639 1596 φησίν·
1679 1524 1964 1592 Ἑαυτοὺς
1997 1542 2121 1577 πει-

547 1609 769 1676 ράζετε,
813 1608 1067 1673 ἑαυτοὺς
1116 1608 1490 1677 δοκιμάζετε·
1537 1609 1596 1662 οὺ
1650 1608 1904 1679 καθά-περ
1959 1611 2121 1676 ἡμεῖς

550 1692 811 1761 ποιοῦμεν
847 1689 961 1754 νύν,
1003 1689 1181 1762 καιρῷ
1217 1691 1532 1761 προσιόντες
1575 1690 1793 1760 μᾶλλον,
1829 1691 1862 1760 ἢ
1917 1690 2119 1758 σπουδῇ

551 1774 794 1843 γνώμης.
840 1774 912 1826 Οὐ
972 1773 1076 1843 γὰρ
1129 1773 1276 1835 ὅπως
1325 1774 1837 1844 παρεσκευασμένοι
1905 1771 1997 1824 καὶ
2054 1771 2123 1823 τά

550 1860 695 1909 κακὰ
731 1856 936 1908 ἑαυτῶν
971 1855 1377 1923 ἐκκαθάραντες
1404 1857 1496 1908 καὶ
1531 1854 1876 1918 κατανύξεως
1904 1853 2124 1922 πληρω-

549 1940 733 2000 θέντες
787 1937 1184 2008 προσέλθοιμεν
1232 1937 1567 2008 σκοποῦμεν,
1602 1935 1716 1989 ἀλλ’
1745 1937 1895 1998 ὅπως
1920 1935 1977 1987 ὲν
2003 1936 2122 2004 ἐορ·

549 2026 685 2085 ταῖς,
712 2023 804 2075 καὶ
836 2022 994 2091 ήνίκα
1029 2021 1096 2073 ἀν
1125 2021 1382 2082 ἀπαντες.

631 2179 769 2230 Ἀλλ’
797 2179 894 2246 οὐχ
925 2177 1096 2241 οὕτως
1122 2178 1154 2228 ό
1185 2176 1391 2239 Παῦλος
1410 2177 1714 2239 ἐκέλευσεν,
1749 2173 1862 2226 ἀλλ’
1889 2172 1982 2226 ἕνα
2005 2189 2122 2225 και-

550 2263 641 2332 ρὸν
667 2257 777 2313 οἶδε
808 2260 1072 2330 προσόδου
1103 2261 1194 2312 καὶ
1224 2260 1528 2322 κοινωνίας,
1571 2258 1664 2311 τοῦ
1700 2257 1998 2319 συνειδότος
2023 2255 2121 2324 τὴν

548 2344 915 2413 καθαρότητα.
972 2343 1034 2395 Εἰ
1065 2343 1174 2410 γάρ
1205 2341 1468 2412 αἰσθητῆς
1498 2343 1598 2393 οὐκ
1628 2342 1692 2394 ἄν
1720 2356 1849 2392 ποτε
1887 2338 2118 2409 μεταλά-

549 2427 734 2496 ϐοιμεν
767 2424 1045 2496 τραπέζης
1092 2424 1449 2494 πυρέττοντες
1506 2424 1601 2476 καὶ
1646 2422 1835 2494 χυμῶν
1862 2422 2122 2488 γέμοντες

548 2510 818 2581 πονηρῶν,
847 2508 986 2562 ὥστε
1022 2507 1099 2578 μή
1131 2507 1448 2560 ἀπολέσθαι·
1483 2504 1662 2573 πολλῷ
1689 2503 1887 2572 μᾶλλον
1920 2501 2122 2570 ταύτης

547 2593 813 2646 ἅπτεσθαι
845 2593 976 2662 ἡμῖν
1006 2592 1066 2642 ού
1097 2590 1255 2658 θέμις
1294 2589 1430 2658 μετά
1460 2587 1764 2655 ἐπιθυμιῶν
1798 2585 2033 2648 ἀτόπων,
2064 2584 2120 2636 αἳ

547 2676 794 2745 πυρετῶν
852 2676 957 2725 εἰσι
1032 2671 1429 2742 χαλεπώτεραι.
1477 2672 1646 2724 Ὀταν
1705 2669 1760 2723 δὲ
1830 2669 2120 2737 ἐπιθυμίας

549 2759 779 2819 ἀτόπους
812 2756 969 2819 εἴπω,
1005 2755 1096 2808 καί
1135 2753 1229 2816 τὰς
1269 2752 1375 2806 τῶν
1409 2753 1677 2823 σωμάτων
1711 2751 1854 2820 λέγω
1897 2753 1989 2803 καὶ
2022 2753 2119 2810 τὰς

544 2840 652 2892 τῶν
711 2839 1004 2908 χρημάτων
1069 2839 1162 2888 καὶ
1227 2836 1326 2898 τὰς
1386 2838 1483 2906 τῆς
1534 2835 1703 2904 ὀργῆς
1743 2835 1837 2886 καὶ
1874 2833 1972 2895 τὰς
2021 2833 2119 2902 τῆς

552 2921 936 2992 μνησικακίας,
1012 2920 1105 2971 καὶ
1187 2919 1366 2979 πάσας
1439 2918 1628 2979 ἀπλῶς
1702 2916 1801 2977 τὰς
1860 2916 2115 2978 ἀτόπους.

547 3007 656 3060 Καὶ
685 3005 764 3056 δεῖ
796 3003 885 3056 τὸν
916 3001 1204 3070 προσιόντα
1227 3037 1242 3060 ,
1277 3000 1451 3051 πάντα
1482 2998 1882 3066 ἐξαντλῆσαντα
1911 2997 2080 3048 ταῦτα
2102 3037 2116 3058 ,

545 3087 685 3139 οὓτω
741 3086 840 3153 τῆς
887 3082 1130 3151 καθαρᾶς
1177 3078 1390 3150 ἐκείνης
1431 3078 1696 3132 ἅπτεσθαι
1758 3077 1979 3138 θυσίας,
2028 3081 2120 3130 καὶ

550 3171 684 3237 μήτε
768 3164 1024 3236 ῥαθύμως
1105 3162 1448 3230 διακείμενον
1540 3162 1633 3212 καὶ
1724 3159 2117 3228 ταλαιπώρως,

546 3246 950 3316 ἀναγκάζεσθαι
1002 3245 1092 3297 διά
1141 3245 1238 3315 τὴν
1277 3246 1469 3316 ἑορτὴν
1507 3243 1826 3312 προσιέναι,
1868 3243 2002 3312 μήτε
2053 3238 2118 3292 αὖ

547 3333 919 3401 κατανυγέντσ.
961 3330 1054 3382 καὶ
1092 3328 1643 3396 παρεσκευασμένον,
1679 3326 1982 3377 κωλύεσθαι
2035 3325 2120 3376 διὰ

548 3417 609 3468 τὸ
668 3416 740 3484 μὴ
797 3411 933 3466 εἶναι
988 3410 1202 3478 ἑορτήν.
1267 3408 1458 3477 Ἐορτὴ
1514 3406 1621 3476 γὰρ
1678 3406 1853 3476 ἔργων
1904 3406 2122 3472 ἀγαθῶν

548 3503 693 3552 ἐστιν
731 3495 1016 3558 ἐπίδειξις,
1059 3496 1151 3544 καὶ
1190 3490 1366 3562 ψυχῆς
1399 3491 1673 3556 εὐλάϐεια,
1712 3491 1804 3542 καὶ
1844 3490 2119 3552 πολιτείας

547 3580 833 3651 ἀκρίϐεια·
887 3578 989 3630 κᾶν
1053 3574 1225 3628 ταῦτα
1281 3575 1443 3644 ἔχῃς,
1496 3572 1786 3635 διαπαντὸς
1841 3571 2120 3642 ἑορτάζειν

547 3664 772 3732 δυνήσῃ,
808 3662 900 3713 καὶ
934 3659 1222 3719 διαπαντὸς
1264 3658 1565 3726 προσιέναι.
1611 3656 1708 3707 Διά
1757 3655 1914 3708 τοῦτό
1964 3672 2118 3726 φησι,

547 3743 901 3812 Δοκιμαζέτω
934 3742 998 3793 δὲ
1030 3741 1246 3793 ἑαυτὸν
1275 3740 1551 3804 ἕκαστος,
1586 3739 1678 3790 καὶ
1703 3737 1823 3788 τότε
1859 3737 2116 3805 προσίτω.

549 3830 658 3880 Καὶ
688 3827 784 3895 οὐχ
817 3826 1001 3892 ’έτερον
1032 3825 1200 3893 ἑτέρῳ
1231 3821 1440 3875 κελεύει
1472 3821 1762 3889 δοκιμάσαι
1797 3832 1844 3883 α,
1881 3819 1994 3871 ἀλλ’
2023 3820 2120 3870 αύο

546 3910 637 3963 τὸν
690 3908 913 3972 ἑαυτὸν,
974 3907 1360 3976 ἀδημοσίευτον
1412 3904 1582 3957 ποιῶν
1640 3905 1699 3955 τὸ
1749 3902 2116 3970 δικαστήριον,

547 3993 860 4062 ἀμάρτυρον
896 3991 982 4042 τὸν
1018 3991 1258 4058 ἔλεγχον.
1302 3990 1354 4040 '0
1388 3990 1497 4056 γὰρ
1530 3988 1747 4039 ἐσθίων
1788 3988 1882 4038 καὶ
1933 3987 2122 4037 πίνων

547 4075 825 4138 ἀναξίως,
861 4071 1009 4142 [251]
1029 4071 1130 4124 τοῦ
1159 4072 1377 4139 Κυρίου
1403 4071 1576 4138 κρῖμα
1600 4067 1790 4133 ἐαυτῷ
1814 4069 1999 4120 ἐσθίει
2024 4067 2121 4120 καὶ

549 4159 726 4236 πίνει.
765 4156 827 4207 Τί
856 4156 1070 4220 λέγεις;
1103 4155 1222 4206 εἰπέ
1260 4170 1381 4222 μοι·
1415 4155 1447 4222 ὴ
1481 4152 1753 4204 τοσούτων
1790 4150 2011 4236 ἀγαθῶν
2039 4153 2121 4202 αἱ-

547 4232 658 4301 τία,
717 4240 808 4289 καὶ
865 4236 1006 4306 ζωὴν
1068 4237 1306 4306 βρύουσα
1341 4236 1368 4274 δ
1423 4235 1689 4306 τράπεζα,
1749 4232 1890 4302 αὕτη
1950 4235 2120 4302 κρῖμα

550 4323 789 4389 γίνεται;
838 4320 911 4372 Ού
963 4318 1110 4388 παρὰ
1160 4318 1258 4388 τήν
1309 4317 1479 4385 αὐτῆς
1526 4316 1705 4384 φύσιν,
1752 4315 1936 4384 φησὶν,
1986 4314 2121 4368 ἀλλά

551 4404 701 4474 παρὰ
731 4403 825 4472 τὴν
857 4401 951 4454 τοῦ
985 4402 1299 4472 προσιόντος
1335 4399 1674 4470 προαίρεσιν.
1708 4398 1919 4466 ’Ὠσπερ
1948 4397 2055 4467 γάρ
2088 4399 2121 4465 ἡ

551 4485 822 4556 παρουσία
859 4485 1043 4547 αὑτοῦ,
1076 4487 1107 4553 ἡ
1147 4485 1216 4535 τά
1252 4482 1462 4552 μεγάλα
1490 4484 1673 4533 ἐκεῖνα
1713 4480 1808 4533 καὶ
1836 4480 2121 4549 ἀπόρρητα

551 4569 821 4637 κομίσασα
871 4570 1004 4637 ἡμῖν
1061 4567 1258 4634 ἀγαθά,
1295 4567 1418 4626 τοὺς
1458 4564 1530 4633 μὴ
1584 4562 1907 4632 δεξαμένους
1955 4563 2121 4631 αὐτὴν

555 4651 752 4721 μᾶλλον
787 4649 1137 4719 κατέκρινεν·
1180 4648 1320 4699 οὕτω
1353 4647 1444 4698 καὶ
1475 4646 1541 4697 τά
1575 4647 1848 4715 μυστήρια
1882 4643 2122 4714 μείζονος

552 4735 739 4802 ἐφόδια
764 4732 1034 4793 κολάσεως
1057 4731 1264 4798 γίνεται
1295 4731 1405 4790 τοῖς
1433 4727 1663 4792 ἀναξίως
1691 4725 1994 4795 μετέχουσι.
2028 4729 2122 4780 Διά

554 4821 604 4870 τί
637 4818 691 4869 δὲ
724 4820 896 4886 κρῖμα
928 4815 1103 4884 ἐαυτῷ
1134 4814 1334 4877 ἐσθίει;
1369 4812 1463 4879 Μὴ
1496 4812 1816 4878 διακρίνων
1841 4811 1908 4862 τὸ
1953 4808 2124 4879 σῶμα

554 4901 659 4953 τοῦ
687 4901 927 4965 Κυρίου.
958 4897 1238 4957 Τουτέστι,
1268 4897 1358 4965 Μὴ
1383 4895 1670 4960 ἐξετάζων,
1703 4894 1776 4964 μὴ
1805 4893 2017 4956 ἐννοῶν,
2048 4894 2123 4957 ὡς

556 4983 682 5053 χρὴ,
715 4984 775 5034 τὸ
808 4981 1032 5051 μέγεθος
1062 4979 1167 5030 τῶν
1202 4979 1576 5049 προκειμένων
1599 5018 1611 5040 ,
1661 4978 1736 5046 μὴ
1779 4975 2120 5046 λογιζόμενος

554 5069 642 5119 τὸν
673 5067 833 5133 δγκον
876 5065 972 5134 τῆς
1005 5065 1233 5133 δωρεᾶς.
1277 5064 1338 5115 Εἰ
1376 5063 1483 5132 γὰρ
1518 5060 1709 5130 μάθοις
1751 5060 1992 5131 ἀκριϐῶς
2039 5062 2122 5124 τίς

555 5147 685 5199 ποτέ
718 5149 861 5198 ἐστιν
894 5149 921 5198 ό
954 5145 1330 5216 προκείμενος,
1361 5145 1454 5197 καὶ
1486 5144 1564 5205 τίς
1590 5143 1664 5194 ῶν
1694 5143 1795 5193 τίνι
1830 5142 2018 5195 ἑαυτὸν
2047 5142 2121 5194 δί-

553 5231 736 5290 δωσιν,
773 5229 983 5290 οὐδενὸς
1030 5226 1215 5296 ἐτέρου
1267 5227 1432 5296 δεήσῃ
1473 5225 1657 5290 λόγου,
1703 5223 1816 5276 ἀλλ’
1850 5226 2009 5295 ἀρκεῖ
2042 5240 2121 5278 σοι

554 5311 712 5362 τοῦτο
743 5313 819 5368 εἰς
851 5311 1066 5362 ἃπασαν
1097 5309 1255 5378 νῆψιν
1277 5349 1291 5371 ,
1321 5309 1368 5359 εἰ
1419 5308 1493 5376 μὴ
1529 5307 1729 5377 σφόδρα
1759 5307 1874 5377 εῐης
1918 5307 2122 5360 ἀναπε-

556 5391 807 5454 πτωκώς.
848 5392 949 5444 Διὰ
979 5392 1154 5446 τοῦτο
1189 5391 1258 5444 ἐν
1289 5389 1428 5459 ὑμῖν
1463 5390 1682 5443 πολλοὶ
1713 5388 1988 5455 ἀσθενεῖς
2023 5393 2122 5443 καὶ

553 5477 865 5545 ἄρρωστοι,
895 5473 990 5526 καὶ
1031 5473 1348 5542 κοιμῶνται
1379 5473 1591 5526 uarat.
1645 5471 1909 5525 Ἐνταῦθα
1928 5472 2122 5530 λοιπὸν,

616 5665 643 5693 ⁸
665 5664 771 5725 Reg
796 5700 809 5726 ,
844 5665 1057 5726 ἕκαστος,
1081 5664 1159 5709 καὶ
1182 5663 1328 5726 οὕτως
1352 5662 1563 5710 ἐσθιέτω.
1604 5663 1708 5725 Οὐχ
1731 5664 1945 5726 ἕτερονη,
1990 5669 2119 5714 δοκι-

556 5725 727 5786 μάζειν.
795 5725 821 5762 δ
839 5727 918 5773 Sic
943 5724 1058 5787 Reg.
1087 5731 1138 5773 el
1162 5725 1310 5774 Savil.
1337 5726 1385 5771 in
1405 5736 1555 5786 marg.
1580 5727 1656 5774 ΑΙ.
1679 5724 2046 5788 ζωῆςβρύουσα.

2238 459 2330 510 ἐπὶ
2368 456 2476 510 τῶν
2511 454 2870 509 εἰδωλοθύτων
2902 451 3148 521 ἐποίησε,
3179 453 3277 516 τὰς
3315 451 3550 513 παλαιὰς
3584 451 3798 523 διηγού-

2237 557 2393 610 μενος
2442 538 2682 609 ἰστορίας
2713 535 2931 598 καὶτὰς
2977 536 3035 587 ἐν
3065 536 3133 604 τῇ
3178 534 3369 604 ἐρήμῳ
3413 534 3650 603 πληγὰς,
3689 533 3799 589 ἀλλ’

2233 625 2328 676 ἀπ’
2359 622 2538 676 αὐτῶν
2565 622 2675 674 τῶν
2713 617 3039 690 Κορινθίων,
3071 616 3208 686 ὅπερ
3241 617 3335 670 καὶ
3365 616 3800 688 πληκτικώτερον

2234 705 2406 758 ἐποίει
2442 705 2532 757 τὸν
2570 704 2748 772 λόγον.
2795 701 3010 769 Ἐπειδὴ
3043 700 3154 770 γὰρ
3190 700 3362 767 ἔλεγε,
3397 700 3584 768 Κρῖμα
3616 699 3802 765 ἑαυτῷ

2230 787 2436 849 ἐσθίει,
2464 788 2576 849 καὶ,
2616 786 2862 852 Ἔνοχός
2883 784 3076 843 ἐστιν,
3101 783 3184 834 ἵνα
3215 783 3290 851 μὴ
3320 781 3450 851 δοκῇ
3481 782 3802 851 ρήματαλέ·

2233 885 2370 936 γειν,
2405 869 2497 922 καὶ
2527 869 2665 938 ἔργα
2692 865 2928 918 δείκνυσι
2958 864 3053 917 καὶ
3090 864 3374 936 μάρτυρας
3403 865 3596 926 αὐτοὺς
3630 865 3799 926 καλεῖ,

2230 953 2366 1022 ὅπερ
2391 950 2590 1021 μᾶλλον
2608 948 2700 1002 τοῦ
2726 947 3021 1017 ἀπειλῆσαι
3046 947 3403 1011 καθικνεῖται,
3429 944 3507 1015 τῷ
3528 946 3697 1009 δεῖξαι
3727 949 3802 1010 εἰς

2231 1033 2390 1103 ἔργον
2440 1033 2538 1103 τὴν
2589 1031 2823 1101 ἀπειλὴν
2881 1029 3226 1096 ἐξελθοῦσαν.
3291 1029 3366 1081 Ub
3432 1029 3538 1098 μὴν
3597 1027 3803 1091 τούτοις

2230 1117 2474 1188 ἠρκέσθη
2525 1117 2726 1186 μόνοις,
2763 1114 2879 1168 ἀλλ’
2926 1115 3036 1166 ἀπὸ
3071 1112 3278 1166 τούτων
3312 1112 3403 1164 καὶ
3430 1111 3520 1162 τὸν
3552 1110 3802 1181 περὶτῆς

2230 1199 2453 1268 γεέννης
2489 1199 2754 1267 εἰσήγαγε
2798 1197 2892 1248 καὶ
2933 1194 3280 1249 ἐπιστώσατο
3329 1192 3517 1261 λόγον,
3565 1193 3802 1262 ἀμφοτέ-

2234 1281 2404 1351 ρωθεν
2435 1281 2633 1350 φοϐῶν,
2669 1280 2761 1332 καὶ
2799 1277 3020 1350 ζήτημα
3053 1275 3330 1347 πανταχοῦ
3378 1275 3804 1346 περιφερόμενον

2231 1362 2392 1418 λύων.
2432 1362 2649 1432 Ἐπειδὴ
2693 1362 2802 1432 γὰρ
2846 1360 3030 1413 πολλοὶ
3063 1359 3198 1431 πρὸς
3229 1359 3489 1429 ἀλλήλους
3521 1356 3803 1428 ἀποροῦσι.

2233 1445 2396 1497 πόθεν
2416 1447 2465 1498 of.
2486 1445 2655 1515 ἄωροι
2682 1444 2924 1508 θάνατοι,
2953 1442 3117 1495 πόθεν
3144 1444 3198 1494 at
3229 1441 3440 1512 μακραὶ
3467 1440 3633 1504 νόσοι,
3659 1439 3806 1505 λέγει

2231 1529 2312 1580 ὃτι
2356 1527 2417 1592 ἐξ
2459 1527 2877 1599 ἁμαρτημάτων
2923 1524 3090 1579 πολλά
3125 1523 3332 1591 τούτων
3377 1523 3486 1578 τῶν
3531 1524 3808 1594 ἀδοκήτων

2228 1612 2329 1682 τὴν
2364 1611 2617 1664 ὑπόθεσιν
2657 1609 2789 1679 ἔχει.

2304 1768 2369 1836 β’.
2402 1766 2467 1817 Τί
2495 1761 2585 1818 οὖν
2615 1765 2662 1818 οἱ
2698 1758 3060 1831 ὑγιαίνοντες,
3093 1763 3246 1831 φησί,
3277 1763 3559 1832 όιηνεκῶς,
3593 1763 3686 1816 καὶ
3728 1766 3813 1828 είς

2232 1852 2410 1921 γῆρας
2443 1850 2724 1920 ἐρχόμενοι
2750 1847 3000 1917 λιπαρὸν,
3029 1847 3126 1916 οὐχ
3155 1846 3557 1916 ἀμαρτάνουσις
3590 1848 3700 1899 Καὶ
3726 1847 3808 1910 τίς

2232 1935 2297 1988 ἂν
2330 1934 2486 1985 τοῦτο
2518 1933 2695 1996 εἴποις
2739 1929 2864 1992 Πῶς
2904 1925 3020 1994 οὖν,
3059 1930 3257 2000 φησὶν,
3294 1928 3355 1982 οὐ
3387 1928 3590 1982 διδόασι
3621 1928 3810 1996 δίκην;

2232 2017 2354 2070 Ὅτι
2390 2017 2506 2068 ἐκεῖ
2528 2013 2757 2067 δώσουσι
2791 2011 3198 2083 χαλεπωτέραν.
3245 2010 3436 2081 Ἡμεῖς
3469 2011 3546 2075 δὲ,
3579 2012 3627 2063 εἰ
3661 2009 3812 2062 ἐϐου-

2229 2098 2458 2169 λόμεθα,
2491 2098 2600 2151 οὐδ’
2639 2096 2704 2149 ἂν
2745 2094 3004 2160 ἐνταῦθα,
3039 2094 3146 2148 οὐδ’
3179 2093 3244 2147 ἀν
3283 2094 3460 2147 ἐκεῖσε
3503 2091 3807 2161 ἐδώκαμεν.

2230 2185 2299 2237 Et
2333 2183 2440 2249 γὰρ
2471 2180 2724 2245 ἑαυτοὺς
2760 2180 3108 2248 ἐκρίνομεν,
3150 2179 3336 2248 φησιν,
3385 2179 3494 2231 οὐκ
3533 2175 3610 2230 ἂν
3658 2176 3812 2245 ἐκρι-

2228 2265 2467 2332 νόμεθα.
2500 2263 2610 2316 Καὶ
2654 2263 2753 2314 οὐκ
2782 2257 2957 2325 εἶπεν,
2992 2261 3054 2312 Εἰ
3087 2260 3416 2329 ἐκολάζομεν
3461 2260 3709 2320 ἑαυτοὺς.
3749 2256 3812 2310 Εἰ

2228 2343 2664 2413 ἐτιμωρούμεθα,
2691 2343 2824 2394 ἀλλά
2848 2346 3030 2411 μόνον,
3056 2342 3116 2392 Εἰ
3149 2342 3443 2409 ἐπιγνῶναι
3471 2341 3539 2393 τά
3559 2340 3814 2410 ἁμαρτή-

2233 2443 2375 2496 ματα
2406 2424 2796 2495 ἐϐουλήθημεν,
2829 2425 2876 2476 εί
2903 2425 3262 2477 καταδικάσαι
3288 2425 3534 2488 ἑαυτοὺς,
3565 2425 3610 2476 εί
3648 2440 3811 2477 κατα-

2229 2507 2428 2575 γνῶναι
2470 2507 2578 2560 τῶν
2619 2506 3187 2576 πεπλημμελημένων,
3211 2506 3596 2575 ἀπελλάγημεν
3624 2506 3688 2559 ἂν
3718 2506 3814 2558 καὶ

2227 2591 2329 2662 τῆς
2361 2589 2592 2644 ἐνταῦθα
2616 2591 2710 2642 καὶ
2740 2590 2840 2659 τῆς
2867 2591 3044 2642 ἐκεῖσε
3065 2589 3356 2661 τιμωρίας.
3406 2589 3465 2642 '0
3494 2590 3603 2661 γὰρ
3632 2607 3809 2642 καταο·

2229 2675 2390 2741 γνοὺς
2438 2672 2655 2736 ἐαυτοῦ,
2701 2673 2862 2741 διπλῇ
2901 2671 2992 2724 τὸν
3038 2671 3169 2724 Θεὸν
3205 2671 3543 2737 ἐξιλεοῦται,
3593 2673 3688 2725 καὶ
3733 2670 3813 2739 τῷ

2229 2755 2528 2825 ἐπιγνῶναι
2562 2754 2631 2807 τὰ
2676 2755 3049 2823 ἁμαρτήματα
3070 2793 3084 2815 ,
3112 2755 3204 2807 καὶ
3233 2753 3311 2823 τῷ
3343 2756 3476 2824 πρὸς
3508 2756 3570 2807 τὸ
3617 2756 3815 2824 μέλλον

2226 2841 2585 2909 ὀκνηρότερος
2612 2839 2880 2906 γίνεσθαι.
2920 2837 3138 2906 Ἐπειδὴ
3166 2838 3223 2889 δὲ
3250 2838 3372 2890 οὐδὲ
3400 2837 3560 2889 τοῦτο
3588 2840 3649 2890 τὸ
3679 2839 3812 2891 κοῦ-

2230 2940 2327 2990 φον
2378 2921 2676 2992 βουλόμεθα
2721 2922 2917 2982 ποιεῖν,
2959 2919 3033 2984 ὡς
3086 2919 3191 2990 χρὴ
3235 2922 3428 2981 ποιεῖν,
3477 2920 3598 2972 ούδὲ
3639 2921 3814 2984 οὕτως

2229 3009 2374 3075 ἡμᾶς
2410 3005 2547 3075 μετά
2577 3006 2672 3075 τῆς
2703 3004 3030 3074 οἰκουμένης
3075 3001 3325 3066 κολάζειν
3368 3003 3642 3072 ἀνέχεται,
3675 3002 3816 3056 ἀλλά

2231 3092 2325 3142 καὶ
2353 3089 2494 3142 οὕτω
2525 3090 2787 3157 φείδεται,
2815 3085 3050 3140 ἐνταῦθα
3078 3088 3234 3156 δίκην
3259 3085 3527 3146 ἀπαιτῶν,
3555 3079 3614 3136 οὗ
3645 3086 3816 3156 πρόσο

2232 3189 2419 3240 καιρος
2449 3174 2481 3241 ἡ
2523 3170 2763 3241 τιμωρία
2793 3170 2886 3223 καὶ
2924 3168 3094 3238 πολλὴ
3131 3170 3165 3239 ή
3197 3167 3542 3239 παραμυθία·
3580 3167 3674 3220 καὶ
3703 3169 3816 3240 γὰρ

2230 3254 2645 3324 ἁμαρτημάτων
2680 3251 2971 3322 ἀπαλλαγὴ
3002 3252 3061 3304 τὸ
3096 3251 3403 3322 γινόμενον,
3454 3250 3547 3302 καὶ
3597 3253 3815 3322 χρηστὴ

2228 3334 2338 3387 τῶν
2366 3334 2668 3404 μελλόντων
2692 3335 2848 3398 ἐλπὶς
2881 3333 3212 3402 κουφίζουσα
3241 3334 3308 3387 τὰ
3333 3333 3598 3404 παρόντα.
3625 3333 3815 3386 Ταῦτα

2229 3416 2284 3468 δέ
2309 3417 2476 3483 λέγει,
2501 3415 2635 3485 ὁμοῦ
2670 3417 2767 3485 μὲν
2796 3414 3290 3484 παραμυθούμενος
3321 3417 3447 3479 τοὺς
3468 3416 3810 3487 ἀρρώστους,

2228 3498 2363 3569 ὁμοῦ
2384 3500 2438 3551 δέ
2462 3500 2590 3561 τοὺς
2621 3497 2812 3561 ἄλλους
2839 3496 2989 3569 [252]
3022 3498 3475 3568 σπουδαιοτέρους
3499 3499 3690 3553 ποιῶν.
3721 3503 3816 3553 Διό

2231 3599 2381 3654 φησι·
2399 3583 2548 3636 Νυνὶ
2565 3581 2631 3636 δὲ
2652 3582 3006 3650 κρινόμενοι,
3021 3579 3140 3633 ὑπὸ
3157 3581 3378 3649 Κυρίου
3391 3581 3815 3652 παιδευόμεθα.

2231 3659 2342 3719 Οόκ
2367 3662 2507 3727 εἷπε,
2525 3664 2904 3733 Κολαζόμεθα,
2923 3663 3022 3716 οὐκ
3043 3659 3185 3728 εἰπε,
3205 3663 3632 3734 Τιμωρούμεθα,
3652 3665 3813 3727 ἀλλά,

2231 3743 2670 3810 Παιδευιίμεθα·
2703 3741 2982 3805 νουθεσίας
3015 3742 3124 3811 γὰρ
3162 3741 3359 3809 μᾶλλόν
3393 3745 3537 3795 ἐστιν
3569 3744 3601 3812 ἢ
3639 3760 3816 3809 κατα-

2228 3828 2384 3894 δίκης
2412 3827 2470 3876 τὸ
2500 3824 2804 3892 γινόμενον,
2834 3823 3074 3891 ἰατρείας
3098 3821 3130 3890 ἢ
3153 3823 3441 3892 τιμωρίας,
3473 3822 3815 3892 διορθώσεως

2229 3908 2262 3978 ἢ
2296 3907 2588 3967 κολάσεως.
2620 3905 2692 3956 Οὐ
2729 3903 2902 3973 ταύτῃ
2932 3903 2987 3956 δέ
3017 3902 3197 3971 μόνον,
3233 3903 3368 3955 ἀλλά
3394 3904 3485 3957 καὶ
3516 3907 3580 3974 τῇ
3612 3907 3814 3976 ἀπειλῇ

2228 3989 2322 4042 τοῦ
2363 3988 2602 4058 μείζονος
2634 3986 2832 4055 κοῦφον
2861 3986 2920 4037 τὸ
2953 3985 3127 4055 παρὸν
3152 3988 3314 4049 ποιεῖ,
3339 3986 3535 4054 λέγων·
3575 3990 3696 4043 Ἵνα
3722 3993 3811 4059 μὴ

2230 4072 2351 4124 σὺν
2385 4069 2462 4134 τῷ
2495 4073 2698 4138 κόσμῳ
2727 4067 3189 4138 κατακριθῶμεν.
3239 4067 3392 4134 Εἶδες
3427 4071 3546 4135 πῶς
3586 4076 3678 4126 καὶ
3711 4075 3815 4146 τήν

2229 4156 2452 4222 γέενναν
2471 4154 2759 4222 ἐπέστησε,
2788 4153 2883 4205 καὶ
2905 4154 2965 4206 τὸ
2987 4153 3216 4222 φρικτὸν
3239 4156 3415 4206 ἐκεῖνο
3437 4155 3812 4230 δικαστήριον,

2230 4239 2323 4290 καὶ
2351 4238 2646 4302 ἀναγκαῖον
2667 4235 2833 4300 ἔδειξε
2856 4237 2950 4288 καὶ
2973 4236 3189 4297 πάντως
3210 4237 3478 4307 ἐσομένην
3498 4239 3598 4307 τὴν
3616 4242 3815 4305 ἐξέτα-

2232 4336 2314 4370 σιν
2341 4320 2556 4387 ἐκείνην
2585 4318 2679 4369 καὶ
2701 4317 2799 4386 τὴν
2826 4317 3132 4386 τιμωρίαν;
3169 4318 3230 4369 Εἰ
3258 4318 3367 4388 γὰρ
3401 4321 3450 4371 οί
3487 4322 3668 4373 πιστοὶ
3713 4326 3814 4377 καὶ

2230 4402 2306 4473 τῷ
2335 4403 2454 4471 Θεῷ
2487 4401 2940 4472 περισπούδαστοι
2961 4401 3056 4452 οὑκ
3089 4401 3397 4470 ἀτιμωρητὶ
3424 4402 3813 4472 διαφεύγουσιν

2231 4490 2286 4541 ἐν
2314 4482 2393 4548 οἷς
2427 4486 2491 4538 ἂν
2526 4485 2962 4556 πλημμελήσωσι
2982 4510 3007 4545 ,-
3040 4485 3134 4536 καὶ
3166 4483 3326 4552 δῆλον
3356 4488 3418 4538 ἐκ
3449 4487 3556 4539 τῶν
3603 4490 3810 4561 παρόν-

2229 4587 2357 4635 των,
2392 4567 2570 4636 πολλῷ
2623 4568 2822 4638 μᾶλλον
2869 4567 2920 4619 οὶ
2961 4567 3178 4620 ἄπιστοι
3225 4569 3320 4621 καὶ
3349 4570 3399 4621 οἰ
3431 4569 3497 4622 τὰ
3527 4569 3807 4637 ἀνήκεστα

2231 4654 2322 4705 καί
2350 4653 2541 4706 ἀνίατα
2571 4653 2925 4722 ἁμαρτόντες.
2957 4650 3139 4706 Ὥστε
3165 4654 3595 4721 συνερχόμενοι
3624 4657 3710 4718 εις
3739 4657 3807 4709 τὸ

2229 4737 2460 4805 φαγεῖν,
2485 4737 2798 4801 ἀλλήλους
2820 4734 3162 4804 ἐκδέχεσθε.
3189 4737 3308 4789 Ἔτι
3335 4738 3443 4807 γὰρ
3465 4738 3810 4810 ἀκμάζοντος

2230 4819 2415 4880 αὐτοῖς
2446 4819 2538 4870 τοῦ
2574 4817 2760 4884 φόϐου,
2800 4821 2892 4870 καὶ
2921 4817 3015 4871 τοῦ
3050 4819 3248 4890 τρόμου
3287 4820 3539 4887 μένοντος
3573 4822 3664 4875 τοῦ
3704 4823 3812 4892 τῆς

2231 4901 2474 4970 γεέννης,
2509 4901 2754 4970 βούλεται
2800 4901 2961 4954 πάλιν
2988 4901 3086 4973 τὴν
3119 4901 3258 4972 ὑπὲρ
3285 4901 3392 4955 τῶν
3418 4906 3661 4975 πενήτων
3689 4909 3810 4959 εἰσ-

2229 4987 2458 5050 ἀγαγεῖν
2512 4983 2868 5054 παραίνεσιν,
2915 4983 2984 5037 δι’
3017 4984 3084 5052 ἢν
3122 4984 3336 5038 ἅπαντα
3366 4985 3540 5039 ταῦτα
3587 4988 3806 5058 εἴρηκε,

2229 5067 2440 5128 δεικνὺς
2487 5068 2569 5119 ὅτι
2602 5066 2760 5119 τοῦτο
2791 5068 2865 5136 μὴ
2891 5067 3188 5130 ⁴ποιοῦντας
3215 5068 3447 5133 ἀναξίως
3477 5070 3594 5121 ἐστὶ
3630 5087 3809 5140 μετα-

2230 5148 2543 5217 λαμϐάνειν.
2582 5148 2640 5201 Εἰ
2675 5148 2733 5200 δέ
2758 5149 2817 5201 τὸ
2845 5148 2918 5218 μὴ
2956 5148 3278 5219 μεταδοῦναι
3299 5150 3406 5201 τῶν
3434 5150 3602 5203 όντων
3627 5154 3808 5222 εἴργει

2229 5233 2326 5301 τῆς
2364 5231 2642 5302 τραπέζης
2675 5233 2911 5302 ἐκείνης,
2960 5231 3138 5301 πολλῷ
3175 5233 3372 5302 μᾶλλον
3412 5234 3474 5286 τδ
3509 5234 3802 5304 ἁρπάζειν.

2229 5317 2338 5367 Καὶ
2391 5315 2491 5366 οὐκ
2532 5310 2706 5378 εἶπεν,
2759 5316 2923 5366 Ὥστε
2957 5316 3339 5386 συνερχόμενοι
3388 5315 3643 5386 μετάδοτε
3688 5320 3806 5382 τοῖς

2227 5393 2517 5462 δεομένοις,
2559 5394 2673 5446 ἀλλ’
2708 5394 2735 5446 δ
2771 5384 3099 5464 σεμνότερον
3133 5384 3224 5464 ἦν,
3276 5384 3603 5458 Wrich
3633 5393 3806 5448 ἐκδέ-

2229 5479 2426 5542 χεσθε.
2459 5475 2630 5530 Τοῦτο
2653 5476 2762 5546 γάρ
2792 5477 2886 5530 καὶ
2915 5479 3090 5530 ἐκεῖνο
3133 5474 3498 5536 κατεσκεύαζε
3533 5474 3627 5528 καὶ
3654 5477 3808 5548 hvic-

2226 5577 2366 5625 τετο,
2399 5562 2493 5613 καὶ
2522 5559 2662 5631 μετά
2693 5560 2786 5613 τοῦ
2821 5561 3122 5632 πρέποντος
3152 5559 3429 5626 σχήματος
3471 5556 3568 5626 τὴν
3601 5558 3809 5627 παραίο

2226 5634 2377 5696 νεσιν
2395 5646 2703 5715 εισήγαγεν.
2732 5640 2866 5697 Εἶτα
2892 5643 3080 5696 λοιπὸν
3102 5637 3491 5709 ἰντρεπτικῶς·
3520 5643 3590 5695 El
3615 5637 3696 5692 δέ
3714 5657 3807 5702 τις

2228 5725 2520 5794 πεινᾷ,μέν
2560 5730 2704 5790 οἴκῳ
2742 5727 3004 5781 ἐσθιέτω.
3049 5723 3375 5795 Ἐπιτρέψας
3406 5724 3675 5788 ἐκώλυσε,
3706 5723 3806 5775 καὶ
