4022 6214
170 422 268 479 253

172 552 280 593 rem
308 526 655 603 pertractavit
685 540 701 603 ξ
732 530 786 578 et
810 534 932 577 cum
960 517 1252 571 dissereret
1280 522 1333 567 et
1362 509 1610 603 probaret
1637 518 1743 603 non

171 596 415 697 aporiere
441 621 498 675 in
516 598 728 688 iudiciis
748 613 983 682 litigare,
1008 619 1133 661 tunc
1162 602 1402 658 incidens
1427 604 1478 654 in
1505 596 1745 657 admoui-

174 695 366 770 tionem
398 712 538 766 circa
560 706 857 763 avaritiam.
891 700 1055 754 inulta
1082 697 1148 751 de
1168 695 1271 751 hoc
1294 698 1607 761 argumento
1630 700 1752 756 pro-

177 807 287 859 tulit
318 821 332 857 :
364 802 415 856 id
444 797 587 869 quod
614 796 777 852 etiam
808 792 893 848 hic
922 789 1062 845 facit.
1094 787 1225 855 Quia
1253 785 1394 839 enim
1424 779 1588 835 semel
1618 793 1752 855 opus

176 898 361 957 fuerat,
390 902 448 946 ut
471 891 539 945 de
566 885 834 959 mysteriis
864 880 1224 939 meminisset,
1259 871 1623 929 necessarium
1650 882 1753 936 pu-

178 988 301 1042 tavit
326 1000 446 1041 esse
468 984 568 1037 hoc
587 977 834 1050 persequi
851 979 1245 1043 argumentum;
1266 980 1437 1035 neque
1459 962 1601 1018 enim
1625 959 1756 1013 levis

178 1077 428 1135 momenti
476 1083 595 1138 est;
622 1071 849 1138 ideoque
877 1063 1164 1120 admodum
1194 1056 1509 1114 terribiliter
1550 1052 1617 1107 de
1663 1050 1756 1104 illo

178 1169 443 1232 disseruit,
468 1166 727 1220 bonorum
755 1167 917 1228 caput
947 1170 1068 1212 esse
1118 1152 1349 1222 probans
1370 1189 1385 1212 ,
1418 1146 1485 1201 ad
1530 1160 1590 1200 ea
1635 1157 1757 1198 eum

180 1277 305 1332 pura
328 1255 653 1314 conscientia
667 1250 941 1307 accedere.
959 1245 1112 1303 Unde
1135 1259 1239 1297 non
1257 1248 1542 1332 mutemus
1564 1235 1629 1289 iis
1641 1249 1759 1303 quae

182 1327 323 1423 prius
339 1349 564 1412 dixerat,
590 1346 707 1398 haec
720 1353 931 1411 quoque
953 1334 1134 1403 adjicit
1155 1331 1358 1391 dicens.
1388 1327 1572 1423 Probet
1592 1333 1762 1423 autem

182 1417 397 1512 ieipsum
420 1440 593 1503 hante,-
614 1437 665 1490 id
683 1432 823 1504 quod
844 1431 1004 1487 etiam
1025 1428 1080 1481 in
1105 1423 1336 1481 secunda
1359 1418 1584 1490 epistola
1602 1417 1759 1471 dicit:

195 1533 288 1587 Vos
308 1534 444 1603 ipso:
462 1537 663 1587 tentate.
681 1541 766 1579 eos
788 1523 929 1591 ipso:
952 1518 1179 1589 probate;
1202 1530 1306 1568 non
1336 1514 1471 1567 sieut
1498 1525 1595 1564 nos
1624 1521 1765 1603 nunc

186 1598 423 1685 facimus,
442 1630 682 1688 tempore
703 1614 1021 1669 conditionis
1040 1611 1214 1679 potius
1234 1605 1383 1666 moti,
1410 1616 1567 1672 quam
1588 1598 1767 1654 studio

185 1712 362 1769 animi.
383 1711 496 1766 Non
518 1710 661 1763 enim
680 1707 730 1760 id
750 1718 1022 1766 curamus,
1042 1710 1097 1752 ut
1121 1698 1311 1767 parati,
1333 1711 1360 1747 a
1383 1694 1535 1749 malis
1560 1690 1765 1763 purgati

186 1817 237 1862 et
259 1802 666 1874 compunctione
701 1798 840 1869 pleni
868 1794 1185 1850 accedamus
1208 1832 1221 1854 ,
1248 1787 1341 1843 scd
1388 1797 1443 1841 ut
1486 1786 1538 1839 iu
1580 1783 1769 1837 diebus

187 1897 333 1952 τεθεὶς
351 1906 407 1950 et
426 1910 551 1949 cum
582 1904 770 1946 omnes
799 1886 1082 1942 accedunt.

256 1986 587 2043 Conscientia:
618 1982 811 2053 paritas
840 1974 1233 2035 communicanti
1257 1971 1559 2025 necessaria.
1586 1997 1654 2007 -—
1675 1966 1771 2020 Ve-

190 2095 303 2136 rum
332 2094 436 2132 non
463 2082 533 2130 ita
556 2074 713 2145 jussit
740 2071 969 2130 Paulus;
1001 2067 1092 2121 sed
1120 2080 1281 2118 unum
1314 2064 1459 2117 novit
1486 2059 1770 2114 accedendi

190 2182 243 2228 et
281 2165 706 2224 communicandi
740 2171 1098 2231 opportunum
1144 2165 1385 2223 tempus,
1432 2151 1773 2206 conscientiae

191 2275 382 2329 nempe
415 2256 717 2325 puritatem.
764 2252 894 2306 Nam
937 2251 980 2302 si
1027 2248 1123 2300 hac
1165 2244 1349 2299 sensili
1392 2257 1573 2296 mensa
1616 2256 1773 2293 num-

191 2367 346 2423 quam
379 2349 604 2403 fruimur
635 2345 767 2400 icbri
802 2342 1106 2397 laborantes
1135 2348 1225 2391 aut
1247 2333 1562 2389 humoribus
1596 2332 1771 2400 pleni,

195 2455 250 2500 ut
281 2459 347 2497 ne
377 2454 689 2511 pereamus;
721 2436 891 2490 multo
914 2434 1089 2487 uiiuus
1118 2430 1256 2484 hanc
1285 2437 1502 2496 tangere
1535 2424 1686 2479 nobis
1718 2424 1776 2475 li.

194 2549 280 2593 cet
306 2550 425 2588 eum
456 2533 632 2603 pravis
659 2524 1114 2596 concupiscentiis
1140 2564 1153 2585 ,
1185 2536 1305 2591 qua:
1347 2519 1481 2573 {diri
1510 2526 1633 2571 sunt
1660 2530 1777 2583 gra-

195 2640 391 2682 viores.
436 2624 567 2678 Cum
610 2630 787 2674 autem
825 2630 1016 2686 pravas
1061 2614 1182 2667 dico
1220 2608 1699 2677 concupiscentias,
1726 2616 1780 2657 ct

196 2730 479 2786 corporum
516 2713 638 2768 dico
676 2709 993 2778 cupiditates
1020 2713 1074 2759 et
1111 2702 1456 2773 pecuniarum
1500 2708 1553 2753 et
1600 2699 1689 2751 ira:
1730 2706 1782 2749 et

196 2809 509 2879 injuriarum
537 2800 943 2863 recordationis,
976 2806 1031 2853 et
1057 2809 1269 2860 omnes,
1296 2802 1353 2847 ut
1381 2808 1485 2848 uno
1508 2791 1671 2845 verbo
1701 2790 1782 2841 di-

196 2917 346 2965 cam,
384 2915 500 2969 qua:
544 2910 718 2966 prava
748 2891 1099 2959 abSIIrdazque
1142 2896 1284 2942 sunt.
1337 2886 1558 2953 Oportet
1604 2891 1780 2935 autem

196 2990 541 3047 accedentem
563 3028 578 3051 ,
610 2986 695 3040 his
714 2984 965 3041 omnibus
991 2979 1265 3035 exhaustis
1293 2992 1355 3031 ac
1381 2975 1658 3045 depositis.
1686 2988 1783 3042 pu-

200 3097 317 3139 rum
342 3079 471 3134 illud
498 3079 759 3147 attingere
783 3074 1135 3135 sacrificium;
1167 3084 1341 3138 neque
1366 3068 1599 3135 segniter
1615 3075 1668 3119 et
1689 3065 1784 3118 mi-

200 3188 319 3229 sere
364 3170 613 3226 affectum
662 3175 879 3238 propter
919 3164 1111 3219 festum
1150 3160 1267 3229 cogi
1295 3158 1359 3213 ad
1388 3158 1782 3219 accedendum;

201 3276 377 3332 neque
417 3274 605 3316 rursus
631 3265 1012 3326 compunctum
1038 3264 1086 3308 et
1116 3260 1357 3322 paratum
1388 3249 1689 3318 prohiberi,
1723 3262 1789 3301 eo

204 3354 348 3426 quod
382 3369 486 3407 non
517 3352 585 3407 sit
614 3351 730 3405 dies
755 3350 944 3404 festus.
995 3346 1119 3401 Dies
1148 3345 1288 3399 enim
1319 3343 1485 3397 festus
1510 3350 1591 3396 est
1618 3341 1788 3395 bono-

204 3462 324 3503 rum
347 3459 567 3515 operum
589 3442 822 3497 exhibita
851 3438 1025 3508 copia,
1058 3436 1221 3491 animi
1250 3435 1453 3503 pietas,
1478 3441 1784 3487 accuratmn

203 3540 328 3592 vitae
374 3536 673 3590 institutum
708 3552 720 3585 :
754 3533 796 3585 si
848 3532 962 3585 lucc
1009 3529 1246 3592 habeas,
1293 3534 1551 3595 perpetuo
1597 3524 1789 3579 festum

204 3646 364 3701 agere
404 3628 623 3698 poteris.
658 3634 711 3678 et
739 3638 953 3693 semper
989 3619 1265 3675 accedere.
1303 3617 1427 3671 Ideo
1453 3617 1528 3670 ait
1560 3633 1573 3667 :
1604 3616 1791 3669 Probet

203 3734 375 3778 autem
399 3722 615 3790 “ipsum
643 3717 1002 3786 unusquisque,
1026 3722 1079 3767 et
1108 3722 1233 3766 tunc
1263 3710 1502 3765 accedat.
1525 3707 1635 3763 Nec
1660 3724 1791 3777 prte-

203 3817 337 3886 cipit
362 3824 418 3869 ut
440 3815 576 3867 alter
600 3812 828 3865 alterum
856 3807 1065 3877 probet,
1091 3805 1183 3859 sed
1210 3812 1265 3858 ut
1285 3804 1507 3871 quisque
1530 3804 1788 3867 seipsum,

201 3907 465 3978 judicium
496 3912 736 3959 statuens
763 3899 901 3970 quod
932 3914 1036 3952 non
1066 3899 1135 3951 sit
1161 3896 1433 3966 publicum
1454 3935 1469 3958 ,
1502 3903 1554 3949 et
1596 3893 1792 3962 proha-

207 3999 410 4053 tionem
436 3995 556 4051 sine
589 3993 835 4048 testibus.
871 3990 960 4045 29.
1002 3988 1099 4054 Qui
1130 3988 1267 4042 enim
1303 3987 1574 4039 mandarat
1602 3998 1649 4037 et
1677 3986 1793 4038 bibit

203 4088 437 4158 indigne,
454 4085 715 4157 judicium
746 4081 953 4137 Domini
980 4080 1072 4134 sibi
1094 4080 1366 4132 manducet
1393 4088 1438 4131 et
1465 4078 1604 4131 bibit.
1634 4077 1790 4143 Quid,

206 4194 415 4252 quaeso,
439 4176 616 4233 dicis?
648 4185 727 4230 tot
754 4177 1015 4229 bonorum
1040 4187 1200 4228 causa
1226 4214 1239 4234 ,
1274 4173 1544 4242 vitamque
1574 4172 1791 4238 profun-

208 4275 352 4328 dcns
392 4283 600 4333 mensa,
631 4268 745 4338 ipsa
766 4268 1025 4337 judicium
1062 4266 1331 4321 efficitur?
1370 4264 1484 4319 Non
1512 4282 1578 4319 ex
1609 4274 1795 4317 natura

208 4377 331 4428 sua,
368 4360 559 4431 inquit,
590 4360 686 4413 sed
726 4372 789 4412 ex
832 4358 949 4427 ejus
990 4357 1076 4427 qui
1117 4357 1320 4411 accedit
1362 4356 1603 4411 arbitrio.
1650 4357 1799 4409 Sicut

208 4452 357 4508 enim
385 4450 668 4520 prazsentia
706 4448 853 4518 ejus,
892 4463 1009 4518 qua)
1052 4462 1245 4516 magna
1293 4446 1381 4502 illa
1420 4457 1473 4501 et
1512 4444 1797 4501 ineffabilia

212 4542 370 4597 nobis
399 4540 607 4595 confert
636 4540 796 4606 bona,
823 4554 916 4594 eos
944 4538 1034 4608 qui
1063 4523 1167 4591 non
1194 4536 1460 4606 accipiunt
1484 4536 1651 4605 magis
1673 4551 1800 4590 con-

208 4634 435 4687 demnat
466 4648 479 4685 :
504 4630 583 4683 sic
609 4636 666 4683 et
691 4628 945 4699 mysteria
970 4626 1039 4681 ad
1068 4625 1237 4694 majus
1263 4625 1581 4694 suppllcium
1611 4624 1799 4679 viatico

212 4734 343 4779 sunt
371 4722 437 4777 iis
464 4720 555 4790 qui
588 4718 802 4789 indigne
827 4718 1164 4789 participant.
1194 4716 1303 4771 Cur
1331 4725 1509 4771 autem
1540 4716 1800 4786 judicium

209 4813 320 4869 sibi
348 4799 673 4868 manducat?
704 4807 826 4862 Non
845 4808 1130 4879 diiudicant
1149 4824 1333 4877 corpus
1358 4807 1586 4861 Domini.
1616 4808 1671 4863 id
1698 4818 1800 4875 est,

213 4919 326 4959 nou
356 4902 693 4966 examinans,
727 4914 832 4954 non
862 4897 1125 4969 cogitans,
1155 4906 1211 4953 ut
1236 4886 1526 4968 Oporteret,
1556 4900 1799 4969 proposi-

212 5007 399 5052 torum
441 4994 860 5065 magnitudinem
906 4999 961 5047 et
1005 4989 1131 5045 doni
1176 4989 1570 5048 excellentiam.
1599 4990 1731 5047 Nam
1761 4993 1806 5045 si

212 5092 470 5141 accurate
498 5083 771 5149 didiceris,
800 5083 920 5153 quis
955 5084 1030 5139 sit
1073 5080 1163 5136 ille
1208 5079 1300 5149 qui
1343 5090 1569 5149 prostat,
1603 5082 1806 5150 etquis

212 5190 345 5232 cum
392 5174 483 5241 sit,
535 5174 619 5227 cui
660 5173 751 5228 dat
791 5174 1047 5245 seipsum,
1087 5170 1234 5226 nullo
1261 5170 1370 5225 alio
1406 5186 1540 5239 opus
1584 5170 1808 5225 habebis

214 5278 512 5328 sermone;
541 5261 634 5316 sed
674 5263 775 5318 hoc
804 5264 896 5318 tibi
923 5263 1056 5318 satis
1084 5262 1188 5318 erit
1214 5260 1282 5315 ad
1310 5261 1666 5330 vigilantiam,
1704 5262 1805 5314 nisi

213 5353 379 5409 valde
406 5353 587 5421 lapsus
616 5350 801 5406 fueris.
832 5351 921 5406 30.
950 5351 1079 5408 Ideo
1106 5354 1235 5407 inter
1260 5368 1345 5405 vos
1372 5352 1519 5404 multi
1541 5352 1733 5420 inﬁrmi
1762 5362 1808 5405 ct

214 5443 518 5509 imbecilles,
540 5450 587 5499 et
609 5441 865 5496 dormiunt
891 5446 1057 5497 mutii.
1088 5444 1183 5499 Hic
1204 5444 1313 5513 jam
1343 5458 1447 5498 non
1475 5443 1542 5497 ab
1564 5444 1683 5498 aliis
1705 5443 1809 5498 fert

217 5534 473 5605 exempla
501 5574 515 5599 ,
547 5540 604 5588 ut
630 5531 756 5587 fecit
783 5532 925 5586 circa
954 5546 1040 5597 ea,
1064 5548 1185 5602 qua:
1216 5534 1484 5589 immolata
1514 5543 1669 5589 erant
1691 5534 1806 5589 ido-

220 5626 315 5692 lis,
346 5634 553 5681 veteres
592 5638 816 5680 narrans
843 5623 1123 5687 historias,
1148 5635 1201 5679 et
1232 5627 1412 5696 plagas
1443 5629 1494 5680 in
1522 5627 1810 5683 solitudine

222 5726 495 5786 acceptas,
520 5716 614 5772 sed
641 5717 708 5772 ab
737 5716 865 5786 ipsis
888 5714 1211 5779 Corinthiis,
1227 5715 1277 5768 id
1308 5717 1450 5785 quod
1474 5714 1635 5771 etiam’
1658 5718 1809 5773 vehe-

224 5808 548 5865 mentiorem
591 5806 844 5865 reddebat
872 5820 1193 5864 sermonem.
1237 5807 1368 5874 Quia
1398 5807 1538 5862 enim
1571 5808 1811 5864 dicebat:

1160 402 1220 456 ΙΝ
1262 398 1480 454 EPIST.
1522 395 1561 449 l.
1606 391 1700 447 AD
1738 389 1893 444 COR.
1940 388 2165 444 IIOMIL.
2200 388 2435 445 XXVlll.

3327 382 3433 436 27.5

1853 499 2115 555 Iudicium
2144 502 2237 557 sibi
2267 503 2571 567 manducet;
2620 510 2692 564 et,
2715 500 2849 556 Reus
2879 510 2950 556 est
2967 518 2983 564 ;
3026 516 3093 555 ne
3118 500 3277 555 verba
3310 515 3433 570 pro-

1858 594 1993 647 ferre
2016 592 2276 659 videatur,
2310 594 2443 647 facta
2475 591 2679 661 adjicit,
2704 602 2758 646 et
2780 601 2944 646 testes
2968 591 3085 644 illos
3114 589 3361 653 advocat,
3389 592 3437 645 id

1859 683 2000 751 quod
2054 684 2221 753 magis
2268 699 2428 753 quam
2477 683 2819 737 comminatio
2872 682 3217 750 perstringit,
3266 683 3441 735 mittas

1866 775 2138 843 proferens
2182 774 2233 827 in
2267 789 2401 840 opus
2425 784 2701 828 exeuntes.
2744 756 3040 843 Neque'his
3072 783 3274 825 tantum
3308 788 3441 824 con-

1864 874 2061 933 tentus,
2089 866 2210 921 hinc
2243 882 2545 922 sermonem
2577 867 2643 921 de
2673 867 2914 937 gehenna
2947 866 3145 920 inducit
3175 866 3444 936 fidemth

1866 958 2025 1021 facit;
2057 960 2322 1027 utrimque
2346 970 2574 1017 terrens.
2606 968 2657 1011 et
2687 960 3034 1024 qumstiooem
3062 959 3293 1024 solvens,
3326 976 3445 1030 qua:

1866 1049 2059 1118 ubique
2104 1049 2572 1113 circuntfcrebatur
2642 1049 2773 1115 Quia
2818 1053 2961 1104 enim
3010 1052 3161 1107 multi
3208 1053 3347 1108 inter
3390 1072 3448 1107 se

1866 1151 2133 1208 qumrunt,
2166 1142 2426 1194 untleuaut
2462 1142 2757 1195 immatura:
2790 1152 3011 1209 mortes,
3042 1145 3181 1199 unde
3211 1148 3447 1202 diuturni

1870 1231 2061 1296 morbi,
2082 1232 2209 1284 dicit
2237 1232 2327 1285 illo
2353 1233 2515 1284 uudta
2546 1236 2903 1301 inexspectata
2930 1246 3265 1302 peccatorum
3289 1254 3448 1294 causa

1869 1322 2128 1376 accidere.

1941 1414 1995 1467 2.
2030 1416 2164 1479 Ouid
2197 1430 2343 1485 ergo,
2375 1417 2606 1485 inquies,
2639 1418 2710 1469 illi
2744 1420 2831 1486 qui
2880 1432 3140 1489 perpetuo
3175 1422 3310 1477 bene
3360 1442 3447 1477 m-

1874 1506 2003 1567 lent,
2032 1516 2085 1559 et
2111 1506 2177 1560 ad
2215 1516 2457 1575 vegetam
2504 1510 2823 1577 perveniunt
2871 1522 3206 1568 senectutem
3234 1556 3247 1579 ,
3273 1532 3448 1570 annon

1875 1598 1971 1666 ipsi
2022 1598 2287 1665 peccant?
2317 1598 2512 1668 Ecquis
2557 1600 2657 1655 hoc
2701 1600 2939 1655 dixerit?
2967 1606 3244 1669 Quomodo
3288 1623 3453 1675 ergo.

1877 1689 2103 1755 inquies,
2134 1704 2237 1741 non
2269 1687 2397 1742 dant
2427 1691 2653 1759 poenas?
2686 1692 2817 1756 Quia
2852 1693 2961 1748 illic
2982 1697 3260 1764 graviores
3282 1698 3459 1754 daturi

1876 1790 2019 1831 sunt.
2053 1778 2161 1833 Nos
2190 1788 2369 1833 autem
2399 1781 2442 1834 si
2476 1782 2700 1835 velimus
2723 1824 2735 1844 ,
2788 1799 2959 1854 neque
2996 1785 3084 1839 hic
3133 1802 3307 1857 neque
3352 1790 3459 1844 illic

1876 1870 2049 1922 daturi
2098 1885 2305 1923 sumus.
2350 1871 2439 1925 3|.
2481 1872 2541 1925 Si
2582 1875 2716 1926 enim
2764 1892 2854 1927 nos
2897 1877 3034 1943 ipsos
3071 1879 3462 1947 judicaremus,

1879 1960 2081 2027 inquit,
2134 1977 2236 2013 non
2283 1962 2457 2030 utique
2493 1962 2865 2032 judicaremur.
2905 1965 3012 2022 Nec
3056 1968 3225 2034 dixit,
3257 1970 3314 2025 Si
3364 1988 3461 2027 nos

1880 2051 2024 2120 ipsos
2065 2052 2461 2120 corripercmus
2499 2063 2552 2107 et
2593 2057 3007 2126 eastigarcmus;
3034 2060 3125 2114 sed
3176 2071 3381 2117 tantum
3418 2066 3463 2119 si

1881 2155 2099 2212 peccata
2147 2162 2440 2215 agnoscere
2483 2151 2741 2205 vellemus
2768 2192 2781 2216 ,
2811 2156 2854 2207 si
2888 2170 2982 2208 nos
3027 2154 3172 2225 ipsos
3212 2157 3466 2214 damnare

1881 2242 1933 2286 et
1963 2235 2266 2303 improbare
2294 2241 2430 2293 mala
2460 2257 2646 2308 opera,
2673 2243 3027 2299 liberaremur
3070 2258 3122 2301 et
3150 2263 3178 2299 a
3214 2253 3465 2316 pra-senti

1883 2331 1937 2376 et
1986 2340 2014 2376 a
2051 2324 2243 2407 ‘futuro
2288 2331 2572 2396 Supplicia.
2609 2332 2737 2385 Nam
2789 2336 2879 2402 qui
2923 2338 3158 2405 seipsum
3210 2341 3461 2401 damnat.

1882 2415 2165 2485 dupliciter
2211 2420 2375 2472 Deum
2434 2421 2641 2488 placat,
2675 2433 2730 2479 et
2782 2427 2922 2493 quod
2960 2439 3175 2495 peccata
3220 2443 3469 2499 agnoscat

1885 2515 1941 2559 et
1980 2509 2121 2574 quod
2172 2511 2221 2562 in
2270 2510 2447 2563 futuro
2488 2514 2556 2565 sit
2606 2514 2669 2567 ad
2723 2518 3053 2583 peccandum
3089 2522 3308 2574 tardior.
3335 2524 3467 2589 Quia

1888 2612 2015 2651 vero
2059 2616 2124 2652 ne
2170 2602 2271 2654 hoc
2317 2602 2529 2671 quidem
2583 2605 2649 2658 ita
2700 2606 2818 2661 leve
2872 2608 3043 2663 facere
3086 2610 3361 2676 volumus,
3412 2627 3469 2667 ut

1888 2692 2059 2745 facere
2101 2704 2408 2762 Oporteret;
2442 2713 2506 2750 ne
2536 2698 2613 2751 sic
2648 2698 2861 2766 quidem
2895 2716 2991 2754 nos
3039 2704 3147 2755 vult
3174 2719 3295 2757 cum
3339 2707 3471 2761 orbe

1890 2793 2149 2837 terrarum
2172 2788 2380 2853 punire,
2411 2788 2504 2841 sed
2520 2792 2597 2843 sic
2613 2804 2825 2858 quoque
2856 2795 3047 2861 parcit,
3077 2794 3160 2849 hic
3181 2812 3363 2863 pteuas
3386 2814 3472 2851 re-

1894 2887 2113 2945 petens,
2148 2877 2233 2931 ubi
2280 2881 2595 2949 supplicium
2626 2894 2707 2936 est
2755 2893 3157 2953 temporaneum
3202 2900 3253 2942 et
3283 2904 3471 2958 magna

1890 2968 2188 3023 consolatio
2222 2986 2235 3022 :
2271 2986 2391 3025 nam
2420 2988 2452 3026 a
2490 2974 2722 3041 peccatis
2776 2976 3019 3031 liberatio
3070 2986 3153 3032 est
3185 3021 3198 3043 ,
3238 2988 3293 3033 et
3335 2981 3473 3034 bona

1893 3059 2194 3114 futurorum
2249 3078 2374 3132 spes
2418 3079 2537 3133 qua:
2586 3069 2867 3135 praesentia
2919 3068 3102 3124 leniat.
3137 3070 3262 3125 "me
3313 3087 3474 3141 porro

1892 3151 2058 3217 dicit,
2094 3154 2250 3208 simul
2285 3156 2525 3210 infirmos
2565 3161 2883 3226 consolans,
2916 3172 2969 3217 et
3015 3163 3151 3217 alios
3173 3165 3466 3233 diligentio-

1895 3259 1981 3297 res
2008 3245 2256 3339 reddens.
2292 3246 2414 3302 Ideo
2440 3250 2512 3303 ait
2542 3270 2555 3303 :
2588 3252 2674 3305 52.
2704 3251 2855 3305 Nunc
2896 3265 3062 3307 autem
3108 3272 3223 3309 cum
3262 3260 3475 3327 judica-

1895 3353 2007 3389 mur
2032 3380 2045 3403 ,
2097 3356 2127 3389 α
2158 3339 2377 3394 Domino
2424 3345 2737 3413 corripimur.
2766 3345 2879 3399 Non
2913 3347 3045 3402 dixit
3071 3392 3082 3412 ,
3108 3349 3441 3420 Castigamur
3461 3398 3474 3416 ,

1900 3446 2003 3483 non
2036 3430 2187 3497 dixit,
2219 3432 2492 3503 Supplicio
2516 3437 2805 3504 efficimur,
2823 3444 2940 3509 sed,
2966 3442 3283 3512 Corripimur
3310 3462 3328 3500 :
3355 3464 3474 3501 nam

1895 3524 2036 3591 quod
2068 3524 2124 3577 fit
2150 3528 2318 3595 magis
2356 3538 2438 3583 est
2468 3530 2847 3587 admonitionis
2898 3551 3055 3605 quam
3080 3537 3436 3594 damnatiOnis
3460 3584 3475 3605 ,

1898 3614 2175 3669 medicinm
2206 3633 2362 3685 quam
2396 3622 2665 3690 supplicii,
2691 3627 3039 3680 correctionis
3067 3643 3225 3697 quam
3254 3634 3480 3702 castiga-

1900 3705 2080 3758 tionis.
2107 3706 2221 3759 Non
2258 3707 2358 3762 hoc
2385 3720 2561 3765 autem
2592 3718 2956 3769 tantuunnodo
2979 3759 2992 3781 ,
3041 3719 3131 3772 sed
3160 3730 3214 3774 ct
3256 3728 3480 3776 commi-

1900 3799 2116 3853 natione
2149 3800 2367 3866 majoris
2396 3818 2569 3871 ptnnm
2597 3805 2709 3859 leve
2739 3808 2910 3861 reddit
2940 3810 3063 3864 illud
3089 3854 3101 3871 .
3135 3813 3318 3867 dicens
3348 3834 3358 3865 :
3412 3816 3478 3869 lit

1900 3903 1999 3940 non
2045 3905 2159 3942 cum
2204 3893 2395 3945 mundo
2442 3894 2756 3949 damnamur.
2800 3899 3273 3971 Viden’quomodo
3304 3917 3355 3959 et
3382 3923 3477 3976 ge-

1902 3981 2133 4034 hennam
2178 3983 2482 4051 induxerit,
2530 3997 2582 4041 et
2614 3987 2871 4043 horribile
2921 3992 3048 4045 illud
3105 3995 3373 4061 tribunal,
3428 4009 3481 4052 ct

1901 4074 2211 4127 necessario
2241 4074 2471 4130 futuram
2507 4080 2803 4134 ostenderit
2849 4082 2991 4135 illam
3043 4088 3479 4155 perquisitiuuem

1902 4170 1955 4213 et
1989 4163 2317 4230 punitionem
2341 4167 2363 4219 ?
2387 4165 2516 4220 Nam
2545 4169 2589 4221 si
2628 4169 2813 4225 fideles
2851 4182 2903 4225 et
2924 4174 3010 4243 qui
3041 4175 3146 4229 lleo
3173 4191 3312 4230 curm
3335 4192 3479 4242 sunt,

1906 4269 2008 4305 non
2043 4254 2259 4323 impune
2288 4256 2488 4327 fugient
2519 4270 2857 4328 peccatorum
2887 4280 3071 4332 pinnas
3099 4309 3110 4327 ,
3162 4276 3217 4319 ut
3247 4284 3311 4321 cx
3344 4287 3483 4338 pra:-

1906 4345 2147 4399 scatibus
2195 4347 2367 4415 palam
2399 4359 2521 4415 est,
2574 4352 2741 4406 multo
2790 4357 2965 4409 minus
3015 4358 3251 4413 infideles
3297 4373 3349 4413 et
3396 4366 3487 4431 qui

1906 4438 2083 4505 gravia
2118 4439 2541 4511 insanabiliaque
2586 4444 2787 4498 scelera
2838 4447 3141 4502 admittunt.
3170 4451 3486 4522 55.11nqw,

1908 4547 2023 4583 cum
2065 4534 2337 4587 convenitis
2367 4535 2435 4587 ad
2477 4538 2922 4603 manducandum,
2945 4540 3156 4595 invicem
3184 4557 3485 4613 exspectate.

1908 4623 2039 4678 Nam
2075 4626 2199 4679 dum
2232 4628 2373 4695 viget
2412 4630 2571 4683 timor
2598 4640 2652 4684 et
2694 4633 2955 4699 gehennre
3001 4644 3201 4691 tremor
3242 4653 3491 4703 persevc-

1911 4726 2029 4781 rat,
2065 4719 2177 4771 vult
2206 4720 2397 4773 iterum
2447 4737 2541 4789 pro
2584 4725 2901 4791 pauperibus
2944 4727 3359 4783 admonitionem
3407 4732 3490 4785 in-

1912 4806 2142 4873 ducere,
2187 4811 2340 4877 cujus
2387 4826 2543 4865 causa
2590 4812 2706 4867 haec
2750 4816 2927 4871 omnia
2974 4817 3148 4885 dixit,
3202 4822 3490 4875 ostendens

1914 4901 2056 4967 illos,
2090 4903 2131 4955 si
2161 4902 2212 4956 id
2243 4920 2349 4957 non
2379 4915 2616 4970 servent,
2651 4906 2896 4978 indignos
2922 4926 3045 4966 esse
3075 4912 3162 4980 qui
3195 4915 3492 4967 communi-

1912 5002 2056 5048 cent.
2084 4992 2235 5059 Quod
2283 4994 2425 5049 side
2474 4994 2814 5052 facultatibus
2869 5017 2971 5053 nou
3003 5000 3253 5068 elargiri.
3286 5003 3353 5056 ab
3404 5003 3490 5060 illa

1916 5100 2097 5139 mensa
2124 5096 2305 5149 arcet;
2340 5088 2507 5141 multo
2540 5090 2707 5155 magis
2739 5084 2935 5157 rapere'
2952 5102 3154 5147 arceat.
3184 5093 3291 5149 Nec
3316 5094 3481 5167 dixit,

1918 5174 2099 5243 Itaque
2120 5177 2500 5230 convenientes
2518 5175 2640 5230 date
2659 5178 2841 5247 egenis
2867 5195 2882 5244 ;
2923 5180 3018 5234 sed
3036 5183 3191 5251 quod
3219 5185 3497 5243 honestius

1916 5276 2055 5332 erat,
2088 5266 2231 5320 Alter
2259 5269 2476 5321 alterum
2504 5280 2807 5339 exspectate.
2832 5272 2940 5326 lloc
2961 5276 3102 5329 enim
3136 5278 3262 5333 illud
3288 5296 3501 5351 quoque

1920 5358 2216 5426 apparabat
2246 5369 2297 5414 et
2329 5361 2699 5417 subindicabat
2719 5404 2732 5427 ,
2762 5379 2827 5419 ac
2870 5374 3183 5437 congruenti
3217 5373 3376 5426 modo
3406 5376 3498 5428 ad-

1920 5450 2271 5507 monitionem
2292 5452 2520 5509 induxit.
2544 5456 2745 5512 Deinde
2762 5472 2945 5513 rursus
2964 5461 3220 5531 pudorem
3245 5463 3498 5520 inferens:

1920 5541 2009 5596 54.
2038 5540 2098 5597 Si
2126 5544 2238 5611 quis
2254 5556 2427 5601 autem
2449 5549 2628 5614 esurit,
2659 5548 2797 5601 domi
2827 5555 3111 5608 manducet.
3138 5554 3508 5613 Permittendo

1921 5631 2199 5700 impedivit
2227 5636 2391 5691 etiam
2423 5637 2796 5695 vehementius
2818 5682 2830 5702 .
2862 5657 3018 5712 quam
3050 5643 3093 5697 si
3124 5643 3483 5714 prohibuisset

1923 5720 2002 5776 Ex
2033 5724 2261 5781 ecclesia
2305 5728 2449 5784 enim
2483 5729 2638 5785 illum
2682 5732 2863 5789 eduxit
2891 5778 2904 5803 ,
2933 5743 2987 5789 et
3015 5735 3068 5789 in
3097 5735 3314 5793 domum
3343 5742 3498 5795 remi-

1925 5812 2026 5883 sit;
2050 5816 2146 5872 hoc
2171 5819 2273 5875 ritu
2301 5821 2420 5877 illos
2448 5822 2798 5883 vehementer
2820 5828 3184 5898 perstringens
3209 5841 3365 5902 atque
3394 5839 3505 5885 tra-
