4022 6214
521 344 631 402 255

521 457 749 520 ducens,
774 455 926 523 quasi
941 447 1145 505 ventris
1164 460 1374 514 servos,
1392 446 1485 517 qui
1505 460 1606 500 nec
1630 442 1845 498 differre
1866 447 2110 511 possent.

522 547 709 618 Neque
745 544 889 601 enim
916 541 1071 608 dixit,
1097 540 1155 595 Si
1175 540 1298 610 quis
1320 551 1587 609 pauperes
1612 533 1872 605 despicit;
1902 530 2020 595 sed,
2048 530 2115 585 Si

517 639 629 710 quis
644 636 818 701 esurit,
842 634 997 706 quasi
1015 646 1211 704 pueros
1229 629 1423 685 famem
1438 643 1545 683 non
1564 627 1797 683 ferentes
1811 624 2109 694 alloquens,

515 744 790 801 tamquam
840 729 998 782 bruta
1050 724 1224 779 ventri
1276 721 1590 778 servientis.
1621 718 1922 773 Ridiculum
1965 714 2108 770 enim

517 824 745 889 luisset,
775 821 821 878 si
868 820 939 873 ob
968 818 1205 874 esuriem
1251 816 1396 870 domi
1440 813 1875 868 manducassent.
1905 808 2014 863 Sed
2055 814 2111 862 et

512 914 660 969 aliud
700 911 993 967 terribilius
1041 908 1314 978 subjunxit
1336 948 1352 972 ,
1379 906 1567 961 dicens
1601 923 1614 959 :
1648 903 1717 959 Ut
1756 918 1857 957 non
1884 903 1939 955 in
1955 899 2108 971 judi-

516 1008 649 1059 cium
680 1003 1027 1065 conveniatis;
1054 1010 1113 1055 ut
1140 1014 1248 1054 non
1276 997 1328 1052 in
1356 995 1763 1066 casdgationem
1785 1034 1801 1058 ,
1836 1000 2021 1046 utnon
2053 990 2104 1044 in

512 1097 835 1168 supplicium
857 1136 870 1159 ,
900 1093 1029 1148 dum
1070 1091 1357 1148 ecclesiam
1401 1087 1728 1144 contumelia
1768 1083 1981 1138 aflieitis
2002 1123 2019 1148 ,
2049 1091 2107 1137 et

511 1190 731 1249 fratrem
766 1188 818 1241 iu
852 1185 1116 1256 pudorem
1137 1181 1426 1251 conjicitis.
1459 1177 1594 1233 Nam
1625 1177 1746 1231 ideo
1774 1174 2099 1239 convenitis,

511 1281 719 1349 inquit,
748 1287 805 1332 ut
834 1291 931 1331 vos
960 1282 1149 1329 mutuo
1183 1272 1417 1341 diligatis
1436 1310 1451 1335 ,
1494 1278 1553 1323 ut
1576 1266 1837 1337 juvemini
1870 1273 1925 1321 et
1946 1265 2102 1333 juve-

509 1376 616 1428 tis:
648 1373 692 1427 si
741 1385 870 1425 vero
909 1366 1239 1423 contrarium
1280 1362 1404 1428 iiat,
1453 1361 1646 1416 melius
1694 1369 1838 1414 esset
1877 1358 1921 1414 si
1953 1356 2099 1412 domi

508 1463 887 1521 comederetis.
911 1460 1026 1515 lloc
1050 1467 1228 1514 autem
1274 1455 1492 1512 dicebat
1511 1496 1527 1521 ,
1583 1462 1639 1508 ut
1667 1453 1788 1507 illos
1816 1451 1985 1521 magis
2011 1459 2099 1504 at-

507 1555 770 1611 traheret.
794 1551 918 1607 ldeo
943 1551 1086 1606 enim
1110 1550 1363 1604 damnum
1386 1546 1508 1602 inde
1534 1559 1816 1615 emergens
1840 1542 2096 1609 ostendit,

510 1659 565 1703 et
592 1648 804 1717 culpam
835 1645 969 1699 dixit
1009 1658 1130 1699 esse
1172 1657 1277 1696 non
1322 1654 1583 1708 parvam;
1624 1646 1787 1708 atque
1831 1635 1979 1691 omni
2021 1650 2094 1690 ex

507 1749 660 1810 parte
683 1735 942 1793 deterruit
974 1777 989 1801 ,
1019 1749 1050 1787 a
1082 1733 1382 1805 mysteriis,
1406 1732 1475 1785 ab
1506 1729 1751 1795 infirmis,
1777 1743 1805 1781 a
1835 1726 2058 1782 mortuis
2078 1768 2093 1793 ,

507 1832 577 1884 ab
604 1831 723 1885 aliis
750 1843 911 1897 supra
937 1826 1114 1881 dictis.
1149 1824 1350 1879 Deinde
1366 1823 1471 1877 alio
1491 1835 1707 1891 quoque
1732 1819 1891 1875 modo
1910 1826 2090 1883 terret,

504 1925 689 1980 dicens
719 1941 733 1976 :
762 1921 957 1976 Cetera
979 1929 1152 1973 autem
1198 1934 1313 1970 cum
1343 1931 1523 1969 venero
1554 1914 1867 1985 disponam;
1894 1922 1987 1967 aut
2027 1911 2094 1965 ad

506 2013 749 2085 quaedam
782 2012 884 2065 alia
906 2050 921 2077 ,
950 2018 1043 2063 aut
1071 2006 1137 2061 ad
1176 2006 1278 2059 hoc
1321 2006 1517 2076 ipsum.
1545 2004 1679 2072 Quia
1711 2004 1855 2059 enim
1904 2003 2094 2058 verisi-

506 2107 635 2161 mile
665 2111 749 2157 est
795 2102 941 2171 ipsos
969 2099 1171 2154 dixisse
1213 2096 1346 2151 alias
1386 2111 1600 2166 quoque
1635 2110 1859 2160 causas,
1889 2104 1944 2149 et
1984 2110 2091 2149 non

502 2196 745 2267 potuisse
792 2192 969 2247 omnia
994 2205 1089 2259 per
1114 2189 1315 2243 litteras
1343 2187 1540 2257 corrigi
1574 2186 1749 2254 :Qucc
1794 2185 2089 2251 admonui,

503 2286 711 2356 inquit,
743 2283 959 2337 interim
1009 2287 1302 2335 serventur
1334 2296 1347 2332 :
1379 2279 1424 2333 si
1454 2277 1583 2349 quid
1626 2286 1807 2333 autem
1832 2277 1975 2332 aliud
2004 2277 2089 2331 di-

501 2376 731 2433 cendum
782 2371 1111 2438 habueritis,
1156 2370 1207 2425 id
1250 2385 1419 2440 usque
1463 2369 1529 2423 ad
1573 2370 1864 2424 adventum
1912 2383 2090 2423 meum

503 2476 787 2533 servetur;
812 2474 904 2521 aut
928 2464 995 2520 de
1023 2463 1124 2519 hac
1151 2479 1210 2519 re
1237 2465 1484 2528 loquens,
1520 2470 1576 2516 ut
1604 2462 1735 2522 dixi,
1761 2471 1854 2515 aut
1875 2452 2090 2516 de'alits

498 2558 839 2629 quibusdam,
871 2572 993 2626 qua:
1019 2572 1125 2611 non
1151 2554 1439 2609 admodum
1469 2553 1749 2621 urgebant.
1772 2551 1885 2606 Hoc
1910 2559 2086 2605 autem

497 2652 642 2713 facit,
675 2660 731 2702 ut
760 2649 882 2703 illos
906 2648 1029 2702 inde
1052 2644 1406 2700 studiosiores
1436 2643 1627 2699 reddat
1659 2661 1670 2694 :
1703 2658 1825 2696 nam
1844 2642 1912 2696 de
1939 2642 2085 2695 illius

496 2744 729 2797 adventu
761 2740 973 2795 solliciti
998 2779 1013 2805 ,
1047 2749 1265 2809 peccata
1311 2735 1649 2792 emendaturi
1699 2745 1871 2789 crant.
1907 2734 2087 2804 Neque

494 2836 637 2889 extim
669 2833 802 2888 levis
829 2848 916 2887 res
942 2839 1058 2886 erat
1076 2872 1091 2895 ,
1124 2829 1265 2900 quod
1298 2830 1495 2883 Paulus
1525 2843 1592 2882 eo
1613 2838 1874 2882 venturus
1898 2835 2043 2881 esset
2068 2843 2083 2891 ;

494 2927 653 2994 idque
679 2923 969 2978 ostendens
992 2922 1206 2978 dicebat
1236 2938 1249 2976 :
1286 2922 1357 2972 Ac
1384 2921 1427 2973 si
1465 2937 1567 2973 non
1610 2930 1849 2972 venturus
1892 2920 1988 2972 sim
2017 2921 2086 2972 ad

491 3033 597 3080 eos,
627 3017 701 3068 sic
726 3015 912 3083 ’ἰηπαιί
946 3022 1061 3068 sunt
1105 3012 1310 3079 quidam
1358 3012 1433 3079 (Ι.
1462 3010 1582 3065 Cor.
1616 3012 1667 3065 4.
1700 3012 1788 3079 18)
1814 3028 1827 3075 ;
1857 3020 1911 3064 ct
1954 3011 2081 3065 alibi

492 3124 729 3171 rursum,
762 3104 882 3159 Non
913 3118 1170 3173 tamquam
1210 3105 1263 3157 in
1292 3105 1559 3173 prwscntia
1582 3120 1692 3157 mea
1730 3113 1929 3157 tantum
1950 3146 1963 3168 ,
1992 3104 2085 3156 sed

491 3199 652 3250 multo
683 3196 845 3266 magis
869 3196 923 3249 in
952 3195 1200 3260 absentia,
1221 3211 1334 3247 eum
1362 3196 1538 3248 timore
1564 3206 1609 3248 ot
1636 3206 1850 3248 tremore
1870 3209 2083 3249 vostram

492 3289 706 3343 saiulent
738 3288 1013 3356 aperemini
1039 3284 1299 3355 (Philipp.
1329 3286 1383 3337 2.
1416 3286 1530 3354 12).
1584 3285 1709 3340 Ideo
1755 3302 1867 3339 non
1908 3286 2081 3341 solum

493 3380 745 3450 promisit
773 3394 832 3434 se
860 3386 1146 3432 venturum
1177 3393 1298 3431 esse
1324 3421 1339 3443 ,
1372 3394 1438 3431 nc
1465 3393 1569 3431 non
1596 3378 1882 3433 crederent
1907 3389 1962 3433 et
1991 3395 2084 3434 nee

489 3473 841 3542 gligentiores
894 3470 1227 3535 evaderent;
1274 3470 1367 3523 sed
1420 3480 1475 3525 et
1523 3472 1886 3526 necessariam
1932 3472 2081 3527 addit

490 3566 758 3620 adventus
791 3578 1009 3617 causam
1050 3562 1262 3625 dicens,
1295 3561 1488 3615 Cretera
1534 3580 1648 3615 eum
1692 3580 1873 3618 venero
1903 3566 2080 3634 dispo-

491 3675 649 3721 nam;
689 3656 981 3711 ostendens
1034 3663 1352 3709 caeterorum
1403 3657 1795 3710 correctionem
1822 3698 1836 3723 ,
1869 3657 2079 3711 etiamsi

490 3768 599 3807 non
654 3749 874 3804 omnino
939 3747 1249 3811 festinaret,
1303 3750 1475 3817 ipsum
1544 3749 1682 3803 istuc
1732 3758 2079 3803 attracturam

489 3843 675 3898 fuisse.

562 3937 617 3991 5.
650 3932 866 3988 Muralis
905 3932 1210 3987 exhortatio.
1263 3930 1453 3985 Luctus
1501 3933 1864 3987 immoderatus
1906 3936 2079 3987 vitan-

492 4029 609 4081 dus.
633 4026 752 4079 Jobi
776 4024 1021 4095 patientia
1050 4023 1370 4076 describitur.
1399 4053 1469 4062 —
1496 4022 1622 4079 Haec
1643 4039 1773 4095 ergo
1802 4023 2081 4080 audientes

490 4120 705 4181 omnia,
750 4127 801 4170 et
853 4129 1146 4184 pauperum
1194 4128 1439 4183 magnam
1484 4129 1666 4168 curam
1714 4128 1996 4183 geramus,
2029 4125 2082 4169 ct

490 4218 733 4263 ventrem
772 4200 1114 4260 modereinur
1139 4247 1152 4270 ,
1186 4214 1345 4274 atque
1366 4205 1433 4258 ab
1458 4204 1721 4258 ebrietate
1762 4204 2076 4272 liberemur,

490 4309 547 4356 et
598 4297 867 4370 mysteriis
919 4296 1081 4365 digne
1128 4296 1450 4364 participare
1496 4295 1840 4360 Studeamus;
1870 4310 1930 4350 ea
1960 4312 2081 4366 qua:

492 4389 636 4461 passi
664 4387 923 4442 fuerimus
946 4428 959 4450 ,
989 4402 1093 4439 non
1125 4400 1283 4466 agr;
1298 4384 1531 4439 feramus
1550 4426 1564 4450 ,
1596 4402 1774 4456 neque
1804 4387 1854 4440 in
1884 4388 2038 4441 nobis
2062 4428 2076 4452 ,

494 4498 668 4552 neque
712 4481 765 4534 in
792 4480 912 4533 aliis
941 4498 955 4533 :
984 4479 1129 4533 verbi
1161 4479 1331 4548 gratia
1373 4494 1497 4533 cum
1529 4481 1829 4535 immatura:
1879 4491 2079 4537 mortes

493 4572 775 4635 accidunt,
807 4586 928 4625 cum
980 4570 1218 4624 diuturni
1266 4569 1460 4623 morbi.
1496 4570 1607 4625 Hoc
1638 4571 1779 4626 enim
1820 4580 1903 4626 est
1940 4572 2081 4627 libe-

492 4662 630 4716 ratio
654 4677 684 4713 a
705 4660 1001 4730 supplicio,
1037 4660 1136 4713 hoc
1162 4660 1459 4725 correctio,
1495 4660 1597 4715 huc
1640 4662 1935 4716 admonitio
1978 4677 2079 4731 op-

496 4752 643 4804 tima.
676 4740 804 4815 Quis
834 4748 952 4802 haec
976 4748 1138 4801 dicit?
1165 4749 1265 4814 Qui
1295 4749 1569 4803 Christum
1595 4751 1647 4803 in
1678 4767 1737 4807 se
1769 4752 2076 4821 loquentem

498 4841 747 4895 habebat.
780 4840 1028 4893 Attamen
1077 4839 1238 4891 etiam
1287 4849 1409 4906 post
1439 4840 1554 4894 haec
1601 4843 1856 4897 mulieres
1899 4846 2083 4899 multa:

498 4934 569 4987 ita
601 4944 765 4985 sensu
793 4928 1064 4983 destituta:
1105 4936 1265 4992 sunt,
1304 4937 1359 4981 ut
1389 4928 1442 4981 in
1489 4929 1664 4983 luctus
1707 4933 2083 5000 exsuperantia

495 5027 642 5095 ipsos
692 5021 853 5076 etiam
904 5018 1143 5074 inﬁdeles
1188 5029 1451 5088 superent
1492 5036 1507 5075 :
1549 5029 1603 5075 et
1649 5020 1769 5076 alia
1808 5022 2024 5092 quidem
2052 5040 2085 5077 a

488 5118 640 5173 luctu
681 5113 831 5183 quasi
866 5111 1100 5167 tenebris
1148 5111 1357 5165 obrutas
1400 5110 1504 5166 hoc
1535 5112 1773 5168 faciunt:
1803 5114 1921 5169 aliae
1954 5130 2082 5169 vero

494 5209 560 5263 ad
590 5207 1008 5265 ostentationem
1032 5246 1046 5268 ,
1079 5213 1135 5258 et
1180 5213 1237 5258 ut
1260 5212 1608 5260 externorum
1655 5206 2083 5262 criminatioiiem

493 5304 704 5367 vitent,
754 5314 888 5370 quas
929 5299 1073 5353 omni
1123 5297 1277 5353 venia
1325 5299 1557 5367 privatas
1604 5296 1743 5353 dico.
1770 5297 1840 5353 Ut
1880 5314 1949 5353 ne
1995 5300 2086 5354 ille

491 5398 616 5453 talis
646 5397 876 5460 incuset,
906 5393 1175 5462 inquiunt,
1198 5392 1408 5447 incuset
1434 5389 1578 5445 Deus
1603 5408 1617 5455 ;
1650 5401 1711 5445 ut
1740 5406 1808 5445 ne
1838 5391 2085 5446 homines

492 5489 662 5543 brutis
688 5486 1014 5541 amentiores
1043 5499 1141 5538 nos
1167 5483 1448 5546 damnent,
1480 5481 1567 5537 lex
1593 5482 1754 5552 Regis
1800 5483 2083 5537 universo-

494 5594 613 5633 rum
664 5580 1030 5635 conculcetur.
1057 5577 1123 5631 Et
1153 5586 1282 5647 quot
1305 5575 1625 5631 fulminibus
1647 5576 1766 5631 haec
1792 5576 1950 5647 digna
1975 5592 2080 5631 non

497 5668 729 5724 fuerint?
755 5671 811 5727 Si
834 5680 955 5742 post
978 5672 1179 5726 luctum
1211 5681 1261 5727 tc
1289 5672 1551 5742 quispiam
1582 5671 1646 5726 ad
1669 5687 1875 5727 coenam
1904 5683 2079 5741 vocet,

487 5774 655 5818 nemo
683 5769 765 5813 cst
792 5764 881 5831 qui
914 5774 1127 5829 renuat,
1161 5764 1281 5834 quia
1310 5764 1391 5818 lex
1415 5764 1643 5819 humana
1674 5765 1773 5821 hoc
1803 5766 2077 5837 prmcipit;

1236 336 1298 393 S.
1334 332 1615 391 JOANNIS
1648 326 2127 389 CHRYSOSTOMI
2169 327 2487 385 ARCIIIEP.
2510 329 3045 389 CONSTANTlNOP.

3695 342 3792 399 9.30

2229 439 2338 495 Deo
2376 450 2553 496 autem
2582 442 2650 497 de
2679 458 2785 498 non
2816 444 3048 514 lugendo
3072 444 3247 516 legem
3268 444 3497 509 ferente,
3527 453 3602 501 tta
3623 461 3787 504 omnes

2223 532 2615 587 contradicunt.
2652 532 2769 588 Non
2813 535 3017 605 cogitas
3060 534 3294 603 Jobum,
3336 551 3371 592 ο
3418 537 3653 593 mulier?
3693 554 3787 596 non

2222 623 2523 678 recordaris
2544 640 2735 680 vocum
2763 626 2880 696 ejus
2908 628 2960 680 in
2988 628 3293 683 calamitate
3316 629 3640 684 amissorum
3668 628 3786 685 illio-

2220 728 2360 779 rum,
2383 729 2503 783 quas
2530 717 2801 771 sexcentis
2827 717 3045 772 coronis
3074 733 3287 773 sacrum
3317 719 3449 774 illud
3475 729 3637 789 caput
3654 719 3786 775 redi-

2219 804 2471 871 mierunt,
2500 813 2556 859 et
2580 806 2911 875 splendidius
2938 823 3097 876 quam
3143 808 3284 863 tuba:
3310 809 3493 864 multa:
3536 809 3788 881 deprzrdi-

2216 895 2448 948 carent?
2472 912 2578 949 non
2607 896 2811 967 cogitas
2837 898 3164 953 calamitatis
3203 900 3622 970 magnitudinem
3643 943 3660 968 ,
3702 918 3786 957 no-

2216 1001 2339 1041 vum
2372 987 2503 1041 illud
2533 988 2867 1059 naufragium
2894 1031 2911 1054 ,
2941 1005 3005 1046 ac
3034 1006 3225 1045 novam
3263 992 3564 1064 miramque
3603 1004 3786 1065 tragtn-

2212 1075 2357 1131 diam
2378 1078 2409 1129 ἲ
2431 1076 2565 1132 Nam
2596 1087 2653 1132 tu
2679 1078 2893 1149 quidem
2917 1096 3080 1135 unum
3106 1081 3405 1150 perdidisti,
3430 1060 3521 1137 aut
3544 1060 3784 1148 alterum,

2212 1176 2306 1221 aut
2336 1168 2585 1230 tertium;
2620 1170 2711 1225 ille
2736 1181 2918 1225 autcm
2946 1180 3054 1227 tam
3083 1175 3279 1229 multos
3327 1183 3382 1229 et
3428 1185 3534 1230 tam
3581 1177 3783 1232 multas.

2213 1257 2280 1312 Et
2308 1260 2399 1329 qui
2429 1258 2627 1315 multos
2651 1260 2881 1316 habebat
2925 1262 3160 1329 liberos,
3187 1275 3415 1335 repente
3441 1267 3607 1321 orbus
3652 1267 3744 1323 fuit
3769 1285 3784 1333 ;

2209 1367 2384 1423 neque
2423 1353 2676 1422 paulatim
2717 1354 2921 1409 viscera
2975 1356 3093 1427 ejus
3134 1358 3627 1424 consumebantur,
3674 1360 3784 1425 sed,

2208 1443 2501 1514 derepente
2558 1443 2764 1501 fructus
2836 1455 2976 1503 totus
3049 1448 3448 1519 abripiebatur;
3498 1466 3671 1522 neque
3725 1468 3785 1507 cx

2208 1536 2479 1590 communi
2525 1536 2644 1607 lege
2687 1546 2928 1603 naturae,
2973 1555 3146 1609 neque
3188 1556 3312 1595 cum
3342 1542 3411 1597 ad
3456 1553 3784 1599 senectutem

2209 1625 2599 1694 pervenissent,
2629 1628 2725 1683 sed
2751 1629 3038 1684 immatura
3062 1640 3117 1685 et
3138 1633 3369 1687 violenta
3392 1644 3585 1701 morte,
3606 1648 3787 1689 omnes

2206 1717 2402 1783 simul;
2436 1733 2609 1788 neque
2653 1729 2920 1788 prmsente
2954 1719 3046 1775 illo
3068 1763 3083 1786 ,
3120 1737 3220 1777 nec
3269 1724 3545 1780 assidente
3571 1766 3586 1791 ,
3619 1733 3677 1779 ut
3703 1726 3786 1781 vel

2205 1819 2478 1865 extremas
2522 1825 2683 1866 voces
2708 1813 2931 1867 audiens
2959 1813 3191 1884 aliquam
3238 1816 3657 1871 consolationem
3696 1817 3788 1872 ha-

2202 1901 2355 1957 beret
2399 1901 2469 1957 de
2516 1912 2624 1956 tam
2673 1903 2866 1958 acerba
2920 1914 3129 1971 morte;
3186 1906 3282 1961 sed
3329 1916 3528 1977 praeter
3574 1924 3785 1964 omnem

2202 2010 2374 2065 spem,
2416 2010 2537 2049 cum
2565 1996 2698 2050 nihil
2739 2006 3013 2067 gestorum
3041 1998 3154 2069 ipse
3186 2001 3387 2067 sciret,
3416 2002 3574 2056 simul
3602 2017 3787 2059 omnes

2201 2099 2325 2142 sunt
2376 2088 2590 2154 obruti,
2641 2089 2844 2157 fuitque
2894 2090 2999 2145 illis
3044 2090 3236 2147 domus
3274 2102 3330 2147 et
3375 2094 3679 2164 sepulcrum
3733 2106 3787 2151 ct

2202 2179 2443 2249 laqueus.
2470 2179 2658 2251 Neque
2688 2180 2973 2235 immatura
3005 2196 3154 2237 mors
3185 2191 3392 2237 tantum
3419 2226 3433 2249 ,
3482 2184 3577 2239 sed
3623 2187 3784 2241 etiam

2200 2270 2365 2324 multa
2395 2285 2519 2324 cum
2542 2271 2625 2324 illa
2641 2281 2799 2325 erant
2825 2287 2945 2341 qua:
2966 2273 3208 2328 dolorem
3238 2274 3531 2330 allerrent:
3559 2284 3620 2331 ut
3644 2278 3784 2347 quod

2198 2376 2387 2416 omnes
2424 2364 2477 2415 in
2507 2362 2640 2417 ﬂore
2665 2364 2968 2432 juventutis
2995 2376 3180 2421 essent
3201 2407 3217 2433 ,
3243 2371 3387 2437 quod
3420 2370 3615 2425 virtute
3645 2386 3785 2440 prat-

2198 2450 2291 2505 diti
2320 2486 2341 2517 ,
2408 2453 2550 2521 quod
2595 2454 2889 2520 amabiles,
2921 2456 3064 2525 quod
3092 2460 3282 2512 omnes
3306 2459 3498 2527 simul,
3543 2462 3686 2530 quod
3719 2478 3785 2516 ex

2200 2550 2426 2613 utroque
2476 2557 2609 2597 sexu
2660 2560 2728 2599 ne
2776 2560 2912 2600 unus
2953 2546 3169 2616 quidem
3211 2548 3453 2619 reliquus
3491 2550 3589 2615 sit;
3641 2553 3785 2623 quod

2196 2654 2300 2692 non
2330 2640 2603 2693 communi
2655 2641 2771 2710 lege
2822 2651 3050 2707 naturae,
3083 2643 3228 2712 quod
3276 2653 3398 2713 post
3444 2654 3650 2701 tantum
3689 2646 3786 2700 da-

2194 2748 2377 2786 mnum
2402 2772 2418 2795 ,
2448 2733 2592 2803 quod
2639 2748 2761 2787 cum
2795 2735 2993 2789 nullius
3028 2737 3154 2790 mali
3187 2737 3287 2791 sibi
3323 2739 3572 2793 conscius
3601 2750 3779 2803 esset,

2192 2840 2294 2879 nec
2344 2826 2416 2878 illi
2459 2827 2691 2895 peccatis
2738 2836 2921 2882 essent
2965 2828 3219 2894 obnoxii,
3266 2829 3381 2885 hmc
3412 2840 3587 2886 tamen
3630 2844 3785 2901 pate-

2194 2926 2403 2971 rentur.
2439 2919 2639 2972 llorum
2670 2919 2881 2989 singula
2918 2934 3014 2989 per
3041 2935 3101 2975 se
3128 2932 3353 2990 possunt
3380 2924 3630 2992 turbare;
3659 2942 3784 2981 cum

2192 3018 2369 3061 autem
2391 3024 2495 3063 una
2513 3011 2694 3065 omnia
2718 3022 3072 3079 concurrunt,
3097 3015 3270 3083 cogita
3297 3025 3496 3084 quanta
3525 3016 3783 3072 ﬂuctuum

2193 3098 2458 3163 altitudo,
2515 3117 2673 3170 quam
2735 3103 2924 3173 ingens
2969 3112 3262 3174 tempestas
3302 3117 3467 3161 esset.
3521 3107 3787 3177 Quodque

2192 3190 2363 3259 majus
2404 3200 2487 3245 est
2511 3202 2565 3246 et
2591 3194 2707 3262 ipso
2731 3194 2874 3249 luctu
2899 3195 3138 3251 deterius
3162 3238 3176 3259 ,
3201 3197 3339 3266 quod
3370 3199 3605 3253 nesciret
3638 3200 3785 3255 unde

2193 3283 2313 3336 talia
2342 3282 2682 3338 obvenirent.
2710 3285 2851 3349 Ideo,
2882 3302 3004 3340 cum
3034 3288 3233 3341 nullam
3268 3288 3463 3343 aliene
3484 3301 3667 3359 posset
3694 3307 3788 3344 ca-

2190 3377 2446 3430 lamitatis
2488 3390 2703 3432 causam
2729 3418 2743 3443 ,
2775 3378 2842 3433 ad
2875 3378 3246 3449 Dei‘placitum
3272 3366 3545 3448 ascendit,
3575 3395 3628 3438 et
3657 3387 3733 3440 ait
3770 3406 3783 3439 :

2191 3468 2441 3522 Dominus
2485 3469 2622 3521 dedit
2664 3509 2680 3531 ,
2755 3468 3004 3525 Dominus
3044 3471 3252 3525 abstulit
3304 3490 3318 3525 :
3368 3475 3499 3527 sicut
3559 3474 3787 3531 Domino

2190 3563 2383 3633 placuit
2409 3604 2421 3621 ,
2454 3562 2527 3615 ita
2553 3563 2747 3631 factum
2776 3575 2882 3625 cst;
2908 3564 2972 3616 sit
3002 3580 3185 3618 nomen
3215 3563 3424 3619 Domini
3464 3566 3787 3623 benedictum

2187 3655 2239 3708 in
2276 3655 2465 3709 scecula
2486 3653 2605 3724 (Job
2629 3655 2681 3708 l.
2708 3653 2823 3726 2|).
2857 3655 2926 3709 Et
2968 3654 3085 3711 haec
3130 3657 3298 3722 dixit,
3327 3672 3448 3711 cum
3494 3673 3553 3715 se
3595 3659 3649 3715 in
3680 3676 3784 3715 ex-

2190 3749 2375 3800 tremis
2409 3746 2638 3815 positqu
2662 3746 2891 3813 videret,
2916 3748 3008 3818 qui
3031 3748 3285 3804 virtutem
3302 3762 3515 3805 omnem
3541 3759 3790 3806 sectatus

2190 3840 2402 3905 fuerat;
2440 3840 2703 3895 scelestos
2739 3849 2920 3895 autem
2961 3841 3208 3897 homines
3255 3852 3310 3898 et
3353 3843 3787 3914 prmstiglatores

2190 3948 2449 4003 prospere
2491 3941 2742 4002 agentes,
2772 3933 3089 3988 deliciantes
3118 3943 3174 3989 et
3200 3935 3589 4006 gloriabundos
3618 3937 3787 3991 undi-

2186 4041 2311 4097 que.
2337 4024 2521 4095 Neque
2546 4024 2678 4079 dixit
2695 4024 2967 4094 quidpiam
2986 4040 3194 4091 eorum,
3223 4042 3343 4096 quae
3366 4026 3542 4082 solent
3562 4028 3789 4099 quidam

2188 4117 2513 4172 intlrmiores
2558 4116 2777 4173 dicere:
2808 4118 2889 4171 Ad
2938 4117 3147 4174 hancne
3182 4134 3297 4174 rem
3327 4118 3467 4175 ﬁlios
3507 4122 3743 4176 enutrivi
3770 4162 3789 4189 ,

2186 4218 2241 4263 et
2283 4224 2405 4263 cum
2448 4210 2795 4264 accuratione
2834 4209 2983 4264 omni
3028 4210 3385 4266 educat-ilad
3422 4226 3613 4268 eamne
3665 4228 3794 4269 rcm

2185 4300 2405 4354 domum
2438 4302 2625 4369 aperui
2674 4301 3149 4370 prmtereuntibus,
3182 4312 3235 4357 ut
3265 4313 3387 4374 post
3426 4305 3626 4360 multos
3657 4306 3793 4363 illos

2186 4406 2377 4447 cursus
2400 4406 2496 4461 pro
2523 4392 2727 4462 egenis,
2764 4408 2860 4462 pro
2887 4392 3047 4448 nudis
3065 4434 3080 4458 ,
3110 4409 3207 4463 pro
3228 4396 3444 4465 pupillis
3469 4406 3787 4467 susceptos,

2188 4482 2326 4537 hanc
2374 4483 2679 4537 mercedem
2736 4484 3051 4553 excipiam?
3100 4484 3205 4541 Sed
3267 4486 3458 4541 horum
3514 4488 3633 4542 loco
3692 4488 3787 4542 illa

2186 4574 2348 4629 verba
2383 4576 2632 4643 protulit,
2667 4575 2815 4629 omni
2839 4576 3108 4630 sacrificio
3130 4579 3526 4646 praestantiora,
3556 4579 3782 4633 dicens:

2189 4666 2378 4720 Nudus
2425 4682 2655 4735 egressus
2682 4683 2795 4719 sum
2838 4666 2901 4720 de
2928 4677 3069 4720 utero
3108 4669 3286 4722 matris
3325 4684 3450 4722 mea:
3472 4710 3487 4733 ,
3521 4679 3568 4721 et
3607 4670 3793 4724 nudus

2188 4766 2427 4810 revertar.
2454 4756 2607 4821 Quod
2653 4757 2699 4809 si
2745 4757 3063 4810 vestimenta
3109 4756 3422 4821 disciderit,
3461 4766 3522 4811 et
3564 4772 3798 4815 comam

2190 4845 2520 4910 tetenderit,
2567 4860 2634 4899 ne
2682 4846 2935 4899 mireris:
2971 4854 3121 4914 pater
3162 4847 3305 4901 enim
3347 4858 3500 4911 erat,
3529 4860 3585 4905 et
3628 4862 3800 4920 pater

2188 4936 2358 5004 prolis
2380 4949 2584 4999 amans,
2607 4936 2996 5004 oportebatque
3016 4945 3219 4992 natura:
3249 4941 3796 5000 commiserationcm

2192 5023 2453 5087 exhiberi,
2489 5025 2791 5094 mentisque
2812 5025 3228 5097 philosOphiam.
3260 5030 3413 5099 Quod
3443 5033 3489 5087 si
3537 5035 3641 5089 hoc
3674 5051 3795 5090 non
3856 5100 3865 5105 _

2192 5114 2448 5181 fecisset,
2501 5116 2636 5170 forte
2683 5117 2948 5186 quispiam
3010 5122 3309 5188 putavisset
3353 5124 3491 5181 hanc
3539 5128 3799 5197 philoso-

2198 5207 2381 5276 phiam
2410 5222 2475 5261 ex
2502 5216 2720 5276 stupore
2752 5209 3037 5277 proﬁcisci.
3061 5211 3186 5269 Ideo
3206 5224 3260 5268 et
3284 5232 3490 5272 viscera
3518 5219 3797 5283 ostendit,

2193 5308 2246 5354 et
2296 5299 2509 5367 pietatis
2560 5302 2999 5369 accurationem,
3048 5315 3103 5360 et
3155 5306 3348 5363 dolens
3398 5326 3506 5363 non
3555 5325 3804 5365 eversus

2190 5397 2307 5455 est;
2337 5390 2431 5445 sed
2456 5391 2615 5444 etiam
2642 5406 2763 5446 cum
2794 5394 3017 5451 ulterius
3045 5397 3164 5467 ejus
3193 5408 3468 5454 certamen
3512 5400 3804 5467 procede-

2192 5491 2310 5549 ret,
2343 5498 2531 5538 rursus
2574 5484 2694 5538 aliis
2747 5486 3027 5543 redimitur
3079 5492 3296 5546 coronis
3334 5506 3403 5546 ex
3446 5490 3628 5546 verbis
3660 5506 3805 5561 qua:

2193 5576 2341 5629 uxori
2365 5573 2497 5629 dixit
2526 5594 2539 5629 :
2565 5576 2625 5630 Si
2647 5576 2779 5632 bona
2800 5583 3111 5650 suscepimus
3151 5600 3182 5633 a
3211 5582 3432 5635 Domino
3453 5622 3467 5645 ,
3496 5582 3633 5634 mala
3684 5600 3803 5637 non

2185 5672 2545 5727 sustinebimus
2572 5673 2691 5745 (Job
2713 5675 2766 5727 9..
2798 5676 2881 5743 10)
2912 5676 2936 5727 ’ἒ
2968 5675 3097 5729 Nam
3127 5691 3263 5728 uxor
3288 5673 3403 5728 sola
3448 5673 3548 5743 ipsi
3590 5672 3804 5729 relicta

2197 5779 2311 5836 cst,
2347 5768 2572 5825 sublatis
2599 5768 2870 5832 omnibus,
2895 5777 2948 5821 et
2974 5766 3098 5823 filiis
3120 5777 3174 5822 et
3201 5768 3415 5837 prmdiis
3439 5776 3493 5823 ct
3521 5765 3640 5836 ipso
3667 5782 3804 5822 eor-
