4004 6208
506 363 605 419 2'57

503 473 651 543 αὐτῷ
682 473 989 527 κατέλιπεν.
1021 474 1078 527 Εἰ
1103 473 1213 544 γάρ
1240 475 1596 546 παραδείσου,
1627 475 1782 544 φησι,
1813 473 1881 526 δι’
1913 473 2083 544 αὐτῆς

505 555 791 621 ἐξέϐαλον,
826 557 1006 628 πολλῷ
1051 556 1253 627 μᾶλλον
1298 558 1391 610 ἐπὶ
1440 561 1676 629 κοπρίας
1729 555 2082 610 ὐποσκελίσαι

502 638 775 709 ὄυνήσομα
784 656 818 690 ι.

577 809 642 862 δ’.
671 808 780 860 Kal
817 807 915 861 θέα
946 806 1044 877 τὴν
1073 807 1428 876 πανουργίαν.
1459 807 1590 861 Οὐδὲ
1638 809 1746 880 γάρ
1783 808 1891 862 τῶν
1946 809 2085 879 βοῶν

499 892 889 962 ἀπολλυμένων
922 893 1245 962 προσήγαγε
1294 891 1354 945 τὸ
1408 892 1710 963 μηχάνημα
1741 893 1921 958 τοῦτο,
1962 893 2083 946 οὐδὲ

497 975 602 1027 τῶν
646 975 803 1037 ὄνων,
854 975 975 1027 οὐδὲ
1009 974 1116 1028 τῶν
1149 974 1432 1045 καμήλων,
1468 975 1584 1028 ἀλλ’
1615 975 1737 1028 οὐδὲ
1775 977 1874 1046 τῆς
1906 976 2085 1038 οἰκίας

499 1059 941 1129 κατενεχθεέσης,
998 1061 1118 1114 οὐδὲ
1164 1060 1271 1113 τῶν
1332 1061 1537 1114 παίδων
1594 1061 2081 1131 καταχωσθέντων,

497 1143 631 1198 ἀλλά
656 1146 782 1215 σιγᾷ
799 1155 823 1183 ι
843 1145 978 1206 τέως
1002 1145 1095 1199 καὶ
1117 1145 1408 1215 ἡσυχάζειν
1433 1146 1498 1214 ἑᾷ
1520 1145 1612 1198 τὸν
1635 1144 1874 1214 ἀθλητὴν
1905 1144 2044 1215 ὁρῶν
2067 1162 2080 1175 ·

499 1227 648 1300 [155]
679 1229 768 1280 ὅτε
813 1228 869 1282 δὲ
901 1227 1008 1280 τῶν
1043 1228 1341 1298 σκωλήκων
1381 1224 1675 1282 ἀνέϐλυσεν
1715 1230 1746 1298 ή
1782 1226 1954 1297 πηγὴ,
1987 1228 2084 1281 καὶ

497 1310 804 1380 σηπόμενον
854 1310 915 1363 τὸ
951 1310 1130 1381 δέρμα
1156 1311 1438 1380 κατέρρει,
1484 1311 1580 1363 καὶ
1605 1310 1994 1380 δαπανώμεναι
2026 1312 2081 1364 at

494 1394 697 1464 σάρκες
732 1394 904 1462 ἰχῶρα
931 1391 1132 1461 πολλῆς
1161 1391 1402 1460 γέμοντα
1432 1392 1698 1459 δυσωδίας
1724 1395 1964 1458 ἐποίουν,
1988 1395 2081 1446 καὶ

491 1479 746 1548 τηγάνων
788 1478 884 1527 καὶ
931 1476 1179 1545 καμίνων
1219 1477 1312 1528 καὶ
1360 1476 1541 1547 πάσης
1575 1478 1774 1546 φλογὸς
1821 1477 2078 1549 ὀδυνηρό-

492 1577 653 1630 τερον
679 1557 894 1628 αὐτδνή
924 1558 1018 1610 τοῦ
1049 1557 1301 1611 διαϐόλου
1331 1559 1696 1632 κατανήλισκε
1717 1561 1857 1631 χεὶρ,
1889 1561 2078 1632 θηρίου

495 1644 693 1704 παντὸς
761 1640 1144 1711 χαλεπώτερον
1209 1641 1588 1712 διατρώγουσα
1654 1644 1919 1697 πάντοθεν
1985 1645 2082 1697 καὶ

494 1724 858 1777 κατεσθίουσα
906 1724 966 1776 τὸ
1024 1724 1204 1794 σῶμα,
1242 1726 1335 1779 καὶ
1369 1729 1426 1779 έν
1476 1727 1664 1798 ταύτῃ
1704 1731 1770 1798 τῇ
1824 1728 2080 1798 συμφορᾷ

493 1807 661 1870 πολὺς
705 1807 944 1879 προῆλθε
993 1809 1202 1878 χρόνος,
1250 1809 1372 1861 τότε
1432 1809 1602 1878 αὐτὴν
1655 1810 1923 1880 προσάγει
1976 1809 2078 1879 ήδη

490 1892 935 1962 τεταριχευμένῳ
972 1893 1065 1944 καὶ
1097 1891 1548 1961 κατεργασθέντι.
1588 1894 1650 1944 Εἰ
1687 1895 1795 1963 γὰρ
1825 1895 1978 1963 παρά
2012 1895 2077 1946 τά

491 1975 757 2044 προοίμια
795 1973 1069 2043 προσῆλθε.
1114 1975 1211 2042 τῆς
1246 1976 1557 2044 συμφορᾶς,
1592 1974 1699 2026 οὐδ’
1751 1974 1818 2026 ἂν
1871 1977 2077 2028 ἐκεῖνον

490 2053 649 2128 εὗρεν
693 2057 868 2120 οῦτως
915 2059 1420 2127 ἑκνενευρισμένον,
1481 2059 1588 2111 οὐδ’
1647 2059 1711 2111 ἂν
1777 2059 1914 2130 αῦτη
1979 2060 2077 2132 τὴν

492 2158 555 2206 συ
564 2140 778 2209 μφοράν
796 2139 952 2210 ἔσχεν
976 2138 1280 2206 ὲξογκῶσαι
1304 2140 1446 2192 οῦτω
1471 2141 1564 2193 καὶ
1587 2143 1790 2211 ἐπᾶραι
1813 2141 1889 2212 τῷ
1911 2142 2072 2214 λόγῳ

489 2224 607 2275 νυνὶ
639 2222 696 2275 δὲ
726 2223 814 2275 ὅτε
851 2222 1013 2275 αὐτὸν
1056 2217 1163 2274 εἶδε
1207 2223 1294 2274 διὰ
1321 2222 1382 2274 τὸ
1415 2224 1587 2291 μῆκος
1618 2224 1712 2276 τοῦ
1755 2225 1946 2295 χρόνου
1995 2226 2076 2279 δι-

487 2305 678 2375 ψῶντα
715 2303 1060 2374 ἀπαλλαγῆς,
1108 2305 1204 2357 καὶ
1243 2303 1630 2375 ἐπιθυμοῦντα
1662 2307 1760 2377 τῆς
1813 2309 1917 2360 τῶν
1951 2311 2073 2361 ἐπι-

490 2389 759 2457 κειμένων
788 2385 1020 2452 λύσεως,
1077 2387 1324 2458 σφοδρῶς
1352 2390 1471 2441 τότε
1510 2392 1896 2462 προσέρχεται.
1950 2395 2075 2446 Ὅτι

488 2470 599 2541 7&9
627 2471 831 2542 σφόδρα
881 2471 1353 2542 κατειργασμένος
1400 2466 1489 2543 ἦν,
1522 2475 1618 2525 καὶ
1663 2475 1784 2528 οὐδὲ
1815 2476 2077 2529 ἀναπνεῖν

487 2553 676 2606 λοιπὸν
706 2549 873 2625 εἶχεν,
906 2554 1044 2607 ἀλλά
1069 2556 1163 2608 καὶ
1199 2554 1494 2607 ἀποθανεῖν
1519 2556 1805 2626 ἐπεθύμει,
1840 2558 2075 2611 ἄκουσον

486 2637 540 2690 τί
570 2653 766 2708 φησιν·
801 2632 889 2708 [εἰ
916 2637 1025 2708 γὰρ
1056 2638 1323 2708 δυναίμην
1363 2638 1599 2707 ἐμαυτὸν
1621 2638 2009 2710 χειρώσασθαι,
2041 2641 2073 2712 ἢ

487 2720 742 2791 δεηθῆναι
777 2722 989 2790 ἑτέρου,
1032 2721 1128 2773 καὶ
1151 2723 1443 2792 ποιήσαιμι
1474 2721 1689 2796 τοῦτο.]
1721 2723 1832 2776 Kal
1859 2724 1956 2778 θέα
1985 2744 2075 2796 μοι

485 2805 585 2875 τὴν
611 2805 951 2875 κακουργίαν
987 2804 1088 2874 τῆς
1133 2804 1412 2872 γυναικὸς,
1455 2805 1618 2859 πόθεν
1653 2806 1853 2872 εὐθέως
1890 2826 2076 2880 προοι-

490 2888 744 2958 μιάζεται
766 2907 778 2919 ·
807 2889 915 2944 ἀπὸ
939 2888 1033 2942 τοῦ
1074 2889 1312 2961 πλήθους
1337 2890 1430 2943 τοῦ
1462 2892 1680 2962 χρόνου,
1718 2891 1899 2964 Μέχρι
1928 2896 2076 2958 τίνος

487 2975 881 3044 καρτερήσεις;
917 2971 1172 3041 λέγουσα.
1211 2974 1275 3026 Et
1308 2973 1364 3025 δὲ
1388 2973 1651 3040 πολλάκις
1685 2977 1780 3028 xal
1808 2979 2073 3049 πραγμά-

485 3069 594 3109 των
626 3056 726 3109 οὐκ
751 3056 921 3109 δντων
950 3056 1098 3124 λόγοι
1133 3056 1292 3126 μόνον
1327 3055 1558 3127 ἴσχυσαν
1591 3059 1852 3128 μαλάξαι,
1890 3063 2076 3132 ἐννόη-

489 3158 582 3194 σον
612 3139 663 3193 τί
690 3141 812 3194 τότε
847 3140 1077 3211 πάσχειν
1129 3141 1293 3194 αὐτὸν
1343 3143 1490 3206 εἰκὸς
1536 3137 1624 3214 ἦν,
1665 3145 1804 3214 μετὰ
1833 3146 1940 3198 τῶν
1975 3151 2075 3218 ρη-

492 3226 678 3293 μάτων
702 3223 907 3278 τούτων
939 3226 1031 3278 καὶ
1052 3225 1161 3278 τῶν
1185 3226 1529 3297 πραγμάτοιν
1549 3227 1861 3283 ὀδυνώντων
1889 3231 2072 3287 αὐτόν.

487 3307 600 3360 Kal
633 3308 694 3359 τὸ
734 3305 798 3378 δὴ
847 3307 1066 3360 πάντων
1110 3309 1314 3378 χεῖρον,
1362 3309 1444 3361 ὅτι
1501 3309 1596 3362 καὶ
1646 3315 1784 3383 γυνὴ
1833 3314 2074 3384 ἡταῦτα

487 3389 729 3458 λέγουσα
754 3385 843 3458 ἦν,
877 3389 967 3442 καὶ
994 3388 1130 3459 γυνὴ
1154 3391 1503 3444 ἀναπεσοῦσα
1532 3394 1625 3446 καὶ
1656 3395 2075 3468 ἀπαγορεύουσα

488 3474 584 3526 καὶ
615 3473 702 3526 διά
731 3477 888 3526 τοῦτο
922 3471 1299 3538 σπουδάζουσα
1332 3475 1425 3527 καὶ
1452 3477 1612 3530 αὐτὸν
1645 3481 1726 3543 εἰς
1763 3481 2075 3550 ἀπόγνωσιν

490 3554 770 3626 ἐμϐαλεῖν.
809 3558 954 3627 Πλὴν
994 3558 1106 3610 ἀλλ’
1141 3559 1229 3612 ἵνα
1264 3559 1597 3631 σαφέστερον
1635 3562 1834 3632 ἴδωμεν
1868 3567 1928 3617 τὸ
1969 3586 2074 3638 μη-

490 3642 717 3712 χάνημα,
773 3641 832 3692 τὸ
888 3639 964 3708 τῷ
1018 3640 1367 3712 ἀδαμαντίνῳ
1424 3641 1600 3714 τούτῳ
1663 3649 2075 3719 προσαγόμενον

488 3722 686 3793 τείχει,
730 3722 827 3776 καὶ
881 3723 1059 3777 αὐτῶν
1092 3725 1418 3794 ἀκούσωμεν
1452 3725 1562 3779 τῶν
1610 3729 1889 3798 ῥημάτων.
1943 3733 2076 3787 Τίνα

489 3801 583 3858 οὖν
614 3804 785 3860 ταῦτά
813 3808 969 3871 ὲστι;
1003 3806 1187 3874 Μέχρι
1224 3807 1386 3872 τίνος
1422 3812 1814 3879 καρτερήσεις
1857 3815 2071 3886 λέγων,

503 3891 660 3946 Ἰδοὺ
684 3891 960 3960 ἀναμένω
989 3892 1209 3959 χρόνον
1239 3892 1324 3944 ἐτι
1342 3893 1560 3960 μικρὸν
1588 3895 2075 3968 προσδεχόμενος

490 3973 605 4038 τὴν
628 3974 847 4027 ἐλπίδα
877 3973 990 4042 τῆς
1015 3975 1314 4040 σωτηρίας
1339 3988 1490 4042 μου;
1535 3976 1766 4046 Ἥλεγξε
1810 3983 1920 4052 γάρ
1957 4000 2072 4049 σου,

490 4058 644 4125 φησὶ,
679 4058 749 4110 τὰ
774 4059 996 4128 ῥήματα
1028 4062 1055 4112 ὁ
1088 4059 1302 4129 χρόνος,
1343 4058 1683 4131 μακρότερος
1717 4063 1814 4130 μὲν
1849 4067 2071 4136 γινόμε-

488 4156 598 4203 νος,
638 4139 790 4194 λύσιν
833 4142 890 4194 δὲ
934 4142 1190 4212 οὐδεμίαν
1230 4142 1528 4211 ἐμφαίνων.
1567 4143 1752 4198 Ταῦτα
1786 4146 1841 4201 δὲ
1860 4149 2071 4218 ἔλεγεν,

489 4224 588 4276 οὐκ
639 4227 718 4288 εἰς
770 4225 1083 4293 ἀπόγνωσιν
1139 4226 1302 4279 αὐτὸν
1344 4226 1689 4296 ἐμϐάλλουσα
1720 4231 1904 4301 μόνον,
1937 4235 2075 4288 ἀλλά

489 4311 585 4359 καὶ
625 4306 961 4372 ὀνειδίζουσα
1005 4311 1098 4362 καὶ
1150 4309 1514 4379 κωμῳδοῦσα.
1552 4312 1662 4365 Kal
1713 4316 1823 4384 7&9
1867 4320 2073 4383 ἐκεῖνος

489 4387 812 4459 ἐνοχλοῦσαν
844 4392 931 4443 ἀεὶ
961 4392 1457 4462 παραμυθούμενος
1509 4395 1604 4446 καὶ
1648 4395 2073 4470 διακρουόμενος

487 4470 715 4525 τοιαῦτα
770 4471 1096 4542 ἐφθέγγετο·
1177 4475 1493 4544 Ἀνάμεινον
1550 4477 1629 4530 ετι
1692 4482 1912 4549 μικρὸν,
1977 4484 2073 4538 καί¹

487 4555 699 4626 ταχέως
739 4555 890 4610 ἔσται
928 4555 1133 4613 τούτων
1175 4560 1236 4612 τὸ
1267 4560 1439 4626 τέλος.
1487 4562 1855 4627 Ὀνειὸίζουσα
1890 4564 2072 4622 τοίνυν

489 4637 662 4723 αὐτῷ,
695 4641 848 4723 φησί·
883 4640 973 4710 Μὴ
1004 4645 1099 4694 καὶ
1139 4641 1234 4696 νῦν
1270 4645 1331 4697 τὸ
1361 4646 1493 4699 αὐτὸ
1526 4648 1709 4719 ἐρεῖςς
1750 4649 1916 4714 πολὺς
1963 4653 2072 4723 7&9

489 4716 589 4792 ἤδη
621 4719 812 4791 χρόνος
842 4725 1184 4795 παρέδραμε.
1216 4729 1311 4780 καὶ
1353 4730 1507 4794 τέλος
1553 4716 1757 4786 τούτων
1789 4732 1942 4788 οὐδὲν
1975 4716 2070 4788 ἀνία

493 4807 684 4889 ιφάνη.
722 4804 834 4889 Kal
866 4804 972 4889 θέα
996 4806 1096 4889 τὴν
1136 4812 1505 4879 κακουργίαν-
1546 4812 1668 4867 οὐδὲ
1708 4814 1816 4888 γὰρ
1859 4817 2072 4889 μέμνη-

486 4904 579 4970 ται
607 4888 714 4943 τῶν
739 4887 900 4958 βοῶν,
925 4888 987 4941 οὐ
1021 4887 1129 4942 τῶν
1155 4889 1468 4960 προϐάτων,
1500 4895 1620 4948 οὐδὲ
1649 4897 1754 4949 τῶν
1776 4887 2065 4970 καμήλων·

490 4968 606 5042 ᾔδει
638 4971 748 5042 7&9
785 4973 845 5025 οὐ
877 4971 1081 5042 σφόδρα
1110 4973 1273 5026 αὐτὸν
1310 4976 1523 5039 τούτοις
1551 4968 1931 5047 δακνόμενον(
1953 4982 2069 5035 ἀλλ’

490 5052 588 5106 ἐπὶ
639 5053 739 5124 τὴν
790 5055 952 5124 φύσιν
1005 5055 1210 5120 εὐθέως
1263 5057 1501 5129 ἔρχεται,
1561 5061 1655 5114 καὶ
1701 5060 1809 5115 τῶν
1862 5063 2070 5118 παίδων

490 5135 947 5220 ἀναμιμνήσκειοῷ
980 5139 1068 5192 ἐπ’
1113 5140 1299 5204 αὐτοῖς
1327 5141 1436 5214 7&9
1464 5137 1606 5197 εἶδεν
1650 5143 1814 5198 αὐτὸν
1845 5146 1941 5199 καὶ
1971 5147 2070 5220 τὴν

493 5218 700 5302 εσθῆτα
723 5217 1106 5302 διαρρήξαντα,
1136 5223 1231 5274 καὶ
1261 5224 1360 5292 τὴν
1392 5225 1580 5294 κόμην
1604 5217 2067 5302 ἀποκειράμενον.

489 5299 602 5355 Kal
619 5299 722 5386 οὐκ
746 5293 919 5386 εἶπεν,
960 5302 1233 5386 Ἀπώλετό
1254 5320 1347 5356 σου
1372 5305 1442 5358 τά
1464 5293 1674 5374 παιδία,
1702 5293 1840 5367 ἀλλά
1865 5293 2069 5386 σφόδρα

491 5383 840 5456 περιπαθῶς·
891 5385 1246 5453 Ἠφάνισταί
1267 5401 1388 5441 σου
1418 5387 1485 5441 τὸ
1519 5383 1920 5460 μνημόσυνον
1945 5383 2068 5453 ἀπὸ

489 5463 602 5546 τῇς
636 5461 771 5532 τῆς,
815 5463 884 5546 δι’
908 5463 937 5517 δ
981 5465 1075 5519 καὶ
1115 5467 1185 5522 τά
1221 5465 1407 5522 παιδία
1442 5467 1686 5524 ποθεινὰ.
1720 5465 1788 5524 ΕΞ
1827 5472 1944 5546 7&9
1976 5478 2070 5531 καὶ

489 5543 607 5609 νῦν,
646 5545 999 5611 ἀναστάσεως
1044 5549 1327 5623 φανείσης,
1359 5547 1610 5604 ἐντεῦθέν
1635 5553 1754 5608 ἐστι
1785 5555 1854 5607 τὰ
1884 5543 2071 5612 παιδία

489 5628 768 5702 ιπέραστα
787 5629 896 5686 ἀπὸ
919 5629 1014 5685 τοῦ
1035 5633 1133 5702 τὴν
1161 5630 1312 5708 [ἳὸθ]
1340 5633 1564 5708 μνήμην
1589 5633 1701 5691 τῶν
1728 5634 2070 5696 ἀπελθόντων

550 5836 581 5868 ⁸
599 5833 862 5901 [agebatur
883 5844 1037 5903 σιγᾷν.

1175 361 1234 416 5.
1276 357 1560 416 JOANNIS
1589 353 2079 413 CHRYSOSTOMI
2117 352 2437 414 ARCHIEP.
2477 351 3022 416 CONS'I‘ANTINOP.

3665 369 3772 424 εδδ

2193 472 2492 546 διατηρεῖν,
2520 473 2702 544 πολλῷ
2730 475 2932 544 μᾶλλον
2971 476 3116 530 τότε.
3150 477 3249 532 Διά
3281 479 3440 535 τοῦτο
3469 485 3559 536 καὶ
3607 486 3640 554 ἡ
3661 486 3772 556 ἀρά

2189 556 2440 610 ἐντεῦθεν
2469 558 2678 625 γίνεται
2713 559 3034 630 πικροτέρα.
3068 561 3201 614 Οὐδὲ
3230 563 3339 635 γὰρ
3367 567 3499 629 ἐκεῖ,
3529 565 3772 621 Τάπαιο

2189 637 2300 701 δία,
2345 642 2373 692 ό
2415 639 2772 710 ἐπαρώμενος
2798 636 2972 704 εἶπεν,
3024 642 3454 716 ὲξολοθρευθείη.
3501 649 3657 713 ἀλλὰ,
3698 649 3772 704 Τὸ

2183 724 2583 788 μνημόσυνον
2618 721 2804 776 αὐτοῦ
2835 724 2954 776 ἀπὸ
2982 724 3091 793 τῆς
3134 726 3246 794 τῆς
3267 745 3279 758 ·
3315 732 3362 782 οί
3396 732 3500 782 υίοί
3534 750 3626 785 σου
3676 734 3772 786 καὶ

2190 805 2246 854 αἰ
2277 804 2576 876 θυγατέρες
2631 822 2747 859 σου.
2778 805 3023 860 Είποῦσα
3072 808 3202 879 γάρ,
3252 812 3324 863 Τὸ
3348 815 3770 881 μνημόσυνον.

2193 886 2333 954 μετὰ
2376 887 2666 956 ἀκριϐείας
2710 887 2869 941 πάλιν
2896 889 3164 960 ἑκατέρας
3189 891 3286 960 τῆς
3317 893 3529 960 φύσεως
3561 898 3773 966 μέμνη-

2189 985 2314 1020 ται·
2353 971 2414 1023 Εἰ
2439 970 2497 1023 δὲ
2526 972 2629 1038 σοὶ,
2665 974 2850 1041 φησιν,
2882 975 2941 1026 οὐ
2976 973 3122 1043 μέλει
3157 975 3377 1041 τούτων,
3415 979 3517 1031 κᾶν
3549 981 3609 1033 τὸ
3635 983 3771 1052 ἐμὸν

2192 1058 2382 1111 σκόπει
2404 1075 2416 1087 ·
2461 1059 2572 1126 Τῆς
2619 1058 2766 1128 ἐμῆς
2809 1062 3040 1125 κοιλίας
3064 1061 3273 1127 ὠδῖνες
3301 1064 3397 1116 καί
3434 1065 3626 1129 πόνοι,
3659 1067 3768 1133 οὓς

2187 1143 2274 1205 εἰς
2302 1142 2368 1194 τὸ
2397 1142 2578 1195 κενὸν
2608 1141 2906 1196 ἐκοπίασα
2947 1144 3096 1212 μετὰ
3121 1145 3383 1214 μόχθων.
3417 1148 3481 1199 "O
3509 1147 3566 1199 δὲ
3592 1147 3767 1215 λέγει,

2186 1224 2343 1276 τοῦτὸ
2389 1227 2568 1279 ἐστιν’
2632 1226 2695 1279 Ἦ
2725 1226 2786 1278 τὺ
2821 1226 2980 1279 πλέον
3012 1228 3311 1295 ἐνεγκοῦσα
3363 1230 3625 1300 ἠδίκημαι
3675 1229 3767 1284 διά

2188 1306 2268 1370 σὲ,
2301 1308 2393 1358 καὶ
2442 1309 2569 1372 τοὺς
2619 1309 2717 1378 μὲν
2763 1309 2956 1371 πόνους
3011 1310 3275 1382 ὑπέστην,
3311 1313 3419 1365 τῶν
3446 1313 3503 1365 δὲ
3537 1313 3770 1386 καρπῶν

2185 1387 2589 1460 ἀπεστέρημαι.
2636 1392 2745 1444 Kal
2773 1392 2874 1461 ὅρα
2908 1391 3024 1454 πῶς
3057 1391 3178 1447 οὕτε
3209 1395 3390 1464 τίθησι
3417 1393 3513 1464 τὴν
3558 1394 3769 1467 ζημίαν

2183 1472 2292 1523 τῶν
2344 1476 2663 1545 χρημάτων,
2702 1475 2828 1528 οῦτε
2881 1477 3010 1546 σιγᾷ
3063 1478 3234 1548 αὐτὴν
3261 1481 3355 1532 καὶ
3404 1480 3764 1550 παρατρέχει,

2183 1553 2299 1607 ἀλλ’
2342 1557 2418 1620 ώς
2447 1557 2574 1627 ἐνῆν
2620 1559 2714 1610 καὶ
2741 1557 3060 1630 περιπαθῶς
3095 1560 3265 1632 αὐτὴν
3287 1560 3636 1629 ἀπαγγεῖλαι,
3672 1561 3767 1614 οῦ-

2182 1654 2290 1700 τως
2327 1639 2643 1693 αἰνίττεται.
2696 1642 2867 1694 Ὅταν
2899 1641 3008 1712 7&9
3044 1641 3194 1712 είπῃ,
3249 1643 3422 1712 Κάγὼ
3467 1643 3767 1712 πλανῆτις

2181 1720 2277 1772 καί
2329 1723 2555 1790 λάτρις,
2609 1724 2799 1777 τόπον
2843 1724 2912 1777 ἐκ
2966 1724 3177 1785 τόπου,
3229 1727 3428 1779 οἰκίαν
3454 1725 3523 1788 ἐξ
3569 1729 3766 1793 οίκίας

2181 1805 2631 1873 περιερχομένη,
2667 1810 2762 1858 καὶ
2787 1807 2886 1874 τὴν
2915 1807 3119 1877 ζημίαν
3154 1807 3470 1871 αἰνίττεται,
3503 1810 3596 1861 καὶ
3630 1807 3764 1862 πολ-

2180 1886 2278 1958 λὴν
2303 1889 2402 1958 τὴν
2429 1890 2805 1959 προσπάθειαν
2831 1892 3101 1944 δείκνυσι·
3133 1893 3228 1944 καὶ
3256 1893 3365 1961 γὰρ
3394 1893 3487 1944 καὶ
3514 1896 3568 1946 αἰ
3590 1893 3768 1958 λέξεις

2181 1969 2342 2022 αὐταὶ
2373 1970 2556 2024 ἰκαναὶ
2579 1973 2906 2044 ὲπᾶραι·τὴν
2931 1973 3245 2044 συμφοράνο
3287 1974 3411 2028 Ἐπὶ
3439 1975 3535 2036 τὰς
3558 1976 3766 2044 ἑτέρων

2180 2052 2414 2124 ἔρχομαι
2464 2054 2654 2126 θύρας,
2715 2056 2895 2127 φησίν.
2939 2056 3074 2109 Οὐδὲ
3105 2057 3214 2127 γάρ
3251 2057 3529 2127 προσαιτῶ
3578 2058 3764 2127 μόνον,

2178 2128 2315 2188 ἀλλά
2356 2138 2450 2190 καὶ
2482 2138 2774 2208 πλανῶμαι
2805 2141 2899 2191 καὶ
2939 2138 3174 2192 δουλεύω
3203 2137 3448 2192 δουλείαν
3479 2141 3634 2210 ξένην
3667 2141 3766 2194 καὶ

2179 2218 2392 2286 καινὴν,
2441 2219 2715 2290 πανταχοῦ
2747 2222 3053 2292 περιιοῦσα,
3109 2223 3203 2276 καί⁵
3257 2223 3328 2276 τά
3381 2223 3624 2294 σύμϐολα
3661 2225 3767 2294 τῆς

2181 2305 2468 2371 συμφορᾶς
2487 2305 2877 2374 περιφέρουσα,
2898 2307 2992 2357 καὶ
3007 2307 3211 2369 πάντας
3231 2307 3554 2362 διδάσκουσα
3573 2308 3640 2361 τὰ
3655 2309 3766 2379 ὲμά

2179 2388 2342 2438 κακά·
2366 2386 2394 2437 δ
2413 2387 2626 2440 πάντων
2651 2389 2798 2440 ἐστὶν
2821 2388 3202 2458 ἐλεεινότερον,
3229 2389 3287 2441 τὸ
3308 2391 3488 2442 οἰκίαν
3509 2390 3570 2454 EE
3585 2393 3765 2455 οἰκίας

2177 2467 2447 2536 ἀμείϐειν.
2480 2469 2589 2520 Kal
2629 2469 2750 2522 οὐδὲ
2785 2469 3023 2524 ἐνταῦθα
3056 2469 3185 2541 έστη
3223 2470 3334 2523 τῶν
3378 2471 3613 2541 θρήνων,
3647 2471 3768 2525 ἀλλ’

2177 2552 2424 2621 ἐπήγαγε
2470 2552 2705 2622 λέγουσα
2729 2572 2741 2584 ο
2778 2554 3241 2623 Προσδεχομένη
3273 2555 3381 2607 τὸν
3414 2556 3593 2624 ἣλιον
3617 2557 3765 2610 πότε

2178 2631 2371 2700 δύσει,
2402 2636 2500 2688 καὶ
2529 2635 2957 2707 ἁναπαύσομᾰι
2983 2637 3100 2690 τῶν
3125 2638 3367 2708 μόχθων
3383 2655 3502 2707 μου
3525 2638 3621 2692 καί
3643 2638 3765 2692 τῶν

2177 2716 2595 2785 περιεχουσῶν
2615 2737 2692 2788 με
2735 2719 2990 2788 ὀδυνῶν,
3017 2723 3080 2775 αῖ
3101 2737 3178 2790 με
3215 2721 3332 2774 νῦν
3362 2721 3760 2790 συνέχουσιν.

2184 2801 2248 2851 Ὃ
2279 2800 2389 2867 γὰρ
2420 2801 2533 2864 τοῖς
2566 2800 2748 2865 ἄλλοις
2797 2803 2942 2856 ἔστὶν
2989 2803 3109 2873 ἡδὺ,
3164 2803 3318 2874 φησι,
3354 2802 3416 2857 τὸ
3439 2805 3539 2876 τὴν
3568 2807 3764 2858 ἀκτῖνα

2176 2884 2328 2952 ὁρᾷν,
2379 2884 2536 2937 τοῦτο
2586 2886 2710 2955 ἐμοὶ
2745 2885 2920 2956 βαρυο
2972 2886 3219 2938 ποθεινὸν
3244 2887 3301 2940 δὲ
3347 2889 3382 2957 η
3414 2889 3506 2955 νὺξ
3560 2891 3653 2942 καὶ
3699 2890 3763 2943 τὸ

2179 2965 2366 3029 σκότος
2389 2982 2400 2993 ·
2446 2964 2585 3037 αῦτη
2617 2968 2726 3038 γάρ
2769 2984 2835 3037 με
2870 2969 3141 3022 ἀναπαύει
3169 2968 3278 3022 τῶν
3326 2969 3566 3039 ἱδρώτων
3597 2973 3759 3042 μόνη,

2176 3047 2317 3117 αῦτη
2372 3065 2462 3119 μοι
2517 3050 2841 3121 παραμυθία
2891 3053 3101 3118 γίνεται
3158 3053 3264 3106 τῶν
3325 3053 3533 3108 κακῶν.
3605 3057 3760 3109 Ἀλλ’

2177 3134 2352 3186 εἰπόν
2378 3151 2432 3187 τι
2452 3133 2621 3204 ῥῆμα
2640 3136 2789 3203 πρὸς
2814 3138 3051 3204 Κύριον,
3080 3136 3175 3190 καί
3205 3139 3473 3193 τελεύτα.

2249 3300 2310 3347 ε’.
2329 3289 2482 3358 Εἶδες
2500 3295 2775 3348 κάνταῦθα
2790 3299 2887 3368 τὴν
2907 3299 3262 3368 κακουργίαν,
3283 3299 3400 3361 πῶς
3413 3298 3534 3352 οὐδὲ
3554 3301 3611 3353 ὲν
3622 3301 3760 3372 αὐτῇ

2177 3378 2242 3447 τῇ
2289 3376 2564 3448 συμϐουλῇ
2599 3377 2803 3439 εὐθέως
2843 3382 3103 3450 εἰσήγαγε
3134 3382 3230 3442 τὴν
3272 3381 3520 3452 ὀλεθρίαν
3558 3386 3761 3454 παραί-

2179 3473 2347 3522 νεσιν,
2393 3459 2532 3511 ἀλλά
2559 3459 2934 3532 διηγησαμένη
2970 3463 3184 3532 πρῶτον
3211 3465 3460 3530 ἐλεεινῶς
3490 3467 3588 3530 τάς
3621 3483 3764 3536 συμ-

2180 3541 2373 3609 φορὰς,
2407 3543 2499 3594 καὶ
2530 3543 2816 3598 έκτείνασα
2860 3547 2958 3615 τὴν
3000 3547 3329 3616 τραγῳδίαν,
3377 3551 3434 3602 έν
3463 3549 3654 3621 βραχεῖ
3679 3553 3762 3604 τί-

2178 3625 2304 3693 θησι
2329 3624 2426 3695 τὴν
2446 3626 2784 3696 παραίνεσιν,
2821 3629 2914 3681 καὶ
2937 3629 3056 3682 οὐδὲ
3081 3632 3334 3701 ἐμφαίνει
3357 3634 3540 3701 σαφῶς
3568 3635 3761 3705 αὐτὴν,

2177 3706 2313 3759 ἀλλά
2346 3709 2687 3762 συσκιάσασα
2715 3710 2950 3781 ἐκείνην,
2981 3712 3079 3783 τὴν
3112 3712 3431 3784 ἀπαλλαγὴν
3451 3715 3598 3786 αὐτῷ
3627 3734 3763 3785 προ-

2177 3789 2342 3841 τείνει
2405 3789 2503 3859 τὴν
2563 3792 2800 3861 μάλιστα
2871 3794 3145 3866 ποθεινὴν,
3210 3795 3303 3849 καὶ
3362 3797 3762 3864 ἐπαγγέλλεται

2175 3870 2452 3940 τελευτὴν,
2477 3872 2505 3924 δ
2533 3873 2765 3943 μάλιστα
2787 3876 3051 3945 ἐπεθύμει
3073 3896 3085 3941 ;
3117 3879 3224 3932 Kal
3246 3877 3436 3931 σκόπει
3464 3879 3762 3933 κάντεῦθεν

2175 3951 2269 4004 τοῦ
2300 3953 2544 4008 διαϐόλου
2580 3957 2679 4026 τὴν
2725 3960 3082 4029 κακουργίαν.
3131 3960 3350 4030 Ἐπειδὴ
3385 3961 3491 4032 γὰρ
3522 3963 3638 4033 ᾔδει
3665 3965 3761 4016 τὸν

2177 4035 2340 4088 πόθον
2382 4036 2477 4090 τοῦ
2543 4038 2664 4092 Ἰὼϐ
2709 4039 2799 4094 τὸν
2828 4041 2956 4111 περί
2981 4043 3072 4095 τὸν
3106 4042 3259 4109 Θεὸν,
3302 4045 3401 4098 οὐκ
3443 4045 3635 4116 ἀφίησι
3660 4049 3761 4120 τὴν

2176 4121 2412 4186 γυναῖκα
2456 4123 2840 4192 κατηγορῆσαι
2879 4123 2976 4176 τοῦ
3024 4125 3182 4192 Θεοῦ,
3218 4128 3304 4181 ἵνα
3342 4127 3417 4200 μὴ
3452 4130 3528 4191 ὡς
3556 4128 3762 4200 ἐχθρὰν

2175 4202 2377 4266 εὐθέως
2423 4205 2770 4276 ἀποστραφῇ.
2822 4205 2923 4259 Διά
2964 4208 3122 4263 τοῦτο
3166 4209 3333 4264 αὐτοῦ
3368 4214 3466 4281 μὲν
3519 4213 3756 4284 οὐδαμοῦ

2179 4289 2474 4356 μέμνηται,
2513 4286 2583 4340 τά
2609 4287 2666 4340 δὲ
2720 4289 3004 4360 συμϐάντα
3049 4292 3160 4345 ἀνω
3185 4297 3280 4345 καὶ
3314 4295 3466 4348 κάτω
3509 4297 3756 4368 στρέφει.

2176 4368 2246 4420 Σὺ
2270 4368 2327 4420 δὲ
2366 4371 2506 4439 μετά
2533 4370 2641 4423 τῶν
2668 4373 2996 4443 εἰρημένων,
3028 4375 3109 4428 ὄτι
3138 4376 3231 4428 καὶ
3252 4377 3390 4447 γυνὴ
3419 4373 3488 4449 ἦν
3513 4379 3546 4449 ή
3582 4378 3759 4433 ταῦτα

2178 4451 2654 4520 συμϐουλεύουσα,
2719 4455 3031 4524 προστίθει,
3091 4457 3262 4521 δεινὸς
3317 4459 3758 4530 καταγοητεῦσαι

2176 4533 2361 4603 ῥήτωρ
2392 4535 2518 4597 τοὺς
2552 4535 2627 4605 μὴ
2656 4537 3046 4608 προσέχοντας.
3079 4536 3272 4594 Πολλοί
3302 4539 3433 4609 γοῦν
3464 4546 3558 4596 καὶ
3585 4546 3759 4612 χωρὶς

2176 4617 2472 4687 συμφορῶν
2525 4618 2633 4671 ἀπὸ
2679 4619 2954 4687 γυναικῶν
3000 4620 3308 4692 συμϐουλῆς
3341 4621 3758 4693 κατηνέχθησαν

2179 4697 2364 4780 μόνης.
2389 4699 2454 4751 Τί
2479 4695 2574 4753 οὗν
2602 4703 2630 4754 ό
2663 4702 2931 4774 μακάριος
2958 4699 3132 4771 οὗτος,
3155 4707 3250 4759 καὶ
3273 4706 3579 4772 ἀδάμαντος
3607 4711 3758 4780 στερ-

2175 4778 2296 4848 ρότε
2308 4796 2396 4848 ρος
2415 4797 2428 4843 ;
2457 4781 2665 4851 Βλέψας
2683 4786 2761 4847 εἰς
2781 4786 2948 4857 αὐτὴν
2979 4789 3192 4858 πικρὸν,
3214 4787 3323 4841 ἀπὸ
3341 4786 3441 4858 τῆς
3461 4788 3638 4858 ὅψεως
3660 4778 3756 4846 καὶ

2174 4860 2282 4945 πρὸ
2309 4862 2408 4930 τῆς
2433 4864 2617 4932 φωνῆς
2646 4865 3000 4938 διεκρούσατο
3024 4872 3091 4922 τά
3114 4869 3501 4940 μηχανήματα.
3537 4875 3753 4945 Ἑκείνη

2179 4941 2278 5026 μὲν
2304 4945 2414 5026 γὰρ
2443 4947 2814 5019 προσεδόκησε
2831 4949 3082 5022 δακρύων
3106 4951 3345 5021 κινήσειν
3374 4957 3573 5026 πηγάς·
3601 4941 3756 5022 οὗτος

2171 5022 2228 5108 δὲ
2256 5023 2468 5091 λέοντος
2499 5028 2856 5102 σφοδρότερος
2883 5035 3095 5108 γέγονε,
3113 5031 3289 5104 θυμοῦ
3319 5022 3628 5108 πληρωθεὶς
3658 5042 3756 5093 καὶ

2172 5107 2623 5192 ἀγανακτήσεως,
2662 5113 2762 5183 οὐχ
2791 5114 2932 5182 ὑπὲρ
2968 5105 3044 5166 ὧν
3085 5112 3342 5187 ἔπασχεν,
3369 5105 3484 5173 ἀλλ’
3513 5121 3654 5192 ὑπὲρ
3676 5115 3756 5175 ὧν

2173 5189 2356 5264 ἐκείνη
2385 5191 2707 5275 διαϐολικῶς
2739 5192 3151 5261 συνεϐούλευσε,
3181 5196 3333 5274 [257]
3358 5204 3453 5256 καί⁵
3484 5202 3561 5275 τῷ
3588 5189 3754 5272 βλέμ-

2174 5291 2306 5344 ματι
2332 5276 2424 5329 τον
2447 5274 2621 5345 θυμὸν
2643 5275 3044 5347 ἑνδειξάμενος,
3075 5285 3497 5356 μεμετρημένην
3518 5274 3753 5339 ποιεῖται

2169 5358 2270 5438 τὴν
2302 5358 2658 5430 ἐπιτίμησινο
2691 5362 2786 5411 καὶ
2811 5358 2923 5431 7&9
2951 5363 3047 5417 καὶ
3084 5367 3143 5419 έν
3175 5371 3482 5438 συμφοραῖς
3517 5366 3754 5437 σώφρων

2169 5433 2258 5509 ἦν.
2297 5439 2406 5494 Καὶ
2444 5439 2499 5493 τί
2529 5453 2723 5509 φησινς
2756 5439 2890 5494 Ἵνα
2927 5445 2986 5498 τί
3024 5433 3376 5519 ὥσπερ-μία
3411 5447 3530 5501 τῶν
3564 5433 3752 5517 ἀςαρό-

2169 5539 2293 5576 νων
2320 5520 2621 5594 γυναικῶν
2646 5523 2990 5597 “Macae;
3019 5532 3132 5602 Οὐχ
3161 5530 3304 5585 οὕτω
3340 5547 3401 5584 σε
3427 5530 3749 5600 επαίδευσα,

2173 5604 2362 5676 φησὶν,
2408 5603 2682 5673 οὐχ-οὓτω
2732 5625 2792 5663 σε
2828 5611 3063 5684 ἔθρεψα·
3097 5613 3223 5668 ὃθεν
3247 5609 3369 5666 οὐδὲ
3401 5613 3756 5681 ἑπιγινώσκω

2167 5685 2270 5757 τὴν
2302 5685 2550 5772 “ww?”
2578 5687 2676 5761 τὴν
2705 5691 2864 5766 ἐμήν.
2893 5695 2976 5749 Τά
2998 5695 3110 5767 7&9
3133 5697 3358 5767 ῥήματα
3384 5690 3559 5750 ταῦτα
3587 5698 3756 5772 ἀνοήη

2169 5783 2264 5820 του
2284 5767 2568 5853 γυναικὸς,
2608 5774 2702 5828 καὶ
2731 5778 3153 5850 παραπαιούσης
3190 5779 3225 5853 ἡ
3262 5776 3563 5850 συμϐουλή.
3595 5767 3748 5845 Εἶδές

2171 5849 2344 5922 τομὴν
2384 5850 2716 5930 σύμμετρον,
2762 5849 2854 5916 καὶ
2898 5859 3112 5932 πληγὴν
3143 5849 3334 5931 ἱκανὴν
3363 5849 3654 5932 διορθῶσαι
3686 5867 3754 5919 τὸ
