  <div class='ocr_page' id='page_1' title='image "/cluster/home/n/w/nwhite01/storage/ocr_20150623/61/nnc1.0022379681/246.png"; bbox 0 0 4022 6214; ppageno 0'>
   <div class='ocr_carea' id='block_1_1' title="bbox 213 372 312 427">
    <p class='ocr_par' dir='ltr' id='par_1_1' title="bbox 213 372 312 427">
     <span class='ocr_line' id='line_1_1' title="bbox 213 372 312 427; baseline 0 -26"><span class='ocrx_word' id='word_1_1' title='bbox 213 372 312 427; x_wconf 57' lang='grc' dir='ltr'><strong>επ</strong></span> 
     </span>
    </p>
   </div>
   <div class='ocr_carea' id='block_1_2' title="bbox 214 485 1789 558">
    <p class='ocr_par' dir='ltr' id='par_1_2' title="bbox 214 485 1789 558">
     <span class='ocr_line' id='line_1_2' title="bbox 214 485 1789 558; baseline 0 -16"><span class='ocrx_word' id='word_1_2' title='bbox 214 504 366 558; x_wconf 86' lang='lat' dir='ltr'><strong>pore,</strong></span> <span class='ocrx_word' id='word_1_3' title='bbox 412 496 465 543; x_wconf 90' lang='lat' dir='ltr'><strong>et</strong></span> <span class='ocrx_word' id='word_1_4' title='bbox 502 487 615 557; x_wconf 87' lang='lat' dir='ltr'><strong>ipsa</strong></span> <span class='ocrx_word' id='word_1_5' title='bbox 661 486 708 541; x_wconf 91' lang='lat' dir='ltr'><strong>ei</strong></span> <span class='ocrx_word' id='word_1_6' title='bbox 750 486 817 541; x_wconf 93' lang='lat' dir='ltr'><strong>ad</strong></span> <span class='ocrx_word' id='word_1_7' title='bbox 845 488 1194 543; x_wconf 87' lang='lat' dir='ltr'><strong>tentationem</strong></span> <span class='ocrx_word' id='word_1_8' title='bbox 1240 496 1297 543; x_wconf 93' lang='lat' dir='ltr'><strong>et</strong></span> <span class='ocrx_word' id='word_1_9' title='bbox 1339 487 1559 543; x_wconf 81' lang='lat' dir='ltr'><strong>insidias</strong></span> <span class='ocrx_word' id='word_1_10' title='bbox 1601 485 1789 542; x_wconf 89' lang='lat' dir='ltr'><strong>relicta</strong></span> 
     </span>
    </p>
   </div>
   <div class='ocr_carea' id='block_1_3' title="bbox 211 577 1795 649">
    <p class='ocr_par' dir='ltr' id='par_1_3' title="bbox 211 577 1795 649">
     <span class='ocr_line' id='line_1_3' title="bbox 211 577 1795 649; baseline -0.001 -15"><span class='ocrx_word' id='word_1_11' title='bbox 211 588 310 635; x_wconf 85' lang='lat' dir='ltr'><strong>est.</strong></span> <span class='ocrx_word' id='word_1_12' title='bbox 336 578 566 649; x_wconf 81' lang='lat' dir='ltr'><strong>Ideoque</strong></span> <span class='ocrx_word' id='word_1_13' title='bbox 607 577 750 632; x_wconf 81' lang='lat' dir='ltr'><strong>illam</strong></span> <span class='ocrx_word' id='word_1_14' title='bbox 795 593 901 634; x_wconf 91' lang='lat' dir='ltr'><strong>non</strong></span> <span class='ocrx_word' id='word_1_15' title='bbox 941 593 1066 634; x_wconf 92' lang='lat' dir='ltr'><strong>cum</strong></span> <span class='ocrx_word' id='word_1_16' title='bbox 1100 579 1223 634; x_wconf 88' lang='lat' dir='ltr'><strong>tlliis</strong></span> <span class='ocrx_word' id='word_1_17' title='bbox 1260 580 1474 635; x_wconf 79' lang='lat' dir='ltr'><strong>sustulit</strong></span> <span class='ocrx_word' id='word_1_18' title='bbox 1507 578 1755 634; x_wconf 81' lang='lat' dir='ltr'><strong>diabolus</strong></span> <span class='ocrx_word' id='word_1_19' title='bbox 1780 620 1795 645; x_wconf 91' lang='lat'><strong>,</strong></span> 
     </span>
    </p>
   </div>
   <div class='ocr_carea' id='block_1_4' title="bbox 212 670 1796 743">
    <p class='ocr_par' dir='ltr' id='par_1_4' title="bbox 212 670 1796 743">
     <span class='ocr_line' id='line_1_4' title="bbox 212 670 1796 743; baseline 0 -20"><span class='ocrx_word' id='word_1_20' title='bbox 212 687 386 742; x_wconf 80' lang='lat' dir='ltr'><strong>neque</strong></span> <span class='ocrx_word' id='word_1_21' title='bbox 435 670 603 741; x_wconf 89' lang='lat' dir='ltr'><strong>ipsiu&#39;s</strong></span> <span class='ocrx_word' id='word_1_22' title='bbox 644 670 848 727; x_wconf 70' lang='lat' dir='ltr'><strong>caedem</strong></span> <span class='ocrx_word' id='word_1_23' title='bbox 884 672 1143 741; x_wconf 84' lang='lat' dir='ltr'><strong>expetiit,</strong></span> <span class='ocrx_word' id='word_1_24' title='bbox 1188 673 1312 743; x_wconf 87' lang='lat' dir='ltr'><strong>quia</strong></span> <span class='ocrx_word' id='word_1_25' title='bbox 1344 671 1600 741; x_wconf 91' lang='lat' dir='ltr'><strong>sperabat</strong></span> <span class='ocrx_word' id='word_1_26' title='bbox 1650 670 1796 724; x_wconf 82' lang='lat' dir='ltr'><strong>illam</strong></span> 
     </span>
    </p>
   </div>
   <div class='ocr_carea' id='block_1_5' title="bbox 216 763 1796 834">
    <p class='ocr_par' dir='ltr' id='par_1_5' title="bbox 216 763 1796 834">
     <span class='ocr_line' id='line_1_5' title="bbox 216 763 1796 834; baseline -0.001 -15"><span class='ocrx_word' id='word_1_27' title='bbox 216 780 461 834; x_wconf 87' lang='lat' dir='ltr'><strong>magnam</strong></span> <span class='ocrx_word' id='word_1_28' title='bbox 502 763 604 819; x_wconf 82' lang='lat' dir='ltr'><strong>sibi</strong></span> <span class='ocrx_word' id='word_1_29' title='bbox 649 779 805 833; x_wconf 90' lang='lat' dir='ltr'><strong>opem</strong></span> <span class='ocrx_word' id='word_1_30' title='bbox 832 779 955 819; x_wconf 89' lang='lat' dir='ltr'><strong>esse</strong></span> <span class='ocrx_word' id='word_1_31' title='bbox 989 765 1216 818; x_wconf 87' lang='lat' dir='ltr'><strong>laturam</strong></span> <span class='ocrx_word' id='word_1_32' title='bbox 1241 763 1309 818; x_wconf 91' lang='lat' dir='ltr'><strong>ad</strong></span> <span class='ocrx_word' id='word_1_33' title='bbox 1356 764 1577 819; x_wconf 83' lang='lat' dir='ltr'><strong>insidias</strong></span> <span class='ocrx_word' id='word_1_34' title='bbox 1608 771 1796 818; x_wconf 89' lang='lat' dir='ltr'><strong>sancto</strong></span> 
     </span>
    </p>
   </div>
   <div class='ocr_carea' id='block_1_6' title="bbox 215 855 1797 926">
    <p class='ocr_par' dir='ltr' id='par_1_6' title="bbox 215 855 1797 926">
     <span class='ocr_line' id='line_1_6' title="bbox 215 855 1797 926; baseline -0.001 -15"><span class='ocrx_word' id='word_1_35' title='bbox 215 855 339 911; x_wconf 89' lang='lat' dir='ltr'><strong>huic</strong></span> <span class='ocrx_word' id='word_1_36' title='bbox 361 857 477 910; x_wconf 85' lang='lat' dir='ltr'><strong>viro</strong></span> <span class='ocrx_word' id='word_1_37' title='bbox 512 856 793 923; x_wconf 89' lang='lat' dir='ltr'><strong>parandas.</strong></span> <span class='ocrx_word' id='word_1_38' title='bbox 829 855 1061 926; x_wconf 85' lang='lat' dir='ltr'><strong>Ideoque</strong></span> <span class='ocrx_word' id='word_1_39' title='bbox 1088 857 1255 924; x_wconf 88' lang='lat' dir='ltr'><strong>ipsam</strong></span> <span class='ocrx_word' id='word_1_40' title='bbox 1279 897 1293 920; x_wconf 92' lang='lat'><strong>,</strong></span> <span class='ocrx_word' id='word_1_41' title='bbox 1326 867 1597 926; x_wconf 81' lang='lat' dir='ltr'><strong>tamquam</strong></span> <span class='ocrx_word' id='word_1_42' title='bbox 1628 857 1797 910; x_wconf 89' lang='lat' dir='ltr'><strong>maxi-</strong></span> 
     </span>
    </p>
   </div>
   <div class='ocr_carea' id='block_1_7' title="bbox 215 946 1797 1017">
    <p class='ocr_par' dir='ltr' id='par_1_7' title="bbox 215 946 1797 1017">
     <span class='ocr_line' id='line_1_7' title="bbox 215 946 1797 1017; baseline 0 -16"><span class='ocrx_word' id='word_1_43' title='bbox 215 963 361 1002; x_wconf 89' lang='lat' dir='ltr'><strong>mum</strong></span> <span class='ocrx_word' id='word_1_44' title='bbox 412 946 574 1001; x_wconf 88' lang='lat' dir='ltr'><strong>telum</strong></span> <span class='ocrx_word' id='word_1_45' title='bbox 629 946 729 1002; x_wconf 86' lang='lat' dir='ltr'><strong>sibi</strong></span> <span class='ocrx_word' id='word_1_46' title='bbox 807 955 1169 1017; x_wconf 90' lang='lat' dir='ltr'><strong>opportunum</strong></span> <span class='ocrx_word' id='word_1_47' title='bbox 1222 947 1457 1017; x_wconf 83' lang='lat' dir='ltr'><strong>reliquit.</strong></span> <span class='ocrx_word' id='word_1_48' title='bbox 1509 946 1564 1002; x_wconf 91' lang='lat' dir='ltr'><strong>Si</strong></span> <span class='ocrx_word' id='word_1_49' title='bbox 1610 948 1797 1013; x_wconf 90' lang='lat' dir='ltr'><strong>enim,</strong></span> 
     </span>
    </p>
   </div>
   <div class='ocr_carea' id='block_1_8' title="bbox 214 1038 1799 1111">
    <p class='ocr_par' dir='ltr' id='par_1_8' title="bbox 214 1038 1799 1111">
     <span class='ocr_line' id='line_1_8' title="bbox 214 1038 1799 1111; baseline 0 -16"><span class='ocrx_word' id='word_1_50' title='bbox 214 1040 420 1110; x_wconf 88' lang='lat' dir='ltr'><strong>inquit,</strong></span> <span class='ocrx_word' id='word_1_51' title='bbox 450 1038 721 1094; x_wconf 91' lang='lat' dir='ltr'><strong>hominem</strong></span> <span class='ocrx_word' id='word_1_52' title='bbox 751 1050 848 1109; x_wconf 87' lang='lat' dir='ltr'><strong>per</strong></span> <span class='ocrx_word' id='word_1_53' title='bbox 876 1040 1020 1093; x_wconf 89' lang='lat' dir='ltr'><strong>illam</strong></span> <span class='ocrx_word' id='word_1_54' title='bbox 1065 1054 1131 1095; x_wconf 86' lang='lat' dir='ltr'><strong>ex</strong></span> <span class='ocrx_word' id='word_1_55' title='bbox 1158 1039 1407 1109; x_wconf 81' lang='lat' dir='ltr'><strong>paradiso</strong></span> <span class='ocrx_word' id='word_1_56' title='bbox 1434 1040 1565 1111; x_wconf 86' lang='lat' dir='ltr'><strong>ejeci</strong></span> <span class='ocrx_word' id='word_1_57' title='bbox 1584 1081 1598 1105; x_wconf 92' lang='lat'><strong>,</strong></span> <span class='ocrx_word' id='word_1_58' title='bbox 1633 1040 1799 1095; x_wconf 88' lang='lat' dir='ltr'><strong>multo</strong></span> 
     </span>
    </p>
   </div>
   <div class='ocr_carea' id='block_1_9' title="bbox 215 1132 1440 1201">
    <p class='ocr_par' dir='ltr' id='par_1_9' title="bbox 215 1132 1440 1201">
     <span class='ocr_line' id='line_1_9' title="bbox 215 1132 1440 1201; baseline -0.001 -15"><span class='ocrx_word' id='word_1_59' title='bbox 215 1132 383 1201; x_wconf 85' lang='lat' dir='ltr'><strong>magis</strong></span> <span class='ocrx_word' id='word_1_60' title='bbox 412 1133 463 1185; x_wconf 93' lang='lat' dir='ltr'><strong>in</strong></span> <span class='ocrx_word' id='word_1_61' title='bbox 494 1132 838 1201; x_wconf 88' lang='lat' dir='ltr'><strong>sterquilinio</strong></span> <span class='ocrx_word' id='word_1_62' title='bbox 861 1139 1049 1201; x_wconf 90' lang='lat' dir='ltr'><strong>potero</strong></span> <span class='ocrx_word' id='word_1_63' title='bbox 1075 1132 1440 1201; x_wconf 83' lang='lat' dir='ltr'><strong>supplantare.</strong></span> 
     </span>
    </p>
   </div>
   <div class='ocr_carea' id='block_1_10' title="bbox 284 1222 1799 1294">
    <p class='ocr_par' dir='ltr' id='par_1_10' title="bbox 284 1222 1799 1294">
     <span class='ocr_line' id='line_1_10' title="bbox 284 1222 1799 1294; baseline 0.001 -15"><span class='ocrx_word' id='word_1_64' title='bbox 284 1226 337 1279; x_wconf 71' lang='grc'><strong>4.</strong></span> <span class='ocrx_word' id='word_1_65' title='bbox 378 1224 445 1278; x_wconf 83' lang='lat' dir='ltr'><strong>Et</strong></span> <span class='ocrx_word' id='word_1_66' title='bbox 470 1224 591 1279; x_wconf 92' lang='lat' dir='ltr'><strong>vide</strong></span> <span class='ocrx_word' id='word_1_67' title='bbox 612 1222 976 1279; x_wconf 81' lang='lat' dir='ltr'><strong>calliditatem.</strong></span> <span class='ocrx_word' id='word_1_68' title='bbox 1006 1222 1189 1294; x_wconf 86' lang='lat' dir='ltr'><strong>Neque</strong></span> <span class='ocrx_word' id='word_1_69' title='bbox 1222 1239 1364 1279; x_wconf 81' lang='lat' dir='ltr'><strong>enim</strong></span> <span class='ocrx_word' id='word_1_70' title='bbox 1396 1234 1676 1294; x_wconf 83' lang='lat' dir='ltr'><strong>postquam</strong></span> <span class='ocrx_word' id='word_1_71' title='bbox 1705 1224 1799 1280; x_wconf 53' lang='lat' dir='ltr'><strong>hoc</strong></span> 
     </span>
    </p>
   </div>
   <div class='ocr_carea' id='block_1_11' title="bbox 214 1313 1801 1387">
    <p class='ocr_par' dir='ltr' id='par_1_11' title="bbox 214 1313 1801 1387">
     <span class='ocr_line' id='line_1_11' title="bbox 214 1313 1801 1387; baseline 0.001 -18"><span class='ocrx_word' id='word_1_72' title='bbox 214 1330 305 1371; x_wconf 88' lang='lat' dir='ltr'><strong>ves</strong></span> <span class='ocrx_word' id='word_1_73' title='bbox 335 1316 634 1387; x_wconf 88' lang='lat' dir='ltr'><strong>perierant,</strong></span> <span class='ocrx_word' id='word_1_74' title='bbox 665 1315 802 1370; x_wconf 91' lang='lat' dir='ltr'><strong>hanc</strong></span> <span class='ocrx_word' id='word_1_75' title='bbox 832 1313 1133 1369; x_wconf 84' lang='lat' dir='ltr'><strong>machinam</strong></span> <span class='ocrx_word' id='word_1_76' title='bbox 1165 1315 1428 1382; x_wconf 85' lang='lat' dir='ltr'><strong>adhibuit,</strong></span> <span class='ocrx_word' id='word_1_77' title='bbox 1460 1331 1633 1386; x_wconf 92' lang='lat' dir='ltr'><strong>neque</strong></span> <span class='ocrx_word' id='word_1_78' title='bbox 1680 1324 1801 1386; x_wconf 86' lang='lat' dir='ltr'><strong>post</strong></span> 
     </span>
    </p>
   </div>
   <div class='ocr_carea' id='block_1_12' title="bbox 212 1407 1800 1477">
    <p class='ocr_par' dir='ltr' id='par_1_12' title="bbox 212 1407 1800 1477">
     <span class='ocr_line' id='line_1_12' title="bbox 212 1407 1800 1477; baseline -0.001 -14"><span class='ocrx_word' id='word_1_79' title='bbox 212 1410 452 1464; x_wconf 87' lang='lat' dir='ltr'><strong>sublatos</strong></span> <span class='ocrx_word' id='word_1_80' title='bbox 482 1410 659 1465; x_wconf 78' lang='lat' dir='ltr'><strong>asinos</strong></span> <span class='ocrx_word' id='word_1_81' title='bbox 686 1408 773 1463; x_wconf 91' lang='lat' dir='ltr'><strong>vel</strong></span> <span class='ocrx_word' id='word_1_82' title='bbox 817 1408 1053 1463; x_wconf 81' lang='lat' dir='ltr'><strong>camelos</strong></span> <span class='ocrx_word' id='word_1_83' title='bbox 1076 1448 1093 1475; x_wconf 97' lang='lat'><strong>,</strong></span> <span class='ocrx_word' id='word_1_84' title='bbox 1125 1423 1227 1463; x_wconf 91' lang='lat' dir='ltr'><strong>nec</strong></span> <span class='ocrx_word' id='word_1_85' title='bbox 1258 1416 1379 1477; x_wconf 90' lang='lat' dir='ltr'><strong>post</strong></span> <span class='ocrx_word' id='word_1_86' title='bbox 1407 1407 1668 1477; x_wconf 88' lang='lat' dir='ltr'><strong>dejectam</strong></span> <span class='ocrx_word' id='word_1_87' title='bbox 1698 1408 1800 1462; x_wconf 87' lang='lat' dir='ltr'><strong>do-</strong></span> 
     </span>
    </p>
   </div>
   <div class='ocr_carea' id='block_1_13' title="bbox 213 1498 1800 1570">
    <p class='ocr_par' dir='ltr' id='par_1_13' title="bbox 213 1498 1800 1570">
     <span class='ocr_line' id='line_1_13' title="bbox 213 1498 1800 1570; baseline -0.003 -13"><span class='ocrx_word' id='word_1_88' title='bbox 213 1516 357 1557; x_wconf 89' lang='lat' dir='ltr'><strong>mum</strong></span> <span class='ocrx_word' id='word_1_89' title='bbox 383 1542 401 1566; x_wconf 94' lang='lat'><strong>,</strong></span> <span class='ocrx_word' id='word_1_90' title='bbox 430 1515 604 1570; x_wconf 86' lang='lat' dir='ltr'><strong>neque</strong></span> <span class='ocrx_word' id='word_1_91' title='bbox 648 1506 768 1568; x_wconf 89' lang='lat' dir='ltr'><strong>post</strong></span> <span class='ocrx_word' id='word_1_92' title='bbox 794 1499 1016 1554; x_wconf 87' lang='lat' dir='ltr'><strong>obrutos</strong></span> <span class='ocrx_word' id='word_1_93' title='bbox 1046 1498 1224 1564; x_wconf 78' lang='lat' dir='ltr'><strong>filios;</strong></span> <span class='ocrx_word' id='word_1_94' title='bbox 1270 1498 1365 1553; x_wconf 89' lang='lat' dir='ltr'><strong>sed</strong></span> <span class='ocrx_word' id='word_1_95' title='bbox 1398 1499 1610 1553; x_wconf 88' lang='lat' dir='ltr'><strong>interim</strong></span> <span class='ocrx_word' id='word_1_96' title='bbox 1638 1498 1800 1553; x_wconf 88' lang='lat' dir='ltr'><strong>silere</strong></span> 
     </span>
    </p>
   </div>
   <div class='ocr_carea' id='block_1_14' title="bbox 210 1591 1797 1664">
    <p class='ocr_par' dir='ltr' id='par_1_14' title="bbox 210 1591 1797 1664">
     <span class='ocr_line' id='line_1_14' title="bbox 210 1591 1797 1664; baseline -0.002 -15"><span class='ocrx_word' id='word_1_97' title='bbox 210 1604 267 1649; x_wconf 91' lang='lat' dir='ltr'><strong>et</strong></span> <span class='ocrx_word' id='word_1_98' title='bbox 306 1595 539 1664; x_wconf 85' lang='lat' dir='ltr'><strong>quietem</strong></span> <span class='ocrx_word' id='word_1_99' title='bbox 583 1606 742 1662; x_wconf 89' lang='lat' dir='ltr'><strong>agere</strong></span> <span class='ocrx_word' id='word_1_100' title='bbox 779 1593 902 1647; x_wconf 84' lang='lat' dir='ltr'><strong>sivit</strong></span> <span class='ocrx_word' id='word_1_101' title='bbox 926 1592 1182 1647; x_wconf 79' lang='lat' dir='ltr'><strong>athletam</strong></span> <span class='ocrx_word' id='word_1_102' title='bbox 1228 1591 1451 1658; x_wconf 89' lang='lat' dir='ltr'><strong>videns;</strong></span> <span class='ocrx_word' id='word_1_103' title='bbox 1485 1592 1574 1647; x_wconf 90' lang='lat' dir='ltr'><strong>ubi</strong></span> <span class='ocrx_word' id='word_1_104' title='bbox 1618 1604 1797 1646; x_wconf 90' lang='lat' dir='ltr'><strong>autem</strong></span> 
     </span>
    </p>
   </div>
   <div class='ocr_carea' id='block_1_15' title="bbox 213 1681 1797 1754">
    <p class='ocr_par' dir='ltr' id='par_1_15' title="bbox 213 1681 1797 1754">
     <span class='ocr_line' id='line_1_15' title="bbox 213 1681 1797 1754; baseline -0.003 -15"><span class='ocrx_word' id='word_1_105' title='bbox 213 1686 470 1741; x_wconf 83' lang='lat' dir='ltr'><strong>vermium</strong></span> <span class='ocrx_word' id='word_1_106' title='bbox 512 1682 632 1738; x_wconf 87' lang='lat' dir='ltr'><strong>fons</strong></span> <span class='ocrx_word' id='word_1_107' title='bbox 658 1683 953 1749; x_wconf 87' lang='lat' dir='ltr'><strong>scaturivit,</strong></span> <span class='ocrx_word' id='word_1_108' title='bbox 994 1698 1117 1738; x_wconf 90' lang='lat' dir='ltr'><strong>cum</strong></span> <span class='ocrx_word' id='word_1_109' title='bbox 1168 1692 1481 1754; x_wconf 88' lang='lat' dir='ltr'><strong>putrescens</strong></span> <span class='ocrx_word' id='word_1_110' title='bbox 1510 1682 1662 1751; x_wconf 85' lang='lat' dir='ltr'><strong>pellis</strong></span> <span class='ocrx_word' id='word_1_111' title='bbox 1693 1681 1797 1735; x_wconf 80' lang='lat' dir='ltr'><strong>dif-</strong></span> 
     </span>
    </p>
   </div>
   <div class='ocr_carea' id='block_1_16' title="bbox 211 1776 1799 1846">
    <p class='ocr_par' dir='ltr' id='par_1_16' title="bbox 211 1776 1799 1846">
     <span class='ocr_line' id='line_1_16' title="bbox 211 1776 1799 1846; baseline -0.003 -15"><span class='ocrx_word' id='word_1_112' title='bbox 211 1776 401 1833; x_wconf 81' lang='lat' dir='ltr'><strong>ﬂueret</strong></span> <span class='ocrx_word' id='word_1_113' title='bbox 423 1817 438 1842; x_wconf 89' lang='lat'><strong>,</strong></span> <span class='ocrx_word' id='word_1_114' title='bbox 470 1787 527 1831; x_wconf 89' lang='lat' dir='ltr'><strong>et</strong></span> <span class='ocrx_word' id='word_1_115' title='bbox 554 1786 889 1846; x_wconf 64' lang='lat' dir='ltr'><strong>consumpta</strong></span> <span class='ocrx_word' id='word_1_116' title='bbox 914 1790 1110 1832; x_wconf 86' lang='lat' dir='ltr'><strong>carnes</strong></span> <span class='ocrx_word' id='word_1_117' title='bbox 1131 1778 1334 1831; x_wconf 85' lang='lat' dir='ltr'><strong>saniem</strong></span> <span class='ocrx_word' id='word_1_118' title='bbox 1360 1776 1706 1842; x_wconf 90' lang='lat' dir='ltr'><strong>emitterent,</strong></span> <span class='ocrx_word' id='word_1_119' title='bbox 1736 1787 1799 1828; x_wconf 91' lang='lat' dir='ltr'><strong>ac</strong></span> 
     </span>
    </p>
   </div>
   <div class='ocr_carea' id='block_1_17' title="bbox 210 1866 1798 1939">
    <p class='ocr_par' dir='ltr' id='par_1_17' title="bbox 210 1866 1798 1939">
     <span class='ocr_line' id='line_1_17' title="bbox 210 1866 1798 1939; baseline -0.001 -18"><span class='ocrx_word' id='word_1_120' title='bbox 210 1867 571 1937; x_wconf 77' lang='lat' dir='ltr'><strong>sartaginibus</strong></span> <span class='ocrx_word' id='word_1_121' title='bbox 602 1866 1017 1938; x_wconf 80' lang='lat' dir='ltr'><strong>fornacibusque</strong></span> <span class='ocrx_word' id='word_1_122' title='bbox 1044 1877 1101 1922; x_wconf 91' lang='lat' dir='ltr'><strong>et</strong></span> <span class='ocrx_word' id='word_1_123' title='bbox 1126 1868 1316 1939; x_wconf 86' lang='lat' dir='ltr'><strong>quavis</strong></span> <span class='ocrx_word' id='word_1_124' title='bbox 1346 1869 1559 1922; x_wconf 83' lang='lat' dir='ltr'><strong>ﬂamma</strong></span> <span class='ocrx_word' id='word_1_125' title='bbox 1585 1868 1798 1939; x_wconf 76' lang='lat' dir='ltr'><strong>gravior</strong></span> 
     </span>
    </p>
   </div>
   <div class='ocr_carea' id='block_1_18' title="bbox 212 1957 1798 2031">
    <p class='ocr_par' dir='ltr' id='par_1_18' title="bbox 212 1957 1798 2031">
     <span class='ocr_line' id='line_1_18' title="bbox 212 1957 1798 2031; baseline 0 -19"><span class='ocrx_word' id='word_1_126' title='bbox 212 1960 384 2028; x_wconf 88' lang='lat' dir='ltr'><strong>ipsum</strong></span> <span class='ocrx_word' id='word_1_127' title='bbox 416 1957 611 2013; x_wconf 88' lang='lat' dir='ltr'><strong>diaboli</strong></span> <span class='ocrx_word' id='word_1_128' title='bbox 648 1974 836 2013; x_wconf 88' lang='lat' dir='ltr'><strong>manus</strong></span> <span class='ocrx_word' id='word_1_129' title='bbox 864 1968 1247 2025; x_wconf 88' lang='lat' dir='ltr'><strong>consumeret,</strong></span> <span class='ocrx_word' id='word_1_130' title='bbox 1292 1961 1482 2031; x_wconf 89' lang='lat' dir='ltr'><strong>quavis</strong></span> <span class='ocrx_word' id='word_1_131' title='bbox 1512 1959 1621 2014; x_wconf 89' lang='lat' dir='ltr'><strong>fera</strong></span> <span class='ocrx_word' id='word_1_132' title='bbox 1666 1959 1798 2015; x_wconf 73' lang='lat' dir='ltr'><strong>effe—</strong></span> 
     </span>
    </p>
   </div>
   <div class='ocr_carea' id='block_1_19' title="bbox 211 2049 1795 2119">
    <p class='ocr_par' dir='ltr' id='par_1_19' title="bbox 211 2049 1795 2119">
     <span class='ocr_line' id='line_1_19' title="bbox 211 2049 1795 2119; baseline 0 -16"><span class='ocrx_word' id='word_1_133' title='bbox 211 2051 379 2104; x_wconf 90' lang='lat' dir='ltr'><strong>ratior</strong></span> <span class='ocrx_word' id='word_1_134' title='bbox 411 2051 508 2118; x_wconf 85' lang='lat' dir='ltr'><strong>ipsi</strong></span> <span class='ocrx_word' id='word_1_135' title='bbox 554 2065 748 2119; x_wconf 88' lang='lat' dir='ltr'><strong>corpus</strong></span> <span class='ocrx_word' id='word_1_136' title='bbox 797 2049 1031 2118; x_wconf 86' lang='lat' dir='ltr'><strong>undique</strong></span> <span class='ocrx_word' id='word_1_137' title='bbox 1056 2064 1383 2104; x_wconf 85' lang='lat' dir='ltr'><strong>consumens</strong></span> <span class='ocrx_word' id='word_1_138' title='bbox 1406 2059 1461 2105; x_wconf 92' lang='lat' dir='ltr'><strong>et</strong></span> <span class='ocrx_word' id='word_1_139' title='bbox 1489 2050 1751 2104; x_wconf 87' lang='lat' dir='ltr'><strong>devorans</strong></span> <span class='ocrx_word' id='word_1_140' title='bbox 1780 2090 1795 2115; x_wconf 93' lang='lat'><strong>,</strong></span> 
     </span>
    </p>
   </div>
   <div class='ocr_carea' id='block_1_20' title="bbox 209 2141 1797 2211">
    <p class='ocr_par' dir='ltr' id='par_1_20' title="bbox 209 2141 1797 2211">
     <span class='ocr_line' id='line_1_20' title="bbox 209 2141 1797 2211; baseline -0.001 -15"><span class='ocrx_word' id='word_1_141' title='bbox 209 2158 331 2197; x_wconf 89' lang='lat' dir='ltr'><strong>cum</strong></span> <span class='ocrx_word' id='word_1_142' title='bbox 379 2144 431 2196; x_wconf 91' lang='lat' dir='ltr'><strong>in</strong></span> <span class='ocrx_word' id='word_1_143' title='bbox 461 2143 559 2196; x_wconf 88' lang='lat' dir='ltr'><strong>hac</strong></span> <span class='ocrx_word' id='word_1_144' title='bbox 583 2142 885 2196; x_wconf 82' lang='lat' dir='ltr'><strong>calamitate</strong></span> <span class='ocrx_word' id='word_1_145' title='bbox 915 2141 1143 2195; x_wconf 90' lang='lat' dir='ltr'><strong>multum</strong></span> <span class='ocrx_word' id='word_1_146' title='bbox 1174 2143 1431 2211; x_wconf 81' lang='lat' dir='ltr'><strong>temporis</strong></span> <span class='ocrx_word' id='word_1_147' title='bbox 1472 2142 1797 2210; x_wconf 91' lang='lat' dir='ltr'><strong>insumptum</strong></span> 
     </span>
    </p>
   </div>
   <div class='ocr_carea' id='block_1_21' title="bbox 212 2232 1800 2304">
    <p class='ocr_par' dir='ltr' id='par_1_21' title="bbox 212 2232 1800 2304">
     <span class='ocr_line' id='line_1_21' title="bbox 212 2232 1800 2304; baseline 0.001 -16"><span class='ocrx_word' id='word_1_148' title='bbox 212 2235 435 2295; x_wconf 80' lang='lat' dir='ltr'><strong>fuisset.</strong></span> <span class='ocrx_word' id='word_1_149' title='bbox 464 2243 592 2289; x_wconf 91' lang='lat' dir='ltr'><strong>tunc</strong></span> <span class='ocrx_word' id='word_1_150' title='bbox 624 2249 847 2289; x_wconf 83' lang='lat' dir='ltr'><strong>uxorem</strong></span> <span class='ocrx_word' id='word_1_151' title='bbox 876 2234 939 2289; x_wconf 90' lang='lat' dir='ltr'><strong>ad</strong></span> <span class='ocrx_word' id='word_1_152' title='bbox 983 2232 1131 2289; x_wconf 90' lang='lat' dir='ltr'><strong>illum</strong></span> <span class='ocrx_word' id='word_1_153' title='bbox 1164 2234 1381 2290; x_wconf 89' lang='lat' dir='ltr'><strong>adducit</strong></span> <span class='ocrx_word' id='word_1_154' title='bbox 1420 2235 1530 2304; x_wconf 82' lang='lat' dir='ltr'><strong>jam</strong></span> <span class='ocrx_word' id='word_1_155' title='bbox 1562 2236 1800 2291; x_wconf 88' lang='lat' dir='ltr'><strong>exsicca-</strong></span> 
     </span>
    </p>
   </div>
   <div class='ocr_carea' id='block_1_22' title="bbox 212 2325 1799 2382">
    <p class='ocr_par' dir='ltr' id='par_1_22' title="bbox 212 2325 1799 2382">
     <span class='ocr_line' id='line_1_22' title="bbox 212 2325 1799 2382; baseline 0.002 -3"><span class='ocrx_word' id='word_1_156' title='bbox 212 2335 321 2381; x_wconf 90' lang='lat' dir='ltr'><strong>tum</strong></span> <span class='ocrx_word' id='word_1_157' title='bbox 345 2334 399 2379; x_wconf 92' lang='lat' dir='ltr'><strong>et</strong></span> <span class='ocrx_word' id='word_1_158' title='bbox 418 2325 737 2380; x_wconf 82' lang='lat' dir='ltr'><strong>confectum.</strong></span> <span class='ocrx_word' id='word_1_159' title='bbox 764 2326 820 2380; x_wconf 91' lang='lat' dir='ltr'><strong>Si</strong></span> <span class='ocrx_word' id='word_1_160' title='bbox 850 2326 993 2381; x_wconf 84' lang='lat' dir='ltr'><strong>cnim</strong></span> <span class='ocrx_word' id='word_1_161' title='bbox 1025 2327 1177 2381; x_wconf 92' lang='lat' dir='ltr'><strong>initio</strong></span> <span class='ocrx_word' id='word_1_162' title='bbox 1198 2327 1519 2381; x_wconf 87' lang='lat' dir='ltr'><strong>calamitatis</strong></span> <span class='ocrx_word' id='word_1_163' title='bbox 1542 2328 1799 2382; x_wconf 85' lang='lat' dir='ltr'><strong>accessis-</strong></span> 
     </span>
    </p>
   </div>
   <div class='ocr_carea' id='block_1_23' title="bbox 212 2417 1801 2489">
    <p class='ocr_par' dir='ltr' id='par_1_23' title="bbox 212 2417 1801 2489">
     <span class='ocr_line' id='line_1_23' title="bbox 212 2417 1801 2489; baseline 0.002 -17"><span class='ocrx_word' id='word_1_164' title='bbox 212 2425 323 2483; x_wconf 91' lang='lat' dir='ltr'><strong>set,</strong></span> <span class='ocrx_word' id='word_1_165' title='bbox 358 2432 531 2484; x_wconf 87' lang='lat' dir='ltr'><strong>neque</strong></span> <span class='ocrx_word' id='word_1_166' title='bbox 572 2417 639 2470; x_wconf 91' lang='lat' dir='ltr'><strong>ita</strong></span> <span class='ocrx_word' id='word_1_167' title='bbox 691 2418 838 2471; x_wconf 92' lang='lat' dir='ltr'><strong>illum</strong></span> <span class='ocrx_word' id='word_1_168' title='bbox 884 2429 1199 2472; x_wconf 88' lang='lat' dir='ltr'><strong>enervatum</strong></span> <span class='ocrx_word' id='word_1_169' title='bbox 1249 2419 1576 2488; x_wconf 88' lang='lat' dir='ltr'><strong>reperisset,</strong></span> <span class='ocrx_word' id='word_1_170' title='bbox 1628 2434 1801 2489; x_wconf 86' lang='lat' dir='ltr'><strong>neque</strong></span> 
     </span>
    </p>
   </div>
   <div class='ocr_carea' id='block_1_24' title="bbox 210 2510 1799 2581">
    <p class='ocr_par' dir='ltr' id='par_1_24' title="bbox 210 2510 1799 2581">
     <span class='ocr_line' id='line_1_24' title="bbox 210 2510 1799 2581; baseline -0.001 -16"><span class='ocrx_word' id='word_1_171' title='bbox 210 2510 570 2565; x_wconf 87' lang='lat' dir='ltr'><strong>calamitatem</strong></span> <span class='ocrx_word' id='word_1_172' title='bbox 602 2510 741 2565; x_wconf 88' lang='lat' dir='ltr'><strong>adeo</strong></span> <span class='ocrx_word' id='word_1_173' title='bbox 771 2510 1033 2579; x_wconf 89' lang='lat' dir='ltr'><strong>potuisset</strong></span> <span class='ocrx_word' id='word_1_174' title='bbox 1060 2525 1386 2581; x_wconf 80' lang='lat' dir='ltr'><strong>exaggerare</strong></span> <span class='ocrx_word' id='word_1_175' title='bbox 1410 2525 1473 2565; x_wconf 91' lang='lat' dir='ltr'><strong>ac</strong></span> <span class='ocrx_word' id='word_1_176' title='bbox 1504 2512 1682 2566; x_wconf 86' lang='lat' dir='ltr'><strong>verbis</strong></span> <span class='ocrx_word' id='word_1_177' title='bbox 1705 2526 1799 2565; x_wconf 81' lang='lat' dir='ltr'><strong>ex-</strong></span> 
     </span>
    </p>
   </div>
   <div class='ocr_carea' id='block_1_25' title="bbox 211 2601 1800 2672">
    <p class='ocr_par' dir='ltr' id='par_1_25' title="bbox 211 2601 1800 2672">
     <span class='ocr_line' id='line_1_25' title="bbox 211 2601 1800 2672; baseline 0.003 -17"><span class='ocrx_word' id='word_1_178' title='bbox 211 2601 402 2656; x_wconf 82' lang='lat' dir='ltr'><strong>tollere</strong></span> <span class='ocrx_word' id='word_1_179' title='bbox 444 2617 631 2656; x_wconf 90' lang='lat' dir='ltr'><strong>:nunc</strong></span> <span class='ocrx_word' id='word_1_180' title='bbox 684 2610 862 2655; x_wconf 89' lang='lat' dir='ltr'><strong>autem</strong></span> <span class='ocrx_word' id='word_1_181' title='bbox 912 2602 1002 2655; x_wconf 89' lang='lat' dir='ltr'><strong>ubi</strong></span> <span class='ocrx_word' id='word_1_182' title='bbox 1052 2602 1185 2656; x_wconf 83' lang='lat' dir='ltr'><strong>vidit</strong></span> <span class='ocrx_word' id='word_1_183' title='bbox 1230 2604 1377 2658; x_wconf 91' lang='lat' dir='ltr'><strong>illum</strong></span> <span class='ocrx_word' id='word_1_184' title='bbox 1427 2603 1497 2657; x_wconf 91' lang='lat' dir='ltr'><strong>ob</strong></span> <span class='ocrx_word' id='word_1_185' title='bbox 1546 2605 1800 2672; x_wconf 89' lang='lat' dir='ltr'><strong>temporis</strong></span> 
     </span>
    </p>
   </div>
   <div class='ocr_carea' id='block_1_26' title="bbox 212 2692 1800 2749">
    <p class='ocr_par' dir='ltr' id='par_1_26' title="bbox 212 2692 1800 2749">
     <span class='ocr_line' id='line_1_26' title="bbox 212 2692 1800 2749; baseline 0.001 -2"><span class='ocrx_word' id='word_1_186' title='bbox 212 2692 619 2747; x_wconf 89' lang='lat' dir='ltr'><strong>diuturnitatem</strong></span> <span class='ocrx_word' id='word_1_187' title='bbox 650 2692 1022 2747; x_wconf 87' lang='lat' dir='ltr'><strong>liberationem</strong></span> <span class='ocrx_word' id='word_1_188' title='bbox 1054 2692 1207 2748; x_wconf 90' lang='lat' dir='ltr'><strong>sitire</strong></span> <span class='ocrx_word' id='word_1_189' title='bbox 1249 2694 1597 2749; x_wconf 88' lang='lat' dir='ltr'><strong>etmalorum</strong></span> <span class='ocrx_word' id='word_1_190' title='bbox 1639 2695 1800 2749; x_wconf 88' lang='lat' dir='ltr'><strong>tinem</strong></span> 
     </span>
    </p>
   </div>
   <div class='ocr_carea' id='block_1_27' title="bbox 211 2781 1802 2855">
    <p class='ocr_par' dir='ltr' id='par_1_27' title="bbox 211 2781 1802 2855">
     <span class='ocr_line' id='line_1_27' title="bbox 211 2781 1802 2855; baseline -0.001 -12"><span class='ocrx_word' id='word_1_191' title='bbox 211 2781 521 2843; x_wconf 85' lang='lat' dir='ltr'><strong>desiderare</strong></span> <span class='ocrx_word' id='word_1_192' title='bbox 538 2826 557 2855; x_wconf 92' lang='lat'><strong>,</strong></span> <span class='ocrx_word' id='word_1_193' title='bbox 584 2794 711 2841; x_wconf 88' lang='lat' dir='ltr'><strong>tunc</strong></span> <span class='ocrx_word' id='word_1_194' title='bbox 734 2785 1025 2841; x_wconf 83' lang='lat' dir='ltr'><strong>vehemens</strong></span> <span class='ocrx_word' id='word_1_195' title='bbox 1063 2785 1289 2843; x_wconf 88' lang='lat' dir='ltr'><strong>accedit.</strong></span> <span class='ocrx_word' id='word_1_196' title='bbox 1317 2785 1449 2853; x_wconf 85' lang='lat' dir='ltr'><strong>Quia</strong></span> <span class='ocrx_word' id='word_1_197' title='bbox 1476 2787 1620 2842; x_wconf 93' lang='lat' dir='ltr'><strong>enim</strong></span> <span class='ocrx_word' id='word_1_198' title='bbox 1647 2788 1802 2843; x_wconf 89' lang='lat' dir='ltr'><strong>valde</strong></span> 
     </span>
    </p>
   </div>
   <div class='ocr_carea' id='block_1_28' title="bbox 212 2877 1801 2948">
    <p class='ocr_par' dir='ltr' id='par_1_28' title="bbox 212 2877 1801 2948">
     <span class='ocr_line' id='line_1_28' title="bbox 212 2877 1801 2948; baseline 0.001 -15"><span class='ocrx_word' id='word_1_199' title='bbox 212 2877 489 2933; x_wconf 84' lang='lat' dir='ltr'><strong>confectus</strong></span> <span class='ocrx_word' id='word_1_200' title='bbox 519 2886 667 2942; x_wconf 87' lang='lat' dir='ltr'><strong>erat,</strong></span> <span class='ocrx_word' id='word_1_201' title='bbox 716 2891 889 2946; x_wconf 90' lang='lat' dir='ltr'><strong>neque</strong></span> <span class='ocrx_word' id='word_1_202' title='bbox 933 2877 1202 2946; x_wconf 85' lang='lat' dir='ltr'><strong>respirare</strong></span> <span class='ocrx_word' id='word_1_203' title='bbox 1243 2878 1382 2933; x_wconf 87' lang='lat' dir='ltr'><strong>ultra</strong></span> <span class='ocrx_word' id='word_1_204' title='bbox 1428 2880 1675 2948; x_wconf 81' lang='lat' dir='ltr'><strong>poterat,</strong></span> <span class='ocrx_word' id='word_1_205' title='bbox 1707 2878 1801 2934; x_wconf 90' lang='lat' dir='ltr'><strong>sed</strong></span> 
     </span>
    </p>
   </div>
   <div class='ocr_carea' id='block_1_29' title="bbox 213 2967 1800 3045">
    <p class='ocr_par' dir='ltr' id='par_1_29' title="bbox 213 2967 1800 3045">
     <span class='ocr_line' id='line_1_29' title="bbox 213 2967 1800 3045; baseline 0.002 -22"><span class='ocrx_word' id='word_1_206' title='bbox 213 2976 268 3023; x_wconf 91' lang='lat' dir='ltr'><strong>et</strong></span> <span class='ocrx_word' id='word_1_207' title='bbox 296 2968 433 3022; x_wconf 90' lang='lat' dir='ltr'><strong>mori</strong></span> <span class='ocrx_word' id='word_1_208' title='bbox 458 2967 727 3037; x_wconf 87' lang='lat' dir='ltr'><strong>cupiebat.</strong></span> <span class='ocrx_word' id='word_1_209' title='bbox 756 2968 879 3023; x_wconf 90' lang='lat' dir='ltr'><strong>audi</strong></span> <span class='ocrx_word' id='word_1_210' title='bbox 909 2967 1035 3038; x_wconf 90' lang='lat' dir='ltr'><strong>quid</strong></span> <span class='ocrx_word' id='word_1_211' title='bbox 1067 2969 1211 3023; x_wconf 86' lang='lat' dir='ltr'><strong>dicat</strong></span> <span class='ocrx_word' id='word_1_212' title='bbox 1231 2969 1407 3045; x_wconf 73' lang='lat' dir='ltr'><strong>:[Nam</strong></span> <span class='ocrx_word' id='word_1_213' title='bbox 1435 2971 1479 3024; x_wconf 87' lang='lat' dir='ltr'><strong>si</strong></span> <span class='ocrx_word' id='word_1_214' title='bbox 1513 2971 1643 3025; x_wconf 90' lang='lat' dir='ltr'><strong>mihi</strong></span> <span class='ocrx_word' id='word_1_215' title='bbox 1673 2986 1800 3040; x_wconf 88' lang='lat' dir='ltr'><strong>pos-</strong></span> 
     </span>
    </p>
   </div>
   <div class='ocr_carea' id='block_1_30' title="bbox 212 3059 1804 3131">
    <p class='ocr_par' dir='ltr' id='par_1_30' title="bbox 212 3059 1804 3131">
     <span class='ocr_line' id='line_1_30' title="bbox 212 3059 1804 3131; baseline 0.002 -16"><span class='ocrx_word' id='word_1_216' title='bbox 212 3074 327 3115; x_wconf 83' lang='lat' dir='ltr'><strong>sem</strong></span> <span class='ocrx_word' id='word_1_217' title='bbox 378 3074 593 3114; x_wconf 89' lang='lat' dir='ltr'><strong>manum</strong></span> <span class='ocrx_word' id='word_1_218' title='bbox 643 3059 839 3114; x_wconf 89' lang='lat' dir='ltr'><strong>inferre</strong></span> <span class='ocrx_word' id='word_1_219' title='bbox 863 3101 879 3125; x_wconf 93' lang='lat'><strong>,</strong></span> <span class='ocrx_word' id='word_1_220' title='bbox 910 3068 1005 3114; x_wconf 88' lang='lat' dir='ltr'><strong>aut</strong></span> <span class='ocrx_word' id='word_1_221' title='bbox 1043 3061 1207 3115; x_wconf 89' lang='lat' dir='ltr'><strong>alium</strong></span> <span class='ocrx_word' id='word_1_222' title='bbox 1254 3075 1479 3131; x_wconf 88' lang='lat' dir='ltr'><strong>rogare,</strong></span> <span class='ocrx_word' id='word_1_223' title='bbox 1510 3062 1671 3115; x_wconf 91' lang='lat' dir='ltr'><strong>etiam</strong></span> <span class='ocrx_word' id='word_1_224' title='bbox 1700 3060 1804 3118; x_wconf 91' lang='lat' dir='ltr'><strong>hoc</strong></span> 
     </span>
    </p>
   </div>
   <div class='ocr_carea' id='block_1_31' title="bbox 214 3146 1805 3220">
    <p class='ocr_par' dir='ltr' id='par_1_31' title="bbox 214 3146 1805 3220">
     <span class='ocr_line' id='line_1_31' title="bbox 214 3146 1805 3220; baseline 0.004 -18"><span class='ocrx_word' id='word_1_225' title='bbox 214 3148 447 3206; x_wconf 69' lang='lat' dir='ltr'><strong>timerem</strong></span> <span class='ocrx_word' id='word_1_226' title='bbox 486 3146 684 3220; x_wconf 88' lang='lat' dir='ltr'><strong>(a).]Et</strong></span> <span class='ocrx_word' id='word_1_227' title='bbox 710 3149 831 3205; x_wconf 90' lang='lat' dir='ltr'><strong>vide</strong></span> <span class='ocrx_word' id='word_1_228' title='bbox 856 3150 987 3203; x_wconf 87' lang='lat' dir='ltr'><strong>mihi</strong></span> <span class='ocrx_word' id='word_1_229' title='bbox 1033 3150 1323 3219; x_wconf 88' lang='lat' dir='ltr'><strong>nequitiam</strong></span> <span class='ocrx_word' id='word_1_230' title='bbox 1350 3151 1591 3206; x_wconf 86' lang='lat' dir='ltr'><strong>mulieris</strong></span> <span class='ocrx_word' id='word_1_231' title='bbox 1617 3192 1633 3215; x_wconf 87' lang='lat'><strong>,</strong></span> <span class='ocrx_word' id='word_1_232' title='bbox 1661 3153 1805 3209; x_wconf 91' lang='lat' dir='ltr'><strong>unde</strong></span> 
     </span>
    </p>
   </div>
   <div class='ocr_carea' id='block_1_32' title="bbox 215 3238 1799 3309">
    <p class='ocr_par' dir='ltr' id='par_1_32' title="bbox 215 3238 1799 3309">
     <span class='ocr_line' id='line_1_32' title="bbox 215 3238 1799 3309; baseline 0.002 -13"><span class='ocrx_word' id='word_1_233' title='bbox 215 3241 397 3296; x_wconf 86' lang='lat' dir='ltr'><strong>statim</strong></span> <span class='ocrx_word' id='word_1_234' title='bbox 448 3240 688 3295; x_wconf 88' lang='lat' dir='ltr'><strong>ordiatur</strong></span> <span class='ocrx_word' id='word_1_235' title='bbox 730 3257 742 3292; x_wconf 90' lang='lat'><strong>:</strong></span> <span class='ocrx_word' id='word_1_236' title='bbox 776 3254 804 3293; x_wconf 93' lang='lat' dir='ltr'><strong>a</strong></span> <span class='ocrx_word' id='word_1_237' title='bbox 849 3238 1198 3296; x_wconf 86' lang='lat' dir='ltr'><strong>diuturnitate</strong></span> <span class='ocrx_word' id='word_1_238' title='bbox 1248 3241 1541 3309; x_wconf 83' lang='lat' dir='ltr'><strong>temporis,</strong></span> <span class='ocrx_word' id='word_1_239' title='bbox 1573 3242 1799 3300; x_wconf 78' lang='lat' dir='ltr'><strong>dicens.</strong></span> 
     </span>
    </p>
   </div>
   <div class='ocr_carea' id='block_1_33' title="bbox 217 3325 1803 3402">
    <p class='ocr_par' dir='ltr' id='par_1_33' title="bbox 217 3325 1803 3402">
     <span class='ocr_line' id='line_1_33' title="bbox 217 3325 1803 3402; baseline 0.003 -18"><span class='ocrx_word' id='word_1_240' title='bbox 217 3329 492 3401; x_wconf 75' lang='lat' dir='ltr'><strong>Quousque</strong></span> <span class='ocrx_word' id='word_1_241' title='bbox 513 3330 749 3383; x_wconf 77' lang='lat' dir='ltr'><strong>tolerabis</strong></span> <span class='ocrx_word' id='word_1_242' title='bbox 774 3325 893 3399; x_wconf 81' lang='lat' dir='ltr'><strong>(Job</strong></span> <span class='ocrx_word' id='word_1_243' title='bbox 917 3329 970 3383; x_wconf 76' lang='lat'><strong>2.</strong></span> <span class='ocrx_word' id='word_1_244' title='bbox 1003 3330 1060 3401; x_wconf 88' lang='lat'><strong>9)</strong></span> <span class='ocrx_word' id='word_1_245' title='bbox 1080 3332 1100 3385; x_wconf 86' lang='lat'><strong>?</strong></span> <span class='ocrx_word' id='word_1_246' title='bbox 1120 3332 1176 3387; x_wconf 89' lang='lat' dir='ltr'><strong>Si</strong></span> <span class='ocrx_word' id='word_1_247' title='bbox 1203 3347 1431 3402; x_wconf 90' lang='lat' dir='ltr'><strong>namque</strong></span> <span class='ocrx_word' id='word_1_248' title='bbox 1455 3348 1619 3401; x_wconf 82' lang='lat' dir='ltr'><strong>saepe,</strong></span> <span class='ocrx_word' id='word_1_249' title='bbox 1642 3336 1803 3389; x_wconf 89' lang='lat' dir='ltr'><strong>etiam</strong></span> 
     </span>
    </p>
   </div>
   <div class='ocr_carea' id='block_1_34' title="bbox 214 3420 1805 3493">
    <p class='ocr_par' dir='ltr' id='par_1_34' title="bbox 214 3420 1805 3493">
     <span class='ocr_line' id='line_1_34' title="bbox 214 3420 1805 3493; baseline 0.002 -18"><span class='ocrx_word' id='word_1_250' title='bbox 214 3436 337 3475; x_wconf 87' lang='lat' dir='ltr'><strong>cum</strong></span> <span class='ocrx_word' id='word_1_251' title='bbox 359 3420 538 3491; x_wconf 71' lang='lat' dir='ltr'><strong>gravia</strong></span> <span class='ocrx_word' id='word_1_252' title='bbox 562 3436 668 3474; x_wconf 93' lang='lat' dir='ltr'><strong>non</strong></span> <span class='ocrx_word' id='word_1_253' title='bbox 699 3422 960 3476; x_wconf 85' lang='lat' dir='ltr'><strong>instarent</strong></span> <span class='ocrx_word' id='word_1_254' title='bbox 984 3424 1220 3493; x_wconf 79' lang='lat' dir='ltr'><strong>negotia,</strong></span> <span class='ocrx_word' id='word_1_255' title='bbox 1252 3424 1413 3478; x_wconf 89' lang='lat' dir='ltr'><strong>verba</strong></span> <span class='ocrx_word' id='word_1_256' title='bbox 1442 3425 1613 3479; x_wconf 91' lang='lat' dir='ltr'><strong>solum</strong></span> <span class='ocrx_word' id='word_1_257' title='bbox 1637 3424 1805 3478; x_wconf 80' lang='lat' dir='ltr'><strong>emol-</strong></span> 
     </span>
    </p>
   </div>
   <div class='ocr_carea' id='block_1_35' title="bbox 216 3512 1805 3585">
    <p class='ocr_par' dir='ltr' id='par_1_35' title="bbox 216 3512 1805 3585">
     <span class='ocr_line' id='line_1_35' title="bbox 216 3512 1805 3585; baseline 0.004 -19"><span class='ocrx_word' id='word_1_258' title='bbox 216 3512 315 3567; x_wconf 87' lang='lat' dir='ltr'><strong>lire</strong></span> <span class='ocrx_word' id='word_1_259' title='bbox 344 3521 669 3583; x_wconf 89' lang='lat' dir='ltr'><strong>potuerunt;</strong></span> <span class='ocrx_word' id='word_1_260' title='bbox 712 3513 885 3581; x_wconf 76' lang='lat' dir='ltr'><strong>cogita</strong></span> <span class='ocrx_word' id='word_1_261' title='bbox 934 3514 1061 3583; x_wconf 89' lang='lat' dir='ltr'><strong>quid</strong></span> <span class='ocrx_word' id='word_1_262' title='bbox 1106 3515 1469 3570; x_wconf 84' lang='lat' dir='ltr'><strong>verisimiliter</strong></span> <span class='ocrx_word' id='word_1_263' title='bbox 1514 3517 1627 3585; x_wconf 88' lang='lat' dir='ltr'><strong>ipse</strong></span> <span class='ocrx_word' id='word_1_264' title='bbox 1678 3525 1805 3573; x_wconf 91' lang='lat' dir='ltr'><strong>tunc</strong></span> 
     </span>
    </p>
   </div>
   <div class='ocr_carea' id='block_1_36' title="bbox 218 3602 1805 3678">
    <p class='ocr_par' dir='ltr' id='par_1_36' title="bbox 218 3602 1805 3678">
     <span class='ocr_line' id='line_1_36' title="bbox 218 3602 1805 3678; baseline 0.006 -20"><span class='ocrx_word' id='word_1_265' title='bbox 218 3606 556 3677; x_wconf 84' lang='lat' dir='ltr'><strong>patiebatur,</strong></span> <span class='ocrx_word' id='word_1_266' title='bbox 600 3621 719 3659; x_wconf 89' lang='lat' dir='ltr'><strong>cum</strong></span> <span class='ocrx_word' id='word_1_267' title='bbox 749 3614 805 3659; x_wconf 89' lang='lat' dir='ltr'><strong>et</strong></span> <span class='ocrx_word' id='word_1_268' title='bbox 846 3602 961 3660; x_wconf 68' lang='lat' dir='ltr'><strong>haec</strong></span> <span class='ocrx_word' id='word_1_269' title='bbox 1000 3606 1161 3662; x_wconf 85' lang='lat' dir='ltr'><strong>verba</strong></span> <span class='ocrx_word' id='word_1_270' title='bbox 1193 3618 1247 3661; x_wconf 90' lang='lat' dir='ltr'><strong>et</strong></span> <span class='ocrx_word' id='word_1_271' title='bbox 1277 3622 1363 3663; x_wconf 88' lang='lat' dir='ltr'><strong>res</strong></span> <span class='ocrx_word' id='word_1_272' title='bbox 1410 3609 1524 3678; x_wconf 88' lang='lat' dir='ltr'><strong>ipse</strong></span> <span class='ocrx_word' id='word_1_273' title='bbox 1562 3610 1805 3667; x_wconf 90' lang='lat' dir='ltr'><strong>dolorem</strong></span> 
     </span>
    </p>
   </div>
   <div class='ocr_carea' id='block_1_37' title="bbox 216 3695 1804 3769">
    <p class='ocr_par' dir='ltr' id='par_1_37' title="bbox 216 3695 1804 3769">
     <span class='ocr_line' id='line_1_37' title="bbox 216 3695 1804 3769; baseline 0.003 -16"><span class='ocrx_word' id='word_1_274' title='bbox 216 3698 319 3769; x_wconf 88' lang='lat' dir='ltr'><strong>ipsi</strong></span> <span class='ocrx_word' id='word_1_275' title='bbox 366 3695 645 3751; x_wconf 89' lang='lat' dir='ltr'><strong>inferrent.</strong></span> <span class='ocrx_word' id='word_1_276' title='bbox 697 3695 961 3765; x_wconf 85' lang='lat' dir='ltr'><strong>Quodque</strong></span> <span class='ocrx_word' id='word_1_277' title='bbox 992 3698 1229 3751; x_wconf 88' lang='lat' dir='ltr'><strong>omnium</strong></span> <span class='ocrx_word' id='word_1_278' title='bbox 1275 3698 1605 3754; x_wconf 85' lang='lat' dir='ltr'><strong>teterrimum</strong></span> <span class='ocrx_word' id='word_1_279' title='bbox 1650 3710 1804 3769; x_wconf 88' lang='lat' dir='ltr'><strong>erat,</strong></span> 
     </span>
    </p>
   </div>
   <div class='ocr_carea' id='block_1_38' title="bbox 215 3786 1809 3861">
    <p class='ocr_par' dir='ltr' id='par_1_38' title="bbox 215 3786 1809 3861">
     <span class='ocr_line' id='line_1_38' title="bbox 215 3786 1809 3861; baseline 0.004 -20"><span class='ocrx_word' id='word_1_280' title='bbox 215 3787 359 3859; x_wconf 88' lang='lat' dir='ltr'><strong>quod</strong></span> <span class='ocrx_word' id='word_1_281' title='bbox 383 3798 437 3843; x_wconf 91' lang='lat' dir='ltr'><strong>et</strong></span> <span class='ocrx_word' id='word_1_282' title='bbox 467 3801 601 3841; x_wconf 87' lang='lat' dir='ltr'><strong>uxor</strong></span> <span class='ocrx_word' id='word_1_283' title='bbox 628 3786 744 3857; x_wconf 86' lang='lat' dir='ltr'><strong>ejus</strong></span> <span class='ocrx_word' id='word_1_284' title='bbox 772 3786 889 3842; x_wconf 69' lang='lat' dir='ltr'><strong>hate</strong></span> <span class='ocrx_word' id='word_1_285' title='bbox 919 3787 1249 3857; x_wconf 84' lang='lat' dir='ltr'><strong>loqueretur,</strong></span> <span class='ocrx_word' id='word_1_286' title='bbox 1284 3799 1337 3844; x_wconf 91' lang='lat' dir='ltr'><strong>et</strong></span> <span class='ocrx_word' id='word_1_287' title='bbox 1365 3807 1499 3846; x_wconf 80' lang='lat' dir='ltr'><strong>uxor</strong></span> <span class='ocrx_word' id='word_1_288' title='bbox 1527 3808 1645 3861; x_wconf 71' lang='lat' dir='ltr'><strong>qua:</strong></span> <span class='ocrx_word' id='word_1_289' title='bbox 1678 3807 1809 3848; x_wconf 85' lang='lat' dir='ltr'><strong>con-</strong></span> 
     </span>
    </p>
   </div>
   <div class='ocr_carea' id='block_1_39' title="bbox 215 3878 1809 3953">
    <p class='ocr_par' dir='ltr' id='par_1_39' title="bbox 215 3878 1809 3953">
     <span class='ocr_line' id='line_1_39' title="bbox 215 3878 1809 3953; baseline 0.003 -17"><span class='ocrx_word' id='word_1_290' title='bbox 215 3880 426 3936; x_wconf 86' lang='lat' dir='ltr'><strong>ciderat</strong></span> <span class='ocrx_word' id='word_1_291' title='bbox 468 3886 525 3936; x_wconf 85' lang='lat' dir='ltr'><strong>et</strong></span> <span class='ocrx_word' id='word_1_292' title='bbox 566 3880 803 3934; x_wconf 91' lang='lat' dir='ltr'><strong>animum</strong></span> <span class='ocrx_word' id='word_1_293' title='bbox 846 3878 1250 3948; x_wconf 86' lang='lat' dir='ltr'><strong>despondebat;</strong></span> <span class='ocrx_word' id='word_1_294' title='bbox 1284 3882 1512 3953; x_wconf 88' lang='lat' dir='ltr'><strong>ideoque</strong></span> <span class='ocrx_word' id='word_1_295' title='bbox 1558 3885 1809 3941; x_wconf 88' lang='lat' dir='ltr'><strong>studebat</strong></span> 
     </span>
    </p>
   </div>
   <div class='ocr_carea' id='block_1_40' title="bbox 216 3970 1809 4042">
    <p class='ocr_par' dir='ltr' id='par_1_40' title="bbox 216 3970 1809 4042">
     <span class='ocr_line' id='line_1_40' title="bbox 216 3970 1809 4042; baseline 0.002 -13"><span class='ocrx_word' id='word_1_296' title='bbox 216 3980 275 4029; x_wconf 78' lang='lat' dir='ltr'><strong>et</strong></span> <span class='ocrx_word' id='word_1_297' title='bbox 327 3972 500 4041; x_wconf 72' lang='lat' dir='ltr'><strong>ipsum</strong></span> <span class='ocrx_word' id='word_1_298' title='bbox 548 3971 599 4024; x_wconf 93' lang='lat' dir='ltr'><strong>in</strong></span> <span class='ocrx_word' id='word_1_299' title='bbox 644 3970 1075 4040; x_wconf 86' lang='lat' dir='ltr'><strong>desperationem</strong></span> <span class='ocrx_word' id='word_1_300' title='bbox 1124 3974 1416 4042; x_wconf 84' lang='lat' dir='ltr'><strong>conjicere.</strong></span> <span class='ocrx_word' id='word_1_301' title='bbox 1451 3975 1718 4031; x_wconf 69' lang='lat' dir='ltr'><strong>(Sa-terum</strong></span> <span class='ocrx_word' id='word_1_302' title='bbox 1751 3987 1809 4032; x_wconf 91' lang='lat' dir='ltr'><strong>ut</strong></span> 
     </span>
    </p>
   </div>
   <div class='ocr_carea' id='block_1_41' title="bbox 219 4060 1809 4135">
    <p class='ocr_par' dir='ltr' id='par_1_41' title="bbox 219 4060 1809 4135">
     <span class='ocr_line' id='line_1_41' title="bbox 219 4060 1809 4135; baseline 0.003 -17"><span class='ocrx_word' id='word_1_303' title='bbox 219 4070 411 4135; x_wconf 84' lang='lat' dir='ltr'><strong>aperte</strong></span> <span class='ocrx_word' id='word_1_304' title='bbox 438 4060 714 4117; x_wconf 80' lang='lat' dir='ltr'><strong>videamus</strong></span> <span class='ocrx_word' id='word_1_305' title='bbox 735 4062 1036 4119; x_wconf 85' lang='lat' dir='ltr'><strong>machinam</strong></span> <span class='ocrx_word' id='word_1_306' title='bbox 1065 4062 1115 4117; x_wconf 92' lang='lat' dir='ltr'><strong>in</strong></span> <span class='ocrx_word' id='word_1_307' title='bbox 1149 4063 1291 4118; x_wconf 79' lang='lat' dir='ltr'><strong>hunc</strong></span> <span class='ocrx_word' id='word_1_308' title='bbox 1315 4080 1528 4123; x_wconf 87' lang='lat' dir='ltr'><strong>murum</strong></span> <span class='ocrx_word' id='word_1_309' title='bbox 1553 4067 1809 4123; x_wconf 84' lang='lat' dir='ltr'><strong>adaman-</strong></span> 
     </span>
    </p>
   </div>
   <div class='ocr_carea' id='block_1_42' title="bbox 220 4152 1807 4226">
    <p class='ocr_par' dir='ltr' id='par_1_42' title="bbox 220 4152 1807 4226">
     <span class='ocr_line' id='line_1_42' title="bbox 220 4152 1807 4226; baseline 0.003 -15"><span class='ocrx_word' id='word_1_310' title='bbox 220 4156 394 4211; x_wconf 88' lang='lat' dir='ltr'><strong>tinnm</strong></span> <span class='ocrx_word' id='word_1_311' title='bbox 426 4152 695 4209; x_wconf 82' lang='lat' dir='ltr'><strong>admotam</strong></span> <span class='ocrx_word' id='word_1_312' title='bbox 718 4196 735 4221; x_wconf 94' lang='lat'><strong>,</strong></span> <span class='ocrx_word' id='word_1_313' title='bbox 765 4156 877 4223; x_wconf 90' lang='lat' dir='ltr'><strong>ipsa</strong></span> <span class='ocrx_word' id='word_1_314' title='bbox 911 4156 1068 4211; x_wconf 82' lang='lat' dir='ltr'><strong>verba</strong></span> <span class='ocrx_word' id='word_1_315' title='bbox 1101 4156 1401 4212; x_wconf 89' lang='lat' dir='ltr'><strong>audiamus.</strong></span> <span class='ocrx_word' id='word_1_316' title='bbox 1430 4158 1690 4226; x_wconf 62' lang='lat' dir='ltr'><strong>Quanam</strong></span> <span class='ocrx_word' id='word_1_317' title='bbox 1717 4161 1807 4215; x_wconf 92' lang='lat' dir='ltr'><strong>illa</strong></span> 
     </span>
    </p>
   </div>
   <div class='ocr_carea' id='block_1_43' title="bbox 218 4245 1808 4323">
    <p class='ocr_par' dir='ltr' id='par_1_43' title="bbox 218 4245 1808 4323">
     <span class='ocr_line' id='line_1_43' title="bbox 218 4245 1808 4323; baseline 0.004 -20"><span class='ocrx_word' id='word_1_318' title='bbox 218 4247 391 4307; x_wconf 78' lang='lat' dir='ltr'><strong>sunt?</strong></span> <span class='ocrx_word' id='word_1_319' title='bbox 437 4245 709 4315; x_wconf 82' lang='lat' dir='ltr'><strong>Quousque</strong></span> <span class='ocrx_word' id='word_1_320' title='bbox 752 4246 988 4302; x_wconf 80' lang='lat' dir='ltr'><strong>tolerabis</strong></span> <span class='ocrx_word' id='word_1_321' title='bbox 1016 4248 1228 4315; x_wconf 83' lang='lat' dir='ltr'><strong>dicens,</strong></span> <span class='ocrx_word' id='word_1_322' title='bbox 1262 4250 1393 4307; x_wconf 79' lang='lat' dir='ltr'><strong>Ecce</strong></span> <span class='ocrx_word' id='word_1_323' title='bbox 1419 4254 1687 4323; x_wconf 75' lang='lat' dir='ltr'><strong>prmtolor</strong></span> <span class='ocrx_word' id='word_1_324' title='bbox 1708 4255 1808 4309; x_wconf 83' lang='lat' dir='ltr'><strong>ad-</strong></span> 
     </span>
    </p>
   </div>
   <div class='ocr_carea' id='block_1_44' title="bbox 222 4336 1808 4414">
    <p class='ocr_par' dir='ltr' id='par_1_44' title="bbox 222 4336 1808 4414">
     <span class='ocr_line' id='line_1_44' title="bbox 222 4336 1808 4414; baseline 0.006 -23"><span class='ocrx_word' id='word_1_325' title='bbox 222 4340 328 4395; x_wconf 80' lang='lat' dir='ltr'><strong>huc</strong></span> <span class='ocrx_word' id='word_1_326' title='bbox 354 4336 607 4391; x_wconf 74' lang='lat' dir='ltr'><strong>modicum</strong></span> <span class='ocrx_word' id='word_1_327' title='bbox 636 4337 877 4409; x_wconf 82' lang='lat' dir='ltr'><strong>temporis</strong></span> <span class='ocrx_word' id='word_1_328' title='bbox 916 4355 1056 4408; x_wconf 84' lang='lat' dir='ltr'><strong>spem</strong></span> <span class='ocrx_word' id='word_1_329' title='bbox 1098 4342 1279 4397; x_wconf 77' lang='lat' dir='ltr'><strong>salutis</strong></span> <span class='ocrx_word' id='word_1_330' title='bbox 1310 4344 1497 4400; x_wconf 82' lang='lat' dir='ltr'><strong>habens</strong></span> <span class='ocrx_word' id='word_1_331' title='bbox 1540 4343 1704 4414; x_wconf 83' lang='lat' dir='ltr'><strong>(Ibid.</strong></span> <span class='ocrx_word' id='word_1_332' title='bbox 1753 4348 1808 4401; x_wconf 84' lang='lat' dir='ltr'><strong>in</strong></span> 
     </span>
    </p>
   </div>
   <div class='ocr_carea' id='block_1_45' title="bbox 222 4427 1808 4507">
    <p class='ocr_par' dir='ltr' id='par_1_45' title="bbox 222 4427 1808 4507">
     <span class='ocr_line' id='line_1_45' title="bbox 222 4427 1808 4507; baseline 0.006 -23"><span class='ocrx_word' id='word_1_333' title='bbox 222 4429 462 4498; x_wconf 66' lang='lat' dir='ltr'><strong>amco)?</strong></span> <span class='ocrx_word' id='word_1_334' title='bbox 488 4427 636 4494; x_wconf 83' lang='lat' dir='ltr'><strong>Tua,</strong></span> <span class='ocrx_word' id='word_1_335' title='bbox 682 4430 886 4501; x_wconf 90' lang='lat' dir='ltr'><strong>inquit,</strong></span> <span class='ocrx_word' id='word_1_336' title='bbox 937 4430 1103 4486; x_wconf 88' lang='lat' dir='ltr'><strong>verba</strong></span> <span class='ocrx_word' id='word_1_337' title='bbox 1148 4432 1344 4489; x_wconf 77' lang='lat' dir='ltr'><strong>refellit</strong></span> <span class='ocrx_word' id='word_1_338' title='bbox 1390 4443 1635 4505; x_wconf 85' lang='lat' dir='ltr'><strong>tempus,</strong></span> <span class='ocrx_word' id='word_1_339' title='bbox 1667 4438 1808 4507; x_wconf 90' lang='lat' dir='ltr'><strong>quod</strong></span> 
     </span>
    </p>
   </div>
   <div class='ocr_carea' id='block_1_46' title="bbox 219 4518 1807 4586">
    <p class='ocr_par' dir='ltr' id='par_1_46' title="bbox 219 4518 1807 4586">
     <span class='ocr_line' id='line_1_46' title="bbox 219 4518 1807 4586; baseline 0.005 -11"><span class='ocrx_word' id='word_1_340' title='bbox 219 4518 527 4576; x_wconf 85' lang='lat' dir='ltr'><strong>diuturnius</strong></span> <span class='ocrx_word' id='word_1_341' title='bbox 565 4520 797 4586; x_wconf 89' lang='lat' dir='ltr'><strong>factum,</strong></span> <span class='ocrx_word' id='word_1_342' title='bbox 829 4520 1031 4575; x_wconf 87' lang='lat' dir='ltr'><strong>nullam</strong></span> <span class='ocrx_word' id='word_1_343' title='bbox 1064 4523 1284 4578; x_wconf 90' lang='lat' dir='ltr'><strong>exhibet</strong></span> <span class='ocrx_word' id='word_1_344' title='bbox 1309 4526 1652 4582; x_wconf 88' lang='lat' dir='ltr'><strong>solutionem.</strong></span> <span class='ocrx_word' id='word_1_345' title='bbox 1682 4527 1807 4583; x_wconf 68' lang='lat' dir='ltr'><strong>Hu-</strong></span> 
     </span>
    </p>
   </div>
   <div class='ocr_carea' id='block_1_47' title="bbox 220 4607 1807 4687">
    <p class='ocr_par' dir='ltr' id='par_1_47' title="bbox 220 4607 1807 4687">
     <span class='ocr_line' id='line_1_47' title="bbox 220 4607 1807 4687; baseline 0.005 -22"><span class='ocrx_word' id='word_1_346' title='bbox 220 4620 405 4666; x_wconf 88' lang='lat' dir='ltr'><strong>autem</strong></span> <span class='ocrx_word' id='word_1_347' title='bbox 437 4607 681 4674; x_wconf 83' lang='lat' dir='ltr'><strong>dicebat,</strong></span> <span class='ocrx_word' id='word_1_348' title='bbox 709 4626 814 4665; x_wconf 87' lang='lat' dir='ltr'><strong>non</strong></span> <span class='ocrx_word' id='word_1_349' title='bbox 864 4609 1025 4665; x_wconf 82' lang='lat' dir='ltr'><strong>modo</strong></span> <span class='ocrx_word' id='word_1_350' title='bbox 1069 4613 1120 4666; x_wconf 92' lang='lat' dir='ltr'><strong>in</strong></span> <span class='ocrx_word' id='word_1_351' title='bbox 1153 4612 1583 4685; x_wconf 88' lang='lat' dir='ltr'><strong>desperationem</strong></span> <span class='ocrx_word' id='word_1_352' title='bbox 1634 4614 1807 4687; x_wconf 84' lang='lat' dir='ltr'><strong>ipsum</strong></span> 
     </span>
    </p>
   </div>
   <div class='ocr_carea' id='block_1_48' title="bbox 222 4700 1805 4772">
    <p class='ocr_par' dir='ltr' id='par_1_48' title="bbox 222 4700 1805 4772">
     <span class='ocr_line' id='line_1_48' title="bbox 222 4700 1805 4772; baseline 0.006 -16"><span class='ocrx_word' id='word_1_353' title='bbox 222 4700 555 4771; x_wconf 83' lang='lat' dir='ltr'><strong>conjiciens.</strong></span> <span class='ocrx_word' id='word_1_354' title='bbox 603 4702 699 4757; x_wconf 89' lang='lat' dir='ltr'><strong>sed</strong></span> <span class='ocrx_word' id='word_1_355' title='bbox 729 4702 1065 4772; x_wconf 83' lang='lat' dir='ltr'><strong>exprobrans</strong></span> <span class='ocrx_word' id='word_1_356' title='bbox 1109 4706 1160 4758; x_wconf 89' lang='lat' dir='ltr'><strong>ei</strong></span> <span class='ocrx_word' id='word_1_357' title='bbox 1205 4717 1263 4760; x_wconf 87' lang='lat' dir='ltr'><strong>et</strong></span> <span class='ocrx_word' id='word_1_358' title='bbox 1305 4709 1589 4764; x_wconf 85' lang='lat' dir='ltr'><strong>traducens</strong></span> <span class='ocrx_word' id='word_1_359' title='bbox 1634 4711 1805 4765; x_wconf 90' lang='lat' dir='ltr'><strong>illum.</strong></span> 
     </span>
    </p>
   </div>
   <div class='ocr_carea' id='block_1_49' title="bbox 229 4790 1809 4867">
    <p class='ocr_par' dir='ltr' id='par_1_49' title="bbox 229 4790 1809 4867">
     <span class='ocr_line' id='line_1_49' title="bbox 229 4790 1809 4867; baseline 0.007 -21"><span class='ocrx_word' id='word_1_360' title='bbox 229 4792 442 4849; x_wconf 81' lang='lat' dir='ltr'><strong>Etenim</strong></span> <span class='ocrx_word' id='word_1_361' title='bbox 475 4790 564 4845; x_wconf 89' lang='lat' dir='ltr'><strong>ille</strong></span> <span class='ocrx_word' id='word_1_362' title='bbox 588 4792 887 4855; x_wconf 86' lang='lat' dir='ltr'><strong>molestiam</strong></span> <span class='ocrx_word' id='word_1_363' title='bbox 915 4802 1190 4850; x_wconf 88' lang='lat' dir='ltr'><strong>creantem</strong></span> <span class='ocrx_word' id='word_1_364' title='bbox 1219 4798 1387 4867; x_wconf 88' lang='lat' dir='ltr'><strong>ipsam</strong></span> <span class='ocrx_word' id='word_1_365' title='bbox 1416 4801 1725 4867; x_wconf 87' lang='lat' dir='ltr'><strong>consolans,</strong></span> <span class='ocrx_word' id='word_1_366' title='bbox 1753 4813 1809 4858; x_wconf 90' lang='lat' dir='ltr'><strong>et</strong></span> 
     </span>
    </p>
   </div>
   <div class='ocr_carea' id='block_1_50' title="bbox 219 4880 1808 4960">
    <p class='ocr_par' dir='ltr' id='par_1_50' title="bbox 219 4880 1808 4960">
     <span class='ocr_line' id='line_1_50' title="bbox 219 4880 1808 4960; baseline 0.005 -21"><span class='ocrx_word' id='word_1_367' title='bbox 219 4883 339 4954; x_wconf 82' lang='lat' dir='ltr'><strong>ejus</strong></span> <span class='ocrx_word' id='word_1_368' title='bbox 367 4880 526 4938; x_wconf 85' lang='lat' dir='ltr'><strong>verba</strong></span> <span class='ocrx_word' id='word_1_369' title='bbox 550 4880 825 4955; x_wconf 84' lang='lat' dir='ltr'><strong>depellens</strong></span> <span class='ocrx_word' id='word_1_370' title='bbox 842 4925 858 4951; x_wconf 93' lang='lat'><strong>,</strong></span> <span class='ocrx_word' id='word_1_371' title='bbox 882 4884 1009 4939; x_wconf 83' lang='lat' dir='ltr'><strong>talia</strong></span> <span class='ocrx_word' id='word_1_372' title='bbox 1036 4884 1392 4956; x_wconf 86' lang='lat' dir='ltr'><strong>loquebatur:</strong></span> <span class='ocrx_word' id='word_1_373' title='bbox 1420 4889 1684 4960; x_wconf 79' lang='lat' dir='ltr'><strong>Exspecta</strong></span> <span class='ocrx_word' id='word_1_374' title='bbox 1708 4893 1808 4948; x_wconf 85' lang='lat' dir='ltr'><strong>ad-</strong></span> 
     </span>
    </p>
   </div>
   <div class='ocr_carea' id='block_1_51' title="bbox 222 4972 1810 5056">
    <p class='ocr_par' dir='ltr' id='par_1_51' title="bbox 222 4972 1810 5056">
     <span class='ocr_line' id='line_1_51' title="bbox 222 4972 1810 5056; baseline 0.009 -31"><span class='ocrx_word' id='word_1_375' title='bbox 222 4974 332 5031; x_wconf 77' lang='lat' dir='ltr'><strong>huc</strong></span> <span class='ocrx_word' id='word_1_376' title='bbox 375 4972 674 5043; x_wconf 85' lang='lat' dir='ltr'><strong>paululum,</strong></span> <span class='ocrx_word' id='word_1_377' title='bbox 718 4986 775 5032; x_wconf 91' lang='lat' dir='ltr'><strong>et</strong></span> <span class='ocrx_word' id='word_1_378' title='bbox 820 4976 928 5033; x_wconf 90' lang='lat' dir='ltr'><strong>cito</strong></span> <span class='ocrx_word' id='word_1_379' title='bbox 954 4974 1075 5031; x_wconf 84' lang='lat' dir='ltr'><strong>fluis</strong></span> <span class='ocrx_word' id='word_1_380' title='bbox 1104 4976 1295 5033; x_wconf 90' lang='lat' dir='ltr'><strong>horum</strong></span> <span class='ocrx_word' id='word_1_381' title='bbox 1324 4982 1522 5038; x_wconf 90' lang='lat' dir='ltr'><strong>veniet.</strong></span> <span class='ocrx_word' id='word_1_382' title='bbox 1570 4983 1650 5038; x_wconf 92' lang='lat' dir='ltr'><strong>llli</strong></span> <span class='ocrx_word' id='word_1_383' title='bbox 1681 5000 1810 5056; x_wconf 88' lang='lat' dir='ltr'><strong>ergo</strong></span> 
     </span>
    </p>
   </div>
   <div class='ocr_carea' id='block_1_52' title="bbox 220 5065 1805 5145">
    <p class='ocr_par' dir='ltr' id='par_1_52' title="bbox 220 5065 1805 5145">
     <span class='ocr_line' id='line_1_52' title="bbox 220 5065 1805 5145; baseline 0.004 -21"><span class='ocrx_word' id='word_1_384' title='bbox 220 5066 559 5138; x_wconf 75' lang='lat' dir='ltr'><strong>exprobrans</strong></span> <span class='ocrx_word' id='word_1_385' title='bbox 580 5065 714 5122; x_wconf 88' lang='lat' dir='ltr'><strong>dicit</strong></span> <span class='ocrx_word' id='word_1_386' title='bbox 739 5068 855 5139; x_wconf 83' lang='lat' dir='ltr'><strong>ipsa</strong></span> <span class='ocrx_word' id='word_1_387' title='bbox 887 5086 898 5123; x_wconf 91' lang='lat'>:</span> <span class='ocrx_word' id='word_1_388' title='bbox 930 5070 1012 5123; x_wconf 74' lang='lat' dir='ltr'><strong>An</strong></span> <span class='ocrx_word' id='word_1_389' title='bbox 1040 5083 1182 5124; x_wconf 87' lang='lat' dir='ltr'><strong>nunc</strong></span> <span class='ocrx_word' id='word_1_390' title='bbox 1218 5086 1431 5142; x_wconf 88' lang='lat' dir='ltr'><strong>quoque</strong></span> <span class='ocrx_word' id='word_1_391' title='bbox 1456 5074 1689 5145; x_wconf 87' lang='lat' dir='ltr'><strong>idipsum</strong></span> <span class='ocrx_word' id='word_1_392' title='bbox 1718 5076 1805 5130; x_wconf 90' lang='lat' dir='ltr'><strong>di-</strong></span> 
     </span>
    </p>
   </div>
   <div class='ocr_carea' id='block_1_53' title="bbox 218 5156 1808 5232">
    <p class='ocr_par' dir='ltr' id='par_1_53' title="bbox 218 5156 1808 5232">
     <span class='ocr_line' id='line_1_53' title="bbox 218 5156 1808 5232; baseline 0.006 -19"><span class='ocrx_word' id='word_1_393' title='bbox 218 5156 357 5214; x_wconf 77' lang='lat' dir='ltr'><strong>ces?</strong></span> <span class='ocrx_word' id='word_1_394' title='bbox 378 5156 601 5212; x_wconf 87' lang='lat' dir='ltr'><strong>multum</strong></span> <span class='ocrx_word' id='word_1_395' title='bbox 630 5158 772 5215; x_wconf 87' lang='lat' dir='ltr'><strong>enim</strong></span> <span class='ocrx_word' id='word_1_396' title='bbox 803 5160 1059 5231; x_wconf 88' lang='lat' dir='ltr'><strong>temporis</strong></span> <span class='ocrx_word' id='word_1_397' title='bbox 1088 5160 1199 5232; x_wconf 84' lang='lat' dir='ltr'><strong>jam</strong></span> <span class='ocrx_word' id='word_1_398' title='bbox 1222 5166 1509 5232; x_wconf 59' lang='lat' dir='ltr'><strong>prateriit,</strong></span> <span class='ocrx_word' id='word_1_399' title='bbox 1534 5175 1593 5222; x_wconf 88' lang='lat' dir='ltr'><strong>et</strong></span> <span class='ocrx_word' id='word_1_400' title='bbox 1622 5167 1808 5224; x_wconf 84' lang='lat' dir='ltr'><strong>nullus</strong></span> 
     </span>
    </p>
   </div>
   <div class='ocr_carea' id='block_1_54' title="bbox 220 5247 1806 5325">
    <p class='ocr_par' dir='ltr' id='par_1_54' title="bbox 220 5247 1806 5325">
     <span class='ocr_line' id='line_1_54' title="bbox 220 5247 1806 5325; baseline 0.007 -19"><span class='ocrx_word' id='word_1_401' title='bbox 220 5251 419 5307; x_wconf 79' lang='lat' dir='ltr'><strong>horum</strong></span> <span class='ocrx_word' id='word_1_402' title='bbox 448 5247 571 5304; x_wconf 80' lang='lat' dir='ltr'><strong>linis</strong></span> <span class='ocrx_word' id='word_1_403' title='bbox 604 5248 753 5308; x_wconf 87' lang='lat' dir='ltr'><strong>visus</strong></span> <span class='ocrx_word' id='word_1_404' title='bbox 776 5264 878 5309; x_wconf 90' lang='lat' dir='ltr'><strong>est.</strong></span> <span class='ocrx_word' id='word_1_405' title='bbox 904 5253 978 5310; x_wconf 84' lang='lat' dir='ltr'><strong>Et</strong></span> <span class='ocrx_word' id='word_1_406' title='bbox 1002 5253 1122 5311; x_wconf 87' lang='lat' dir='ltr'><strong>vide</strong></span> <span class='ocrx_word' id='word_1_407' title='bbox 1144 5256 1437 5325; x_wconf 85' lang='lat' dir='ltr'><strong>nequitiam</strong></span> <span class='ocrx_word' id='word_1_408' title='bbox 1464 5278 1478 5315; x_wconf 89' lang='lat'><strong>:</strong></span> <span class='ocrx_word' id='word_1_409' title='bbox 1508 5275 1618 5316; x_wconf 89' lang='lat' dir='ltr'><strong>non</strong></span> <span class='ocrx_word' id='word_1_410' title='bbox 1644 5261 1806 5316; x_wconf 86' lang='lat' dir='ltr'><strong>boum</strong></span> 
     </span>
    </p>
   </div>
   <div class='ocr_carea' id='block_1_55' title="bbox 216 5343 1810 5417">
    <p class='ocr_par' dir='ltr' id='par_1_55' title="bbox 216 5343 1810 5417">
     <span class='ocr_line' id='line_1_55' title="bbox 216 5343 1810 5417; baseline 0.008 -18"><span class='ocrx_word' id='word_1_411' title='bbox 216 5343 515 5407; x_wconf 88' lang='lat' dir='ltr'><strong>meminit,</strong></span> <span class='ocrx_word' id='word_1_412' title='bbox 569 5358 679 5398; x_wconf 91' lang='lat' dir='ltr'><strong>non</strong></span> <span class='ocrx_word' id='word_1_413' title='bbox 725 5347 948 5413; x_wconf 81' lang='lat' dir='ltr'><strong>ovium,</strong></span> <span class='ocrx_word' id='word_1_414' title='bbox 1000 5362 1110 5405; x_wconf 90' lang='lat' dir='ltr'><strong>non</strong></span> <span class='ocrx_word' id='word_1_415' title='bbox 1163 5348 1548 5417; x_wconf 79' lang='lat' dir='ltr'><strong>camelorum;</strong></span> <span class='ocrx_word' id='word_1_416' title='bbox 1606 5355 1810 5410; x_wconf 73' lang='lat' dir='ltr'><strong>sciebas</strong></span> 
     </span>
    </p>
   </div>
   <div class='ocr_carea' id='block_1_56' title="bbox 216 5434 1806 5509">
    <p class='ocr_par' dir='ltr' id='par_1_56' title="bbox 216 5434 1806 5509">
     <span class='ocr_line' id='line_1_56' title="bbox 216 5434 1806 5509; baseline 0.005 -17"><span class='ocrx_word' id='word_1_417' title='bbox 216 5435 365 5492; x_wconf 84' lang='lat' dir='ltr'><strong>enim</strong></span> <span class='ocrx_word' id='word_1_418' title='bbox 397 5434 546 5491; x_wconf 89' lang='lat' dir='ltr'><strong>illum</strong></span> <span class='ocrx_word' id='word_1_419' title='bbox 571 5448 681 5490; x_wconf 86' lang='lat' dir='ltr'><strong>non</strong></span> <span class='ocrx_word' id='word_1_420' title='bbox 710 5436 999 5496; x_wconf 81' lang='lat' dir='ltr'><strong>admodum</strong></span> <span class='ocrx_word' id='word_1_421' title='bbox 1026 5438 1174 5499; x_wconf 84' lang='lat' dir='ltr'><strong>hisee</strong></span> <span class='ocrx_word' id='word_1_422' title='bbox 1200 5438 1467 5509; x_wconf 77' lang='lat' dir='ltr'><strong>morderi;</strong></span> <span class='ocrx_word' id='word_1_423' title='bbox 1502 5443 1601 5501; x_wconf 84' lang='lat' dir='ltr'><strong>sed</strong></span> <span class='ocrx_word' id='word_1_424' title='bbox 1626 5445 1806 5501; x_wconf 84' lang='lat' dir='ltr'><strong>statim</strong></span> 
     </span>
    </p>
   </div>
   <div class='ocr_carea' id='block_1_57' title="bbox 300 5614 1813 5682">
    <p class='ocr_par' dir='ltr' id='par_1_57' title="bbox 300 5614 1813 5682">
     <span class='ocr_line' id='line_1_57' title="bbox 300 5614 1813 5682; baseline -0.001 -11"><span class='ocrx_word' id='word_1_425' title='bbox 300 5621 373 5682; x_wconf 72' lang='grc' dir='ltr'><strong>(α)</strong></span> <span class='ocrx_word' id='word_1_426' title='bbox 394 5618 560 5682; x_wconf 78' lang='lat' dir='ltr'><strong>Verba</strong></span> <span class='ocrx_word' id='word_1_427' title='bbox 578 5614 772 5682; x_wconf 79' lang='lat' dir='ltr'><strong>uncinis</strong></span> <span class='ocrx_word' id='word_1_428' title='bbox 804 5618 1002 5682; x_wconf 58' lang='lat' dir='ltr'><strong>clausa,</strong></span> <span class='ocrx_word' id='word_1_429' title='bbox 1020 5632 1133 5682; x_wconf 68' lang='lat' dir='ltr'><strong>qua</strong></span> <span class='ocrx_word' id='word_1_430' title='bbox 1154 5617 1469 5682; x_wconf 77' lang='lat' dir='ltr'><strong>desperantis</strong></span> <span class='ocrx_word' id='word_1_431' title='bbox 1496 5628 1613 5682; x_wconf 57' lang='lat' dir='ltr'><strong>esse</strong></span> <span class='ocrx_word' id='word_1_432' title='bbox 1638 5615 1813 5669; x_wconf 71' lang='lat' dir='ltr'><strong>videu~</strong></span> 
     </span>
    </p>
   </div>
   <div class='ocr_carea' id='block_1_58' title="bbox 231 5676 1812 5750">
    <p class='ocr_par' dir='ltr' id='par_1_58' title="bbox 231 5676 1812 5750">
     <span class='ocr_line' id='line_1_58' title="bbox 231 5676 1812 5750; baseline -0.004 -19"><span class='ocrx_word' id='word_1_433' title='bbox 231 5676 338 5743; x_wconf 73' lang='lat' dir='ltr'><strong>tur,</strong></span> <span class='ocrx_word' id='word_1_434' title='bbox 357 5676 693 5750; x_wconf 50' lang='lat' dir='ltr'><strong>&quot;inhodiemis</strong></span> <span class='ocrx_word' id='word_1_435' title='bbox 710 5676 1089 5750; x_wconf 63' lang='lat' dir='ltr'><strong>exemplaribus</strong></span> <span class='ocrx_word' id='word_1_436' title='bbox 1106 5693 1207 5730; x_wconf 84' lang='lat' dir='ltr'><strong>non</strong></span> <span class='ocrx_word' id='word_1_437' title='bbox 1230 5676 1493 5750; x_wconf 60' lang='lat' dir='ltr'><strong>habentur.</strong></span> <span class='ocrx_word' id='word_1_438' title='bbox 1506 5676 1812 5750; x_wconf 56' lang='grc' dir='ltr'><strong>ιζᾳῳυιιιμτ</strong></span> 
     </span>
    </p>
   </div>
   <div class='ocr_carea' id='block_1_59' title="bbox 231 5740 1809 5803">
    <p class='ocr_par' dir='ltr' id='par_1_59' title="bbox 231 5740 1809 5803">
     <span class='ocr_line' id='line_1_59' title="bbox 231 5740 1809 5803; baseline -0.004 -9"><span class='ocrx_word' id='word_1_439' title='bbox 231 5740 353 5794; x_wconf 69' lang='lat' dir='ltr'><strong>non</strong></span> <span class='ocrx_word' id='word_1_440' title='bbox 373 5740 472 5792; x_wconf 83' lang='lat' dir='ltr'><strong>alio</strong></span> <span class='ocrx_word' id='word_1_441' title='bbox 487 5754 635 5803; x_wconf 76' lang='lat' dir='ltr'><strong>sensu</strong></span> <span class='ocrx_word' id='word_1_442' title='bbox 659 5740 854 5791; x_wconf 78' lang='lat' dir='ltr'><strong>mitiore</strong></span> <span class='ocrx_word' id='word_1_443' title='bbox 874 5740 1111 5802; x_wconf 69' lang='lat' dir='ltr'><strong>intelligi,</strong></span> <span class='ocrx_word' id='word_1_444' title='bbox 1132 5752 1337 5803; x_wconf 71' lang='lat' dir='ltr'><strong>nempe:</strong></span> <span class='ocrx_word' id='word_1_445' title='bbox 1355 5740 1473 5789; x_wconf 75' lang='lat' dir='ltr'><strong>Nam</strong></span> <span class='ocrx_word' id='word_1_446' title='bbox 1494 5740 1535 5803; x_wconf 65' lang='lat' dir='ltr'><strong>si</strong></span> <span class='ocrx_word' id='word_1_447' title='bbox 1550 5740 1809 5803; x_wconf 76' lang='lat' dir='ltr'><strong>liceret,si</strong></span> 
     </span>
    </p>
   </div>
   <div class='ocr_carea' id='block_1_60' title="bbox 232 5797 1807 5868">
    <p class='ocr_par' dir='ltr' id='par_1_60' title="bbox 232 5797 1807 5868">
     <span class='ocr_line' id='line_1_60' title="bbox 232 5797 1807 5868; baseline -0.006 -11"><span class='ocrx_word' id='word_1_448' title='bbox 232 5804 310 5856; x_wconf 80' lang='lat' dir='ltr'><strong>fas</strong></span> <span class='ocrx_word' id='word_1_449' title='bbox 332 5805 540 5867; x_wconf 54' lang='lat' dir='ltr'><strong>esset,“</strong></span> <span class='ocrx_word' id='word_1_450' title='bbox 562 5801 671 5854; x_wconf 90' lang='lat' dir='ltr'><strong>sine</strong></span> <span class='ocrx_word' id='word_1_451' title='bbox 692 5806 897 5868; x_wconf 84' lang='lat' dir='ltr'><strong>peccato</strong></span> <span class='ocrx_word' id='word_1_452' title='bbox 916 5797 1110 5863; x_wconf 70' lang='lat' dir='ltr'><strong>possem</strong></span> <span class='ocrx_word' id='word_1_453' title='bbox 1131 5797 1469 5852; x_wconf 65' lang='lat' dir='ltr'><strong>mit-{manum</strong></span> <span class='ocrx_word' id='word_1_454' title='bbox 1491 5798 1807 5862; x_wconf 78' lang='lat' dir='ltr'><strong>interre,etc.</strong></span> 
     </span>
    </p>
   </div>
   <div class='ocr_carea' id='block_1_61' title="bbox 1182 367 2457 435">
    <p class='ocr_par' dir='ltr' id='par_1_61' title="bbox 1182 367 2457 435">
     <span class='ocr_line' id='line_1_61' title="bbox 1182 367 2457 435; baseline 0.005 -6"><span class='ocrx_word' id='word_1_455' title='bbox 1182 374 1247 430; x_wconf 65' lang='grc' dir='ltr'><strong>ια</strong></span> <span class='ocrx_word' id='word_1_456' title='bbox 1289 371 1553 431; x_wconf 72' lang='lat' dir='ltr'><strong>EPISTJ</strong></span> <span class='ocrx_word' id='word_1_457' title='bbox 1614 370 1707 426; x_wconf 82' lang='lat' dir='ltr'><strong>AD</strong></span> <span class='ocrx_word' id='word_1_458' title='bbox 1743 367 1902 427; x_wconf 79' lang='lat' dir='ltr'><strong>COR.</strong></span> <span class='ocrx_word' id='word_1_459' title='bbox 1944 369 2177 429; x_wconf 75' lang='lat' dir='ltr'><strong>HOMIL.</strong></span> <span class='ocrx_word' id='word_1_460' title='bbox 2217 375 2457 435; x_wconf 76' lang='lat' dir='ltr'><strong>XXVIII.</strong></span> 
     </span>
    </p>
   </div>
   <div class='ocr_carea' id='block_1_62' title="bbox 3384 397 3494 454">
    <p class='ocr_par' dir='ltr' id='par_1_62' title="bbox 3384 397 3494 454">
     <span class='ocr_line' id='line_1_62' title="bbox 3384 397 3494 454; baseline 0.027 -3"><span class='ocrx_word' id='word_1_461' title='bbox 3384 397 3494 454; x_wconf 68' lang='lat' dir='ltr'><strong>E58</strong></span> 
     </span>
    </p>
   </div>
   <div class='ocr_carea' id='block_1_63' title="bbox 1904 486 3510 567">
    <p class='ocr_par' dir='ltr' id='par_1_63' title="bbox 1904 486 3510 567">
     <span class='ocr_line' id='line_1_63' title="bbox 1904 486 3510 567; baseline 0.014 -27"><span class='ocrx_word' id='word_1_462' title='bbox 1904 486 2049 542; x_wconf 86' lang='lat' dir='ltr'><strong>venit</strong></span> <span class='ocrx_word' id='word_1_463' title='bbox 2078 488 2143 543; x_wconf 89' lang='lat' dir='ltr'><strong>ad</strong></span> <span class='ocrx_word' id='word_1_464' title='bbox 2193 500 2473 560; x_wconf 88' lang='lat' dir='ltr'><strong>naturam,</strong></span> <span class='ocrx_word' id='word_1_465' title='bbox 2507 503 2562 550; x_wconf 90' lang='lat' dir='ltr'><strong>et</strong></span> <span class='ocrx_word' id='word_1_466' title='bbox 2601 494 2737 551; x_wconf 83' lang='lat' dir='ltr'><strong>tltios</strong></span> <span class='ocrx_word' id='word_1_467' title='bbox 2766 497 2820 552; x_wconf 92' lang='lat' dir='ltr'><strong>in</strong></span> <span class='ocrx_word' id='word_1_468' title='bbox 2865 502 3441 567; x_wconf 77' lang='lat' dir='ltr'><strong>memoriam‘revocat</strong></span> <span class='ocrx_word' id='word_1_469' title='bbox 3498 531 3510 563; x_wconf 86' lang='lat'><strong>:</strong></span> 
     </span>
    </p>
   </div>
   <div class='ocr_carea' id='block_1_64' title="bbox 1902 577 3506 666">
    <p class='ocr_par' dir='ltr' id='par_1_64' title="bbox 1902 577 3506 666">
     <span class='ocr_line' id='line_1_64' title="bbox 1902 577 3506 666; baseline 0.017 -35"><span class='ocrx_word' id='word_1_470' title='bbox 1902 577 2105 633; x_wconf 83' lang='lat' dir='ltr'><strong>viderat</strong></span> <span class='ocrx_word' id='word_1_471' title='bbox 2130 583 2273 636; x_wconf 89' lang='lat' dir='ltr'><strong>enim</strong></span> <span class='ocrx_word' id='word_1_472' title='bbox 2302 584 2473 653; x_wconf 89' lang='lat' dir='ltr'><strong>ipsum</strong></span> <span class='ocrx_word' id='word_1_473' title='bbox 2498 586 2709 643; x_wconf 88' lang='lat' dir='ltr'><strong>amissis</strong></span> <span class='ocrx_word' id='word_1_474' title='bbox 2736 587 2860 646; x_wconf 76' lang='lat' dir='ltr'><strong>aliis</strong></span> <span class='ocrx_word' id='word_1_475' title='bbox 2902 602 3107 649; x_wconf 88' lang='lat' dir='ltr'><strong>vestem</strong></span> <span class='ocrx_word' id='word_1_476' title='bbox 3152 597 3436 657; x_wconf 88' lang='lat' dir='ltr'><strong>discidisse</strong></span> <span class='ocrx_word' id='word_1_477' title='bbox 3493 644 3506 666; x_wconf 89' lang='lat'><strong>,</strong></span> 
     </span>
    </p>
   </div>
   <div class='ocr_carea' id='block_1_65' title="bbox 1903 674 3482 762">
    <p class='ocr_par' dir='ltr' id='par_1_65' title="bbox 1903 674 3482 762">
     <span class='ocr_line' id='line_1_65' title="bbox 1903 674 3482 762; baseline 0.018 -41"><span class='ocrx_word' id='word_1_478' title='bbox 1903 676 1957 722; x_wconf 88' lang='lat' dir='ltr'><strong>et</strong></span> <span class='ocrx_word' id='word_1_479' title='bbox 1981 682 2189 762; x_wconf 84' lang='lat' dir='ltr'><strong>comam</strong></span> <span class='ocrx_word' id='word_1_480' title='bbox 2219 674 2533 731; x_wconf 86' lang='lat' dir='ltr'><strong>tetendisse.</strong></span> <span class='ocrx_word' id='word_1_481' title='bbox 2564 676 2747 747; x_wconf 87' lang='lat' dir='ltr'><strong>Neque</strong></span> <span class='ocrx_word' id='word_1_482' title='bbox 2795 679 2949 747; x_wconf 90' lang='lat' dir='ltr'><strong>dixit,</strong></span> <span class='ocrx_word' id='word_1_483' title='bbox 2979 680 3100 739; x_wconf 82' lang='lat' dir='ltr'><strong>Filii</strong></span> <span class='ocrx_word' id='word_1_484' title='bbox 3139 688 3217 742; x_wconf 93' lang='lat' dir='ltr'><strong>tui</strong></span> <span class='ocrx_word' id='word_1_485' title='bbox 3238 691 3482 762; x_wconf 85' lang='lat' dir='ltr'><strong>periere,</strong></span> 
     </span>
    </p>
   </div>
   <div class='ocr_carea' id='block_1_66' title="bbox 1903 760 3485 844">
    <p class='ocr_par' dir='ltr' id='par_1_66' title="bbox 1903 760 3485 844">
     <span class='ocr_line' id='line_1_66' title="bbox 1903 760 3485 844; baseline 0.015 -30"><span class='ocrx_word' id='word_1_486' title='bbox 1903 760 1997 815; x_wconf 89' lang='lat' dir='ltr'><strong>sed</strong></span> <span class='ocrx_word' id='word_1_487' title='bbox 2030 763 2191 817; x_wconf 90' lang='lat' dir='ltr'><strong>modo</strong></span> <span class='ocrx_word' id='word_1_488' title='bbox 2229 765 2295 819; x_wconf 86' lang='lat' dir='ltr'><strong>ad</strong></span> <span class='ocrx_word' id='word_1_489' title='bbox 2325 769 2849 826; x_wconf 91' lang='lat' dir='ltr'><strong>commiserationem</strong></span> <span class='ocrx_word' id='word_1_490' title='bbox 2877 777 3172 844; x_wconf 85' lang='lat' dir='ltr'><strong>composito</strong></span> <span class='ocrx_word' id='word_1_491' title='bbox 3201 796 3214 833; x_wconf 91' lang='lat'>:</span> <span class='ocrx_word' id='word_1_492' title='bbox 3248 760 3485 838; x_wconf 76' lang='lat' dir='ltr'><strong>Deletani</strong></span> 
     </span>
    </p>
   </div>
   <div class='ocr_carea' id='block_1_67' title="bbox 1904 858 3488 937">
    <p class='ocr_par' dir='ltr' id='par_1_67' title="bbox 1904 858 3488 937">
     <span class='ocr_line' id='line_1_67' title="bbox 1904 858 3488 937; baseline 0.015 -32"><span class='ocrx_word' id='word_1_493' title='bbox 1904 862 1976 906; x_wconf 86' lang='lat' dir='ltr'><strong>est</strong></span> <span class='ocrx_word' id='word_1_494' title='bbox 2016 858 2307 911; x_wconf 85' lang='lat' dir='ltr'><strong>memoriale</strong></span> <span class='ocrx_word' id='word_1_495' title='bbox 2335 868 2477 911; x_wconf 85' lang='lat' dir='ltr'><strong>tuum</strong></span> <span class='ocrx_word' id='word_1_496' title='bbox 2506 860 2567 914; x_wconf 87' lang='lat' dir='ltr'><strong>de</strong></span> <span class='ocrx_word' id='word_1_497' title='bbox 2594 870 2729 915; x_wconf 86' lang='lat' dir='ltr'><strong>terra</strong></span> <span class='ocrx_word' id='word_1_498' title='bbox 2748 903 2763 929; x_wconf 97' lang='lat'><strong>,</strong></span> <span class='ocrx_word' id='word_1_499' title='bbox 2796 876 3020 937; x_wconf 84' lang='lat' dir='ltr'><strong>prepter</strong></span> <span class='ocrx_word' id='word_1_500' title='bbox 3048 870 3187 937; x_wconf 86' lang='lat' dir='ltr'><strong>quod</strong></span> <span class='ocrx_word' id='word_1_501' title='bbox 3218 870 3311 925; x_wconf 81' lang='lat' dir='ltr'><strong>lilii</strong></span> <span class='ocrx_word' id='word_1_502' title='bbox 3340 873 3488 929; x_wconf 84' lang='lat' dir='ltr'><strong>desi-</strong></span> 
     </span>
    </p>
   </div>
   <div class='ocr_carea' id='block_1_68' title="bbox 1903 944 3485 1023">
    <p class='ocr_par' dir='ltr' id='par_1_68' title="bbox 1903 944 3485 1023">
     <span class='ocr_line' id='line_1_68' title="bbox 1903 944 3485 1023; baseline 0.013 -25"><span class='ocrx_word' id='word_1_503' title='bbox 1903 944 2171 1000; x_wconf 87' lang='lat' dir='ltr'><strong>derabiles</strong></span> <span class='ocrx_word' id='word_1_504' title='bbox 2200 956 2343 1002; x_wconf 91' lang='lat' dir='ltr'><strong>sunt.</strong></span> <span class='ocrx_word' id='word_1_505' title='bbox 2378 948 2592 1005; x_wconf 87' lang='lat' dir='ltr'><strong>Etenim</strong></span> <span class='ocrx_word' id='word_1_506' title='bbox 2615 952 2660 1006; x_wconf 88' lang='lat' dir='ltr'><strong>si</strong></span> <span class='ocrx_word' id='word_1_507' title='bbox 2691 955 2851 1009; x_wconf 87' lang='lat' dir='ltr'><strong>etiam</strong></span> <span class='ocrx_word' id='word_1_508' title='bbox 2882 972 3022 1012; x_wconf 91' lang='lat' dir='ltr'><strong>nunc</strong></span> <span class='ocrx_word' id='word_1_509' title='bbox 3047 1002 3059 1023; x_wconf 91' lang='lat'><strong>,</strong></span> <span class='ocrx_word' id='word_1_510' title='bbox 3090 974 3211 1014; x_wconf 91' lang='lat' dir='ltr'><strong>cum</strong></span> <span class='ocrx_word' id='word_1_511' title='bbox 3240 976 3485 1018; x_wconf 85' lang='lat' dir='ltr'><strong>resurre-</strong></span> 
     </span>
    </p>
   </div>
   <div class='ocr_carea' id='block_1_69' title="bbox 1906 1038 3486 1123">
    <p class='ocr_par' dir='ltr' id='par_1_69' title="bbox 1906 1038 3486 1123">
     <span class='ocr_line' id='line_1_69' title="bbox 1906 1038 3486 1123; baseline 0.014 -34"><span class='ocrx_word' id='word_1_512' title='bbox 1906 1040 2019 1090; x_wconf 84' lang='lat' dir='ltr'><strong>etio’</strong></span> <span class='ocrx_word' id='word_1_513' title='bbox 2044 1038 2216 1093; x_wconf 90' lang='lat' dir='ltr'><strong>futura</strong></span> <span class='ocrx_word' id='word_1_514' title='bbox 2258 1042 2531 1109; x_wconf 88' lang='lat' dir='ltr'><strong>creditur,</strong></span> <span class='ocrx_word' id='word_1_515' title='bbox 2577 1045 2701 1101; x_wconf 88' lang='lat' dir='ltr'><strong>hinc</strong></span> <span class='ocrx_word' id='word_1_516' title='bbox 2754 1046 2847 1101; x_wconf 88' lang='lat' dir='ltr'><strong>lilii</strong></span> <span class='ocrx_word' id='word_1_517' title='bbox 2894 1048 3277 1109; x_wconf 87' lang='lat' dir='ltr'><strong>desiderabiles</strong></span> <span class='ocrx_word' id='word_1_518' title='bbox 3323 1066 3486 1123; x_wconf 88' lang='lat' dir='ltr'><strong>sunt,</strong></span> 
     </span>
    </p>
   </div>
   <div class='ocr_carea' id='block_1_70' title="bbox 1904 1130 3489 1213">
    <p class='ocr_par' dir='ltr' id='par_1_70' title="bbox 1904 1130 3489 1213">
     <span class='ocr_line' id='line_1_70' title="bbox 1904 1130 3489 1213; baseline 0.013 -33"><span class='ocrx_word' id='word_1_519' title='bbox 1904 1130 2047 1197; x_wconf 83' lang='lat' dir='ltr'><strong>quod</strong></span> <span class='ocrx_word' id='word_1_520' title='bbox 2106 1146 2292 1186; x_wconf 91' lang='lat' dir='ltr'><strong>eorum</strong></span> <span class='ocrx_word' id='word_1_521' title='bbox 2339 1134 2427 1203; x_wconf 91' lang='lat' dir='ltr'><strong>qni</strong></span> <span class='ocrx_word' id='word_1_522' title='bbox 2475 1135 2826 1192; x_wconf 88' lang='lat' dir='ltr'><strong>decesserunt</strong></span> <span class='ocrx_word' id='word_1_523' title='bbox 2869 1143 3183 1198; x_wconf 79' lang='lat' dir='ltr'><strong>memoriam</strong></span> <span class='ocrx_word' id='word_1_524' title='bbox 3232 1156 3489 1213; x_wconf 89' lang='lat' dir='ltr'><strong>servent,</strong></span> 
     </span>
    </p>
   </div>
   <div class='ocr_carea' id='block_1_71' title="bbox 1903 1220 3491 1292">
    <p class='ocr_par' dir='ltr' id='par_1_71' title="bbox 1903 1220 3491 1292">
     <span class='ocr_line' id='line_1_71' title="bbox 1903 1220 3491 1292; baseline 0.013 -21"><span class='ocrx_word' id='word_1_525' title='bbox 1903 1220 2073 1274; x_wconf 88' lang='lat' dir='ltr'><strong>multo</strong></span> <span class='ocrx_word' id='word_1_526' title='bbox 2102 1223 2270 1291; x_wconf 86' lang='lat' dir='ltr'><strong>magis</strong></span> <span class='ocrx_word' id='word_1_527' title='bbox 2302 1232 2446 1277; x_wconf 89' lang='lat' dir='ltr'><strong>tunc.</strong></span> <span class='ocrx_word' id='word_1_528' title='bbox 2481 1223 2607 1279; x_wconf 87' lang='lat' dir='ltr'><strong>Ideo</strong></span> <span class='ocrx_word' id='word_1_529' title='bbox 2636 1226 2761 1281; x_wconf 91' lang='lat' dir='ltr'><strong>hinc</strong></span> <span class='ocrx_word' id='word_1_530' title='bbox 2794 1230 3101 1285; x_wconf 87' lang='lat' dir='ltr'><strong>maledictio</strong></span> <span class='ocrx_word' id='word_1_531' title='bbox 3130 1234 3380 1291; x_wconf 86' lang='lat' dir='ltr'><strong>acerbior</strong></span> <span class='ocrx_word' id='word_1_532' title='bbox 3407 1233 3491 1292; x_wconf 85' lang='lat' dir='ltr'><strong>ef-</strong></span> 
     </span>
    </p>
   </div>
   <div class='ocr_carea' id='block_1_72' title="bbox 1904 1310 3495 1385">
    <p class='ocr_par' dir='ltr' id='par_1_72' title="bbox 1904 1310 3495 1385">
     <span class='ocr_line' id='line_1_72' title="bbox 1904 1310 3495 1385; baseline 0.013 -22"><span class='ocrx_word' id='word_1_533' title='bbox 1904 1310 2100 1365; x_wconf 77' lang='lat' dir='ltr'><strong>ficitur.</strong></span> <span class='ocrx_word' id='word_1_534' title='bbox 2132 1312 2313 1381; x_wconf 82' lang='lat' dir='ltr'><strong>Neque</strong></span> <span class='ocrx_word' id='word_1_535' title='bbox 2337 1317 2479 1369; x_wconf 90' lang='lat' dir='ltr'><strong>enim</strong></span> <span class='ocrx_word' id='word_1_536' title='bbox 2508 1317 2596 1385; x_wconf 90' lang='lat' dir='ltr'><strong>qui</strong></span> <span class='ocrx_word' id='word_1_537' title='bbox 2627 1317 2735 1373; x_wconf 90' lang='lat' dir='ltr'><strong>illic</strong></span> <span class='ocrx_word' id='word_1_538' title='bbox 2756 1331 3067 1375; x_wconf 84' lang='lat' dir='ltr'><strong>exsecratur</strong></span> <span class='ocrx_word' id='word_1_539' title='bbox 3092 1322 3219 1378; x_wconf 89' lang='lat' dir='ltr'><strong>dicit</strong></span> <span class='ocrx_word' id='word_1_540' title='bbox 3245 1343 3258 1377; x_wconf 90' lang='lat'>:</span> <span class='ocrx_word' id='word_1_541' title='bbox 3299 1326 3495 1384; x_wconf 87' lang='lat' dir='ltr'><strong>Exter-</strong></span> 
     </span>
    </p>
   </div>
   <div class='ocr_carea' id='block_1_73' title="bbox 1906 1403 3489 1484">
    <p class='ocr_par' dir='ltr' id='par_1_73' title="bbox 1906 1403 3489 1484">
     <span class='ocr_line' id='line_1_73' title="bbox 1906 1403 3489 1484; baseline 0.011 -28"><span class='ocrx_word' id='word_1_542' title='bbox 1906 1403 2174 1457; x_wconf 90' lang='lat' dir='ltr'><strong>minentur</strong></span> <span class='ocrx_word' id='word_1_543' title='bbox 2199 1404 2290 1458; x_wconf 84' lang='lat' dir='ltr'><strong>lilii</strong></span> <span class='ocrx_word' id='word_1_544' title='bbox 2318 1448 2331 1471; x_wconf 93' lang='lat'><strong>,</strong></span> <span class='ocrx_word' id='word_1_545' title='bbox 2361 1405 2456 1463; x_wconf 84' lang='lat' dir='ltr'><strong>sed</strong></span> <span class='ocrx_word' id='word_1_546' title='bbox 2476 1447 2491 1473; x_wconf 97' lang='lat'><strong>,</strong></span> <span class='ocrx_word' id='word_1_547' title='bbox 2524 1407 2821 1464; x_wconf 82' lang='lat' dir='ltr'><strong>Memoriule</strong></span> <span class='ocrx_word' id='word_1_548' title='bbox 2870 1412 2979 1481; x_wconf 87' lang='lat' dir='ltr'><strong>ejus</strong></span> <span class='ocrx_word' id='word_1_549' title='bbox 3008 1429 3033 1465; x_wconf 89' lang='lat' dir='ltr'><strong>e</strong></span> <span class='ocrx_word' id='word_1_550' title='bbox 3060 1422 3193 1467; x_wconf 88' lang='lat' dir='ltr'><strong>terra</strong></span> <span class='ocrx_word' id='word_1_551' title='bbox 3230 1414 3354 1484; x_wconf 81' lang='lat' dir='ltr'><strong>(Job</strong></span> <span class='ocrx_word' id='word_1_552' title='bbox 3381 1420 3447 1474; x_wconf 85' lang='lat' dir='ltr'><strong>l8</strong></span> <span class='ocrx_word' id='word_1_553' title='bbox 3475 1461 3489 1475; x_wconf 96' lang='lat'><strong>.</strong></span> 
     </span>
    </p>
   </div>
   <div class='ocr_carea' id='block_1_74' title="bbox 1906 1496 3492 1576">
    <p class='ocr_par' dir='ltr' id='par_1_74' title="bbox 1906 1496 3492 1576">
     <span class='ocr_line' id='line_1_74' title="bbox 1906 1496 3492 1576; baseline 0.009 -27"><span class='ocrx_word' id='word_1_554' title='bbox 1906 1496 1994 1563; x_wconf 85' lang='lat' dir='ltr'><strong>l7)</strong></span> <span class='ocrx_word' id='word_1_555' title='bbox 2018 1539 2031 1561; x_wconf 92' lang='lat'><strong>,</strong></span> <span class='ocrx_word' id='word_1_556' title='bbox 2067 1512 2259 1567; x_wconf 89' lang='lat' dir='ltr'><strong>nempe</strong></span> <span class='ocrx_word' id='word_1_557' title='bbox 2292 1498 2387 1552; x_wconf 84' lang='lat' dir='ltr'><strong>lilii</strong></span> <span class='ocrx_word' id='word_1_558' title='bbox 2417 1500 2489 1554; x_wconf 92' lang='lat' dir='ltr'><strong>tni</strong></span> <span class='ocrx_word' id='word_1_559' title='bbox 2518 1509 2574 1556; x_wconf 88' lang='lat' dir='ltr'><strong>et</strong></span> <span class='ocrx_word' id='word_1_560' title='bbox 2599 1501 2719 1557; x_wconf 67' lang='lat' dir='ltr'><strong>illis:</strong></span> <span class='ocrx_word' id='word_1_561' title='bbox 2752 1512 2873 1557; x_wconf 72' lang='lat' dir='ltr'><strong>tum.</strong></span> <span class='ocrx_word' id='word_1_562' title='bbox 2901 1503 3033 1558; x_wconf 88' lang='lat' dir='ltr'><strong>Cum</strong></span> <span class='ocrx_word' id='word_1_563' title='bbox 3069 1504 3292 1563; x_wconf 85' lang='lat' dir='ltr'><strong>dixisset</strong></span> <span class='ocrx_word' id='word_1_564' title='bbox 3322 1511 3492 1576; x_wconf 88' lang='lat' dir='ltr'><strong>enim,</strong></span> 
     </span>
    </p>
   </div>
   <div class='ocr_carea' id='block_1_75' title="bbox 1907 1586 3489 1666">
    <p class='ocr_par' dir='ltr' id='par_1_75' title="bbox 1907 1586 3489 1666">
     <span class='ocr_line' id='line_1_75' title="bbox 1907 1586 3489 1666; baseline 0.008 -27"><span class='ocrx_word' id='word_1_565' title='bbox 1907 1586 2206 1642; x_wconf 80' lang='lat' dir='ltr'><strong>Memoriale</strong></span> <span class='ocrx_word' id='word_1_566' title='bbox 2231 1632 2245 1654; x_wconf 96' lang='lat'><strong>,</strong></span> <span class='ocrx_word' id='word_1_567' title='bbox 2275 1601 2522 1646; x_wconf 88' lang='lat' dir='ltr'><strong>accurate</strong></span> <span class='ocrx_word' id='word_1_568' title='bbox 2547 1608 2732 1647; x_wconf 87' lang='lat' dir='ltr'><strong>rursus</strong></span> <span class='ocrx_word' id='word_1_569' title='bbox 2754 1602 3039 1666; x_wconf 86' lang='lat' dir='ltr'><strong>utrumque</strong></span> <span class='ocrx_word' id='word_1_570' title='bbox 3066 1612 3251 1653; x_wconf 79' lang='lat' dir='ltr'><strong>sexum</strong></span> <span class='ocrx_word' id='word_1_571' title='bbox 3285 1616 3489 1654; x_wconf 88' lang='lat' dir='ltr'><strong>memn-</strong></span> 
     </span>
    </p>
   </div>
   <div class='ocr_carea' id='block_1_76' title="bbox 1903 1679 3491 1755">
    <p class='ocr_par' dir='ltr' id='par_1_76' title="bbox 1903 1679 3491 1755">
     <span class='ocr_line' id='line_1_76' title="bbox 1903 1679 3491 1755; baseline 0.009 -24"><span class='ocrx_word' id='word_1_572' title='bbox 1903 1688 2023 1731; x_wconf 87' lang='lat' dir='ltr'><strong>rat:</strong></span> <span class='ocrx_word' id='word_1_573' title='bbox 2055 1679 2107 1733; x_wconf 89' lang='lat' dir='ltr'><strong>Si</strong></span> <span class='ocrx_word' id='word_1_574' title='bbox 2138 1690 2314 1734; x_wconf 85' lang='lat' dir='ltr'><strong>autem</strong></span> <span class='ocrx_word' id='word_1_575' title='bbox 2355 1682 2468 1735; x_wconf 74' lang='lat' dir='ltr'><strong>hmc</strong></span> <span class='ocrx_word' id='word_1_576' title='bbox 2488 1724 2503 1747; x_wconf 92' lang='lat'><strong>,</strong></span> <span class='ocrx_word' id='word_1_577' title='bbox 2535 1685 2742 1753; x_wconf 90' lang='lat' dir='ltr'><strong>inquit,</strong></span> <span class='ocrx_word' id='word_1_578' title='bbox 2776 1702 2882 1740; x_wconf 93' lang='lat' dir='ltr'><strong>non</strong></span> <span class='ocrx_word' id='word_1_579' title='bbox 2912 1688 3005 1741; x_wconf 88' lang='lat' dir='ltr'><strong>tibi</strong></span> <span class='ocrx_word' id='word_1_580' title='bbox 3033 1704 3176 1743; x_wconf 77' lang='lat' dir='ltr'><strong>cura:</strong></span> <span class='ocrx_word' id='word_1_581' title='bbox 3207 1702 3369 1755; x_wconf 90' lang='lat' dir='ltr'><strong>sunt,</strong></span> <span class='ocrx_word' id='word_1_582' title='bbox 3404 1709 3491 1746; x_wconf 89' lang='lat' dir='ltr'><strong>me</strong></span> 
     </span>
    </p>
   </div>
   <div class='ocr_carea' id='block_1_77' title="bbox 1903 1769 3493 1853">
    <p class='ocr_par' dir='ltr' id='par_1_77' title="bbox 1903 1769 3493 1853">
     <span class='ocr_line' id='line_1_77' title="bbox 1903 1769 3493 1853; baseline 0.009 -30"><span class='ocrx_word' id='word_1_583' title='bbox 1903 1769 2089 1823; x_wconf 81' lang='lat' dir='ltr'><strong>saltem</strong></span> <span class='ocrx_word' id='word_1_584' title='bbox 2132 1781 2381 1841; x_wconf 83' lang='lat' dir='ltr'><strong>spectes:</strong></span> <span class='ocrx_word' id='word_1_585' title='bbox 2433 1772 2579 1827; x_wconf 86' lang='lat' dir='ltr'><strong>Uteri</strong></span> <span class='ocrx_word' id='word_1_586' title='bbox 2624 1777 2719 1828; x_wconf 87' lang='lat' dir='ltr'><strong>mei</strong></span> <span class='ocrx_word' id='word_1_587' title='bbox 2762 1776 2961 1831; x_wconf 82' lang='lat' dir='ltr'><strong>dolores</strong></span> <span class='ocrx_word' id='word_1_588' title='bbox 2998 1779 3319 1852; x_wconf 73' lang='lat' dir='ltr'><strong>laboresque,</strong></span> <span class='ocrx_word' id='word_1_589' title='bbox 3366 1800 3493 1853; x_wconf 87' lang='lat' dir='ltr'><strong>quos</strong></span> 
     </span>
    </p>
   </div>
   <div class='ocr_carea' id='block_1_78' title="bbox 1905 1866 3490 1941">
    <p class='ocr_par' dir='ltr' id='par_1_78' title="bbox 1905 1866 3490 1941">
     <span class='ocr_line' id='line_1_78' title="bbox 1905 1866 3490 1941; baseline 0.009 -26"><span class='ocrx_word' id='word_1_590' title='bbox 1905 1866 2097 1934; x_wconf 83' lang='lat' dir='ltr'><strong>frustra</strong></span> <span class='ocrx_word' id='word_1_591' title='bbox 2124 1882 2233 1918; x_wconf 82' lang='lat' dir='ltr'><strong>sum</strong></span> <span class='ocrx_word' id='word_1_592' title='bbox 2263 1884 2526 1936; x_wconf 80' lang='lat' dir='ltr'><strong>perpessa.</strong></span> <span class='ocrx_word' id='word_1_593' title='bbox 2563 1868 2615 1921; x_wconf 90' lang='lat' dir='ltr'><strong>ld</strong></span> <span class='ocrx_word' id='word_1_594' title='bbox 2647 1877 2728 1922; x_wconf 89' lang='lat' dir='ltr'><strong>est</strong></span> <span class='ocrx_word' id='word_1_595' title='bbox 2755 1910 2770 1935; x_wconf 90' lang='lat'><strong>,</strong></span> <span class='ocrx_word' id='word_1_596' title='bbox 2814 1886 2931 1939; x_wconf 67' lang='lat' dir='ltr'><strong>quae</strong></span> <span class='ocrx_word' id='word_1_597' title='bbox 2976 1872 3233 1941; x_wconf 85' lang='lat' dir='ltr'><strong>majorem</strong></span> <span class='ocrx_word' id='word_1_598' title='bbox 3269 1876 3361 1928; x_wconf 92' lang='lat' dir='ltr'><strong>tuli</strong></span> <span class='ocrx_word' id='word_1_599' title='bbox 3391 1877 3490 1929; x_wconf 90' lang='lat' dir='ltr'><strong>do-</strong></span> 
     </span>
    </p>
   </div>
   <div class='ocr_carea' id='block_1_79' title="bbox 1905 1954 3487 2031">
    <p class='ocr_par' dir='ltr' id='par_1_79' title="bbox 1905 1954 3487 2031">
     <span class='ocr_line' id='line_1_79' title="bbox 1905 1954 3487 2031; baseline 0.007 -23"><span class='ocrx_word' id='word_1_600' title='bbox 1905 1954 2096 2021; x_wconf 78' lang='lat' dir='ltr'><strong>lorem,</strong></span> <span class='ocrx_word' id='word_1_601' title='bbox 2129 1956 2321 2027; x_wconf 89' lang='lat' dir='ltr'><strong>injuria</strong></span> <span class='ocrx_word' id='word_1_602' title='bbox 2355 1967 2573 2027; x_wconf 71' lang='lat' dir='ltr'><strong>promer</strong></span> <span class='ocrx_word' id='word_1_603' title='bbox 2602 1969 2651 2013; x_wconf 91' lang='lat' dir='ltr'><strong>te</strong></span> <span class='ocrx_word' id='word_1_604' title='bbox 2679 1959 2868 2015; x_wconf 80' lang='lat' dir='ltr'><strong>aﬂ&#39;ccta</strong></span> <span class='ocrx_word' id='word_1_605' title='bbox 2896 1977 3015 2016; x_wconf 90' lang='lat' dir='ltr'><strong>sum</strong></span> <span class='ocrx_word' id='word_1_606' title='bbox 3040 1980 3054 2015; x_wconf 90' lang='lat'>:</span> <span class='ocrx_word' id='word_1_607' title='bbox 3085 1962 3302 2018; x_wconf 88' lang='lat' dir='ltr'><strong>dolores</strong></span> <span class='ocrx_word' id='word_1_608' title='bbox 3328 1967 3487 2031; x_wconf 86' lang='lat' dir='ltr'><strong>subii,</strong></span> 
     </span>
    </p>
   </div>
   <div class='ocr_carea' id='block_1_80' title="bbox 1904 2046 3486 2122">
    <p class='ocr_par' dir='ltr' id='par_1_80' title="bbox 1904 2046 3486 2122">
     <span class='ocr_line' id='line_1_80' title="bbox 1904 2046 3486 2122; baseline 0.008 -24"><span class='ocrx_word' id='word_1_609' title='bbox 1904 2054 1959 2098; x_wconf 84' lang='lat' dir='ltr'><strong>et</strong></span> <span class='ocrx_word' id='word_1_610' title='bbox 1989 2046 2246 2101; x_wconf 88' lang='lat' dir='ltr'><strong>fructibus</strong></span> <span class='ocrx_word' id='word_1_611' title='bbox 2281 2062 2398 2101; x_wconf 90' lang='lat' dir='ltr'><strong>sum</strong></span> <span class='ocrx_word' id='word_1_612' title='bbox 2425 2050 2653 2119; x_wconf 86' lang='lat' dir='ltr'><strong>privata.</strong></span> <span class='ocrx_word' id='word_1_613' title='bbox 2690 2050 2754 2104; x_wconf 84' lang='lat' dir='ltr'><strong>Et</strong></span> <span class='ocrx_word' id='word_1_614' title='bbox 2782 2051 2901 2106; x_wconf 87' lang='lat' dir='ltr'><strong>vide</strong></span> <span class='ocrx_word' id='word_1_615' title='bbox 2927 2052 3195 2121; x_wconf 84' lang='lat' dir='ltr'><strong>quomodo</strong></span> <span class='ocrx_word' id='word_1_616' title='bbox 3220 2053 3486 2122; x_wconf 88' lang='lat' dir='ltr'><strong>jacturam</strong></span> 
     </span>
    </p>
   </div>
   <div class='ocr_carea' id='block_1_81' title="bbox 1904 2138 3491 2217">
    <p class='ocr_par' dir='ltr' id='par_1_81' title="bbox 1904 2138 3491 2217">
     <span class='ocr_line' id='line_1_81' title="bbox 1904 2138 3491 2217; baseline 0.009 -28"><span class='ocrx_word' id='word_1_617' title='bbox 1904 2138 2253 2204; x_wconf 83' lang='lat' dir='ltr'><strong>pecuniarum</strong></span> <span class='ocrx_word' id='word_1_618' title='bbox 2285 2156 2457 2208; x_wconf 88' lang='lat' dir='ltr'><strong>neque</strong></span> <span class='ocrx_word' id='word_1_619' title='bbox 2489 2153 2794 2208; x_wconf 90' lang='lat' dir='ltr'><strong>memoret,</strong></span> <span class='ocrx_word' id='word_1_620' title='bbox 2833 2160 3005 2213; x_wconf 91' lang='lat' dir='ltr'><strong>neque</strong></span> <span class='ocrx_word' id='word_1_621' title='bbox 3038 2154 3207 2201; x_wconf 86' lang='lat' dir='ltr'><strong>taceat</strong></span> <span class='ocrx_word' id='word_1_622' title='bbox 3232 2148 3314 2201; x_wconf 88' lang='lat' dir='ltr'><strong>vel</strong></span> <span class='ocrx_word' id='word_1_623' title='bbox 3358 2164 3491 2217; x_wconf 72' lang='lat' dir='ltr'><strong>pras-</strong></span> 
     </span>
    </p>
   </div>
   <div class='ocr_carea' id='block_1_82' title="bbox 1904 2220 3489 2307">
    <p class='ocr_par' dir='ltr' id='par_1_82' title="bbox 1904 2220 3489 2307">
     <span class='ocr_line' id='line_1_82' title="bbox 1904 2220 3489 2307; baseline 0.009 -28"><span class='ocrx_word' id='word_1_624' title='bbox 1904 2235 2199 2294; x_wconf 87' lang='lat' dir='ltr'><strong>tercurrat,</strong></span> <span class='ocrx_word' id='word_1_625' title='bbox 2230 2230 2324 2285; x_wconf 93' lang='lat' dir='ltr'><strong>sed</strong></span> <span class='ocrx_word' id='word_1_626' title='bbox 2355 2242 2411 2285; x_wconf 92' lang='lat' dir='ltr'><strong>ut</strong></span> <span class='ocrx_word' id='word_1_627' title='bbox 2438 2229 2632 2287; x_wconf 88' lang='lat' dir='ltr'><strong>licebat</strong></span> <span class='ocrx_word' id='word_1_628' title='bbox 2673 2235 2815 2289; x_wconf 90' lang='lat' dir='ltr'><strong>illam</strong></span> <span class='ocrx_word' id='word_1_629' title='bbox 2843 2237 3221 2293; x_wconf 86' lang='lat' dir='ltr'><strong>miserabiliter</strong></span> <span class='ocrx_word' id='word_1_630' title='bbox 3252 2220 3489 2307; x_wconf 76' lang='lat' dir='ltr'><strong>tangere.</strong></span> 
     </span>
    </p>
   </div>
   <div class='ocr_carea' id='block_1_83' title="bbox 1906 2318 3493 2398">
    <p class='ocr_par' dir='ltr' id='par_1_83' title="bbox 1906 2318 3493 2398">
     <span class='ocr_line' id='line_1_83' title="bbox 1906 2318 3493 2398; baseline 0.006 -27"><span class='ocrx_word' id='word_1_631' title='bbox 1906 2318 2073 2388; x_wconf 86' lang='lat' dir='ltr'><strong>ipsam</strong></span> <span class='ocrx_word' id='word_1_632' title='bbox 2106 2322 2430 2377; x_wconf 85' lang='lat' dir='ltr'><strong>subindicet.</strong></span> <span class='ocrx_word' id='word_1_633' title='bbox 2482 2322 2615 2378; x_wconf 88' lang='lat' dir='ltr'><strong>Cum</strong></span> <span class='ocrx_word' id='word_1_634' title='bbox 2647 2326 2788 2379; x_wconf 89' lang='lat' dir='ltr'><strong>enim</strong></span> <span class='ocrx_word' id='word_1_635' title='bbox 2821 2326 2987 2393; x_wconf 89' lang='lat' dir='ltr'><strong>dicit,</strong></span> <span class='ocrx_word' id='word_1_636' title='bbox 3021 2327 3088 2380; x_wconf 87' lang='lat' dir='ltr'><strong>Et</strong></span> <span class='ocrx_word' id='word_1_637' title='bbox 3118 2344 3209 2398; x_wconf 85' lang='lat' dir='ltr'><strong>ego</strong></span> <span class='ocrx_word' id='word_1_638' title='bbox 3249 2330 3493 2382; x_wconf 86' lang='lat' dir='ltr'><strong>errabun-</strong></span> 
     </span>
    </p>
   </div>
   <div class='ocr_carea' id='block_1_84' title="bbox 1907 2411 3491 2481">
    <p class='ocr_par' dir='ltr' id='par_1_84' title="bbox 1907 2411 3491 2481">
     <span class='ocr_line' id='line_1_84' title="bbox 1907 2411 3491 2481; baseline 0.006 -19"><span class='ocrx_word' id='word_1_639' title='bbox 1907 2411 1973 2462; x_wconf 89' lang='lat' dir='ltr'><strong>da</strong></span> <span class='ocrx_word' id='word_1_640' title='bbox 2024 2420 2069 2463; x_wconf 72' lang='lat' dir='ltr'><strong>et</strong></span> <span class='ocrx_word' id='word_1_641' title='bbox 2113 2427 2290 2476; x_wconf 82' lang='lat' dir='ltr'><strong>serva,</strong></span> <span class='ocrx_word' id='word_1_642' title='bbox 2336 2430 2366 2465; x_wconf 92' lang='lat' dir='ltr'><strong>a</strong></span> <span class='ocrx_word' id='word_1_643' title='bbox 2407 2414 2517 2467; x_wconf 91' lang='lat' dir='ltr'><strong>loco</strong></span> <span class='ocrx_word' id='word_1_644' title='bbox 2548 2416 2599 2467; x_wconf 83' lang='lat' dir='ltr'><strong>in</strong></span> <span class='ocrx_word' id='word_1_645' title='bbox 2631 2416 2795 2469; x_wconf 85' lang='lat' dir='ltr'><strong>locum</strong></span> <span class='ocrx_word' id='word_1_646' title='bbox 2822 2458 2835 2481; x_wconf 88' lang='lat'><strong>,</strong></span> <span class='ocrx_word' id='word_1_647' title='bbox 2872 2427 2912 2470; x_wconf 86' lang='lat' dir='ltr'><strong>et</strong></span> <span class='ocrx_word' id='word_1_648' title='bbox 2954 2435 2985 2470; x_wconf 89' lang='lat' dir='ltr'><strong>a</strong></span> <span class='ocrx_word' id='word_1_649' title='bbox 3027 2418 3257 2472; x_wconf 86' lang='lat' dir='ltr'><strong>domoin</strong></span> <span class='ocrx_word' id='word_1_650' title='bbox 3288 2420 3491 2473; x_wconf 85' lang='lat' dir='ltr'><strong>domum</strong></span> 
     </span>
    </p>
   </div>
   <div class='ocr_carea' id='block_1_85' title="bbox 1906 2502 3489 2580">
    <p class='ocr_par' dir='ltr' id='par_1_85' title="bbox 1906 2502 3489 2580">
     <span class='ocr_line' id='line_1_85' title="bbox 1906 2502 3489 2580; baseline 0.006 -26"><span class='ocrx_word' id='word_1_651' title='bbox 1906 2502 2338 2567; x_wconf 82' lang='lat' dir='ltr'><strong>circumcursans,</strong></span> <span class='ocrx_word' id='word_1_652' title='bbox 2372 2513 2425 2557; x_wconf 92' lang='lat' dir='ltr'><strong>ct</strong></span> <span class='ocrx_word' id='word_1_653' title='bbox 2466 2505 2731 2573; x_wconf 83' lang='lat' dir='ltr'><strong>jacturam</strong></span> <span class='ocrx_word' id='word_1_654' title='bbox 2778 2507 3081 2562; x_wconf 89' lang='lat' dir='ltr'><strong>subindicat</strong></span> <span class='ocrx_word' id='word_1_655' title='bbox 3108 2550 3121 2573; x_wconf 95' lang='lat'><strong>,</strong></span> <span class='ocrx_word' id='word_1_656' title='bbox 3151 2520 3201 2563; x_wconf 90' lang='lat' dir='ltr'><strong>et</strong></span> <span class='ocrx_word' id='word_1_657' title='bbox 3246 2526 3489 2580; x_wconf 82' lang='lat' dir='ltr'><strong>magnam</strong></span> 
     </span>
    </p>
   </div>
   <div class='ocr_carea' id='block_1_86' title="bbox 1906 2590 3490 2671">
    <p class='ocr_par' dir='ltr' id='par_1_86' title="bbox 1906 2590 3490 2671">
     <span class='ocr_line' id='line_1_86' title="bbox 1906 2590 3490 2671; baseline 0.006 -26"><span class='ocrx_word' id='word_1_658' title='bbox 1906 2590 2123 2646; x_wconf 84' lang='lat' dir='ltr'><strong>exhibet</strong></span> <span class='ocrx_word' id='word_1_659' title='bbox 2164 2593 2680 2649; x_wconf 88' lang='lat' dir='ltr'><strong>commiserationem</strong></span> <span class='ocrx_word' id='word_1_660' title='bbox 2713 2615 2724 2649; x_wconf 90' lang='lat'><strong>:</strong></span> <span class='ocrx_word' id='word_1_661' title='bbox 2758 2612 2879 2650; x_wconf 91' lang='lat' dir='ltr'><strong>nam</strong></span> <span class='ocrx_word' id='word_1_662' title='bbox 2912 2597 3023 2666; x_wconf 90' lang='lat' dir='ltr'><strong>ipsa</strong></span> <span class='ocrx_word' id='word_1_663' title='bbox 3074 2600 3236 2653; x_wconf 89' lang='lat' dir='ltr'><strong>verba</strong></span> <span class='ocrx_word' id='word_1_664' title='bbox 3265 2611 3490 2671; x_wconf 88' lang='lat' dir='ltr'><strong>possunt</strong></span> 
     </span>
    </p>
   </div>
   <div class='ocr_carea' id='block_1_87' title="bbox 1908 2684 3491 2761">
    <p class='ocr_par' dir='ltr' id='par_1_87' title="bbox 1908 2684 3491 2761">
     <span class='ocr_line' id='line_1_87' title="bbox 1908 2684 3491 2761; baseline 0.005 -24"><span class='ocrx_word' id='word_1_665' title='bbox 1908 2684 2265 2739; x_wconf 88' lang='lat' dir='ltr'><strong>calamitatem</strong></span> <span class='ocrx_word' id='word_1_666' title='bbox 2296 2685 2624 2756; x_wconf 79' lang='lat' dir='ltr'><strong>ampliﬁcare</strong></span> <span class='ocrx_word' id='word_1_667' title='bbox 2656 2708 2668 2743; x_wconf 86' lang='lat'><strong>:</strong></span> <span class='ocrx_word' id='word_1_668' title='bbox 2701 2689 2781 2744; x_wconf 74' lang='lat' dir='ltr'><strong>Ad</strong></span> <span class='ocrx_word' id='word_1_669' title='bbox 2814 2689 3039 2744; x_wconf 87' lang='lat' dir='ltr'><strong>aliorum</strong></span> <span class='ocrx_word' id='word_1_670' title='bbox 3060 2732 3075 2755; x_wconf 93' lang='lat'><strong>,</strong></span> <span class='ocrx_word' id='word_1_671' title='bbox 3110 2691 3323 2761; x_wconf 90' lang='lat' dir='ltr'><strong>inquit,</strong></span> <span class='ocrx_word' id='word_1_672' title='bbox 3356 2694 3491 2747; x_wconf 90' lang='lat' dir='ltr'><strong>ostia</strong></span> 
     </span>
    </p>
   </div>
   <div class='ocr_carea' id='block_1_88' title="bbox 1906 2775 3493 2848">
    <p class='ocr_par' dir='ltr' id='par_1_88' title="bbox 1906 2775 3493 2848">
     <span class='ocr_line' id='line_1_88' title="bbox 1906 2775 3493 2848; baseline 0.003 -19"><span class='ocrx_word' id='word_1_673' title='bbox 1906 2775 2085 2829; x_wconf 85' lang='lat' dir='ltr'><strong>venio.</strong></span> <span class='ocrx_word' id='word_1_674' title='bbox 2134 2776 2319 2846; x_wconf 87' lang='lat' dir='ltr'><strong>Neque</strong></span> <span class='ocrx_word' id='word_1_675' title='bbox 2348 2778 2490 2831; x_wconf 91' lang='lat' dir='ltr'><strong>enim</strong></span> <span class='ocrx_word' id='word_1_676' title='bbox 2522 2778 2697 2834; x_wconf 92' lang='lat' dir='ltr'><strong>solum</strong></span> <span class='ocrx_word' id='word_1_677' title='bbox 2732 2779 2979 2835; x_wconf 87' lang='lat' dir='ltr'><strong>mendico</strong></span> <span class='ocrx_word' id='word_1_678' title='bbox 3005 2822 3021 2848; x_wconf 92' lang='lat'><strong>,</strong></span> <span class='ocrx_word' id='word_1_679' title='bbox 3054 2779 3147 2836; x_wconf 90' lang='lat' dir='ltr'><strong>sed</strong></span> <span class='ocrx_word' id='word_1_680' title='bbox 3177 2781 3336 2835; x_wconf 87' lang='lat' dir='ltr'><strong>etiam</strong></span> <span class='ocrx_word' id='word_1_681' title='bbox 3368 2798 3493 2835; x_wconf 90' lang='lat' dir='ltr'><strong>erro</strong></span> 
     </span>
    </p>
   </div>
   <div class='ocr_carea' id='block_1_89' title="bbox 1908 2865 3493 2939">
    <p class='ocr_par' dir='ltr' id='par_1_89' title="bbox 1908 2865 3493 2939">
     <span class='ocr_line' id='line_1_89' title="bbox 1908 2865 3493 2939; baseline 0.003 -19"><span class='ocrx_word' id='word_1_682' title='bbox 1908 2873 1962 2920; x_wconf 91' lang='lat' dir='ltr'><strong>et</strong></span> <span class='ocrx_word' id='word_1_683' title='bbox 1992 2865 2303 2920; x_wconf 76' lang='lat' dir='ltr'><strong>servitutem</strong></span> <span class='ocrx_word' id='word_1_684' title='bbox 2345 2868 2512 2925; x_wconf 88' lang='lat' dir='ltr'><strong>subeo</strong></span> <span class='ocrx_word' id='word_1_685' title='bbox 2542 2884 2647 2923; x_wconf 93' lang='lat' dir='ltr'><strong>non</strong></span> <span class='ocrx_word' id='word_1_686' title='bbox 2675 2880 3038 2939; x_wconf 88' lang='lat' dir='ltr'><strong>exspectatam</strong></span> <span class='ocrx_word' id='word_1_687' title='bbox 3070 2880 3127 2927; x_wconf 89' lang='lat' dir='ltr'><strong>et</strong></span> <span class='ocrx_word' id='word_1_688' title='bbox 3156 2887 3365 2935; x_wconf 83' lang='lat' dir='ltr'><strong>novam,</strong></span> <span class='ocrx_word' id='word_1_689' title='bbox 3396 2888 3493 2925; x_wconf 86' lang='lat' dir='ltr'><strong>un-</strong></span> 
     </span>
    </p>
   </div>
   <div class='ocr_carea' id='block_1_90' title="bbox 1906 2956 3490 3034">
    <p class='ocr_par' dir='ltr' id='par_1_90' title="bbox 1906 2956 3490 3034">
     <span class='ocr_line' id='line_1_90' title="bbox 1906 2956 3490 3034; baseline 0.004 -22"><span class='ocrx_word' id='word_1_690' title='bbox 1906 2956 2065 3028; x_wconf 91' lang='lat' dir='ltr'><strong>dique</strong></span> <span class='ocrx_word' id='word_1_691' title='bbox 2094 2958 2418 3013; x_wconf 89' lang='lat' dir='ltr'><strong>circumiens</strong></span> <span class='ocrx_word' id='word_1_692' title='bbox 2444 2970 2498 3015; x_wconf 91' lang='lat' dir='ltr'><strong>et</strong></span> <span class='ocrx_word' id='word_1_693' title='bbox 2526 2962 2847 3034; x_wconf 87' lang='lat' dir='ltr'><strong>calamitatis</strong></span> <span class='ocrx_word' id='word_1_694' title='bbox 2873 2964 3021 3033; x_wconf 85' lang='lat' dir='ltr'><strong>signa</strong></span> <span class='ocrx_word' id='word_1_695' title='bbox 3065 2964 3449 3019; x_wconf 82' lang='lat' dir='ltr'><strong>circumferens</strong></span> <span class='ocrx_word' id='word_1_696' title='bbox 3474 3006 3490 3029; x_wconf 93' lang='lat'><strong>,</strong></span> 
     </span>
    </p>
   </div>
   <div class='ocr_carea' id='block_1_91' title="bbox 1908 3050 3489 3123">
    <p class='ocr_par' dir='ltr' id='par_1_91' title="bbox 1908 3050 3489 3123">
     <span class='ocr_line' id='line_1_91' title="bbox 1908 3050 3489 3123; baseline 0.003 -20"><span class='ocrx_word' id='word_1_697' title='bbox 1908 3063 2201 3119; x_wconf 86' lang='lat' dir='ltr'><strong>omnesque</strong></span> <span class='ocrx_word' id='word_1_698' title='bbox 2230 3050 2366 3103; x_wconf 89' lang='lat' dir='ltr'><strong>mala</strong></span> <span class='ocrx_word' id='word_1_699' title='bbox 2414 3066 2532 3106; x_wconf 87' lang='lat' dir='ltr'><strong>mea</strong></span> <span class='ocrx_word' id='word_1_700' title='bbox 2564 3051 2800 3118; x_wconf 87' lang='lat' dir='ltr'><strong>docens;</strong></span> <span class='ocrx_word' id='word_1_701' title='bbox 2833 3053 2976 3123; x_wconf 85' lang='lat' dir='ltr'><strong>quod</strong></span> <span class='ocrx_word' id='word_1_702' title='bbox 3016 3054 3254 3107; x_wconf 91' lang='lat' dir='ltr'><strong>omnium</strong></span> <span class='ocrx_word' id='word_1_703' title='bbox 3296 3055 3489 3109; x_wconf 85' lang='lat' dir='ltr'><strong>miscr-</strong></span> 
     </span>
    </p>
   </div>
   <div class='ocr_carea' id='block_1_92' title="bbox 1908 3143 3495 3216">
    <p class='ocr_par' dir='ltr' id='par_1_92' title="bbox 1908 3143 3495 3216">
     <span class='ocr_line' id='line_1_92' title="bbox 1908 3143 3495 3216; baseline 0.003 -20"><span class='ocrx_word' id='word_1_704' title='bbox 1908 3143 2102 3196; x_wconf 89' lang='lat' dir='ltr'><strong>rimum</strong></span> <span class='ocrx_word' id='word_1_705' title='bbox 2145 3152 2263 3209; x_wconf 90' lang='lat' dir='ltr'><strong>est,</strong></span> <span class='ocrx_word' id='word_1_706' title='bbox 2295 3143 2513 3198; x_wconf 89' lang='lat' dir='ltr'><strong>domum</strong></span> <span class='ocrx_word' id='word_1_707' title='bbox 2560 3144 2873 3215; x_wconf 81' lang='lat' dir='ltr'><strong>frequenter</strong></span> <span class='ocrx_word' id='word_1_708' title='bbox 2917 3156 3142 3201; x_wconf 90' lang='lat' dir='ltr'><strong>mutare.</strong></span> <span class='ocrx_word' id='word_1_709' title='bbox 3198 3145 3380 3216; x_wconf 86' lang='lat' dir='ltr'><strong>Neque</strong></span> <span class='ocrx_word' id='word_1_710' title='bbox 3412 3147 3495 3200; x_wconf 87' lang='lat' dir='ltr'><strong>hic</strong></span> 
     </span>
    </p>
   </div>
   <div class='ocr_carea' id='block_1_93' title="bbox 1908 3233 3493 3307">
    <p class='ocr_par' dir='ltr' id='par_1_93' title="bbox 1908 3233 3493 3307">
     <span class='ocr_line' id='line_1_93' title="bbox 1908 3233 3493 3307; baseline 0.004 -20"><span class='ocrx_word' id='word_1_711' title='bbox 1908 3233 2231 3289; x_wconf 90' lang='lat' dir='ltr'><strong>lamentandi</strong></span> <span class='ocrx_word' id='word_1_712' title='bbox 2264 3236 2420 3291; x_wconf 89' lang='lat' dir='ltr'><strong>linem</strong></span> <span class='ocrx_word' id='word_1_713' title='bbox 2470 3236 2595 3291; x_wconf 82' lang='lat' dir='ltr'><strong>fecit</strong></span> <span class='ocrx_word' id='word_1_714' title='bbox 2617 3278 2631 3302; x_wconf 90' lang='lat'><strong>,</strong></span> <span class='ocrx_word' id='word_1_715' title='bbox 2661 3238 2755 3293; x_wconf 86' lang='lat' dir='ltr'><strong>sed</strong></span> <span class='ocrx_word' id='word_1_716' title='bbox 2784 3238 3062 3307; x_wconf 73' lang='lat' dir='ltr'><strong>subiunxit</strong></span> <span class='ocrx_word' id='word_1_717' title='bbox 3098 3235 3281 3294; x_wconf 89' lang='lat' dir='ltr'><strong>dicens</strong></span> <span class='ocrx_word' id='word_1_718' title='bbox 3323 3257 3335 3290; x_wconf 93' lang='lat'><strong>:</strong></span> <span class='ocrx_word' id='word_1_719' title='bbox 3383 3238 3493 3293; x_wconf 72' lang='grc' dir='ltr'><strong>Επο</strong></span> 
     </span>
    </p>
   </div>
   <div class='ocr_carea' id='block_1_94' title="bbox 1907 3328 3495 3399">
    <p class='ocr_par' dir='ltr' id='par_1_94' title="bbox 1907 3328 3495 3399">
     <span class='ocr_line' id='line_1_94' title="bbox 1907 3328 3495 3399; baseline 0.001 -18"><span class='ocrx_word' id='word_1_720' title='bbox 1907 3334 2139 3394; x_wconf 83' lang='lat' dir='ltr'><strong>spectans</strong></span> <span class='ocrx_word' id='word_1_721' title='bbox 2167 3328 2323 3381; x_wconf 83' lang='lat' dir='ltr'><strong>solem</strong></span> <span class='ocrx_word' id='word_1_722' title='bbox 2352 3328 2557 3396; x_wconf 81' lang='lat' dir='ltr'><strong>quando</strong></span> <span class='ocrx_word' id='word_1_723' title='bbox 2598 3330 2808 3396; x_wconf 81' lang='lat' dir='ltr'><strong>occidet,</strong></span> <span class='ocrx_word' id='word_1_724' title='bbox 2835 3340 2881 3383; x_wconf 77' lang='lat' dir='ltr'><strong>et</strong></span> <span class='ocrx_word' id='word_1_725' title='bbox 2912 3331 3219 3399; x_wconf 82' lang='lat' dir='ltr'><strong>requiescam</strong></span> <span class='ocrx_word' id='word_1_726' title='bbox 3245 3348 3277 3384; x_wconf 92' lang='lat' dir='ltr'><strong>a</strong></span> <span class='ocrx_word' id='word_1_727' title='bbox 3306 3332 3495 3384; x_wconf 82' lang='lat' dir='ltr'><strong>labori-</strong></span> 
     </span>
    </p>
   </div>
   <div class='ocr_carea' id='block_1_95' title="bbox 1910 3417 3493 3492">
    <p class='ocr_par' dir='ltr' id='par_1_95' title="bbox 1910 3417 3493 3492">
     <span class='ocr_line' id='line_1_95' title="bbox 1910 3417 3493 3492; baseline 0.001 -21"><span class='ocrx_word' id='word_1_728' title='bbox 1910 3417 2001 3472; x_wconf 84' lang='lat' dir='ltr'><strong>bus</strong></span> <span class='ocrx_word' id='word_1_729' title='bbox 2027 3418 2149 3471; x_wconf 82' lang='lat' dir='ltr'><strong>meis</strong></span> <span class='ocrx_word' id='word_1_730' title='bbox 2174 3429 2221 3473; x_wconf 92' lang='lat' dir='ltr'><strong>et</strong></span> <span class='ocrx_word' id='word_1_731' title='bbox 2251 3436 2281 3471; x_wconf 90' lang='lat' dir='ltr'><strong>a</strong></span> <span class='ocrx_word' id='word_1_732' title='bbox 2308 3419 2570 3476; x_wconf 87' lang='lat' dir='ltr'><strong>doloribus</strong></span> <span class='ocrx_word' id='word_1_733' title='bbox 2611 3423 2695 3492; x_wconf 85' lang='lat' dir='ltr'><strong>qui</strong></span> <span class='ocrx_word' id='word_1_734' title='bbox 2720 3438 2797 3475; x_wconf 90' lang='lat' dir='ltr'><strong>me</strong></span> <span class='ocrx_word' id='word_1_735' title='bbox 2827 3423 3141 3476; x_wconf 80' lang='lat' dir='ltr'><strong>circumdant</strong></span> <span class='ocrx_word' id='word_1_736' title='bbox 3170 3433 3215 3478; x_wconf 86' lang='lat' dir='ltr'><strong>et</strong></span> <span class='ocrx_word' id='word_1_737' title='bbox 3252 3423 3493 3477; x_wconf 83' lang='lat' dir='ltr'><strong>detinent.</strong></span> 
     </span>
    </p>
   </div>
   <div class='ocr_carea' id='block_1_96' title="bbox 1910 3509 3495 3582">
    <p class='ocr_par' dir='ltr' id='par_1_96' title="bbox 1910 3509 3495 3582">
     <span class='ocr_line' id='line_1_96' title="bbox 1910 3509 3495 3582; baseline 0.001 -20"><span class='ocrx_word' id='word_1_738' title='bbox 1910 3509 2061 3575; x_wconf 84' lang='lat' dir='ltr'><strong>Quod</strong></span> <span class='ocrx_word' id='word_1_739' title='bbox 2091 3510 2233 3563; x_wconf 91' lang='lat' dir='ltr'><strong>enim</strong></span> <span class='ocrx_word' id='word_1_740' title='bbox 2260 3510 2383 3564; x_wconf 90' lang='lat' dir='ltr'><strong>aliis</strong></span> <span class='ocrx_word' id='word_1_741' title='bbox 2412 3526 2577 3566; x_wconf 88' lang='lat' dir='ltr'><strong>suave</strong></span> <span class='ocrx_word' id='word_1_742' title='bbox 2606 3521 2690 3567; x_wconf 87' lang='lat' dir='ltr'><strong>est</strong></span> <span class='ocrx_word' id='word_1_743' title='bbox 2715 3554 2729 3577; x_wconf 93' lang='lat'><strong>,</strong></span> <span class='ocrx_word' id='word_1_744' title='bbox 2774 3512 2986 3582; x_wconf 87' lang='lat' dir='ltr'><strong>inquit,</strong></span> <span class='ocrx_word' id='word_1_745' title='bbox 3028 3513 3238 3567; x_wconf 84' lang='lat' dir='ltr'><strong>radium</strong></span> <span class='ocrx_word' id='word_1_746' title='bbox 3269 3512 3449 3567; x_wconf 88' lang='lat' dir='ltr'><strong>videre</strong></span> <span class='ocrx_word' id='word_1_747' title='bbox 3479 3551 3495 3573; x_wconf 87' lang='lat'><strong><em>.</em></strong></span> 
     </span>
    </p>
   </div>
   <div class='ocr_carea' id='block_1_97' title="bbox 1913 3599 3497 3670">
    <p class='ocr_par' dir='ltr' id='par_1_97' title="bbox 1913 3599 3497 3670">
     <span class='ocr_line' id='line_1_97' title="bbox 1913 3599 3497 3670; baseline 0.002 -16"><span class='ocrx_word' id='word_1_748' title='bbox 1913 3599 2017 3655; x_wconf 90' lang='lat' dir='ltr'><strong>hoc</strong></span> <span class='ocrx_word' id='word_1_749' title='bbox 2044 3601 2171 3653; x_wconf 89' lang='lat' dir='ltr'><strong>mihi</strong></span> <span class='ocrx_word' id='word_1_750' title='bbox 2204 3616 2364 3670; x_wconf 87' lang='lat' dir='ltr'><strong>grave</strong></span> <span class='ocrx_word' id='word_1_751' title='bbox 2389 3619 2403 3668; x_wconf 91' lang='lat'><strong>;</strong></span> <span class='ocrx_word' id='word_1_752' title='bbox 2433 3601 2819 3658; x_wconf 87' lang='lat' dir='ltr'><strong>desiderabiles</strong></span> <span class='ocrx_word' id='word_1_753' title='bbox 2845 3612 3021 3658; x_wconf 88' lang='lat' dir='ltr'><strong>autem</strong></span> <span class='ocrx_word' id='word_1_754' title='bbox 3053 3604 3183 3658; x_wconf 89' lang='lat' dir='ltr'><strong>mihi</strong></span> <span class='ocrx_word' id='word_1_755' title='bbox 3221 3613 3365 3661; x_wconf 90' lang='lat' dir='ltr'><strong>sunt</strong></span> <span class='ocrx_word' id='word_1_756' title='bbox 3392 3618 3497 3657; x_wconf 88' lang='lat' dir='ltr'><strong>nox</strong></span> 
     </span>
    </p>
   </div>
   <div class='ocr_carea' id='block_1_98' title="bbox 1913 3692 3495 3767">
    <p class='ocr_par' dir='ltr' id='par_1_98' title="bbox 1913 3692 3495 3767">
     <span class='ocr_line' id='line_1_98' title="bbox 1913 3692 3495 3767; baseline 0.001 -20"><span class='ocrx_word' id='word_1_757' title='bbox 1913 3701 1967 3747; x_wconf 89' lang='lat' dir='ltr'><strong>et</strong></span> <span class='ocrx_word' id='word_1_758' title='bbox 1994 3693 2229 3747; x_wconf 76' lang='lat' dir='ltr'><strong>tenebra:</strong></span> <span class='ocrx_word' id='word_1_759' title='bbox 2255 3708 2270 3753; x_wconf 86' lang='lat'><strong>;</strong></span> <span class='ocrx_word' id='word_1_760' title='bbox 2312 3692 2395 3747; x_wconf 76' lang='lat' dir='ltr'><strong>lue</strong></span> <span class='ocrx_word' id='word_1_761' title='bbox 2426 3693 2555 3748; x_wconf 89' lang='lat' dir='ltr'><strong>mihi</strong></span> <span class='ocrx_word' id='word_1_762' title='bbox 2586 3710 2615 3747; x_wconf 86' lang='lat' dir='ltr'><strong>a</strong></span> <span class='ocrx_word' id='word_1_763' title='bbox 2650 3693 2941 3751; x_wconf 85' lang='lat' dir='ltr'><strong>sudoribus</strong></span> <span class='ocrx_word' id='word_1_764' title='bbox 2967 3696 3202 3767; x_wconf 89' lang='lat' dir='ltr'><strong>quietem</strong></span> <span class='ocrx_word' id='word_1_765' title='bbox 3241 3696 3457 3766; x_wconf 84' lang='lat' dir='ltr'><strong>pariunt</strong></span> <span class='ocrx_word' id='word_1_766' title='bbox 3481 3738 3495 3759; x_wconf 90' lang='lat'><strong>,</strong></span> 
     </span>
    </p>
   </div>
   <div class='ocr_carea' id='block_1_99' title="bbox 1913 3783 3501 3843">
    <p class='ocr_par' dir='ltr' id='par_1_99' title="bbox 1913 3783 3501 3843">
     <span class='ocr_line' id='line_1_99' title="bbox 1913 3783 3501 3843; baseline -0.001 -3"><span class='ocrx_word' id='word_1_767' title='bbox 1913 3784 1999 3840; x_wconf 74' lang='lat' dir='ltr'><strong>lite</strong></span> <span class='ocrx_word' id='word_1_768' title='bbox 2026 3783 2158 3839; x_wconf 93' lang='lat' dir='ltr'><strong>mihi</strong></span> <span class='ocrx_word' id='word_1_769' title='bbox 2212 3793 2337 3839; x_wconf 89' lang='lat' dir='ltr'><strong>sunt</strong></span> <span class='ocrx_word' id='word_1_770' title='bbox 2382 3785 2435 3839; x_wconf 94' lang='lat' dir='ltr'><strong>in</strong></span> <span class='ocrx_word' id='word_1_771' title='bbox 2480 3786 2633 3841; x_wconf 87' lang='lat' dir='ltr'><strong>malis</strong></span> <span class='ocrx_word' id='word_1_772' title='bbox 2664 3787 2981 3843; x_wconf 88' lang='lat' dir='ltr'><strong>consolatio.</strong></span> <span class='ocrx_word' id='word_1_773' title='bbox 3024 3788 3134 3843; x_wconf 81' lang='lat' dir='ltr'><strong>Sed</strong></span> <span class='ocrx_word' id='word_1_774' title='bbox 3178 3788 3260 3841; x_wconf 88' lang='lat' dir='ltr'><strong>dic</strong></span> <span class='ocrx_word' id='word_1_775' title='bbox 3298 3786 3501 3842; x_wconf 73' lang='lat' dir='ltr'><strong>verbum</strong></span> 
     </span>
    </p>
   </div>
   <div class='ocr_carea' id='block_1_100' title="bbox 1912 3875 2763 3940">
    <p class='ocr_par' dir='ltr' id='par_1_100' title="bbox 1912 3875 2763 3940">
     <span class='ocr_line' id='line_1_100' title="bbox 1912 3875 2763 3940; baseline 0.001 -10"><span class='ocrx_word' id='word_1_776' title='bbox 1912 3886 2090 3930; x_wconf 87' lang='lat' dir='ltr'><strong>contra</strong></span> <span class='ocrx_word' id='word_1_777' title='bbox 2126 3875 2399 3930; x_wconf 85' lang='lat' dir='ltr'><strong>Dominum</strong></span> <span class='ocrx_word' id='word_1_778' title='bbox 2422 3920 2435 3940; x_wconf 91' lang='lat'><strong>,</strong></span> <span class='ocrx_word' id='word_1_779' title='bbox 2469 3885 2516 3931; x_wconf 88' lang='lat' dir='ltr'><strong>el</strong></span> <span class='ocrx_word' id='word_1_780' title='bbox 2548 3895 2763 3933; x_wconf 81' lang='lat' dir='ltr'><strong>morere.</strong></span> 
     </span>
    </p>
   </div>
   <div class='ocr_carea' id='block_1_101' title="bbox 2007 3969 3497 4045">
    <p class='ocr_par' dir='ltr' id='par_1_101' title="bbox 2007 3969 3497 4045">
     <span class='ocr_line' id='line_1_101' title="bbox 2007 3969 3497 4045; baseline 0.002 -20"><span class='ocrx_word' id='word_1_781' title='bbox 2007 3971 2061 4025; x_wconf 84' lang='lat'><strong>5.</strong></span> <span class='ocrx_word' id='word_1_782' title='bbox 2105 3969 2347 4024; x_wconf 80' lang='lat' dir='ltr'><strong>Vidistin‘</strong></span> <span class='ocrx_word' id='word_1_783' title='bbox 2398 3972 2485 4025; x_wconf 90' lang='lat' dir='ltr'><strong>hic</strong></span> <span class='ocrx_word' id='word_1_784' title='bbox 2535 3988 2746 4042; x_wconf 88' lang='lat' dir='ltr'><strong>quoque</strong></span> <span class='ocrx_word' id='word_1_785' title='bbox 2796 3974 3126 4043; x_wconf 84' lang='lat' dir='ltr'><strong>nequitiam?</strong></span> <span class='ocrx_word' id='word_1_786' title='bbox 3182 3988 3288 4045; x_wconf 90' lang='lat' dir='ltr'><strong>quo</strong></span> <span class='ocrx_word' id='word_1_787' title='bbox 3341 3980 3497 4043; x_wconf 81' lang='lat' dir='ltr'><strong>pacto</strong></span> 
     </span>
    </p>
   </div>
   <div class='ocr_carea' id='block_1_102' title="bbox 1915 4058 3497 4135">
    <p class='ocr_par' dir='ltr' id='par_1_102' title="bbox 1915 4058 3497 4135">
     <span class='ocr_line' id='line_1_102' title="bbox 1915 4058 3497 4135; baseline 0.003 -22"><span class='ocrx_word' id='word_1_788' title='bbox 1915 4058 1967 4114; x_wconf 94' lang='lat' dir='ltr'><strong>in</strong></span> <span class='ocrx_word' id='word_1_789' title='bbox 2014 4061 2240 4114; x_wconf 90' lang='lat' dir='ltr'><strong>consilio</strong></span> <span class='ocrx_word' id='word_1_790' title='bbox 2280 4077 2379 4116; x_wconf 93' lang='lat' dir='ltr'><strong>suo</strong></span> <span class='ocrx_word' id='word_1_791' title='bbox 2425 4077 2533 4115; x_wconf 88' lang='lat' dir='ltr'><strong>non</strong></span> <span class='ocrx_word' id='word_1_792' title='bbox 2585 4064 2766 4116; x_wconf 87' lang='lat' dir='ltr'><strong>statim</strong></span> <span class='ocrx_word' id='word_1_793' title='bbox 2825 4064 3096 4119; x_wconf 84' lang='lat' dir='ltr'><strong>induxerit</strong></span> <span class='ocrx_word' id='word_1_794' title='bbox 3142 4066 3497 4135; x_wconf 88' lang='lat' dir='ltr'><strong>perniciosam</strong></span> 
     </span>
    </p>
   </div>
   <div class='ocr_carea' id='block_1_103' title="bbox 1913 4150 3500 4225">
    <p class='ocr_par' dir='ltr' id='par_1_103' title="bbox 1913 4150 3500 4225">
     <span class='ocr_line' id='line_1_103' title="bbox 1913 4150 3500 4225; baseline 0.003 -20"><span class='ocrx_word' id='word_1_795' title='bbox 1913 4150 2372 4215; x_wconf 83' lang='lat' dir='ltr'><strong>adhortationem,</strong></span> <span class='ocrx_word' id='word_1_796' title='bbox 2421 4152 2515 4208; x_wconf 88' lang='lat' dir='ltr'><strong>sed</strong></span> <span class='ocrx_word' id='word_1_797' title='bbox 2571 4168 2690 4208; x_wconf 88' lang='lat' dir='ltr'><strong>cum</strong></span> <span class='ocrx_word' id='word_1_798' title='bbox 2745 4156 2893 4225; x_wconf 90' lang='lat' dir='ltr'><strong>prius</strong></span> <span class='ocrx_word' id='word_1_799' title='bbox 2948 4154 3282 4210; x_wconf 84' lang='lat' dir='ltr'><strong>calamitates</strong></span> <span class='ocrx_word' id='word_1_800' title='bbox 3338 4155 3500 4209; x_wconf 86' lang='lat' dir='ltr'><strong>mise-</strong></span> 
     </span>
    </p>
   </div>
   <div class='ocr_carea' id='block_1_104' title="bbox 1912 4240 3500 4314">
    <p class='ocr_par' dir='ltr' id='par_1_104' title="bbox 1912 4240 3500 4314">
     <span class='ocr_line' id='line_1_104' title="bbox 1912 4240 3500 4314; baseline 0 -19"><span class='ocrx_word' id='word_1_801' title='bbox 1912 4241 2155 4297; x_wconf 87' lang='lat' dir='ltr'><strong>rabiliter</strong></span> <span class='ocrx_word' id='word_1_802' title='bbox 2220 4252 2571 4309; x_wconf 85' lang='lat' dir='ltr'><strong>enarrasset,</strong></span> <span class='ocrx_word' id='word_1_803' title='bbox 2630 4254 2682 4298; x_wconf 87' lang='lat' dir='ltr'><strong>et</strong></span> <span class='ocrx_word' id='word_1_804' title='bbox 2748 4244 3059 4314; x_wconf 73' lang='lat' dir='ltr'><strong>tragmdiam</strong></span> <span class='ocrx_word' id='word_1_805' title='bbox 3123 4240 3500 4311; x_wconf 68' lang='lat' dir='ltr'><strong>ostendisset,</strong></span> 
     </span>
    </p>
   </div>
   <div class='ocr_carea' id='block_1_105' title="bbox 1912 4332 3505 4406">
    <p class='ocr_par' dir='ltr' id='par_1_105' title="bbox 1912 4332 3505 4406">
     <span class='ocr_line' id='line_1_105' title="bbox 1912 4332 3505 4406; baseline -0.001 -19"><span class='ocrx_word' id='word_1_806' title='bbox 1912 4333 2098 4403; x_wconf 91' lang='lat' dir='ltr'><strong>paucis</strong></span> <span class='ocrx_word' id='word_1_807' title='bbox 2126 4333 2310 4388; x_wconf 86' lang='lat' dir='ltr'><strong>verbis</strong></span> <span class='ocrx_word' id='word_1_808' title='bbox 2356 4332 2788 4389; x_wconf 84' lang='lat' dir='ltr'><strong>adhortationem</strong></span> <span class='ocrx_word' id='word_1_809' title='bbox 2835 4336 3019 4406; x_wconf 88' lang='lat' dir='ltr'><strong>ponit,</strong></span> <span class='ocrx_word' id='word_1_810' title='bbox 3054 4350 3225 4404; x_wconf 91' lang='lat' dir='ltr'><strong>neque</strong></span> <span class='ocrx_word' id='word_1_811' title='bbox 3254 4333 3397 4389; x_wconf 80' lang='lat' dir='ltr'><strong>clare</strong></span> <span class='ocrx_word' id='word_1_812' title='bbox 3444 4334 3505 4387; x_wconf 90' lang='lat' dir='ltr'><strong>il-</strong></span> 
     </span>
    </p>
   </div>
   <div class='ocr_carea' id='block_1_106' title="bbox 1914 4424 3503 4495">
    <p class='ocr_par' dir='ltr' id='par_1_106' title="bbox 1914 4424 3503 4495">
     <span class='ocr_line' id='line_1_106' title="bbox 1914 4424 3503 4495; baseline 0.002 -16"><span class='ocrx_word' id='word_1_813' title='bbox 1914 4426 2016 4479; x_wconf 93' lang='lat' dir='ltr'><strong>lam</strong></span> <span class='ocrx_word' id='word_1_814' title='bbox 2046 4425 2271 4490; x_wconf 90' lang='lat' dir='ltr'><strong>indicat,</strong></span> <span class='ocrx_word' id='word_1_815' title='bbox 2304 4424 2396 4481; x_wconf 87' lang='lat' dir='ltr'><strong>sed</strong></span> <span class='ocrx_word' id='word_1_816' title='bbox 2424 4426 2768 4483; x_wconf 89' lang='lat' dir='ltr'><strong>subindieans</strong></span> <span class='ocrx_word' id='word_1_817' title='bbox 2803 4429 2949 4483; x_wconf 89' lang='lat' dir='ltr'><strong>illam</strong></span> <span class='ocrx_word' id='word_1_818' title='bbox 2978 4468 2993 4495; x_wconf 94' lang='lat'><strong>,</strong></span> <span class='ocrx_word' id='word_1_819' title='bbox 3024 4429 3260 4483; x_wconf 80' lang='lat' dir='ltr'><strong>maxime</strong></span> <span class='ocrx_word' id='word_1_820' title='bbox 3287 4427 3503 4482; x_wconf 78' lang='lat' dir='ltr'><strong>deside-</strong></span> 
     </span>
    </p>
   </div>
   <div class='ocr_carea' id='block_1_107' title="bbox 1913 4517 3499 4589">
    <p class='ocr_par' dir='ltr' id='par_1_107' title="bbox 1913 4517 3499 4589">
     <span class='ocr_line' id='line_1_107' title="bbox 1913 4517 3499 4589; baseline 0 -16"><span class='ocrx_word' id='word_1_821' title='bbox 1913 4517 2135 4573; x_wconf 88' lang='lat' dir='ltr'><strong>rabilem</strong></span> <span class='ocrx_word' id='word_1_822' title='bbox 2178 4519 2277 4589; x_wconf 90' lang='lat' dir='ltr'><strong>ipsi</strong></span> <span class='ocrx_word' id='word_1_823' title='bbox 2320 4520 2568 4589; x_wconf 86' lang='lat' dir='ltr'><strong>pr0ponit</strong></span> <span class='ocrx_word' id='word_1_824' title='bbox 2605 4521 2974 4577; x_wconf 89' lang='lat' dir='ltr'><strong>liberationem</strong></span> <span class='ocrx_word' id='word_1_825' title='bbox 3002 4562 3016 4588; x_wconf 90' lang='lat'><strong>,</strong></span> <span class='ocrx_word' id='word_1_826' title='bbox 3049 4531 3104 4583; x_wconf 86' lang='lat' dir='ltr'><strong>et</strong></span> <span class='ocrx_word' id='word_1_827' title='bbox 3142 4531 3368 4573; x_wconf 89' lang='lat' dir='ltr'><strong>mortem</strong></span> <span class='ocrx_word' id='word_1_828' title='bbox 3400 4520 3499 4573; x_wconf 87' lang='lat' dir='ltr'><strong>de-</strong></span> 
     </span>
    </p>
   </div>
   <div class='ocr_carea' id='block_1_108' title="bbox 1919 4610 3502 4682">
    <p class='ocr_par' dir='ltr' id='par_1_108' title="bbox 1919 4610 3502 4682">
     <span class='ocr_line' id='line_1_108' title="bbox 1919 4610 3502 4682; baseline 0.001 -18"><span class='ocrx_word' id='word_1_829' title='bbox 1919 4610 2164 4674; x_wconf 83' lang='lat' dir='ltr'><strong>nuntiat,</strong></span> <span class='ocrx_word' id='word_1_830' title='bbox 2197 4626 2355 4681; x_wconf 89' lang='lat' dir='ltr'><strong>quam</strong></span> <span class='ocrx_word' id='word_1_831' title='bbox 2382 4627 2725 4680; x_wconf 87' lang='lat' dir='ltr'><strong>summopere</strong></span> <span class='ocrx_word' id='word_1_832' title='bbox 2749 4613 3010 4681; x_wconf 86' lang='lat' dir='ltr'><strong>optabat?</strong></span> <span class='ocrx_word' id='word_1_833' title='bbox 3039 4612 3106 4665; x_wconf 77' lang='lat' dir='ltr'><strong>Et</strong></span> <span class='ocrx_word' id='word_1_834' title='bbox 3138 4612 3261 4667; x_wconf 87' lang='lat' dir='ltr'><strong>hinc</strong></span> <span class='ocrx_word' id='word_1_835' title='bbox 3287 4628 3502 4682; x_wconf 89' lang='lat' dir='ltr'><strong>quoque</strong></span> 
     </span>
    </p>
   </div>
   <div class='ocr_carea' id='block_1_109' title="bbox 1914 4699 3499 4774">
    <p class='ocr_par' dir='ltr' id='par_1_109' title="bbox 1914 4699 3499 4774">
     <span class='ocr_line' id='line_1_109' title="bbox 1914 4699 3499 4774; baseline 0.001 -18"><span class='ocrx_word' id='word_1_836' title='bbox 1914 4702 2138 4756; x_wconf 89' lang='lat' dir='ltr'><strong>observa</strong></span> <span class='ocrx_word' id='word_1_837' title='bbox 2184 4701 2382 4754; x_wconf 84' lang='lat' dir='ltr'><strong>diaboli</strong></span> <span class='ocrx_word' id='word_1_838' title='bbox 2427 4699 2694 4769; x_wconf 80' lang='lat' dir='ltr'><strong>vafritiem</strong></span> <span class='ocrx_word' id='word_1_839' title='bbox 2744 4710 2799 4755; x_wconf 88' lang='lat' dir='ltr'><strong>ct</strong></span> <span class='ocrx_word' id='word_1_840' title='bbox 2844 4701 3124 4758; x_wconf 80' lang='lat' dir='ltr'><strong>malitiam.</strong></span> <span class='ocrx_word' id='word_1_841' title='bbox 3175 4701 3307 4774; x_wconf 87' lang='lat' dir='ltr'><strong>Quia</strong></span> <span class='ocrx_word' id='word_1_842' title='bbox 3355 4705 3499 4758; x_wconf 87' lang='lat' dir='ltr'><strong>enim</strong></span> 
     </span>
    </p>
   </div>
   <div class='ocr_carea' id='block_1_110' title="bbox 1913 4788 3498 4861">
    <p class='ocr_par' dir='ltr' id='par_1_110' title="bbox 1913 4788 3498 4861">
     <span class='ocr_line' id='line_1_110' title="bbox 1913 4788 3498 4861; baseline 0.003 -16"><span class='ocrx_word' id='word_1_843' title='bbox 1913 4791 2116 4845; x_wconf 87' lang='lat' dir='ltr'><strong>sciebat</strong></span> <span class='ocrx_word' id='word_1_844' title='bbox 2142 4788 2262 4844; x_wconf 81' lang='lat' dir='ltr'><strong>Johi</strong></span> <span class='ocrx_word' id='word_1_845' title='bbox 2290 4806 2528 4845; x_wconf 88' lang='lat' dir='ltr'><strong>amorem</strong></span> <span class='ocrx_word' id='word_1_846' title='bbox 2557 4808 2681 4861; x_wconf 77' lang='lat' dir='ltr'><strong>erga</strong></span> <span class='ocrx_word' id='word_1_847' title='bbox 2708 4793 2893 4859; x_wconf 88' lang='lat' dir='ltr'><strong>Deum,</strong></span> <span class='ocrx_word' id='word_1_848' title='bbox 2921 4811 3025 4850; x_wconf 87' lang='lat' dir='ltr'><strong>non</strong></span> <span class='ocrx_word' id='word_1_849' title='bbox 3053 4796 3179 4849; x_wconf 78' lang='lat' dir='ltr'><strong>sinit</strong></span> <span class='ocrx_word' id='word_1_850' title='bbox 3218 4795 3498 4849; x_wconf 87' lang='lat' dir='ltr'><strong>mulierem</strong></span> 
     </span>
    </p>
   </div>
   <div class='ocr_carea' id='block_1_111' title="bbox 1914 4881 3502 4954">
    <p class='ocr_par' dir='ltr' id='par_1_111' title="bbox 1914 4881 3502 4954">
     <span class='ocr_line' id='line_1_111' title="bbox 1914 4881 3502 4954; baseline 0.003 -19"><span class='ocrx_word' id='word_1_851' title='bbox 1914 4881 2081 4935; x_wconf 90' lang='lat' dir='ltr'><strong>Deum</strong></span> <span class='ocrx_word' id='word_1_852' title='bbox 2124 4895 2414 4947; x_wconf 85' lang='lat' dir='ltr'><strong>accusare,</strong></span> <span class='ocrx_word' id='word_1_853' title='bbox 2464 4898 2529 4939; x_wconf 90' lang='lat' dir='ltr'><strong>ne</strong></span> <span class='ocrx_word' id='word_1_854' title='bbox 2570 4881 2657 4939; x_wconf 92' lang='lat' dir='ltr'><strong>ille</strong></span> <span class='ocrx_word' id='word_1_855' title='bbox 2689 4892 2745 4937; x_wconf 91' lang='lat' dir='ltr'><strong>ut</strong></span> <span class='ocrx_word' id='word_1_856' title='bbox 2794 4884 3063 4939; x_wconf 85' lang='lat' dir='ltr'><strong>inimicam</strong></span> <span class='ocrx_word' id='word_1_857' title='bbox 3108 4885 3277 4954; x_wconf 89' lang='lat' dir='ltr'><strong>ipsam</strong></span> <span class='ocrx_word' id='word_1_858' title='bbox 3319 4887 3502 4943; x_wconf 88' lang='lat' dir='ltr'><strong>statim</strong></span> 
     </span>
    </p>
   </div>
   <div class='ocr_carea' id='block_1_112' title="bbox 1914 4973 3500 5056">
    <p class='ocr_par' dir='ltr' id='par_1_112' title="bbox 1914 4973 3500 5056">
     <span class='ocr_line' id='line_1_112' title="bbox 1914 4973 3500 5056; baseline 0.003 -27"><span class='ocrx_word' id='word_1_859' title='bbox 1914 4984 2275 5031; x_wconf 86' lang='lat' dir='ltr'><strong>aversaretur.</strong></span> <span class='ocrx_word' id='word_1_860' title='bbox 2312 4973 2435 5030; x_wconf 89' lang='lat' dir='ltr'><strong>ldeo</strong></span> <span class='ocrx_word' id='word_1_861' title='bbox 2476 4976 2593 5044; x_wconf 77' lang='lat' dir='ltr'><strong>ejus</strong></span> <span class='ocrx_word' id='word_1_862' title='bbox 2623 4991 2881 5045; x_wconf 89' lang='lat' dir='ltr'><strong>nusquam</strong></span> <span class='ocrx_word' id='word_1_863' title='bbox 2929 4978 3205 5056; x_wconf 81' lang='lat' dir='ltr'><strong>meminit,</strong></span> <span class='ocrx_word' id='word_1_864' title='bbox 3239 4978 3333 5034; x_wconf 89' lang='lat' dir='ltr'><strong>sed</strong></span> <span class='ocrx_word' id='word_1_865' title='bbox 3376 4995 3500 5049; x_wconf 69' lang='lat' dir='ltr'><strong>quae</strong></span> 
     </span>
    </p>
   </div>
   <div class='ocr_carea' id='block_1_113' title="bbox 1912 5064 3498 5139">
    <p class='ocr_par' dir='ltr' id='par_1_113' title="bbox 1912 5064 3498 5139">
     <span class='ocr_line' id='line_1_113' title="bbox 1912 5064 3498 5139; baseline 0.004 -18"><span class='ocrx_word' id='word_1_866' title='bbox 1912 5068 2221 5123; x_wconf 88' lang='lat' dir='ltr'><strong>acciderant</strong></span> <span class='ocrx_word' id='word_1_867' title='bbox 2263 5082 2356 5121; x_wconf 88' lang='lat' dir='ltr'><strong>sus</strong></span> <span class='ocrx_word' id='word_1_868' title='bbox 2400 5064 2577 5137; x_wconf 89' lang='lat' dir='ltr'><strong>deque</strong></span> <span class='ocrx_word' id='word_1_869' title='bbox 2620 5079 2819 5127; x_wconf 83' lang='lat' dir='ltr'><strong>versat.</strong></span> <span class='ocrx_word' id='word_1_870' title='bbox 2875 5070 2954 5127; x_wconf 89' lang='lat' dir='ltr'><strong>Tu</strong></span> <span class='ocrx_word' id='word_1_871' title='bbox 3001 5080 3217 5139; x_wconf 90' lang='lat' dir='ltr'><strong>autem,</strong></span> <span class='ocrx_word' id='word_1_872' title='bbox 3263 5087 3385 5129; x_wconf 91' lang='lat' dir='ltr'><strong>cum</strong></span> <span class='ocrx_word' id='word_1_873' title='bbox 3430 5073 3498 5127; x_wconf 88' lang='lat' dir='ltr'><strong>iis</strong></span> 
     </span>
    </p>
   </div>
   <div class='ocr_carea' id='block_1_114' title="bbox 1912 5158 3500 5237">
    <p class='ocr_par' dir='ltr' id='par_1_114' title="bbox 1912 5158 3500 5237">
     <span class='ocr_line' id='line_1_114' title="bbox 1912 5158 3500 5237; baseline 0.003 -23"><span class='ocrx_word' id='word_1_874' title='bbox 1912 5174 2032 5229; x_wconf 72' lang='lat' dir='ltr'><strong>quas</strong></span> <span class='ocrx_word' id='word_1_875' title='bbox 2053 5158 2191 5215; x_wconf 90' lang='lat' dir='ltr'><strong>dicta</strong></span> <span class='ocrx_word' id='word_1_876' title='bbox 2210 5168 2347 5214; x_wconf 81' lang='lat' dir='ltr'><strong>.sunt</strong></span> <span class='ocrx_word' id='word_1_877' title='bbox 2371 5200 2386 5225; x_wconf 93' lang='lat'><strong>,</strong></span> <span class='ocrx_word' id='word_1_878' title='bbox 2409 5159 2547 5217; x_wconf 90' lang='lat' dir='ltr'><strong>adde</strong></span> <span class='ocrx_word' id='word_1_879' title='bbox 2573 5162 2853 5219; x_wconf 86' lang='lat' dir='ltr'><strong>mulierem</strong></span> <span class='ocrx_word' id='word_1_880' title='bbox 2879 5162 3040 5233; x_wconf 85' lang='lat' dir='ltr'><strong>fuisse</strong></span> <span class='ocrx_word' id='word_1_881' title='bbox 3070 5180 3192 5237; x_wconf 68' lang='lat' dir='ltr'><strong>qua:</strong></span> <span class='ocrx_word' id='word_1_882' title='bbox 3212 5163 3315 5220; x_wconf 90' lang='lat' dir='ltr'><strong>hoc</strong></span> <span class='ocrx_word' id='word_1_883' title='bbox 3337 5165 3500 5219; x_wconf 82' lang='lat' dir='ltr'><strong>dabat</strong></span> 
     </span>
    </p>
   </div>
   <div class='ocr_carea' id='block_1_115' title="bbox 1913 5250 3497 5329">
    <p class='ocr_par' dir='ltr' id='par_1_115' title="bbox 1913 5250 3497 5329">
     <span class='ocr_line' id='line_1_115' title="bbox 1913 5250 3497 5329; baseline 0.004 -24"><span class='ocrx_word' id='word_1_884' title='bbox 1913 5252 2198 5309; x_wconf 87' lang='lat' dir='ltr'><strong>consilium</strong></span> <span class='ocrx_word' id='word_1_885' title='bbox 2225 5290 2241 5316; x_wconf 92' lang='lat'><strong>,</strong></span> <span class='ocrx_word' id='word_1_886' title='bbox 2272 5250 2650 5311; x_wconf 87' lang='lat' dir='ltr'><strong>vehementem</strong></span> <span class='ocrx_word' id='word_1_887' title='bbox 2698 5264 2969 5313; x_wconf 88' lang='lat' dir='ltr'><strong>oratorem</strong></span> <span class='ocrx_word' id='word_1_888' title='bbox 2998 5256 3063 5314; x_wconf 89' lang='lat' dir='ltr'><strong>ad</strong></span> <span class='ocrx_word' id='word_1_889' title='bbox 3093 5272 3189 5313; x_wconf 88' lang='lat' dir='ltr'><strong>eos</strong></span> <span class='ocrx_word' id='word_1_890' title='bbox 3215 5257 3497 5329; x_wconf 83' lang='lat' dir='ltr'><strong>pellicien-</strong></span> 
     </span>
    </p>
   </div>
   <div class='ocr_carea' id='block_1_116' title="bbox 1910 5342 3497 5419">
    <p class='ocr_par' dir='ltr' id='par_1_116' title="bbox 1910 5342 3497 5419">
     <span class='ocr_line' id='line_1_116' title="bbox 1910 5342 3497 5419; baseline 0.006 -25"><span class='ocrx_word' id='word_1_891' title='bbox 1910 5343 2012 5397; x_wconf 82' lang='lat' dir='ltr'><strong>dos</strong></span> <span class='ocrx_word' id='word_1_892' title='bbox 2036 5342 2127 5412; x_wconf 92' lang='lat' dir='ltr'><strong>qui</strong></span> <span class='ocrx_word' id='word_1_893' title='bbox 2154 5357 2258 5396; x_wconf 92' lang='lat' dir='ltr'><strong>non</strong></span> <span class='ocrx_word' id='word_1_894' title='bbox 2283 5344 2592 5400; x_wconf 85' lang='lat' dir='ltr'><strong>attendunt.</strong></span> <span class='ocrx_word' id='word_1_895' title='bbox 2621 5345 2770 5401; x_wconf 80' lang='lat' dir='ltr'><strong>Multi</strong></span> <span class='ocrx_word' id='word_1_896' title='bbox 2795 5356 2944 5403; x_wconf 85' lang='lat' dir='ltr'><strong>certe</strong></span> <span class='ocrx_word' id='word_1_897' title='bbox 2984 5348 3146 5405; x_wconf 90' lang='lat' dir='ltr'><strong>etiam</strong></span> <span class='ocrx_word' id='word_1_898' title='bbox 3172 5350 3375 5419; x_wconf 79' lang='lat' dir='ltr'><strong>absque</strong></span> <span class='ocrx_word' id='word_1_899' title='bbox 3403 5364 3497 5404; x_wconf 87' lang='lat' dir='ltr'><strong>ca-</strong></span> 
     </span>
    </p>
   </div>
   <div class='ocr_carea' id='block_1_117' title="bbox 1911 5432 3499 5511">
    <p class='ocr_par' dir='ltr' id='par_1_117' title="bbox 1911 5432 3499 5511">
     <span class='ocr_line' id='line_1_117' title="bbox 1911 5432 3499 5511; baseline 0.004 -23"><span class='ocrx_word' id='word_1_900' title='bbox 1911 5432 2238 5490; x_wconf 88' lang='lat' dir='ltr'><strong>lamitatibus</strong></span> <span class='ocrx_word' id='word_1_901' title='bbox 2266 5448 2295 5486; x_wconf 83' lang='lat' dir='ltr'><strong>a</strong></span> <span class='ocrx_word' id='word_1_902' title='bbox 2323 5436 2441 5491; x_wconf 88' lang='lat' dir='ltr'><strong>solo</strong></span> <span class='ocrx_word' id='word_1_903' title='bbox 2468 5435 2751 5493; x_wconf 87' lang='lat' dir='ltr'><strong>mulierum</strong></span> <span class='ocrx_word' id='word_1_904' title='bbox 2781 5438 3011 5495; x_wconf 84' lang='lat' dir='ltr'><strong>consilio</strong></span> <span class='ocrx_word' id='word_1_905' title='bbox 3035 5437 3228 5511; x_wconf 75' lang='lat' dir='ltr'><strong>deiecti</strong></span> <span class='ocrx_word' id='word_1_906' title='bbox 3259 5438 3499 5496; x_wconf 87' lang='lat' dir='ltr'><strong>fuerunt.</strong></span> 
     </span>
    </p>
   </div>
   <div class='ocr_carea' id='block_1_118' title="bbox 1910 5522 3503 5597">
    <p class='ocr_par' dir='ltr' id='par_1_118' title="bbox 1910 5522 3503 5597">
     <span class='ocr_line' id='line_1_118' title="bbox 1910 5522 3503 5597; baseline 0.004 -18"><span class='ocrx_word' id='word_1_907' title='bbox 1910 5522 2049 5591; x_wconf 83' lang='lat' dir='ltr'><strong>Quid</strong></span> <span class='ocrx_word' id='word_1_908' title='bbox 2074 5525 2231 5597; x_wconf 88' lang='lat' dir='ltr'><strong>igitur</strong></span> <span class='ocrx_word' id='word_1_909' title='bbox 2256 5524 2345 5581; x_wconf 93' lang='lat' dir='ltr'><strong>hic</strong></span> <span class='ocrx_word' id='word_1_910' title='bbox 2370 5532 2452 5581; x_wconf 91' lang='lat' dir='ltr'><strong>vir</strong></span> <span class='ocrx_word' id='word_1_911' title='bbox 2485 5527 2695 5596; x_wconf 88' lang='lat' dir='ltr'><strong>beatus,</strong></span> <span class='ocrx_word' id='word_1_912' title='bbox 2722 5538 2778 5585; x_wconf 86' lang='lat' dir='ltr'><strong>et</strong></span> <span class='ocrx_word' id='word_1_913' title='bbox 2798 5528 3081 5587; x_wconf 79' lang='lat' dir='ltr'><strong>adamante</strong></span> <span class='ocrx_word' id='word_1_914' title='bbox 3099 5526 3325 5587; x_wconf 67' lang='lat' dir='ltr'><strong>fortior?</strong></span> <span class='ocrx_word' id='word_1_915' title='bbox 3346 5531 3503 5586; x_wconf 76' lang='lat' dir='ltr'><strong>Acri-</strong></span> 
     </span>
    </p>
   </div>
   <div class='ocr_carea' id='block_1_119' title="bbox 1912 5615 3501 5694">
    <p class='ocr_par' dir='ltr' id='par_1_119' title="bbox 1912 5615 3501 5694">
     <span class='ocr_line' id='line_1_119' title="bbox 1912 5615 3501 5694; baseline 0.004 -24"><span class='ocrx_word' id='word_1_916' title='bbox 1912 5624 1998 5672; x_wconf 88' lang='lat' dir='ltr'><strong>ter</strong></span> <span class='ocrx_word' id='word_1_917' title='bbox 2026 5616 2169 5671; x_wconf 88' lang='lat' dir='ltr'><strong>illam</strong></span> <span class='ocrx_word' id='word_1_918' title='bbox 2195 5615 2451 5683; x_wconf 91' lang='lat' dir='ltr'><strong>intuitns,</strong></span> <span class='ocrx_word' id='word_1_919' title='bbox 2498 5632 2528 5672; x_wconf 88' lang='lat' dir='ltr'><strong>a</strong></span> <span class='ocrx_word' id='word_1_920' title='bbox 2567 5618 2687 5675; x_wconf 88' lang='lat' dir='ltr'><strong>solo</strong></span> <span class='ocrx_word' id='word_1_921' title='bbox 2716 5629 2932 5691; x_wconf 83' lang='lat' dir='ltr'><strong>aspectu</strong></span> <span class='ocrx_word' id='word_1_922' title='bbox 2951 5660 2968 5687; x_wconf 93' lang='lat'><strong>,</strong></span> <span class='ocrx_word' id='word_1_923' title='bbox 2998 5621 3280 5694; x_wconf 73' lang='lat' dir='ltr'><strong>antequam</strong></span> <span class='ocrx_word' id='word_1_924' title='bbox 3310 5636 3501 5678; x_wconf 79' lang='lat' dir='ltr'><strong>vocem</strong></span> 
     </span>
    </p>
   </div>
   <div class='ocr_carea' id='block_1_120' title="bbox 1911 5696 3511 5781">
    <p class='ocr_par' dir='ltr' id='par_1_120' title="bbox 1911 5696 3511 5781">
     <span class='ocr_line' id='line_1_120' title="bbox 1911 5696 3511 5781; baseline 0.004 -20"><span class='ocrx_word' id='word_1_925' title='bbox 1911 5705 2212 5773; x_wconf 79' lang='lat' dir='ltr'><strong>emitteret,</strong></span> <span class='ocrx_word' id='word_1_926' title='bbox 2245 5706 2523 5764; x_wconf 88' lang='lat' dir='ltr'><strong>machinas</strong></span> <span class='ocrx_word' id='word_1_927' title='bbox 2565 5707 2792 5779; x_wconf 89' lang='lat' dir='ltr'><strong>depulit.</strong></span> <span class='ocrx_word' id='word_1_928' title='bbox 2841 5710 2931 5766; x_wconf 86' lang='lat' dir='ltr'><strong>llla</strong></span> <span class='ocrx_word' id='word_1_929' title='bbox 2964 5713 3108 5768; x_wconf 81' lang='lat' dir='ltr'><strong>enim</strong></span> <span class='ocrx_word' id='word_1_930' title='bbox 3137 5696 3389 5781; x_wconf 82' lang='lat' dir='ltr'><strong>sperabat</strong></span> <span class='ocrx_word' id='word_1_931' title='bbox 3435 5726 3511 5768; x_wconf 87' lang='lat' dir='ltr'><strong>se.</strong></span> 
     </span>
    </p>
   </div>
   <div class='ocr_carea' id='block_1_121' title="bbox 1913 5798 3505 5876">
    <p class='ocr_par' dir='ltr' id='par_1_121' title="bbox 1913 5798 3505 5876">
     <span class='ocr_line' id='line_1_121' title="bbox 1913 5798 3505 5876; baseline 0.003 -19"><span class='ocrx_word' id='word_1_932' title='bbox 1913 5798 2272 5876; x_wconf 79' lang='lat' dir='ltr'><strong>lacrymarum</strong></span> <span class='ocrx_word' id='word_1_933' title='bbox 2301 5800 2475 5860; x_wconf 84' lang='lat' dir='ltr'><strong>fontes</strong></span> <span class='ocrx_word' id='word_1_934' title='bbox 2503 5810 2769 5860; x_wconf 82' lang='lat' dir='ltr'><strong>moturam</strong></span> <span class='ocrx_word' id='word_1_935' title='bbox 2814 5818 2933 5863; x_wconf 86' lang='lat' dir='ltr'><strong>csse</strong></span> <span class='ocrx_word' id='word_1_936' title='bbox 2977 5822 2991 5863; x_wconf 91' lang='lat'><strong>:</strong></span> <span class='ocrx_word' id='word_1_937' title='bbox 3042 5803 3130 5864; x_wconf 84' lang='lat' dir='ltr'><strong>hic</strong></span> <span class='ocrx_word' id='word_1_938' title='bbox 3168 5818 3297 5862; x_wconf 81' lang='lat' dir='ltr'><strong>vero</strong></span> <span class='ocrx_word' id='word_1_939' title='bbox 3341 5804 3505 5862; x_wconf 69' lang='lat' dir='ltr'><strong>leone</strong></span> 
     </span>
    </p>
   </div>
  </div>
