4022 6214
525 370 633 422 ⁵359

534 466 913 525 vehementior
938 463 1058 531 fuit,
1085 461 1162 517 ira
1207 466 1264 515 et
1324 454 1690 525 indignatione
1733 451 1924 521 plenus
1950 493 1965 513 .
2013 463 2120 502 non

539 578 638 632 pro
679 561 746 614 iis
786 572 906 628 qua:
954 553 1291 625 patiebatur,
1341 547 1436 604 sed
1485 554 1703 615 propter
1746 541 1966 597 consilia
2004 555 2124 609 quae

537 651 801 708 diabolica
826 648 896 703 ab
922 646 1014 702 illa
1044 644 1166 699 data
1194 650 1355 705 sunt;
1388 647 1444 695 et
1472 646 1587 708 ipso
1615 643 1835 705 aspectu
1881 633 2124 702 indigna-

540 744 741 797 tionem
768 735 1030 794 exhibens
1050 775 1065 799 ,
1106 731 1382 788 moderata
1415 729 1581 782 utitur
1612 725 1976 795 increpatione
2001 740 2013 775 :
2044 731 2118 776 ct-

539 834 683 888 enim
710 833 874 886 etiam
902 829 952 882 in
980 823 1378 883 calamitatibus
1402 819 1710 874 moderatus
1737 826 1869 871 erat.
1901 815 1970 869 Et
1998 813 2124 883 quid

538 926 656 979 ait?
683 923 789 981 Cur
830 923 958 977 sicut
986 936 1090 973 una
1116 933 1180 973 ea:
1204 914 1555 981 insipientibus
1600 908 1890 963 mulieribus
1918 908 2129 974 (equum

538 1034 595 1072 es
637 1015 759 1085 (Job
795 1012 852 1066 2.
887 1011 1020 1079 l0)?
1063 1008 1178 1062 Non
1207 1007 1285 1061 sie
1315 1014 1366 1061 te
1393 1001 1599 1057 erudiri
1627 1042 1643 1066 ,
1675 999 1882 1070 inquit,
1914 1012 2021 1050 non
2052 996 2130 1049 sic

542 1117 594 1161 te
638 1102 859 1160 educavi
902 1119 915 1155 :
968 1100 1107 1155 unde
1158 1091 1606 1151 nec'eousortem
1653 1104 1824 1145 meam
1873 1099 2125 1156 agnosco.

540 1195 669 1252 lltec
709 1195 903 1263 quippe
931 1191 1072 1246 dicta
1107 1196 1234 1243 sunt
1279 1187 1478 1240 insana:
1508 1181 1788 1241 mulieris,
1820 1185 1874 1232 et
1904 1174 2128 1229 furentis

540 1289 823 1343 consilium
866 1294 968 1341 est.
1000 1280 1191 1338 Viden‘
1219 1279 1512 1334 sectionem
1542 1272 1894 1331 moderatam,
1918 1269 2126 1337 plagam

542 1395 661 1449 qua:
688 1387 867 1449 posset
898 1374 1145 1430 morbum
1171 1383 1381 1427 curare.
1426 1364 1628 1420 Deinde
1656 1369 1775 1431 post
1800 1356 2127 1426 increpatio-

542 1448 665 1523 nem
690 1448 987 1522 consilium
1018 1476 1203 1517 rursus
1234 1458 1423 1523 affert,
1451 1452 1594 1525 quod
1624 1450 1792 1523 possit
1822 1448 1963 1501 illam
1992 1461 2125 1500 eon-

540 1560 731 1621 solari,
761 1566 816 1613 et
860 1556 1055 1610 rationi
1086 1551 1241 1607 valde
1289 1555 1711 1604 consentaneum
1736 1584 1749 1606 ,
1778 1540 1962 1595 dicens
2009 1554 2023 1590 :
2067 1535 2129 1588 Si

540 1651 672 1703 bona
698 1647 1012 1717 suscepimus
1051 1643 1115 1698 de
1137 1658 1294 1695 utanu
1332 1637 1543 1692 Domini
1566 1677 1582 1702 ,
1610 1636 1749 1688 mala
1779 1649 1878 1685 non
1904 1628 2125 1683 sustine-

541 1741 748 1795 bimus!
792 1736 1097 1793 Recordare
1122 1734 1300 1796 enim,
1330 1730 1535 1800 inquit,
1585 1727 1825 1796 priorum
1871 1721 2128 1783 illorum,

544 1843 599 1888 et
652 1843 828 1887 tecum
878 1836 1067 1898 reputa
1116 1833 1424 1885 auctorem,
1466 1830 1520 1875 et
1547 1818 1665 1872 haec
1713 1814 1920 1869 fortiter
1966 1810 2126 1898 feres.

546 1922 788 1976 Vidistin‘
816 1896 1242 1973 moderationem
1292 1910 1431 1964 viri?
1479 1907 1588 1962 Nec
1632 1904 1778 1960 enim
1826 1896 2127 1954 fortitudini

539 2027 651 2066 sua:
679 2008 991 2080 patientiam
1019 2020 1171 2060 suam
1197 2000 1476 2065 adscribit,
1512 1995 1608 2051 sed
1638 2010 1705 2049 ex
1733 2006 1912 2047 rerum
1934 2002 2129 2043 conse-

541 2078 760 2171 quentia
794 2099 958 2156 fuisse
988 2098 1134 2167 illam
1163 2095 1312 2150 dicit.
1362 2093 1468 2148 Pro
1497 2088 1814 2159 quibusnam
1859 2081 2004 2136 enim
2037 2078 2127 2131 illa

1278 339 1337 397 S.
1374 336 1651 396 JOANNIS
1685 330 2152 421 CllRYSOSTOﬂl
2190 331 2504 389 AllClllEP.
2546 334 3077 393 CONSTANTINOP.

3715 339 3817 396 2m

2234 448 2387 501 nobis
2408 447 2557 503 dedit
2587 450 2764 504 Deus?
2787 466 2946 521 quam
2969 451 3268 520 rependens
3288 455 3775 511 remunerationem
3792 457 3818 511 ?

2230 540 2471 607 Nullam;
2504 541 2598 596 sed
2638 557 2703 597 ex
2736 543 2848 597 sola
2897 543 3224 614 benignitate
3246 560 3344 601 sua
3388 564 3401 599 :
3447 547 3647 603 donum
3672 549 3815 603 enim

2231 640 2365 696 erat,
2396 646 2501 685 non
2529 632 2850 699 retributio;
2882 634 3074 704 gratia,
3119 650 3225 689 non
3254 639 3635 693 remuneratio.
3670 638 3816 705 Ergo

2234 721 2350 775 tunc
2378 721 2588 777 fortiter
2612 721 2870 777 feramus.
2904 723 3017 778 lloe
3047 733 3099 779 et
3128 724 3225 778 viri
3257 733 3314 779 et
3339 727 3591 782 mulieres
3621 729 3816 783 inscri-

2233 822 2380 881 ptum
2408 813 2609 868 dictum
2642 814 2932 893 habeamus
2956 831 2971 880 ;
3003 816 3119 870 haec
3145 816 3309 870 verba
3334 817 3385 870 in
3410 829 3587 873 mente
3617 820 3819 874 inscul-

2234 918 2419 971 pamus
2439 944 2454 967 ,
2481 911 2537 959 et
2568 904 2683 959 hmc
2709 896 2771 960 et
2789 920 2852 960 ea
2880 922 3000 974 qua:
3027 906 3340 974 praecedunt
3384 925 3397 961 :
3445 918 3499 962 et
3539 907 3819 963 historiam

2234 994 2494 1048 malorum
2536 995 2689 1065 ejus,
2720 996 2866 1052 velut
2896 997 3185 1066 imaginem
3219 997 3270 1051 in
3311 1006 3546 1052 mentem
3579 1008 3818 1054 nostram

2235 1085 2620 1154 inscribentes,
2665 1088 2927 1158 jacturam
2972 1089 3091 1144 dico
3135 1087 3825 1158 pecuniarum,tiliossub-

2229 1173 2373 1231 latos
2409 1220 2425 1245 ,
2500 1180 2745 1248 corporis
2794 1180 3045 1249 plagam,
3096 1180 3383 1249 opprobria
3417 1221 3433 1247 ,
3480 1180 3758 1235 irrisioncs
3803 1224 3818 1245 ,

2236 1268 2419 1321 uxoris
2448 1267 2758 1335 machinas,
2790 1269 2985 1323 diaboli
3019 1270 3271 1332 insidias,
3299 1284 3489 1325 omnes
3522 1286 3627 1324 uno
3657 1272 3824 1325 verbo

2228 1356 2358 1425 justi
2388 1359 2719 1414 calamitates
2743 1402 2757 1426 ,
2791 1360 2944 1415 nobis
2985 1360 3036 1413 in
3070 1370 3282 1429 portum
3328 1361 3621 1414 maximum
3652 1376 3820 1430 appa-

2236 1465 2413 1505 remus
2442 1468 2453 1504 :
2493 1461 2549 1507 ut
2594 1452 2771 1504 omnia
2803 1450 3014 1506 fortiter
3039 1461 3095 1507 et
3138 1468 3259 1508 eum
3287 1453 3579 1523 gratiarum
3609 1456 3820 1509 actione

2235 1539 2467 1595 ferentes
2488 1582 2503 1603 .
2533 1550 2589 1595 et
2628 1542 2681 1595 iu
2731 1543 2979 1609 praesenti
3011 1543 3118 1596 vita
3149 1557 3435 1598 maerorem
3480 1559 3697 1598 onmem
3726 1543 3824 1599 de-

2236 1634 2496 1701 pellamus
2518 1674 2534 1698 ,
2563 1644 2615 1687 et
2647 1633 2714 1689 de
2741 1634 2843 1689 hac
2865 1635 3244 1691 benedictione
3273 1635 3580 1691 mercedem
3617 1634 3822 1690 refera-

2233 1737 2375 1785 mus,
2393 1724 2561 1792 gratia
2584 1733 2637 1778 et
2661 1724 2991 1795 benignitate
3021 1726 3233 1780 Domini
3257 1728 3426 1781 nostri
3446 1726 3575 1782 Jesu
3596 1725 3820 1793 Christi,

2234 1814 2449 1881 quicum
2494 1813 2637 1866 Patri
2669 1822 2724 1868 et
2755 1830 2858 1869 una
2905 1814 3127 1883 Spiritui
3174 1825 3361 1891 saneto
3404 1815 3612 1885 gloria,
3654 1816 3825 1885 impe-

2235 1904 2375 1957 rium
2400 1944 2414 1967 ,
2447 1902 2651 1968 honor,
2691 1919 2832 1959 nunc
2857 1914 2911 1959 et
2947 1920 3197 1974 semper,
3238 1914 3293 1961 et
3333 1904 3385 1960 in
3426 1905 3620 1959 Saecula
3647 1921 3823 1961 saaeu-

2236 1995 2431 2049 lorum.
2464 1996 2655 2051 Amen.

538 2198 3825 2238 ________________________.___————__——___.___—_———_.

1878 2260 2226 2325 HOMILIA
2275 2261 2517 2325 XXIX.

539 2430 669 2486 CAP.
709 2427 798 2483 12.
837 2444 890 2481 v.
933 2428 985 2481 Ι.
1028 2424 1104 2478 De
1128 2420 1476 2492 spiritualibus
1504 2426 1669 2469 autem
1696 2453 1711 2477 ,
1742 2406 1926 2481 fratres
1949 2447 1964 2472 ,
2004 2405 2123 2458 nolo

610 2539 698 2578 vos
721 2522 973 2592 ignorare.
1001 2517 1058 2571 2.
1088 2515 1244 2570 Scitis
1265 2521 1433 2565 autem
1455 2506 1591 2579 quod
1609 2521 1723 2559 cum
1745 2510 1913 2571 gentes
1933 2496 2124 2559 essetis,

611 2617 680 2669 ad
704 2614 979 2669 simulacra
1003 2618 1142 2662 muta
1170 2613 1318 2676 prput
1346 2598 1664 2656 ducebamiui
1691 2603 1884 2648 euntes.

613 2709 664 2761 l.
710 2705 806 2758 llic
832 2711 976 2756 totus
1001 2701 1149 2753 locus
1179 2695 1335 2751 valde
1377 2692 1643 2747 obscurus
1668 2693 1753 2739 est
1784 2699 1796 2735 :
1826 2678 2127 2734 obscurita-

541 2810 649 2853 tem
676 2812 804 2851 νει-ιι
834 2793 973 2863 parit
1020 2786 1283 2859 ignoratio
1311 2797 1495 2838 eorum
1529 2795 1646 2850 qua:
1685 2787 1810 2831 tunc
1850 2772 2127 2840 continge-

544 2892 702 2953 bant,
736 2860 877 2939 nunc
906 2892 1082 2936 autem
1110 2894 1216 2933 non
1251 2877 1402 2931 fiunt.
1437 2874 1505 2928 Et
1529 2887 1623 2926 cur
1646 2882 1787 2923 nunc
1818 2881 1923 2919 non
1953 2860 2127 2915 fiunt?

545 2977 684 3035 Ecce
714 2990 943 3045 namque
981 2968 1324 3027 obscuritatis
1368 2980 1528 3021 causa
1558 2962 1720 3015 aliam
1762 2956 1916 3011 nobis
1977 2965 2131 3020 qua:-

537 3070 771 3125 stionem
793 3065 1019 3137 peperit.
1059 3062 1170 3125 Cur
1210 3059 1354 3114 enim
1386 3064 1510 3111 tunc
1540 3052 1775 3116 ﬂebant,
1815 3060 1960 3101 nunc
1999 3056 2129 3098 vero

542 3161 739 3217 secus?
769 3136 875 3213 Sed
903 3156 1007 3210 hoe
1030 3162 1215 3225 postea
1246 3147 1529 3205 dicendum
1557 3144 1832 3198 mittamus
1859 3157 1874 3192 :
1911 3136 2126 3193 interim

543 3269 674 3309 vero
698 3266 815 3321 qua:
846 3258 973 3302 tunc
1005 3247 1201 3300 fiebant
1232 3251 1629 3298 recenseamus.
1668 3234 1804 3298 Quid
1832 3247 1960 3300 ergo
2004 3239 2128 3281 tunc

543 3320 927 3412 contingebat?
972 3338 1029 3416 Si
1085 3336 1207 3411 quis
1263 3332 1661 3401 baptizaretur,
1711 3324 1906 3394 linguis
1948 3320 2126 3375 statim

545 3411 860 3505 loquebatur
887 3474 901 3495 ,
928 3439 984 3485 et
1011 3411 1122 3482 imit
1152 3425 1347 3495 linguis
1375 3430 1577 3476 tantum
1606 3462 1619 3485 ,
1664 3418 1756 3474 sed
1788 3417 1947 3471 etiam
1976 3411 2127 3467 multi

544 3504 954 3598 priqihetabaut,
981 3520 1198 3590 quidam
1225 3532 1353 3572 vero
1374 3516 1507 3569 alias
1525 3513 1701 3583 plures
1723 3510 1948 3563 virtutes
1978 3504 2131 3560 exhi-

544 3596 759 3672 bebant.
802 3613 934 3680 Quia
975 3616 1117 3667 enim
1160 3608 1229 3662 ab
1266 3606 1421 3661 idolis
1450 3603 1802 3665 accedentes,
1844 3614 1965 3654 cum
1998 3596 2128 3649 nihil

544 3708 688 3761 clare
729 3708 964 3770 scirent,
998 3716 1174 3771 neque
1206 3700 1255 3753 in
1286 3696 1516 3766 antiquis
1546 3694 1730 3748 Bibliis
1771 3699 1955 3747 essent
1993 3688 2125 3742 edu~

544 3800 646 3853 cati
674 3839 688 3864 ,
718 3796 965 3865 baptizati
996 3795 1175 3848 statim
1205 3791 1462 3860 Spiritum
1480 3786 1841 3856 accipiebant,
1872 3780 2127 3851 Spiritum

544 3907 675 3946 vero
702 3907 805 3944 non
836 3888 1089 3944 videbant
1112 3926 1125 3949 ,
1170 3882 1452 3937 invisibilis
1480 3894 1602 3933 cum
1632 3878 1737 3941 sit;
1775 3875 1936 3929 dabat
1959 3873 2129 3942 gratia

544 3982 740 4037 sensile
799 3977 1069 4048 quoddam
1126 3982 1497 4045 argumentum
1556 3970 1699 4024 illius
1761 3965 2127 4035 operationis;

545 4075 788 4141 aliusque
814 4070 1025 4126 Persica
1058 4111 1071 4134 ,
1100 4068 1236 4121 alius
1264 4064 1504 4119 Romana
1530 4105 1543 4129 ,
1573 4062 1709 4115 alius
1749 4058 1925 4127 Indica
1950 4098 1963 4121 ,
1997 4055 2132 4108 alius

545 4168 645 4221 alia
679 4167 853 4235 lingua
900 4162 1077 4217 statim
1125 4158 1437 4229 loquebatur
1477 4178 1489 4210 :
1523 4166 1577 4211 et
1622 4154 1723 4209 hoc
1750 4151 1988 4207 externis
2032 4161 2131 4200 no—

547 4269 658 4312 tum
682 4256 927 4319 facielmt,
951 4253 1205 4322 Spiritum
1228 4259 1468 4305 sanetum
1493 4249 1544 4302 in
1567 4248 1683 4317 ipso
1710 4246 1961 4314 loquente
1990 4254 2129 4295 esse.

549 4350 673 4404 Ideo
720 4349 797 4403 sic
845 4348 1015 4416 ipsum
1065 4342 1298 4414 appellat
1343 4342 1530 4394 dicens
1574 4356 1587 4393 :
1640 4335 1921 4402 Unicuique
1967 4342 2135 4383 autem

547 4440 887 4512 snaiiifestatio
921 4438 1146 4507 Spiritus
1174 4437 1327 4488 datur
1355 4434 1421 4486 att
1450 4432 1719 4485 utilitatem
1742 4468 1759 4493 ,
1812 4424 2133 4482 charismata

548 4551 643 4589 seu
671 4532 808 4587 dona
834 4544 1029 4584 vocans
1051 4525 1533 4581 manifestalioncm
1554 4520 1807 4590 Spiritus.
1832 4514 1964 4583 Quia
1991 4513 2136 4566 enim

549 4626 777 4696 apostoli
832 4625 934 4677 hoe
988 4622 1218 4692 primum
1267 4619 1476 4688 signum
1522 4618 1889 4681 acceperunt,
1950 4605 2136 4660 tideles

552 4729 767 4785 quoque
814 4721 1142 4780 acceperunt
1184 4712 1484 4777 linguarum
1532 4704 1767 4766 donum;
1819 4714 1991 4769 neque
2032 4696 2133 4750 hoc

553 4812 727 4863 solum
754 4846 770 4869 ,
820 4802 914 4858 sed
944 4810 996 4857 et
1024 4801 1126 4854 alia
1161 4798 1406 4868 plurima.
1448 4796 1576 4849 Nam
1619 4804 1675 4848 et
1704 4803 1941 4846 mortuos
1983 4787 2135 4843 multi

552 4896 920 4961 suscitahant,
963 4898 1018 4946 et
1058 4892 1333 4945 daamonas
1380 4884 1683 4955 pellebant,
1731 4889 1787 4935 et
1832 4880 1935 4932 alia
1968 4879 2135 4931 multa

555 4990 749 5043 similia
798 4986 1114 5042 mirabiliter
1149 4981 1510 5053 operabantur
1542 4993 1557 5033 :
1588 4976 1836 5042 donaque
1868 4971 2141 5025 habebant

556 5084 645 5135 alii
673 5080 889 5149 quidem
922 5078 1168 5149 pauciora
1192 5116 1206 5137 .
1250 5073 1340 5127 alii
1378 5086 1510 5126 vero
1538 5070 1711 5140 plura.
1754 5064 1921 5135 Magis
1964 5071 2141 5116 autem

558 5192 714 5245 quam
743 5176 845 5228 alia
877 5172 1055 5228 omnia
1090 5168 1228 5239 apud
1256 5167 1377 5222 illos
1414 5172 1534 5221 erat
1579 5162 1779 5216 donum
1808 5160 2141 5228 linguarum.

632 5268 858 5339 Spiritus
901 5265 1063 5318 sancti
1106 5264 1240 5316 dona
1287 5273 1443 5313 causa
1484 5254 1788 5309 schismatis.
1828 5280 1899 5290 ——
1933 5250 2000 5303 Et
2030 5249 2145 5301 hmo

560 5338 718 5415 causa
751 5354 1054 5413 scbismatis
1096 5353 1202 5406 illis
1230 5350 1358 5413 fuit,
1410 5361 1517 5401 non
1546 5360 1614 5399 ex
1644 5352 1829 5397 natura
1872 5356 1965 5394 sua
1989 5382 2003 5402 ,
2050 5338 2144 5394 sed

559 5468 626 5504 ex
678 5450 885 5519 ingrato
932 5442 1305 5512 accipientium
1355 5438 1555 5493 animo.
1616 5433 1749 5488 Nam
1798 5432 1885 5501 qui
1943 5431 2144 5496 majora

566 5542 871 5604 habebant,
936 5533 1303 5593 ell'urebantur
1353 5531 1610 5585 adversus
1658 5540 1751 5578 eos
1798 5522 1887 5591 qui
1940 5520 2144 5573 minora

560 5633 909 5706 possidebant
936 5646 952 5688 :
982 5630 1035 5684 hi
1064 5642 1189 5683 vero
1220 5638 1403 5678 rursus
1426 5621 1713 5683 dolebant,
1744 5624 1798 5670 et
1827 5616 1892 5667 iis
1914 5614 2001 5683 qui
2034 5628 2145 5666 ma-

566 5705 685 5783 iora
735 5726 993 5782 baberent
1034 5719 1343 5779 invidebant
1375 5734 1386 5771 :
1419 5716 1575 5777 idque
1604 5714 1655 5770 in
1684 5705 2029 5778 sequentibus
2056 5720 2145 5761 os-

2240 2403 2407 2456 tendit
2435 2404 2547 2471 ipse
2575 2404 2784 2458 Paulus.
2829 2404 2962 2471 Quia
2996 2405 3153 2474 igitur
3181 2403 3304 2457 hinc
3337 2403 3552 2457 letalem
3582 2403 3819 2471 accipie-

2241 2493 2369 2547 bant
2415 2494 2666 2566 plagam,
2716 2494 2844 2548 dum
2899 2495 2951 2548 in
3005 2495 3084 2549 eis
3137 2495 3334 2549 caritas
3388 2494 3821 2558 dissolveretur,

2239 2587 2465 2640 multum
2508 2586 2744 2642 studium
2774 2588 2925 2656 ponit
2969 2596 3026 2641 ut
3071 2587 3121 2641 id
3164 2585 3415 2656 eorrigat.
3456 2586 3693 2655 Contigit
3722 2585 3824 2642 hoc

2236 2678 2399 2731 etiam
2427 2677 2641 2741 Romae,
2674 2677 2767 2732 sed
2808 2693 2914 2731 non
2945 2677 3049 2731 hoc
3076 2678 3255 2730 modo.
3298 2676 3635 2745 Quapropter
3660 2676 3822 2729 etiam

2240 2771 2290 2824 iu
2325 2771 2557 2839 Epistula
2608 2770 2677 2825 ad
2724 2771 2997 2824 Romanos
3040 2769 3171 2823 illud
3214 2777 3395 2824 movet
3423 2769 3635 2838 quidem
3664 2810 3681 2834 ,
3727 2768 3821 2823 sed

2236 2862 2553 2916 adumbrata
2579 2871 2633 2915 et.
2661 2861 2916 2925 breviter,
2947 2862 3026 2915 sic
3051 2861 3236 2914 dicens
3267 2877 3280 2912 :
3317 2859 3467 2913 Sicut
3488 2861 3617 2912 enim
3647 2860 3699 2911 in
3723 2874 3825 2912 uno

2236 2969 2447 3023 corpore
2472 2952 2634 3005 multa
2661 2951 2881 3005 membra
2910 2951 3149 3004 habemus
3172 2990 3188 3015 ,
3217 2949 3439 3002 membra
3464 2957 3629 3001 autem
3654 2948 3827 3001 omnia

2235 3062 2337 3098 non
2358 3045 2583 3099 eamdem
2601 3044 2783 3097 habent
2797 3044 3138 3113 operationem
3160 3059 3179 3093 :
3198 3042 3270 3094 sic
3295 3042 3441 3093 multi
3462 3056 3619 3093 unum
3638 3055 3827 3108 corpus

2235 3155 2410 3192 sumus
2464 3138 2517 3191 in
2569 3136 2773 3192 Christo
2801 3178 2817 3201 ,
2870 3136 3057 3208 singuli
3102 3146 3270 3188 autem
3320 3133 3532 3186 invisens
3577 3132 3824 3185 membra.

2240 3228 2497 3282 Habentes
2533 3238 2705 3280 autem
2735 3227 2871 3281 dona
2895 3225 3171 3281 secundum
3201 3224 3419 3295 gratiam
3458 3238 3570 3292 quae
3597 3222 3721 3275 data
3750 3231 3827 3275 est

2235 3322 2378 3374 nobis
2407 3320 2604 3373 diversa
2628 3334 2646 3380 ;
2676 3318 2779 3372 sive
2808 3318 3121 3387 prophetiam
3148 3358 3165 3382 ,
3212 3314 3493 3369 secundum
3533 3314 3824 3382 proportio-

2235 3428 2348 3465 nem
2376 3412 2495 3479 fidei
2519 3454 2535 3478 ,
2565 3414 2670 3466 sive
2704 3412 3037 3466 ministerium
3063 3452 3078 3475 ,
3124 3412 3179 3463 in
3204 3408 3540 3463 ministrando
3560 3450 3575 3473 ,
3607 3409 3710 3461 sive
3736 3411 3825 3477 qui

2238 3506 2410 3570 docet,
2444 3503 2494 3558 in
2527 3505 2757 3559 doctrina
2784 3506 2802 3576 (
2828 3505 2975 3559 Rom.
3009 3504 3095 3559 li.
3129 3504 3183 3558 4.
3214 3501 3305 3568 7).
3347 3502 3498 3568 Quod
3530 3511 3711 3557 autem
3747 3503 3823 3556 illi

2237 3593 2361 3649 inde
2383 3597 2434 3648 in
2461 3598 2823 3665 arrogantiam
2850 3595 3165 3659 inciderent,
3194 3593 3244 3648 id
3268 3595 3319 3647 in
3350 3592 3610 3662 principio
3634 3590 3824 3647 subin—

2236 3685 2432 3741 dicavit
2464 3688 2531 3741 ita
2559 3687 2744 3741 dicens
2778 3705 2790 3739 :
2823 3685 2952 3740 Dico
2981 3696 3149 3739 autent
3178 3684 3319 3738 vobis
3343 3700 3432 3754 per
3471 3683 3687 3753 gratiam
3711 3699 3828 3751 qua

2238 3777 2361 3830 data
2402 3788 2473 3832 est
2517 3778 2640 3830 mihi
2662 3777 2678 3841 ,'
2708 3777 2939 3831 omnibus
2977 3776 3062 3844 qui
3099 3784 3215 3828 sunt
3256 3776 3309 3827 in
3352 3774 3490 3827 vobis
3517 3814 3533 3840 ,
3575 3789 3676 3825 non
3708 3774 3825 3841 plus

2238 3885 2416 3937 sapere
2442 3885 2592 3935 quam
2620 3877 2813 3937 Oportet
2843 3882 3042 3936 sapere,
3069 3865 3159 3919 sed
3183 3881 3367 3931 sapere
3388 3863 3457 3916 ad
3478 3863 3823 3927 sobrietatem,

2238 3961 2509 4025 unicuique
2562 3969 2616 4013 ut
2669 3958 2808 4013 Deus
2852 3957 3107 4012 distribuit
3156 3973 3444 4010 mensuram
3490 3954 3610 4023 ﬁdei
3638 3953 3822 4024 (Ibid.

2239 4066 2294 4104 ν.
2335 4052 2433 4119 3).
2474 4050 2655 4120 Itaque
2700 4065 2821 4105 cum
2869 4049 2977 4103 illis
3005 4050 3024 4119 (
3056 4062 3228 4118 neque
3270 4048 3414 4102 enim
3461 4060 3685 4119 magnus
3710 4056 3829 4100 erat

2241 4142 2464 4195 morbus
2488 4142 2689 4196 dissidii
2715 4151 2769 4198 ct
2788 4140 3105 4210 arrogantiae
3126 4140 3144 4209 )
3167 4139 3245 4194 sic
3263 4138 3517 4194 disseruit
3544 4155 3557 4191 :
3585 4137 3673 4191 hic
3698 4152 3827 4192 vero

2240 4245 2361 4285 eum
2392 4232 2561 4285 multo
2590 4232 2806 4297 studio;
2839 4246 2964 4285 nam
2997 4230 3217 4285 morbus
3241 4229 3399 4284 valde
3442 4228 3825 4282 invalescebat.

2243 4324 2438 4377 Atnon
2460 4324 2560 4377 hoc
2589 4331 2793 4377 tantum
2818 4324 2938 4376 illos
2967 4320 3342 4385 conturbabat,
3373 4318 3467 4373 sed
3492 4317 3641 4371 multi
3670 4325 3825 4372 erant

2243 4413 2363 4466 istic
2403 4413 2704 4468 divinantes
2725 4452 2741 4477 ,
2771 4411 2912 4482 quod
2941 4412 3069 4465 urbs
3113 4412 3201 4464 illa
3231 4409 3545 4465 Graecorum
3574 4408 3818 4463 moribus

2242 4504 2452 4560 addicta
2477 4513 2640 4567 esset,
2671 4513 2725 4559 et
2751 4518 2872 4557 eum
2896 4502 3015 4556 aliis
3044 4502 3146 4555 hoc
3171 4514 3387 4570 quoque
3414 4498 3536 4553 illos
3564 4498 3821 4569 supplan-

2245 4598 2391 4652 tabat
2416 4606 2468 4652 et
2499 4596 2765 4651 turbabat.
2807 4595 3141 4664 Quapropter
3169 4591 3380 4646 orditur
3418 4598 3660 4645 statuens
3697 4588 3828 4656 quid

2244 4691 2529 4744 interesset
2554 4688 2880 4743 discriminis
2908 4684 3289 4739 divinationem
3322 4684 3462 4736 inter
3496 4688 3554 4734 et
3585 4679 3824 4748 prophe-

2247 4784 2396 4835 tiam.
2438 4782 2727 4849 l'ropterea
2756 4779 2917 4833 etiam
2954 4776 3309 4832 discretiones
3350 4772 3633 4844 spirituum
3669 4783 3828 4825 accc-

2249 4880 2439 4939 perunt
2461 4911 2475 4934 ,
2508 4880 2566 4922 ut
2593 4869 2963 4923 discernerent
3000 4874 3055 4922 et.
3099 4867 3337 4927 scirent,
3371 4860 3492 4929 quis
3518 4860 3831 4928 loqueretur

2248 4976 2345 5030 per
2374 4962 2629 5014 mundum
2675 4960 2917 5031 spiritum
2946 5002 2963 5027 ,
3011 4960 3130 5029 quis
3159 4972 3252 5025 per
3302 4950 3653 5007 immundum.
3695 4951 3831 5019 Quia

2249 5055 2391 5109 enim
2422 5071 2486 5109 ex
2518 5056 2631 5123 ipsa
2677 5069 2736 5109 re
2778 5070 2882 5108 non
2915 5060 3124 5122 poterat
3152 5048 3414 5101 dictorum
3442 5044 3834 5101 demonstratio

2252 5148 2477 5216 praeberi
2508 5148 2524 5216 (
2553 5146 2828 5217 prophetia
2859 5146 2999 5199 enim
3050 5155 3156 5194 non
3187 5140 3241 5193 in
3284 5146 3528 5209 tempore
3569 5155 3679 5210 quo
3704 5154 3833 5209 pro-

2252 5236 2456 5302 fertur,
2506 5239 2600 5293 sed
2649 5237 2705 5292 in
2751 5247 2994 5303 tempore
3037 5238 3259 5285 eventus
3306 5230 3665 5299 pronuntiata:
3711 5229 3835 5293 rei,

2252 5330 2494 5383 veritatis
2540 5343 2650 5383 sua:
2700 5332 3071 5396 argumentum
3126 5321 3408 5391 prmbct);
3456 5336 3631 5389 neque
3676 5318 3834 5373 facile

2252 5430 2368 5475 erat
2410 5421 2553 5475 illam
2599 5421 2968 5482 internoscere
2992 5454 3008 5480 ,
3049 5414 3333 5485 dicereque
3368 5415 3489 5484 quis
3530 5410 3793 5481 propheta
3820 5449 3839 5475 ,

2254 5511 2374 5580 quis
2413 5511 2639 5567 mendax
2680 5517 2824 5565 esset
2868 5506 3107 5579 (etenim
3154 5523 3275 5563 eum
3326 5506 3588 5560 scelestus
3633 5510 3689 5555 et
3733 5500 3838 5554 im-

2257 5603 2485 5659 mundus
2514 5604 2581 5657 sit
2607 5600 2890 5669 diabolus,
2939 5602 2992 5656 ln
3032 5596 3320 5671 prepbetas
3362 5609 3481 5650 sese
3526 5590 3799 5659 injicicbat
3824 5632 3842 5658 ,

2258 5698 2418 5753 farsos
2477 5699 2740 5755 inducens
2781 5692 3117 5764 prophetas,
3169 5702 3226 5749 ut
3267 5692 3358 5762 qui
3411 5700 3464 5743 et
3516 5682 3615 5755 ipsi
3664 5682 3831 5739 futura
