  <div class='ocr_page' id='page_1' title='image "/cluster/home/n/w/nwhite01/storage/ocr_20150623/61/nnc1.0022379681/250.png"; bbox 0 0 4004 6208; ppageno 0'>
   <div class='ocr_carea' id='block_1_1' title="bbox 257 280 354 333">
    <p class='ocr_par' dir='ltr' id='par_1_1' title="bbox 257 280 354 333">
     <span class='ocr_line' id='line_1_1' title="bbox 257 280 354 333; baseline -0.021 0"><span class='ocrx_word' id='word_1_1' title='bbox 257 280 354 333; x_wconf 73' lang='grc' dir='ltr'><strong>2η</strong></span> 
     </span>
    </p>
   </div>
   <div class='ocr_carea' id='block_1_2' title="bbox 258 397 1840 470">
    <p class='ocr_par' dir='ltr' id='par_1_2' title="bbox 258 397 1840 470">
     <span class='ocr_line' id='line_1_2' title="bbox 258 397 1840 470; baseline 0 -21"><span class='ocrx_word' id='word_1_2' title='bbox 258 397 645 470; x_wconf 64' lang='grc' dir='ltr'><strong>ρτιεάἰοεωηι)</strong></span> <span class='ocrx_word' id='word_1_3' title='bbox 679 417 691 451; x_wconf 92' lang='lat'><strong>:</strong></span> <span class='ocrx_word' id='word_1_4' title='bbox 725 398 919 455; x_wconf 88' lang='lat' dir='ltr'><strong>deinde</strong></span> <span class='ocrx_word' id='word_1_5' title='bbox 947 399 1066 469; x_wconf 88' lang='lat' dir='ltr'><strong>quia</strong></span> <span class='ocrx_word' id='word_1_6' title='bbox 1098 397 1167 454; x_wconf 89' lang='lat' dir='ltr'><strong>de</strong></span> <span class='ocrx_word' id='word_1_7' title='bbox 1197 399 1262 453; x_wconf 85' lang='lat' dir='ltr'><strong>tis</strong></span> <span class='ocrx_word' id='word_1_8' title='bbox 1286 441 1302 466; x_wconf 94' lang='lat'><strong>,</strong></span> <span class='ocrx_word' id='word_1_9' title='bbox 1332 415 1451 470; x_wconf 82' lang='lat' dir='ltr'><strong>quae</strong></span> <span class='ocrx_word' id='word_1_10' title='bbox 1481 398 1797 453; x_wconf 73' lang='lat' dir='ltr'><strong>dicebantur</strong></span> <span class='ocrx_word' id='word_1_11' title='bbox 1822 437 1840 459; x_wconf 89' lang='lat'><strong>,</strong></span> 
     </span>
    </p>
   </div>
   <div class='ocr_carea' id='block_1_3' title="bbox 259 488 1844 560">
    <p class='ocr_par' dir='ltr' id='par_1_3' title="bbox 259 488 1844 560">
     <span class='ocr_line' id='line_1_3' title="bbox 259 488 1844 560; baseline -0.001 -17"><span class='ocrx_word' id='word_1_12' title='bbox 259 506 363 543; x_wconf 87' lang='lat' dir='ltr'><strong>non</strong></span> <span class='ocrx_word' id='word_1_13' title='bbox 412 498 624 560; x_wconf 82' lang='lat' dir='ltr'><strong>poterat</strong></span> <span class='ocrx_word' id='word_1_14' title='bbox 671 489 807 544; x_wconf 87' lang='lat' dir='ltr'><strong>ratio</strong></span> <span class='ocrx_word' id='word_1_15' title='bbox 857 488 1044 553; x_wconf 89' lang='lat' dir='ltr'><strong>reddi,</strong></span> <span class='ocrx_word' id='word_1_16' title='bbox 1100 505 1222 545; x_wconf 88' lang='lat' dir='ltr'><strong>cum</strong></span> <span class='ocrx_word' id='word_1_17' title='bbox 1264 504 1352 545; x_wconf 85' lang='lat' dir='ltr'><strong>res</strong></span> <span class='ocrx_word' id='word_1_18' title='bbox 1402 503 1522 557; x_wconf 60' lang='lat' dir='ltr'><strong>qua</strong></span> <span class='ocrx_word' id='word_1_19' title='bbox 1574 488 1844 554; x_wconf 63' lang='lat' dir='ltr'><strong>[indictas</strong></span> 
     </span>
    </p>
   </div>
   <div class='ocr_carea' id='block_1_4' title="bbox 259 579 1844 647">
    <p class='ocr_par' dir='ltr' id='par_1_4' title="bbox 259 579 1844 647">
     <span class='ocr_line' id='line_1_4' title="bbox 259 579 1844 647; baseline 0.001 -14"><span class='ocrx_word' id='word_1_20' title='bbox 259 580 471 634; x_wconf 86' lang='lat' dir='ltr'><strong>fuerant</strong></span> <span class='ocrx_word' id='word_1_21' title='bbox 516 580 752 635; x_wconf 90' lang='lat' dir='ltr'><strong>nondum</strong></span> <span class='ocrx_word' id='word_1_22' title='bbox 797 581 1144 647; x_wconf 77' lang='lat' dir='ltr'><strong>evenissent,</strong></span> <span class='ocrx_word' id='word_1_23' title='bbox 1186 592 1241 636; x_wconf 89' lang='lat' dir='ltr'><strong>et</strong></span> <span class='ocrx_word' id='word_1_24' title='bbox 1272 581 1425 636; x_wconf 89' lang='lat' dir='ltr'><strong>facile</strong></span> <span class='ocrx_word' id='word_1_25' title='bbox 1466 579 1844 634; x_wconf 72' lang='lat' dir='ltr'><strong>confutabatur</strong></span> 
     </span>
    </p>
   </div>
   <div class='ocr_carea' id='block_1_5' title="bbox 259 668 1842 740">
    <p class='ocr_par' dir='ltr' id='par_1_5' title="bbox 259 668 1842 740">
     <span class='ocr_line' id='line_1_5' title="bbox 259 668 1842 740; baseline 0.001 -19"><span class='ocrx_word' id='word_1_26' title='bbox 259 669 615 737; x_wconf 86' lang='lat' dir='ltr'><strong>(mendacem</strong></span> <span class='ocrx_word' id='word_1_27' title='bbox 660 672 801 725; x_wconf 89' lang='lat' dir='ltr'><strong>enim</strong></span> <span class='ocrx_word' id='word_1_28' title='bbox 854 681 909 725; x_wconf 90' lang='lat' dir='ltr'><strong>et</strong></span> <span class='ocrx_word' id='word_1_29' title='bbox 958 685 1201 727; x_wconf 85' lang='lat' dir='ltr'><strong>veracem</strong></span> <span class='ocrx_word' id='word_1_30' title='bbox 1267 671 1388 725; x_wconf 83' lang='lat' dir='ltr'><strong>finis</strong></span> <span class='ocrx_word' id='word_1_31' title='bbox 1438 668 1842 740; x_wconf 77' lang='lat' dir='ltr'><strong>comprobat):</strong></span> 
     </span>
    </p>
   </div>
   <div class='ocr_carea' id='block_1_6' title="bbox 258 760 1844 832">
    <p class='ocr_par' dir='ltr' id='par_1_6' title="bbox 258 760 1844 832">
     <span class='ocr_line' id='line_1_6' title="bbox 258 760 1844 832; baseline 0.001 -20"><span class='ocrx_word' id='word_1_32' title='bbox 258 773 330 813; x_wconf 85' lang='lat' dir='ltr'><strong>ne</strong></span> <span class='ocrx_word' id='word_1_33' title='bbox 343 769 467 814; x_wconf 91' lang='lat' dir='ltr'><strong>ante</strong></span> <span class='ocrx_word' id='word_1_34' title='bbox 492 760 656 815; x_wconf 81' lang='lat' dir='ltr'><strong>linem</strong></span> <span class='ocrx_word' id='word_1_35' title='bbox 675 762 946 816; x_wconf 77' lang='lat' dir='ltr'><strong>auditores</strong></span> <span class='ocrx_word' id='word_1_36' title='bbox 963 762 1358 832; x_wconf 67' lang='lat' dir='ltr'><strong>deciperentur,</strong></span> <span class='ocrx_word' id='word_1_37' title='bbox 1381 762 1474 816; x_wconf 92' lang='lat' dir='ltr'><strong>dat</strong></span> <span class='ocrx_word' id='word_1_38' title='bbox 1489 762 1591 816; x_wconf 87' lang='lat' dir='ltr'><strong>illis</strong></span> <span class='ocrx_word' id='word_1_39' title='bbox 1608 762 1844 831; x_wconf 74' lang='lat' dir='ltr'><strong>signum,</strong></span> 
     </span>
    </p>
   </div>
   <div class='ocr_carea' id='block_1_7' title="bbox 256 849 1843 917">
    <p class='ocr_par' dir='ltr' id='par_1_7' title="bbox 256 849 1843 917">
     <span class='ocr_line' id='line_1_7' title="bbox 256 849 1843 917; baseline 0.002 -13"><span class='ocrx_word' id='word_1_40' title='bbox 256 849 400 917; x_wconf 86' lang='lat' dir='ltr'><strong>quod</strong></span> <span class='ocrx_word' id='word_1_41' title='bbox 428 853 590 905; x_wconf 89' lang='lat' dir='ltr'><strong>etiam</strong></span> <span class='ocrx_word' id='word_1_42' title='bbox 632 862 757 908; x_wconf 88' lang='lat' dir='ltr'><strong>ante</strong></span> <span class='ocrx_word' id='word_1_43' title='bbox 794 864 1045 908; x_wconf 86' lang='lat' dir='ltr'><strong>eventum</strong></span> <span class='ocrx_word' id='word_1_44' title='bbox 1084 854 1224 908; x_wconf 91' lang='lat' dir='ltr'><strong>hunc</strong></span> <span class='ocrx_word' id='word_1_45' title='bbox 1262 862 1316 908; x_wconf 89' lang='lat' dir='ltr'><strong>et</strong></span> <span class='ocrx_word' id='word_1_46' title='bbox 1348 855 1497 908; x_wconf 86' lang='lat' dir='ltr'><strong>illum</strong></span> <span class='ocrx_word' id='word_1_47' title='bbox 1540 853 1843 908; x_wconf 85' lang='lat' dir='ltr'><strong>indicaret:</strong></span> 
     </span>
    </p>
   </div>
   <div class='ocr_carea' id='block_1_8' title="bbox 255 941 1847 1014">
    <p class='ocr_par' dir='ltr' id='par_1_8' title="bbox 255 941 1847 1014">
     <span class='ocr_line' id='line_1_8' title="bbox 255 941 1847 1014; baseline 0.002 -20"><span class='ocrx_word' id='word_1_48' title='bbox 255 949 310 994; x_wconf 90' lang='lat' dir='ltr'><strong>et</strong></span> <span class='ocrx_word' id='word_1_49' title='bbox 338 941 463 995; x_wconf 89' lang='lat' dir='ltr'><strong>hinc</strong></span> <span class='ocrx_word' id='word_1_50' title='bbox 494 950 715 1011; x_wconf 85' lang='lat' dir='ltr'><strong>accepta</strong></span> <span class='ocrx_word' id='word_1_51' title='bbox 744 945 1125 1013; x_wconf 75' lang='lat' dir='ltr'><strong>consequentia</strong></span> <span class='ocrx_word' id='word_1_52' title='bbox 1151 954 1204 997; x_wconf 93' lang='lat' dir='ltr'><strong>et</strong></span> <span class='ocrx_word' id='word_1_53' title='bbox 1236 944 1519 1014; x_wconf 89' lang='lat' dir='ltr'><strong>principio,</strong></span> <span class='ocrx_word' id='word_1_54' title='bbox 1550 944 1628 999; x_wconf 89' lang='lat' dir='ltr'><strong>sic</strong></span> <span class='ocrx_word' id='word_1_55' title='bbox 1649 945 1703 997; x_wconf 91' lang='lat' dir='ltr'><strong>in</strong></span> <span class='ocrx_word' id='word_1_56' title='bbox 1732 959 1847 997; x_wconf 80' lang='lat' dir='ltr'><strong>scr-</strong></span> 
     </span>
    </p>
   </div>
   <div class='ocr_carea' id='block_1_9' title="bbox 257 1018 1845 1098">
    <p class='ocr_par' dir='ltr' id='par_1_9' title="bbox 257 1018 1845 1098">
     <span class='ocr_line' id='line_1_9' title="bbox 257 1018 1845 1098; baseline 0.004 -15"><span class='ocrx_word' id='word_1_57' title='bbox 257 1046 479 1086; x_wconf 88' lang='lat' dir='ltr'><strong>monem</strong></span> <span class='ocrx_word' id='word_1_58' title='bbox 502 1032 571 1087; x_wconf 89' lang='lat' dir='ltr'><strong>de</strong></span> <span class='ocrx_word' id='word_1_59' title='bbox 615 1018 1026 1089; x_wconf 77' lang='lat' dir='ltr'><strong>charismatibus</strong></span> <span class='ocrx_word' id='word_1_60' title='bbox 1068 1035 1296 1098; x_wconf 80' lang='lat' dir='ltr'><strong>transit,</strong></span> <span class='ocrx_word' id='word_1_61' title='bbox 1344 1042 1400 1089; x_wconf 90' lang='lat' dir='ltr'><strong>et</strong></span> <span class='ocrx_word' id='word_1_62' title='bbox 1446 1035 1845 1089; x_wconf 81' lang='lat' dir='ltr'><strong>contentionem</strong></span> 
     </span>
    </p>
   </div>
   <div class='ocr_carea' id='block_1_10' title="bbox 255 1120 1847 1195">
    <p class='ocr_par' dir='ltr' id='par_1_10' title="bbox 255 1120 1847 1195">
     <span class='ocr_line' id='line_1_10' title="bbox 255 1120 1847 1195; baseline 0.002 -21"><span class='ocrx_word' id='word_1_63' title='bbox 255 1120 382 1175; x_wconf 89' lang='lat' dir='ltr'><strong>inde</strong></span> <span class='ocrx_word' id='word_1_64' title='bbox 405 1124 685 1177; x_wconf 87' lang='lat' dir='ltr'><strong>subortam</strong></span> <span class='ocrx_word' id='word_1_65' title='bbox 717 1123 953 1195; x_wconf 69' lang='lat' dir='ltr'><strong>corrigit.</strong></span> <span class='ocrx_word' id='word_1_66' title='bbox 985 1124 1199 1178; x_wconf 87' lang='lat' dir='ltr'><strong>Interim</strong></span> <span class='ocrx_word' id='word_1_67' title='bbox 1222 1138 1347 1178; x_wconf 84' lang='lat' dir='ltr'><strong>vero</strong></span> <span class='ocrx_word' id='word_1_68' title='bbox 1373 1123 1441 1179; x_wconf 91' lang='lat' dir='ltr'><strong>de</strong></span> <span class='ocrx_word' id='word_1_69' title='bbox 1462 1124 1847 1178; x_wconf 84' lang='lat' dir='ltr'><strong>divinatoribns</strong></span> 
     </span>
    </p>
   </div>
   <div class='ocr_carea' id='block_1_11' title="bbox 256 1212 1846 1285">
    <p class='ocr_par' dir='ltr' id='par_1_11' title="bbox 256 1212 1846 1285">
     <span class='ocr_line' id='line_1_11' title="bbox 256 1212 1846 1285; baseline 0.002 -19"><span class='ocrx_word' id='word_1_70' title='bbox 256 1212 487 1281; x_wconf 86' lang='lat' dir='ltr'><strong>loquens</strong></span> <span class='ocrx_word' id='word_1_71' title='bbox 514 1215 592 1268; x_wconf 87' lang='lat' dir='ltr'><strong>sic</strong></span> <span class='ocrx_word' id='word_1_72' title='bbox 620 1215 830 1271; x_wconf 84' lang='lat' dir='ltr'><strong>orditur</strong></span> <span class='ocrx_word' id='word_1_73' title='bbox 860 1234 875 1269; x_wconf 91' lang='lat'><strong>:</strong></span> <span class='ocrx_word' id='word_1_74' title='bbox 915 1214 991 1269; x_wconf 88' lang='lat' dir='ltr'><strong>De</strong></span> <span class='ocrx_word' id='word_1_75' title='bbox 1020 1214 1368 1285; x_wconf 81' lang='lat' dir='ltr'><strong>spiritualibus</strong></span> <span class='ocrx_word' id='word_1_76' title='bbox 1408 1225 1577 1270; x_wconf 81' lang='lat' dir='ltr'><strong>autem</strong></span> <span class='ocrx_word' id='word_1_77' title='bbox 1608 1215 1728 1269; x_wconf 79' lang='lat' dir='ltr'><strong>nolo</strong></span> <span class='ocrx_word' id='word_1_78' title='bbox 1760 1230 1846 1269; x_wconf 79' lang='lat' dir='ltr'><strong>vos</strong></span> 
     </span>
    </p>
   </div>
   <div class='ocr_carea' id='block_1_12' title="bbox 256 1307 1845 1377">
    <p class='ocr_par' dir='ltr' id='par_1_12' title="bbox 256 1307 1845 1377">
     <span class='ocr_line' id='line_1_12' title="bbox 256 1307 1845 1377; baseline 0.003 -21"><span class='ocrx_word' id='word_1_79' title='bbox 256 1307 495 1373; x_wconf 82' lang='lat' dir='ltr'><strong>ignorare</strong></span> <span class='ocrx_word' id='word_1_80' title='bbox 516 1347 532 1373; x_wconf 93' lang='lat'><strong>,</strong></span> <span class='ocrx_word' id='word_1_81' title='bbox 565 1311 785 1377; x_wconf 77' lang='lat' dir='ltr'><strong>fratres;</strong></span> <span class='ocrx_word' id='word_1_82' title='bbox 815 1307 1109 1376; x_wconf 89' lang='lat' dir='ltr'><strong>spiritualia</strong></span> <span class='ocrx_word' id='word_1_83' title='bbox 1136 1321 1333 1362; x_wconf 86' lang='lat' dir='ltr'><strong>vocans</strong></span> <span class='ocrx_word' id='word_1_84' title='bbox 1358 1308 1506 1375; x_wconf 78' lang='lat' dir='ltr'><strong>signa</strong></span> <span class='ocrx_word' id='word_1_85' title='bbox 1534 1348 1549 1372; x_wconf 96' lang='lat'><strong>,</strong></span> <span class='ocrx_word' id='word_1_86' title='bbox 1600 1308 1723 1377; x_wconf 88' lang='lat' dir='ltr'><strong>quia</strong></span> <span class='ocrx_word' id='word_1_87' title='bbox 1758 1308 1845 1361; x_wconf 88' lang='lat' dir='ltr'><strong>illa</strong></span> 
     </span>
    </p>
   </div>
   <div class='ocr_carea' id='block_1_13' title="bbox 255 1397 1841 1469">
    <p class='ocr_par' dir='ltr' id='par_1_13' title="bbox 255 1397 1841 1469">
     <span class='ocr_line' id='line_1_13' title="bbox 255 1397 1841 1469; baseline 0.004 -19"><span class='ocrx_word' id='word_1_88' title='bbox 255 1397 492 1465; x_wconf 90' lang='lat' dir='ltr'><strong>Spiritus</strong></span> <span class='ocrx_word' id='word_1_89' title='bbox 517 1401 682 1454; x_wconf 84' lang='lat' dir='ltr'><strong>solius</strong></span> <span class='ocrx_word' id='word_1_90' title='bbox 709 1409 832 1455; x_wconf 91' lang='lat' dir='ltr'><strong>sunt</strong></span> <span class='ocrx_word' id='word_1_91' title='bbox 860 1415 1045 1469; x_wconf 82' lang='lat' dir='ltr'><strong>opera,</strong></span> <span class='ocrx_word' id='word_1_92' title='bbox 1074 1399 1309 1454; x_wconf 88' lang='lat' dir='ltr'><strong>humano</strong></span> <span class='ocrx_word' id='word_1_93' title='bbox 1340 1400 1520 1455; x_wconf 90' lang='lat' dir='ltr'><strong>studio</strong></span> <span class='ocrx_word' id='word_1_94' title='bbox 1547 1401 1678 1455; x_wconf 82' lang='lat' dir='ltr'><strong>nihil</strong></span> <span class='ocrx_word' id='word_1_95' title='bbox 1706 1400 1841 1456; x_wconf 78' lang='lat' dir='ltr'><strong>alle-</strong></span> 
     </span>
    </p>
   </div>
   <div class='ocr_carea' id='block_1_14' title="bbox 258 1492 1842 1563">
    <p class='ocr_par' dir='ltr' id='par_1_14' title="bbox 258 1492 1842 1563">
     <span class='ocr_line' id='line_1_14' title="bbox 258 1492 1842 1563; baseline 0.003 -20"><span class='ocrx_word' id='word_1_96' title='bbox 258 1502 413 1546; x_wconf 89' lang='lat' dir='ltr'><strong>rente</strong></span> <span class='ocrx_word' id='word_1_97' title='bbox 438 1492 507 1546; x_wconf 82' lang='lat' dir='ltr'><strong>ad</strong></span> <span class='ocrx_word' id='word_1_98' title='bbox 542 1493 665 1546; x_wconf 88' lang='lat' dir='ltr'><strong>talia</strong></span> <span class='ocrx_word' id='word_1_99' title='bbox 690 1492 946 1547; x_wconf 88' lang='lat' dir='ltr'><strong>miracula</strong></span> <span class='ocrx_word' id='word_1_100' title='bbox 996 1494 1275 1563; x_wconf 83' lang='lat' dir='ltr'><strong>patranda.</strong></span> <span class='ocrx_word' id='word_1_101' title='bbox 1319 1494 1388 1548; x_wconf 87' lang='lat' dir='ltr'><strong>Et</strong></span> <span class='ocrx_word' id='word_1_102' title='bbox 1414 1494 1482 1548; x_wconf 90' lang='lat' dir='ltr'><strong>de</strong></span> <span class='ocrx_word' id='word_1_103' title='bbox 1520 1495 1630 1548; x_wconf 89' lang='lat' dir='ltr'><strong>illis</strong></span> <span class='ocrx_word' id='word_1_104' title='bbox 1656 1494 1842 1563; x_wconf 87' lang='lat' dir='ltr'><strong>dispu-</strong></span> 
     </span>
    </p>
   </div>
   <div class='ocr_carea' id='block_1_15' title="bbox 260 1582 1846 1653">
    <p class='ocr_par' dir='ltr' id='par_1_15' title="bbox 260 1582 1846 1653">
     <span class='ocr_line' id='line_1_15' title="bbox 260 1582 1846 1653; baseline 0.004 -20"><span class='ocrx_word' id='word_1_105' title='bbox 260 1591 469 1635; x_wconf 85' lang='lat' dir='ltr'><strong>laturus</strong></span> <span class='ocrx_word' id='word_1_106' title='bbox 490 1624 507 1647; x_wconf 91' lang='lat'><strong>,</strong></span> <span class='ocrx_word' id='word_1_107' title='bbox 541 1582 685 1647; x_wconf 88' lang='lat' dir='ltr'><strong>prius</strong></span> <span class='ocrx_word' id='word_1_108' title='bbox 706 1622 722 1644; x_wconf 87' lang='lat'><strong>,</strong></span> <span class='ocrx_word' id='word_1_109' title='bbox 766 1590 821 1637; x_wconf 91' lang='lat' dir='ltr'><strong>ut</strong></span> <span class='ocrx_word' id='word_1_110' title='bbox 850 1582 959 1637; x_wconf 77' lang='lat' dir='ltr'><strong>disi</strong></span> <span class='ocrx_word' id='word_1_111' title='bbox 982 1623 996 1648; x_wconf 93' lang='lat'><strong>,</strong></span> <span class='ocrx_word' id='word_1_112' title='bbox 1038 1583 1423 1638; x_wconf 79' lang='lat' dir='ltr'><strong>divinationem</strong></span> <span class='ocrx_word' id='word_1_113' title='bbox 1454 1583 1594 1639; x_wconf 90' lang='lat' dir='ltr'><strong>inter</strong></span> <span class='ocrx_word' id='word_1_114' title='bbox 1632 1592 1687 1638; x_wconf 90' lang='lat' dir='ltr'><strong>et</strong></span> <span class='ocrx_word' id='word_1_115' title='bbox 1720 1600 1846 1653; x_wconf 87' lang='lat' dir='ltr'><strong>pro-</strong></span> 
     </span>
    </p>
   </div>
   <div class='ocr_carea' id='block_1_16' title="bbox 258 1671 1848 1744">
    <p class='ocr_par' dir='ltr' id='par_1_16' title="bbox 258 1671 1848 1744">
     <span class='ocr_line' id='line_1_16' title="bbox 258 1671 1848 1744; baseline 0.003 -20"><span class='ocrx_word' id='word_1_116' title='bbox 258 1673 499 1741; x_wconf 88' lang='lat' dir='ltr'><strong>phetiam</strong></span> <span class='ocrx_word' id='word_1_117' title='bbox 527 1671 886 1728; x_wconf 77' lang='lat' dir='ltr'><strong>differentiam</strong></span> <span class='ocrx_word' id='word_1_118' title='bbox 929 1674 1111 1742; x_wconf 86' lang='lat' dir='ltr'><strong>ponit,</strong></span> <span class='ocrx_word' id='word_1_119' title='bbox 1158 1675 1238 1729; x_wconf 90' lang='lat' dir='ltr'><strong>sic</strong></span> <span class='ocrx_word' id='word_1_120' title='bbox 1263 1675 1451 1730; x_wconf 86' lang='lat' dir='ltr'><strong>dicens</strong></span> <span class='ocrx_word' id='word_1_121' title='bbox 1476 1692 1491 1729; x_wconf 92' lang='lat'>:</span> <span class='ocrx_word' id='word_1_122' title='bbox 1524 1674 1680 1729; x_wconf 84' lang='lat' dir='ltr'><strong>Scitis</strong></span> <span class='ocrx_word' id='word_1_123' title='bbox 1709 1676 1848 1744; x_wconf 82' lang='lat' dir='ltr'><strong>quod</strong></span> 
     </span>
    </p>
   </div>
   <div class='ocr_carea' id='block_1_17' title="bbox 258 1766 1847 1836">
    <p class='ocr_par' dir='ltr' id='par_1_17' title="bbox 258 1766 1847 1836">
     <span class='ocr_line' id='line_1_17' title="bbox 258 1766 1847 1836; baseline 0.003 -19"><span class='ocrx_word' id='word_1_124' title='bbox 258 1781 374 1818; x_wconf 73' lang='lat' dir='ltr'><strong>cum</strong></span> <span class='ocrx_word' id='word_1_125' title='bbox 402 1774 577 1836; x_wconf 72' lang='lat' dir='ltr'><strong>gentes</strong></span> <span class='ocrx_word' id='word_1_126' title='bbox 618 1766 821 1830; x_wconf 79' lang='lat' dir='ltr'><strong>essetis,</strong></span> <span class='ocrx_word' id='word_1_127' title='bbox 864 1766 932 1819; x_wconf 86' lang='lat' dir='ltr'><strong>ad</strong></span> <span class='ocrx_word' id='word_1_128' title='bbox 975 1766 1248 1820; x_wconf 83' lang='lat' dir='ltr'><strong>simulacra</strong></span> <span class='ocrx_word' id='word_1_129' title='bbox 1285 1777 1423 1821; x_wconf 86' lang='lat' dir='ltr'><strong>muta</strong></span> <span class='ocrx_word' id='word_1_130' title='bbox 1452 1776 1600 1834; x_wconf 80' lang='lat' dir='ltr'><strong>prout</strong></span> <span class='ocrx_word' id='word_1_131' title='bbox 1628 1767 1847 1821; x_wconf 76' lang='lat' dir='ltr'><strong>duceba-</strong></span> 
     </span>
    </p>
   </div>
   <div class='ocr_carea' id='block_1_18' title="bbox 257 1855 1849 1929">
    <p class='ocr_par' dir='ltr' id='par_1_18' title="bbox 257 1855 1849 1929">
     <span class='ocr_line' id='line_1_18' title="bbox 257 1855 1849 1929; baseline 0.003 -22"><span class='ocrx_word' id='word_1_132' title='bbox 257 1857 383 1909; x_wconf 84' lang='lat' dir='ltr'><strong>mini</strong></span> <span class='ocrx_word' id='word_1_133' title='bbox 404 1866 595 1910; x_wconf 82' lang='lat' dir='ltr'><strong>euntes.</strong></span> <span class='ocrx_word' id='word_1_134' title='bbox 626 1855 678 1909; x_wconf 91' lang='lat' dir='ltr'><strong>Id</strong></span> <span class='ocrx_word' id='word_1_135' title='bbox 704 1864 787 1911; x_wconf 88' lang='lat' dir='ltr'><strong>est</strong></span> <span class='ocrx_word' id='word_1_136' title='bbox 814 1876 827 1911; x_wconf 90' lang='lat'>:</span> <span class='ocrx_word' id='word_1_137' title='bbox 860 1857 914 1910; x_wconf 90' lang='lat' dir='ltr'><strong>In</strong></span> <span class='ocrx_word' id='word_1_138' title='bbox 947 1857 1125 1924; x_wconf 87' lang='lat' dir='ltr'><strong>idolis,</strong></span> <span class='ocrx_word' id='word_1_139' title='bbox 1157 1858 1349 1927; x_wconf 90' lang='lat' dir='ltr'><strong>inquit,</strong></span> <span class='ocrx_word' id='word_1_140' title='bbox 1377 1858 1421 1913; x_wconf 88' lang='lat' dir='ltr'><strong>si</strong></span> <span class='ocrx_word' id='word_1_141' title='bbox 1448 1860 1568 1929; x_wconf 85' lang='lat' dir='ltr'><strong>quis</strong></span> <span class='ocrx_word' id='word_1_142' title='bbox 1594 1858 1849 1927; x_wconf 87' lang='lat' dir='ltr'><strong>abreptus</strong></span> 
     </span>
    </p>
   </div>
   <div class='ocr_carea' id='block_1_19' title="bbox 256 1947 1848 2021">
    <p class='ocr_par' dir='ltr' id='par_1_19' title="bbox 256 1947 1848 2021">
     <span class='ocr_line' id='line_1_19' title="bbox 256 1947 1848 2021; baseline 0.001 -18"><span class='ocrx_word' id='word_1_143' title='bbox 256 1956 406 2003; x_wconf 88' lang='lat' dir='ltr'><strong>esset</strong></span> <span class='ocrx_word' id='word_1_144' title='bbox 448 1964 477 2002; x_wconf 89' lang='lat' dir='ltr'><strong>a</strong></span> <span class='ocrx_word' id='word_1_145' title='bbox 524 1950 712 2017; x_wconf 77' lang='lat' dir='ltr'><strong>Spiritu</strong></span> <span class='ocrx_word' id='word_1_146' title='bbox 768 1947 1081 2015; x_wconf 90' lang='lat' dir='ltr'><strong>immundo,</strong></span> <span class='ocrx_word' id='word_1_147' title='bbox 1129 1960 1183 2004; x_wconf 91' lang='lat' dir='ltr'><strong>et</strong></span> <span class='ocrx_word' id='word_1_148' title='bbox 1225 1952 1642 2016; x_wconf 80' lang='lat' dir='ltr'><strong>vaticinaretur,</strong></span> <span class='ocrx_word' id='word_1_149' title='bbox 1695 1952 1848 2021; x_wconf 86' lang='lat' dir='ltr'><strong>quasi</strong></span> 
     </span>
    </p>
   </div>
   <div class='ocr_carea' id='block_1_20' title="bbox 260 2042 1849 2111">
    <p class='ocr_par' dir='ltr' id='par_1_20' title="bbox 260 2042 1849 2111">
     <span class='ocr_line' id='line_1_20' title="bbox 260 2042 1849 2111; baseline 0.003 -18"><span class='ocrx_word' id='word_1_150' title='bbox 260 2042 523 2097; x_wconf 89' lang='lat' dir='ltr'><strong>abductus</strong></span> <span class='ocrx_word' id='word_1_151' title='bbox 555 2042 632 2096; x_wconf 92' lang='lat' dir='ltr'><strong>sie</strong></span> <span class='ocrx_word' id='word_1_152' title='bbox 676 2042 765 2096; x_wconf 92' lang='lat' dir='ltr'><strong>ille</strong></span> <span class='ocrx_word' id='word_1_153' title='bbox 806 2042 1119 2095; x_wconf 82' lang='lat' dir='ltr'><strong>trahebatur</strong></span> <span class='ocrx_word' id='word_1_154' title='bbox 1144 2056 1173 2094; x_wconf 89' lang='lat' dir='ltr'><strong>a</strong></span> <span class='ocrx_word' id='word_1_155' title='bbox 1200 2043 1392 2111; x_wconf 82' lang='lat' dir='ltr'><strong>spiritu</strong></span> <span class='ocrx_word' id='word_1_156' title='bbox 1425 2043 1633 2097; x_wconf 86' lang='lat' dir='ltr'><strong>vinctus</strong></span> <span class='ocrx_word' id='word_1_157' title='bbox 1657 2085 1671 2105; x_wconf 93' lang='lat'><strong>,</strong></span> <span class='ocrx_word' id='word_1_158' title='bbox 1718 2043 1849 2097; x_wconf 86' lang='lat' dir='ltr'><strong>nihil</strong></span> 
     </span>
    </p>
   </div>
   <div class='ocr_carea' id='block_1_21' title="bbox 259 2124 1848 2201">
    <p class='ocr_par' dir='ltr' id='par_1_21' title="bbox 259 2124 1848 2201">
     <span class='ocr_line' id='line_1_21' title="bbox 259 2124 1848 2201; baseline 0.001 -17"><span class='ocrx_word' id='word_1_159' title='bbox 259 2134 437 2186; x_wconf 86' lang='lat' dir='ltr'><strong>sciens</strong></span> <span class='ocrx_word' id='word_1_160' title='bbox 464 2124 650 2185; x_wconf 80' lang='lat' dir='ltr'><strong>eorum</strong></span> <span class='ocrx_word' id='word_1_161' title='bbox 681 2147 799 2200; x_wconf 71' lang='lat' dir='ltr'><strong>qua:</strong></span> <span class='ocrx_word' id='word_1_162' title='bbox 828 2131 1058 2185; x_wconf 87' lang='lat' dir='ltr'><strong>dicebat.</strong></span> <span class='ocrx_word' id='word_1_163' title='bbox 1103 2131 1213 2186; x_wconf 86' lang='lat' dir='ltr'><strong>Hoc</strong></span> <span class='ocrx_word' id='word_1_164' title='bbox 1240 2133 1382 2187; x_wconf 90' lang='lat' dir='ltr'><strong>enim</strong></span> <span class='ocrx_word' id='word_1_165' title='bbox 1413 2132 1695 2187; x_wconf 83' lang='lat' dir='ltr'><strong>divinatort</strong></span> <span class='ocrx_word' id='word_1_166' title='bbox 1724 2147 1848 2201; x_wconf 53' lang='lat' dir='ltr'><strong>pro.</strong></span> 
     </span>
    </p>
   </div>
   <div class='ocr_carea' id='block_1_22' title="bbox 260 2225 1842 2297">
    <p class='ocr_par' dir='ltr' id='par_1_22' title="bbox 260 2225 1842 2297">
     <span class='ocr_line' id='line_1_22' title="bbox 260 2225 1842 2297; baseline 0.002 -20"><span class='ocrx_word' id='word_1_167' title='bbox 260 2225 435 2293; x_wconf 87' lang='lat' dir='ltr'><strong>prium</strong></span> <span class='ocrx_word' id='word_1_168' title='bbox 469 2234 572 2289; x_wconf 85' lang='lat' dir='ltr'><strong>est,</strong></span> <span class='ocrx_word' id='word_1_169' title='bbox 604 2234 661 2278; x_wconf 92' lang='lat' dir='ltr'><strong>ut</strong></span> <span class='ocrx_word' id='word_1_170' title='bbox 685 2233 863 2280; x_wconf 81' lang='lat' dir='ltr'><strong>mente</strong></span> <span class='ocrx_word' id='word_1_171' title='bbox 893 2225 1135 2286; x_wconf 79' lang='lat' dir='ltr'><strong>excedat.</strong></span> <span class='ocrx_word' id='word_1_172' title='bbox 1169 2227 1275 2281; x_wconf 93' lang='lat' dir='ltr'><strong>vim</strong></span> <span class='ocrx_word' id='word_1_173' title='bbox 1308 2228 1558 2296; x_wconf 85' lang='lat' dir='ltr'><strong>patiatur,</strong></span> <span class='ocrx_word' id='word_1_174' title='bbox 1590 2228 1842 2297; x_wconf 87' lang='lat' dir='ltr'><strong>pellatur,</strong></span> 
     </span>
    </p>
   </div>
   <div class='ocr_carea' id='block_1_23' title="bbox 262 2314 1845 2386">
    <p class='ocr_par' dir='ltr' id='par_1_23' title="bbox 262 2314 1845 2386">
     <span class='ocr_line' id='line_1_23' title="bbox 262 2314 1845 2386; baseline 0.003 -17"><span class='ocrx_word' id='word_1_175' title='bbox 262 2314 504 2369; x_wconf 83' lang='lat' dir='ltr'><strong>trahatur</strong></span> <span class='ocrx_word' id='word_1_176' title='bbox 526 2358 544 2382; x_wconf 88' lang='lat'><strong>,</strong></span> <span class='ocrx_word' id='word_1_177' title='bbox 576 2316 726 2383; x_wconf 87' lang='lat' dir='ltr'><strong>quasi</strong></span> <span class='ocrx_word' id='word_1_178' title='bbox 755 2315 952 2370; x_wconf 81' lang='lat' dir='ltr'><strong>furens.</strong></span> <span class='ocrx_word' id='word_1_179' title='bbox 997 2317 1260 2386; x_wconf 76' lang='lat' dir='ltr'><strong>Propheta</strong></span> <span class='ocrx_word' id='word_1_180' title='bbox 1296 2334 1424 2372; x_wconf 84' lang='lat' dir='ltr'><strong>vero</strong></span> <span class='ocrx_word' id='word_1_181' title='bbox 1452 2335 1556 2373; x_wconf 88' lang='lat' dir='ltr'><strong>non</strong></span> <span class='ocrx_word' id='word_1_182' title='bbox 1588 2320 1666 2372; x_wconf 88' lang='lat' dir='ltr'><strong>sic</strong></span> <span class='ocrx_word' id='word_1_183' title='bbox 1692 2360 1706 2382; x_wconf 91' lang='lat'><strong>,</strong></span> <span class='ocrx_word' id='word_1_184' title='bbox 1751 2318 1845 2373; x_wconf 87' lang='lat' dir='ltr'><strong>sed</strong></span> 
     </span>
    </p>
   </div>
   <div class='ocr_carea' id='block_1_24' title="bbox 260 2410 1847 2480">
    <p class='ocr_par' dir='ltr' id='par_1_24' title="bbox 260 2410 1847 2480">
     <span class='ocr_line' id='line_1_24' title="bbox 260 2410 1847 2480; baseline 0.003 -17"><span class='ocrx_word' id='word_1_185' title='bbox 260 2425 385 2463; x_wconf 89' lang='lat' dir='ltr'><strong>cum</strong></span> <span class='ocrx_word' id='word_1_186' title='bbox 415 2410 560 2477; x_wconf 80' lang='lat' dir='ltr'><strong>vigili</strong></span> <span class='ocrx_word' id='word_1_187' title='bbox 591 2420 768 2464; x_wconf 89' lang='lat' dir='ltr'><strong>mente</strong></span> <span class='ocrx_word' id='word_1_188' title='bbox 788 2450 802 2475; x_wconf 94' lang='lat'><strong>,</strong></span> <span class='ocrx_word' id='word_1_189' title='bbox 831 2426 951 2465; x_wconf 91' lang='lat' dir='ltr'><strong>cum</strong></span> <span class='ocrx_word' id='word_1_190' title='bbox 982 2413 1299 2480; x_wconf 89' lang='lat' dir='ltr'><strong>temperanti</strong></span> <span class='ocrx_word' id='word_1_191' title='bbox 1326 2415 1730 2478; x_wconf 85' lang='lat' dir='ltr'><strong>constitutione,</strong></span> <span class='ocrx_word' id='word_1_192' title='bbox 1758 2414 1847 2469; x_wconf 91' lang='lat' dir='ltr'><strong>illa</strong></span> 
     </span>
    </p>
   </div>
   <div class='ocr_carea' id='block_1_25' title="bbox 260 2502 1847 2574">
    <p class='ocr_par' dir='ltr' id='par_1_25' title="bbox 260 2502 1847 2574">
     <span class='ocr_line' id='line_1_25' title="bbox 260 2502 1847 2574; baseline 0.004 -20"><span class='ocrx_word' id='word_1_193' title='bbox 260 2504 442 2555; x_wconf 83' lang='lat' dir='ltr'><strong>sciens</strong></span> <span class='ocrx_word' id='word_1_194' title='bbox 467 2518 587 2571; x_wconf 75' lang='lat' dir='ltr'><strong>qure</strong></span> <span class='ocrx_word' id='word_1_195' title='bbox 612 2502 741 2556; x_wconf 90' lang='lat' dir='ltr'><strong>dicit</strong></span> <span class='ocrx_word' id='word_1_196' title='bbox 766 2544 779 2565; x_wconf 92' lang='lat'><strong>,</strong></span> <span class='ocrx_word' id='word_1_197' title='bbox 813 2504 991 2555; x_wconf 90' lang='lat' dir='ltr'><strong>omnia</strong></span> <span class='ocrx_word' id='word_1_198' title='bbox 1026 2504 1281 2572; x_wconf 82' lang='lat' dir='ltr'><strong>loquitur.</strong></span> <span class='ocrx_word' id='word_1_199' title='bbox 1316 2506 1499 2574; x_wconf 83' lang='lat' dir='ltr'><strong>Itaque</strong></span> <span class='ocrx_word' id='word_1_200' title='bbox 1526 2507 1690 2561; x_wconf 89' lang='lat' dir='ltr'><strong>etiam</strong></span> <span class='ocrx_word' id='word_1_201' title='bbox 1723 2516 1847 2561; x_wconf 88' lang='lat' dir='ltr'><strong>ante</strong></span> 
     </span>
    </p>
   </div>
   <div class='ocr_carea' id='block_1_26' title="bbox 261 2590 1851 2663">
    <p class='ocr_par' dir='ltr' id='par_1_26' title="bbox 261 2590 1851 2663">
     <span class='ocr_line' id='line_1_26' title="bbox 261 2590 1851 2663; baseline 0.004 -19"><span class='ocrx_word' id='word_1_202' title='bbox 261 2602 514 2644; x_wconf 85' lang='lat' dir='ltr'><strong>eventum</strong></span> <span class='ocrx_word' id='word_1_203' title='bbox 536 2590 659 2643; x_wconf 92' lang='lat' dir='ltr'><strong>hinc</strong></span> <span class='ocrx_word' id='word_1_204' title='bbox 683 2590 986 2645; x_wconf 86' lang='lat' dir='ltr'><strong>internosce</strong></span> <span class='ocrx_word' id='word_1_205' title='bbox 1013 2602 1189 2646; x_wconf 87' lang='lat' dir='ltr'><strong>vatem</strong></span> <span class='ocrx_word' id='word_1_206' title='bbox 1204 2602 1258 2646; x_wconf 92' lang='lat' dir='ltr'><strong>et</strong></span> <span class='ocrx_word' id='word_1_207' title='bbox 1280 2595 1616 2663; x_wconf 74' lang='lat' dir='ltr'><strong>prophetam.</strong></span> <span class='ocrx_word' id='word_1_208' title='bbox 1641 2597 1706 2650; x_wconf 88' lang='lat' dir='ltr'><strong>Et</strong></span> <span class='ocrx_word' id='word_1_209' title='bbox 1730 2597 1851 2651; x_wconf 77' lang='lat' dir='ltr'><strong>vide</strong></span> 
     </span>
    </p>
   </div>
   <div class='ocr_carea' id='block_1_27' title="bbox 260 2680 1853 2755">
    <p class='ocr_par' dir='ltr' id='par_1_27' title="bbox 260 2680 1853 2755">
     <span class='ocr_line' id='line_1_27' title="bbox 260 2680 1853 2755; baseline 0.005 -23"><span class='ocrx_word' id='word_1_210' title='bbox 260 2695 421 2748; x_wconf 86' lang='lat' dir='ltr'><strong>quam</strong></span> <span class='ocrx_word' id='word_1_211' title='bbox 444 2694 549 2733; x_wconf 88' lang='lat' dir='ltr'><strong>non</strong></span> <span class='ocrx_word' id='word_1_212' title='bbox 573 2690 877 2749; x_wconf 87' lang='lat' dir='ltr'><strong>suspectum</strong></span> <span class='ocrx_word' id='word_1_213' title='bbox 907 2680 1138 2751; x_wconf 84' lang='lat' dir='ltr'><strong>proferat</strong></span> <span class='ocrx_word' id='word_1_214' title='bbox 1162 2698 1465 2739; x_wconf 89' lang='lat' dir='ltr'><strong>sermonem</strong></span> <span class='ocrx_word' id='word_1_215' title='bbox 1491 2704 1505 2739; x_wconf 88' lang='lat'><strong>:</strong></span> <span class='ocrx_word' id='word_1_216' title='bbox 1531 2688 1674 2755; x_wconf 88' lang='lat' dir='ltr'><strong>ipsos</strong></span> <span class='ocrx_word' id='word_1_217' title='bbox 1698 2696 1853 2740; x_wconf 88' lang='lat' dir='ltr'><strong>vocat</strong></span> 
     </span>
    </p>
   </div>
   <div class='ocr_carea' id='block_1_28' title="bbox 263 2769 1850 2842">
    <p class='ocr_par' dir='ltr' id='par_1_28' title="bbox 263 2769 1850 2842">
     <span class='ocr_line' id='line_1_28' title="bbox 263 2769 1850 2842; baseline 0.006 -20"><span class='ocrx_word' id='word_1_218' title='bbox 263 2778 450 2832; x_wconf 82' lang='lat' dir='ltr'><strong>testes,</strong></span> <span class='ocrx_word' id='word_1_219' title='bbox 484 2769 574 2839; x_wconf 89' lang='lat' dir='ltr'><strong>qui</strong></span> <span class='ocrx_word' id='word_1_220' title='bbox 603 2771 675 2826; x_wconf 84' lang='lat' dir='ltr'><strong>rei</strong></span> <span class='ocrx_word' id='word_1_221' title='bbox 698 2772 1090 2841; x_wconf 83' lang='lat' dir='ltr'><strong>experientiam</strong></span> <span class='ocrx_word' id='word_1_222' title='bbox 1119 2772 1362 2828; x_wconf 87' lang='lat' dir='ltr'><strong>fecerint.</strong></span> <span class='ocrx_word' id='word_1_223' title='bbox 1395 2776 1547 2842; x_wconf 82' lang='lat' dir='ltr'><strong>Quod</strong></span> <span class='ocrx_word' id='word_1_224' title='bbox 1578 2779 1718 2831; x_wconf 89' lang='lat' dir='ltr'><strong>enim</strong></span> <span class='ocrx_word' id='word_1_225' title='bbox 1746 2793 1850 2832; x_wconf 91' lang='lat' dir='ltr'><strong>non</strong></span> 
     </span>
    </p>
   </div>
   <div class='ocr_carea' id='block_1_29' title="bbox 260 2860 1849 2937">
    <p class='ocr_par' dir='ltr' id='par_1_29' title="bbox 260 2860 1849 2937">
     <span class='ocr_line' id='line_1_29' title="bbox 260 2860 1849 2937; baseline 0.006 -25"><span class='ocrx_word' id='word_1_226' title='bbox 260 2860 522 2924; x_wconf 89' lang='lat' dir='ltr'><strong>mentiar,</strong></span> <span class='ocrx_word' id='word_1_227' title='bbox 552 2862 750 2929; x_wconf 87' lang='lat' dir='ltr'><strong>inquit,</strong></span> <span class='ocrx_word' id='word_1_228' title='bbox 785 2878 969 2933; x_wconf 81' lang='lat' dir='ltr'><strong>neque</strong></span> <span class='ocrx_word' id='word_1_229' title='bbox 985 2872 1187 2920; x_wconf 90' lang='lat' dir='ltr'><strong>temere</strong></span> <span class='ocrx_word' id='word_1_230' title='bbox 1216 2882 1275 2920; x_wconf 89' lang='lat' dir='ltr'><strong>ea</strong></span> <span class='ocrx_word' id='word_1_231' title='bbox 1308 2883 1427 2935; x_wconf 77' lang='lat' dir='ltr'><strong>quae</strong></span> <span class='ocrx_word' id='word_1_232' title='bbox 1448 2868 1689 2937; x_wconf 78' lang='lat' dir='ltr'><strong>gentium</strong></span> <span class='ocrx_word' id='word_1_233' title='bbox 1722 2877 1849 2921; x_wconf 86' lang='lat' dir='ltr'><strong>sunt</strong></span> 
     </span>
    </p>
   </div>
   <div class='ocr_carea' id='block_1_30' title="bbox 262 2950 1849 3024">
    <p class='ocr_par' dir='ltr' id='par_1_30' title="bbox 262 2950 1849 3024">
     <span class='ocr_line' id='line_1_30' title="bbox 262 2950 1849 3024; baseline 0.006 -22"><span class='ocrx_word' id='word_1_234' title='bbox 262 2950 542 3004; x_wconf 87' lang='lat' dir='ltr'><strong>traducam</strong></span> <span class='ocrx_word' id='word_1_235' title='bbox 564 2993 581 3017; x_wconf 95' lang='lat'><strong>,</strong></span> <span class='ocrx_word' id='word_1_236' title='bbox 613 2953 816 3022; x_wconf 70' lang='lat' dir='ltr'><strong>fingens</strong></span> <span class='ocrx_word' id='word_1_237' title='bbox 844 2962 1116 3024; x_wconf 88' lang='lat' dir='ltr'><strong>tamquam</strong></span> <span class='ocrx_word' id='word_1_238' title='bbox 1144 2956 1393 3009; x_wconf 89' lang='lat' dir='ltr'><strong>inimicus</strong></span> <span class='ocrx_word' id='word_1_239' title='bbox 1418 2998 1433 3019; x_wconf 90' lang='lat'><strong>,</strong></span> <span class='ocrx_word' id='word_1_240' title='bbox 1465 2972 1557 3011; x_wconf 82' lang='lat' dir='ltr'><strong>vos</strong></span> <span class='ocrx_word' id='word_1_241' title='bbox 1587 2958 1685 3024; x_wconf 89' lang='lat' dir='ltr'><strong>ipsi</strong></span> <span class='ocrx_word' id='word_1_242' title='bbox 1718 2956 1849 3011; x_wconf 82' lang='lat' dir='ltr'><strong>mihi</strong></span> 
     </span>
    </p>
   </div>
   <div class='ocr_carea' id='block_1_31' title="bbox 261 3044 1847 3119">
    <p class='ocr_par' dir='ltr' id='par_1_31' title="bbox 261 3044 1847 3119">
     <span class='ocr_line' id='line_1_31' title="bbox 261 3044 1847 3119; baseline 0.004 -24"><span class='ocrx_word' id='word_1_243' title='bbox 261 3044 452 3098; x_wconf 83' lang='lat' dir='ltr'><strong>feratis</strong></span> <span class='ocrx_word' id='word_1_244' title='bbox 499 3045 861 3100; x_wconf 83' lang='lat' dir='ltr'><strong>testimonium</strong></span> <span class='ocrx_word' id='word_1_245' title='bbox 908 3064 919 3099; x_wconf 96' lang='lat'>:</span> <span class='ocrx_word' id='word_1_246' title='bbox 968 3048 1165 3101; x_wconf 88' lang='lat' dir='ltr'><strong>etenim</strong></span> <span class='ocrx_word' id='word_1_247' title='bbox 1206 3048 1305 3115; x_wconf 87' lang='lat' dir='ltr'><strong>ipsi</strong></span> <span class='ocrx_word' id='word_1_248' title='bbox 1350 3049 1498 3102; x_wconf 86' lang='lat' dir='ltr'><strong>scitis</strong></span> <span class='ocrx_word' id='word_1_249' title='bbox 1542 3052 1847 3119; x_wconf 86' lang='lat' dir='ltr'><strong>quomodo,</strong></span> 
     </span>
    </p>
   </div>
   <div class='ocr_carea' id='block_1_32' title="bbox 261 3134 1853 3212">
    <p class='ocr_par' dir='ltr' id='par_1_32' title="bbox 261 3134 1853 3212">
     <span class='ocr_line' id='line_1_32' title="bbox 261 3134 1853 3212; baseline 0.008 -25"><span class='ocrx_word' id='word_1_250' title='bbox 261 3150 386 3191; x_wconf 88' lang='lat' dir='ltr'><strong>cum</strong></span> <span class='ocrx_word' id='word_1_251' title='bbox 407 3136 600 3191; x_wconf 80' lang='lat' dir='ltr'><strong>essetis</strong></span> <span class='ocrx_word' id='word_1_252' title='bbox 620 3134 811 3201; x_wconf 74' lang='lat' dir='ltr'><strong>Grzcci,</strong></span> <span class='ocrx_word' id='word_1_253' title='bbox 844 3137 996 3191; x_wconf 89' lang='lat' dir='ltr'><strong>tracti</strong></span> <span class='ocrx_word' id='word_1_254' title='bbox 1026 3137 1444 3193; x_wconf 86' lang='lat' dir='ltr'><strong>abduceremini.</strong></span> <span class='ocrx_word' id='word_1_255' title='bbox 1480 3140 1631 3209; x_wconf 89' lang='lat' dir='ltr'><strong>Quod</strong></span> <span class='ocrx_word' id='word_1_256' title='bbox 1661 3144 1703 3196; x_wconf 87' lang='lat' dir='ltr'><strong>si</strong></span> <span class='ocrx_word' id='word_1_257' title='bbox 1732 3144 1853 3212; x_wconf 86' lang='lat' dir='ltr'><strong>quis</strong></span> 
     </span>
    </p>
   </div>
   <div class='ocr_carea' id='block_1_33' title="bbox 264 3224 1850 3301">
    <p class='ocr_par' dir='ltr' id='par_1_33' title="bbox 264 3224 1850 3301">
     <span class='ocr_line' id='line_1_33' title="bbox 264 3224 1850 3301; baseline 0.006 -24"><span class='ocrx_word' id='word_1_258' title='bbox 264 3225 365 3279; x_wconf 73' lang='lat' dir='ltr'><strong>hos</strong></span> <span class='ocrx_word' id='word_1_259' title='bbox 390 3266 405 3291; x_wconf 88' lang='lat'><strong>,</strong></span> <span class='ocrx_word' id='word_1_260' title='bbox 459 3230 642 3292; x_wconf 79' lang='lat' dir='ltr'><strong>utpote</strong></span> <span class='ocrx_word' id='word_1_261' title='bbox 686 3224 909 3293; x_wconf 88' lang='lat' dir='ltr'><strong>ﬁdeles,</strong></span> <span class='ocrx_word' id='word_1_262' title='bbox 960 3239 1240 3296; x_wconf 84' lang='lat' dir='ltr'><strong>suspectos</strong></span> <span class='ocrx_word' id='word_1_263' title='bbox 1282 3244 1401 3286; x_wconf 82' lang='lat' dir='ltr'><strong>esse</strong></span> <span class='ocrx_word' id='word_1_264' title='bbox 1448 3232 1678 3296; x_wconf 85' lang='lat' dir='ltr'><strong>dixerit;</strong></span> <span class='ocrx_word' id='word_1_265' title='bbox 1716 3250 1850 3301; x_wconf 83' lang='lat' dir='ltr'><strong>age,</strong></span> 
     </span>
    </p>
   </div>
   <div class='ocr_carea' id='block_1_34' title="bbox 260 3315 1848 3379">
    <p class='ocr_par' dir='ltr' id='par_1_34' title="bbox 260 3315 1848 3379">
     <span class='ocr_line' id='line_1_34' title="bbox 260 3315 1848 3379; baseline 0.006 -10"><span class='ocrx_word' id='word_1_266' title='bbox 260 3316 427 3369; x_wconf 87' lang='lat' dir='ltr'><strong>etiam</strong></span> <span class='ocrx_word' id='word_1_267' title='bbox 477 3315 544 3369; x_wconf 86' lang='lat' dir='ltr'><strong>ab</strong></span> <span class='ocrx_word' id='word_1_268' title='bbox 586 3317 823 3372; x_wconf 78' lang='lat' dir='ltr'><strong>externis</strong></span> <span class='ocrx_word' id='word_1_269' title='bbox 875 3317 974 3373; x_wconf 81' lang='lat' dir='ltr'><strong>hoc</strong></span> <span class='ocrx_word' id='word_1_270' title='bbox 1021 3320 1171 3374; x_wconf 83' lang='lat' dir='ltr'><strong>vobis</strong></span> <span class='ocrx_word' id='word_1_271' title='bbox 1222 3320 1560 3375; x_wconf 82' lang='lat' dir='ltr'><strong>manifestum</strong></span> <span class='ocrx_word' id='word_1_272' title='bbox 1608 3324 1848 3379; x_wconf 79' lang='lat' dir='ltr'><strong>reddant.</strong></span> 
     </span>
    </p>
   </div>
   <div class='ocr_carea' id='block_1_35' title="bbox 263 3406 1851 3480">
    <p class='ocr_par' dir='ltr' id='par_1_35' title="bbox 263 3406 1851 3480">
     <span class='ocr_line' id='line_1_35' title="bbox 263 3406 1851 3480; baseline 0.006 -21"><span class='ocrx_word' id='word_1_273' title='bbox 263 3406 401 3460; x_wconf 80' lang='lat' dir='ltr'><strong>Audi</strong></span> <span class='ocrx_word' id='word_1_274' title='bbox 432 3421 562 3475; x_wconf 78' lang='lat' dir='ltr'><strong>ergo</strong></span> <span class='ocrx_word' id='word_1_275' title='bbox 593 3406 865 3463; x_wconf 82' lang='lat' dir='ltr'><strong>Platonem</strong></span> <span class='ocrx_word' id='word_1_276' title='bbox 898 3411 974 3463; x_wconf 91' lang='lat' dir='ltr'><strong>sic</strong></span> <span class='ocrx_word' id='word_1_277' title='bbox 1002 3409 1306 3480; x_wconf 82' lang='lat' dir='ltr'><strong>lnquentem</strong></span> <span class='ocrx_word' id='word_1_278' title='bbox 1344 3431 1357 3465; x_wconf 87' lang='lat'><strong>:</strong></span> <span class='ocrx_word' id='word_1_279' title='bbox 1392 3413 1851 3479; x_wconf 87' lang='lat' dir='ltr'><strong>Quemadmodum</strong></span> 
     </span>
    </p>
   </div>
   <div class='ocr_carea' id='block_1_36' title="bbox 263 3498 1850 3572">
    <p class='ocr_par' dir='ltr' id='par_1_36' title="bbox 263 3498 1850 3572">
     <span class='ocr_line' id='line_1_36' title="bbox 263 3498 1850 3572; baseline 0.006 -21"><span class='ocrx_word' id='word_1_280' title='bbox 263 3498 595 3553; x_wconf 83' lang='lat' dir='ltr'><strong>divinatorcs</strong></span> <span class='ocrx_word' id='word_1_281' title='bbox 620 3511 671 3553; x_wconf 89' lang='lat' dir='ltr'><strong>et</strong></span> <span class='ocrx_word' id='word_1_282' title='bbox 697 3511 842 3555; x_wconf 86' lang='lat' dir='ltr'><strong>vates</strong></span> <span class='ocrx_word' id='word_1_283' title='bbox 872 3502 1035 3554; x_wconf 80' lang='lat' dir='ltr'><strong>multa</strong></span> <span class='ocrx_word' id='word_1_284' title='bbox 1067 3503 1281 3569; x_wconf 81' lang='lat' dir='ltr'><strong>quidem</strong></span> <span class='ocrx_word' id='word_1_285' title='bbox 1307 3514 1360 3557; x_wconf 92' lang='lat' dir='ltr'><strong>et</strong></span> <span class='ocrx_word' id='word_1_286' title='bbox 1387 3504 1603 3572; x_wconf 88' lang='lat' dir='ltr'><strong>pulchra</strong></span> <span class='ocrx_word' id='word_1_287' title='bbox 1632 3506 1850 3571; x_wconf 89' lang='lat' dir='ltr'><strong>dicunt;</strong></span> 
     </span>
    </p>
   </div>
   <div class='ocr_carea' id='block_1_37' title="bbox 263 3591 1851 3665">
    <p class='ocr_par' dir='ltr' id='par_1_37' title="bbox 263 3591 1851 3665">
     <span class='ocr_line' id='line_1_37' title="bbox 263 3591 1851 3665; baseline 0.005 -22"><span class='ocrx_word' id='word_1_288' title='bbox 263 3605 455 3643; x_wconf 87' lang='lat' dir='ltr'><strong>eorum</strong></span> <span class='ocrx_word' id='word_1_289' title='bbox 500 3604 626 3642; x_wconf 82' lang='lat' dir='ltr'><strong>vero</strong></span> <span class='ocrx_word' id='word_1_290' title='bbox 672 3606 788 3658; x_wconf 75' lang='lat' dir='ltr'><strong>qua:</strong></span> <span class='ocrx_word' id='word_1_291' title='bbox 835 3591 1111 3658; x_wconf 85' lang='lat' dir='ltr'><strong>proferunt</strong></span> <span class='ocrx_word' id='word_1_292' title='bbox 1167 3593 1298 3645; x_wconf 86' lang='lat' dir='ltr'><strong>nihil</strong></span> <span class='ocrx_word' id='word_1_293' title='bbox 1346 3596 1525 3649; x_wconf 90' lang='lat' dir='ltr'><strong>sciunt</strong></span> <span class='ocrx_word' id='word_1_294' title='bbox 1571 3595 1665 3665; x_wconf 79' lang='lat' dir='ltr'><strong>(a).</strong></span> <span class='ocrx_word' id='word_1_295' title='bbox 1712 3598 1851 3652; x_wconf 85' lang='lat' dir='ltr'><strong>Audi</strong></span> 
     </span>
    </p>
   </div>
   <div class='ocr_carea' id='block_1_38' title="bbox 263 3681 1850 3751">
    <p class='ocr_par' dir='ltr' id='par_1_38' title="bbox 263 3681 1850 3751">
     <span class='ocr_line' id='line_1_38' title="bbox 263 3681 1850 3751; baseline 0.006 -18"><span class='ocrx_word' id='word_1_296' title='bbox 263 3681 427 3734; x_wconf 87' lang='lat' dir='ltr'><strong>alium</strong></span> <span class='ocrx_word' id='word_1_297' title='bbox 461 3694 671 3748; x_wconf 89' lang='lat' dir='ltr'><strong>quoque</strong></span> <span class='ocrx_word' id='word_1_298' title='bbox 703 3690 907 3748; x_wconf 89' lang='lat' dir='ltr'><strong>poetam</strong></span> <span class='ocrx_word' id='word_1_299' title='bbox 934 3682 1119 3736; x_wconf 84' lang='lat' dir='ltr'><strong>eadem</strong></span> <span class='ocrx_word' id='word_1_300' title='bbox 1154 3684 1265 3751; x_wconf 87' lang='lat' dir='ltr'><strong>ipsa</strong></span> <span class='ocrx_word' id='word_1_301' title='bbox 1298 3685 1645 3740; x_wconf 86' lang='lat' dir='ltr'><strong>indicantem.</strong></span> <span class='ocrx_word' id='word_1_302' title='bbox 1693 3686 1850 3742; x_wconf 85' lang='lat' dir='ltr'><strong>Post-</strong></span> 
     </span>
    </p>
   </div>
   <div class='ocr_carea' id='block_1_39' title="bbox 261 3770 1848 3846">
    <p class='ocr_par' dir='ltr' id='par_1_39' title="bbox 261 3770 1848 3846">
     <span class='ocr_line' id='line_1_39' title="bbox 261 3770 1848 3846; baseline 0.006 -22"><span class='ocrx_word' id='word_1_303' title='bbox 261 3786 425 3840; x_wconf 83' lang='lat' dir='ltr'><strong>quam</strong></span> <span class='ocrx_word' id='word_1_304' title='bbox 458 3770 773 3839; x_wconf 89' lang='lat' dir='ltr'><strong>quibusdam</strong></span> <span class='ocrx_word' id='word_1_305' title='bbox 805 3772 1189 3827; x_wconf 87' lang='lat' dir='ltr'><strong>initiationibus</strong></span> <span class='ocrx_word' id='word_1_306' title='bbox 1230 3784 1284 3829; x_wconf 89' lang='lat' dir='ltr'><strong>et</strong></span> <span class='ocrx_word' id='word_1_307' title='bbox 1327 3778 1605 3846; x_wconf 70' lang='lat' dir='ltr'><strong>prmsligiis</strong></span> <span class='ocrx_word' id='word_1_308' title='bbox 1644 3778 1848 3835; x_wconf 76' lang='lat' dir='ltr'><strong>dn-mo-</strong></span> 
     </span>
    </p>
   </div>
   <div class='ocr_carea' id='block_1_40' title="bbox 262 3861 1849 3936">
    <p class='ocr_par' dir='ltr' id='par_1_40' title="bbox 262 3861 1849 3936">
     <span class='ocr_line' id='line_1_40' title="bbox 262 3861 1849 3936; baseline 0.006 -21"><span class='ocrx_word' id='word_1_309' title='bbox 262 3878 393 3916; x_wconf 87' lang='lat' dir='ltr'><strong>nem</strong></span> <span class='ocrx_word' id='word_1_310' title='bbox 424 3862 545 3930; x_wconf 85' lang='lat' dir='ltr'><strong>quis</strong></span> <span class='ocrx_word' id='word_1_311' title='bbox 574 3861 771 3917; x_wconf 88' lang='lat' dir='ltr'><strong>homini</strong></span> <span class='ocrx_word' id='word_1_312' title='bbox 799 3864 1140 3933; x_wconf 76' lang='lat' dir='ltr'><strong>alligaverat,</strong></span> <span class='ocrx_word' id='word_1_313' title='bbox 1172 3868 1259 3921; x_wconf 89' lang='lat' dir='ltr'><strong>ille</strong></span> <span class='ocrx_word' id='word_1_314' title='bbox 1287 3884 1412 3923; x_wconf 86' lang='lat' dir='ltr'><strong>vero</strong></span> <span class='ocrx_word' id='word_1_315' title='bbox 1440 3870 1849 3936; x_wconf 63' lang='lat' dir='ltr'><strong>vaticinabatur,</strong></span> 
     </span>
    </p>
   </div>
   <div class='ocr_carea' id='block_1_41' title="bbox 263 3954 1850 4031">
    <p class='ocr_par' dir='ltr' id='par_1_41' title="bbox 263 3954 1850 4031">
     <span class='ocr_line' id='line_1_41' title="bbox 263 3954 1850 4031; baseline 0.008 -27"><span class='ocrx_word' id='word_1_316' title='bbox 263 3954 503 4021; x_wconf 86' lang='lat' dir='ltr'><strong>dumque</strong></span> <span class='ocrx_word' id='word_1_317' title='bbox 533 3954 911 4009; x_wconf 84' lang='lat' dir='ltr'><strong>vaticinaretur</strong></span> <span class='ocrx_word' id='word_1_318' title='bbox 935 3957 1023 4009; x_wconf 87' lang='lat' dir='ltr'><strong>ille</strong></span> <span class='ocrx_word' id='word_1_319' title='bbox 1046 3999 1059 4019; x_wconf 95' lang='lat'><strong>,</strong></span> <span class='ocrx_word' id='word_1_320' title='bbox 1093 3959 1401 4025; x_wconf 89' lang='lat' dir='ltr'><strong>raptabatur</strong></span> <span class='ocrx_word' id='word_1_321' title='bbox 1432 3969 1485 4013; x_wconf 87' lang='lat' dir='ltr'><strong>et</strong></span> <span class='ocrx_word' id='word_1_322' title='bbox 1516 3960 1850 4031; x_wconf 86' lang='lat' dir='ltr'><strong>discerpeha-</strong></span> 
     </span>
    </p>
   </div>
   <div class='ocr_carea' id='block_1_42' title="bbox 264 4045 1852 4119">
    <p class='ocr_par' dir='ltr' id='par_1_42' title="bbox 264 4045 1852 4119">
     <span class='ocr_line' id='line_1_42' title="bbox 264 4045 1852 4119; baseline 0.008 -22"><span class='ocrx_word' id='word_1_323' title='bbox 264 4054 355 4097; x_wconf 88' lang='lat' dir='ltr'><strong>tur</strong></span> <span class='ocrx_word' id='word_1_324' title='bbox 381 4085 397 4110; x_wconf 93' lang='lat'><strong>,</strong></span> <span class='ocrx_word' id='word_1_325' title='bbox 431 4059 494 4097; x_wconf 90' lang='lat' dir='ltr'><strong>ac</strong></span> <span class='ocrx_word' id='word_1_326' title='bbox 516 4045 773 4100; x_wconf 66' lang='lat' dir='ltr'><strong>daemonis</strong></span> <span class='ocrx_word' id='word_1_327' title='bbox 802 4047 1053 4115; x_wconf 87' lang='lat' dir='ltr'><strong>impetum</strong></span> <span class='ocrx_word' id='word_1_328' title='bbox 1082 4048 1221 4103; x_wconf 75' lang='lat' dir='ltr'><strong>ferre</strong></span> <span class='ocrx_word' id='word_1_329' title='bbox 1248 4064 1352 4105; x_wconf 91' lang='lat' dir='ltr'><strong>non</strong></span> <span class='ocrx_word' id='word_1_330' title='bbox 1386 4062 1623 4119; x_wconf 86' lang='lat' dir='ltr'><strong>poterat.</strong></span> <span class='ocrx_word' id='word_1_331' title='bbox 1652 4055 1746 4109; x_wconf 85' lang='lat' dir='ltr'><strong>sed</strong></span> <span class='ocrx_word' id='word_1_332' title='bbox 1774 4055 1852 4110; x_wconf 83' lang='lat' dir='ltr'><strong>sic</strong></span> 
     </span>
    </p>
   </div>
   <div class='ocr_carea' id='block_1_43' title="bbox 261 4136 1852 4216">
    <p class='ocr_par' dir='ltr' id='par_1_43' title="bbox 261 4136 1852 4216">
     <span class='ocr_line' id='line_1_43' title="bbox 261 4136 1852 4216; baseline 0.011 -30"><span class='ocrx_word' id='word_1_333' title='bbox 261 4144 510 4202; x_wconf 74' lang='lat' dir='ltr'><strong>raptatus</strong></span> <span class='ocrx_word' id='word_1_334' title='bbox 554 4136 817 4206; x_wconf 87' lang='lat' dir='ltr'><strong>periturus</strong></span> <span class='ocrx_word' id='word_1_335' title='bbox 862 4148 1012 4203; x_wconf 86' lang='lat' dir='ltr'><strong>erat;</strong></span> <span class='ocrx_word' id='word_1_336' title='bbox 1069 4140 1131 4195; x_wconf 86' lang='lat' dir='ltr'><strong>iis</strong></span> <span class='ocrx_word' id='word_1_337' title='bbox 1184 4142 1272 4210; x_wconf 90' lang='lat' dir='ltr'><strong>qui</strong></span> <span class='ocrx_word' id='word_1_338' title='bbox 1320 4144 1514 4200; x_wconf 88' lang='lat' dir='ltr'><strong>talibus</strong></span> <span class='ocrx_word' id='word_1_339' title='bbox 1566 4148 1852 4216; x_wconf 65' lang='lat' dir='ltr'><strong>praestigiis</strong></span> 
     </span>
    </p>
   </div>
   <div class='ocr_carea' id='block_1_44' title="bbox 260 4228 914 4297">
    <p class='ocr_par' dir='ltr' id='par_1_44' title="bbox 260 4228 914 4297">
     <span class='ocr_line' id='line_1_44' title="bbox 260 4228 914 4297; baseline 0.005 -16"><span class='ocrx_word' id='word_1_340' title='bbox 260 4228 469 4281; x_wconf 83' lang='lat' dir='ltr'><strong>dabant</strong></span> <span class='ocrx_word' id='word_1_341' title='bbox 496 4243 713 4297; x_wconf 83' lang='lat' dir='ltr'><strong>operam</strong></span> <span class='ocrx_word' id='word_1_342' title='bbox 744 4230 872 4284; x_wconf 88' lang='lat' dir='ltr'><strong>dicit</strong></span> <span class='ocrx_word' id='word_1_343' title='bbox 901 4247 914 4284; x_wconf 88' lang='lat'>:</span> 
     </span>
    </p>
   </div>
   <div class='ocr_carea' id='block_1_45' title="bbox 260 4338 1847 4417">
    <p class='ocr_par' dir='ltr' id='par_1_45' title="bbox 260 4338 1847 4417">
     <span class='ocr_line' id='line_1_45' title="bbox 260 4338 1847 4417; baseline 0.007 -24"><span class='ocrx_word' id='word_1_344' title='bbox 260 4338 463 4393; x_wconf 69' lang='lat' dir='ltr'><strong>Solvite</strong></span> <span class='ocrx_word' id='word_1_345' title='bbox 490 4339 689 4393; x_wconf 81' lang='lat' dir='ltr'><strong>demunt</strong></span> <span class='ocrx_word' id='word_1_346' title='bbox 713 4358 731 4393; x_wconf 94' lang='grc'><strong>.·</strong></span> <span class='ocrx_word' id='word_1_347' title='bbox 761 4358 925 4410; x_wconf 71' lang='lat' dir='ltr'><strong>regem</strong></span> <span class='ocrx_word' id='word_1_348' title='bbox 954 4349 1099 4396; x_wconf 80' lang='lat' dir='ltr'><strong>deum</strong></span> <span class='ocrx_word' id='word_1_349' title='bbox 1132 4347 1357 4401; x_wconf 81' lang='lat' dir='ltr'><strong>mortalis</strong></span> <span class='ocrx_word' id='word_1_350' title='bbox 1386 4366 1485 4402; x_wconf 81' lang='lat' dir='ltr'><strong>non</strong></span> <span class='ocrx_word' id='word_1_351' title='bbox 1514 4353 1648 4403; x_wconf 75' lang='lat' dir='ltr'><strong>ultro</strong></span> <span class='ocrx_word' id='word_1_352' title='bbox 1675 4354 1847 4417; x_wconf 80' lang='lat' dir='ltr'><strong>capit;</strong></span> 
     </span>
    </p>
   </div>
   <div class='ocr_carea' id='block_1_46' title="bbox 258 4464 601 4508">
    <p class='ocr_par' dir='ltr' id='par_1_46' title="bbox 258 4464 601 4508">
     <span class='ocr_line' id='line_1_46' title="bbox 258 4464 601 4508; baseline 0.003 -1"><span class='ocrx_word' id='word_1_353' title='bbox 258 4464 315 4507; x_wconf 68' lang='grc' dir='ltr'><strong>(δι</strong></span> <span class='ocrx_word' id='word_1_354' title='bbox 346 4468 555 4507; x_wconf 88' lang='lat' dir='ltr'><strong>rursum</strong></span> <span class='ocrx_word' id='word_1_355' title='bbox 588 4472 601 4508; x_wconf 76' lang='grc' dir='ltr'><strong>ε</strong></span> 
     </span>
    </p>
   </div>
   <div class='ocr_carea' id='block_1_47' title="bbox 259 4568 1844 4648">
    <p class='ocr_par' dir='ltr' id='par_1_47' title="bbox 259 4568 1844 4648">
     <span class='ocr_line' id='line_1_47' title="bbox 259 4568 1844 4648; baseline 0.009 -27"><span class='ocrx_word' id='word_1_356' title='bbox 259 4568 462 4622; x_wconf 79' lang='lat' dir='ltr'><strong>Solvite</strong></span> <span class='ocrx_word' id='word_1_357' title='bbox 482 4581 612 4622; x_wconf 80' lang='lat' dir='ltr'><strong>serta</strong></span> <span class='ocrx_word' id='word_1_358' title='bbox 634 4573 775 4636; x_wconf 78' lang='lat' dir='ltr'><strong>mihi,</strong></span> <span class='ocrx_word' id='word_1_359' title='bbox 802 4584 949 4634; x_wconf 77' lang='lat' dir='ltr'><strong>atque</strong></span> <span class='ocrx_word' id='word_1_360' title='bbox 970 4574 1117 4641; x_wconf 81' lang='lat' dir='ltr'><strong>pedes</strong></span> <span class='ocrx_word' id='word_1_361' title='bbox 1138 4577 1387 4646; x_wconf 75' lang='lat' dir='ltr'><strong>aspergite</strong></span> <span class='ocrx_word' id='word_1_362' title='bbox 1408 4580 1613 4648; x_wconf 78' lang='lat' dir='ltr'><strong>lympha</strong></span> <span class='ocrx_word' id='word_1_363' title='bbox 1637 4583 1844 4647; x_wconf 80' lang='lat' dir='ltr'><strong>munda,</strong></span> 
     </span>
    </p>
   </div>
   <div class='ocr_carea' id='block_1_48' title="bbox 260 4659 1687 4741">
    <p class='ocr_par' dir='ltr' id='par_1_48' title="bbox 260 4659 1687 4741">
     <span class='ocr_line' id='line_1_48' title="bbox 260 4659 1687 4741; baseline 0.009 -32"><span class='ocrx_word' id='word_1_364' title='bbox 260 4659 331 4711; x_wconf 62' lang='lat' dir='ltr'><strong>lit</strong></span> <span class='ocrx_word' id='word_1_365' title='bbox 360 4671 713 4731; x_wconf 66' lang='lat' dir='ltr'><strong>expungantur</strong></span> <span class='ocrx_word' id='word_1_366' title='bbox 742 4664 865 4714; x_wconf 79' lang='lat' dir='ltr'><strong>mihi</strong></span> <span class='ocrx_word' id='word_1_367' title='bbox 892 4664 1037 4716; x_wconf 75' lang='lat' dir='ltr'><strong>lincw</strong></span> <span class='ocrx_word' id='word_1_368' title='bbox 1055 4706 1068 4729; x_wconf 91' lang='lat'><strong>,</strong></span> <span class='ocrx_word' id='word_1_369' title='bbox 1105 4674 1153 4715; x_wconf 85' lang='lat' dir='ltr'><strong>ut</strong></span> <span class='ocrx_word' id='word_1_370' title='bbox 1181 4666 1353 4720; x_wconf 81' lang='lat' dir='ltr'><strong>adesse</strong></span> <span class='ocrx_word' id='word_1_371' title='bbox 1382 4672 1567 4737; x_wconf 78' lang='lat' dir='ltr'><strong>possint</strong></span> <span class='ocrx_word' id='word_1_372' title='bbox 1594 4672 1687 4741; x_wconf 75' lang='grc'><strong>(0).</strong></span> 
     </span>
    </p>
   </div>
   <div class='ocr_carea' id='block_1_49' title="bbox 324 4789 1364 4859">
    <p class='ocr_par' dir='ltr' id='par_1_49' title="bbox 324 4789 1364 4859">
     <span class='ocr_line' id='line_1_49' title="bbox 324 4789 1364 4859; baseline 0.008 -21"><span class='ocrx_word' id='word_1_373' title='bbox 324 4790 400 4859; x_wconf 87' lang='lat' dir='ltr'><strong>(a_)</strong></span> <span class='ocrx_word' id='word_1_374' title='bbox 415 4796 525 4839; x_wconf 69' lang='lat' dir='ltr'><strong>Haec</strong></span> <span class='ocrx_word' id='word_1_375' title='bbox 546 4789 922 4859; x_wconf 79' lang='lat' dir='ltr'><strong>P_la_tonis_verba</strong></span> <span class='ocrx_word' id='word_1_376' title='bbox 943 4794 1183 4859; x_wconf 70' lang='lat' dir='ltr'><strong>habentur</strong></span> <span class='ocrx_word' id='word_1_377' title='bbox 1199 4799 1247 4845; x_wconf 91' lang='lat' dir='ltr'><strong>in</strong></span> <span class='ocrx_word' id='word_1_378' title='bbox 1261 4798 1364 4859; x_wconf 77' lang='lat' dir='ltr'><strong>Apo</strong></span> 
     </span>
    </p>
   </div>
   <div class='ocr_carea' id='block_1_50' title="bbox 256 4853 1544 4969">
    <p class='ocr_par' dir='ltr' id='par_1_50' title="bbox 256 4853 1544 4969">
     <span class='ocr_line' id='line_1_50' title="bbox 256 4853 1544 4920; baseline 0.008 -21"><span class='ocrx_word' id='word_1_379' title='bbox 256 4853 412 4900; x_wconf 81' lang='lat' dir='ltr'><strong>tionis</strong></span> <span class='ocrx_word' id='word_1_380' title='bbox 434 4853 628 4900; x_wconf 81' lang='lat' dir='ltr'><strong>Henrici</strong></span> <span class='ocrx_word' id='word_1_381' title='bbox 646 4855 808 4914; x_wconf 85' lang='lat' dir='ltr'><strong>Steph.</strong></span> <span class='ocrx_word' id='word_1_382' title='bbox 829 4867 952 4905; x_wconf 84' lang='lat' dir='ltr'><strong>anno</strong></span> <span class='ocrx_word' id='word_1_383' title='bbox 980 4857 1119 4917; x_wconf 77' lang='lat'><strong>1578,</strong></span> <span class='ocrx_word' id='word_1_384' title='bbox 1146 4853 1361 4920; x_wconf 68' lang='lat' dir='ltr'><strong>&#39;romo&#39;l,</strong></span> <span class='ocrx_word' id='word_1_385' title='bbox 1416 4853 1442 4907; x_wconf 67' lang='grc' dir='ltr'>ἶ</span> <span class='ocrx_word' id='word_1_386' title='bbox 1469 4862 1544 4909; x_wconf 67' lang='lat'><strong>22.</strong></span> 
     </span>
     <span class='ocr_line' id='line_1_51' title="bbox 326 4876 1544 4969; baseline 0.007 -8"><span class='ocrx_word' id='word_1_387' title='bbox 326 4912 397 4969; x_wconf 74' lang='grc' dir='ltr'><strong>(ὁ)</strong></span> <span class='ocrx_word' id='word_1_388' title='bbox 426 4912 479 4962; x_wconf 86' lang='lat' dir='ltr'><strong>In</strong></span> <span class='ocrx_word' id='word_1_389' title='bbox 504 4914 607 4961; x_wconf 67' lang='lat' dir='ltr'><strong>haec</strong></span> <span class='ocrx_word' id='word_1_390' title='bbox 630 4917 837 4964; x_wconf 76' lang='lat' dir='ltr'><strong>Carmina</strong></span> <span class='ocrx_word' id='word_1_391' title='bbox 863 4916 965 4967; x_wconf 69' lang='lat' dir='ltr'><strong>haec</strong></span> <span class='ocrx_word' id='word_1_392' title='bbox 986 4918 1128 4967; x_wconf 90' lang='lat' dir='ltr'><strong>docte</strong></span> <span class='ocrx_word' id='word_1_393' title='bbox 1152 4919 1345 4969; x_wconf 82' lang='lat' dir='ltr'><strong>disserit</strong></span> <span class='ocrx_word' id='word_1_394' title='bbox 1368 4876 1544 4969; x_wconf 48' lang='lat' dir='ltr'><strong>lgalesl</strong></span> 
     </span>
    </p>
   </div>
   <div class='ocr_carea' id='block_1_51' title="bbox 326 4912 1845 4977">
    <p class='ocr_par' dir='ltr' id='par_1_51' title="bbox 326 4912 1845 4977">
     <span class='ocr_line' id='line_1_52' title="bbox 326 4912 1845 4977; baseline 0.011 -17"><span class='ocrx_word' id='word_1_395' title='bbox 326 4912 397 4977; x_wconf 68' lang='grc' dir='ltr'><strong>(ὸ)</strong></span> <span class='ocrx_word' id='word_1_396' title='bbox 426 4912 479 4962; x_wconf 86' lang='lat' dir='ltr'><strong>In</strong></span> <span class='ocrx_word' id='word_1_397' title='bbox 504 4914 607 4961; x_wconf 67' lang='lat' dir='ltr'><strong>haec</strong></span> <span class='ocrx_word' id='word_1_398' title='bbox 626 4912 837 4977; x_wconf 70' lang='lat' dir='ltr'><strong>carmina</strong></span> <span class='ocrx_word' id='word_1_399' title='bbox 863 4916 965 4967; x_wconf 69' lang='lat' dir='ltr'><strong>haec</strong></span> <span class='ocrx_word' id='word_1_400' title='bbox 986 4912 1128 4967; x_wconf 84' lang='lat' dir='ltr'><strong>docte</strong></span> <span class='ocrx_word' id='word_1_401' title='bbox 1152 4912 1598 4973; x_wconf 63' lang='lat' dir='ltr'><strong>disserlt&#39;Haleslus</strong></span> <span class='ocrx_word' id='word_1_402' title='bbox 1632 4926 1680 4974; x_wconf 89' lang='lat' dir='ltr'><strong>in</strong></span> <span class='ocrx_word' id='word_1_403' title='bbox 1718 4929 1845 4977; x_wconf 84' lang='lat' dir='ltr'><strong>notis</strong></span> 
     </span>
    </p>
   </div>
   <div class='ocr_carea' id='block_1_52' title="bbox 254 4974 1846 5049">
    <p class='ocr_par' dir='ltr' id='par_1_52' title="bbox 254 4974 1846 5049">
     <span class='ocr_line' id='line_1_53' title="bbox 254 4974 1846 5049; baseline 0.009 -28"><span class='ocrx_word' id='word_1_404' title='bbox 254 4974 528 5049; x_wconf 58' lang='lat' dir='ltr'><strong>savilianis,</strong></span> <span class='ocrx_word' id='word_1_405' title='bbox 552 4987 602 5044; x_wconf 62' lang='grc' dir='ltr'><strong>ρζ</strong></span> <span class='ocrx_word' id='word_1_406' title='bbox 621 4974 742 5049; x_wconf 69' lang='grc' dir='ltr'><strong>ΞἸβε</strong></span> <span class='ocrx_word' id='word_1_407' title='bbox 762 4985 934 5049; x_wconf 65' lang='lat' dir='ltr'><strong>Versus</strong></span> <span class='ocrx_word' id='word_1_408' title='bbox 955 4978 1067 5029; x_wconf 80' lang='lat' dir='ltr'><strong>istos</strong></span> <span class='ocrx_word' id='word_1_409' title='bbox 1088 4982 1220 5049; x_wconf 72' lang='lat' dir='ltr'><strong>apud</strong></span> <span class='ocrx_word' id='word_1_410' title='bbox 1239 4989 1484 5042; x_wconf 82' lang='lat' dir='ltr'><strong>poetarum</strong></span> <span class='ocrx_word' id='word_1_411' title='bbox 1513 4986 1722 5049; x_wconf 76' lang='lat' dir='ltr'><strong>aliquem</strong></span> <span class='ocrx_word' id='word_1_412' title='bbox 1745 4974 1846 5049; x_wconf 56' lang='lat' dir='ltr'><strong>ire;</strong></span> 
     </span>
    </p>
   </div>
   <div class='ocr_carea' id='block_1_53' title="bbox 254 5037 1846 5106">
    <p class='ocr_par' dir='ltr' id='par_1_53' title="bbox 254 5037 1846 5106">
     <span class='ocr_line' id='line_1_54' title="bbox 254 5037 1846 5106; baseline 0.013 -26"><span class='ocrx_word' id='word_1_413' title='bbox 254 5044 363 5081; x_wconf 71' lang='grc' dir='ltr'><em>ειν-α</em></span> <span class='ocrx_word' id='word_1_414' title='bbox 374 5037 643 5106; x_wconf 61' lang='lat' dir='ltr'><strong>quwsieris.</strong></span> <span class='ocrx_word' id='word_1_415' title='bbox 668 5038 979 5106; x_wconf 65' lang='lat' dir='ltr'><strong>Quamobrem</strong></span> <span class='ocrx_word' id='word_1_416' title='bbox 998 5037 1506 5106; x_wconf 52' lang='lat' dir='ltr'><strong>cuptcltrysostorttunt</strong></span> <span class='ocrx_word' id='word_1_417' title='bbox 1526 5037 1700 5099; x_wconf 64' lang='lat' dir='ltr'><strong>audias</strong></span> <span class='ocrx_word' id='word_1_418' title='bbox 1726 5037 1846 5101; x_wconf 64' lang='lat' dir='ltr'><strong>tom-</strong></span> 
     </span>
    </p>
   </div>
   <div class='ocr_carea' id='block_1_54' title="bbox 253 5100 1843 5175">
    <p class='ocr_par' dir='ltr' id='par_1_54' title="bbox 253 5100 1843 5175">
     <span class='ocr_line' id='line_1_55' title="bbox 253 5100 1843 5175; baseline 0.013 -35"><span class='ocrx_word' id='word_1_419' title='bbox 253 5108 408 5175; x_wconf 49' lang='lat' dir='ltr'><strong>metu</strong></span> <span class='ocrx_word' id='word_1_420' title='bbox 425 5110 452 5141; x_wconf 66' lang='grc' dir='ltr'><strong><em>ε</em></strong></span> <span class='ocrx_word' id='word_1_421' title='bbox 476 5100 971 5175; x_wconf 41' lang='lat' dir='ltr'><strong>proﬁtentem</strong></span> <span class='ocrx_word' id='word_1_422' title='bbox 989 5137 1003 5156; x_wconf 91' lang='lat'><strong>.</strong></span> <span class='ocrx_word' id='word_1_423' title='bbox 1048 5100 1259 5168; x_wconf 57' lang='lat' dir='ltr'><strong>auellig&#39;e</strong></span> <span class='ocrx_word' id='word_1_424' title='bbox 1296 5106 1587 5175; x_wconf 59' lang='lat' dir='ltr'><strong>Pittebudent</strong></span> <span class='ocrx_word' id='word_1_425' title='bbox 1632 5124 1726 5175; x_wconf 70' lang='lat' dir='ltr'><strong>seu</strong></span> <span class='ocrx_word' id='word_1_426' title='bbox 1747 5100 1843 5175; x_wconf 76' lang='lat' dir='ltr'><strong>Py-</strong></span> 
     </span>
    </p>
   </div>
   <div class='ocr_carea' id='block_1_55' title="bbox 251 5156 1843 5223">
    <p class='ocr_par' dir='ltr' id='par_1_55' title="bbox 251 5156 1843 5223">
     <span class='ocr_line' id='line_1_56' title="bbox 251 5156 1843 5223; baseline 0.011 -18"><span class='ocrx_word' id='word_1_427' title='bbox 470 5156 585 5207; x_wconf 76' lang='lat' dir='ltr'><strong>S‘tmt</strong></span> <span class='ocrx_word' id='word_1_428' title='bbox 623 5156 751 5209; x_wconf 68' lang='lat' dir='ltr'><strong>enini</strong></span> <span class='ocrx_word' id='word_1_429' title='bbox 795 5161 1139 5223; x_wconf 68' lang='lat' dir='ltr'><strong>Delphicum</strong></span> <span class='ocrx_word' id='word_1_430' title='bbox 1178 5156 1483 5218; x_wconf 58' lang='lat' dir='ltr'><strong>oraculorum</strong></span> <span class='ocrx_word' id='word_1_431' title='bbox 1516 5156 1843 5223; x_wconf 44' lang='lat' dir='ltr'><strong>duliiani:</strong></span> 
     </span>
    </p>
   </div>
   <div class='ocr_carea' id='block_1_56' title="bbox 253 5218 1842 5297">
    <p class='ocr_par' dir='ltr' id='par_1_56' title="bbox 253 5218 1842 5297">
     <span class='ocr_line' id='line_1_57' title="bbox 253 5218 1842 5297; baseline 0.001 0"><span class='ocrx_word' id='word_1_432' title='bbox 253 5218 507 5297; x_wconf 46' lang='lat' dir='ltr'><strong>esset»</strong></span> <span class='ocrx_word' id='word_1_433' title='bbox 530 5218 1130 5297; x_wconf 48' lang='grc' dir='ltr'><strong>ξοςξηνειιὲφάιοιείεβινί</strong></span> <span class='ocrx_word' id='word_1_434' title='bbox 1149 5226 1356 5297; x_wconf 58' lang='lat' dir='ltr'><strong>abem</strong></span> <span class='ocrx_word' id='word_1_435' title='bbox 1379 5232 1587 5297; x_wconf 64' lang='lat' dir='ltr'><strong>gratiam</strong></span> <span class='ocrx_word' id='word_1_436' title='bbox 1609 5218 1842 5297; x_wconf 57' lang='grc' dir='ltr'><strong>Μ’ῥᾶ</strong></span> 
     </span>
    </p>
   </div>
   <div class='ocr_carea' id='block_1_57' title="bbox 250 5278 1839 5356">
    <p class='ocr_par' dir='ltr' id='par_1_57' title="bbox 250 5278 1839 5356">
     <span class='ocr_line' id='line_1_58' title="bbox 250 5278 1839 5356; baseline 0.004 -15"><span class='ocrx_word' id='word_1_437' title='bbox 951 5285 1093 5356; x_wconf 52' lang='lat' dir='ltr'><strong>Italic;</strong></span> <span class='ocrx_word' id='word_1_438' title='bbox 1115 5290 1246 5356; x_wconf 72' lang='lat' dir='ltr'><strong>apud</strong></span> <span class='ocrx_word' id='word_1_439' title='bbox 1276 5278 1839 5356; x_wconf 24' lang='lat' dir='ltr'><strong>Thedd‘oretimicopfde</strong></span> 
     </span>
    </p>
   </div>
   <div class='ocr_carea' id='block_1_58' title="bbox 251 5340 1841 5419">
    <p class='ocr_par' dir='ltr' id='par_1_58' title="bbox 251 5340 1841 5419">
     <span class='ocr_line' id='line_1_59' title="bbox 251 5340 1841 5419; baseline 0.012 -33"><span class='ocrx_word' id='word_1_440' title='bbox 251 5340 571 5419; x_wconf 45' lang='grc' dir='ltr'><strong>ρίαεψρῆ</strong></span> <span class='ocrx_word' id='word_1_441' title='bbox 578 5345 729 5419; x_wconf 56' lang='lat' dir='ltr'><strong>apud</strong></span> <span class='ocrx_word' id='word_1_442' title='bbox 739 5345 1007 5419; x_wconf 55' lang='lat' dir='ltr'><strong>pascuum</strong></span> <span class='ocrx_word' id='word_1_443' title='bbox 1020 5340 1155 5419; x_wconf 80' lang='lat' dir='ltr'><strong>tibr_o_&#39;</strong></span> <span class='ocrx_word' id='word_1_444' title='bbox 1167 5352 1197 5400; x_wconf 85' lang='lat'><strong>5</strong></span> <span class='ocrx_word' id='word_1_445' title='bbox 1212 5340 1508 5419; x_wconf 69' lang='grc' dir='ltr'><strong>ευᾳηρειὶσιέ</strong></span> <span class='ocrx_word' id='word_1_446' title='bbox 1520 5340 1841 5419; x_wconf 40' lang='lat' dir='ltr'><strong>presserit;</strong></span> 
     </span>
    </p>
   </div>
   <div class='ocr_carea' id='block_1_59' title="bbox 251 5402 1840 5476">
    <p class='ocr_par' dir='ltr' id='par_1_59' title="bbox 251 5402 1840 5476">
     <span class='ocr_line' id='line_1_60' title="bbox 251 5402 1840 5476; baseline 0.012 -27"><span class='ocrx_word' id='word_1_447' title='bbox 251 5402 351 5476; x_wconf 52' lang='lat' dir='ltr'><strong>eis.</strong></span> <span class='ocrx_word' id='word_1_448' title='bbox 385 5402 769 5476; x_wconf 60' lang='lat' dir='ltr'><strong>Apudewlsdem</strong></span> <span class='ocrx_word' id='word_1_449' title='bbox 800 5404 1236 5476; x_wconf 71' lang='lat' dir='ltr'><strong>cti:t_rn_I-:usepium</strong></span> <span class='ocrx_word' id='word_1_450' title='bbox 1272 5402 1414 5463; x_wconf 65' lang='lat' dir='ltr'><strong>Italica</strong></span> <span class='ocrx_word' id='word_1_451' title='bbox 1437 5402 1840 5476; x_wconf 33' lang='lat' dir='ltr'><strong>micarius-disti-</strong></span> 
     </span>
    </p>
   </div>
   <div class='ocr_carea' id='block_1_60' title="bbox 250 5460 1835 5601">
    <p class='ocr_par' dir='ltr' id='par_1_60' title="bbox 250 5460 1835 5601">
     <span class='ocr_line' id='line_1_61' title="bbox 250 5460 1835 5547; baseline 0.011 -38"><span class='ocrx_word' id='word_1_452' title='bbox 250 5460 398 5524; x_wconf 73' lang='lat' dir='ltr'><strong>chon,</strong></span> <span class='ocrx_word' id='word_1_453' title='bbox 419 5460 546 5525; x_wconf 60' lang='lat' dir='ltr'><strong>Quod</strong></span> <span class='ocrx_word' id='word_1_454' title='bbox 570 5464 793 5534; x_wconf 69' lang='lat' dir='ltr'><strong>quoniam</strong></span> <span class='ocrx_word' id='word_1_455' title='bbox 829 5472 898 5514; x_wconf 76' lang='lat' dir='ltr'><strong>est</strong></span> <span class='ocrx_word' id='word_1_456' title='bbox 920 5467 1184 5540; x_wconf 71' lang='lat' dir='ltr'><strong>obscurius,</strong></span> <span class='ocrx_word' id='word_1_457' title='bbox 1210 5460 1379 5524; x_wconf 68' lang='lat' dir='ltr'><strong>visunt</strong></span> <span class='ocrx_word' id='word_1_458' title='bbox 1394 5460 1579 5547; x_wconf 54' lang='lat' dir='ltr'><strong>paucis</strong></span> <span class='ocrx_word' id='word_1_459' title='bbox 1594 5460 1835 5546; x_wconf 51' lang='lat' dir='ltr'><strong>diei-iiii-</strong></span> 
     </span>
     <span class='ocr_line' id='line_1_62' title="bbox 250 5523 1833 5601; baseline 0 0"><span class='ocrx_word' id='word_1_460' title='bbox 250 5523 369 5601; x_wconf 61' lang='grc' dir='ltr'><strong>ξιξζέ</strong></span> <span class='ocrx_word' id='word_1_461' title='bbox 388 5523 1213 5601; x_wconf 25' lang='grc' dir='ltr'><strong>ίμξξτραθευςθιξηψρενσεξϋομεε</strong></span> <span class='ocrx_word' id='word_1_462' title='bbox 1245 5537 1479 5596; x_wconf 62' lang='lat' dir='ltr'><strong>quasdam</strong></span> <span class='ocrx_word' id='word_1_463' title='bbox 1502 5540 1833 5601; x_wconf 57' lang='lat' dir='ltr'><strong>uacuasque</strong></span> 
     </span>
    </p>
   </div>
   <div class='ocr_carea' id='block_1_61' title="bbox 1585 5552 1833 5591">
    <p class='ocr_par' dir='ltr' id='par_1_61' title="bbox 1585 5552 1833 5591">
     <span class='ocr_line' id='line_1_63' title="bbox 1585 5552 1833 5591; baseline 0.016 -4"><span class='ocrx_word' id='word_1_464' title='bbox 1585 5552 1833 5591; x_wconf 68' lang='grc' dir='ltr'><strong>ισιιιαεσκθ</strong></span> 
     </span>
    </p>
   </div>
   <div class='ocr_carea' id='block_1_62' title="bbox 249 5549 1832 5659">
    <p class='ocr_par' dir='ltr' id='par_1_62' title="bbox 249 5549 1832 5659">
     <span class='ocr_line' id='line_1_64' title="bbox 250 5549 1832 5601; baseline 0.013 -31"><span class='ocrx_word' id='word_1_465' title='bbox 250 5549 369 5573; x_wconf 70' lang='lat' dir='ltr'><strong>tu&quot;.</strong></span> <span class='ocrx_word' id='word_1_466' title='bbox 403 5549 703 5593; x_wconf 61' lang='lat' dir='ltr'><strong>unum</strong></span> <span class='ocrx_word' id='word_1_467' title='bbox 723 5549 839 5573; x_wconf 75' lang='grc' dir='ltr'><strong>υιωι</strong></span> <span class='ocrx_word' id='word_1_468' title='bbox 857 5549 1213 5587; x_wconf 61' lang='lat' dir='ltr'><strong>&quot;perlaturos</strong></span> <span class='ocrx_word' id='word_1_469' title='bbox 1245 5549 1479 5596; x_wconf 74' lang='lat' dir='ltr'><strong>quasdam</strong></span> <span class='ocrx_word' id='word_1_470' title='bbox 1502 5549 1832 5601; x_wconf 68' lang='lat' dir='ltr'><strong>ridiculusque</strong></span> 
     </span>
     <span class='ocr_line' id='line_1_65' title="bbox 249 5586 1832 5659; baseline 0.013 -27"><span class='ocrx_word' id='word_1_471' title='bbox 249 5586 553 5659; x_wconf 47' lang='lat' dir='ltr'><strong>grunnitus</strong></span> <span class='ocrx_word' id='word_1_472' title='bbox 570 5624 584 5644; x_wconf 86' lang='lat'><strong>,</strong></span> <span class='ocrx_word' id='word_1_473' title='bbox 610 5586 1084 5659; x_wconf 45' lang='grc' dir='ltr'><strong>ηᾳψυερνεάεὺωα,</strong></span> <span class='ocrx_word' id='word_1_474' title='bbox 1104 5594 1351 5659; x_wconf 74' lang='lat' dir='ltr'><strong>dcentonas</strong></span> <span class='ocrx_word' id='word_1_475' title='bbox 1373 5600 1579 5659; x_wconf 75' lang='lat' dir='ltr'><strong>enecari,</strong></span> <span class='ocrx_word' id='word_1_476' title='bbox 1603 5609 1647 5650; x_wconf 87' lang='lat' dir='ltr'><strong>et</strong></span> <span class='ocrx_word' id='word_1_477' title='bbox 1672 5604 1743 5651; x_wconf 79' lang='lat' dir='ltr'><strong>vel</strong></span> <span class='ocrx_word' id='word_1_478' title='bbox 1766 5604 1832 5651; x_wconf 80' lang='lat' dir='ltr'><strong>ad</strong></span> 
     </span>
    </p>
   </div>
   <div class='ocr_carea' id='block_1_63' title="bbox 250 5646 1832 5719">
    <p class='ocr_par' dir='ltr' id='par_1_63' title="bbox 250 5646 1832 5719">
     <span class='ocr_line' id='line_1_66' title="bbox 250 5646 1832 5719; baseline 0.03 -45"><span class='ocrx_word' id='word_1_479' title='bbox 250 5646 441 5719; x_wconf 46' lang='lat' dir='ltr'><strong>mpm,</strong></span> <span class='ocrx_word' id='word_1_480' title='bbox 460 5647 715 5719; x_wconf 51' lang='grc' dir='ltr'><strong>ςοιιοφηὶα,</strong></span> <span class='ocrx_word' id='word_1_481' title='bbox 740 5646 810 5718; x_wconf 58' lang='lat' dir='ltr'><strong>uel</strong></span> <span class='ocrx_word' id='word_1_482' title='bbox 832 5649 896 5696; x_wconf 81' lang='lat' dir='ltr'><strong>ad</strong></span> <span class='ocrx_word' id='word_1_483' title='bbox 919 5651 1115 5719; x_wconf 68' lang='lat' dir='ltr'><strong>oracula</strong></span> <span class='ocrx_word' id='word_1_484' title='bbox 1138 5646 1525 5719; x_wconf 12' lang='lat' dir='ltr'><strong>edendaipﬁellici.</strong></span> <span class='ocrx_word' id='word_1_485' title='bbox 1540 5646 1832 5713; x_wconf 54' lang='grc' dir='ltr'><strong>ἕρῖἓῆἶδηῖέσξ</strong></span> 
     </span>
    </p>
   </div>
   <div class='ocr_carea' id='block_1_64' title="bbox 250 5705 1839 5789">
    <p class='ocr_par' dir='ltr' id='par_1_64' title="bbox 250 5705 1839 5789">
     <span class='ocr_line' id='line_1_67' title="bbox 250 5705 1839 5789; baseline 0.014 -34"><span class='ocrx_word' id='word_1_486' title='bbox 250 5705 357 5756; x_wconf 65' lang='lat' dir='ltr'><strong>tatis</strong></span> <span class='ocrx_word' id='word_1_487' title='bbox 376 5714 559 5758; x_wconf 65' lang='lat' dir='ltr'><strong>tinctam</strong></span> <span class='ocrx_word' id='word_1_488' title='bbox 578 5705 729 5762; x_wconf 66' lang='lat' dir='ltr'><strong>{laesae</strong></span> <span class='ocrx_word' id='word_1_489' title='bbox 752 5709 863 5773; x_wconf 69' lang='lat' dir='ltr'><strong>vim,</strong></span> <span class='ocrx_word' id='word_1_490' title='bbox 884 5723 967 5761; x_wconf 79' lang='lat' dir='ltr'><strong>seu</strong></span> <span class='ocrx_word' id='word_1_491' title='bbox 990 5712 1161 5776; x_wconf 70' lang='lat' dir='ltr'><strong>potius,</strong></span> <span class='ocrx_word' id='word_1_492' title='bbox 1189 5725 1236 5766; x_wconf 83' lang='lat' dir='ltr'><strong>ut</strong></span> <span class='ocrx_word' id='word_1_493' title='bbox 1260 5705 1453 5773; x_wconf 49' lang='lat' dir='ltr'><strong>militis</strong></span> <span class='ocrx_word' id='word_1_494' title='bbox 1463 5705 1686 5789; x_wconf 50' lang='lat' dir='ltr'><strong>iniiinii</strong></span> <span class='ocrx_word' id='word_1_495' title='bbox 1695 5705 1839 5779; x_wconf 55' lang='lat'><strong>&quot;135$;</strong></span> 
     </span>
    </p>
   </div>
   <div class='ocr_carea' id='block_1_65' title="bbox 1366 4798 1845 4861">
    <p class='ocr_par' dir='ltr' id='par_1_65' title="bbox 1366 4798 1845 4861">
     <span class='ocr_line' id='line_1_68' title="bbox 1366 4798 1845 4861; baseline 0.015 -14"><span class='ocrx_word' id='word_1_496' title='bbox 1366 4798 1495 4861; x_wconf 78' lang='lat' dir='ltr'><strong>logia</strong></span> <span class='ocrx_word' id='word_1_497' title='bbox 1516 4805 1719 4852; x_wconf 81' lang='lat' dir='ltr'><strong>Socratis</strong></span> <span class='ocrx_word' id='word_1_498' title='bbox 1740 4806 1845 4853; x_wconf 87' lang='lat' dir='ltr'><strong>edi-</strong></span> 
     </span>
    </p>
   </div>
   <div class='ocr_carea' id='block_1_66' title="bbox 1283 273 2503 334">
    <p class='ocr_par' dir='ltr' id='par_1_66' title="bbox 1283 273 2503 334">
     <span class='ocr_line' id='line_1_69' title="bbox 1283 273 2503 334; baseline 0.002 -3"><span class='ocrx_word' id='word_1_499' title='bbox 1283 277 1348 333; x_wconf 83' lang='grc' dir='ltr'><strong>ΙΝ</strong></span> <span class='ocrx_word' id='word_1_500' title='bbox 1387 276 1650 333; x_wconf 72' lang='lat' dir='ltr'><strong>EPISTJ</strong></span> <span class='ocrx_word' id='word_1_501' title='bbox 1716 275 1806 331; x_wconf 81' lang='lat' dir='ltr'><strong>AD</strong></span> <span class='ocrx_word' id='word_1_502' title='bbox 1844 273 1999 331; x_wconf 65' lang='grc' dir='ltr'><strong>(ΞΟΠ.</strong></span> <span class='ocrx_word' id='word_1_503' title='bbox 2042 274 2269 331; x_wconf 59' lang='grc'><strong>1103111...</strong></span> <span class='ocrx_word' id='word_1_504' title='bbox 2314 276 2503 334; x_wconf 76' lang='lat' dir='ltr'><strong>XXIX.</strong></span> 
     </span>
    </p>
   </div>
   <div class='ocr_carea' id='block_1_67' title="bbox 3436 285 3542 342">
    <p class='ocr_par' dir='ltr' id='par_1_67' title="bbox 3436 285 3542 342">
     <span class='ocr_line' id='line_1_70' title="bbox 3436 285 3542 342; baseline -0.019 0"><span class='ocrx_word' id='word_1_505' title='bbox 3436 285 3542 342; x_wconf 63' lang='grc' dir='ltr'><strong>πω</strong></span> 
     </span>
    </p>
   </div>
   <div class='ocr_carea' id='block_1_68' title="bbox 1956 393 3541 473">
    <p class='ocr_par' dir='ltr' id='par_1_68' title="bbox 1956 393 3541 473">
     <span class='ocr_line' id='line_1_71' title="bbox 1956 393 3541 473; baseline 0.004 -23"><span class='ocrx_word' id='word_1_506' title='bbox 1956 393 2081 450; x_wconf 66' lang='grc' dir='ltr'><strong>ητις</strong></span> <span class='ocrx_word' id='word_1_507' title='bbox 2105 394 2249 451; x_wconf 89' lang='lat' dir='ltr'><strong>enim</strong></span> <span class='ocrx_word' id='word_1_508' title='bbox 2282 407 2338 452; x_wconf 90' lang='lat' dir='ltr'><strong>et</strong></span> <span class='ocrx_word' id='word_1_509' title='bbox 2364 396 2554 452; x_wconf 83' lang='lat' dir='ltr'><strong>similia</strong></span> <span class='ocrx_word' id='word_1_510' title='bbox 2577 395 2596 465; x_wconf 93' lang='lat'>(</span> <span class='ocrx_word' id='word_1_511' title='bbox 2622 411 2743 451; x_wconf 89' lang='lat' dir='ltr'><strong>nam</strong></span> <span class='ocrx_word' id='word_1_512' title='bbox 2770 396 2926 467; x_wconf 76' lang='lat' dir='ltr'><strong>longe</strong></span> <span class='ocrx_word' id='word_1_513' title='bbox 2954 398 3104 467; x_wconf 84' lang='lat' dir='ltr'><strong>plura</strong></span> <span class='ocrx_word' id='word_1_514' title='bbox 3136 398 3244 455; x_wconf 84' lang='lat' dir='ltr'><strong>dici</strong></span> <span class='ocrx_word' id='word_1_515' title='bbox 3280 414 3494 470; x_wconf 80' lang='lat' dir='ltr'><strong>possent</strong></span> <span class='ocrx_word' id='word_1_516' title='bbox 3522 407 3541 473; x_wconf 87' lang='lat'><strong>)</strong></span> 
     </span>
    </p>
   </div>
   <div class='ocr_carea' id='block_1_69' title="bbox 1952 489 3543 563">
    <p class='ocr_par' dir='ltr' id='par_1_69' title="bbox 1952 489 3543 563">
     <span class='ocr_line' id='line_1_72' title="bbox 1952 489 3543 563; baseline 0.004 -21"><span class='ocrx_word' id='word_1_517' title='bbox 1952 499 2176 558; x_wconf 87' lang='lat' dir='ltr'><strong>utraque</strong></span> <span class='ocrx_word' id='word_1_518' title='bbox 2202 489 2359 546; x_wconf 85' lang='lat' dir='ltr'><strong>nobis</strong></span> <span class='ocrx_word' id='word_1_519' title='bbox 2380 489 2669 546; x_wconf 85' lang='lat' dir='ltr'><strong>ostendunt</strong></span> <span class='ocrx_word' id='word_1_520' title='bbox 2691 498 2746 545; x_wconf 89' lang='lat' dir='ltr'><strong>et</strong></span> <span class='ocrx_word' id='word_1_521' title='bbox 2770 491 3144 547; x_wconf 80' lang='lat' dir='ltr'><strong>necessitatem</strong></span> <span class='ocrx_word' id='word_1_522' title='bbox 3169 506 3271 563; x_wconf 85' lang='lat' dir='ltr'><strong>qua</strong></span> <span class='ocrx_word' id='word_1_523' title='bbox 3299 495 3543 549; x_wconf 77' lang='lat' dir='ltr'><strong>serviunt</strong></span> 
     </span>
    </p>
   </div>
   <div class='ocr_carea' id='block_1_70' title="bbox 1954 579 3542 650">
    <p class='ocr_par' dir='ltr' id='par_1_70' title="bbox 1954 579 3542 650">
     <span class='ocr_line' id='line_1_73' title="bbox 1954 579 3542 650; baseline 0.004 -16"><span class='ocrx_word' id='word_1_524' title='bbox 1954 580 2043 649; x_wconf 87' lang='lat' dir='ltr'><strong>qui</strong></span> <span class='ocrx_word' id='word_1_525' title='bbox 2070 579 2375 637; x_wconf 85' lang='lat' dir='ltr'><strong>detinentur</strong></span> <span class='ocrx_word' id='word_1_526' title='bbox 2399 580 2673 637; x_wconf 68' lang='lat' dir='ltr'><strong>dmmones</strong></span> <span class='ocrx_word' id='word_1_527' title='bbox 2699 621 2714 647; x_wconf 90' lang='lat'><strong>,</strong></span> <span class='ocrx_word' id='word_1_528' title='bbox 2746 589 2802 637; x_wconf 86' lang='lat' dir='ltr'><strong>et</strong></span> <span class='ocrx_word' id='word_1_529' title='bbox 2826 581 2931 636; x_wconf 88' lang='lat' dir='ltr'><strong>vim</strong></span> <span class='ocrx_word' id='word_1_530' title='bbox 2958 596 3117 650; x_wconf 87' lang='lat' dir='ltr'><strong>quam</strong></span> <span class='ocrx_word' id='word_1_531' title='bbox 3144 583 3475 640; x_wconf 84' lang='lat' dir='ltr'><strong>sustinentes</strong></span> <span class='ocrx_word' id='word_1_532' title='bbox 3506 587 3542 641; x_wconf 93' lang='lat' dir='ltr'><strong>it</strong></span> 
     </span>
    </p>
   </div>
   <div class='ocr_carea' id='block_1_71' title="bbox 1953 671 3544 741">
    <p class='ocr_par' dir='ltr' id='par_1_71' title="bbox 1953 671 3544 741">
     <span class='ocr_line' id='line_1_74' title="bbox 1953 671 3544 741; baseline 0.007 -19"><span class='ocrx_word' id='word_1_533' title='bbox 1953 672 2042 741; x_wconf 90' lang='lat' dir='ltr'><strong>qni</strong></span> <span class='ocrx_word' id='word_1_534' title='bbox 2062 671 2229 726; x_wconf 87' lang='lat' dir='ltr'><strong>semel</strong></span> <span class='ocrx_word' id='word_1_535' title='bbox 2255 686 2315 727; x_wconf 88' lang='lat' dir='ltr'><strong>se</strong></span> <span class='ocrx_word' id='word_1_536' title='bbox 2342 673 2471 741; x_wconf 86' lang='lat' dir='ltr'><strong>ipsis</strong></span> <span class='ocrx_word' id='word_1_537' title='bbox 2497 671 2839 739; x_wconf 85' lang='lat' dir='ltr'><strong>dediderunt,</strong></span> <span class='ocrx_word' id='word_1_538' title='bbox 2856 682 2912 727; x_wconf 88' lang='lat' dir='ltr'><strong>et</strong></span> <span class='ocrx_word' id='word_1_539' title='bbox 2932 687 2960 725; x_wconf 89' lang='lat' dir='ltr'><strong>a</strong></span> <span class='ocrx_word' id='word_1_540' title='bbox 2985 673 3208 727; x_wconf 86' lang='lat' dir='ltr'><strong>naturali</strong></span> <span class='ocrx_word' id='word_1_541' title='bbox 3240 688 3334 727; x_wconf 88' lang='lat' dir='ltr'><strong>sua</strong></span> <span class='ocrx_word' id='word_1_542' title='bbox 3362 684 3544 733; x_wconf 79' lang='lat' dir='ltr'><strong>mente</strong></span> 
     </span>
    </p>
   </div>
   <div class='ocr_carea' id='block_1_72' title="bbox 1953 762 3543 834">
    <p class='ocr_par' dir='ltr' id='par_1_72' title="bbox 1953 762 3543 834">
     <span class='ocr_line' id='line_1_75' title="bbox 1953 762 3543 834; baseline 0.001 -18"><span class='ocrx_word' id='word_1_543' title='bbox 1953 762 2235 817; x_wconf 81' lang='lat' dir='ltr'><strong>excedunt.</strong></span> <span class='ocrx_word' id='word_1_544' title='bbox 2272 762 2458 832; x_wconf 81' lang='lat' dir='ltr'><strong>Pythia</strong></span> <span class='ocrx_word' id='word_1_545' title='bbox 2487 778 2615 818; x_wconf 88' lang='lat' dir='ltr'><strong>vero</strong></span> <span class='ocrx_word' id='word_1_546' title='bbox 2645 763 2832 833; x_wconf 78' lang='lat' dir='ltr'><strong>(cogor</strong></span> <span class='ocrx_word' id='word_1_547' title='bbox 2849 764 2998 819; x_wconf 83' lang='lat' dir='ltr'><strong>enim</strong></span> <span class='ocrx_word' id='word_1_548' title='bbox 3021 764 3183 819; x_wconf 88' lang='lat' dir='ltr'><strong>aliam</strong></span> <span class='ocrx_word' id='word_1_549' title='bbox 3210 779 3421 834; x_wconf 88' lang='lat' dir='ltr'><strong>quoque</strong></span> <span class='ocrx_word' id='word_1_550' title='bbox 3449 781 3543 819; x_wconf 85' lang='lat' dir='ltr'><strong>co-</strong></span> 
     </span>
    </p>
   </div>
   <div class='ocr_carea' id='block_1_73' title="bbox 1956 852 3538 925">
    <p class='ocr_par' dir='ltr' id='par_1_73' title="bbox 1956 852 3538 925">
     <span class='ocr_line' id='line_1_76' title="bbox 1956 852 3538 925; baseline 0.001 -19"><span class='ocrx_word' id='word_1_551' title='bbox 1956 868 2072 907; x_wconf 87' lang='lat' dir='ltr'><strong>rum</strong></span> <span class='ocrx_word' id='word_1_552' title='bbox 2117 852 2498 921; x_wconf 87' lang='lat' dir='ltr'><strong>turpi.udinem</strong></span> <span class='ocrx_word' id='word_1_553' title='bbox 2544 853 2824 908; x_wconf 84' lang='lat' dir='ltr'><strong>traducere</strong></span> <span class='ocrx_word' id='word_1_554' title='bbox 2847 894 2861 913; x_wconf 92' lang='lat'><strong>.</strong></span> <span class='ocrx_word' id='word_1_555' title='bbox 2891 868 3051 923; x_wconf 88' lang='lat' dir='ltr'><strong>quam</strong></span> <span class='ocrx_word' id='word_1_556' title='bbox 3092 854 3288 908; x_wconf 85' lang='lat' dir='ltr'><strong>bonum</strong></span> <span class='ocrx_word' id='word_1_557' title='bbox 3324 854 3538 925; x_wconf 70' lang='lat' dir='ltr'><strong>quidem</strong></span> 
     </span>
    </p>
   </div>
   <div class='ocr_carea' id='block_1_74' title="bbox 1954 943 3539 1012">
    <p class='ocr_par' dir='ltr' id='par_1_74' title="bbox 1954 943 3539 1012">
     <span class='ocr_line' id='line_1_77' title="bbox 1954 943 3539 1012; baseline 0.001 -15"><span class='ocrx_word' id='word_1_558' title='bbox 1954 952 2097 997; x_wconf 84' lang='lat' dir='ltr'><strong>esset</strong></span> <span class='ocrx_word' id='word_1_559' title='bbox 2142 944 2549 1012; x_wconf 72' lang='lat' dir='ltr'><strong>praetermittere</strong></span> <span class='ocrx_word' id='word_1_560' title='bbox 2576 984 2589 1006; x_wconf 89' lang='lat'><strong>,</strong></span> <span class='ocrx_word' id='word_1_561' title='bbox 2618 943 2759 1011; x_wconf 87' lang='lat' dir='ltr'><strong>quod</strong></span> <span class='ocrx_word' id='word_1_562' title='bbox 2791 943 3111 1001; x_wconf 86' lang='lat' dir='ltr'><strong>indecorum</strong></span> <span class='ocrx_word' id='word_1_563' title='bbox 3136 944 3290 1000; x_wconf 88' lang='lat' dir='ltr'><strong>nobis</strong></span> <span class='ocrx_word' id='word_1_564' title='bbox 3318 946 3386 999; x_wconf 90' lang='lat' dir='ltr'><strong>sit</strong></span> <span class='ocrx_word' id='word_1_565' title='bbox 3417 947 3539 999; x_wconf 89' lang='lat' dir='ltr'><strong>talia</strong></span> 
     </span>
    </p>
   </div>
   <div class='ocr_carea' id='block_1_75' title="bbox 1954 1032 3541 1103">
    <p class='ocr_par' dir='ltr' id='par_1_75' title="bbox 1954 1032 3541 1103">
     <span class='ocr_line' id='line_1_78' title="bbox 1954 1032 3541 1103; baseline 0.003 -18"><span class='ocrx_word' id='word_1_566' title='bbox 1954 1033 2233 1103; x_wconf 82' lang='lat' dir='ltr'><strong>proferre;</strong></span> <span class='ocrx_word' id='word_1_567' title='bbox 2281 1042 2340 1087; x_wconf 90' lang='lat' dir='ltr'><strong>ut</strong></span> <span class='ocrx_word' id='word_1_568' title='bbox 2369 1042 2543 1087; x_wconf 63' lang='lat' dir='ltr'><strong>autrm</strong></span> <span class='ocrx_word' id='word_1_569' title='bbox 2577 1033 2788 1087; x_wconf 90' lang='lat' dir='ltr'><strong>illorum</strong></span> <span class='ocrx_word' id='word_1_570' title='bbox 2818 1032 3053 1088; x_wconf 68' lang='lat' dir='ltr'><strong>dedecuit</strong></span> <span class='ocrx_word' id='word_1_571' title='bbox 3083 1035 3279 1090; x_wconf 89' lang='lat' dir='ltr'><strong>clarius</strong></span> <span class='ocrx_word' id='word_1_572' title='bbox 3309 1037 3541 1102; x_wconf 84' lang='lat' dir='ltr'><strong>evadat,</strong></span> 
     </span>
    </p>
   </div>
   <div class='ocr_carea' id='block_1_76' title="bbox 1954 1122 3541 1191">
    <p class='ocr_par' dir='ltr' id='par_1_76' title="bbox 1954 1122 3541 1191">
     <span class='ocr_line' id='line_1_79' title="bbox 1954 1122 3541 1191; baseline 0.002 -14"><span class='ocrx_word' id='word_1_573' title='bbox 1954 1126 2315 1179; x_wconf 87' lang='lat' dir='ltr'><strong>necessarium</strong></span> <span class='ocrx_word' id='word_1_574' title='bbox 2355 1133 2437 1178; x_wconf 89' lang='lat' dir='ltr'><strong>est</strong></span> <span class='ocrx_word' id='word_1_575' title='bbox 2468 1124 2682 1190; x_wconf 90' lang='lat' dir='ltr'><strong>dicere;</strong></span> <span class='ocrx_word' id='word_1_576' title='bbox 2716 1133 2774 1177; x_wconf 90' lang='lat' dir='ltr'><strong>ut</strong></span> <span class='ocrx_word' id='word_1_577' title='bbox 2814 1122 2936 1177; x_wconf 90' lang='lat' dir='ltr'><strong>hinc</strong></span> <span class='ocrx_word' id='word_1_578' title='bbox 2966 1125 3183 1181; x_wconf 87' lang='lat' dir='ltr'><strong>discatis</strong></span> <span class='ocrx_word' id='word_1_579' title='bbox 3208 1127 3498 1182; x_wconf 85' lang='lat' dir='ltr'><strong>amentiam</strong></span> <span class='ocrx_word' id='word_1_580' title='bbox 3526 1168 3541 1191; x_wconf 93' lang='lat'><strong>,</strong></span> 
     </span>
    </p>
   </div>
   <div class='ocr_carea' id='block_1_77' title="bbox 1951 1214 3545 1285">
    <p class='ocr_par' dir='ltr' id='par_1_77' title="bbox 1951 1214 3545 1285">
     <span class='ocr_line' id='line_1_80' title="bbox 1951 1214 3545 1285; baseline 0.002 -17"><span class='ocrx_word' id='word_1_581' title='bbox 1951 1222 2006 1268; x_wconf 91' lang='lat' dir='ltr'><strong>et</strong></span> <span class='ocrx_word' id='word_1_582' title='bbox 2033 1214 2253 1269; x_wconf 86' lang='lat' dir='ltr'><strong>ridicula</strong></span> <span class='ocrx_word' id='word_1_583' title='bbox 2279 1223 2425 1285; x_wconf 77' lang='lat' dir='ltr'><strong>gesta</strong></span> <span class='ocrx_word' id='word_1_584' title='bbox 2452 1230 2637 1269; x_wconf 90' lang='lat' dir='ltr'><strong>eorum</strong></span> <span class='ocrx_word' id='word_1_585' title='bbox 2663 1215 2753 1284; x_wconf 92' lang='lat' dir='ltr'><strong>qui</strong></span> <span class='ocrx_word' id='word_1_586' title='bbox 2780 1215 2984 1269; x_wconf 84' lang='lat' dir='ltr'><strong>vatibus</strong></span> <span class='ocrx_word' id='word_1_587' title='bbox 3010 1215 3116 1270; x_wconf 93' lang='lat' dir='ltr'><strong>illis</strong></span> <span class='ocrx_word' id='word_1_588' title='bbox 3140 1217 3397 1285; x_wconf 86' lang='lat' dir='ltr'><strong>utuntur)</strong></span> <span class='ocrx_word' id='word_1_589' title='bbox 3425 1235 3437 1269; x_wconf 89' lang='lat'>:</span> <span class='ocrx_word' id='word_1_590' title='bbox 3464 1218 3545 1271; x_wconf 87' lang='lat' dir='ltr'><strong>di-</strong></span> 
     </span>
    </p>
   </div>
   <div class='ocr_carea' id='block_1_78' title="bbox 1952 1307 3540 1381">
    <p class='ocr_par' dir='ltr' id='par_1_78' title="bbox 1952 1307 3540 1381">
     <span class='ocr_line' id='line_1_81' title="bbox 1952 1307 3540 1381; baseline 0.002 -22"><span class='ocrx_word' id='word_1_591' title='bbox 1952 1307 2091 1359; x_wconf 90' lang='lat' dir='ltr'><strong>citur</strong></span> <span class='ocrx_word' id='word_1_592' title='bbox 2112 1322 2239 1375; x_wconf 82' lang='lat' dir='ltr'><strong>ergo</strong></span> <span class='ocrx_word' id='word_1_593' title='bbox 2261 1307 2447 1378; x_wconf 78' lang='lat' dir='ltr'><strong>Pythia</strong></span> <span class='ocrx_word' id='word_1_594' title='bbox 2476 1308 2667 1362; x_wconf 89' lang='lat' dir='ltr'><strong>mulier</strong></span> <span class='ocrx_word' id='word_1_595' title='bbox 2689 1307 2921 1363; x_wconf 90' lang='lat' dir='ltr'><strong>insidere</strong></span> <span class='ocrx_word' id='word_1_596' title='bbox 2942 1309 3134 1379; x_wconf 86' lang='lat' dir='ltr'><strong>tripodi</strong></span> <span class='ocrx_word' id='word_1_597' title='bbox 3158 1309 3422 1378; x_wconf 76' lang='lat' dir='ltr'><strong>Apollinis</strong></span> <span class='ocrx_word' id='word_1_598' title='bbox 3443 1309 3540 1381; x_wconf 75' lang='lat' dir='ltr'><strong>(si),</strong></span> 
     </span>
    </p>
   </div>
   <div class='ocr_carea' id='block_1_79' title="bbox 1953 1397 3540 1455">
    <p class='ocr_par' dir='ltr' id='par_1_79' title="bbox 1953 1397 3540 1455">
     <span class='ocr_line' id='line_1_82' title="bbox 1953 1397 3540 1455; baseline 0.002 -5"><span class='ocrx_word' id='word_1_599' title='bbox 1953 1397 2261 1453; x_wconf 71' lang='lat' dir='ltr'><strong>divaricatis</strong></span> <span class='ocrx_word' id='word_1_600' title='bbox 2303 1398 2594 1452; x_wconf 88' lang='lat' dir='ltr'><strong>cruribus:</strong></span> <span class='ocrx_word' id='word_1_601' title='bbox 2629 1398 2822 1455; x_wconf 83' lang='lat' dir='ltr'><strong>deinde</strong></span> <span class='ocrx_word' id='word_1_602' title='bbox 2872 1401 3067 1453; x_wconf 87' lang='lat' dir='ltr'><strong>malum</strong></span> <span class='ocrx_word' id='word_1_603' title='bbox 3119 1400 3325 1455; x_wconf 85' lang='lat' dir='ltr'><strong>inferne</strong></span> <span class='ocrx_word' id='word_1_604' title='bbox 3371 1400 3540 1454; x_wconf 89' lang='lat' dir='ltr'><strong>emitti</strong></span> 
     </span>
    </p>
   </div>
   <div class='ocr_carea' id='block_1_80' title="bbox 1952 1488 3541 1559">
    <p class='ocr_par' dir='ltr' id='par_1_80' title="bbox 1952 1488 3541 1559">
     <span class='ocr_line' id='line_1_83' title="bbox 1952 1488 3541 1559; baseline 0.003 -18"><span class='ocrx_word' id='word_1_605' title='bbox 1952 1488 2216 1556; x_wconf 86' lang='lat' dir='ltr'><strong>spiritum,</strong></span> <span class='ocrx_word' id='word_1_606' title='bbox 2249 1497 2301 1541; x_wconf 89' lang='lat' dir='ltr'><strong>et</strong></span> <span class='ocrx_word' id='word_1_607' title='bbox 2330 1504 2425 1557; x_wconf 90' lang='lat' dir='ltr'><strong>per</strong></span> <span class='ocrx_word' id='word_1_608' title='bbox 2449 1488 2709 1557; x_wconf 72' lang='lat' dir='ltr'><strong>genitales</strong></span> <span class='ocrx_word' id='word_1_609' title='bbox 2737 1490 2852 1557; x_wconf 87' lang='lat' dir='ltr'><strong>ejus</strong></span> <span class='ocrx_word' id='word_1_610' title='bbox 2875 1500 3053 1559; x_wconf 83' lang='lat' dir='ltr'><strong>partes</strong></span> <span class='ocrx_word' id='word_1_611' title='bbox 3082 1497 3421 1555; x_wconf 84' lang='lat' dir='ltr'><strong>subeuntem,</strong></span> <span class='ocrx_word' id='word_1_612' title='bbox 3454 1492 3541 1545; x_wconf 82' lang='lat' dir='ltr'><strong>fu-</strong></span> 
     </span>
    </p>
   </div>
   <div class='ocr_carea' id='block_1_81' title="bbox 1953 1578 3542 1652">
    <p class='ocr_par' dir='ltr' id='par_1_81' title="bbox 1953 1578 3542 1652">
     <span class='ocr_line' id='line_1_84' title="bbox 1953 1578 3542 1652; baseline 0.003 -20"><span class='ocrx_word' id='word_1_613' title='bbox 1953 1593 2076 1632; x_wconf 89' lang='lat' dir='ltr'><strong>rore</strong></span> <span class='ocrx_word' id='word_1_614' title='bbox 2096 1579 2371 1633; x_wconf 88' lang='lat' dir='ltr'><strong>mulierem</strong></span> <span class='ocrx_word' id='word_1_615' title='bbox 2397 1580 2625 1647; x_wconf 87' lang='lat' dir='ltr'><strong>replere,</strong></span> <span class='ocrx_word' id='word_1_616' title='bbox 2644 1590 2697 1634; x_wconf 89' lang='lat' dir='ltr'><strong>et</strong></span> <span class='ocrx_word' id='word_1_617' title='bbox 2723 1578 2861 1636; x_wconf 87' lang='lat' dir='ltr'><strong>banc</strong></span> <span class='ocrx_word' id='word_1_618' title='bbox 2881 1582 3129 1650; x_wconf 86' lang='lat' dir='ltr'><strong>deinceps</strong></span> <span class='ocrx_word' id='word_1_619' title='bbox 3153 1583 3319 1652; x_wconf 72' lang='lat' dir='ltr'><strong>passis</strong></span> <span class='ocrx_word' id='word_1_620' title='bbox 3335 1583 3542 1650; x_wconf 80' lang='lat' dir='ltr'><strong>capi&#39;lis</strong></span> 
     </span>
    </p>
   </div>
   <div class='ocr_carea' id='block_1_82' title="bbox 1952 1669 3543 1737">
    <p class='ocr_par' dir='ltr' id='par_1_82' title="bbox 1952 1669 3543 1737">
     <span class='ocr_line' id='line_1_85' title="bbox 1952 1669 3543 1737; baseline 0.003 -15"><span class='ocrx_word' id='word_1_621' title='bbox 1952 1669 2270 1723; x_wconf 87' lang='lat' dir='ltr'><strong>debacchari</strong></span> <span class='ocrx_word' id='word_1_622' title='bbox 2295 1678 2348 1722; x_wconf 90' lang='lat' dir='ltr'><strong>et</strong></span> <span class='ocrx_word' id='word_1_623' title='bbox 2388 1684 2631 1737; x_wconf 89' lang='lat' dir='ltr'><strong>spumam</strong></span> <span class='ocrx_word' id='word_1_624' title='bbox 2659 1685 2722 1723; x_wconf 81' lang='lat' dir='ltr'><strong>es</strong></span> <span class='ocrx_word' id='word_1_625' title='bbox 2755 1685 2848 1724; x_wconf 86' lang='lat' dir='ltr'><strong>ore</strong></span> <span class='ocrx_word' id='word_1_626' title='bbox 2874 1672 3155 1737; x_wconf 83' lang='lat' dir='ltr'><strong>emittere;</strong></span> <span class='ocrx_word' id='word_1_627' title='bbox 3181 1682 3236 1726; x_wconf 89' lang='lat' dir='ltr'><strong>ct</strong></span> <span class='ocrx_word' id='word_1_628' title='bbox 3265 1673 3341 1727; x_wconf 88' lang='lat' dir='ltr'><strong>sic</strong></span> <span class='ocrx_word' id='word_1_629' title='bbox 3373 1682 3543 1726; x_wconf 77' lang='lat' dir='ltr'><strong>temu-</strong></span> 
     </span>
    </p>
   </div>
   <div class='ocr_carea' id='block_1_83' title="bbox 1941 1760 3541 1831">
    <p class='ocr_par' dir='ltr' id='par_1_83' title="bbox 1941 1760 3541 1831">
     <span class='ocr_line' id='line_1_86' title="bbox 1941 1760 3541 1831; baseline 0.005 -19"><span class='ocrx_word' id='word_1_630' title='bbox 1941 1760 2150 1818; x_wconf 73' lang='lat' dir='ltr'><strong>lentam</strong></span> <span class='ocrx_word' id='word_1_631' title='bbox 2182 1760 2326 1815; x_wconf 91' lang='lat' dir='ltr'><strong>illam</strong></span> <span class='ocrx_word' id='word_1_632' title='bbox 2357 1760 2553 1815; x_wconf 89' lang='lat' dir='ltr'><strong>furoris</strong></span> <span class='ocrx_word' id='word_1_633' title='bbox 2581 1762 2743 1815; x_wconf 86' lang='lat' dir='ltr'><strong>verba</strong></span> <span class='ocrx_word' id='word_1_634' title='bbox 2773 1762 3031 1831; x_wconf 82' lang='lat' dir='ltr'><strong>proferre.</strong></span> <span class='ocrx_word' id='word_1_635' title='bbox 3065 1762 3189 1819; x_wconf 92' lang='lat' dir='ltr'><strong>Scio</strong></span> <span class='ocrx_word' id='word_1_636' title='bbox 3216 1779 3311 1818; x_wconf 87' lang='lat' dir='ltr'><strong>vos</strong></span> <span class='ocrx_word' id='word_1_637' title='bbox 3340 1766 3541 1831; x_wconf 85' lang='lat' dir='ltr'><strong>pudore</strong></span> 
     </span>
    </p>
   </div>
   <div class='ocr_carea' id='block_1_84' title="bbox 1953 1850 3539 1909">
    <p class='ocr_par' dir='ltr' id='par_1_84' title="bbox 1953 1850 3539 1909">
     <span class='ocr_line' id='line_1_87' title="bbox 1953 1850 3539 1909; baseline 0.003 -4"><span class='ocrx_word' id='word_1_638' title='bbox 1953 1850 2170 1905; x_wconf 68' lang='lat' dir='ltr'><strong>allectos</strong></span> <span class='ocrx_word' id='word_1_639' title='bbox 2202 1851 2519 1906; x_wconf 88' lang='lat' dir='ltr'><strong>erubescere</strong></span> <span class='ocrx_word' id='word_1_640' title='bbox 2554 1851 2667 1906; x_wconf 70' lang='lat' dir='ltr'><strong>ltu‘c</strong></span> <span class='ocrx_word' id='word_1_641' title='bbox 2696 1851 2973 1907; x_wconf 88' lang='lat' dir='ltr'><strong>audientes</strong></span> <span class='ocrx_word' id='word_1_642' title='bbox 3002 1871 3014 1906; x_wconf 95' lang='lat'>:</span> <span class='ocrx_word' id='word_1_643' title='bbox 3043 1868 3225 1907; x_wconf 71' lang='lat' dir='ltr'><strong>verum</strong></span> <span class='ocrx_word' id='word_1_644' title='bbox 3262 1854 3336 1908; x_wconf 87' lang='lat' dir='ltr'><strong>illi</strong></span> <span class='ocrx_word' id='word_1_645' title='bbox 3374 1855 3539 1909; x_wconf 87' lang='lat' dir='ltr'><strong>altum</strong></span> 
     </span>
    </p>
   </div>
   <div class='ocr_carea' id='block_1_85' title="bbox 1954 1942 3283 2011">
    <p class='ocr_par' dir='ltr' id='par_1_85' title="bbox 1954 1942 3283 2011">
     <span class='ocr_line' id='line_1_88' title="bbox 1954 1942 3283 2011; baseline 0.002 -14"><span class='ocrx_word' id='word_1_646' title='bbox 1954 1943 2165 2011; x_wconf 85' lang='lat' dir='ltr'><strong>sapiunt</strong></span> <span class='ocrx_word' id='word_1_647' title='bbox 2194 1942 2261 1997; x_wconf 91' lang='lat' dir='ltr'><strong>ob</strong></span> <span class='ocrx_word' id='word_1_648' title='bbox 2288 1943 2665 2011; x_wconf 88' lang='lat' dir='ltr'><strong>turpitudinem</strong></span> <span class='ocrx_word' id='word_1_649' title='bbox 2697 1953 2750 1997; x_wconf 88' lang='lat' dir='ltr'><strong>et</strong></span> <span class='ocrx_word' id='word_1_650' title='bbox 2779 1944 3035 1998; x_wconf 84' lang='lat' dir='ltr'><strong>insaniam</strong></span> <span class='ocrx_word' id='word_1_651' title='bbox 3066 1955 3283 1999; x_wconf 86' lang='lat' dir='ltr'><strong>tantam.</strong></span> 
     </span>
    </p>
   </div>
   <div class='ocr_carea' id='block_1_86' title="bbox 2024 2032 3543 2105">
    <p class='ocr_par' dir='ltr' id='par_1_86' title="bbox 2024 2032 3543 2105">
     <span class='ocr_line' id='line_1_89' title="bbox 2024 2032 3543 2105; baseline 0.004 -20"><span class='ocrx_word' id='word_1_652' title='bbox 2024 2032 2080 2087; x_wconf 73' lang='lat'><strong>2.</strong></span> <span class='ocrx_word' id='word_1_653' title='bbox 2126 2033 2249 2088; x_wconf 63' lang='lat' dir='ltr'><strong>llaec</strong></span> <span class='ocrx_word' id='word_1_654' title='bbox 2295 2032 2453 2103; x_wconf 74' lang='lat' dir='ltr'><strong>igitur</strong></span> <span class='ocrx_word' id='word_1_655' title='bbox 2489 2044 2541 2088; x_wconf 89' lang='lat' dir='ltr'><strong>et</strong></span> <span class='ocrx_word' id='word_1_656' title='bbox 2582 2034 2774 2088; x_wconf 86' lang='lat' dir='ltr'><strong>similia</strong></span> <span class='ocrx_word' id='word_1_657' title='bbox 2812 2035 2988 2088; x_wconf 87' lang='lat' dir='ltr'><strong>omnia</strong></span> <span class='ocrx_word' id='word_1_658' title='bbox 3032 2035 3223 2092; x_wconf 82' lang='lat' dir='ltr'><strong>Paulus</strong></span> <span class='ocrx_word' id='word_1_659' title='bbox 3261 2037 3543 2105; x_wconf 64' lang='lat' dir='ltr'><strong>exagitans</strong></span> 
     </span>
    </p>
   </div>
   <div class='ocr_carea' id='block_1_87' title="bbox 1953 2121 3544 2195">
    <p class='ocr_par' dir='ltr' id='par_1_87' title="bbox 1953 2121 3544 2195">
     <span class='ocr_line' id='line_1_90' title="bbox 1953 2121 3544 2195; baseline 0.004 -20"><span class='ocrx_word' id='word_1_660' title='bbox 1953 2121 2165 2177; x_wconf 89' lang='lat' dir='ltr'><strong>dicebat</strong></span> <span class='ocrx_word' id='word_1_661' title='bbox 2194 2141 2207 2175; x_wconf 92' lang='lat'>:</span> <span class='ocrx_word' id='word_1_662' title='bbox 2249 2123 2402 2179; x_wconf 83' lang='lat' dir='ltr'><strong>Scitis</strong></span> <span class='ocrx_word' id='word_1_663' title='bbox 2442 2124 2575 2193; x_wconf 85' lang='lat' dir='ltr'><strong>quod</strong></span> <span class='ocrx_word' id='word_1_664' title='bbox 2603 2140 2718 2177; x_wconf 82' lang='lat' dir='ltr'><strong>cum</strong></span> <span class='ocrx_word' id='word_1_665' title='bbox 2742 2135 2912 2195; x_wconf 78' lang='lat' dir='ltr'><strong>gentes</strong></span> <span class='ocrx_word' id='word_1_666' title='bbox 2938 2127 3109 2181; x_wconf 86' lang='lat' dir='ltr'><strong>essetis</strong></span> <span class='ocrx_word' id='word_1_667' title='bbox 3133 2168 3149 2194; x_wconf 90' lang='lat'><strong>,</strong></span> <span class='ocrx_word' id='word_1_668' title='bbox 3176 2128 3244 2181; x_wconf 82' lang='lat' dir='ltr'><strong>ad</strong></span> <span class='ocrx_word' id='word_1_669' title='bbox 3270 2128 3544 2182; x_wconf 80' lang='lat' dir='ltr'><strong>simulacra</strong></span> 
     </span>
    </p>
   </div>
   <div class='ocr_carea' id='block_1_88' title="bbox 1953 2213 3541 2289">
    <p class='ocr_par' dir='ltr' id='par_1_88' title="bbox 1953 2213 3541 2289">
     <span class='ocr_line' id='line_1_91' title="bbox 1953 2213 3541 2289; baseline 0.006 -25"><span class='ocrx_word' id='word_1_670' title='bbox 1953 2221 2095 2265; x_wconf 85' lang='lat' dir='ltr'><strong>muta</strong></span> <span class='ocrx_word' id='word_1_671' title='bbox 2139 2213 2509 2266; x_wconf 81' lang='lat' dir='ltr'><strong>inducebamini</strong></span> <span class='ocrx_word' id='word_1_672' title='bbox 2549 2214 2772 2268; x_wconf 86' lang='lat' dir='ltr'><strong>abducti.</strong></span> <span class='ocrx_word' id='word_1_673' title='bbox 2811 2215 2876 2269; x_wconf 86' lang='lat' dir='ltr'><strong>Et</strong></span> <span class='ocrx_word' id='word_1_674' title='bbox 2912 2216 3033 2285; x_wconf 90' lang='lat' dir='ltr'><strong>quia</strong></span> <span class='ocrx_word' id='word_1_675' title='bbox 3061 2232 3183 2272; x_wconf 89' lang='lat' dir='ltr'><strong>cum</strong></span> <span class='ocrx_word' id='word_1_676' title='bbox 3212 2217 3274 2273; x_wconf 91' lang='lat' dir='ltr'><strong>iis</strong></span> <span class='ocrx_word' id='word_1_677' title='bbox 3305 2220 3393 2289; x_wconf 89' lang='lat' dir='ltr'><strong>qui</strong></span> <span class='ocrx_word' id='word_1_678' title='bbox 3427 2235 3541 2273; x_wconf 89' lang='lat' dir='ltr'><strong>rem</strong></span> 
     </span>
    </p>
   </div>
   <div class='ocr_carea' id='block_1_89' title="bbox 1954 2300 3540 2379">
    <p class='ocr_par' dir='ltr' id='par_1_89' title="bbox 1954 2300 3540 2379">
     <span class='ocr_line' id='line_1_92' title="bbox 1954 2300 3540 2379; baseline 0.004 -24"><span class='ocrx_word' id='word_1_679' title='bbox 1954 2300 2121 2370; x_wconf 82' lang='lat' dir='ltr'><strong>probe</strong></span> <span class='ocrx_word' id='word_1_680' title='bbox 2145 2311 2403 2355; x_wconf 82' lang='lat' dir='ltr'><strong>noverant</strong></span> <span class='ocrx_word' id='word_1_681' title='bbox 2429 2303 2744 2371; x_wconf 87' lang='lat' dir='ltr'><strong>disserebat,</strong></span> <span class='ocrx_word' id='word_1_682' title='bbox 2770 2320 2875 2359; x_wconf 91' lang='lat' dir='ltr'><strong>non</strong></span> <span class='ocrx_word' id='word_1_683' title='bbox 2898 2307 3077 2360; x_wconf 87' lang='lat' dir='ltr'><strong>omnia</strong></span> <span class='ocrx_word' id='word_1_684' title='bbox 3098 2318 3343 2361; x_wconf 85' lang='lat' dir='ltr'><strong>accurate</strong></span> <span class='ocrx_word' id='word_1_685' title='bbox 3372 2310 3540 2379; x_wconf 88' lang='lat' dir='ltr'><strong>ponit,</strong></span> 
     </span>
    </p>
   </div>
   <div class='ocr_carea' id='block_1_90' title="bbox 1956 2390 3538 2458">
    <p class='ocr_par' dir='ltr' id='par_1_90' title="bbox 1956 2390 3538 2458">
     <span class='ocr_line' id='line_1_93' title="bbox 1956 2390 3538 2458; baseline 0.006 -13"><span class='ocrx_word' id='word_1_686' title='bbox 1956 2406 2021 2445; x_wconf 91' lang='lat' dir='ltr'><strong>ne</strong></span> <span class='ocrx_word' id='word_1_687' title='bbox 2058 2390 2165 2445; x_wconf 89' lang='lat' dir='ltr'><strong>illis</strong></span> <span class='ocrx_word' id='word_1_688' title='bbox 2202 2391 2499 2445; x_wconf 87' lang='lat' dir='ltr'><strong>molestiam</strong></span> <span class='ocrx_word' id='word_1_689' title='bbox 2529 2403 2715 2458; x_wconf 90' lang='lat' dir='ltr'><strong>creet;</strong></span> <span class='ocrx_word' id='word_1_690' title='bbox 2757 2396 2851 2449; x_wconf 85' lang='lat' dir='ltr'><strong>sed</strong></span> <span class='ocrx_word' id='word_1_691' title='bbox 2900 2398 2949 2450; x_wconf 90' lang='lat' dir='ltr'><strong>in</strong></span> <span class='ocrx_word' id='word_1_692' title='bbox 2997 2399 3305 2453; x_wconf 89' lang='lat' dir='ltr'><strong>memoriam</strong></span> <span class='ocrx_word' id='word_1_693' title='bbox 3338 2409 3538 2455; x_wconf 87' lang='lat' dir='ltr'><strong>tantum</strong></span> 
     </span>
    </p>
   </div>
   <div class='ocr_carea' id='block_1_91' title="bbox 1957 2484 3541 2559">
    <p class='ocr_par' dir='ltr' id='par_1_91' title="bbox 1957 2484 3541 2559">
     <span class='ocr_line' id='line_1_94' title="bbox 1957 2484 3541 2559; baseline 0.008 -22"><span class='ocrx_word' id='word_1_694' title='bbox 1957 2497 2214 2538; x_wconf 85' lang='lat' dir='ltr'><strong>revocans</strong></span> <span class='ocrx_word' id='word_1_695' title='bbox 2240 2484 2417 2537; x_wconf 87' lang='lat' dir='ltr'><strong>omnia</strong></span> <span class='ocrx_word' id='word_1_696' title='bbox 2443 2525 2458 2548; x_wconf 93' lang='lat'><strong>,</strong></span> <span class='ocrx_word' id='word_1_697' title='bbox 2491 2484 2598 2539; x_wconf 91' lang='lat' dir='ltr'><strong>cito</strong></span> <span class='ocrx_word' id='word_1_698' title='bbox 2645 2487 2889 2549; x_wconf 87' lang='lat' dir='ltr'><strong>recedit,</strong></span> <span class='ocrx_word' id='word_1_699' title='bbox 2922 2489 2985 2541; x_wconf 90' lang='lat' dir='ltr'><strong>ad</strong></span> <span class='ocrx_word' id='word_1_700' title='bbox 3016 2492 3346 2559; x_wconf 83' lang='lat' dir='ltr'><strong>propositum</strong></span> <span class='ocrx_word' id='word_1_701' title='bbox 3388 2492 3507 2548; x_wconf 85' lang='lat' dir='ltr'><strong>festi</strong></span> <span class='ocrx_word' id='word_1_702' title='bbox 3529 2522 3541 2531; x_wconf 88' lang='lat'><strong>-</strong></span> 
     </span>
    </p>
   </div>
   <div class='ocr_carea' id='block_1_92' title="bbox 1958 2573 3536 2638">
    <p class='ocr_par' dir='ltr' id='par_1_92' title="bbox 1958 2573 3536 2638">
     <span class='ocr_line' id='line_1_95' title="bbox 1958 2573 3536 2638; baseline 0.007 -12"><span class='ocrx_word' id='word_1_703' title='bbox 1958 2588 2111 2627; x_wconf 89' lang='lat' dir='ltr'><strong>naus.</strong></span> <span class='ocrx_word' id='word_1_704' title='bbox 2140 2573 2277 2638; x_wconf 85' lang='lat' dir='ltr'><strong>Quid</strong></span> <span class='ocrx_word' id='word_1_705' title='bbox 2305 2581 2388 2627; x_wconf 73' lang='lat' dir='ltr'><strong>est</strong></span> <span class='ocrx_word' id='word_1_706' title='bbox 2412 2584 2610 2635; x_wconf 88' lang='lat' dir='ltr'><strong>autem,</strong></span> <span class='ocrx_word' id='word_1_707' title='bbox 2637 2575 2714 2628; x_wconf 83' lang='lat' dir='ltr'><strong>Ad</strong></span> <span class='ocrx_word' id='word_1_708' title='bbox 2740 2576 3012 2629; x_wconf 81' lang='lat' dir='ltr'><strong>simulacra</strong></span> <span class='ocrx_word' id='word_1_709' title='bbox 3040 2580 3218 2632; x_wconf 85' lang='lat' dir='ltr'><strong>muta?</strong></span> <span class='ocrx_word' id='word_1_710' title='bbox 3255 2581 3341 2634; x_wconf 83' lang='lat' dir='ltr'><strong>lsti</strong></span> <span class='ocrx_word' id='word_1_711' title='bbox 3391 2592 3536 2637; x_wconf 77' lang='lat' dir='ltr'><strong>vates</strong></span> 
     </span>
    </p>
   </div>
   <div class='ocr_carea' id='block_1_93' title="bbox 1958 2664 3536 2743">
    <p class='ocr_par' dir='ltr' id='par_1_93' title="bbox 1958 2664 3536 2743">
     <span class='ocr_line' id='line_1_96' title="bbox 1958 2664 3536 2743; baseline 0.007 -28"><span class='ocrx_word' id='word_1_712' title='bbox 1958 2664 2022 2717; x_wconf 91' lang='lat' dir='ltr'><strong>ad</strong></span> <span class='ocrx_word' id='word_1_713' title='bbox 2070 2664 2155 2717; x_wconf 90' lang='lat' dir='ltr'><strong>illa</strong></span> <span class='ocrx_word' id='word_1_714' title='bbox 2208 2665 2358 2719; x_wconf 90' lang='lat' dir='ltr'><strong>tracti</strong></span> <span class='ocrx_word' id='word_1_715' title='bbox 2405 2665 2754 2721; x_wconf 89' lang='lat' dir='ltr'><strong>ducebautur.</strong></span> <span class='ocrx_word' id='word_1_716' title='bbox 2782 2666 2835 2723; x_wconf 90' lang='lat' dir='ltr'><strong>Si</strong></span> <span class='ocrx_word' id='word_1_717' title='bbox 2885 2684 3013 2723; x_wconf 90' lang='lat' dir='ltr'><strong>vero</strong></span> <span class='ocrx_word' id='word_1_718' title='bbox 3064 2679 3209 2725; x_wconf 83' lang='lat' dir='ltr'><strong>muta</strong></span> <span class='ocrx_word' id='word_1_719' title='bbox 3255 2672 3536 2743; x_wconf 81' lang='lat' dir='ltr'><strong>sint,qno-</strong></span> 
     </span>
    </p>
   </div>
   <div class='ocr_carea' id='block_1_94' title="bbox 1958 2757 3540 2828">
    <p class='ocr_par' dir='ltr' id='par_1_94' title="bbox 1958 2757 3540 2828">
     <span class='ocr_line' id='line_1_97' title="bbox 1958 2757 3540 2828; baseline 0.004 -17"><span class='ocrx_word' id='word_1_720' title='bbox 1958 2757 2114 2811; x_wconf 90' lang='lat' dir='ltr'><strong>modo</strong></span> <span class='ocrx_word' id='word_1_721' title='bbox 2148 2757 2251 2809; x_wconf 91' lang='lat' dir='ltr'><strong>illis</strong></span> <span class='ocrx_word' id='word_1_722' title='bbox 2294 2758 2616 2811; x_wconf 86' lang='lat' dir='ltr'><strong>utebantur?</strong></span> <span class='ocrx_word' id='word_1_723' title='bbox 2648 2776 2747 2828; x_wconf 90' lang='lat' dir='ltr'><strong>qua</strong></span> <span class='ocrx_word' id='word_1_724' title='bbox 2787 2760 2854 2814; x_wconf 86' lang='lat' dir='ltr'><strong>de</strong></span> <span class='ocrx_word' id='word_1_725' title='bbox 2884 2776 3040 2815; x_wconf 89' lang='lat' dir='ltr'><strong>causa</strong></span> <span class='ocrx_word' id='word_1_726' title='bbox 3082 2761 3147 2815; x_wconf 87' lang='lat' dir='ltr'><strong>ad</strong></span> <span class='ocrx_word' id='word_1_727' title='bbox 3184 2772 3383 2816; x_wconf 86' lang='lat' dir='ltr'><strong>statuas</strong></span> <span class='ocrx_word' id='word_1_728' title='bbox 3420 2763 3540 2817; x_wconf 85' lang='lat' dir='ltr'><strong>illos</strong></span> 
     </span>
    </p>
   </div>
   <div class='ocr_carea' id='block_1_95' title="bbox 1955 2845 3536 2916">
    <p class='ocr_par' dir='ltr' id='par_1_95' title="bbox 1955 2845 3536 2916">
     <span class='ocr_line' id='line_1_98' title="bbox 1955 2845 3536 2916; baseline 0.004 -17"><span class='ocrx_word' id='word_1_729' title='bbox 1955 2846 2162 2900; x_wconf 59' lang='lat' dir='ltr'><strong>dinmon</strong></span> <span class='ocrx_word' id='word_1_730' title='bbox 2194 2845 2490 2899; x_wconf 86' lang='lat' dir='ltr'><strong>adducebat</strong></span> <span class='ocrx_word' id='word_1_731' title='bbox 2535 2856 2799 2915; x_wconf 89' lang='lat' dir='ltr'><strong>tamquam</strong></span> <span class='ocrx_word' id='word_1_732' title='bbox 2833 2850 3071 2916; x_wconf 74' lang='lat' dir='ltr'><strong>captit‘OS</strong></span> <span class='ocrx_word' id='word_1_733' title='bbox 3101 2860 3153 2904; x_wconf 87' lang='lat' dir='ltr'><strong>et</strong></span> <span class='ocrx_word' id='word_1_734' title='bbox 3179 2852 3421 2905; x_wconf 79' lang='lat' dir='ltr'><strong>vinctos?</strong></span> <span class='ocrx_word' id='word_1_735' title='bbox 3450 2853 3536 2905; x_wconf 54' lang='lat' dir='ltr'><strong>Si.</strong></span> 
     </span>
    </p>
   </div>
   <div class='ocr_carea' id='block_1_96' title="bbox 1957 2937 3536 3009">
    <p class='ocr_par' dir='ltr' id='par_1_96' title="bbox 1957 2937 3536 3009">
     <span class='ocr_line' id='line_1_99' title="bbox 1957 2937 3536 3009; baseline 0.004 -18"><span class='ocrx_word' id='word_1_736' title='bbox 1957 2939 2063 2991; x_wconf 91' lang='lat' dir='ltr'><strong>mul</strong></span> <span class='ocrx_word' id='word_1_737' title='bbox 2092 2952 2329 2991; x_wconf 86' lang='lat' dir='ltr'><strong>errorem</strong></span> <span class='ocrx_word' id='word_1_738' title='bbox 2365 2937 2593 2992; x_wconf 89' lang='lat' dir='ltr'><strong>reddens</strong></span> <span class='ocrx_word' id='word_1_739' title='bbox 2619 2937 2952 3009; x_wconf 84' lang='lat' dir='ltr'><strong>probabilem</strong></span> <span class='ocrx_word' id='word_1_740' title='bbox 3003 2940 3076 2993; x_wconf 87' lang='lat' dir='ltr'><strong>Ne</strong></span> <span class='ocrx_word' id='word_1_741' title='bbox 3106 2941 3370 2994; x_wconf 80' lang='lat' dir='ltr'><strong>videretur</strong></span> <span class='ocrx_word' id='word_1_742' title='bbox 3392 2958 3536 2997; x_wconf 87' lang='lat' dir='ltr'><strong>enun</strong></span> 
     </span>
    </p>
   </div>
   <div class='ocr_carea' id='block_1_97' title="bbox 1956 3030 3535 3103">
    <p class='ocr_par' dir='ltr' id='par_1_97' title="bbox 1956 3030 3535 3103">
     <span class='ocr_line' id='line_1_100' title="bbox 1956 3030 3535 3103; baseline 0.002 -19"><span class='ocrx_word' id='word_1_743' title='bbox 1956 3030 2089 3099; x_wconf 77' lang='lat' dir='ltr'><strong>lupis</strong></span> <span class='ocrx_word' id='word_1_744' title='bbox 2118 3044 2235 3083; x_wconf 71' lang='lat' dir='ltr'><strong>esse</strong></span> <span class='ocrx_word' id='word_1_745' title='bbox 2264 3040 2440 3083; x_wconf 88' lang='lat' dir='ltr'><strong>mutus</strong></span> <span class='ocrx_word' id='word_1_746' title='bbox 2464 3071 2478 3093; x_wconf 90' lang='lat'><strong>,</strong></span> <span class='ocrx_word' id='word_1_747' title='bbox 2508 3030 2797 3084; x_wconf 87' lang='lat' dir='ltr'><strong>conabatur</strong></span> <span class='ocrx_word' id='word_1_748' title='bbox 2828 3030 3070 3085; x_wconf 85' lang='lat' dir='ltr'><strong>homines</strong></span> <span class='ocrx_word' id='word_1_749' title='bbox 3101 3031 3253 3085; x_wconf 74' lang='lat' dir='ltr'><strong>idolis</strong></span> <span class='ocrx_word' id='word_1_750' title='bbox 3279 3031 3492 3103; x_wconf 80' lang='lat' dir='ltr'><strong>alligerc</strong></span> <span class='ocrx_word' id='word_1_751' title='bbox 3519 3077 3535 3100; x_wconf 91' lang='lat'><strong>,</strong></span> 
     </span>
    </p>
   </div>
   <div class='ocr_carea' id='block_1_98' title="bbox 1957 3122 3539 3191">
    <p class='ocr_par' dir='ltr' id='par_1_98' title="bbox 1957 3122 3539 3191">
     <span class='ocr_line' id='line_1_101' title="bbox 1957 3122 3539 3191; baseline 0.004 -15"><span class='ocrx_word' id='word_1_752' title='bbox 1957 3132 2013 3177; x_wconf 89' lang='lat' dir='ltr'><strong>ut</strong></span> <span class='ocrx_word' id='word_1_753' title='bbox 2038 3138 2154 3191; x_wconf 74' lang='lat' dir='ltr'><strong>qua:</strong></span> <span class='ocrx_word' id='word_1_754' title='bbox 2182 3122 2417 3191; x_wconf 85' lang='lat' dir='ltr'><strong>ipsorum</strong></span> <span class='ocrx_word' id='word_1_755' title='bbox 2448 3132 2599 3178; x_wconf 91' lang='lat' dir='ltr'><strong>erant</strong></span> <span class='ocrx_word' id='word_1_756' title='bbox 2625 3124 2730 3178; x_wconf 87' lang='lat' dir='ltr'><strong>illis</strong></span> <span class='ocrx_word' id='word_1_757' title='bbox 2753 3125 3202 3180; x_wconf 83' lang='lat' dir='ltr'><strong>adscriberentur.</strong></span> <span class='ocrx_word' id='word_1_758' title='bbox 3228 3124 3329 3180; x_wconf 90' lang='lat' dir='ltr'><strong>Sed</strong></span> <span class='ocrx_word' id='word_1_759' title='bbox 3356 3137 3539 3182; x_wconf 82' lang='lat' dir='ltr'><strong>nostra</strong></span> 
     </span>
    </p>
   </div>
   <div class='ocr_carea' id='block_1_99' title="bbox 1958 3215 3537 3289">
    <p class='ocr_par' dir='ltr' id='par_1_99' title="bbox 1958 3215 3537 3289">
     <span class='ocr_line' id='line_1_102' title="bbox 1958 3215 3537 3289; baseline 0.004 -22"><span class='ocrx_word' id='word_1_760' title='bbox 1958 3230 2062 3268; x_wconf 86' lang='lat' dir='ltr'><strong>nou</strong></span> <span class='ocrx_word' id='word_1_761' title='bbox 2094 3224 2217 3268; x_wconf 84' lang='lat' dir='ltr'><strong>sunt</strong></span> <span class='ocrx_word' id='word_1_762' title='bbox 2259 3215 2582 3283; x_wconf 84' lang='lat' dir='ltr'><strong>hujusntodi.</strong></span> <span class='ocrx_word' id='word_1_763' title='bbox 2624 3215 2813 3270; x_wconf 85' lang='lat' dir='ltr'><strong>Nostra</strong></span> <span class='ocrx_word' id='word_1_764' title='bbox 2842 3226 3021 3272; x_wconf 86' lang='lat' dir='ltr'><strong>autem</strong></span> <span class='ocrx_word' id='word_1_765' title='bbox 3058 3233 3162 3271; x_wconf 89' lang='lat' dir='ltr'><strong>non</strong></span> <span class='ocrx_word' id='word_1_766' title='bbox 3206 3220 3379 3289; x_wconf 88' lang='lat' dir='ltr'><strong>posuit</strong></span> <span class='ocrx_word' id='word_1_767' title='bbox 3409 3220 3497 3275; x_wconf 86' lang='lat' dir='ltr'><strong>ille</strong></span> <span class='ocrx_word' id='word_1_768' title='bbox 3521 3262 3537 3285; x_wconf 92' lang='lat'><strong>,</strong></span> 
     </span>
    </p>
   </div>
   <div class='ocr_carea' id='block_1_100' title="bbox 1958 3306 3541 3377">
    <p class='ocr_par' dir='ltr' id='par_1_100' title="bbox 1958 3306 3541 3377">
     <span class='ocr_line' id='line_1_103' title="bbox 1958 3306 3541 3377; baseline 0.004 -16"><span class='ocrx_word' id='word_1_769' title='bbox 1958 3324 2075 3376; x_wconf 67' lang='lat' dir='ltr'><strong>qum</strong></span> <span class='ocrx_word' id='word_1_770' title='bbox 2110 3306 2488 3377; x_wconf 86' lang='lat' dir='ltr'><strong>prophetarum</strong></span> <span class='ocrx_word' id='word_1_771' title='bbox 2521 3318 2644 3361; x_wconf 89' lang='lat' dir='ltr'><strong>sunt</strong></span> <span class='ocrx_word' id='word_1_772' title='bbox 2670 3308 2790 3363; x_wconf 91' lang='lat' dir='ltr'><strong>dico</strong></span> <span class='ocrx_word' id='word_1_773' title='bbox 2820 3327 2831 3361; x_wconf 93' lang='lat'><strong>:</strong></span> <span class='ocrx_word' id='word_1_774' title='bbox 2862 3310 2966 3364; x_wconf 90' lang='lat' dir='ltr'><strong>illis</strong></span> <span class='ocrx_word' id='word_1_775' title='bbox 2998 3312 3139 3365; x_wconf 89' lang='lat' dir='ltr'><strong>enim</strong></span> <span class='ocrx_word' id='word_1_776' title='bbox 3164 3314 3341 3367; x_wconf 86' lang='lat' dir='ltr'><strong>omnia</strong></span> <span class='ocrx_word' id='word_1_777' title='bbox 3372 3315 3541 3368; x_wconf 82' lang='lat' dir='ltr'><strong>niani-</strong></span> 
     </span>
    </p>
   </div>
   <div class='ocr_carea' id='block_1_101' title="bbox 1959 3400 3539 3474">
    <p class='ocr_par' dir='ltr' id='par_1_101' title="bbox 1959 3400 3539 3474">
     <span class='ocr_line' id='line_1_104' title="bbox 1959 3400 3539 3474; baseline 0.003 -19"><span class='ocrx_word' id='word_1_778' title='bbox 1959 3401 2091 3455; x_wconf 78' lang='lat' dir='ltr'><strong>festa</strong></span> <span class='ocrx_word' id='word_1_779' title='bbox 2123 3412 2295 3462; x_wconf 86' lang='lat' dir='ltr'><strong>erant,</strong></span> <span class='ocrx_word' id='word_1_780' title='bbox 2324 3411 2373 3456; x_wconf 92' lang='lat' dir='ltr'><strong>et</strong></span> <span class='ocrx_word' id='word_1_781' title='bbox 2407 3400 2457 3455; x_wconf 91' lang='lat' dir='ltr'><strong>iu</strong></span> <span class='ocrx_word' id='word_1_782' title='bbox 2487 3401 2589 3455; x_wconf 90' lang='lat' dir='ltr'><strong>illis</strong></span> <span class='ocrx_word' id='word_1_783' title='bbox 2622 3404 3008 3473; x_wconf 88' lang='lat' dir='ltr'><strong>prophetabant</strong></span> <span class='ocrx_word' id='word_1_784' title='bbox 3034 3412 3093 3458; x_wconf 91' lang='lat' dir='ltr'><strong>ut</strong></span> <span class='ocrx_word' id='word_1_785' title='bbox 3124 3405 3265 3474; x_wconf 87' lang='lat' dir='ltr'><strong>ipsos</strong></span> <span class='ocrx_word' id='word_1_786' title='bbox 3293 3406 3539 3472; x_wconf 85' lang='lat' dir='ltr'><strong>decebat,</strong></span> 
     </span>
    </p>
   </div>
   <div class='ocr_carea' id='block_1_102' title="bbox 1958 3492 3539 3569">
    <p class='ocr_par' dir='ltr' id='par_1_102' title="bbox 1958 3492 3539 3569">
     <span class='ocr_line' id='line_1_105' title="bbox 1958 3492 3539 3569; baseline 0.003 -22"><span class='ocrx_word' id='word_1_787' title='bbox 1958 3510 2077 3547; x_wconf 81' lang='lat' dir='ltr'><strong>cum</strong></span> <span class='ocrx_word' id='word_1_788' title='bbox 2126 3492 2470 3561; x_wconf 79' lang='lat' dir='ltr'><strong>intelligentia</strong></span> <span class='ocrx_word' id='word_1_789' title='bbox 2509 3502 2562 3547; x_wconf 93' lang='lat' dir='ltr'><strong>et</strong></span> <span class='ocrx_word' id='word_1_790' title='bbox 2600 3493 2845 3549; x_wconf 86' lang='lat' dir='ltr'><strong>libertate</strong></span> <span class='ocrx_word' id='word_1_791' title='bbox 2877 3496 3043 3550; x_wconf 88' lang='lat' dir='ltr'><strong>omni.</strong></span> <span class='ocrx_word' id='word_1_792' title='bbox 3075 3496 3198 3551; x_wconf 84' lang='lat' dir='ltr'><strong>ideo</strong></span> <span class='ocrx_word' id='word_1_793' title='bbox 3226 3511 3389 3569; x_wconf 89' lang='lat' dir='ltr'><strong>penes</strong></span> <span class='ocrx_word' id='word_1_794' title='bbox 3420 3498 3539 3551; x_wconf 90' lang='lat' dir='ltr'><strong>illos</strong></span> 
     </span>
    </p>
   </div>
   <div class='ocr_carea' id='block_1_103' title="bbox 1957 3584 3540 3658">
    <p class='ocr_par' dir='ltr' id='par_1_103' title="bbox 1957 3584 3540 3658">
     <span class='ocr_line' id='line_1_106' title="bbox 1957 3584 3540 3658; baseline 0.004 -19"><span class='ocrx_word' id='word_1_795' title='bbox 1957 3594 2073 3639; x_wconf 89' lang='lat' dir='ltr'><strong>erat</strong></span> <span class='ocrx_word' id='word_1_796' title='bbox 2106 3594 2159 3638; x_wconf 92' lang='lat' dir='ltr'><strong>et</strong></span> <span class='ocrx_word' id='word_1_797' title='bbox 2201 3584 2341 3653; x_wconf 89' lang='lat' dir='ltr'><strong>loqui</strong></span> <span class='ocrx_word' id='word_1_798' title='bbox 2384 3594 2436 3639; x_wconf 91' lang='lat' dir='ltr'><strong>et</strong></span> <span class='ocrx_word' id='word_1_799' title='bbox 2484 3600 2589 3639; x_wconf 90' lang='lat' dir='ltr'><strong>non</strong></span> <span class='ocrx_word' id='word_1_800' title='bbox 2632 3586 2774 3657; x_wconf 89' lang='lat' dir='ltr'><strong>loqui</strong></span> <span class='ocrx_word' id='word_1_801' title='bbox 2806 3604 2819 3640; x_wconf 93' lang='lat'><strong>:</strong></span> <span class='ocrx_word' id='word_1_802' title='bbox 2850 3603 3023 3658; x_wconf 90' lang='lat' dir='ltr'><strong>neque</strong></span> <span class='ocrx_word' id='word_1_803' title='bbox 3052 3591 3192 3645; x_wconf 87' lang='lat' dir='ltr'><strong>enim</strong></span> <span class='ocrx_word' id='word_1_804' title='bbox 3223 3591 3540 3654; x_wconf 83' lang='lat' dir='ltr'><strong>necessitate</strong></span> 
     </span>
    </p>
   </div>
   <div class='ocr_carea' id='block_1_104' title="bbox 1959 3674 3540 3744">
    <p class='ocr_par' dir='ltr' id='par_1_104' title="bbox 1959 3674 3540 3744">
     <span class='ocr_line' id='line_1_107' title="bbox 1959 3674 3540 3744; baseline 0.006 -16"><span class='ocrx_word' id='word_1_805' title='bbox 1959 3674 2274 3729; x_wconf 86' lang='lat' dir='ltr'><strong>tenebantur</strong></span> <span class='ocrx_word' id='word_1_806' title='bbox 2296 3716 2310 3740; x_wconf 94' lang='lat'><strong>,</strong></span> <span class='ocrx_word' id='word_1_807' title='bbox 2341 3676 2433 3729; x_wconf 89' lang='lat' dir='ltr'><strong>sed</strong></span> <span class='ocrx_word' id='word_1_808' title='bbox 2466 3677 2741 3744; x_wconf 88' lang='lat' dir='ltr'><strong>potestatis</strong></span> <span class='ocrx_word' id='word_1_809' title='bbox 2770 3676 2973 3732; x_wconf 87' lang='lat' dir='ltr'><strong>honore</strong></span> <span class='ocrx_word' id='word_1_810' title='bbox 3001 3678 3182 3734; x_wconf 85' lang='lat' dir='ltr'><strong>donati</strong></span> <span class='ocrx_word' id='word_1_811' title='bbox 3211 3693 3382 3736; x_wconf 88' lang='lat' dir='ltr'><strong>erant.</strong></span> <span class='ocrx_word' id='word_1_812' title='bbox 3416 3681 3540 3737; x_wconf 86' lang='lat' dir='ltr'><strong>ideo</strong></span> 
     </span>
    </p>
   </div>
   <div class='ocr_carea' id='block_1_105' title="bbox 1956 3764 3541 3832">
    <p class='ocr_par' dir='ltr' id='par_1_105' title="bbox 1956 3764 3541 3832">
     <span class='ocr_line' id='line_1_108' title="bbox 1956 3764 3541 3832; baseline 0.007 -14"><span class='ocrx_word' id='word_1_813' title='bbox 1956 3766 2119 3818; x_wconf 76' lang='lat' dir='ltr'><strong>Jonas</strong></span> <span class='ocrx_word' id='word_1_814' title='bbox 2147 3765 2303 3831; x_wconf 82' lang='lat' dir='ltr'><strong>fugit,</strong></span> <span class='ocrx_word' id='word_1_815' title='bbox 2341 3764 2460 3819; x_wconf 91' lang='lat' dir='ltr'><strong>ideo</strong></span> <span class='ocrx_word' id='word_1_816' title='bbox 2489 3766 2733 3821; x_wconf 84' lang='lat' dir='ltr'><strong>Ezechiel</strong></span> <span class='ocrx_word' id='word_1_817' title='bbox 2762 3767 2985 3832; x_wconf 85' lang='lat' dir='ltr'><strong>distulit,</strong></span> <span class='ocrx_word' id='word_1_818' title='bbox 3020 3770 3139 3825; x_wconf 85' lang='lat' dir='ltr'><strong>ideo</strong></span> <span class='ocrx_word' id='word_1_819' title='bbox 3165 3770 3425 3828; x_wconf 85' lang='lat' dir='ltr'><strong>Jercmias</strong></span> <span class='ocrx_word' id='word_1_820' title='bbox 3456 3789 3541 3829; x_wconf 78' lang='lat' dir='ltr'><strong>rc-</strong></span> 
     </span>
    </p>
   </div>
   <div class='ocr_carea' id='block_1_106' title="bbox 1958 3857 3539 3932">
    <p class='ocr_par' dir='ltr' id='par_1_106' title="bbox 1958 3857 3539 3932">
     <span class='ocr_line' id='line_1_109' title="bbox 1958 3857 3539 3932; baseline 0.004 -23"><span class='ocrx_word' id='word_1_821' title='bbox 1958 3857 2193 3910; x_wconf 84' lang='lat' dir='ltr'><strong>cusabat.</strong></span> <span class='ocrx_word' id='word_1_822' title='bbox 2218 3857 2358 3912; x_wconf 89' lang='lat' dir='ltr'><strong>Deus</strong></span> <span class='ocrx_word' id='word_1_823' title='bbox 2376 3872 2501 3911; x_wconf 88' lang='lat' dir='ltr'><strong>vero</strong></span> <span class='ocrx_word' id='word_1_824' title='bbox 2519 3872 2621 3911; x_wconf 88' lang='lat' dir='ltr'><strong>non</strong></span> <span class='ocrx_word' id='word_1_825' title='bbox 2646 3873 2766 3913; x_wconf 89' lang='lat' dir='ltr'><strong>cum</strong></span> <span class='ocrx_word' id='word_1_826' title='bbox 2790 3861 3104 3917; x_wconf 81' lang='lat' dir='ltr'><strong>necessitate</strong></span> <span class='ocrx_word' id='word_1_827' title='bbox 3127 3861 3349 3930; x_wconf 88' lang='lat' dir='ltr'><strong>impellit</strong></span> <span class='ocrx_word' id='word_1_828' title='bbox 3372 3863 3539 3932; x_wconf 85' lang='lat' dir='ltr'><strong>ipsos,</strong></span> 
     </span>
    </p>
   </div>
   <div class='ocr_carea' id='block_1_107' title="bbox 1956 3946 3539 4018">
    <p class='ocr_par' dir='ltr' id='par_1_107' title="bbox 1956 3946 3539 4018">
     <span class='ocr_line' id='line_1_110' title="bbox 1956 3946 3539 4018; baseline 0.004 -18"><span class='ocrx_word' id='word_1_829' title='bbox 1956 3946 2049 4001; x_wconf 90' lang='lat' dir='ltr'><strong>sed</strong></span> <span class='ocrx_word' id='word_1_830' title='bbox 2070 3947 2329 4013; x_wconf 70' lang='lat' dir='ltr'><strong>consiliis,</strong></span> <span class='ocrx_word' id='word_1_831' title='bbox 2351 3947 2740 4002; x_wconf 88' lang='lat' dir='ltr'><strong>ltortationibus</strong></span> <span class='ocrx_word' id='word_1_832' title='bbox 2757 3957 2810 4002; x_wconf 89' lang='lat' dir='ltr'><strong>et</strong></span> <span class='ocrx_word' id='word_1_833' title='bbox 2828 3951 3328 4008; x_wconf 79' lang='lat' dir='ltr'><strong>comminationibus</strong></span> <span class='ocrx_word' id='word_1_834' title='bbox 3351 3954 3539 4018; x_wconf 86' lang='lat' dir='ltr'><strong>utitur,</strong></span> 
     </span>
    </p>
   </div>
   <div class='ocr_carea' id='block_1_108' title="bbox 1958 4038 3539 4114">
    <p class='ocr_par' dir='ltr' id='par_1_108' title="bbox 1958 4038 3539 4114">
     <span class='ocr_line' id='line_1_111' title="bbox 1958 4038 3539 4114; baseline 0.005 -24"><span class='ocrx_word' id='word_1_835' title='bbox 1958 4048 2189 4091; x_wconf 90' lang='lat' dir='ltr'><strong>mentem</strong></span> <span class='ocrx_word' id='word_1_836' title='bbox 2222 4038 2453 4092; x_wconf 88' lang='lat' dir='ltr'><strong>tenebris</strong></span> <span class='ocrx_word' id='word_1_837' title='bbox 2483 4054 2587 4092; x_wconf 89' lang='lat' dir='ltr'><strong>non</strong></span> <span class='ocrx_word' id='word_1_838' title='bbox 2615 4039 2913 4095; x_wconf 71' lang='lat' dir='ltr'><strong>effundens.</strong></span> <span class='ocrx_word' id='word_1_839' title='bbox 2948 4041 3213 4097; x_wconf 71' lang='lat' dir='ltr'><strong>Dmmouis</strong></span> <span class='ocrx_word' id='word_1_840' title='bbox 3240 4044 3379 4101; x_wconf 85' lang='lat' dir='ltr'><strong>enim</strong></span> <span class='ocrx_word' id='word_1_841' title='bbox 3412 4061 3539 4114; x_wconf 71' lang='lat' dir='ltr'><strong>pro~</strong></span> 
     </span>
    </p>
   </div>
   <div class='ocr_carea' id='block_1_109' title="bbox 1956 4130 3539 4201">
    <p class='ocr_par' dir='ltr' id='par_1_109' title="bbox 1956 4130 3539 4201">
     <span class='ocr_line' id='line_1_112' title="bbox 1956 4130 3539 4201; baseline 0.004 -18"><span class='ocrx_word' id='word_1_842' title='bbox 1956 4132 2128 4201; x_wconf 90' lang='lat' dir='ltr'><strong>prium</strong></span> <span class='ocrx_word' id='word_1_843' title='bbox 2155 4141 2237 4185; x_wconf 85' lang='lat' dir='ltr'><strong>est</strong></span> <span class='ocrx_word' id='word_1_844' title='bbox 2264 4140 2316 4184; x_wconf 89' lang='lat' dir='ltr'><strong>et</strong></span> <span class='ocrx_word' id='word_1_845' title='bbox 2344 4131 2624 4184; x_wconf 87' lang='lat' dir='ltr'><strong>tumultum</strong></span> <span class='ocrx_word' id='word_1_846' title='bbox 2658 4138 2709 4184; x_wconf 84' lang='lat' dir='ltr'><strong>et</strong></span> <span class='ocrx_word' id='word_1_847' title='bbox 2740 4130 2974 4187; x_wconf 79' lang='lat' dir='ltr'><strong>furorem</strong></span> <span class='ocrx_word' id='word_1_848' title='bbox 3005 4143 3059 4187; x_wconf 89' lang='lat' dir='ltr'><strong>et</strong></span> <span class='ocrx_word' id='word_1_849' title='bbox 3087 4136 3305 4189; x_wconf 81' lang='lat' dir='ltr'><strong>multant</strong></span> <span class='ocrx_word' id='word_1_850' title='bbox 3337 4137 3539 4191; x_wconf 86' lang='lat' dir='ltr'><strong>immit-</strong></span> 
     </span>
    </p>
   </div>
   <div class='ocr_carea' id='block_1_110' title="bbox 1958 4219 3541 4296">
    <p class='ocr_par' dir='ltr' id='par_1_110' title="bbox 1958 4219 3541 4296">
     <span class='ocr_line' id='line_1_113' title="bbox 1958 4219 3541 4296; baseline 0.004 -23"><span class='ocrx_word' id='word_1_851' title='bbox 1958 4230 2069 4275; x_wconf 86' lang='lat' dir='ltr'><strong>tere</strong></span> <span class='ocrx_word' id='word_1_852' title='bbox 2098 4220 2412 4290; x_wconf 71' lang='lat' dir='ltr'><strong>caliginem;</strong></span> <span class='ocrx_word' id='word_1_853' title='bbox 2448 4219 2539 4275; x_wconf 86' lang='lat' dir='ltr'><strong>Dei</strong></span> <span class='ocrx_word' id='word_1_854' title='bbox 2572 4236 2696 4274; x_wconf 87' lang='lat' dir='ltr'><strong>vero</strong></span> <span class='ocrx_word' id='word_1_855' title='bbox 2728 4230 2808 4274; x_wconf 89' lang='lat' dir='ltr'><strong>est</strong></span> <span class='ocrx_word' id='word_1_856' title='bbox 2834 4221 3153 4287; x_wconf 90' lang='lat' dir='ltr'><strong>illuminare,</strong></span> <span class='ocrx_word' id='word_1_857' title='bbox 3180 4232 3234 4278; x_wconf 89' lang='lat' dir='ltr'><strong>et</strong></span> <span class='ocrx_word' id='word_1_858' title='bbox 3260 4241 3379 4296; x_wconf 68' lang='lat' dir='ltr'><strong>quin</strong></span> <span class='ocrx_word' id='word_1_859' title='bbox 3406 4241 3541 4295; x_wconf 92' lang='lat' dir='ltr'><strong>opus</strong></span> 
     </span>
    </p>
   </div>
   <div class='ocr_carea' id='block_1_111' title="bbox 1956 4310 3540 4384">
    <p class='ocr_par' dir='ltr' id='par_1_111' title="bbox 1956 4310 3540 4384">
     <span class='ocr_line' id='line_1_114' title="bbox 1956 4310 3540 4384; baseline 0.004 -20"><span class='ocrx_word' id='word_1_860' title='bbox 1956 4321 2035 4364; x_wconf 84' lang='lat' dir='ltr'><strong>est</strong></span> <span class='ocrx_word' id='word_1_861' title='bbox 2072 4327 2189 4366; x_wconf 90' lang='lat' dir='ltr'><strong>cum</strong></span> <span class='ocrx_word' id='word_1_862' title='bbox 2231 4311 2574 4379; x_wconf 81' lang='lat' dir='ltr'><strong>intelligentia</strong></span> <span class='ocrx_word' id='word_1_863' title='bbox 2608 4311 2825 4367; x_wconf 88' lang='lat' dir='ltr'><strong>docere.</strong></span> <span class='ocrx_word' id='word_1_864' title='bbox 2860 4310 3035 4366; x_wconf 83' lang='lat' dir='ltr'><strong>Prima</strong></span> <span class='ocrx_word' id='word_1_865' title='bbox 3071 4328 3199 4384; x_wconf 77' lang='lat' dir='ltr'><strong>ergo</strong></span> <span class='ocrx_word' id='word_1_866' title='bbox 3227 4313 3540 4371; x_wconf 82' lang='lat' dir='ltr'><strong>divinatoris</strong></span> 
     </span>
    </p>
   </div>
   <div class='ocr_carea' id='block_1_112' title="bbox 1954 4400 3543 4472">
    <p class='ocr_par' dir='ltr' id='par_1_112' title="bbox 1954 4400 3543 4472">
     <span class='ocr_line' id='line_1_115' title="bbox 1954 4400 3543 4472; baseline 0.004 -18"><span class='ocrx_word' id='word_1_867' title='bbox 1954 4411 2006 4454; x_wconf 90' lang='lat' dir='ltr'><strong>et</strong></span> <span class='ocrx_word' id='word_1_868' title='bbox 2046 4400 2321 4472; x_wconf 68' lang='lat' dir='ltr'><strong>prophetae</strong></span> <span class='ocrx_word' id='word_1_869' title='bbox 2361 4401 2657 4455; x_wconf 73' lang='lat' dir='ltr'><strong>differentia</strong></span> <span class='ocrx_word' id='word_1_870' title='bbox 2700 4402 2814 4457; x_wconf 74' lang='lat' dir='ltr'><strong>haec</strong></span> <span class='ocrx_word' id='word_1_871' title='bbox 2851 4412 2975 4457; x_wconf 87' lang='lat' dir='ltr'><strong>est:</strong></span> <span class='ocrx_word' id='word_1_872' title='bbox 3012 4404 3246 4459; x_wconf 83' lang='lat' dir='ltr'><strong>secunda</strong></span> <span class='ocrx_word' id='word_1_873' title='bbox 3290 4422 3418 4460; x_wconf 87' lang='lat' dir='ltr'><strong>vero</strong></span> <span class='ocrx_word' id='word_1_874' title='bbox 3457 4418 3543 4461; x_wconf 87' lang='lat' dir='ltr'><strong>est</strong></span> 
     </span>
    </p>
   </div>
   <div class='ocr_carea' id='block_1_113' title="bbox 1955 4490 3543 4561">
    <p class='ocr_par' dir='ltr' id='par_1_113' title="bbox 1955 4490 3543 4561">
     <span class='ocr_line' id='line_1_116' title="bbox 1955 4490 3543 4561; baseline 0.006 -19"><span class='ocrx_word' id='word_1_875' title='bbox 1955 4492 2073 4555; x_wconf 87' lang='lat' dir='ltr'><strong>alia,</strong></span> <span class='ocrx_word' id='word_1_876' title='bbox 2099 4508 2255 4561; x_wconf 89' lang='lat' dir='ltr'><strong>quam</strong></span> <span class='ocrx_word' id='word_1_877' title='bbox 2286 4490 2537 4559; x_wconf 82' lang='lat' dir='ltr'><strong>deinceps</strong></span> <span class='ocrx_word' id='word_1_878' title='bbox 2565 4492 2713 4560; x_wconf 88' lang='lat' dir='ltr'><strong>ponit</strong></span> <span class='ocrx_word' id='word_1_879' title='bbox 2738 4492 2922 4546; x_wconf 88' lang='lat' dir='ltr'><strong>dicens</strong></span> <span class='ocrx_word' id='word_1_880' title='bbox 2948 4511 2961 4547; x_wconf 94' lang='lat'>:</span> <span class='ocrx_word' id='word_1_881' title='bbox 2984 4494 3037 4548; x_wconf 78' lang='lat'><strong>&#39;5.</strong></span> <span class='ocrx_word' id='word_1_882' title='bbox 3064 4494 3189 4548; x_wconf 80' lang='lat' dir='ltr'><strong>Idea</strong></span> <span class='ocrx_word' id='word_1_883' title='bbox 3212 4507 3383 4552; x_wconf 81' lang='lat' dir='ltr'><strong>notum</strong></span> <span class='ocrx_word' id='word_1_884' title='bbox 3408 4498 3543 4551; x_wconf 76' lang='lat' dir='ltr'><strong>vobis</strong></span> 
     </span>
    </p>
   </div>
   <div class='ocr_carea' id='block_1_114' title="bbox 1952 4581 3539 4653">
    <p class='ocr_par' dir='ltr' id='par_1_114' title="bbox 1952 4581 3539 4653">
     <span class='ocr_line' id='line_1_117' title="bbox 1952 4581 3539 4653; baseline 0.005 -21"><span class='ocrx_word' id='word_1_885' title='bbox 1952 4581 2085 4648; x_wconf 79' lang='lat' dir='ltr'><strong>facio</strong></span> <span class='ocrx_word' id='word_1_886' title='bbox 2110 4621 2123 4644; x_wconf 91' lang='lat'><strong>,</strong></span> <span class='ocrx_word' id='word_1_887' title='bbox 2153 4581 2285 4650; x_wconf 81' lang='lat' dir='ltr'><strong>quod</strong></span> <span class='ocrx_word' id='word_1_888' title='bbox 2326 4596 2467 4633; x_wconf 87' lang='lat' dir='ltr'><strong>nemo</strong></span> <span class='ocrx_word' id='word_1_889' title='bbox 2494 4581 2545 4633; x_wconf 86' lang='lat' dir='ltr'><strong>in</strong></span> <span class='ocrx_word' id='word_1_890' title='bbox 2571 4582 2753 4649; x_wconf 80' lang='lat' dir='ltr'><strong>spiritu</strong></span> <span class='ocrx_word' id='word_1_891' title='bbox 2786 4581 2877 4635; x_wconf 85' lang='lat' dir='ltr'><strong>Dei</strong></span> <span class='ocrx_word' id='word_1_892' title='bbox 2907 4584 3112 4652; x_wconf 83' lang='lat' dir='ltr'><strong>loquens</strong></span> <span class='ocrx_word' id='word_1_893' title='bbox 3132 4627 3147 4653; x_wconf 93' lang='lat'><strong>,</strong></span> <span class='ocrx_word' id='word_1_894' title='bbox 3178 4586 3296 4639; x_wconf 84' lang='lat' dir='ltr'><strong>dicit</strong></span> <span class='ocrx_word' id='word_1_895' title='bbox 3323 4588 3539 4641; x_wconf 79' lang='lat' dir='ltr'><strong>anet/te-</strong></span> 
     </span>
    </p>
   </div>
   <div class='ocr_carea' id='block_1_115' title="bbox 1954 4670 3541 4747">
    <p class='ocr_par' dir='ltr' id='par_1_115' title="bbox 1954 4670 3541 4747">
     <span class='ocr_line' id='line_1_118' title="bbox 1954 4670 3541 4747; baseline 0.009 -26"><span class='ocrx_word' id='word_1_896' title='bbox 1954 4687 2037 4723; x_wconf 85' lang='lat' dir='ltr'><strong>nta</strong></span> <span class='ocrx_word' id='word_1_897' title='bbox 2077 4670 2271 4727; x_wconf 69' lang='lat' dir='ltr'><strong>Iesum.</strong></span> <span class='ocrx_word' id='word_1_898' title='bbox 2306 4672 2504 4728; x_wconf 86' lang='lat' dir='ltr'><strong>Deinde</strong></span> <span class='ocrx_word' id='word_1_899' title='bbox 2534 4674 2691 4727; x_wconf 85' lang='lat' dir='ltr'><strong>etiam</strong></span> <span class='ocrx_word' id='word_1_900' title='bbox 2721 4673 2823 4727; x_wconf 80' lang='lat' dir='ltr'><strong>alia</strong></span> <span class='ocrx_word' id='word_1_901' title='bbox 2851 4717 2863 4739; x_wconf 91' lang='lat'><strong>,</strong></span> <span class='ocrx_word' id='word_1_902' title='bbox 2894 4673 2960 4728; x_wconf 85' lang='lat' dir='ltr'><strong>Et</strong></span> <span class='ocrx_word' id='word_1_903' title='bbox 3007 4693 3150 4731; x_wconf 80' lang='lat' dir='ltr'><strong>uento</strong></span> <span class='ocrx_word' id='word_1_904' title='bbox 3180 4690 3341 4747; x_wconf 79' lang='lat' dir='ltr'><strong>potest</strong></span> <span class='ocrx_word' id='word_1_905' title='bbox 3376 4681 3541 4735; x_wconf 79' lang='lat' dir='ltr'><strong>dicere</strong></span> 
     </span>
    </p>
   </div>
   <div class='ocr_carea' id='block_1_116' title="bbox 1955 4762 3535 4842">
    <p class='ocr_par' dir='ltr' id='par_1_116' title="bbox 1955 4762 3535 4842">
     <span class='ocr_line' id='line_1_119' title="bbox 1955 4762 3535 4842; baseline 0.008 -27"><span class='ocrx_word' id='word_1_906' title='bbox 1955 4762 2230 4817; x_wconf 85' lang='lat' dir='ltr'><strong>Dominum</strong></span> <span class='ocrx_word' id='word_1_907' title='bbox 2257 4762 2455 4830; x_wconf 83' lang='lat' dir='ltr'><strong>Jesum,</strong></span> <span class='ocrx_word' id='word_1_908' title='bbox 2488 4766 2587 4818; x_wconf 83' lang='lat' dir='ltr'><strong>nisi</strong></span> <span class='ocrx_word' id='word_1_909' title='bbox 2612 4766 2665 4817; x_wconf 86' lang='lat' dir='ltr'><strong>in</strong></span> <span class='ocrx_word' id='word_1_910' title='bbox 2698 4764 2899 4836; x_wconf 85' lang='lat' dir='ltr'><strong>Spiritu</strong></span> <span class='ocrx_word' id='word_1_911' title='bbox 2929 4779 3121 4823; x_wconf 83' lang='lat' dir='ltr'><strong>sancto.</strong></span> <span class='ocrx_word' id='word_1_912' title='bbox 3152 4770 3285 4825; x_wconf 88' lang='lat' dir='ltr'><strong>Cum</strong></span> <span class='ocrx_word' id='word_1_913' title='bbox 3321 4773 3535 4842; x_wconf 76' lang='lat' dir='ltr'><strong>videris,</strong></span> 
     </span>
    </p>
   </div>
   <div class='ocr_carea' id='block_1_117' title="bbox 1954 4860 3539 4936">
    <p class='ocr_par' dir='ltr' id='par_1_117' title="bbox 1954 4860 3539 4936">
     <span class='ocr_line' id='line_1_120' title="bbox 1954 4860 3539 4936; baseline 0.006 -23"><span class='ocrx_word' id='word_1_914' title='bbox 1954 4860 2159 4931; x_wconf 89' lang='lat' dir='ltr'><strong>inquit,</strong></span> <span class='ocrx_word' id='word_1_915' title='bbox 2185 4862 2487 4932; x_wconf 89' lang='lat' dir='ltr'><strong>quempiam</strong></span> <span class='ocrx_word' id='word_1_916' title='bbox 2518 4877 2620 4917; x_wconf 86' lang='lat' dir='ltr'><strong>non</strong></span> <span class='ocrx_word' id='word_1_917' title='bbox 2650 4862 3009 4931; x_wconf 80' lang='lat' dir='ltr'><strong>proferentem</strong></span> <span class='ocrx_word' id='word_1_918' title='bbox 3030 4880 3225 4921; x_wconf 84' lang='lat' dir='ltr'><strong>nomen</strong></span> <span class='ocrx_word' id='word_1_919' title='bbox 3253 4867 3402 4936; x_wconf 80' lang='lat' dir='ltr'><strong>ejus,</strong></span> <span class='ocrx_word' id='word_1_920' title='bbox 3430 4869 3539 4923; x_wconf 83' lang='lat' dir='ltr'><strong>into</strong></span> 
     </span>
    </p>
   </div>
   <div class='ocr_carea' id='block_1_118' title="bbox 1949 5052 3535 5163">
    <p class='ocr_par' dir='ltr' id='par_1_118' title="bbox 1949 5052 3535 5163">
     <span class='ocr_line' id='line_1_121' title="bbox 1949 5052 3535 5163; baseline 0.01 -62"><span class='ocrx_word' id='word_1_921' title='bbox 1949 5052 2169 5163; x_wconf 40' lang='lat' dir='ltr'><strong>pigrius,</strong></span> <span class='ocrx_word' id='word_1_922' title='bbox 2194 5066 2426 5117; x_wconf 69' lang='grc' dir='ltr'><strong>πυοινάτιην</strong></span> <span class='ocrx_word' id='word_1_923' title='bbox 2460 5054 2793 5127; x_wconf 66' lang='grc' dir='ltr'><strong>ορίηαρίυαιιις,</strong></span> <span class='ocrx_word' id='word_1_924' title='bbox 2842 5066 2892 5107; x_wconf 85' lang='lat' dir='ltr'><strong>ut</strong></span> <span class='ocrx_word' id='word_1_925' title='bbox 2923 5073 3016 5109; x_wconf 86' lang='lat' dir='ltr'><strong>non</strong></span> <span class='ocrx_word' id='word_1_926' title='bbox 3048 5072 3298 5115; x_wconf 76' lang='lat' dir='ltr'><strong>evocarent</strong></span> <span class='ocrx_word' id='word_1_927' title='bbox 3329 5071 3535 5128; x_wconf 83' lang='lat' dir='ltr'><strong>tantum,</strong></span> 
     </span>
     <span class='ocr_line' id='line_1_122' title="bbox 1949 5118 3531 5163; baseline 0 0"><span class='ocrx_word' id='word_1_928' title='bbox 1949 5129 1998 5163; x_wconf 86' lang='lat' dir='ltr'><strong>se</strong></span> <span class='ocrx_word' id='word_1_929' title='bbox 2058 5122 2201 5163; x_wconf 71' lang='lat' dir='ltr'><strong>etiam</strong></span> <span class='ocrx_word' id='word_1_930' title='bbox 2214 5124 2403 5163; x_wconf 74' lang='lat' dir='ltr'><strong>emata</strong></span> <span class='ocrx_word' id='word_1_931' title='bbox 2422 5118 2661 5163; x_wconf 69' lang='lat' dir='ltr'><strong>da’moma</strong></span> <span class='ocrx_word' id='word_1_932' title='bbox 2675 5121 2954 5163; x_wconf 60' lang='lat' dir='ltr'><strong>detinerent</strong></span> <span class='ocrx_word' id='word_1_933' title='bbox 2976 5123 3209 5163; x_wconf 80' lang='lat' dir='ltr'><strong>mmmrh‘u</strong></span> <span class='ocrx_word' id='word_1_934' title='bbox 3230 5126 3323 5163; x_wconf 75' lang='lat' dir='ltr'><strong>nari</strong></span> <span class='ocrx_word' id='word_1_935' title='bbox 3339 5141 3531 5163; x_wconf 68' lang='grc' dir='ltr'><strong>ηιηηηυρ</strong></span> 
     </span>
    </p>
   </div>
   <div class='ocr_carea' id='block_1_119' title="bbox 1947 5118 3531 5191">
    <p class='ocr_par' dir='ltr' id='par_1_119' title="bbox 1947 5118 3531 5191">
     <span class='ocr_line' id='line_1_123' title="bbox 1947 5118 3531 5191; baseline 0.01 -28"><span class='ocrx_word' id='word_1_936' title='bbox 1947 5118 2032 5164; x_wconf 82' lang='lat' dir='ltr'><strong>sed</strong></span> <span class='ocrx_word' id='word_1_937' title='bbox 2057 5118 2201 5191; x_wconf 56' lang='lat' dir='ltr'><strong>etiam</strong></span> <span class='ocrx_word' id='word_1_938' title='bbox 2214 5124 2403 5185; x_wconf 73' lang='lat' dir='ltr'><strong>evocata</strong></span> <span class='ocrx_word' id='word_1_939' title='bbox 2422 5118 2661 5187; x_wconf 69' lang='lat' dir='ltr'><strong>da’ptont&#39;a</strong></span> <span class='ocrx_word' id='word_1_940' title='bbox 2675 5120 2957 5191; x_wconf 62' lang='lat' dir='ltr'><strong>detinerent,</strong></span> <span class='ocrx_word' id='word_1_941' title='bbox 2974 5123 3210 5191; x_wconf 69' lang='lat' dir='ltr'><strong>quamdiu</strong></span> <span class='ocrx_word' id='word_1_942' title='bbox 3230 5126 3323 5175; x_wconf 83' lang='lat' dir='ltr'><strong>vati</strong></span> <span class='ocrx_word' id='word_1_943' title='bbox 3337 5118 3531 5191; x_wconf 74' lang='lat' dir='ltr'><strong>maguvé</strong></span> 
     </span>
    </p>
   </div>
   <div class='ocr_carea' id='block_1_120' title="bbox 1946 5175 3535 5250">
    <p class='ocr_par' dir='ltr' id='par_1_120' title="bbox 1946 5175 3535 5250">
     <span class='ocr_line' id='line_1_124' title="bbox 1946 5175 3535 5250; baseline 0.009 -24"><span class='ocrx_word' id='word_1_944' title='bbox 1946 5183 2069 5250; x_wconf 61' lang='lat' dir='ltr'><strong>esset</strong></span> <span class='ocrx_word' id='word_1_945' title='bbox 2088 5175 2293 5250; x_wconf 70' lang='lat' dir='ltr'><strong>libitum.</strong></span> <span class='ocrx_word' id='word_1_946' title='bbox 2318 5178 2393 5227; x_wconf 78' lang='lat' dir='ltr'><strong>sic</strong></span> <span class='ocrx_word' id='word_1_947' title='bbox 2429 5179 2557 5229; x_wconf 79' lang='lat' dir='ltr'><strong>enim</strong></span> <span class='ocrx_word' id='word_1_948' title='bbox 2580 5183 2713 5243; x_wconf 84' lang='lat' dir='ltr'><strong>apud</strong></span> <span class='ocrx_word' id='word_1_949' title='bbox 2741 5175 3066 5246; x_wconf 69' lang='lat' dir='ltr'><strong>Porphyrium</strong></span> <span class='ocrx_word' id='word_1_950' title='bbox 3091 5175 3397 5250; x_wconf 73' lang='lat' dir='ltr'><strong>Pythagoras</strong></span> <span class='ocrx_word' id='word_1_951' title='bbox 3416 5175 3535 5240; x_wconf 51' lang='lat' dir='ltr'><strong>ﬁlio-</strong></span> 
     </span>
    </p>
   </div>
   <div class='ocr_carea' id='block_1_121' title="bbox 1947 5240 3545 5310">
    <p class='ocr_par' dir='ltr' id='par_1_121' title="bbox 1947 5240 3545 5310">
     <span class='ocr_line' id='line_1_125' title="bbox 1947 5240 3545 5310; baseline 0.008 -23"><span class='ocrx_word' id='word_1_952' title='bbox 1947 5240 2305 5301; x_wconf 47' lang='lat' dir='ltr'><strong>dinam-311th“</strong></span> <span class='ocrx_word' id='word_1_953' title='bbox 2314 5252 2349 5290; x_wconf 79' lang='lat' dir='ltr'><strong>oi</strong></span> <span class='ocrx_word' id='word_1_954' title='bbox 2362 5250 2584 5310; x_wconf 54' lang='grc' dir='ltr'><strong>ιληιζόξξινοι</strong></span> <span class='ocrx_word' id='word_1_955' title='bbox 2596 5240 2652 5291; x_wconf 38' lang='lat' dir='ltr'><strong>dixi</strong></span> <span class='ocrx_word' id='word_1_956' title='bbox 2664 5258 2743 5299; x_wconf 64' lang='grc' dir='ltr'><strong>ταῖς</strong></span> <span class='ocrx_word' id='word_1_957' title='bbox 3234 5240 3303 5298; x_wconf 60' lang='grc' dir='ltr'><strong>τῑνι</strong></span> <span class='ocrx_word' id='word_1_958' title='bbox 3322 5262 3520 5299; x_wconf 60' lang='lat' dir='ltr'><strong>haloth</strong></span> <span class='ocrx_word' id='word_1_959' title='bbox 3533 5280 3545 5305; x_wconf 72' lang='grc' dir='ltr'>ς</span> 
     </span>
    </p>
   </div>
   <div class='ocr_carea' id='block_1_122' title="bbox 1948 5304 3535 5374">
    <p class='ocr_par' dir='ltr' id='par_1_122' title="bbox 1948 5304 3535 5374">
     <span class='ocr_line' id='line_1_126' title="bbox 1948 5304 3535 5374; baseline 0.008 -27"><span class='ocrx_word' id='word_1_960' title='bbox 1948 5314 2133 5374; x_wconf 48' lang='grc' dir='ltr'><strong>ψρόμινοξ</strong></span> <span class='ocrx_word' id='word_1_961' title='bbox 2173 5314 2471 5374; x_wconf 53' lang='grc' dir='ltr'><strong>παρςιγινθντειιεΔ</strong></span> <span class='ocrx_word' id='word_1_962' title='bbox 2502 5304 2591 5374; x_wconf 81' lang='lat' dir='ltr'><strong>hoc</strong></span> <span class='ocrx_word' id='word_1_963' title='bbox 2626 5311 2740 5374; x_wconf 82' lang='lat' dir='ltr'><strong>est_:</strong></span> <span class='ocrx_word' id='word_1_964' title='bbox 2766 5312 2869 5374; x_wconf 60' lang='lat' dir='ltr'><strong>non</strong></span> <span class='ocrx_word' id='word_1_965' title='bbox 2913 5310 3025 5355; x_wconf 80' lang='lat' dir='ltr'><strong>deos</strong></span> <span class='ocrx_word' id='word_1_966' title='bbox 3038 5304 3179 5374; x_wconf 62' lang='lat' dir='ltr'><strong>jtitlnt</strong></span> <span class='ocrx_word' id='word_1_967' title='bbox 3203 5309 3252 5358; x_wconf 84' lang='lat' dir='ltr'><strong>in</strong></span> <span class='ocrx_word' id='word_1_968' title='bbox 3277 5312 3535 5374; x_wconf 68' lang='lat' dir='ltr'><strong>sacriﬁciis</strong></span> 
     </span>
    </p>
   </div>
   <div class='ocr_carea' id='block_1_123' title="bbox 1946 5338 3532 5429">
    <p class='ocr_par' dir='ltr' id='par_1_123' title="bbox 1946 5338 3532 5429">
     <span class='ocr_line' id='line_1_127' title="bbox 1946 5338 3532 5429; baseline 0.008 -20"><span class='ocrx_word' id='word_1_969' title='bbox 1946 5338 2152 5429; x_wconf 60' lang='grc' dir='ltr'><strong>ἓῑὲοῆἱςνί,</strong></span> <span class='ocrx_word' id='word_1_970' title='bbox 2171 5338 2521 5413; x_wconf 53' lang='lat' dir='ltr'><strong>3W</strong></span> <span class='ocrx_word' id='word_1_971' title='bbox 2372 5338 2427 5429; x_wconf 50' lang='grc' dir='ltr'><strong>’ἶ</strong></span> <span class='ocrx_word' id='word_1_972' title='bbox 2460 5423 2469 5429; x_wconf 94' lang='lat'><strong>_</strong></span> <span class='ocrx_word' id='word_1_973' title='bbox 2522 5377 2549 5412; x_wconf 74' lang='grc' dir='ltr'><strong><em>ο</em></strong></span> <span class='ocrx_word' id='word_1_974' title='bbox 2562 5338 3119 5429; x_wconf 52' lang='grc' dir='ltr'><strong>Ϊσὲαωὶινῶεὲἷέἓιΐὲἕ</strong></span> <span class='ocrx_word' id='word_1_975' title='bbox 3131 5338 3532 5421; x_wconf 47' lang='lat' dir='ltr'><strong>&quot;nil-32%;}?</strong></span> 
     </span>
    </p>
   </div>
   <div class='ocr_carea' id='block_1_124' title="bbox 1947 5422 3539 5495">
    <p class='ocr_par' dir='ltr' id='par_1_124' title="bbox 1947 5422 3539 5495">
     <span class='ocr_line' id='line_1_128' title="bbox 1947 5422 3539 5495; baseline 0.009 -27"><span class='ocrx_word' id='word_1_976' title='bbox 1947 5422 2111 5495; x_wconf 61' lang='lat' dir='ltr'><strong>Apollo</strong></span> <span class='ocrx_word' id='word_1_977' title='bbox 2133 5422 2235 5495; x_wconf 68' lang='lat' dir='ltr'><strong>ipse</strong></span> <span class='ocrx_word' id='word_1_978' title='bbox 2257 5424 2389 5485; x_wconf 86' lang='lat' dir='ltr'><strong>apud</strong></span> <span class='ocrx_word' id='word_1_979' title='bbox 2420 5422 2775 5486; x_wconf 75' lang='lat' dir='ltr'><strong>theodoretmn,</strong></span> <span class='ocrx_word' id='word_1_980' title='bbox 2818 5435 2913 5477; x_wconf 89' lang='lat' dir='ltr'><strong>etc.</strong></span> <span class='ocrx_word' id='word_1_981' title='bbox 2946 5422 3069 5495; x_wconf 69' lang='lat' dir='ltr'><strong>qua:</strong></span> <span class='ocrx_word' id='word_1_982' title='bbox 3092 5432 3339 5483; x_wconf 80' lang='lat' dir='ltr'><strong>iusissime</strong></span> <span class='ocrx_word' id='word_1_983' title='bbox 3365 5448 3539 5495; x_wconf 74' lang='lat' dir='ltr'><strong>porse-</strong></span> 
     </span>
    </p>
   </div>
   <div class='ocr_carea' id='block_1_125' title="bbox 1944 5490 2388 5545">
    <p class='ocr_par' dir='ltr' id='par_1_125' title="bbox 1944 5490 2388 5545">
     <span class='ocr_line' id='line_1_129' title="bbox 1944 5490 2388 5545; baseline 0.007 -16"><span class='ocrx_word' id='word_1_984' title='bbox 1944 5490 2111 5545; x_wconf 85' lang='lat' dir='ltr'><strong>quitur</strong></span> <span class='ocrx_word' id='word_1_985' title='bbox 2134 5490 2388 5533; x_wconf 72' lang='lat' dir='ltr'><strong>Dounrcus.</strong></span> 
     </span>
    </p>
   </div>
   <div class='ocr_carea' id='block_1_126' title="bbox 2006 5546 3531 5617">
    <p class='ocr_par' dir='ltr' id='par_1_126' title="bbox 2006 5546 3531 5617">
     <span class='ocr_line' id='line_1_130' title="bbox 2006 5546 3531 5617; baseline 0.008 -25"><span class='ocrx_word' id='word_1_986' title='bbox 2006 5546 2082 5605; x_wconf 78' lang='grc' dir='ltr'><strong>(α)</strong></span> <span class='ocrx_word' id='word_1_987' title='bbox 2116 5547 2372 5617; x_wconf 50' lang='lat' dir='ltr'><strong>penuria</strong></span> <span class='ocrx_word' id='word_1_988' title='bbox 2393 5553 2447 5596; x_wconf 87' lang='lat' dir='ltr'><strong>et</strong></span> <span class='ocrx_word' id='word_1_989' title='bbox 2462 5546 2531 5617; x_wconf 81' lang='lat' dir='ltr'><strong>de</strong></span> <span class='ocrx_word' id='word_1_990' title='bbox 2545 5548 2733 5617; x_wconf 74' lang='lat' dir='ltr'><strong>tripode</strong></span> <span class='ocrx_word' id='word_1_991' title='bbox 2755 5549 2864 5617; x_wconf 79' lang='lat' dir='ltr'><strong>vide</strong></span> <span class='ocrx_word' id='word_1_992' title='bbox 2874 5553 3158 5617; x_wconf 72' lang='lat' dir='ltr'><strong>Strabonem</strong></span> <span class='ocrx_word' id='word_1_993' title='bbox 3182 5552 3266 5617; x_wconf 52' lang='lat' dir='ltr'><strong>lix.</strong></span> <span class='ocrx_word' id='word_1_994' title='bbox 3287 5554 3335 5613; x_wconf 87' lang='lat'><strong>9,</strong></span> <span class='ocrx_word' id='word_1_995' title='bbox 3352 5569 3399 5617; x_wconf 87' lang='lat' dir='ltr'><strong>p.</strong></span> <span class='ocrx_word' id='word_1_996' title='bbox 3423 5556 3531 5604; x_wconf 71' lang='lat' dir='ltr'><strong>H9.</strong></span> 
     </span>
    </p>
   </div>
   <div class='ocr_carea' id='block_1_127' title="bbox 1944 5606 3525 5685">
    <p class='ocr_par' dir='ltr' id='par_1_127' title="bbox 1944 5606 3525 5685">
     <span class='ocr_line' id='line_1_131' title="bbox 1944 5606 3525 5685; baseline 0.009 -34"><span class='ocrx_word' id='word_1_997' title='bbox 1944 5606 2939 5685; x_wconf 12' lang='lat' dir='ltr'><strong>segziAdeseriptiouem</strong></span> <span class='ocrx_word' id='word_1_998' title='bbox 2963 5614 3167 5685; x_wconf 71' lang='lat' dir='ltr'><strong>tripodis</strong></span> <span class='ocrx_word' id='word_1_999' title='bbox 3181 5606 3335 5685; x_wconf 46' lang='lat' dir='ltr'><strong>.aﬂert;</strong></span> <span class='ocrx_word' id='word_1_1000' title='bbox 3353 5606 3411 5665; x_wconf 65' lang='lat' dir='ltr'><strong>ct</strong></span> <span class='ocrx_word' id='word_1_1001' title='bbox 3440 5632 3525 5665; x_wconf 84' lang='lat' dir='ltr'><strong>au-</strong></span> 
     </span>
    </p>
   </div>
   <div class='ocr_carea' id='block_1_128' title="bbox 1944 5669 3528 5736">
    <p class='ocr_par' dir='ltr' id='par_1_128' title="bbox 1944 5669 3528 5736">
     <span class='ocr_line' id='line_1_132' title="bbox 1944 5669 3528 5736; baseline 0.01 -23"><span class='ocrx_word' id='word_1_1002' title='bbox 1944 5669 2004 5714; x_wconf 91' lang='lat' dir='ltr'><strong>tri</strong></span> <span class='ocrx_word' id='word_1_1003' title='bbox 2041 5669 2089 5715; x_wconf 90' lang='lat' dir='ltr'><strong>iu</strong></span> <span class='ocrx_word' id='word_1_1004' title='bbox 2122 5682 2219 5730; x_wconf 91' lang='lat' dir='ltr'><strong>quo</strong></span> <span class='ocrx_word' id='word_1_1005' title='bbox 2260 5672 2446 5736; x_wconf 79' lang='lat' dir='ltr'><strong>positus</strong></span> <span class='ocrx_word' id='word_1_1006' title='bbox 2474 5669 2604 5736; x_wconf 78' lang='lat' dir='ltr'><strong>erat.</strong></span> <span class='ocrx_word' id='word_1_1007' title='bbox 2651 5669 2740 5717; x_wconf 78' lang='lat' dir='ltr'><strong>sed</strong></span> <span class='ocrx_word' id='word_1_1008' title='bbox 2773 5686 2882 5733; x_wconf 71' lang='lat' dir='ltr'><strong>qua:</strong></span> <span class='ocrx_word' id='word_1_1009' title='bbox 2908 5669 3119 5736; x_wconf 65' lang='lat' dir='ltr'><strong>turpiora</strong></span> <span class='ocrx_word' id='word_1_1010' title='bbox 3144 5676 3224 5725; x_wconf 86' lang='lat' dir='ltr'><strong>hic</strong></span> <span class='ocrx_word' id='word_1_1011' title='bbox 3247 5679 3528 5729; x_wconf 72' lang='lat' dir='ltr'><strong>referuntur</strong></span> 
     </span>
    </p>
   </div>
   <div class='ocr_carea' id='block_1_129' title="bbox 1947 5730 2715 5792">
    <p class='ocr_par' dir='ltr' id='par_1_129' title="bbox 1947 5730 2715 5792">
     <span class='ocr_line' id='line_1_133' title="bbox 1947 5730 2715 5792; baseline 0.001 -15"><span class='ocrx_word' id='word_1_1012' title='bbox 1947 5743 2179 5792; x_wconf 85' lang='lat' dir='ltr'><strong>nusquam</strong></span> <span class='ocrx_word' id='word_1_1013' title='bbox 2202 5730 2403 5781; x_wconf 75' lang='lat' dir='ltr'><strong>memini</strong></span> <span class='ocrx_word' id='word_1_1014' title='bbox 2426 5744 2503 5779; x_wconf 83' lang='lat' dir='ltr'><strong>me</strong></span> <span class='ocrx_word' id='word_1_1015' title='bbox 2524 5730 2715 5792; x_wconf 69' lang='lat' dir='ltr'><strong>legere.</strong></span> 
     </span>
    </p>
   </div>
  </div>
