4022 6214
499 348 603 405 ξιτ.
1205 336 1262 393 8.
1300 332 1578 392 JOANNIS
1611 328 2087 388 CHRYSOSTUMI
2124 328 2439 387 ARCIIIEP.
2482 329 3016 388 CONSTANTINOP.
3693 336 3801 392 2M,

498 476 674 531 uisum
720 453 1298 519 anst‘hematlzsntem,
1341 450 1388 505 is
1433 458 1515 504 est
1556 445 1840 503 divinator.
1882 444 2090 499 Rursus
2203 445 2257 497 in
2300 442 2552 498 omnibus.
2604 445 2657 498 7.
2710 442 2994 512 Unicuique
3036 453 3203 498 autem
3252 446 3407 500 datur
3452 441 3795 520 planitiam“

497 569 619 610 enin
643 550 837 606 videris
857 547 1017 602 alium
1038 558 1163 600 eum
1185 541 1403 598 nomine
1418 540 1538 609 ejus
1559 536 1736 609 omnia
1759 537 2087 607 loquentem,
2203 533 2433 605 Spiritus
2458 536 2528 589 ad
2551 536 2838 590 utilitatem.
2872 536 2937 590 Et
2964 536 3093 606 quid
3123 546 3207 590 est
3235 539 3516 607 Operatio?
3539 540 3664 609 quid
3694 540 3791 595 do.

496 646 671 716 cogita
704 642 853 697 illum
883 651 1006 696 esse
1029 632 1384 707 spirituslem.
1415 630 1552 699 Quid
1578 643 1724 698 ergo,
1759 628 1989 698 inquies,
2021 624 2089 681 de

495 733 896 790 catechumcnis
920 724 1257 785 dixerimus?
1282 723 1327 777 si
1352 721 1493 777 enim
1522 732 1681 775 nemo
1708 728 1882 789 potest
1906 716 2089 772 dicere

499 826 781 880 Dominum
804 822 1009 883 losum,
1034 817 1135 873 nisi
1162 816 1215 870 in
1241 813 1443 883 Spiritu
1466 821 1674 874 sancto,
1698 809 1825 880 quid
1846 808 2089 864 dicemus

496 918 567 990 de
591 916 693 981 his,
719 916 811 986 qui
837 913 955 983 ejus
980 908 1195 980 quidem
1223 919 1416 961 nomen
1446 903 1741 974 proferunt,
1766 900 1969 971 Spiritu
1992 915 2089 954 au-

482 1020 604 1064 tem
636 1004 946 1079 privamur?
973 1000 1082 1058 Sed
1111 999 1180 1056 de
1208 999 1293 1054 his
1322 1010 1464 1052 nunc
1492 996 1583 1051 ille
1608 1010 1715 1051 non
1741 994 1886 1064 agit:
1913 1006 2086 1061 neque

498 1102 643 1155 enim
688 1109 813 1153 tunc
853 1093 1222 1153 cateehmneni
1266 1101 1460 1146 erant:
1503 1089 1597 1153 sed
1642 1088 1712 1143 de
1750 1085 1993 1141 fidelibus
2032 1092 2087 1138 et

497 1190 821 1246 inﬁdelibus.
851 1185 989 1255 Quid
1014 1183 1177 1255 ergo?
1204 1180 1449 1236 nullusne
1479 1180 1691 1233 dmmon
1720 1178 1887 1231 Deum
1914 1174 2089 1229 nomi—

496 1280 630 1336 nat?
656 1295 835 1335 annon
864 1276 1115 1332 dicebant
1138 1271 1453 1328 daemoniaci
1482 1287 1493 1322 :
1524 1268 1774 1322 Nouimus
1800 1275 1849 1319 te
1872 1265 1983 1335 quis
2007 1279 2081 1328 es,

494 1373 665 1427 Filius
689 1370 786 1426 Dei
806 1368 999 1440 (Marc.
1024 1370 1075 1422 I.
1101 1364 1243 1435 ἱὸν
1274 1377 1452 1423 annon
1480 1361 1647 1415 Paulo
1670 1358 1921 1414 dicebant
1948 1377 1962 1411 :
1990 1358 2086 1411 Isti

493 1461 722 1517 homines
766 1459 893 1515 servi
938 1456 1035 1511 Dei
1074 1452 1308 1510 altissimi
1348 1459 1465 1506 sunt
1494 1450 1512 1515 (
1545 1450 1655 1504 Act.
1688 1448 1774 1503 I6.
1809 1448 1873 1503 I7
1908 1448 1945 1517 ).
1975 1447 2081 1502 Sed

491 1553 744 1625 ﬂagellati
770 1595 783 1616 ,
813 1549 910 1605 sed
949 1546 1158 1612 coacti;
1191 1552 1381 1615 sponte
1420 1552 1599 1597 autem
1638 1550 1693 1597 et
1734 1556 1840 1595 non
1868 1541 2081 1605 coacti,

494 1658 804 1714 numquam.
838 1640 935 1695 IIic
970 1638 1081 1709 jam
1121 1634 1365 1706 apposite
1402 1642 1700 1704 qmeratur,
1733 1646 1831 1687 cur
1869 1629 2079 1686 daemon

490 1735 608 1790 huic
629 1735 958 1805 loqueretur,
984 1739 1036 1784 ct
1057 1743 1153 1784 cur
1176 1725 1376 1782 Paulus
1396 1725 1769 1794 increpaverit.
1797 1723 2077 1778 Ductorem

488 1843 684 1899 nempe
722 1840 875 1880 suum
918 1822 1175 1878 imitatus.
1214 1817 1351 1874 Nam
1376 1826 1429 1873 et
1454 1816 1702 1873 Christus
1742 1814 2076 1883 increpavit:

488 1920 703 1976 nolebat
751 1919 895 1973 enim
937 1914 1006 1970 ab
1041 1913 1145 1968 illis
1188 1910 1387 1967 habere
1430 1908 1814 1964 testimonium.
1864 1906 2080 1971 Quare?

486 2014 707 2070 Daemon
770 2011 872 2066 hoc
945 2006 1167 2078 agebat,
1215 2018 1398 2059 rerum
1455 2000 1696 2055 ordinem
1752 1997 2080 2054 confundere

483 2107 705 2169 volens,
736 2111 791 2157 et
815 2098 1181 2170 apostolorum
1210 2095 1458 2164 abripere
1496 2090 1866 2146 auctoritatem
1893 2129 1909 2155 ,
1936 2087 2077 2143 mul-

485 2198 661 2266 tisqne
688 2191 1009 2265 persuadere
1034 2199 1091 2244 ut
1115 2188 1215 2244 sibi
1236 2185 1578 2243 attenderem
1602 2200 1616 2239 :
1636 2181 1775 2253 quod
1804 2181 1851 2237 si
1880 2181 2074 2236 laetum

482 2296 627 2342 esset
653 2326 667 2351 ,
696 2299 818 2340 cum
847 2282 951 2339 fide
975 2281 1120 2351 digni
1147 2278 1521 2349 apparuissent
1546 2317 1561 2341 ,
1594 2274 1751 2331 facile
1776 2287 1871 2329 sua
1901 2274 2072 2328 intro-

482 2377 784 2432 duxissent.
813 2372 891 2427 Ne
917 2372 1021 2427 hoc
1044 2384 1176 2441 ergo
1204 2367 1354 2424 ﬁeret
1381 2409 1397 2434 ,
1430 2382 1603 2438 neque
1632 2365 1835 2422 fallacia
1866 2365 2072 2420 initium

481 2468 705 2521 duceret
727 2505 743 2530 ,
772 2464 934 2519 etiam
967 2476 1089 2516 cum
1118 2473 1244 2516 vera
1278 2458 1626 2529 loquerentur
1648 2500 1664 2525 ,
1694 2473 1785 2513 ora
1819 2458 1947 2526 ipsis
1972 2456 2074 2510 ob-

482 2556 673 2621 struit,
704 2563 763 2610 ut
811 2555 864 2610 in
910 2552 1056 2608 falsis
1093 2565 1255 2607 nemo
1299 2551 1429 2621 ipsis
1471 2551 1709 2604 animum
1752 2548 2070 2614 adhiberet,

481 2647 579 2703 sed
622 2646 687 2702 ad
726 2662 788 2701 ea
818 2661 939 2717 qua:
966 2644 1035 2698 alt
1064 2644 1193 2714 ipsis
1221 2642 1524 2697 dicerentur
1563 2653 1719 2694 aures
1746 2638 2069 2693 Obstrueret.

480 2739 770 2809 Postquam
806 2750 937 2806 ergo
964 2745 1116 2789 vates
1153 2743 1208 2788 et
1246 2731 1533 2803 prophetas
1576 2729 1892 2786 distinxerat
1921 2739 1975 2785 et
2003 2745 2067 2785 ex

481 2831 659 2898 priore
698 2838 749 2882 et
794 2842 858 2882 es
904 2822 1142 2881 secundo
1186 2822 1373 2892 signo,
1416 2821 1631 2877 demum
1680 2821 1749 2877 de
1798 2822 2069 2878 miraculis

476 2920 695 2977 disserit
714 2920 862 2984 ;‘ncc
890 2917 1006 2971 sine
1032 2929 1191 2971 causa
1221 2912 1289 2969 ad
1318 2913 1419 2969 hoc
1448 2923 1822 2985 argumentum
1855 2913 2065 2981 transit,

475 3011 571 3066 scd
604 3019 662 3066 ut
686 3008 1079 3066 dissensionem
1109 3006 1234 3062 inde
1263 3005 1534 3059 subortam
1564 3005 1733 3071 tollat,
1760 3012 1817 3059 et
1843 3018 2068 3073 persua-

474 3104 602 3157 deat
640 3103 705 3157 iis
743 3101 832 3172 qui
880 3100 1055 3154 minus
1098 3098 1334 3161 habent,
1381 3110 1449 3150 ne
1491 3095 1747 3159 doleant,
1778 3105 1831 3149 ct
1872 3095 1940 3149 iis
1978 3096 2069 3165 qui

474 3193 676 3264 majora
707 3190 1011 3262 possident,
1044 3202 1113 3243 ne
1141 3186 1450 3243 eﬂ'erantur.
1488 3185 1608 3241 Ideo
1636 3185 1713 3239 sic
1742 3185 1939 3255 incepit
1968 3203 1981 3240 :
2010 3186 2063 3242 4.

474 3286 758 3340 Dirisiones
787 3299 903 3338 uero
930 3282 1213 3351 gratiarum
1242 3290 1360 3335 sunt
1384 3320 1399 3346 ,
1434 3280 1567 3332 idem
1597 3288 1764 3333 autent
1796 3277 2066 3346 Spiritus;

473 3377 752 3447 primoque
776 3382 926 3429 curat
955 3372 1103 3428 illum
1134 3372 1225 3443 qui
1252 3371 1431 3425 minus
1456 3369 1615 3425 habet
1640 3371 1839 3425 donum
1865 3410 1880 3437 ,
1914 3370 2066 3427 ideo-

472 3484 582 3539 que
606 3468 767 3525 dolet.
802 3468 910 3522 Cur
935 3467 1078 3522 cnim
1100 3508 1116 3533 ,
1146 3466 1350 3536 inquit,
1379 3466 1631 3535 angoris?
1655 3465 1777 3534 quia
1807 3480 1913 3520 non
1946 3474 2065 3521 tan-

475 3572 585 3615 tum
631 3563 880 3633 acce,.isti
920 3570 1179 3632 quantum
1218 3560 1393 3615 alius?
1430 3560 1524 3615 sed
1570 3560 1741 3630 cogita
1785 3558 1911 3613 illud
1945 3574 2067 3615 esse

472 3654 693 3723 donum,
720 3672 826 3710 non
850 3653 1116 3719 debitum,
1138 3662 1193 3708 et
1213 3651 1639 3708 consolationem
1664 3652 1913 3719 accipies.
1940 3650 2065 3706 Ideo

470 3747 650 3801 statim
696 3747 773 3800 sic
815 3745 1051 3815 loquitur
1078 3762 1094 3801 :
1120 3742 1406 3799 Divisiones
1452 3760 1568 3798 rero
1609 3745 1888 3815 gratiarum
1923 3755 2062 3799 sunt.

470 3836 655 3906 Neque
697 3835 832 3891 dixit
878 3838 1153 3907 signorum
1178 3878 1195 3902 ,
1245 3850 1419 3906 neque
1460 3835 1840 3889 miraculorum
1865 3876 1880 3901 ,
1926 3835 2020 3890 sed
2045 3877 2061 3902 ,

474 3926 804 3991 Gratim-um;
833 3928 1053 3987 nomine
1073 3914 1199 3981 doni
1228 3924 1556 3996 persuadens
1584 3924 1659 3979 illi
1690 3934 1743 3979 ut
1770 3939 1875 3981 non
1905 3925 2065 3981 modo

470 4034 578 4073 non
600 4019 799 4081 doleat,
820 4017 914 4074 sed
935 4029 989 4075 et
1008 4019 1231 4091 gratiam
1254 4017 1466 4074 habeat.
1492 4018 1558 4073 Et
1578 4033 1699 4074 cum
1724 4020 1842 4086 hoc,
1868 4019 2064 4090 inquit,

469 4109 602 4165 illud
633 4126 844 4181 quoque
876 4120 1052 4166 tecum
1082 4118 1306 4181 reputa,
1334 4110 1473 4181 quod
1502 4111 1710 4167 etiamsi
1736 4112 1787 4166 in
1813 4126 2061 4180 mensura

468 4201 596 4257 doni
626 4202 802 4256 minus
833 4201 1067 4269 habeas;
1100 4206 1155 4257 in
1185 4216 1252 4257 eo
1278 4201 1419 4273 quod
1448 4201 1692 4272 dignatus
1721 4203 1796 4256 sis
1823 4202 1945 4259 inde
1972 4218 2060 4259 ac-

468 4295 650 4364 cipere
670 4336 684 4358 ,
712 4292 855 4349 unde
882 4295 927 4349 is
951 4293 1157 4364 accepit
1186 4293 1276 4363 qui
1306 4293 1423 4363 plus
1451 4293 1610 4348 habet
1635 4334 1649 4357 ,
1682 4308 1863 4362 parem
1895 4293 2063 4349 habes

470 4385 754 4440 honorem.
802 4382 987 4455 Neque
1029 4383 1173 4440 enim
1216 4382 1398 4439 dicere
1437 4384 1643 4452 possis,
1691 4383 1767 4436 illi
1806 4382 2061 4453 Spiritum

470 4475 704 4542 dedisse,
731 4476 821 4530 tibi
845 4490 973 4531 vero
995 4475 1244 4547 angelum
1268 4492 1281 4527 :
1302 4490 1423 4530 nam
1451 4484 1505 4530 et
1532 4474 1622 4529 tibi
1650 4484 1704 4529 et
1732 4474 1807 4529 illi
1833 4473 2062 4544 Spiritus

471 4567 641 4625 dedit.
674 4565 797 4622 Ideo
824 4567 1116 4637 subjunxit,
1153 4564 1299 4619 Idem
1323 4576 1491 4619 autent
1522 4564 1771 4635 Spiritus.

544 4660 598 4713 3.
642 4659 822 4728 Itaque
848 4657 1056 4713 etiamsi
1089 4657 1141 4712 in
1166 4656 1310 4712 dono
1334 4656 1634 4711 differentia
1662 4656 1764 4722 sit,
1793 4664 1849 4710 at
1873 4670 1979 4710 non
2007 4655 2061 4710 in

469 4764 535 4803 eo
564 4750 651 4820 qui
680 4748 826 4803 dedit
860 4766 873 4802 :
904 4764 971 4802 ex
1014 4747 1205 4802 eodem
1249 4760 1478 4817 namque
1508 4745 1654 4801 fonte
1686 4753 1742 4801 et
1787 4755 1841 4800 tu
1876 4755 1931 4801 et
1970 4746 2061 4802 ille

471 4840 743 4895 hausistis.
774 4840 827 4895 5.
864 4836 930 4892 Et
972 4838 1241 4893 diuisiones
1287 4834 1708 4891 ministrationum
1746 4843 1895 4899 sunt,
1927 4834 2062 4889 idem

470 4942 637 4985 autem
682 4928 955 4985 Dominus.
1000 4927 1133 4985 Nam
1172 4928 1593 4984 consolationem
1638 4926 1814 4983 adhuc
1854 4925 2061 4997 placide

472 5036 676 5089 augens
699 5062 715 5088 ,
741 5030 798 5075 et
826 5019 1017 5075 Filium
1044 5028 1099 5075 et
1135 5019 1352 5074 Patrem
1377 5017 1581 5087 adjicit.
1614 5017 1843 5087 Alioque
1871 5030 2061 5072 rursus

472 5112 689 5167 nomine
716 5110 831 5167 hac
854 5110 995 5166 dona
1022 5119 1198 5177 vocat,
1229 5104 1484 5181 majorem
1512 5109 1672 5164 etiam
1699 5108 1822 5163 inde
1846 5108 2063 5179 excogiv

476 5216 597 5259 tans
620 5203 1040 5260 cumulationem
1069 5220 1083 5257 :
1116 5201 1236 5258 ideo
1282 5203 1362 5258 sic
1404 5202 1565 5269 dicit,
1595 5200 1877 5258 Diuisioues
1906 5201 2060 5255 mini-

478 5295 773 5348 strationum
792 5305 932 5359 sunt,
953 5297 1086 5349 idem
1107 5305 1276 5350 autem
1299 5291 1567 5347 Dominus.
1593 5292 1723 5347 Nam
1746 5293 1837 5364 qui
1858 5294 2058 5349 donum

474 5384 658 5447 audit,
686 5392 741 5439 et
766 5383 946 5440 minus
968 5388 1207 5455 accepit,
1242 5384 1472 5441 fortasse
1503 5382 1768 5450 doluerit;
1808 5386 1897 5455 qui
1927 5399 2060 5441 vero

472 5476 921 5533 ministrationem
950 5478 1173 5549 accepit,
1202 5491 1310 5533 non
1338 5477 1463 5532 item
1494 5494 1508 5532 :
1538 5490 1625 5530 res
1650 5477 1791 5531 enim
1820 5476 2061 5534 laborem

472 5566 673 5623 indicat
697 5577 751 5622 et
777 5568 1049 5623 sudorem.
1081 5565 1218 5634 Quid
1242 5583 1373 5639 ergo
1396 5567 1569 5631 doles,
1594 5566 1795 5639 inquit,
1823 5568 1867 5622 si
1896 5567 2059 5623 alium

472 5659 593 5730 plus
633 5659 876 5717 laborare
916 5660 1118 5731 jussit,
1161 5660 1255 5717 tibi
1293 5662 1560 5731 parcens?
1596 5660 1653 5719 6.
1694 5657 1763 5717 Et
1791 5660 2059 5718 divisiones

471 5754 825 5823 sperationum
855 5763 1004 5824 sunt,
1044 5754 1175 5809 idem
1202 5770 1315 5812 vero
1342 5753 1476 5813 Deus
1500 5759 1588 5828 qui
1624 5769 1863 5833 operatur
1887 5758 2057 5815 omnia

2200 626 2369 681 nam?
2399 626 2641 697 inquies;
2683 626 2810 697 quid
2852 628 3213 683 ministratio?
3254 627 3542 684 Nominum
3586 640 3792 687 tantum

2198 726 2321 770 sunt
2347 715 2683 782 differentias,
2707 717 2830 786 quia
2856 731 2946 772 res
2964 717 3169 772 eaedem
3194 728 3341 773 sunt.
3367 718 3519 784 Quod
3542 721 3685 774 enim
3708 728 3793 777 est

2197 806 2397 862 donum
2424 848 2439 874 ,
2475 808 2605 863 illud
2632 808 2807 878 ipsum
2837 817 2921 864 cst
2950 809 3304 876 ministratio;
3346 810 3450 867 hoc
3475 814 3635 867 etiam
3658 813 3791 869 dicit

2196 899 2562 967 operationem
2594 916 2611 953 :
2638 914 2761 955 nam
2800 900 2873 955 ait
2905 918 2919 955 ε
2948 898 3294 955 Ninisterium
3321 912 3464 955 tuum
3504 904 3663 974 imple
3690 905 3710 974 (
3729 905 3788 959 2.

2200 989 2332 1044 Tim.
2360 993 2414 1045 4.
2446 992 2533 1062 5);
2558 1002 2633 1060 et,
2665 991 3009 1063 Hinistcritttu
3033 1010 3201 1049 meum
3228 995 3461 1065 gloriﬁco
3486 997 3667 1066 (Itotn.
3699 1000 3788 1053 Il.

2198 1082 2310 1152 l5).
2344 1082 2409 1137 Et
2438 1083 2724 1141 Timotheo
2751 1087 2998 1142 scribens
3025 1086 3190 1154 dicit,
3222 1087 3443 1159 Propter
3466 1106 3620 1160 quam
3655 1107 3785 1146 cau-

2194 1188 2303 1225 sam
2329 1174 2575 1229 admoneo
2602 1186 2651 1228 te
2670 1217 2685 1241 ,
2713 1187 2770 1230 ut
2804 1177 3012 1230 suscites
3038 1180 3254 1248 gratiam
3289 1174 3389 1232 Dei
3421 1195 3533 1249 qua
3561 1190 3635 1243 est
3660 1182 3712 1235 in
3739 1192 3791 1235 ts

2195 1261 2274 1332 (2.
2298 1261 2433 1317 Tim.
2458 1265 2511 1319 I.
2536 1264 2617 1338 6);
2646 1275 2700 1321 et
2722 1266 2790 1321 ad
2818 1266 3032 1323 Galatas
3058 1283 3245 1325 rursus
3269 1269 3511 1342 scribens
3535 1271 3783 1328 dicebat:

2197 1355 2299 1421 Qui
2326 1358 2459 1411 enim
2492 1370 2732 1429 operatus
2759 1369 2832 1414 est
2862 1359 3019 1415 Petro
3050 1362 3105 1415 in
3140 1364 3482 1431 apostolatum
3500 1406 3517 1432 ,
3549 1376 3791 1435 operatus

2192 1457 2268 1501 est
2292 1458 2338 1502 et
2367 1449 2492 1504 mihi
2518 1451 2651 1505 inter
2666 1459 2839 1522 gentes
2861 1450 3002 1522 (Gal.
3023 1451 3078 1506 2.
3103 1453 3180 1524 8).
3209 1453 3395 1510 Viden‘
3418 1455 3561 1526 quod
3584 1456 3785 1512 nullam

2190 1540 2546 1599 diﬂercntiam
2571 1544 2818 1599 ostendat
2844 1544 2897 1599 in
2925 1544 3081 1601 donis
3109 1545 3283 1603 Patris
3308 1556 3362 1603 et
3387 1547 3506 1603 Filii
3534 1559 3589 1605 et
3611 1549 3787 1620 Spiri-

2192 1642 2276 1688 tus
2310 1636 2517 1690 sancti?
2553 1650 2660 1690 non
2698 1634 3015 1706 hypostases
3052 1635 3390 1693 confundens
3414 1681 3429 1706 ,
3471 1639 3642 1704 absit,
3685 1640 3782 1696 sed

2189 1724 2504 1781 substantia:
2549 1737 2732 1795 parem
2785 1727 3047 1782 honorem
3094 1728 3406 1784 ostendens.
3456 1729 3589 1785 Nam
3635 1732 3782 1801 quod

2187 1813 2419 1883 Spiritus
2465 1816 2725 1886 largitur,
2761 1818 2863 1871 hoc
2897 1827 2953 1872 ot
2993 1817 3162 1872 Deum
3205 1821 3457 1888 operari,
3494 1831 3549 1875 et
3583 1821 3780 1879 Filium

2188 1905 2440 1961 ordinare
2464 1922 2529 1960 ac
2557 1907 2795 1976 prmbere
2821 1908 2969 1963 dicit.
3001 1909 3161 1979 Atqui
3187 1910 3233 1966 si
3262 1910 3363 1966 hoc
3387 1922 3530 1967 esset
3559 1913 3651 1968 illo
3678 1915 3782 1969 mi-

2188 2009 2289 2049 nus
2308 2036 2324 2061 ,
2354 2004 2408 2050 et
2434 1995 2565 2050 illud
2588 1995 2693 2051 isto
2711 2039 2727 2062 ,
2757 2012 2865 2052 non
2893 1999 2971 2053 sic
2999 1998 3127 2053 illud
3156 2001 3441 2070 posuisset,
3472 2018 3647 2074 neque
3676 2004 3779 2061 hac

2186 2086 2393 2141 ratione
2433 2085 2703 2143 dolentem
2744 2089 3056 2145 consolatus
3084 2100 3247 2146 esset.
3288 2091 3416 2148 Post
3457 2092 3571 2149 hinc
3596 2104 3777 2151 autem

2184 2176 2292 2232 alio
2331 2192 2545 2249 quoque
2588 2179 2748 2235 modo
2789 2181 2966 2250 ipsum
3009 2183 3355 2250 consolatur;
3398 2160 3541 2255 quod
3583 2201 3780 2257 nempe

2183 2266 2306 2323 data
2343 2284 2592 2325 mensura
2635 2271 2735 2340 ipsi
2764 2272 3038 2337 conferat,
3066 2274 3274 2328 etiamsi
3314 2274 3489 2329 minor
3513 2276 3604 2331 sit.
3637 2276 3776 2333 Cum

2181 2360 2413 2416 dixisset
2449 2363 2594 2417 enim
2619 2405 2633 2429 ,
2662 2362 2810 2417 Idem
2844 2364 3071 2434 Spiritus
3092 2405 3108 2431 ,
3149 2367 3285 2421 idem
3323 2366 3569 2423 Dominus
3593 2411 3609 2435 ,
3637 2371 3773 2425 idem

2182 2449 2322 2505 Deus
2340 2491 2355 2517 ,
2384 2459 2441 2505 et
2471 2450 2570 2505 hac
2596 2452 2805 2507 ratione
2831 2454 3006 2523 ipsum
3033 2466 3363 2521 recreasset;
3398 2457 3555 2513 aliam
3587 2475 3776 2517 rursus

2180 2540 2452 2612 subjungit
2478 2543 2899 2599 consolationem
2927 2545 3005 2600 sic
3036 2544 3222 2601 dicens
3248 2564 3262 2601 :
3294 2546 3579 2616 Unicuique
3602 2563 3773 2608 ament

2180 2632 2522 2704 ntanifalatio
2550 2632 2780 2703 Spiritus
2805 2635 2961 2690 dalur
2978 2637 3047 2690 ad
3070 2636 3358 2693 utilitatem.
3386 2638 3465 2695 Ne
3488 2641 3607 2712 quis
3626 2642 3771 2698 enim

2178 2723 2384 2781 diceret
2410 2768 2424 2790 ,
2454 2725 2593 2794 Quid
2618 2728 2761 2782 enim
2782 2767 2798 2794 ,
2828 2729 2874 2783 si
2902 2728 3043 2785 idem
3077 2729 3331 2787 Dominus
3355 2742 3409 2788 et
3437 2732 3575 2789 idem
3602 2734 3773 2806 Spiri-

2178 2825 2265 2871 tus
2287 2827 2342 2872 et
2368 2818 2509 2873 idem
2532 2818 2707 2873 Deus?
2734 2830 2788 2874 at
2812 2834 2913 2889 ego
2932 2821 3111 2876 minus
3132 2823 3314 2893 accepi
3336 2839 3352 2887 ;
3372 2824 3448 2879 ait
3469 2824 3602 2895 ipse,
3625 2828 3771 2898 quod

2177 2910 2249 2964 ita
2292 2910 2581 2967 conferret.
2636 2911 3117 2968 Manifestationcm
3161 2929 3293 2969 vero
3341 2914 3573 2986 Spiritus
3618 2920 3771 2991 signa

2177 3011 2365 3068 vocat;
2413 3011 2466 3057 et
2508 3002 2721 3057 merito.
2760 3002 2886 3065 Mihi
2918 3005 3061 3059 enim
3102 3004 3242 3059 lideli
3274 3006 3590 3063 manifestus
3615 3021 3699 3066 est
3727 3014 3773 3069 is

2174 3093 2265 3163 qui
2295 3092 2455 3149 habet
2480 3092 2736 3163 Spiritum
2762 3135 2777 3162 ,
2808 3110 2874 3151 eo
2901 3096 3044 3167 quod
3084 3096 3155 3153 sit
3194 3097 3532 3169 baptizatus;
3565 3101 3771 3162 inﬁdeli

2175 3196 2353 3243 autem
2382 3202 2447 3242 ex
2478 3188 2623 3242 nulla
2654 3202 2713 3243 re
2740 3188 2841 3244 hoc
2868 3191 2971 3245 erit
2999 3192 3367 3262 conspicuum,
3398 3193 3501 3250 nisi
3523 3209 3554 3249 a
3578 3195 3769 3266 signis.

2174 3276 2358 3351 Itaque
2402 3277 2526 3334 inde
2559 3279 2720 3334 etiam
2759 3295 2866 3335 non
2896 3294 3057 3349 parva
3085 3283 3382 3340 consolatio
3411 3293 3513 3340 est.
3544 3285 3771 3345 Etiamsi

2173 3372 2315 3428 enim
2342 3372 2482 3428 dona
2508 3372 2616 3427 sint
2640 3372 2871 3440 diversa,
2896 3388 3000 3428 una
3029 3382 3207 3429 tamen
3232 3384 3313 3429 est
3336 3375 3728 3435 demonstratio
3752 3400 3769 3437 :

2173 3482 2297 3523 nam
2335 3468 2448 3523 sive
2488 3467 2713 3521 multum
2753 3468 2866 3523 sive
2907 3484 3129 3537 parvum
3174 3468 3412 3534 habeas,
3453 3472 3679 3540 perinde
3705 3489 3770 3530 es

2172 3560 2506 3615 manifestus.
2552 3560 2735 3630 Itaque
2775 3561 2821 3614 si
2861 3560 2992 3615 illud
3037 3561 3322 3618 ostendere
3356 3564 3590 3635 satagis,
3623 3567 3768 3635 quod

2172 3650 2432 3722 Spiritum
2481 3651 2679 3708 habeas
2702 3694 2717 3720 ,
2750 3650 3100 3709 sufﬁcientem
3137 3654 3303 3709 habes
3342 3655 3765 3713 demenstratio-

2171 3758 2316 3798 nem.
2344 3742 2477 3797 Cum
2506 3758 2634 3813 ergo
2657 3752 2713 3798 et
2736 3758 2874 3797 unus
2903 3745 2972 3798 sit
2995 3744 3085 3815 qui
3109 3744 3277 3811 dedit,
3302 3758 3357 3800 et
3381 3747 3669 3817 gratuitum
3696 3752 3770 3805 sit

2171 3833 2371 3889 donum
2398 3874 2411 3898 ,
2442 3842 2495 3889 et
2536 3834 2900 3889 manifestatio
2929 3833 3055 3889 hinc
3091 3837 3181 3889 Iiat
3203 3876 3218 3899 ,
3252 3844 3307 3890 et
3337 3835 3439 3892 hoc
3474 3838 3567 3894 tibi
3596 3841 3770 3911 magis

2170 3927 2443 3992 conferat;
2496 3941 2566 3981 ne
2592 3924 2777 3981 doleas
2804 3926 2956 3996 quasi
2987 3926 3293 3996 despectus.
3323 3927 3508 3999 Neque
3534 3931 3681 3985 enim
3713 3941 3769 3989 te

2170 4018 2435 4074 dedecore
2460 4017 2699 4073 alliciens
2720 4017 2884 4083 Deus,
2911 4032 3089 4085 neque
3109 4018 3284 4074 altero
3307 4019 3569 4079 minorem
3594 4020 3769 4077 decla.

2168 4124 2294 4166 rans
2330 4110 2434 4166 hoc
2460 4108 2608 4176 facit,
2637 4107 2731 4164 sed
2765 4109 2857 4163 tibi
2890 4123 3144 4179 parcens,
3168 4118 3224 4165 et
3257 4109 3311 4165 id
3342 4120 3591 4181 spectans
3618 4114 3766 4184 quod

2169 4201 2267 4257 tibi
2312 4202 2442 4257 utile
2473 4211 2635 4257 esset.
2676 4200 2809 4256 Nam
2851 4200 3023 4270 majus
3052 4201 3323 4272 quldpiam
3366 4204 3609 4275 accipere
3638 4221 3763 4261 eum

2168 4291 2261 4362 qui
2287 4290 2431 4347 ferre
2458 4307 2563 4346 non
2591 4290 2777 4361 possit,
2796 4290 2897 4346 hoc
2922 4300 3066 4346 esset
3093 4292 3301 4360 inutile,
3320 4293 3538 4349 noxium
3559 4303 3614 4349 et
3635 4310 3765 4351 mw

2168 4397 2293 4439 rore
2318 4382 2555 4454 dignum.
2588 4382 2641 4437 8.
2689 4380 2829 4436 Nam
2857 4383 2948 4436 alii
2974 4383 3175 4452 quidem
3204 4399 3294 4453 per
3322 4383 3580 4455 Spiritum
3606 4384 3767 4441 datur

2168 4491 2332 4530 sermo
2368 4476 2669 4546 sapientiai,
2699 4475 2790 4528 alii
2828 4484 2995 4530 autem
3033 4491 3198 4529 sermo
3236 4476 3458 4531 scientia
3482 4476 3766 4533 secundum

2170 4565 2399 4622 eumdem
2422 4542 2712 4636 Spirititnt;
2739 4566 2790 4621 9.
2822 4567 2971 4621 alteri
2995 4566 3121 4637 ﬁdes
3147 4567 3199 4619 in
3222 4566 3394 4621 eodem
3422 4565 3645 4638 Spiritu,
3671 4572 3767 4627 alii

2168 4666 2336 4709 autem
2360 4656 2525 4727 gratia
2549 4658 2869 4711 curationum
2893 4658 2946 4710 in
2970 4656 3145 4709 eodem
3175 4655 3399 4725 Spiritu.
3421 4655 3611 4714 Viden‘
3631 4675 3767 4731 qtto-

2168 4745 2330 4803 modo
2380 4745 2577 4817 ubique
2618 4746 2723 4802 hoc
2765 4745 3187 4802 additamentum
3230 4746 3427 4817 faciat,
3476 4745 3546 4803 In
3586 4752 3766 4807 eodem

2170 4838 2371 4909 Spiritu
2398 4837 2604 4906 dicens,
2638 4846 2726 4905 ct,
2757 4836 3052 4901 Secundum
3082 4839 3311 4892 eumdem
3341 4837 3634 4909 Spiritum!
3654 4840 3763 4896 scit

2169 4931 2312 4986 enim
2344 4928 2470 4986 hinc
2504 4944 2751 4998 magnam
2782 4929 2910 4984 oriri
2938 4928 3382 4984 consolationem.
3411 4928 3502 4986 I0.
3533 4926 3637 4982 Alii
3664 4945 3763 4984 uu-

2168 5031 2267 5077 tent
2291 5024 2608 5091 operationes
2635 5022 2897 5087 uirtutum,
2924 5022 3015 5077 alii
3046 5021 3345 5092 prophetia,
3373 5022 3466 5076 alii
3493 5020 3765 5078 discretio-

2168 5132 2257 5170 nes
2284 5115 2583 5184 spirituum,
2613 5108 2702 5169 alii
2732 5130 2918 5185 genera
2944 5113 3266 5182 linguarum,
3298 5114 3388 5169 alii
3416 5114 3766 5184 interpretatio

2168 5223 2477 5263 sermonum.
2505 5205 2638 5273 Quia
2667 5206 2810 5261 enim
2840 5206 2892 5259 in
2921 5204 3023 5259 hoc
3046 5204 3212 5260 altum
3238 5204 3536 5275 sapiebant,
3558 5203 3683 5261 ideo
3709 5206 3763 5261 id

2168 5306 2497 5369 postremum
2528 5293 2727 5368 posuit,
2757 5304 2813 5353 et
2842 5294 3114 5363 subjunait
3144 5313 3156 5348 :
3188 5297 3275 5351 ll.
3307 5294 3434 5350 Hac
3461 5305 3632 5350 autem
3655 5312 3764 5352 osu-

2169 5389 2255 5443 nia
2291 5399 2531 5459 operatnr
2570 5405 2699 5442 unus
2740 5396 2786 5441 et
2829 5384 2964 5438 idem
3004 5385 3253 5455 Spiritus.
3298 5386 3652 5441 Pharnacqu
3692 5386 3760 5443 ad

2169 5494 2383 5535 omnem
2404 5479 2827 5535 consolationem
2849 5484 3031 5548 aptum
3057 5493 3071 5530 :
3091 5476 3233 5546 quod
3255 5491 3322 5531 ex
3342 5475 3530 5531 eadem
3552 5473 3762 5543 radice,

2170 5585 2236 5627 ex
2260 5554 2453 5626 iisdem
2472 5567 2757 5631 thesauris,
2774 5580 2843 5621 ex
2863 5565 3055 5624 iisdem
3075 5567 3289 5623 liuentis
3306 5578 3496 5622 omnes
3512 5564 3761 5635 κείρω,

2171 5662 2398 5733 possint.
2419 5659 2545 5715 Ideo
2566 5657 2875 5727 Iraque-ter
2894 5657 3168 5722 hauriens.
3191 5657 3294 5713 hoc
3316 5653 3483 5712 verbo
3497 5667 3617 5710 eam
3636 5669 3763 5729 qua

2174 5752 2456 5809 videbatur
2478 5761 2599 5806 esse
2626 5748 3044 5821 ina-qualitatem
3071 5752 3322 5817 sscquat
3345 5752 3401 5803 et
3424 5744 3757 5809 consolatur.
