4004 6208
549 309 641 364 Ξιιῖ
1263 307 1320 362 S.
1360 305 1648 363 JOANNIS
1678 306 2178 366 CHRYSOSTOMI
2220 307 2540 366 ARCHIEP.
2578 307 3133 366 CONSTANTINOP.

547 439 707 477 κνυσι
763 421 1101 493 χορηγοῦντα
1147 423 1217 477 τά
1268 423 1582 495 χαρίσματα
1613 438 1628 454 ο
1682 421 1918 476 ἐνταῦθα
1972 423 2029 476 δέ
2070 440 2132 477 το

552 503 778 574 Πνεῦμα
807 504 975 558 εἰπὼν
1001 506 1269 576 ἠρκέσθη,
1309 507 1396 561 ἵνα
1425 505 1604 578 μάθῃς
1642 503 1940 561 κάντεῦθεν
1969 504 2134 560 πάλιν

551 585 651 656 τὴν
688 587 854 659 αὐτὴν
885 587 1043 653 ἀξίαν
1076 584 1263 643 οὖσαν.
1300 587 1366 643 Τί
1397 589 1454 644 δέ
1482 591 1621 653 ἐστι,
1645 589 1838 657 Λόγος
1871 589 2137 657 σοφίας;

557 673 653 723 ’ον
677 667 820 740 εἶχεν
859 672 888 724 6
934 669 1167 735 Παῦλος,
1218 671 1277 724 ὂν
1313 667 1458 742 εῖχεν
1511 671 1768 740 Ἰωάννης
1812 672 1840 723 6
1889 671 2004 734 υίὸς
2034 669 2138 740 τῆς

553 752 800 824 βροντῆς.
835 753 900 806 Τί
928 754 1007 819 δὲ,
1026 755 1217 823 Λόγος
1245 755 1554 824 γνώσεως;
1582 757 1677 809 Ὃν
1699 749 1845 825 εἶχον
1870 755 1918 807 οί
1947 753 2134 807 πολλοὶ

548 835 658 888 τῶν
681 835 910 902 πιστῶν,
937 835 1140 905 γνῶσιν
1170 839 1269 908 μέν
1300 838 1537 908 ἔχοντες,
1570 837 1842 891 διδάσκειν
1878 837 1934 891 δέ
1962 837 2136 901 οὕτως

548 917 610 971 ού
653 917 962 988 δυνάμενοι,
1010 919 1131 972 οὐδὲ
1173 923 1252 984 εἰς
1290 923 1476 993 ἕτερον
1523 921 1760 984 εὐκόλως
1805 919 2132 989 ἐξενεγκεῖν,

551 999 692 1070 ιντερ
731 1002 942 1072 ᾔδεσαν.
1000 1003 1210 1072 Ἐτέρῳ
1238 1003 1306 1057 δὲ
1338 1005 1576 1066 ,πίστις⁹
1614 1003 1794 1057 πίστιν
1834 1005 1895 1057 οὐ
1929 1002 2135 1072 ταύτην

546 1084 722 1152 ἳεγων
763 1087 862 1156 τὴν
909 1087 1015 1140 τῶν
1046 1087 1353 1159 δογμάτων,
1404 1088 1540 1140 ἀλλά
1579 1089 1679 1158 τὴν
1715 1087 1823 1142 τῶν
1867 1087 2132 1159 σημείων,

548 1160 679 1239 περὶ
706 1162 773 1241 ἧς
811 1172 838 1222 6
879 1171 1111 1239 Χριστός
1149 1186 1344 1240 φησιν’
1385 1170 1526 1224 Ἐὰν
1573 1171 1751 1238 ἔχητε
1799 1172 2010 1226 πίστιν
2053 1169 2134 1235 ὡς

548 1254 770 1306 κόκκον
800 1255 1124 1321 σινάπεως,
1155 1255 1340 1322 ἐρεῖτε
1367 1252 1440 1318 τῷ
1466 1255 1584 1324 ὄρει
1612 1258 1824 1321 τούτῳ,
1865 1254 2134 1321 Μετάϐηο

548 1339 622 1398 θι,
661 1337 753 1390 καί
778 1338 1202 1406 μεταϐήσεται.
1241 1339 1351 1391 Καὶ
1387 1340 1436 1391 οἱ
1471 1339 1758 1392 ἀπόστολοι
1787 1339 1843 1391 δὲ
1880 1339 2009 1409 περὶ
2039 1338 2134 1390 αύ-

546 1418 645 1488 τῆς
687 1420 872 1489 ἠξίουν
917 1421 1189 1487 λέγοντες,
1237 1422 1502 1488 Πρόσθες
1531 1421 1678 1489 ἡμῖν
1710 1423 1934 1474 πίστιν.
1983 1420 2132 1490 Αὕτη

547 1504 656 1573 γὰρ
701 1505 884 1574 μήτηρ
914 1504 1022 1556 τῶν
1060 1503 1301 1573 σημείων
1332 1506 1498 1559 ἐστίν.
1540 1507 1918 1576 Ἐνεργήματα
1961 1505 2017 1558 δέ
2045 1505 2134 1556 δυ-

540 1589 762 1656 νάμεων
787 1587 1109 1655 κεκτῆσθαι,
1139 1589 1235 1640 καὶ
1265 1591 1580 1658 χαρίσματα
1609 1590 1874 1659 ἰαμάτων,
1896 1590 1994 1642 οῦκ
2017 1589 2133 1640 ἐστι

544 1669 763 1722 ταύτόν.
816 1669 874 1721 'U
901 1669 1000 1738 μὲν
1044 1671 1154 1741 γὰρ
1188 1669 1326 1740 ἔχων
1353 1671 1598 1742 χάρισμα
1637 1673 1906 1742 ἰαμάτων,
1943 1672 2134 1743 ἐθεράο

546 1769 678 1828 πεμε
716 1753 874 1822 μόνον
899 1768 912 1780 °
939 1755 967 1805 6
990 1753 1047 1805 δὲ
1078 1755 1428 1824 ἐνεργήματα
1453 1757 1739 1826 δυνάμεων
1769 1756 2131 1824 κεκτημένος,

546 1837 640 1888 καὶ
666 1839 1011 1907 ἐτιμωρεῖτο.
1063 1836 1306 1907 Δύναμις
1345 1839 1453 1910 γάρ
1489 1841 1636 1892 ἐστιν
1665 1840 1724 1893 ού
1771 1839 1832 1892 16
1881 1839 2132 1892 ἰάσασθαι

549 1919 728 1989 μόνον,
765 1919 901 1972 ἀλλά
944 1919 1038 1972 καὶ
1080 1921 1142 1973 τὸ
1190 1921 1437 1983 κολάσαι,
1475 1922 1664 1992 ῶσπερ
1699 1923 1727 1973 6
1766 1921 1974 1983 Παῦλος
2008 1921 2137 1990 ἐπή-

547 2019 742 2072 ρωσεν,
777 2001 963 2072 ὥσπερ
999 2001 1256 2074 όΠέτρος
1288 2004 1516 2057 ἀνεῖλεν.
1567 2007 1771 2071 ’Ἄλλῳ
1795 2003 1862 2055 δέ
1900 2019 2132 2071 προέβη-

543 2085 712 2151 τεῖαι,
769 2083 939 2151 ἄλλῳ
979 2082 1049 2138 δέ
1084 2083 1418 2155 διακρίσεις
1453 2085 1601 2158 [εει]
1638 2085 2013 2154 πνευμάτων.
2067 2085 2133 2138 Τί

545 2169 702 2233 ἐστι,
763 2171 1100 2238 Διακρίσεις
1152 2170 1550 2240 πνευμάτων;
1603 2170 1678 2238 Τὸ
1728 2169 1927 2222 εἰδέναι
1970 2168 2054 2232 τίς
2105 2170 2133 2221 6

545 2253 940 2324 πνευματικὸς,
983 2253 1077 2307 καὶ
1121 2253 1204 2316 τίς
1245 2256 1274 2307 6
1307 2254 1382 2323 μὴ
1411 2253 1809 2323 πνευματικός⁹
1841 2252 1923 2315 τίς
1950 2255 1978 2306 ὁ
2007 2269 2134 2324 προ·

547 2340 746 2406 φήτης,
785 2337 880 2390 καὶ
923 2335 1005 2399 τίς
1039 2338 1066 2389 6
1101 2335 1353 2388 ἀπατεὼν
1382 2355 1396 2367 ⁸
1437 2335 1465 2387 ὃ
1505 2338 1598 2388 καὶ
1647 2335 2131 2388 Θεσσαλονικεῦσιν

546 2417 720 2487 ἔλεγε,
754 2419 1126 2486 Προφητείας
1151 2418 1237 2486 μὴ
1276 2419 1645 2482 ἐξουθενεῖτε
1673 2435 1687 2449 ⁸
1724 2418 1923 2472 πάντα
1948 2417 2016 2470 δὲ
2037 2416 2133 2469 δο-

545 2501 907 2570 κιμάζοντες,
959 2501 1025 2554 τὸ
1065 2502 1259 2555 καλὸν
1291 2503 1592 2569 κατέχετε.
1649 2502 1758 2555 Καὶ
1809 2501 1919 2571 γὰρ
1961 2498 2131 2569 πολλὴ

543 2586 665 2638 τότε
687 2586 795 2638 τῶν
813 2584 1277 2656 ψευδοπροφητῶν
1309 2581 1375 2656 ἦν
1401 2584 1666 2654 διαφθορά
1683 2596 1732 2646 ι,
1762 2584 1856 2635 τοῦ
1884 2581 2130 2634 διαϐόλου

543 2669 980 2737 φιλονεικοῦντος
1015 2671 1433 2738 παρυποστῆσαι
1463 2671 1528 2738 τῇ
1567 2666 1798 2736 ἀληθείᾳ.
1828 2666 1887 2717 τὸ
1915 2663 2128 2732 ψεῦδος.

549 2754 752 2816 Ἀλλφ
807 2752 875 2804 δέ
936 2752 1080 2819 γένη
1144 2749 1460 2828 γλωσσῶν,
1517 2750 1687 2816 ἄλλῳ
1742 2748 1804 2802 δέ
1849 2749 2133 2816 ἑρμηνεία

544 2835 863 2904 γλωσσῶν.
903 2835 959 2886 '0
986 2834 1083 2903 μέν
1110 2833 1218 2905 γὰρ
1240 2834 1354 2904 ᾔδει
1385 2833 1445 2885 16
1468 2834 1519 2886 τί
1542 2833 1727 2901 ἔλεγεν
1747 2831 1928 2896 αὐτὸς,
1963 2832 2131 2902 ἑτέρῳ

544 2919 600 2972 δὲ
629 2918 964 2990 ἑρμηνεῦσαι
985 2919 1083 2969 οὐκ
1107 2917 1338 2988 ἠδύνατο
1358 2935 1370 2946 ·
1397 2919 1425 2971 6
1446 2917 1501 2970 δέ
1531 2917 1623 2971 καὶ
1645 2916 1931 2987 ἀμφότερα
1959 2914 2130 2968 ταῦτα

544 3003 826 3071 ἐκέκτητο,
858 3002 889 3071 ἢ
923 3001 1125 3054 τούτων
1151 3001 1395 3071 θάτερον.

617 3084 678 3138 δ’.
718 3084 924 3137 Ἐδόκει
950 3084 1005 3135 δέ
1023 3083 1179 3134 τοῦτο
1209 3084 1454 3152 χάρισμα
1485 3082 1628 3149 μέγα
1644 3077 1804 3146 εἶναι,
1826 3080 2013 3149 ἐπειδὴ
2038 3080 2131 3132 καὶ

546 3168 763 3238 πρῶτον
791 3166 924 3218 αὐτὸ
963 3165 1156 3218 ἔλαϐον
1181 3168 1229 3218 οί
1276 3165 1582 3229 ἀπόστολοι,
1626 3167 1717 3217 καὶ
1753 3166 1905 3233 παρά
1936 3165 2131 3233 Κοριν-

545 3252 680 3315 θίοις
709 3255 756 3304 οἱ
791 3249 1006 3312 πλείους
1041 3249 1198 3302 τοῦτο
1231 3249 1555 3316 ἐκέκτηντοο
1599 3251 1626 3301 ὀ
1663 3249 1717 3300 δέ
1743 3249 1842 3317 τῆς
1871 3247 2129 3300 διδασκα-

543 3336 663 3400 λίας
693 3335 846 3401 λόγος
867 3335 963 3402 οὐχ
993 3333 1155 3387 οῦτω.
1191 3332 1277 3384 Διὸ
1312 3334 1488 3384 ἐκεῖνο
1519 3333 1614 3400 μὲν
1641 3331 1856 3400 πρῶτον
1893 3330 2126 3399 τίθησιν,

546 3417 773 3488 ὕστερον
804 3417 860 3469 δέ
894 3418 1069 3469 τοῦτο.
1111 3416 1220 3468 Καὶ
1256 3416 1364 3484 γὰρ
1398 3415 1492 3468 καὶ
1520 3414 1676 3468 τοῦτο
1696 3414 1763 3467 δι’
1795 3416 1990 3476 ἐκεῖνο,
2036 3414 2128 3465 καὶ

543 3504 612 3555 τὰ
634 3503 766 3555 ἀλλα
805 3500 1004 3558 πάντα,
1035 3500 1130 3551 καὶ
1163 3501 1486 3568 προφητεῖαι
1520 3498 1613 3551 καὶ
1643 3497 1994 3566 ἐνεργήματα
2038 3495 2127 3546 δυ-

544 3589 763 3657 νάμεων
788 3587 882 3639 καὶ
903 3585 1035 3653 γένη
1080 3580 1340 3650 γλωσσῶν
1386 3583 1480 3634 καὶ
1525 3581 1793 3650 ἑρμηνεία
1829 3578 2089 3647 γλωσσῶν
2113 3595 2125 3610 ο

544 3672 696 3724 οὐδὲν
727 3670 834 3738 γάρ
887 3668 1078 3720 τούτου
1123 3667 1270 3718 τσονο
1319 3665 1399 3717 διὸ
1436 3666 1530 3717 καὶ
1567 3665 1772 3732 ἔλεγεν,
1824 3665 1886 3715 Οί
1931 3661 2130 3727 καλῶς

547 3753 917 3821 προεστῶτες
974 3750 1382 3817 πρεσϐύτεροι,
1446 3744 1664 3812 διπλῆς
1723 3745 1894 3813 τιμῆς
1929 3746 2129 3808 ἀξιού-

545 3841 815 3900 σθωσαν,
844 3832 1113 3902 μάλιστα
1151 3835 1205 3886 ot
1240 3829 1569 3894 κοπιῶντες
1613 3830 1682 3880 ἑν
1721 3831 1880 3896 λόγῳ
1911 3830 2008 3881 καὶ
2044 3829 2128 3880 δι-

545 3919 868 3983 δασκαλίᾳ.
889 3917 995 3970 Καὶ
1016 3916 1093 3985 τῷ
1117 3915 1368 3983 Τιμοθέῳ
1397 3913 1686 3965 ἐπέστελλε
1715 3911 1906 3977 λέγων·
1937 3912 2130 3979 Πρόσ-

545 4019 646 4071 εχε
662 4000 732 4068 τῇ
746 3998 1100 4066 ἀναγνώσει,
1120 3994 1193 4063 τῇ
1213 3995 1611 4064 παρακλήσει,
1635 3994 1706 4061 τῇ
1727 3994 2092 4060 διδασκαλίᾳ
2112 4011 2124 4023 ⁸

540 4088 626 4154 μὴ
656 4083 866 4151 ἀμέλει
897 4082 1002 4133 τοῦ
1025 4081 1094 4131 ἐν
1132 4080 1227 4132 σοί
1260 4082 1646 4148 χαρίσματος.
1698 4079 1858 4148 Ὁρᾷς
1892 4078 2008 4140 πῶς
2036 4078 2128 4130 καὶ

545 4170 790 4238 χάρισμα
823 4163 955 4217 αὐτὸ
978 4162 1165 4225 καλεῖς
1202 4159 1332 4214 Εἶτα
1370 4163 1437 4232 ἢν
1471 4164 1728 4232 ἀνωτέρω
1767 4162 1976 4213 τέθεικε
2022 4179 2128 4214 πα-

549 4252 821 4321 ραμυθίαν
857 4248 1047 4312 εἰπὼν,
1098 4248 1164 4300 Τὸ
1205 4249 1350 4300 αὐτὸ
1387 4249 1645 4316 Πνεῦμα,
1676 4248 1879 4314 ταύτην
1912 4248 2005 4300 καὶ
2038 4249 2125 4299 ἐν-

545 4334 719 4386 ταῦθα
761 4335 942 4402 τίθησι
989 4331 1192 4398 λέγων·
1242 4330 1444 4383 Πάντα
1477 4330 1544 4382 δὲ
1577 4325 1761 4382 ταῦτα
1800 4330 2029 4397 ἐνεργεῖ
2061 4329 2128 4381 ἓν

547 4419 644 4469 καὶ
708 4418 770 4468 τὸ
829 4417 973 4470 αὐτὸ
1028 4416 1300 4484 Πνεῦμα,
1356 4413 1627 4480 διαιροῦν
1680 4414 1797 4479 ἰδίᾳ
1864 4414 2124 4479 ἑκάστῳ,

547 4502 738 4566 καθὼς
773 4502 1076 4565 βούλεται.
1319 4553 1324 4560 _

617 4588 691 4640 Οὐ
725 4584 1129 4654 παραμυθεῖται
1169 4586 1224 4636 δὲ
1266 4585 1446 4652 μόνον,
1478 4583 1616 4636 άλλά
1648 4583 1739 4634 καὶ
1786 4580 2128 4649 ἐπιστομίζει

542 4672 633 4724 τὸν
663 4670 1008 4746 ἀντιλέγοντα
1040 4667 1269 4719 ἐνταῦθα
1301 4668 1494 4736 λέγων,
1527 4667 1801 4735 Διαιροῦν
1836 4665 1956 4731 ιδίςι
1994 4663 2129 4716 ἐκά-

543 4773 688 4820 στῳ,
731 4755 922 4816 καθὼς
942 4750 1251 4814 βούλεται.
1281 4752 1368 4802 Δεῖ
1398 4752 1506 4822 γὰρ
1537 4753 1630 4806 καὶ
1663 4750 2000 4818 ἐπιστύφειν,
2034 4747 2127 4799 ού-

545 4840 600 4908 χὶ
635 4838 958 4908 θεραπεύειν
1002 4835 1183 4905 μόνον,
1233 4832 1421 4903 ῶσπερ
1472 4836 1566 4887 καὶ
1605 4837 1663 4887 ἐν
1697 4839 1761 4904 τῇ
1804 4835 1940 4904 πρὸς
1995 4831 2128 4886 Ῥωο

549 4922 738 4990 μαίους
767 4922 928 4988 ποιεῖ,
954 4921 1083 4972 ὅταν
1116 4919 1250 4991 λέγῃ
1276 4935 1289 4949 ·
1331 4916 1413 4970 Σὺ
1445 4919 1532 4983 τίς
1566 4913 1637 4981 εἷ,
1683 4921 1715 4969 ὀ
1773 4919 2127 4984 ἀνταποκρι-

545 5029 798 5080 νομενος
836 5011 914 5074 τῷ
940 5011 1096 5074 Θεῷ;
1135 5010 1294 5064 Οῦτω
1315 5009 1407 5063 καὶ
1431 5008 1681 5071 ἐνταῦθα,
1709 5009 1984 5076 Διαιροῦν
2005 5007 2125 5074 ιδίςι

543 5095 799 5160 ἑκάστῳ,
851 5093 1042 5156 καθὼς
1076 5095 1385 5156 βούλεται.
1435 5092 1541 5144 Καὶ
1588 5091 1616 5143 6
1652 5091 1744 5143 τοῦ
1784 5092 1995 5161 Πατρὸς
2033 5090 2120 5163 ἦν,

542 5179 700 5230 τοῦτο
733 5177 824 5228 καὶ
850 5174 941 5226 τοῦ
968 5176 1278 5248 Πνεύματος
1303 5176 1500 5240 ἔδειξεν
1524 5176 1602 5228 δν.
1632 5176 1801 5228 Ὤσπε
1811 5193 1840 5245 ρ
1863 5176 1969 5246 γὰρ
1996 5179 2124 5248 περὶ

545 5260 710 5314 αὐτοῦ
738 5274 921 5329 φησιν,
960 5258 1021 5308 '0
1051 5257 1118 5310 δὲ
1142 5259 1322 5324 αὐτὸς
1342 5260 1484 5324 Θεὸς
1510 5264 1540 5312 ὀ
1564 5260 1822 5328 ἐνεργῶν
1836 5264 1908 5315 τὰ
1929 5262 2125 5314 πάντα

545 5348 614 5395 ἐν
660 5336 878 5406 πᾶσιν,
923 5341 1064 5395 οῦτω
1105 5343 1200 5393 καὶ
1236 5342 1362 5410 περὶ
1405 5341 1498 5393 τοῦ
1538 5344 1888 5412 Πνεῦματος⁹
1922 5343 2123 5399 Πάντα

547 5426 614 5477 δὲ
671 5426 853 5478 ταῦτα
933 5423 1167 5494 ἐνεργεῖ
1237 5423 1306 5476 ἐν
1378 5422 1474 5473 καὶ
1533 5423 1597 5474 τὸ
1661 5427 1803 5477 αὐτὸ
1861 5428 2118 5496 Πνεῦμα.

557 5508 692 5560 Ἀλλ’
724 5508 1137 5578 ἐνεργούμενον,
1173 5507 1357 5576 φησὶν,
1400 5505 1504 5556 {.116
1537 5505 1628 5557 τοῦ
1654 5506 1806 5560 Θεοῦ.
1852 5511 1990 5561 Ἀλλ’
2031 5511 2118 5562 ούο

609 5761 634 5789 ⁸
657 5758 726 5809 lla
753 5763 870 5826 Κείς.
909 5763 1038 5813 Edlti
1062 5776 1197 5818 vero.
1225 5764 1438 5828 διαφορά.

3707 312 3816 368 266

2237 424 2412 496 δαμοῦ
2435 425 2591 479 τοῦτο
2616 427 2859 497 εἴρηκεν,
2899 427 3044 488 ἀλλά
3060 430 3131 483 σὺ
3159 424 3315 480 τοῦτο
3345 423 3620 487 πλάττεις.
3652 425 3822 478 Ὅταν

2235 508 2343 580 γὰρ
2363 509 2522 580 λέγῃ,
2569 509 2636 562 '0
2664 509 2926 579 ἐνεργῶν
2949 512 3022 566 τὰ
3043 509 3241 565 πάντα
3269 510 3338 563 ἐν
3365 506 3538 571 πᾶσι,
3571 515 3700 574 περὶ
3726 507 3826 559 ἀμ

2236 590 2471 662 θρώπων
2499 590 2660 646 τοῦτο
2697 591 2876 662 λέγει·
2919 594 2979 646 οὐ
3029 594 3202 665 δήπου
3227 593 3256 634 ι)
3299 592 3435 663 μετά
3471 590 3580 644 τῶν
3608 586 3821 658 ἀνθρώ-

2235 691 2354 728 πων
2381 674 2474 728 καὶ
2501 675 2562 728 16
2592 674 2816 744 Πνεῦμα
2838 675 3086 746 ἀριθμεῖ,
3118 676 3223 729 κᾶν
3260 690 3517 746 μυριακις
3542 668 3611 746 ᾗς
3643 687 3825 738 παρα-

2236 757 2434 823 παίων,
2460 759 2566 812 κῖιν
2599 759 2858 830 μυριάκις
2898 760 3241 830 μαινόμενος.
3299 757 3515 826 Ἐπειδὴ
3542 756 3652 824 γάρ
3676 751 3819 818 εἷπε,

2233 839 2336 893 Διά
2373 841 2482 895 τοῦ
2521 843 2894 912 Πνεύματος,
2936 843 3023 896 ῖνα
3055 842 3118 895 16
3159 839 3258 894 διὰ
3289 838 3449 893 τοῦτο
3489 839 3563 909 μὴ
3592 837 3823 908 νομίσῃς

2233 921 2586 986 ἐλαττώσεως
2620 922 2756 977 εἶναι
2790 925 2925 994 μηδὲ
2972 925 3067 978 τοῦ
3101 923 3479 994 ἐνεργεῖσθαι,
3514 922 3821 990 ἐπήγαγεν,

2231 1005 2314 1058 ὅτι
2354 1006 2702 1076 Ἐνεργεῖιὸ
2729 1007 2992 1074 Πνεῦμα,
3017 1007 3115 1060 οὐκ
3141 1009 3465 1077 ἐνεργεῖται,
3489 1005 3583 1058 καλ⁸
3608 1003 3826 1072 ἐνεργεῖ

2232 1087 2307 1150 ὡς
2340 1088 2612 1158 βούλεται,
2639 1091 2700 1143 οὑ
2732 1089 2915 1152 καθὼς
2948 1090 3253 1143 κελεύεται.
3295 1088 3561 1158 Καθάπερ
3588 1088 3697 1155 γὰρ
3724 1100 3825 1137 περ

2235 1173 2291 1242 ρὶ
2319 1173 2414 1227 τοῦ
2445 1175 2654 1242 Πατρὸς
2702 1177 2731 1228 6
2756 1173 2884 1236 Υἱὸς
2917 1173 3087 1242 λέγει,
3118 1175 3203 1227 ὃτι
3263 1172 3506 1241 Ἐγείρει
3538 1169 3680 1234 τοὺς
3721 1184 3825 1222 νε-

2233 1255 2417 1321 κροὺς
2450 1257 2547 1309 καί
2589 1255 2872 1318 ζωοποιεῖ,
2919 1257 3123 1325 ὁμοίως
3157 1255 3252 1308 καὶ
3301 1255 3430 1324 περὶ
3476 1250 3692 1314 ἐαυτοῦ,
3740 1252 3824 1305 ὅτι

2235 1336 2355 1401 Οὓς
2385 1337 2543 1391 θέλει
2577 1337 2871 1398 ζωοποιεῖο
2903 1337 3046 1390 οῦτω
3069 1339 3160 1391 καὶ
3193 1336 3322 1407 περὶ
3354 1336 3447 1389 τοῦ
3477 1334 3820 1403 Πνεύματος,

2232 1418 2469 1488 ἀλλαχοῦ
2510 1421 2610 1488 μὲν
2637 1422 2716 1473 ὅτι
2761 1423 2878 1490 μετ’
2911 1420 3160 1485 ἐξουσίας
3202 1421 3382 1473 πάντα
3423 1420 3584 1478 ποιεῖ,
3637 1417 3731 1470 καὶ
3762 1415 3825 1468 16

2234 1503 2442 1555 κωλῦον
2473 1503 2626 1556 οὐδέν
2667 1505 2748 1570 (16
2771 1504 2900 1575 γάρ,
2936 1505 3121 1557 Ὅπου
3151 1505 3312 1557 θέλει
3339 1501 3494 1564 πνεῖ,
3523 1503 3571 1554 εἰ
3599 1499 3692 1553 καὶ
3722 1515 3823 1550 πε-

2235 1585 2290 1655 ρί
2309 1585 2403 1638 τοῦ
2417 1586 2618 1655 ἀνέμου
2646 1588 2884 1660 εἴρηται,
2906 1587 3098 1640 τούτου
3124 1588 3239 1639 ἐστὶ
3261 1581 3789 1649 κατασκευαστικὰν)
3806 1598 3820 1611 ’

2232 1667 2466 1720 ἐνταῦθα
2494 1669 2571 1731 δὲ,
2602 1671 2682 1722 ὅτι
2709 1670 2907 1725 Πάντα
2939 1670 3090 1744 [265]
3120 1669 3355 1740 ἐνεργεῖ
3383 1669 3574 1734 καθὼς
3597 1667 3824 1731 βούλε-

2231 1767 2346 1804 ται.
2401 1753 2510 1803 Καὶ
2559 1753 2825 1821 ἑτέρωθεν
2866 1755 2923 1808 δὲ
2969 1757 3052 1808 ὅτι
3094 1755 3216 1824 οὐχὶ
3269 1753 3374 1806 τῶν
3410 1749 3824 1824 ἐνεργουμένων

2231 1834 2402 1899 ἐστὶν,
2465 1835 2600 1888 άλλά
2647 1837 2754 1888 τῶν
2801 1839 3187 1906 ἐνεργούντων,
3256 1834 3513 1904 μάνθανε.
3570 1835 3664 1895 Τίς
3709 1832 3826 1899 γὰρ

2231 1911 2377 1978 οἶδε,
2430 1919 2585 1986 φησὶ,
2632 1917 2702 1971 τὰ
2737 1919 2844 1972 τοῦ
2873 1921 3217 1987 ἀνθρώπου,
3267 1920 3318 1970 εί
3364 1916 3443 1981 μὴ
3478 1917 3544 1968 τὸ
3584 1912 3825 1979 πνεῦμα

2232 1998 2338 2051 τοῦ
2365 1999 2716 2067 ἀνθρώπους
2743 2003 2910 2056 Οὕτω
2945 2003 3043 2056 καί
3076 2002 3147 2055 τὰ
3184 2001 3290 2054 τοῦ
3317 1999 3466 2052 Θεοῦ
3499 1994 3700 2058 οὐδεὶς
3733 1992 3818 2046 οἷς·

2230 2079 2356 2148 δεν,
2387 2085 2437 2134 εἰ
2461 2083 2547 2152 μὴ
2571 2085 2637 2136 τὸ
2664 2086 2908 2154 Πνεῦμα
2943 2085 3047 2140 τοῦ
3076 2084 3245 2138 Θεοῦ.
3278 2084 3401 2134 Ὅτι
3427 2080 3484 2133 δέ
3514 2079 3574 2131 16
3599 2078 3824 2147 πνεῦμα

2228 2163 2324 2217 τοῦ
2369 2167 2687 2240 ἀνθρώπου,
2719 2170 3019 2236 τουτέστιν,
3063 2170 3095 2237 ή
3131 2168 3300 2236 ψυχὴ,
3340 2167 3400 2218 οῦ
3443 2165 3615 2216 δεῖται
3661 2164 3821 2229 ἐνερ-

2229 2249 2404 2317 γείας.
2441 2251 2529 2305 ἴνα
2558 2255 2671 2324 είδῇ
2700 2254 2768 2307 τά
2799 2255 3020 2324 ἑαυτῆς,
3059 2251 3220 2306 παντί
3251 2267 3352 2303 που
3383 2247 3545 2317 δῆλον
3572 2265 3583 2276 ·
3620 2243 3824 2297 οὐκοῦν

2229 2340 2349 2391 οὐδὲ
2373 2340 2432 2392 16
2455 2342 2676 2411 Πνεῦμα
2699 2344 2758 2396 16
2793 2344 2968 2410 ἀγιον,
3001 2345 3087 2394 ἴνα
3116 2343 3228 2409 εἰδῇ
3259 2340 3325 2392 τά
3352 2337 3448 2391 τοῦ
3475 2335 3633 2389 Θεοῦ.
3661 2333 3824 2386 Οῦτω

2230 2422 2338 2490 γάρ
2375 2439 2542 2492 φησι·
2580 2426 2660 2477 Τὰ
2687 2426 2780 2478 τοῦ
2821 2426 2956 2478 Θεοῦ
2988 2422 3124 2477 οἶδεν
3169 2423 3456 2493 ἀπόρρητα
3501 2417 3563 2470 16
3593 2417 3823 2485 Πνεῦμα

2228 2504 2289 2556 16
2319 2504 2494 2573 ἅγιον,
2525 2504 2601 2569 ὡς
2634 2509 2665 2576 ή
2706 2507 2852 2579 ψυχὴ
2884 2507 2977 2560 τοῦ
3021 2506 3310 2577 ἀνθρώπου
3341 2503 3409 2555 τὰ
3439 2502 3730 2572 ἀπόρρητα
3753 2499 3823 2550 τὰ

2231 2589 2450 2658 ἑαυτῆς.
2484 2591 2545 2642 Εἰ
2573 2590 2627 2642 δὲ
2659 2593 2737 2654 είς
2775 2591 2932 2644 τοῦτο
2964 2593 3064 2644 οὐκ
3101 2591 3426 2659 ἐνεργεῖται,
3466 2585 3646 2651 πολλῷ
3686 2581 3822 2652 μᾶλ-

2228 2671 2316 2725 λον
2341 2671 2402 2724 τὸ
2431 2673 2797 2743 ἐπιστάμενον
2822 2675 2917 2727 τοῦ
2958 2675 3091 2726 Θεοῦ
3124 2673 3194 2725 τά
3223 2671 3386 2740 βάθη,
3428 2669 3522 2722 καὶ
3546 2670 3644 2720 οὐκ
3674 2670 3821 2736 Enp-

2228 2755 2497 2825 γούμενον
2539 2760 2618 2819 είς
2648 2757 2707 2809 16
2745 2757 2928 2809 δοῦναι
2969 2758 3286 2827 χαρίσματα
3331 2756 3440 2815 τοῖς
3473 2750 3820 2812 ἀποστόλοις,

2229 2843 2510 2913 ἐνεργείας
2539 2844 2640 2896 οῦκ
2679 2843 2744 2896 ἂν
2780 2844 2995 2914 ἐδεήθη.
3033 2844 3217 2912 Χωρὶς
3245 2842 3301 2892 δὲ
3332 2838 3537 2892 τούτων
3569 2838 3818 2898 κάκεῖνο,

2228 2925 2366 2997 ὅπερ
2394 2925 2705 2994 ἔμπροσθεν
2733 2923 2906 2988 εἷπον,
2939 2926 3047 2995 ἐρῶ
3074 2927 3165 2976 καὶ
3193 2922 3310 2977 νῦν.
3343 2924 3501 2976 Ποῖον
3522 2921 3587 2990 δή
3621 2917 3819 2983 τοῦτος

2231 3009 2352 3060 Ὅτι
2384 3011 2431 3060 εἰ
2463 3008 2682 3060 ἔλαττον
2715 3009 2775 3060 16
2809 3007 3031 3078 Πνεῦμα
3068 3007 3160 3061 καὶ
3190 3007 3383 3077 ἐτέρας
3423 3004 3631 3067 οὐσίας,
3658 3001 3823 3056 οὐδὲν

2228 3093 2293 3145 ἀν
2333 3093 2543 3162 ὤνησεν
2582 3095 2613 3161 ή
2650 3091 2997 3162 παραμυθία,
3039 3092 3158 3144 ούδέ
3198 3091 3257 3143 16
3301 3088 3533 3143 ἀκοῦσαι
3575 3088 3635 3140 τὸ
3680 3085 3823 3140 αὐτὸ

2232 3177 2474 3247 Πνεῦμα.
2525 3177 2582 3230 Ὀ
2613 3176 2711 3243 μὲν
2739 3176 2846 3246 γὰρ
2879 3177 3028 3247 παρά
3058 3175 3151 3228 τοῦ
3197 3174 3463 3244 βασιλέως
3510 3171 3692 3224 λαϐὼν
3724 3188 3823 3240 με·

2228 3260 2421 3329 γίστην
2449 3259 2513 3312 ἂν
2539 3259 2744 3329 ταύτην
2774 3261 2924 3330 σχοίη
2957 3259 3333 3330 παραμυθίαν,
3367 3259 3449 3310 ὅτι
3478 3255 3644 3316 αὐτὸς
3666 3253 3822 3325 αὐτῷ

2229 3343 2429 3397 ἔδωκεν
2461 3360 2471 3372 ·
2501 3346 2528 3394 ό
2570 3343 2627 3394 δὲ
2667 3341 2816 3411 παρά
2860 3343 2952 3395 τοῦ
2984 3343 3194 3406 δούλου,
3244 3342 3364 3394 τότε
3407 3339 3608 3410 μᾶλλον
3636 3338 3819 3405 ἀλγεῖ,

2229 3427 2354 3478 ὅταν
2401 3425 2557 3479 τοῦτό
2601 3443 2683 3487 τις
2728 3425 2873 3495 αὐτῷ
2918 3427 3294 3498 προσενέγκῃο
3344 3424 3483 3477 ὥστε
3520 3421 3822 3477 κάντεῦθεν

2227 3509 2406 3578 δῆλον,
2427 3511 2504 3560 ὅτι
2536 3509 2594 3560 οῦ
2622 3509 2719 3577 τῆς
2741 3509 3009 3579 δουλικῆς,
3038 3509 3171 3562 ἀλλά
3193 3510 3292 3578 τῆς
3315 3506 3602 3577 βασιλικῆς
3628 3505 3821 3567 οὐσίας

2228 3595 2287 3646 16
2317 3594 2541 3661 Πνεῦμα
2571 3592 2630 3644 16
2658 3592 2828 3661 ἅγιον.
2865 3595 3062 3664 Διόπερ
3096 3593 3347 3664 καθάπερ
3383 3588 3820 3660 παρεμυθήσατο

2228 3679 2427 3740 αὐτοὺς
2480 3675 2668 3736 είπὼν,
2716 3679 2795 3729 ὅτι
2835 3676 3163 3744 Διαιρέσεις
3201 3674 3520 3730 διακονιῶν
3551 3676 3734 3736 εἰσιν,
3785 3674 3819 3724 ό

2227 3760 2295 3812 δὲ
2322 3759 2503 3826 αὐτὸς
2553 3763 2798 3829 Κύριος·
2830 3762 2926 3814 καὶ
2960 3761 3281 3829 διαιρέσεις
3309 3756 3747 3826 ἐνεργημάτων,
3784 3757 3819 3808 ό

2230 3844 2296 3896 δὲ
2330 3845 2511 3910 αὐτὸς
2541 3847 2716 3910 Θεός·
2762 3844 2905 3897 οὕτω
2936 3847 3031 3897 καὶ
3077 3843 3336 3912 ἀνωτέρω
3367 3841 3556 3900 εἰπὼν,
3595 3840 3819 3908 Διαιρέο

2229 3943 2361 3992 σεις
2399 3929 2783 3996 χαρισμάτων
2825 3927 2965 3990 εἰσί,
3012 3929 3077 3980 τὸ
3114 3925 3180 3979 δὲ
3225 3925 3370 3979 αὐτὸ
3404 3923 3645 3992 Πνεῦμα
3673 3939 3686 3952 ·
3721 3921 3819 3973 καὶ

2233 4011 2373 4080 μετά
2396 4010 2569 4063 ταῦτα
2606 4011 2763 4063 πάλιν
2792 4009 2981 4073 εἰπὼν,
3020 4008 3222 4062 Πάντα
3254 4007 3321 4059 δὲ
3353 4006 3539 4061 ταῦτα
3586 4002 3824 4073 ἐνεργεῖ

2229 4095 2297 4146 ἓν
2336 4094 2432 4145 καὶ
2487 4093 2549 4143 τὸ
2593 4093 2737 4145 αὐτὸ
2803 4092 3062 4160 Πνεῦμα,
3112 4089 3384 4158 διαιροῦν
3419 4089 3537 4156 ἰδίᾳ
3576 4089 3820 4151 ἑκάστῳ

2229 4177 2741 4242 καθὼς-βούλεται.
2761 4176 2849 4245 Μὴ
2883 4175 3055 4227 τοίνυν
3072 4174 3347 4244 ἀλύωμεν,
3366 4174 3520 4241 φησὶ,
3554 4171 3689 4243 μηδὲ
3715 4169 3815 4223 61-

2229 4261 2416 4330 γῶμεν
2445 4259 2718 4323 λέγοντες,
2747 4259 2844 4310 Διά
2877 4259 2927 4310 τί
2967 4259 3025 4310 τὸ
3051 4257 3239 4311 ἔλαϐον
3261 4259 3353 4310 καὶ
3380 4259 3435 4308 16
3460 4257 3557 4308 οῦκ
3590 4255 3810 4312 ἐλανονς

2233 4346 2368 4415 μηδὲ
2404 4344 2635 4406 εὐθύνας
2667 4343 2988 4412 ἀπαιτῶμεν
3037 4344 3097 4395 16
3143 4341 3368 4409 Πνεῦμα
3413 4341 3476 4395 16
3517 4342 3666 4406 ἅγια.
3807 4343 3809 4384 ἶ

2229 4430 2336 4498 γὰρ
2369 4424 2513 4490 οἶδας
2556 4430 2636 4480 ὅτι
2677 4429 2783 4480 ἀπὸ
2821 4428 3149 4495 κηδεμονίας
3189 4429 3343 4495 ἐχαρ.
3407 4443 3505 4489 ··ὀ,
3550 4423 3814 4490 ἐννοήσας

2229 4512 2311 4564 ὅτι
2333 4510 2439 4561 ἀπὸ
2475 4509 2573 4576 τῆς
2603 4510 2770 4576 αὐτῆς
2813 4511 3138 4576 κηδεμονίας
3169 4510 3262 4561 καὶ
3292 4510 3352 4562 τὸ
3382 4510 3579 4576 μέτρον

2232 4591 2546 4664 στέργεσκαλ.
2577 4593 2728 4659 χαῖρε
2757 4591 2895 4657 ὑπὲρ
2918 4585 2991 4644 ὧν
3019 4591 3236 4651 ἔλαϐες
3265 4590 3358 4642 καὶ
3388 4589 3463 4658 μὴ
3487 4589 3812 4658 δυσχέραινε

2232 4675 2373 4744 ὑπὲρ
2394 4667 2466 4726 ὧν
2492 4673 2591 4725 οὐκ
2630 4675 2878 4742 εἴληφας,
2911 4673 3044 4725 ἀλλά
3084 4673 3177 4724 καὶ
3221 4672 3471 4740 ὁμολόγει
3503 4671 3685 4741 χάριν,
3727 4674 3811 4724 ὅτι

2234 4760 2307 4828 μὴ
2341 4757 2566 4827 μείζονα
2595 4757 2785 4819 ἔλαϐες
2822 4756 2923 4825 τῆς
2955 4757 3236 4824 δυνάμεως
3263 4757 3360 4824 τῆς
3401 4756 3519 4824 σῆς.

2299 4839 2360 4893 ε’.
2381 4841 2442 4894 El
2455 4841 2509 4893 δὲ
2523 4842 2579 4893 ἐν
2606 4845 2716 4903 τοῖς
2731 4843 3118 4908 πνευματικοῖς
3130 4840 3188 4891 ού
3203 4841 3307 4910 χρὴ
3325 4838 3806 4910 περιεργάζεσθαι,

2230 4921 2409 4993 πολλῷ
2438 4924 2635 4994 μᾶλλον
2667 4926 2726 4979 ἐν
2749 4926 2858 4985 τοῖς
2885 4926 3188 4991 σαρκικοῖς,
3215 4924 3330 4976 ἀλλ’
3363 4924 3684 4993 ἡσυχάζειν,
3712 4923 3810 4975 καὶ

2231 5009 2306 5081 μὴ
2334 5009 2867 5078 πολυπραγμονεῖνε,
2901 5006 2987 5060 διὰ
3018 5006 3068 5058 τί
3092 5009 3118 5060 ό
3141 5007 3288 5061 δεῖνα
3319 5007 3590 5071 πλούσιος,
3615 5006 3810 5060 ὁδεῖνα

2226 5096 2281 5149 δὲ
2313 5095 2501 5165 πένης.
2553 5093 2804 5146 Μάλιστα
2846 5092 2943 5160 μὲν
2974 5091 3082 5160 γάρ
3119 5093 3215 5162 οὐχ
3266 5092 3496 5155 ἕκαστος
3529 5091 3638 5144 ἀπὸ
3665 5088 3805 5142 Θεοῦ

2227 5180 2466 5244 πλουτεῖ,
2496 5177 2628 5232 ἀλλά
2667 5175 2848 5230 πολλοὶ
2873 5176 2967 5227 καὶ
2988 5175 3048 5239 ἐξ
3066 5176 3278 5240 ἀδικίας
3300 5177 3396 5232 καὶ
3421 5177 3679 5246 ἁρπαγῆς
3713 5175 3807 5225 καὶ

2228 5262 2558 5326 πλεονεξίας.
2619 5263 2676 5313 Ὀ
2720 5261 2829 5330 γὰρ
2858 5257 3121 5322 κελεύσας
3151 5259 3225 5331 μὴ
3262 5259 3531 5322 πλουτεῖν,
3580 5257 3695 5319 πῶς
3738 5254 3807 5306 ἂν

2226 5348 2425 5402 ἔδωκεν
2454 5349 2590 5418 ὅπερ
2617 5344 2862 5398 ἐκώλυσε
2895 5341 2968 5413 μὴ
2993 5342 3210 5407 λαόεῖνς
3248 5344 3364 5396 Ἰνα
3385 5341 3440 5395 δέ
3465 5343 3528 5394 ἐκ
3560 5339 3808 5398 πλείονος

2225 5430 2564 5499 ὲπιστομίσω
2596 5428 2696 5497 τῆς
2727 5426 3039 5497 περιουσίας
3078 5427 3205 5489 τοὺς
3244 5426 3383 5496 ὑπὲρ
3416 5424 3624 5478 τούτων
3657 5421 3809 5471 ἀντι-

2288 5686 2315 5722 ι›
2344 5681 2627 5744 ιεςεοαωτ,
2653 5682 2874 5732 οὐδέπου.
2946 5691 2967 5721 ο
2995 5681 3144 5744 Reg”
3174 5679 3256 5727 καὶ
3280 5677 3343 5738 μὴ
3372 5670 3806 5733 πολυπραγμονεῖν,

2234 5761 2382 5821 Εὰὶιὶ,
2403 5765 2484 5809 καὶ
2510 5765 2574 5822 μὴ
2593 5763 2766 5812 ἀλύειν.
