4022 6214
272 476 377 534 εις

276 591 342 648 Et
364 592 612 661 superius
633 589 847 661 quidem
872 587 1151 660 Spiritum,
1181 587 1370 642 Filium
1399 597 1452 639 et
1477 585 1690 639 Patrem
1716 591 1856 637 0098

272 684 484 753 elargiri
514 682 750 738 ostendit
777 700 792 736 :
823 681 910 737 hie
944 695 1072 736 vero
1100 679 1356 749 Spiritum
1383 676 1584 731 dixisse
1605 674 1737 729 satis
1763 673 1857 727 ha-

274 774 387 829 buit
406 816 422 841 ,
455 784 514 829 ut
545 774 669 829 hinc
696 774 855 832 etiam
884 773 1060 828 discas
1086 769 1331 827 eamdem
1359 782 1482 824 esse
1518 766 1854 837 dignitatem.

273 867 408 935 Quid
432 874 517 922 est
539 878 719 922 autem
746 866 930 923 Sermo
951 866 1216 937 sapientite
1227 850 1261 916 1
1277 862 1447 930 Quem
1472 861 1699 915 habebat
1720 859 1858 914 Pau-

272 959 375 1019 lus.
397 975 557 1029 quem
585 960 811 1015 habebat
829 958 1059 1014 Joannes
1083 956 1221 1011 filius
1242 954 1478 1009 tonitrui.
1510 952 1646 1019 Quid
1668 951 1850 1006 Sermo

270 1051 529 1107 scientiae?
554 1052 722 1121 Quem
768 1052 999 1107 ildelium
1042 1050 1193 1103 multi
1234 1046 1544 1129 habebant,
1570 1043 1848 1100 scientiam

270 1146 487 1213 quidem
516 1145 796 1212 habentes,
824 1145 1022 1200 docere
1048 1150 1222 1196 autem
1254 1134 1361 1196 bon
1390 1139 1650 1198 valentes,
1682 1148 1854 1205 neque

271 1236 429 1291 facile
447 1250 511 1299 ea
535 1250 654 1307 quae
678 1236 920 1292 sciebant
943 1233 1062 1289 aliis
1083 1235 1383 1288 enuntiare.
1408 1231 1510 1285 Alii
1533 1245 1645 1283 vero
1667 1227 1852 1297 fidem;

271 1324 429 1381 iidem
463 1340 569 1381 non
614 1326 754 1382 hanc
789 1326 1008 1391 dicens,
1037 1339 1157 1392 quae
1184 1323 1436 1394 dogmata
1474 1328 1718 1391 Spectat,
1756 1317 1851 1372 sed

268 1417 428 1473 ﬁdem
455 1417 728 1489 signorum
749 1460 764 1483 ,
792 1417 860 1472 de
885 1432 989 1485 qua
1014 1415 1260 1471 Christus
1287 1414 1416 1469 dicit
1445 1435 1459 1471 :
1491 1412 1553 1468 Si
1579 1409 1852 1464 habueritis

266 1511 421 1579 [idem
461 1522 515 1565 ut
552 1527 768 1583 granum
806 1510 999 1571 sinapis
1023 1550 1038 1573 ,
1077 1506 1251 1562 dicetis
1288 1506 1405 1559 huic
1442 1508 1632 1568 monti,
1668 1500 1853 1556 Transi

266 1602 384 1657 hinc
407 1645 424 1669 ,
453 1602 757 1657 et-transibit
796 1600 815 1673 (
842 1600 1028 1655 Matth.
1059 1597 1245 1654 17.19
1344 1596 1410 1651 Et
1439 1595 1577 1649 hanc
1602 1593 1853 1661 pctébant

264 1696 493 1766 apostoli
537 1694 819 1748 dicentes:
851 1690 998 1745 Adde
1043 1687 1186 1744 nobis
1230 1686 1383 1757 [idem
1411 1684 1580 1754 (Luc.
1618 1684 1704 1737 i7.
1746 1682 1781 1736 5
1806 1683 1846 1751 ).

262 1785 392 1841 Hec
436 1786 577 1840 enim
624 1793 795 1838 mater
837 1782 1110 1852 signorum
1151 1788 1252 1835 est.
1295 1778 1645 1846 Operationes
1673 1783 1847 1828 autem

260 1877 516 1932 virtutum
550 1875 747 1929 habere
771 1916 786 1938 ,
818 1883 872 1928 et
902 1873 1129 1943 gratiam
1158 1870 1494 1925 curationum
1524 1908 1540 1931 ,
1572 1880 1677 1920 non
1709 1863 1849 1917 idem

260 1967 437 2038 ipsum
482 1977 587 2022 est.
634 1966 764 2021 Nam
803 1966 894 2034 qui
937 1964 1163 2035 gratiam
1203 1965 1536 2016 curationum
1582 1956 1846 2018 habebat,

262 2058 578 2113 medebatur
622 2064 870 2119 tantum;
915 2054 1005 2123 qui
1047 2065 1177 2105 vero
1216 2047 1567 2120 operationes'
1597 2044 1848 2099 virtutum

262 2150 610 2222 possidebat,
638 2148 799 2203 etiam
830 2144 1140 2215 castigabat.
1183 2142 1428 2198 Potestas
1462 2142 1604 2196 enim
1635 2149 1717 2194 est
1742 2154 1847 2193 non

261 2242 488 2297 sanandi
518 2238 709 2302 modo,
741 2236 835 2291 sed
865 2236 1023 2293 etiam
1049 2233 1338 2304 puniendi;
1368 2242 1426 2286 ut
1450 2232 1643 2287 Paulus
1671 2243 1849 2284 excie-

260 2335 442 2399 cavit,
476 2334 769 2400 Petrusqne
797 2328 1081 2383 interfecit.
1129 2327 1229 2380 Alii
1265 2341 1380 2379 vero
1417 2324 1691 2394 prophetia
1714 2364 1729 2387 ,
1759 2321 1848 2374 alii

260 2427 586 2481 dlscretiones
613 2414 905 2493 spirituum.
938 2420 1074 2489 Quid
1102 2420 1203 2474 sibi
1232 2419 1345 2473 vult
1371 2416 1497 2473 illud
1522 2457 1537 2482 ,
1573 2415 1847 2469 Discretio-

258 2532 351 2571 nes
386 2512 702 2583 spirituum?
744 2511 896 2568 Scire
925 2510 1043 2581 quis
1091 2510 1162 2564 sit
1208 2508 1533 2580 spiritualis,
1576 2506 1696 2577 quis
1739 2518 1844 2559 non

258 2607 584 2676 spiritualis;
630 2607 747 2676 quis
790 2605 1047 2677 propheta
1076 2646 1091 2669 ,
1132 2603 1254 2674 quis
1290 2602 1546 2671 deceptor
1572 2618 1585 2653 :
1615 2600 1664 2653 id
1705 2598 1846 2669 quod

258 2697 832 2756 'l'hessalonieensibus
870 2695 1083 2751 dicebat
1104 2711 1123 2748 τ
1155 2692 1460 2759 Prophetias
1494 2692 1647 2746 nolite
1684 2691 1846 2761 negli-

256 2798 377 2865 gere
404 2806 421 2844 :
447 2792 618 2843 omnia
643 2798 811 2842 autem
838 2786 1140 2851 probantes,
1170 2785 1306 2853 quod
1337 2786 1522 2837 bonum
1545 2792 1654 2845 est,
1687 2793 1847 2835 tenete

257 2886 354 2954 (i.
384 2882 558 2937 Thess.
588 2881 641 2937 5.
670 2879 762 2937 '20.
788 2879 853 2934 2!
872 2879 909 2949 ).
939 2877 1073 2933 Nam
1114 2877 1278 2931 multa
1312 2884 1437 2930 tunc
1464 2883 1580 2928 erat
1614 2873 1845 2943 pseudo-

257 2974 645 3048 prophetarum
702 2971 1012 3042 corruptio,
1075 2968 1293 3024 diabolo
1338 2966 1697 3039 contendente
1747 2980 1846 3036 pro

255 3068 486 3125 veritate
526 3066 850 3121 substituere
897 3062 1256 3118 mendacium.
1307 3060 1411 3116 Alii
1452 3068 1621 3114 autem
1664 3074 1846 3131 genera

258 3162 551 3231 linguarum
572 3200 589 3224 ,
618 3159 710 3211 alii
734 3155 1078 3225 interpretatio
1102 3170 1409 3209 sermonum.
1441 3152 1572 3208 Nam
1604 3152 1696 3207 ille
1723 3151 1845 3221 qui.

257 3252 384 3307 dem
424 3250 625 3307 sciebat
650 3247 791 3318 quod
823 3248 937 3319 ipse
964 3247 1208 3310 diceret,
1239 3244 1391 3300 alteri
1420 3260 1552 3299 vero
1582 3242 1632 3297 id
1678 3244 1845 3297 inter-

255 3344 460 3416 pretari
489 3359 593 3397 non
621 3350 860 3413 poterat:
882 3341 1018 3395 alius
1042 3352 1172 3393 vero
1198 3332 1313 3393 haec
1333 3338 1492 3391 ambo
1518 3336 1842 3405 possidebat,

255 3438 345 3493 vel
372 3437 710 3491 alterutrum.

333 3532 386 3585 ι.
429 3529 718 3584 Videbatur
755 3535 933 3581 autem
978 3524 1083 3580 hoc
1130 3522 1329 3579 donum
1375 3538 1495 3578 esse
1540 3534 1789 3593 magnum
1819 3563 1834 3587 ,

256 3624 511 3693 quoniam
543 3622 717 3690 ipsum
749 3620 978 3689 primum
1003 3617 1234 3689 apostoli
1260 3626 1598 3685 acceperunt,
1621 3626 1677 3671 et
1704 3616 1843 3682 apud

258 3713 569 3771 Corinthios
596 3713 807 3782 plurimi
839 3712 943 3767 hoc
969 3720 1194 3766 munere
1223 3710 1466 3764 instructi
1496 3718 1650 3763 erant
1674 3727 1687 3763 :
1712 3709 1844 3765 doc-

258 3807 415 3861 trina:
438 3814 617 3859 autem
646 3804 867 3860 verbum
913 3818 1021 3857 non
1054 3802 1145 3855 ita.
1182 3800 1307 3854 Ideo
1338 3799 1462 3853 illud
1492 3799 1706 3867 quidem
1733 3799 1842 3869 pri-

257 3912 405 3951 mum
425 3897 573 3965 ponit
596 3938 611 3962 ,
644 3894 745 3955 hoc
762 3909 890 3950 vero
910 3902 1259 3964 postremum.
1284 3889 1414 3943 Nam
1433 3900 1486 3943 et
1506 3890 1605 3942 hec
1629 3899 1845 3959 propter

258 3988 390 4044 illud
416 3996 496 4043 est
517 4028 531 4053 ,
568 4000 787 4042 necnon
810 3985 914 4039 alia
939 3983 1140 4047 omnia,
1166 3981 1479 4051 prophetirc,
1509 3980 1843 4048 opemtiones

257 4080 539 4141 virtutum,
573 4092 767 4149 genera
806 4077 1128 4146 linguarum,
1160 4082 1215 4129 et
1243 4072 1608 4142 interpretatio
1639 4071 1843 4140 lingua-

257 4184 380 4226 rum
414 4187 429 4223 :
461 4168 589 4224 nihil
619 4172 759 4223 enim
789 4168 913 4221 huic
938 4181 1035 4237 par
1066 4173 1187 4227 est;
1216 4164 1443 4233 ideoque
1463 4163 1673 4217 dicebat
1701 4178 1715 4216 :
1746 4161 1846 4227 Qui

259 4263 384 4318 bene
429 4270 650 4330 primum
697 4261 970 4330 presbyteri
1004 4300 1017 4322 ,
1046 4258 1240 4327 duplici
1288 4259 1480 4310 honore
1520 4256 1660 4326 digni
1689 4266 1840 4321 sunt,

259 4354 483 4408 maxime
516 4354 601 4424 qui
640 4354 870 4406 laborant
899 4353 951 4405 in
983 4350 1128 4413 verba
1157 4359 1203 4403 et
1242 4350 1472 4401 doctrina
1514 4349 1595 4417 (1.
1623 4348 1757 4401 Tim.
1786 4350 1838 4404 5.

260 4446 375 4515 17).
410 4441 477 4499 Et
502 4443 783 4497 Timotheo
825 4442 1039 4511 scripsit
1083 4439 1305 4501 dicens,
1355 4440 1565 4492 Attende
1609 4440 1841 4503 lectioni,

260 4536 601 4589 exhortationi
626 4576 640 4597 ,
669 4535 911 4588 doctrina:
940 4549 955 4586 :
988 4533 1091 4585 noli
1122 4532 1370 4600 negligere
1399 4534 1615 4600 grnticn
1654 4546 1764 4599 qua:
1792 4530 1843 4583 in

262 4640 315 4682 te
343 4638 413 4682 est
447 4628 519 4696 (i.
564 4627 699 4681 Tim.
726 4627 779 4680 4.
812 4628 897 4680 13.
930 4627 953 4678 λι
972 4624 1035 4693 ι).
1074 4622 1261 4675 Viden‘
1298 4625 1563 4690 quomodo
1592 4625 1691 4675 hoc
1721 4638 1844 4690 gra-

262 4720 392 4774 tiam
422 4719 615 4771 vocet?
644 4717 845 4771 Deinde
892 4730 1047 4785 quam
1094 4713 1339 4781 superius
1386 4716 1560 4779 pcmtit
1604 4713 1844 4765 consola-

263 4810 464 4864 tionem
494 4808 697 4873 dicens,
733 4808 878 4859 Idem
911 4806 1135 4870 Spiritus
1160 4846 1173 4861 .
1216 4807 1349 4855 hanc
1392 4814 1441 4853 ct
1496 4804 1578 4853 hic
1620 4804 1839 4865 adiicit,

262 4902 449 4956 dicens
483 4917 494 4952 :
533 4898 655 4953 Haec
696 4907 862 4958 autem
905 4896 1074 4951 omnia
1113 4904 1350 4960 aperatur
1380 4908 1509 4943 unus
1538 4903 1684 4961 atque
1710 4893 1842 4945 idem

264 4991 513 5060 Spirisus,
544 4990 767 5043 dividens
793 4988 1002 5055 singulis
1030 4995 1173 5053 prout
1206 4983 1323 5035 vult.

339 5080 524 5138 ϐοηινα
558 5082 1070 5138 Pneumatontachos.
1096 5109 1167 5119 --
1184 5078 1296 5132 Non
1325 5076 1485 5130 IHUdO
1511 5087 1685 5128 autent
1711 5091 1839 5128 con-

262 5178 489 5239 solatur,
538 5177 629 5231 sed
653 5177 811 5231 etiam
854 5190 915 5228 os
941 5172 1168 5226 obstruit
1211 5168 1593 5225 contradicenti
1641 5170 1724 5222 hic
1769 5171 1845 5222 di-

264 5283 435 5327 cens:
468 5266 704 5321 Dividens
729 5268 941 5337 singulis
974 5277 1122 5335 prout
1159 5266 1282 5317 vult.
1327 5263 1550 5331 Oportet
1581 5262 1720 5315 enim
1752 5263 1844 5316 ad-

266 5364 547 5433 stringere,
582 5374 680 5412 nec
709 5361 877 5417 solum
909 5358 1107 5413 mederi
1137 5375 1151 5422 ;
1185 5359 1321 5411 sicut
1350 5366 1401 5408 et
1430 5356 1482 5409 in
1512 5355 1745 5421 Epistola
1780 5356 1844 5410 ad

269 5454 541 5510 Romanos
569 5448 712 5511 facit,
741 5465 861 5503 cum
887 5451 1011 5504 dicit
1038 5466 1051 5502 :
1084 5448 1161 5501 Tu
1187 5450 1299 5517 quis
1326 5464 1392 5508 es,
1426 5448 1509 5511 qui
1540 5447 1845 5519 respondeas

270 5545 381 5600 Deo
408 5543 583 5613 (Rom.
610 5542 662 5595 9.
694 5539 783 5605 20)
811 5539 832 5588 ?
865 5540 935 5591 ita
964 5541 1121 5593 etiam
1171 5542 1255 5591 hic
1287 5579 1300 5601 ,
1342 5531 1585 5589 Dividens
1632 5534 1846 5606 singulis

271 5650 419 5711 prout
444 5638 565 5691 vult.
599 5635 664 5690 Et
692 5631 829 5701 quod
868 5630 1039 5684 Patris
1074 5642 1190 5684 crat
1223 5673 1234 5693 ,
1268 5630 1429 5684 etiam
1474 5627 1702 5696 Spiritus
1727 5644 1847 5684 esse

272 5729 523 5783 ostendit.
558 5726 703 5781 Sicut
748 5722 888 5776 enim
918 5721 984 5773 de
1025 5720 1116 5771 illo
1142 5722 1211 5773 ait
1242 5739 1255 5773 :
1286 5720 1430 5773 Idem
1456 5726 1620 5771 autem
1652 5716 1787 5772 Deus
1828 5760 1842 5783 ,

270 5824 356 5889 qui
384 5828 618 5891 operatur
660 5815 827 5870 omnia
872 5812 922 5863 in
968 5810 1196 5862 omnibus
1224 5827 1242 5872 ,'
1270 5813 1345 5865 sic
1386 5819 1438 5864 et
1481 5810 1549 5864 de
1597 5810 1795 5877 Spiritu
1831 5828 1843 5863 :

281 5910 402 5967 "ac
427 5925 577 5982 porro
607 5908 774 5960 omnia
798 5911 1191 5972 aperaturunus
1218 5910 1263 5951 et
1292 5901 1421 5953 idem
1458 5898 1699 5968 Spiritus,
1736 5898 1839 5952 Sed

596 6008 861 6066 ΡΑτιιοι..
909 6003 1022 6061 Gn.
1076 5996 1229 6058 LXI.

1270 464 1336 521 IN
1375 465 1586 521 EPlST.
1636 466 1656 521 1
1716 466 1807 520 AD
1845 461 2005 522 COR.
2049 465 2277 523 HOMIL.
2320 466 2513 524 XXIX.

3439 479 3548 535 206

1972 593 2170 650 motus,
2196 582 2403 653 inquies
2430 627 2445 650 ,
2470 602 2502 639 a
2530 586 2659 640 Deo.
2695 587 2887 643 Verum
2918 587 3020 643 hoc
3061 604 3321 662 nusquam
3371 592 3547 659 dixit,

1966 671 2061 730 sed
2095 685 2148 729 ιιι
2176 675 2307 731 illud
2335 675 2565 748 efﬁngis.
2587 679 2813 744 Quando
2836 681 2979 735 enim
3006 681 3153 746 dicit,
3184 683 3287 750 Qui
3312 697 3551 756 operatur

1964 768 2135 821 omnia
2158 768 2211 822 in
2235 770 2489 836 omnibus,
2518 769 2585 825 de
2607 770 2913 826 hominibus
2939 772 3041 828 hoc
3062 771 3229 829 dicit:
3258 789 3546 847 numquam

1962 880 2081 920 cum
2112 865 2418 923 hominibus
2455 867 2711 937 Spiritum
2740 879 3090 935 annumerat,
3116 870 3325 925 etiamsi
3354 872 3550 928 millies

1962 964 2204 1012 amanter
2245 957 2482 1028 loquaris
2508 967 2565 1015 et
2607 960 2863 1016 insanias.
2892 960 3027 1028 Quia
3054 966 3196 1017 enim
3222 961 3395 1028 dixit,
3443 960 3549 1041 Per

1962 1048 2215 1119 Spiritum
2238 1065 2258 1113 ;
2287 1058 2343 1105 ut
2372 1066 2440 1105 ne
2467 1062 2623 1121 putes
2650 1052 2779 1105 illud
2802 1092 2819 1118 ,
2854 1070 2945 1123 per
2966 1092 2982 1117 ,
3017 1052 3402 1108 imminutionis
3427 1066 3550 1108 esse

1961 1156 2171 1207 vocem,
2200 1157 2300 1196 nec
2331 1144 2478 1199 illum
2512 1146 2723 1200 moveri
2749 1145 2817 1199 ad
2838 1146 3230 1214 operationem,
3255 1144 3550 1216 subjungit,

1965 1232 2185 1304 Operari
2213 1235 2467 1304 Spiritum
2486 1278 2502 1301 ,
2534 1253 2640 1291 non
2690 1236 2759 1291 ad
2804 1239 3177 1307 operationem
3220 1238 3423 1294 moveri
3448 1278 3464 1303 ,
3495 1245 3553 1293 et

1966 1327 2172 1395 operari
2242 1336 2298 1381 ut
2337 1326 2450 1380 vult
2476 1368 2491 1394 ,
2538 1343 2644 1383 non
2685 1339 2745 1399 ut
2790 1328 3026 1398 iubetur.
3083 1330 3545 1408 Quemadmodum

1959 1416 2104 1469 enim
2125 1417 2191 1471 de
2214 1416 2373 1472 Patre
2393 1417 2562 1473 Filius
2578 1419 2729 1484 dicit,
2754 1417 2961 1474 Excitat
2982 1429 3204 1474 mortuos
3223 1430 3272 1474 et
3290 1420 3551 1489 virilitas;

1959 1515 2016 1560 et
2033 1507 2281 1562 similiter
2302 1508 2369 1563 de
2391 1510 2589 1579 seipse,
2613 1512 2751 1575 Quos
2773 1511 2879 1564 vult
2898 1498 3116 1579 uiuiﬁcat
3137 1509 3317 1583 (lacn.
3340 1512 3397 1567 5.
3412 1509 3506 1585 ΩΙ)
3530 1529 3545 1565 :

1958 1598 2037 1651 sic
2065 1609 2120 1651 et
2151 1598 2220 1653 de
2247 1596 2448 1668 Spiritu
2475 1640 2491 1662 ,
2535 1601 2659 1655 alibi
2691 1602 2902 1671 quidem
2931 1601 3073 1672 quod
3116 1616 3238 1657 cum
3282 1611 3549 1673 potestate

1958 1676 2145 1743 onmiai
2166 1691 2326 1745 iaciat
2348 1734 2362 1758 ,
2390 1703 2445 1746 et
2473 1694 2604 1749 nihil
2632 1695 2705 1748 sit
2729 1695 2870 1762 quod
2897 1694 3149 1765 impediat
3178 1694 3335 1765 (illud
3365 1695 3508 1749 enim
3528 1736 3544 1759 ,

1962 1778 2058 1834 Ubi
2086 1782 2191 1835 vult
2224 1785 2387 1851 spirat
2440 1782 2601 1854 (Ibid.
2632 1786 2684 1839 ὅ.
2717 1785 2795 1852 8),
2825 1787 3031 1842 etiamsi
3060 1787 3127 1841 de
3154 1795 3319 1841 vento
3342 1788 3543 1841 dictum

1959 1874 2147 1938 fuerit,
2182 1874 2247 1929 ad
2292 1876 2393 1931 hoc
2431 1877 2573 1947 quod
2610 1878 2840 1933 dicimus
2865 1880 3003 1932 viam
3048 1882 3264 1949 parat):
3295 1878 3383 1935 hic
3416 1895 3549 1934 vero

1956 1964 2107 2031 dicit,
2132 1963 2317 2020 Omnia
2340 1978 2579 2037 operatur
2597 1978 2746 2038 prout
2772 1970 2897 2024 vult.
2918 1969 2986 2025 Et
3006 1970 3224 2026 aliunde
3240 1971 3388 2028 disce
3401 1972 3544 2042 quod

1966 2046 2069 2109 non
2089 2058 2160 2112 sit
2175 2073 2242 2112 ex
2266 2058 2349 2124 iis,
2372 2060 2460 2128 qui
2489 2075 2588 2129 per
2615 2062 2983 2130 operationem
3008 2071 3310 2136 moventur,
3333 2062 3427 2118 sed
3438 2068 3542 2136 iqni

1956 2158 2266 2216 operantur,
2284 2148 2405 2204 hinc
2419 2150 2567 2205 disce
2584 2168 2596 2202 :
2623 2152 2748 2218 Quis
2764 2153 2893 2205 enim
2912 2134 3067 2227 nouit,
3087 2153 3279 2223 inquit,
3292 2167 3407 2224 quin
3425 2134 3545 2209 sunt

1957 2236 2175 2290 hominis
2199 2279 2216 2303 ,
2264 2240 2363 2292 nisi
2390 2240 2602 2309 spiritus
2638 2242 2856 2295 hominis
2877 2243 2902 2296 Ρ
2925 2241 3017 2297 Sic
3059 2251 3108 2297 et
3146 2257 3262 2312 quat
3291 2242 3387 2297 Dei
3424 2256 3543 2299 sitat

1955 2342 2101 2381 nemo
2129 2330 2300 2394 novit,
2343 2332 2443 2385 nisi
2482 2331 2832 2400 Spiritus‘Dei
2859 2333 2933 2406 (1.
2965 2334 3084 2389 Cor.
3126 2332 3183 2391 2.
3228 2336 3342 2406 Η).
3386 2337 3541 2404 Quod

1954 2429 2131 2473 autem
2158 2422 2380 2489 Spiritus
2401 2422 2653 2491 hominis,
2681 2425 2731 2479 id
2759 2434 2864 2490 est,
2891 2426 3091 2494 anima,
3115 2442 3223 2482 non
3246 2412 3543 2497 rgt-atopel

1954 2508 2161 2563 ratione
2181 2550 2197 2575 ,
2234 2520 2289 2563 ut
2330 2526 2425 2565 sua
2452 2524 2779 2582 cognoscat,
2823 2515 3022 2571 nemini
3065 2534 3172 2571 non
3202 2528 3387 2572 notum
3412 2529 3495 2573 est
3524 2538 3538 2573 :

1956 2613 2087 2671 ergo
2111 2614 2211 2655 nec
2253 2601 2484 2671 Spiritus
2512 2614 2730 2658 sanctus
2753 2645 2768 2670 ,
2798 2614 2859 2659 ut
2895 2615 3181 2674 cognoscat
3210 2623 3273 2662 ea
3298 2621 3417 2679 qua:
3446 2611 3535 2666 Dei

1955 2700 2114 2746 sunt.
2150 2692 2239 2748 Sic
2274 2694 2419 2748 enim
2467 2696 2583 2748 ait:
2618 2697 2826 2749 Arcana
2875 2695 2968 2749 Dei
3019 2699 3268 2767 cognovit
3310 2701 3540 2769 Spiritus

1953 2793 2192 2849 sanctus,
2224 2786 2361 2840 sicut
2392 2787 2568 2840 anima
2617 2788 2849 2841 hominis
2886 2802 3080 2841 arcana
3122 2803 3238 2843 sua.
3269 2787 3325 2844 Si
3358 2799 3535 2845 autem

1952 2874 2020 2934 ad
2061 2877 2182 2929 hoe-
2203 2877 2305 2930 alia
2336 2880 2650 2947 operatione
2684 2897 2795 2953 (non
2844 2891 3089 2938 movetur
3112 2924 3127 2948 ,
3160 2883 3326 2939 multo
3369 2887 3539 2956 magis

1952 2965 2040 3030 qui
2070 2966 2171 3020 scit
2200 2966 2458 3034 profunda
2492 2970 2619 3035 Dei,
2648 2980 2701 3025 et
2729 2987 2834 3025 non
2867 2974 3044 3043 aliqua
3072 2977 3388 3044 operatione
3418 2992 3533 3031 ιηοι

1953 3065 2107 3107 vctur
2125 3055 2192 3109 ad
2217 3056 2453 3111 dandum
2482 3058 2804 3115 charismata
2832 3063 3109 3131 apostolis,
3131 3064 3236 3117 alia
3266 3081 3371 3119 non
3402 3082 3535 3136 opus

1953 3146 2199 3202 habuerit
2237 3152 2569 3218 operatione.
2614 3151 2969 3229 Prmterbarc
2998 3164 3178 3209 autem
3224 3156 3367 3211 aliud
3394 3173 3538 3214 nunc

1952 3240 2159 3307 dicam,
2195 3244 2336 3311 quod
2388 3246 2534 3313 prius
2577 3246 2706 3299 dixi.
2750 3247 2919 3318 Quale
2959 3248 3133 3303 illud?
3163 3248 3219 3303 Si
3266 3250 3442 3304 minor
3467 3252 3536 3305 sit

1953 3334 2181 3409 Spiritus
2207 3345 2264 3390 et
2290 3337 2509 3392 alterius
2535 3339 2869 3401 substantim.
2900 3340 3032 3396 nihil
3085 3343 3374 3413 profuisset
3396 3358 3528 3397 con-

1951 3427 2162 3492 solatio,
2189 3442 2362 3497 neque
2384 3427 2658 3483 audivisse
2682 3430 2930 3485 eumdem
2957 3446 3077 3486 esse
3098 3433 3376 3503 Spiritum.
3402 3434 3537 3490 Nam

1950 3520 2039 3589 qui
2069 3534 2098 3572 a
2130 3535 2253 3588 rege
2279 3522 2503 3590 accepit,
2534 3522 2671 3577 hanc
2698 3525 2984 3579 maximam
3016 3525 3257 3581 habuerit
3276 3532 3529 3585 consola-

1953 3612 2191 3677 tionem,
2225 3613 2365 3682 quod
2407 3614 2519 3682 ipse
2570 3613 2619 3668 ei
2663 3614 2907 3677 dederit;
2940 3617 3031 3685 qui
3080 3628 3261 3672 autem
3305 3634 3337 3673 a
3381 3636 3536 3690 serra

1951 3702 2178 3773 accipit,
2225 3714 2349 3758 tunc
2393 3706 2563 3775 magis
2607 3706 2787 3772 dolet,
2818 3707 3032 3777 quando
3061 3709 3323 3779 quispiam
3362 3711 3532 3767 hOCl‘i

1951 3796 2226 3848 obtulerit.
2258 3796 2438 3864 Itaque
2466 3796 2589 3849 hinc
2615 3798 2774 3850 etiam
2805 3798 2977 3866 palam
3005 3809 3089 3854 est
3112 3800 3371 3867 Spiritum
3405 3818 3528 3857 saw

1950 3896 2093 3940 ctum
2128 3902 2231 3939 non
2256 3886 2485 3951 servilis,
2515 3886 2606 3941 sed
2639 3888 2797 3957 regite
2820 3902 2941 3943 esse
2969 3886 3303 3954 substantiae.
3335 3891 3536 3946 Idcirco

1951 3977 2089 4030 sicut
2117 3979 2422 4031 consolatus
2449 3986 2532 4032 est
2558 3978 2676 4032 illos
2701 3978 2885 4034 dicens
2906 4022 2919 4044 ,
2958 3978 3240 4034 Divisiones
3272 3983 3530 4036 ministru-

1953 4069 2146 4121 tianum
2175 4079 2312 4133 sunt,
2338 4070 2469 4121 idem
2498 4079 2667 4123 autem
2692 4068 2940 4124 Dominus
2962 4076 2999 4137 ξ’
3013 4079 3083 4138 et,
3116 4066 3390 4127 Divisiones
3415 4090 3533 4143 ope-

1950 4160 2203 4211 rationum
2230 4200 2242 4222 ,
2275 4160 2405 4213 idem
2432 4173 2600 4213 autem
2627 4160 2763 4215 Deus
2791 4177 2807 4213 :
2832 4163 2909 4216 sic
2938 4178 3060 4217 cum
3089 4166 3337 4233 superius
3363 4166 3530 4229 dixit,

1951 4247 2237 4302 Divisiones
2256 4251 2536 4318 gratiarum
2559 4260 2697 4316 sunt,
2718 4251 2850 4304 idem
2877 4266 3043 4306 autent
3073 4254 3295 4323 Spiritus
3317 4272 3335 4317 ;
3357 4267 3411 4309 et
3435 4260 3535 4309 sub

1952 4340 2068 4395 haec
2115 4340 2276 4394 ctiam
2326 4341 2489 4405 dicit,
2546 4340 2669 4395 lith
2718 4352 2886 4395 autem
2929 4345 3097 4398 omnia
3132 4356 3369 4415 aperatur
3405 4364 3533 4401 unus

1952 4442 2098 4501 atque
2133 4431 2264 4484 idem
2306 4433 2531 4501 Spiritus
2556 4475 2570 4496 ,
2602 4433 2829 4487 dividens
2874 4435 3087 4505 singulis
3118 4448 3264 4502 prout
3300 4438 3423 4490 vult.
3458 4439 3534 4492 Ne

1951 4523 2127 4592 itaque
2160 4536 2416 4591 angamur
2439 4565 2453 4587 ,
2488 4524 2673 4591 inquit,
2710 4539 2882 4592 neque
2924 4526 3202 4579 doleamus
3245 4526 3486 4582 dicentes
3510 4571 3526 4591 ,

1948 4613 2057 4667 Cur
2086 4612 2187 4666 hoc
2228 4614 2455 4682 accepi,
2502 4613 2605 4667 hoc
2658 4630 2761 4667 non
2810 4616 3038 4685 accepi?
3070 4630 3242 4686 neque
3290 4620 3526 4673 rationes

1952 4705 2227 4773 exigamus
2255 4721 2283 4757 a
2325 4705 2526 4772 Spiritu
2554 4714 2760 4759 sancto.
2800 4706 2932 4761 Nam
2974 4708 3016 4761 si
3066 4709 3242 4774 nosti,
3278 4710 3326 4763 id
3360 4711 3530 4778 ipsum

1952 4797 2197 4863 largitum
2235 4812 2355 4851 esse
2398 4797 2540 4865 quod
2572 4799 2643 4851 tui
2674 4814 2855 4853 curam
2880 4811 3069 4869 gerat;
3099 4803 3338 4870 cogitans
3384 4805 3530 4857 illum

1951 4887 2191 4941 eamdem
2239 4903 2418 4941 curam
2465 4899 2737 4957 gerentem
2788 4900 3091 4946 mensuram
3131 4894 3381 4956 dedisse,
3414 4912 3531 4947 am-

1952 4981 2183 5049 plcctere
2208 4989 2262 5033 et
2300 4978 2474 5049 gaude
2501 4980 2575 5059 ob.
2612 4996 2674 5035 ea
2707 4997 2824 5050 qua!
2862 4984 3153 5051 accepisti;
3184 4995 3238 5039 et
3284 5000 3351 5038 ne
3392 5002 3533 5055 (egre

1954 5076 2088 5126 feras
2118 5074 2257 5141 quod
2288 5074 2389 5126 alia
2428 5089 2532 5127 non
2572 5076 2875 5143 acet-peris;
2904 5076 3009 5127 imo
3038 5079 3235 5145 gratias
3279 5079 3485 5133 reddito
3512 5120 3527 5143 ,

1952 5165 2092 5232 quod
2126 5180 2229 5219 non
2250 5166 2459 5233 majora
2491 5182 2647 5233 quam
2679 5168 2818 5219 ferre
2846 5182 3031 5236 posses
3058 5172 3347 5234 acceperis.

2022 5256 2074 5309 5.
2114 5256 2168 5309 Si
2208 5265 2385 5309 autem
2414 5256 2464 5307 in
2505 5256 2870 5322 spiritualibus
2915 5274 3018 5309 non
3064 5268 3271 5325 oportet
3318 5262 3528 5316 curiose

1954 5346 2219 5414 inquirere
2246 5385 2257 5405 ,
2291 5346 2457 5398 multo
2480 5347 2646 5415 magis
2676 5348 2723 5398 in
2758 5347 3061 5399 carnalibus
3087 5364 3100 5408 ;
3131 5350 3226 5403 sed
3254 5354 3531 5420 quiescere

1955 5448 2006 5492 et
2033 5453 2136 5491 non
2167 5435 2375 5490 curiose
2406 5440 2630 5491 scrutari
2682 5454 2777 5493 cur
2824 5439 2912 5492 ille
2956 5438 3105 5494 dives
3130 5483 3145 5507 ,
3195 5442 3282 5497 ille
3308 5460 3523 5512 pauper.

1954 5530 2093 5584 Sane
2122 5528 2337 5596 quidem
2366 5546 2470 5583 non
2502 5530 2695 5600 singuli
2728 5545 2758 5583 a
2793 5530 2899 5584 Dco
2926 5531 3139 5587 divitias
3182 5534 3402 5595 habent,
3436 5534 3530 5585 sed

1954 5621 2106 5683 muiti
2127 5635 2191 5674 ex
2227 5622 2505 5689 iniustitia,
2527 5638 2590 5676 ex
2622 5626 2803 5690 rapina
2828 5631 2881 5675 et
2907 5638 2970 5678 ex
3000 5625 3237 5677 avaritia.
3266 5624 3365 5687 Qui
3388 5624 3529 5678 enim

1950 5712 2107 5784 jussit
2140 5727 2242 5764 non
2270 5713 2448 5777 ditari,
2474 5714 2744 5781 quomodo
2769 5713 3005 5769 dedisset
3026 5730 3109 5780 ea,
3147 5730 3264 5783 qua:
3286 5717 3533 5786 accipere

1959 5803 2243 5874 prohibet?
2272 5804 2340 5859 Ut
2382 5814 2562 5858 autem
2601 5804 2830 5858 validius
2860 5806 3128 5860 confutem
3160 5820 3286 5872 eos,
3314 5811 3402 5876 qui
3431 5806 3531 5861 hac

1965 5898 2015 5949 in
2048 5911 2105 5949 rc
2140 5894 2510 5952 contradicunt
2555 5895 2746 5963 nobis;
2784 5910 3208 5966 age,sermonem
3240 5898 3392 5952 altius
3438 5902 3536 5952 du.

3102 6003 3171 6064 lii
