4022 6214
494 345 598 403 947

496 472 699 523 camus,
727 456 795 514 ab
819 471 887 515 eo
903 464 1146 529 tempore
1165 470 1274 527 quo
1295 456 1437 511 Deus
1460 452 1678 510 divitias
1696 453 1951 523 elargitus
1972 462 2072 515 est,

496 560 550 603 et
576 548 839 617 resmnde
864 547 994 602 mihi
1018 564 1032 601 :
1057 546 1235 615 Quare
1262 545 1415 601 dives
1443 553 1560 599 erat
1589 542 1884 606 Abraham,
1915 543 2084 597 Jacob

497 653 674 697 autem
706 644 869 697 etiam
901 655 1038 711 pane
1066 638 1303 709 egebat?
1328 654 1509 692 annon
1553 637 1801 691 similiter
1838 647 1892 690 et
1920 634 2008 690 hic
2031 644 2086 688 et

498 735 589 789 ille
615 734 789 803 justus
808 732 968 787 erat?
994 746 1177 785 annon
1198 731 1449 783 similiter
1471 729 1538 783 de
1568 729 1736 782 tribtts
1765 728 1899 782 dixit
1929 745 1943 782 :
1976 727 2089 795 Ego

500 828 640 881 Deus
678 825 935 879 Abraham
976 833 1023 877 et
1066 822 1219 877 Isaac
1254 832 1299 875 et
1334 820 1496 874 Iacob
1526 819 1544 893 (
1564 820 1733 874 Exod.
1768 822 1822 875 '5.
1852 818 1963 887 6)?
1990 834 2083 871 cur

498 933 627 988 ergo
659 918 747 972 ille
774 917 927 970 dives
952 923 1087 978 erat,
1119 914 1207 969 hic
1232 915 1479 969 mercede
1505 912 1948 967 conducebatur?
1978 910 2086 964 imo

498 1014 696 1079 potius,
729 1008 836 1062 Cur
863 1007 1006 1061 Esau
1041 1007 1253 1076 iniquus
1274 1021 1394 1059 cum
1417 1016 1560 1059 esset
1583 1015 1635 1057 et
1663 1004 1931 1057 fratricida
1961 1044 1974 1065 ,
2004 1002 2084 1055 di-

496 1117 592 1157 ves
619 1109 735 1158 erat
756 1141 771 1163 ,
816 1100 900 1154 hic
928 1114 1054 1153 vero
1084 1101 1137 1153 in
1178 1100 1433 1153 servitute
1463 1106 1611 1152 tanto
1660 1106 1903 1166 tempore
1945 1093 2087 1147 fuit?

499 1206 596 1248 cur
620 1207 806 1246 rursus
835 1192 980 1245 Isaac
1012 1190 1293 1259 tranquille
1325 1197 1471 1242 tanto
1512 1196 1753 1254 tempore
1782 1186 1954 1249 vixit,
1997 1184 2088 1237 Ja-

498 1281 599 1336 cob
628 1291 802 1335 autem
834 1282 883 1334 in
909 1280 1182 1334 laboribus
1212 1288 1265 1333 et
1296 1278 1569 1331 miseriis?
1598 1276 1825 1345 ideoque
1850 1275 2082 1337 dicebat,

499 1373 674 1428 Pauci
703 1384 750 1427 et
780 1373 904 1426 mali
937 1373 1044 1426 dies
1083 1374 1178 1424 mei
1214 1370 1367 1443 (Gen.
1402 1370 1491 1423 47.
1526 1368 1606 1439 9).
1635 1368 1744 1423 Cur
1794 1368 1953 1420 David
1995 1368 2083 1435 qui

499 1463 759 1534 propheta
783 1474 838 1517 et
867 1477 960 1517 rex
994 1461 1123 1523 fuit,
1152 1470 1319 1514 totum
1352 1460 1472 1513 vita:
1498 1468 1707 1528 tempus
1729 1457 1782 1511 in
1815 1456 2085 1511 laboribus

500 1555 795 1623 transegit;
828 1553 1085 1607 Salomon
1112 1562 1293 1606 autem
1323 1550 1463 1605 ﬁlius
1484 1551 1599 1619 ejus
1624 1566 1717 1618 per
1738 1548 2083 1618 quadraginta

499 1660 669 1699 annos
700 1645 942 1699 securius
988 1660 1144 1713 quam
1176 1642 1401 1713 quilibet
1444 1641 1719 1696 hominum
1750 1642 1883 1694 vixit
1909 1683 1924 1704 ,
1954 1655 2084 1710 pro-

499 1735 661 1790 funda
695 1735 878 1789 fruens
911 1750 1038 1804 pace
1062 1776 1077 1801 ,
1109 1749 1269 1789 omne
1295 1749 1465 1804 genus
1490 1734 1671 1803 gloriae
1696 1775 1710 1799 ,
1766 1732 1985 1786 honoris
2031 1742 2085 1784 et

499 1830 791 1898 voluptatis
819 1827 1088 1896 adeptus?
1120 1843 1217 1881 cur
1259 1828 1312 1881 in
1357 1825 1634 1895 prephetis
1684 1826 1821 1880 alius
1874 1826 2082 1894 magis,

496 1922 633 1976 alius
660 1920 839 1976 minus
878 1918 1211 1989 afﬂigebatur
1234 1917 1257 1970 ?
1286 1918 1549 1985 Quoniam
1570 1918 1647 1972 sic
1679 1917 1962 1986 unicuique
1989 1932 2086 1970 exe

495 2014 763 2084 pcdiebat.
884 2012 887 2017 ’

570 2104 667 2158 Dei
688 2105 995 2175 dispensatio
1009 2120 1109 2158 non
1125 2105 1272 2158 nimis
1289 2100 2084 2168 examinanda.—-Quamobrem

498 2194 640 2249 circa
666 2196 903 2263 singulos
923 2195 1210 2251 dicendum
1232 2203 1335 2259 est,
1353 2193 1563 2246 Judicia
1588 2202 1673 2245 tua
1701 2192 1909 2260 abyssus
1928 2194 2085 2243 multa

501 2285 519 2351 (η
547 2282 692 2338 Psal.
728 2284 816 2339 55.
848 2284 941 2351 7).
972 2284 1105 2337 Nam
1149 2285 1195 2337 si
1236 2298 1458 2352 magnos
1491 2284 1612 2336 illos
1648 2293 1704 2337 et
1733 2282 2084 2337 admirabiles

501 2376 650 2430 viros
677 2390 781 2429 non
807 2376 1051 2431 similiter
1080 2377 1366 2431 exercebat
1395 2377 1551 2437 Deus.
1578 2376 1670 2430 sed
1705 2377 1843 2431 hunc
1870 2378 2085 2447 quidem

503 2483 601 2538 per
630 2478 1023 2538 paupertatem,
1051 2471 1215 2523 alium
1246 2486 1342 2540 per
1363 2470 1611 2535 divitias;
1644 2472 1786 2526 hunc
1812 2487 1910 2539 per
1940 2483 2087 2525 tran-

502 2560 818 2628 quillitatem
841 2602 856 2627 ,
899 2562 1045 2616 illum
1076 2578 1171 2632 per
1193 2577 1461 2616 (erumnas
1493 2581 1506 2616 :
1536 2565 1706 2616 multo
1749 2562 1916 2630 magis
1946 2577 2087 2615 nunc

502 2653 604 2707 hoc
633 2661 847 2722 oportet
874 2655 1133 2724 cogitare.
1164 2653 1295 2709 Cum
1343 2653 1445 2707 hoc
1481 2663 1659 2708 autem
1707 2653 1835 2706 illud
1876 2668 2087 2723 quoque

502 2759 683 2800 secum
708 2754 959 2814 reputare
984 2752 1216 2813 Oportet,
1244 2759 1437 2813 nempe
1463 2744 1625 2798 multa
1658 2759 1721 2798 ex
1757 2744 1821 2799 iis
1849 2761 1967 2813 quae
1998 2760 2088 2797 ac-

502 2838 684 2891 cidunt
715 2852 818 2890 nou
848 2853 911 2892 ex
940 2838 1082 2891 illius
1109 2839 1373 2892 sententia
1403 2836 1517 2892 ﬁeri
1542 2879 1557 2903 ,
1590 2837 1683 2892 scd
1717 2853 1814 2907 per
1846 2848 2083 2891 nostram

506 2929 795 3000 nequitiam
826 2930 1063 2985 evenire.
1084 2930 1158 2984 Ne
1182 2931 1359 2999 itaque
1381 2929 1553 2994 dicas,
1577 2930 1684 2984 Cur
1706 2930 1791 2984 hic
1812 2930 1960 2984 dives
1979 2938 2082 2995 est,

505 3036 626 3074 cmn
659 3037 888 3091 nequam
917 3023 1018 3085 sit;
1051 3021 1143 3075 ille
1170 3037 1299 3075 vero
1342 3036 1544 3089 pauper
1576 3060 1589 3085 ,
1617 3036 1735 3075 cum
1767 3021 1837 3074 sit
1864 3021 2037 3083 justus
2062 3023 2086 3076 ?

505 3112 707 3167 llorum
734 3113 931 3181 quippe
956 3112 1223 3167 rationem
1250 3112 1380 3166 dare
1408 3113 1533 3168 licet
1563 3155 1577 3177 ,
1609 3128 1672 3167 ac
1700 3114 1879 3168 dicere
1906 3131 1917 3165 ε
1947 3114 2081 3180 Quia

502 3221 677 3274 neque
692 3204 867 3273 justus
892 3220 922 3258 a
952 3214 1261 3275 paupertate
1293 3205 1520 3271 larditur,
1552 3207 1658 3260 imo
1686 3205 1943 3274 majorem
1970 3207 2085 3259 cla-

504 3294 678 3350 ritatis
718 3294 878 3350 habet
916 3296 1321 3359 accessionem;
1364 3305 1419 3349 et
1451 3295 1725 3364 improbus
1756 3295 1914 3349 habet
1952 3296 2085 3348 divi-

504 3388 608 3441 tias
637 3387 879 3457 supplicii
911 3388 1180 3450 viaticum,
1207 3388 1307 3440 nisi
1335 3394 1712 3440 convertatur:
1737 3397 1896 3456 atque
1920 3386 2080 3441 etiam

503 3489 632 3535 ante
678 3480 995 3549 supplicium
1044 3479 1240 3533 divitiae
1292 3479 1365 3533 illi
1423 3479 1682 3532 tnalorum
1727 3480 2084 3547 complurium

503 3587 664 3626 causa
695 3571 862 3638 luere,
895 3581 948 3627 et
970 3573 1021 3625 in
1051 3572 1199 3625 mille
1224 3572 1472 3625 barathra
1503 3571 1794 3626 deduxere.
1826 3572 1963 3625 Deus
1990 3587 2087 3625 au-

506 3675 614 3719 tem
638 3664 689 3718 id
711 3665 795 3733 agi
823 3664 984 3728 sinit,
1020 3663 1181 3717 simul
1213 3663 1437 3717 liberum
1470 3663 1753 3718 arbitrium
1798 3665 2087 3718 voluntatis

503 3754 818 3820 ostendens,
851 3765 904 3809 et
930 3754 1066 3808 alios
1091 3754 1289 3809 docens
1335 3770 1401 3809 ne
1448 3755 1617 3808 insani
1660 3764 1713 3809 et
1751 3754 1988 3810 furentes
2018 3756 2085 3808 ad

507 3846 759 3916 pecunias
792 3846 1045 3900 ferantur.
1089 3845 1227 3911 Quid
1263 3860 1392 3915 ergo
1419 3886 1434 3911 ,
1480 3846 1690 3914 inquies
1721 3886 1736 3909 ,
1765 3860 1886 3900 cum
1912 3847 2087 3900 malus

507 3938 772 4007 quispiam
815 3937 965 3993 dives
1001 3937 1133 3992 nihil
1178 3938 1302 3991 mali
1357 3937 1603 4006 patitur?
1633 3953 1753 3991 nam
1793 3937 1837 3991 si
1885 3940 2085 4007 probus

506 4046 626 4082 cum
651 4030 721 4082 sit
742 4070 754 4092 ,
782 4028 932 4082 dives
960 4037 1076 4095 est,
1096 4029 1217 4097 jure
1244 4028 1469 4092 merito;
1502 4029 1583 4082 sin
1615 4028 1785 4083 malus
1812 4028 1881 4083 sit
1910 4070 1922 4093 ,
1958 4030 2084 4099 quid

506 4120 792 4175 dicemus?
822 4117 973 4187 Quod
1000 4122 1062 4175 sit
1082 4121 1242 4174 etiam
1265 4119 1364 4174 hac
1390 4120 1595 4174 ratione
1619 4120 1938 4176 miserabilis
1966 4138 1979 4172 :
2004 4122 2085 4175 di-

506 4213 649 4266 vitia:
681 4212 822 4266 enim
852 4212 917 4266 ad
950 4212 1239 4281 nequitiam
1259 4212 1523 4281 adjuncta:
1551 4211 1747 4265 malum
1773 4222 2082 4281 aggravant.

504 4303 610 4358 Sed
655 4303 826 4358 bonus
864 4314 984 4370 est,
1013 4314 1068 4357 et
1116 4311 1293 4357 tamen
1341 4302 1577 4372 pauper?
1598 4302 1663 4356 At
1693 4302 1826 4356 nihil
1856 4302 2081 4357 lteditur.

504 4394 612 4449 Sed
635 4393 806 4447 malus
832 4403 908 4449 est
938 4402 991 4447 et
1022 4408 1226 4464 pauper
1250 4394 1275 4447 ἰ
1310 4393 1449 4462 Ergo
1474 4394 1619 4461 juste
1643 4404 1697 4447 et
1724 4409 1819 4464 pro
1848 4396 2039 4448 merito
2067 4436 2082 4459 ,

509 4486 619 4541 imo
656 4493 711 4541 et
747 4485 810 4539 ad
842 4485 1121 4539 utilitatem
1159 4500 1331 4538 suam.
1373 4484 1567 4538 Verum
1608 4484 1698 4539 ille
1725 4525 1740 4547 ,
1771 4485 1983 4554 inquies
2010 4525 2024 4549 ,
2057 4501 2086 4538 a

509 4578 801 4647 majoribus
827 4576 1041 4631 divitias
1070 4576 1298 4645 accepit,
1324 4585 1379 4628 et
1404 4574 1662 4645 diSpergit
1683 4575 1801 4630 illas
1830 4574 2085 4629 meretri-

509 4668 661 4722 cibus
685 4676 738 4721 et
770 4667 1039 4736 parasitis,
1070 4665 1313 4736 nihilque
1338 4664 1463 4719 mali
1492 4664 1709 4733 patitur.
1740 4664 1876 4730 Quid
1903 4664 2036 4717 dicis
2065 4665 2088 4717 ?

508 4756 803 4812 fornicatur
831 4767 880 4811 et
910 4757 1038 4811 nihil
1086 4757 1209 4811 mali
1242 4757 1442 4826 patitur
1470 4758 1493 4809 ?
1524 4756 1819 4810 inebriatur
1848 4764 1902 4809 et
1934 4765 2087 4823 putas

510 4850 683 4916 ipsum
714 4846 952 4900 deliciari
976 4848 999 4900 ?
1019 4848 1082 4900 ad
1113 4847 1241 4900 nihil
1265 4848 1515 4901 decorum
1541 4847 1791 4914 pecunias
1812 4846 2083 4915 expendit,

504 4950 561 4996 et
590 4951 744 5012 putas
778 4940 946 5008 ipsum
976 4940 1314 4992 :cmulationc
1340 4938 1598 5006 dignum?
1621 4949 1676 4991 et
1700 4937 1825 5006 quid
1854 4938 2089 4992 deterius

508 5034 603 5087 illo
631 5034 811 5096 fuerit,
837 5030 925 5100 qui
954 5032 1144 5083 anitum
1170 5045 1280 5081 sua:
1308 5029 1524 5081 exitium
1554 5028 1751 5081 affert?
1778 5028 1853 5081 Tu
1877 5044 2023 5089 vero,
2044 5029 2085 5080 si

511 5140 635 5177 eum
658 5125 914 5176 tneuibris
932 5130 1235 5177 contortum
1256 5129 1312 5175 et
1340 5118 1582 5174 mutilum
1610 5118 1840 5181 videres,
1871 5118 2089 5173 inﬁnitis

516 5216 663 5271 illum
716 5214 962 5284 Iacrymis
1007 5214 1225 5282 dignum
1270 5226 1391 5265 esse
1432 5224 1723 5272 censeres;
1757 5224 1878 5262 cum
1910 5219 2087 5261 autem

510 5308 744 5364 attitnam
775 5306 893 5374 ejus
922 5315 1085 5359 totam
1111 5304 1351 5359 mutilam
1383 5300 1553 5364 vides,
1578 5300 1790 5353 beatum
1817 5299 1964 5351 illum
1997 5313 2091 5349 ex-

511 5401 760 5459 istimas?
792 5401 859 5454 At
890 5414 993 5451 non
1019 5401 1218 5462 sentit,
1250 5375 1477 5465 inquies.
1509 5392 1576 5445 Et
1596 5392 1717 5446 ideo
1744 5390 2090 5445 commisera-

510 5495 657 5548 tione
702 5493 895 5563 dignus
921 5498 1005 5545 est
1036 5530 1051 5555 ,
1084 5499 1140 5545 ut
1167 5490 1255 5558 qui
1288 5485 1577 5542 insaniunt.
1615 5481 1747 5537 Nam
1784 5481 1872 5551 qui
1900 5480 2001 5535 scit
2029 5494 2089 5533 se

509 5594 774 5653 aegrotare
803 5627 817 5650 ,
857 5581 1122 5637 medicum
1166 5595 1386 5650 prorsus
1414 5576 1651 5646 requiret
1674 5612 1690 5635 ,
1718 5580 1772 5625 et
1804 5570 2089 5640 pharmace

512 5680 611 5731 sibi
639 5677 753 5733 dari
777 5684 1005 5748 patietur
1034 5690 1049 5738 ;
1077 5671 1164 5743 qui
1194 5686 1321 5726 vero
1361 5670 1607 5739 ignorat,
1640 5677 1927 5732 numquam
1959 5662 2087 5716 libe-

512 5767 614 5820 rari
654 5766 863 5835 potem.
916 5763 1187 5822 Hunccine
1212 5803 1227 5827 ,
1275 5774 1456 5830 quaeso
1484 5800 1500 5828 ,
1550 5758 1760 5815 beatum
1796 5755 2089 5826 pradicas?

1257 338 1301 399 ε
1357 336 1631 396 JOANNIS
1655 333 2127 394 CHRYSOSTOMI
2171 333 2486 393 ARClllEP.
2524 334 3053 397 CONS'I'ANTINOP.

3667 344 3772 399 ⁸218

2196 453 2301 507 Sed
2334 455 2464 507 nihil
2504 454 2697 509 mirum
2726 471 2740 509 :
2769 466 2896 510 sunt
2920 457 3065 512 enim
3094 458 3398 529 complures
3418 457 3771 530 pltilOSOphia:

2195 544 2446 615 imperiti.
2480 546 2604 603 Ideo
2632 556 2900 604 extremas
2921 548 3109 605 damus
3134 566 3321 620 pmnas
3342 593 3358 616 ,
3387 561 3448 607 ut
3469 553 3557 622 qui
3580 554 3772 622 punia-

2193 655 2313 692 mur
2337 654 2437 694 nec
2465 640 2757 694 liberemur
2783 657 2815 695 a
2845 642 3109 712 supplicio
3134 661 3147 695 :
3188 642 3313 699 ideo
3335 645 3428 699 irze
3460 686 3476 706 ,
3508 657 3773 699 maerores

2192 741 2246 785 et
2273 732 2701 797 perturbationes
2722 732 3065 802 frequentes;
3089 734 3211 804 quia
3234 749 3357 789 eum
3389 736 3551 790 vitam
3580 736 3766 790 dolore

2191 836 2413 875 Vacuam
2441 820 2596 875 nobis
2625 823 2875 878 ostendat
2903 824 3043 878 Deus
3062 865 3077 888 ,
3110 824 3250 877 viam
3278 840 3476 895 nempe
3501 826 3570 880 ad
3599 827 3770 880 virtu-

2194 914 2567 980 tem,nos,illa
2590 915 2798 981 relicta,
2830 917 2988 970 aliam
3018 918 3154 970 viam
3186 918 3535 985 ingredimur,
3559 920 3773 974 divitia-

2193 1018 2310 1057 rum
2339 1021 2530 1070 nempe
2551 1015 2605 1059 et
2628 1008 2885 1073 pecuniae,
2920 1009 3217 1063 innumeris
3247 1009 3458 1079 plenam
3489 1011 3645 1065 malis
3677 1028 3692 1063 :
3721 1018 3776 1065 et

2193 1111 2299 1150 non
2356 1111 2513 1153 secus
2564 1098 2911 1162 facimus,ac
2964 1101 3007 1152 si
3052 1101 3172 1170 quis
3218 1116 3501 1169 corporum
3548 1101 3773 1158 formam

2192 1188 2499 1245 discernere
2523 1206 2626 1243 non
2655 1190 2861 1254 valens,
2892 1193 2985 1246 sed
3016 1203 3183 1248 totmn
3213 1196 3453 1249 tribuens
3478 1197 3776 1249 vestimen-

2193 1282 2261 1333 tis
2299 1290 2353 1335 et
2385 1282 2765 1349 circumposito
2811 1285 3020 1337 ornatui
3053 1326 3067 1345 ,
3102 1284 3388 1339 formosam
3442 1287 3724 1341 mulierem
3754 1326 3773 1348 .

2192 1372 2416 1425 naturali
2448 1373 2841 1441 pulchritudine
2884 1374 3162 1445 praeditam
3206 1377 3393 1431 videns
3420 1380 3731 1445 pneteriret
3754 1418 3774 1441 .

2196 1471 2399 1531 turpem
2423 1473 2600 1517 autem
2621 1506 2636 1530 ,
2669 1464 2977 1519 deformem.
2997 1477 3049 1519 et
3076 1482 3305 1536 corpore
3334 1468 3574 1522 mutilam
3608 1510 3624 1533 ,
3656 1468 3777 1536 pul-

2192 1552 2337 1607 chris
2366 1565 2610 1606 ornatam
2642 1555 2885 1612 vestibus
2914 1556 3181 1623 aspiciens
3209 1596 3225 1621 ,
3257 1573 3477 1612 uxorem
3524 1557 3770 1613 duceret.

2194 1642 2322 1696 Tale
2371 1643 2641 1712 quidpiam
2692 1660 2834 1699 nunc
2886 1644 3025 1699 circa
3080 1646 3327 1700 virtutem
3381 1657 3435 1703 et
3482 1650 3775 1718 nequitiam

2193 1733 2340 1785 multi
2374 1734 2644 1800 patiuntur
2677 1753 2687 1783 :
2720 1746 2926 1801 turpem
2974 1736 3116 1789 illam
3147 1737 3405 1792 adeuntes
3436 1748 3653 1807 propter
3682 1754 3778 1793 ex-

2193 1825 2445 1877 teriorem
2470 1834 2737 1888 ornatum,
2768 1825 3056 1880 formosam
3088 1837 3265 1880 autem
3297 1837 3350 1881 et
3382 1829 3659 1896 pulchram
3686 1846 3775 1885 re-

2194 1923 2449 1981 spuentes
2489 1925 2707 1982 propter
2748 1917 2945 1969 nudam
2980 1918 3123 1971 illius
3162 1919 3607 1986 pulchritudinem
3638 1962 3654 1985 ,
3699 1922 3774 1977 ob

2194 2018 2352 2071 quam
2384 2004 2550 2072 ipsam
2583 2006 2812 2060 maxime
2840 2006 3001 2078 deligi
3021 2009 3324 2074 Oportebat.

2264 2096 2317 2149 6.
2351 2095 2554 2151 Divitia:
2577 2099 2952 2168 ﬂuam—Ideo
2968 2116 3054 2155 me
3083 2099 3242 2169 pudet
3266 2143 3280 2168 ,
3311 2102 3451 2172 quod
3478 2118 3597 2157 eum
3626 2104 3768 2174 apud

2194 2187 2408 2243 Grmeos
2441 2190 2557 2244 illos
2586 2192 2801 2246 insanos
2822 2193 3037 2262 quidam
3058 2194 3161 2247 sint
3180 2195 3268 2264 qui
3295 2197 3373 2249 sic
3397 2196 3777 2266 philosophan-

2195 2290 2280 2333 tur
2304 2321 2320 2345 ,
2364 2281 2575 2335 etiamsi
2604 2298 2711 2336 non
2745 2299 2803 2337 re
2828 2325 2843 2349 ,
2893 2293 3127 2338 attamen
3154 2270 3418 2340 sententia
3450 2328 3465 2349 ,
3496 2296 3550 2341 et
3576 2286 3774 2342 ﬂttxam

2195 2388 2376 2425 rerum
2425 2376 2767 2441 prmsentium
2811 2377 3173 2432 conditionem
3226 2388 3460 2442 norunt;
3493 2382 3631 2447 apud
3676 2397 3775 2434 nos

2194 2464 2407 2532 quidam
2450 2482 2516 2519 ne
2570 2467 2654 2519 illa
2711 2467 2924 2535 quidem
2974 2468 3191 2533 norint,
3246 2468 3338 2522 sed
3383 2478 3437 2523 et
3478 2471 3644 2538 ipsum
3688 2471 3780 2539 ju-

2194 2555 2389 2607 dicium
2416 2567 2727 2625 corruptum
2760 2559 2991 2612 habeant
3017 2577 3028 2612 :
3055 2574 3173 2613 cum
3206 2559 3320 2613 Itale
3340 2560 3517 2613 omnia
3540 2571 3645 2615 tam
3668 2564 3806 2618 lre-.

2193 2656 2417 2713 quenter
2447 2647 2719 2717 Scriptura
2759 2649 2875 2703 lucc
2915 2650 3069 2703 nobis
3103 2650 3352 2705 decantet
3394 2660 3450 2706 et
3488 2652 3669 2707 dicat:
3699 2650 3781 2707 Ad

2192 2736 2405 2789 nihilum
2443 2738 2690 2792 deductus
2737 2748 2809 2793 est
2848 2741 2899 2793 in
2928 2754 3194 2811 conspectu
3235 2745 3344 2811 eius
3381 2745 3635 2813 malignus
3666 2786 3680 2802 .
3714 2748 3780 2797 tio

2193 2836 2381 2879 mentes
2409 2838 2575 2880 autem
2604 2828 2855 2883 Dominus
2885 2832 3136 2900 gloriﬁcat
3167 2832 3339 2900 (Psal.
3367 2832 3453 2885 M.
3487 2835 3566 2902 4).
3603 2833 3780 2887 Timor

2193 2914 2402 2969 Domini
2431 2919 2601 2970 omnia
2621 2922 2874 2987 superavit
2902 2919 3085 2991 (Eccli.
3112 2922 3202 2974 25.
3234 2923 3344 2988 14).
3372 2921 3535 2975 Deum
3561 2925 3697 2985 time,
3728 2935 3780 2978 et

2194 3010 2435 3062 mandata
2459 3011 2568 3077 ejus
2589 3012 2783 3064 custodi
2815 3028 2833 3065 :
2865 3019 2957 3065 hoc
2972 3023 3045 3066 est
3068 3016 3199 3066 enim
3222 3016 3383 3069 omnis
3400 3016 3548 3069 homo
3575 3016 3776 3087 (Eccle.

2194 3101 2281 3155 19..
2314 3104 2426 3169 15).
2458 3102 2585 3155 Noli
2606 3104 2835 3156 atnmlari
2852 3104 2904 3157 in
2934 3105 3347 3175 malignamibus.
3385 3105 3467 3159 Ne
3502 3108 3726 3162 timueris
3758 3153 3776 3176 ,

2191 3211 2307 3247 cum
2336 3196 2471 3248 dives
2494 3196 2659 3264 {atlas
2690 3198 2839 3266 fuerit
2869 3199 3019 3250 homo
3062 3200 3079 3266 (
3112 3196 3256 3252 Psul.
3288 3199 3377 3252 48.
3412 3199 3476 3251 17
3504 3199 3545 3267 ).
3597 3199 3779 3254 Omnis

2193 3304 2312 3340 caro
2342 3292 2533 3359 [mnum
2566 3329 2579 3352 ,
2611 3298 2655 3340 et
2678 3289 2839 3342 omnis
2877 3289 3041 3359 gloria
3086 3290 3302 3342 hominis
3343 3291 3485 3359 quasi
3523 3293 3619 3359 [los
3654 3294 3779 3361 {mni

2195 3378 2347 3446 (Isai.
2377 3380 2466 3433 40.
2500 3380 2579 3449 6).
2604 3379 2729 3433 Hmc
2756 3380 2901 3434 enim
2944 3391 2995 3435 et
3035 3382 3154 3434 talia
3183 3382 3417 3451 quotidie
3449 3382 3726 3437 audientes
3757 3426 3773 3448 ,

2193 3470 2368 3522 adlmc
2395 3479 2550 3523 terrae
2579 3469 2866 3538 afﬁgimur.
2898 3471 2963 3524 Et
3003 3473 3450 3540 quemadmodum
3488 3476 3632 3541 pueri
3675 3478 3778 3528 im-

2195 3560 2349 3629 periti
2379 3560 2690 3629 frequenter
2713 3560 2974 3615 elementa
2999 3562 3286 3626 discentes,
3311 3564 3526 3633 quando
3546 3567 3777 3631 Sparsim

2194 3651 2405 3705 illormn
2431 3652 2562 3706 ordo
2582 3654 2939 3716 examinatur,
2973 3654 3074 3706 alia
3107 3668 3203 3721 pro
3227 3655 3344 3707 aliis
3367 3656 3604 3708 dicentes
3630 3656 3776 3709 mul-

2195 3751 2303 3796 tum
2333 3745 2569 3797 excitant
2612 3746 2777 3798 risum
2807 3763 2819 3798 :
2854 3746 2933 3799 sic
2962 3754 3011 3799 et
3045 3758 3139 3797 vos
3160 3784 3174 3809 ,
3207 3746 3420 3813 quando
3451 3745 3536 3797 illa
3567 3743 3650 3798 hic
3677 3761 3775 3800 or-

2193 3832 2318 3887 dine
2364 3850 2707 3887 numeramus
2738 3877 2753 3900 ,
2789 3845 3072 3903 utcumque
3128 3836 3515 3903 assequimini;
3560 3837 3778 3904 quando

2194 3934 2369 3978 autem
2413 3940 2507 3977 vos
2538 3924 2668 3978 foris
2712 3926 2937 3992 Sparsim
2986 3925 3413 3995 interrogamus,
3439 3940 3559 3995 qua:
3601 3928 3776 3994 prima

2193 4015 2321 4079 sint,
2343 4030 2459 4085 qua:
2485 4015 2716 4068 secunda
2736 4016 2984 4069 harumce
3015 4030 3189 4068 rerum
3218 4016 3482 4070 collocare
3502 4028 3771 4083 oporteat,

2194 4115 2248 4158 et
2309 4122 2551 4176 quamam
2612 4114 2733 4175 post
2780 4106 2881 4159 alia
2938 4107 3229 4170 lucentur;
3275 4122 3395 4160 cuin
3446 4105 3625 4162 dicere
3674 4126 3777 4162 nc-

2195 4198 2396 4260 sciatis,
2432 4197 2641 4252 ridiculi
2669 4198 2821 4252 estis.
2855 4200 3068 4262 Annon,
3113 4214 3298 4267 quaeso
3316 4242 3329 4263 ,
3356 4199 3521 4253 multo
3548 4203 3659 4254 risu
3684 4201 3777 4255 di-

2195 4304 2353 4357 gnum
2382 4298 2465 4342 est
2492 4328 2507 4354 ,
2542 4290 2684 4358 quod
2715 4304 2835 4343 cum
2866 4290 3319 4345 immortalitatem
3348 4302 3722 4359 exspectemus
3755 4334 3775 4358 ,

2193 4390 2249 4434 et
2288 4380 2424 4433 bona
2455 4422 2470 4443 ,
2500 4397 2620 4450 qua:
2647 4394 2747 4435 nec
2772 4383 2957 4436 oculus
2990 4380 3119 4434 vidit
3144 4399 3242 4437 nec
3268 4383 3411 4438 auris
3431 4383 3632 4439 audivit
3669 4401 3780 4441 nec

2195 4472 2247 4524 in
2291 4486 2385 4525 cor
2444 4471 2671 4525 hominis
2730 4472 3138 4538 ascenderunt,
3180 4474 3249 4528 de
3297 4477 3454 4529 rebus
3503 4490 3622 4546 qua:
3678 4473 3775 4531 hic

2188 4573 2414 4618 manent
2443 4562 2833 4617 contendamus
2857 4604 2874 4628 ,
2898 4575 2951 4619 et
2982 4564 3094 4633 ipsa
3123 4566 3464 4620 annulatione
3487 4566 3644 4634 digna
3672 4582 3779 4622 ex-

2196 4652 2535 4707 islitncmus?
2562 4651 2692 4706 Nam
2721 4655 2763 4707 si
2794 4653 2970 4709 adhuc
3014 4654 3129 4709 haec
3163 4670 3301 4725 opus
3325 4655 3492 4711 habes
3516 4655 3724 4714 discere
3755 4700 3773 4726 ,

2193 4742 2338 4811 quod
2364 4740 2562 4793 divitia:
2593 4742 2722 4795 nihil
2747 4758 2996 4813 magnum
3027 4743 3134 4797 sint
3153 4783 3167 4805 ,
3191 4745 3333 4815 quod
3362 4758 3451 4800 res
3481 4757 3776 4814 praesentes

2194 4832 2301 4884 sint
2327 4829 2512 4882 mnbra
2542 4838 2596 4883 et
2619 4832 2882 4886 somnium
2912 4873 2929 4899 ,
2958 4831 3099 4903 quod
3123 4832 3255 4887 [uitii
3286 4836 3454 4889 instar
3476 4831 3778 4891 dissolvan-

2200 4931 2283 4973 tur
2309 4932 2362 4973 et
2382 4921 2595 4975 avolent
2620 4938 2633 4985 ;
2664 4922 2764 4975 ista
2792 4924 3006 4977 interim
3029 4932 3180 4977 extra
3207 4924 3387 4996 adyta,
3415 4926 3467 4978 in
3494 4926 3777 4984 vestibulis

2198 5028 2390 5066 tuane:
2424 5017 2657 5067 nondum
2688 5016 2830 5069 enim
2864 5017 3107 5084 ingressu
3150 5015 3217 5070 ad
3258 5029 3541 5085 supernam
3569 5023 3773 5089 regiam

2196 5107 2386 5176 dignus
2408 5122 2485 5162 es.
2511 5108 2565 5162 Si
2588 5110 2729 5163 enim
2758 5121 3000 5163 naturam
3024 5126 3207 5164 eorum
3238 5110 3540 5167 instabilem
3569 5126 3623 5169 et
3650 5132 3781 5185 per-

2193 5210 2357 5265 petuo
2398 5199 2649 5253 ﬂuentem
2699 5200 3009 5254 discernere
3046 5204 3219 5256 neseis
3250 5244 3265 5265 ,
3306 5201 3639 5271 quandonam
3680 5210 3777 5263 illa

2194 5288 2474 5357 despicere
2518 5290 2767 5357 poteris?
2809 5292 2851 5344 si
2885 5300 2939 5343 te
2955 5291 3094 5346 scire
3122 5292 3269 5347 dicas
3299 5332 3314 5355 ,
3348 5290 3531 5347 desine
3558 5298 3776 5353 curiose

2196 5382 2421 5435 scrutari
2449 5391 2503 5435 et
2530 5382 2800 5450 inquirere
2826 5421 2840 5444 ,
2872 5396 2966 5433 cur
2990 5382 3080 5435 ille
3106 5383 3176 5435 sit
3204 5382 3352 5434 dives
3382 5420 3398 5445 ,
3434 5396 3530 5437 cur
3568 5385 3653 5441 hic
3701 5391 3779 5443 sit

2200 5491 2415 5543 pauper.
2454 5473 2681 5527 Perinde
2712 5477 2854 5527 enim
2885 5472 3018 5528 facis
3047 5476 3160 5528 lucc
3204 5474 3538 5543 interrogans
3565 5517 3580 5539 ,
3609 5488 3777 5547 atque

2197 5568 2240 5619 si
2273 5566 2590 5620 circumiens
2616 5578 2833 5634 rogares
2864 5605 2879 5628 ,
2916 5580 3014 5618 cur
3043 5566 3133 5617 ille
3170 5563 3324 5616 albus
3364 5571 3420 5617 et
3461 5565 3553 5621 ille
3579 5568 3773 5638 niger;

2201 5658 2289 5712 ille
2318 5656 2552 5727 aquilino
2583 5670 2731 5718 naso,
2763 5653 2851 5710 ille
2871 5655 3057 5709 simus.
3084 5654 3233 5709 Sicut
3256 5653 3401 5710 enim
3420 5655 3508 5712 illa
3538 5660 3669 5713 nihil
3698 5662 3771 5714 ad

2202 5765 2318 5817 nos,
2349 5765 2414 5803 an
2448 5748 2574 5813 isto,
2601 5762 2668 5802 an
2694 5747 2785 5803 illo
2810 5748 2969 5805 modo
2992 5761 3050 5803 sc
3071 5744 3333 5802 habeant:
3354 5746 3430 5803 sic
3451 5766 3624 5821 neque
3647 5765 3769 5804 csse
