4022 6214
269 344 375 400 ΞΠ

266 478 526 541 λέγοντας
552 476 705 543 ἡμῖν,
750 475 882 547 φέρε
921 476 1175 547 ἀνωτέρω
1198 476 1290 529 τὸν
1334 477 1493 543 λόγον
1521 475 1839 542 ἀγάγωμεν.

265 553 435 622 ἡνίκα
462 556 613 625 παρά
640 555 735 611 τοῦ
762 557 895 611 Θεοῦ
926 560 955 612 6
984 560 1213 622 πλοῦτος
1234 559 1457 622 ἐδίδοτο,
1483 558 1579 611 καὶ
1607 554 1837 618 ἀπόκρι-

266 636 361 689 ναί
392 654 482 706 μοι
501 654 515 669 ’
549 638 695 701 τίνος
723 640 909 694 ἕνεκεν
929 644 959 695 6
1003 644 1254 714 ’Δϐραάμ
1286 642 1558 705 ἐπλούτει,
1588 641 1616 692 6
1643 636 1701 691 66
1740 636 1847 688 Ἰαο

267 716 389 769 κὼϐ
418 720 511 772 καὶ
534 721 700 793 ἄρτου
731 723 899 778 ἐδεῖτο
919 744 933 792 ;
961 727 1081 795 οὐχί
1115 726 1323 789 δίκαιος
1344 724 1440 779 καὶ
1463 717 1624 785 οὗτος
1642 715 1733 789 ἦν’
1752 716 1848 769 καὶ

269 802 514 867 ἐκείναις
548 804 668 873 οὐχὶ
705 806 909 875 ὁμοίως
931 811 1058 880 περὶ
1082 808 1191 861 τῶν
1216 807 1385 878 τριῶν
1415 822 1603 876 φησιν,
1646 798 1790 869 Ἐγὼ
1814 801 1847 850 ό

274 885 423 950 Θεὸς
455 886 700 955 Ἀϐραὰμ
733 891 831 943 καί
879 891 1085 945 Ἰσαὰκ
1121 890 1223 944 καί
1268 890 1477 946 Ἰακὼϐ
1493 905 1512 953 ;
1539 886 1628 940 διά
1660 884 1711 938 τί
1740 882 1850 934 τοί·
1878 882 1879 885 “

199 972 205 976 ’
270 983 369 1018 νυν
396 970 424 1020 6
448 968 547 1037 μὲν
570 970 842 1036 ἐπλούτει,
872 975 900 1026 6
929 973 986 1025 66
1013 974 1272 1043 ἐθήτευε;
1303 972 1504 1044 μᾶλλον
1537 969 1595 1023 66
1626 966 1713 1020 διά
1742 966 1795 1018 τί
1819 966 1849 1016 6

273 1048 374 1117 μὲν
394 1048 541 1121 [266]
565 1052 734 1105 Ἠσαῦ
758 1054 1027 1119 ἐπλούτει,
1044 1056 1225 1119 ἄδικος
1242 1056 1316 1109 ὢν
1332 1055 1426 1107 καὶ
1439 1048 1846 1120 ἀδελφοκτόνος.

269 1125 425 1195 οὗτος
452 1134 510 1186 δὲ
539 1135 597 1189 ἐν
631 1134 848 1207 δουλείᾳ⁵
873 1134 942 1208 ἦν
981 1139 1171 1207 χρόνον
1198 1137 1454 1191 τοσοῦτον
1478 1153 1497 1199 ;
1527 1134 1617 1188 διά
1650 1132 1703 1188 τί
1743 1132 1850 1184 πά-

271 1213 359 1266 λιν
391 1218 419 1268 6
448 1216 547 1286 μὲν
589 1219 772 1273 Ἰσαὰκ
802 1222 940 1291 μετὰ
970 1222 1149 1285 ἀδείας
1174 1222 1336 1291 ἔζησε
1368 1222 1458 1275 τὸν
1485 1220 1697 1274 ἅπαντα
1729 1217 1851 1286 χρό-

271 1314 386 1360 νον,
416 1301 443 1352 6
477 1300 535 1351 66
586 1300 782 1355 Ἰακὼϐ
817 1304 875 1356 ὲν
908 1304 1129 1373 μόχθοις
1170 1304 1267 1357 καὶ
1308 1304 1705 1373 ταλαιπωρίαις
1731 1316 1744 1330 ’
1770 1299 1850 1352 διὸ

274 1380 371 1432 καὶ
408 1380 582 1447 ἔλεγε,
614 1385 826 1451 Μικραί
850 1386 949 1440 καί
976 1386 1230 1454 πονηραὶ
1259 1389 1318 1440 αἱ
1352 1386 1562 1455 ἡμέραι
1587 1402 1727 1452 μου.
1756 1381 1852 1434 Διά

274 1461 329 1515 τί
355 1465 384 1515 6
415 1464 515 1533 μὲν
539 1464 699 1518 Δαυῒδ
730 1470 1015 1538 προφήτης
1042 1467 1117 1521 ὢν
1151 1469 1244 1521 καλ⁸
1270 1467 1541 1536 βασιλεὺς,
1568 1468 1664 1519 καὶ
1690 1463 1851 1525 αὐτὸς

274 1542 368 1596 τὸν
390 1545 604 1599 ᾶπαντα
631 1547 822 1616 χρόνον
844 1552 901 1602 ἐν
926 1550 1109 1615 πόνοις
1142 1550 1359 1621 ἔζησεν·
1393 1552 1421 1602 6
1443 1549 1501 1601 66
1541 1546 1793 1617 Σολομὼν
1824 1547 1852 1597 6

275 1624 392 1684 υίὸς
407 1624 597 1677 τούτου
611 1629 1015 1700 τεσσαράκοντα
1034 1628 1129 1697 ἔτη
1147 1631 1365 1683 πάντων
1382 1628 1477 1682 ἀνθ
1487 1626 1681 1699 ρώπων
1700 1624 1851 1679 ἀδεέ-

278 1721 471 1775 στερον
520 1707 740 1778 διῆγεν,
780 1713 1005 1782 εἰρήνης
1053 1712 1342 1765 ἀπολαύων
1380 1711 1623 1781 βαθείας,
1671 1708 1850 1777 δόξης,

274 1789 462 1857 τιμῆς,
499 1791 594 1842 καὶ
618 1795 829 1864 τρυφῆς
854 1794 999 1849 ἅπαν
1027 1796 1195 1848 ἐπιὼν
1225 1792 1398 1859 εἷδος;
1439 1794 1490 1846 τί
1526 1794 1727 1860 δήποτε
1760 1791 1855 1843 καὶ

275 1871 336 1923 ὲν
358 1874 471 1936 τοῖς
508 1879 817 1946 προφήταις
853 1878 881 1930 6
932 1879 1032 1949 μὲν
1081 1879 1367 1949 μειζόνως,
1411 1880 1439 1931 6
1468 1878 1525 1929 66
1561 1875 1857 1935 ἐλαττόνως

272 1954 553 2023 ἐθλίϐετο;
584 1957 707 2012 Ὅτι
745 1961 958 2031 έκάσ.ῳ
981 1962 1122 2015 οὕτω
1145 1961 1424 2032 συμφέρον
1447 1956 1532 2032 ἦν.

346 2038 437 2091 Διὸ
488 2040 704 2113 ἑκάστῳ
755 2043 1056 2111 ἀντιλέγειν
1114 2043 1241 2113 χρὴ,
1308 2045 1385 2097 Τὰ
1441 2041 1695 2111 κρίματὰ
1739 2055 1858 2091 σου

274 2120 549 2190 ἄϐυσσος
577 2126 800 2192 πολλή.
831 2127 896 2179 Εί
920 2128 1028 2197 γάρ
1046 2130 1173 2187 τοὺς
1204 2127 1473 2197 μεγάλους
1500 2126 1740 2185 ἐκείνους
1765 2122 1859 2175 καὶ

278 2204 627 2277 θαυμαστοὺς
660 2208 759 2279 οὐχ
786 2211 986 2280 ὁμοίως
1025 2210 1330 2280 ἐγύμναζεν
1364 2212 1392 2263 6
1428 2209 1580 2272 Θεὸς,
1615 2206 1752 2261 ἀλλά
1768 2206 1860 2258 τὸν

278 2289 382 2359 μὲν
413 2288 505 2342 διά
540 2290 751 2355 πενίας,
786 2292 879 2345 τὸν
907 2293 963 2345 δὲ
1000 2292 1087 2345 διά
1120 2292 1374 2357 πλούτου,
1404 2293 1497 2345 καί⁵
1532 2292 1624 2345 τὸν
1665 2290 1763 2359 μὲν
1790 2287 1858 2341 δι’

273 2370 535 2435 ἀνέσεως,
557 2372 650 2425 τὸν
682 2372 739 2425 δὲ
768 2373 854 2427 διὰ
874 2374 1126 2443 θλίψεως,
1160 2374 1339 2445 πολλῷ
1370 2375 1567 2444 μᾶλλον
1599 2371 1693 2425 νῦν
1726 2371 1859 2424 ταῦ-

273 2469 345 2506 τα
374 2456 576 2506 ἐννοεῖν
610 2456 737 2526 χρή.
786 2457 944 2510 Μετά
972 2458 1029 2509 δὲ
1061 2456 1252 2510 τούτου
1281 2458 1502 2511 κάκεῖνο
1548 2453 1861 2523 λογίζεσθαι

273 2535 378 2598 δεῖ,
409 2536 493 2588 ὅτι
526 2537 696 2591 πολλά
721 2538 831 2591 τῶν
863 2540 1269 2609 συμϐαινόντων
1299 2540 1361 2592 οὐ
1389 2538 1529 2592 κατά
1558 2538 1657 2608 τὴν
1692 2534 1858 2589 αὑτοῦ

273 2618 488 2685 γίνεται
514 2620 764 2691 γνώμην,
811 2623 926 2674 ἀλλ’
957 2624 1062 2676 ἀπὸ
1090 2626 1189 2692 τῆς
1215 2622 1490 2693 ἡμετέρας
1520 2621 1740 2683 κακίας.
1768 2618 1860 2689 Μὴ

276 2701 453 2755 τοίνυν
482 2701 629 2770 λέγε,
660 2704 758 2756 Διά
793 2705 844 2756 τί
882 2708 910 2757 ὁ
939 2706 1037 2775 μὲν
1068 2706 1319 2767 πλούσιος
1367 2704 1567 2775 φαῦλος
1602 2703 1698 2765 ῶν,
1740 2705 1769 2755 ὁ
1802 2702 1861 2755 δὲ

275 2785 447 2856 πένης
474 2786 681 2850 δίκαιος
718 2788 827 2851 ῶν;
857 2774 1107 2841 Μάλιστα
1138 2790 1235 2858 μὲν
1260 2790 1369 2860 γάρ
1393 2774 1716 2840 καὶτούτων
1744 2785 1860 2837 ἔστι

274 2868 459 2924 δοῦναι
492 2870 667 2939 λόγον,
693 2872 787 2925 καὶ
816 2873 1010 2925 εἰπεῖν·
1044 2874 1163 2925 Ὅτι
1191 2872 1316 2925 ούτε
1341 2876 1367 2926 6
1392 2872 1597 2934 δίκαιος
1628 2871 1735 2923 ἀπὸ
1760 2870 1861 2939 τῆς

276 2953 467 3016 πενίας
505 2955 618 3025 ἔχει
658 2974 709 3010 τι
735 2955 952 3026 βλάϐος,
992 2956 1128 3008 ἀλλὰ
1156 2958 1250 3009 καὶ
1288 2955 1512 3025 μείζονα
1544 2954 1861 3025 προσθήκην

275 3036 702 3109 εὐδοκιμήσεως,
746 3040 841 3091 καὶ⁵
890 3043 918 3093 ὁ
966 3042 1135 3102 κακὸς
1181 3041 1391 3106 ἐφόδιον
1438 3038 1711 3109 τιμωρίας
1770 3038 1860 3089 τὸν

275 3120 527 3187 πλοῦτον,
551 3121 616 3175 ἂν
650 3123 724 3193 μὴ
750 3123 1139 3193 μεταϐάληται,
1174 3126 1459 3193 κέκτηται·
1501 3124 1594 3174 καὶ
1633 3122 1737 3192 πρὸ
1762 3121 1862 3190 τῆς

275 3202 551 3267 κολάσεως
589 3205 645 3257 δὲ
682 3205 943 3270 πολλάκις
977 3206 1163 3259 κακῶν
1197 3207 1369 3263 αἴτιος
1397 3204 1546 3274 αὐτῷ
1574 3205 1797 3271 γέγονεν
1835 3206 1862 3255 6

276 3285 505 3349 πλοῦτος
528 3287 757 3353 πολλῶν,
778 3288 872 3340 καὶ
905 3290 985 3351 είς
1018 3287 1188 3357 μύρια
1208 3288 1385 3357 ἤγαγε
1417 3286 1684 3357 βάραθρα.
1729 3286 1785 3339 '0
1804 3286 1862 3338 δὲ

275 3369 409 3431 Θεὸς
456 3369 700 3440 ἀφίησιν,
742 3369 877 3439 ὁμοῦ
931 3386 990 3422 τε
1030 3369 1245 3432 δεικνὺς
1283 3368 1345 3421 τὸ
1381 3370 1726 3433 αὐτεξούσιον
1763 3370 1862 3439 τῆς

276 3451 674 3522 προαιρέσεως,
706 3451 841 3521 ὁμοῦ
861 3469 921 3505 τε
944 3452 1074 3514 τοὺς
1106 3451 1299 3515 ἄλλους
1330 3452 1599 3506 παιδεύων
1637 3450 1711 3522 μὴ
1737 3453 1862 3521 μαί-

275 3536 465 3589 νεσθαι
505 3536 638 3606 μηδὲ
675 3535 873 3607 λυττᾷν
903 3538 1032 3607 περὶ
1062 3536 1133 3589 τά
1164 3541 1447 3607 χρήματα.
1483 3538 1547 3589 Τί
1580 3534 1704 3601 οὖν,
1733 3538 1861 3590 ὅταν

276 3617 515 3687 πονηρός
543 3634 625 3679 τις
653 3617 728 3670 ῶν
757 3618 982 3689 πλουτῇ,
1012 3620 1105 3673 καὶ
1137 3620 1301 3690 μηδὲν
1333 3620 1513 3689 πάσχῃ
1536 3620 1733 3685 δεινόν;
1760 3638 1862 3690 φη-

277 3701 363 3753 σίν
382 3717 396 3731 ο
428 3700 495 3753 ἂν
532 3700 634 3769 μὲν
664 3700 774 3771 γάρ
814 3703 1016 3769 ἀγαθὸς
1046 3701 1121 3755 ὣν
1152 3704 1383 3773 πλουτῇ,
1425 3704 1669 3767 δικαίως
1712 3706 1777 3759 ἂν
1804 3706 1860 3758 δὲ

275 3783 536 3853 πονηρὸς,
570 3782 621 3834 τί
643 3783 911 3853 ἐροῦμεν;
940 3786 1059 3837 Ὀτι
1092 3786 1384 3857 καὶταύτῃ
1419 3787 1671 3848 ἐλεεινός
1705 3788 1864 3841 πλοῦ-

274 3883 368 3928 τος
401 3868 510 3936 γάρ
547 3869 782 3938 πονηρίᾳ
810 3869 1239 3938 προσγινόμενος
1274 3869 1547 3938 ἐπιτρίϐει
1574 3870 1635 3922 τὸ
1667 3871 1858 3933 πάθος.

286 3948 431 4003 Ἀλλ’
461 3950 664 4018 ἀγαθός
688 3951 825 4013 ἐστι,
862 3952 956 4005 καὶ
990 3952 1240 4017 πένεται;
1276 3952 1415 4005 Ἀλλ’
1444 3953 1599 4005 οὐδὲν
1625 3952 1859 4023 βλάπτε-

273 4048 390 4087 ται.
448 4032 610 4086 ’Δλλά
656 4034 891 4105 πονηρός
933 4036 1071 4098 ἐστι,
1106 4035 1201 4088 καὶ
1245 4036 1495 4100 πένεται;
1534 4035 1743 4089 Οὐκοῦν
1782 4036 1861 4089 δι-

275 4114 449 4178 καίως
470 4115 563 4167 καὶ
588 4117 902 4182 κατ’ἀξίαν,
932 4117 1132 4187 μᾶλλον
1165 4118 1221 4170 δὲ
1253 4119 1349 4171 καὶ⁵
1376 4119 1663 4189 χρησίμως
1687 4119 1857 4189 αὐτῷ,

288 4196 433 4251 Ἀλλ’
461 4201 491 4253 6
520 4197 688 4261 δεῖνα,
737 4199 893 4270 φησὶ,
939 4201 1092 4271 παρὰ
1130 4202 1410 4273 προγόνων
1446 4202 1662 4266 ἐδέξατο
1693 4201 1860 4255 πλοῦ-

274 4297 391 4346 τον,
424 4282 521 4337 καὶ
555 4282 840 4353 σκορπίζει
890 4283 1079 4337 τοῦτον
1119 4286 1198 4348 εἰς
1241 4286 1445 4355 πόρνας
1488 4287 1583 4339 καὶ
1624 4285 1860 4355 παρασί-

275 4382 424 4427 τους,
454 4366 547 4418 καὶ
575 4366 728 4420 οὐδὲν
750 4367 949 4438 πάσχει
973 4369 1164 4423 δεινόν.
1198 4370 1263 4421 Τί
1298 4368 1436 4440 φῄς;
1468 4370 1741 4441 πορνεύει,
1768 4370 1860 4421 καὶ¹

276 4449 475 4516 λέγεις,
494 4449 661 4501 Οὐδὲν
685 4451 881 4521 πάσχει
902 4452 1107 4519 δεινόν;
1140 4453 1346 4521 μεθύει,
1376 4456 1471 4507 καὶ
1495 4456 1736 4523 νομίζεις
1758 4454 1860 4506 αύ-

275 4532 371 4585 τὺν
399 4532 645 4600 τρυφᾷνς
678 4535 759 4597 εις
789 4535 942 4587 οὐδὲν
969 4536 1086 4588 δέον
1120 4536 1353 4607 δαπανᾷ,
1380 4539 1471 4591 καὶ
1497 4538 1736 4607 ζηλωτὸν
1760 4539 1859 4591 αὐ-

273 4615 370 4668 τὸν
400 4608 543 4667 εἶναι
572 4613 677 4685 φῄς
708 4626 770 4677 ις
807 4616 902 4667 καὶ
929 4617 981 4668 τί
1006 4620 1186 4685 χεῖρον
1214 4620 1413 4685 γένοιτ’
1437 4621 1502 4673 ἂν
1546 4621 1735 4673 τούτου
1763 4619 1857 4673 τοῦ

274 4699 379 4771 τὴν
400 4696 580 4767 ψυχὴν
614 4696 1009 4767 λυμαινομένου
1035 4717 1049 4764 ;
1082 4700 1152 4752 Σὺ
1182 4701 1259 4760 δέ,
1298 4703 1346 4751 εί
1376 4702 1477 4770 μὲν
1502 4702 1562 4753 τὸ
1589 4702 1748 4769 σῶμα
1780 4703 1857 4753 δι-

276 4782 550 4852 έστραπτο
587 4779 680 4833 καὶ
718 4780 1035 4848 πεπήρωτο.
1069 4781 1279 4849 μυρίων
1313 4780 1379 4833 ἂν
1414 4781 1551 4850 ἔφης
1577 4782 1726 4843 ἀξιον
1756 4783 1856 4833 αύ-

276 4862 369 4915 τὺν
405 4859 543 4917 εἶναι
572 4863 842 4933 δακρύων,
873 4861 972 4932 τὴν
997 4861 1053 4913 δὲ
1078 4861 1257 4931 ψυχὴν
1288 4862 1452 4914 αὐτοῦ
1481 4864 1659 4915 πᾶσαν
1683 4881 1859 4933 πεπη-

285 4946 536 5016 ρωμένην
578 4946 739 5017 ὁρῶν,
792 4947 886 4998 καὶ
936 4944 1203 5014 μακάριον
1256 4944 1524 5013 νομίζεις;
1573 4946 1712 4999 Ἀλλ’
1755 4948 1858 5000 οὐκ

283 5026 615 5090 αίσθάνεται,
642 5029 794 5097 φησί.
836 5028 946 5083 Καὶ
988 5027 1054 5079 δι’
1088 5026 1221 5080 αὐτὸ
1256 5026 1355 5097 μὲν
1380 5023 1473 5081 οὖν
1510 5029 1667 5082 τοῦτο
1696 5030 1857 5085 πάλιν

280 5108 535 5171 ἐλεεινὸς,
566 5108 753 5181 ὥσπερ
786 5114 833 5164 οί
862 5111 1283 5181 παραπαίοντες.
1319 5110 1380 5162 '0
1409 5112 1510 5181 μὲν
1540 5113 1649 5182 γὰρ
1677 5113 1853 5177 είδὼς,

280 5193 363 5246 ὅτι
407 5193 569 5253 νοσεῖ,
614 5194 706 5243 καὶ
741 5193 831 5245 τὸν
887 5195 1067 5264 ἰατρὸν
1109 5192 1426 5263 ἐπιζητήσει
1482 5194 1722 5257 πάντως,
1764 5199 1851 5250 καὶ

280 5273 590 5345 φαρμάκων
628 5273 894 5336 ἀνέξεται·
927 5278 955 5328 6
989 5277 1045 5329 δὲ
1080 5276 1307 5344 ἀγνοῶν,
1331 5274 1451 5327 ούδέ
1479 5276 1860 5347 ἀπαλλαγῆναι

279 5354 795 5425 δυνήσεται.Τοῦτον
811 5354 904 5410 οὖν
920 5359 1243 5427 μακαρίζεις
1258 5377 1270 5421 ;
1286 5358 1405 5411 είπέ
1425 5377 1535 5429 μοι.
1555 5359 1693 5412 Ἀλλ’
1706 5362 1858 5415 οὐδὲν

282 5439 617 5511 θαυμαστόν·
650 5438 964 5507 φιλοσοφίας
992 5442 1101 5511 γάρ
1130 5445 1179 5495 οί
1205 5442 1420 5505 πλείους
1446 5442 1593 5514 [9.67]
1618 5442 1856 5517 ἄπειροι.

280 5523 385 5578 Διά
430 5524 588 5579 τοῦτο
627 5522 727 5593 τὴν
758 5522 992 5592 ἐσχάτην
1028 5525 1246 5595 τίνομεν
1275 5526 1451 5597 δίκην,
1483 5526 1854 5597 κολαζόμενοι,

348 5780 373 5807 ³
404 5778 663 5845 agebatur
689 5780 768 5828 καὶ
786 5778 984 5835 νομίζεις
1005 5780 1146 5827 αὐτὸν
1167 5784 1203 5835 ζ,
1236 5781 1367 5829 εἶναι.

1269 359 1335 414 ΙΝ
1371 355 1586 412 EPIST.
1630 350 1767 407 IAD
1803 348 1962 403 COB.
2004 346 2237 403 HOMIL.
2266 347 2459 402 XXIX.

1951 468 2044 521 καὶ
2097 466 2221 521 οὐδὲ
2268 465 2731 532 ἀπαλλαττόμενοι
2768 461 2868 530 τῆς
2917 459 3186 527 τιμωρίας
3208 469 3221 481 ·
3247 450 3338 504 διά
3363 450 3521 503 τοῦτο

1951 549 2112 620 θυμοὶ
2133 551 2225 603 καὶ
2257 550 2484 620 ἀθυμίαι
2520 548 2617 603 καὶ
2641 544 2860 616 θόρυϐοι
2879 542 3166 611 διηνεκεῖς,
3190 533 3381 603 ἐπειδὴ
3410 532 3523 603 βίον

1950 633 2153 686 ἄλυπον
2192 633 2466 700 δείξαντος
2497 633 2629 702 ήμῖν
2670 628 2763 681 τοῦ
2810 623 2976 687 Θεοῦ,
3019 621 3110 675 τὸν
3148 623 3248 690 τῆς
3290 620 3523 690 ἀρετῆς,

1950 713 2111 786 ἡμεῖς
2151 716 2355 787 ταύτην
2401 701 2663 784 ἀφέντες,
2712 709 2905 780 ἑτέραν
2953 706 3221 787 τέμνομεν
3262 702 3385 787 ὁδὸν
3426 701 3528 769 τὴν

1954 784 2043 854 τοῦ
2072 784 2434 854 πλούτουήκαὶ
2466 798 2575 851 τῶν
2601 795 2921 867 χρημάτων,
2952 789 3051 860 τὴν
3085 786 3292 859 μυρίων
3323 784 3529 867 γέμου-

1954 900 2051 935 σαν
2093 882 2299 935 κακῶνο
2355 881 2447 935 καὶ
2479 880 2671 933 ταύτὸν
2710 875 2987 945 ποιοῦμεν,
3026 870 3214 939 ῶσπερ
3255 867 3321 922 ἂν
3365 864 3420 919 εῐ
3441 882 3527 927 τις

1954 968 2220 1036 σωμάτων
2263 966 2365 1018 οὐκ
2396 961 2550 1026 εἰδὼς
2586 959 2882 1031 διακρίνειν
2911 956 3125 1018 κάλλος,
3162 950 3297 1036 ἀλλά
3323 949 3385 1036 τδ
3422 950 3531 999 πᾶν

1952 1031 2064 1114 τοῖς
2090 1049 2326 1119 ἱματίοις
2355 1046 2634 1116 τιθέμενος
2678 1042 2773 1096 καὶ
2803 1040 2881 1111 τῷ
2911 1035 3280 1109 περικειμένῳ
3318 1031 3530 1100 κόσμῳ,

1952 1135 2051 1205 τὴν
2094 1118 2191 1204 μὲν
2225 1131 2432 1203 ὡραίαν
2460 1130 2694 1198 γυναῖκα
2734 1124 2831 1179 καὶ
2862 1123 3089 1192 φυσικὸν
3112 1118 3310 1205 κάλλος
3325 1130 3534 1205 ⁸κεικτηῐ

1957 1196 2126 1287 μένην
2154 1196 2287 1269 ίδὼν
2315 1196 2697 1283 παραδράμοι*
2726 1208 2823 1280 τὴν
2852 1206 2909 1260 δέ
2935 1204 3168 1287 αίσχράν
3202 1202 3298 1255 καὶ
3320 1196 3535 1287 δυσειδῆ

1954 1278 2049 1353 καὶ
2074 1278 2136 1351 τὸ
2167 1298 2325 1368 σῶμα
2358 1278 2659 1364 ἀνάπηρον,
2688 1278 2828 1344 καλά
2860 1289 3051 1360 ἱμάτια
3079 1286 3319 1368 ἔχουσαν⁸
3339 1278 3538 1368 θεασάς

1958 1398 2135 1453 μενος,
2163 1362 2397 1449 γυναῖκα
2435 1362 2713 1447 ἀγάγοιτο.
2746 1372 2997 1429 Τοιοῦτόν
3042 1389 3095 1423 τι
3140 1368 3233 1431 καὶ
3271 1365 3374 1453 νῦν.
3410 1362 3537 1453 περὶ

1952 1445 2051 1535 τὴν
2080 1445 2279 1534 ἀρετὴν
2307 1463 2401 1515 καὶ
2437 1445 2534 1531 τήν
2560 1445 2769 1514 κακίαν
2810 1458 3108 1524 πάσχουσιν
3129 1452 3176 1503 οί
3204 1447 3411 1510 πολλοὶ,
3438 1445 3539 1535 τῂν

1957 1533 2056 1618 μέν
2080 1533 2311 1618 αίσχράν
2338 1548 2498 1616 φύσει
2526 1546 2877 1617 προσιέμενοι
2907 1542 2996 1595 διά
3025 1544 3115 1593 τὸν
3139 1536 3336 1602 ἔξωθεν
3365 1533 3539 1601 αὐτῆς

1954 1633 2180 1700 κόσμον,
2212 1631 2308 1701 τὴν
2335 1632 2393 1684 δὲ
2422 1631 2627 1703 ὡραίαν
2655 1631 2748 1682 καὶ
2770 1627 3044 1698 εῦμορφον
3071 1618 3540 1691 ἀποστρεφόμενοι

1953 1717 2041 1771 διὰ
2087 1717 2149 1769 τὸ
2194 1717 2401 1785 γυμνὸν
2443 1716 2616 1786 αὐτῆς
2670 1715 2886 1777 κάλλος,
2915 1714 2984 1765 δι’
3017 1712 3045 1764 ὃ
3089 1710 3324 1781 μάλιστα
3370 1706 3541 1776 αὐτὴν

1956 1800 2172 1854 ἑλέσθαι
2202 1801 2392 1870 ἐχρῆν.

2032 1890 2106 1948 ς’.
2129 1883 2226 1937 Διά
2262 1883 2419 1936 τοῦτο
2433 1882 2778 1953 αἰσχύνομαι,
2802 1882 2883 1933 ὅτι
2911 1881 3040 1948 παρ’
3058 1877 3282 1947 Ἕλλησι
3312 1874 3410 1945 μὲν
3430 1874 3543 1933 τοῖς

1956 1968 2207 2037 ἀνοήτοις
2248 1968 2384 2020 εἰσὶν
2432 1967 2480 2019 οἱ
2520 1965 2696 2019 ταῦτα
2747 1964 3182 2033 φιλοσοφοῦντες,
3232 1962 3280 2013 εί
3322 1959 3415 2013 καὶ
3467 1957 3545 2028 μὴ

1958 2051 2297 2119 πράγμασιν,
2333 2048 2470 2103 ἀλλά
2493 2052 2558 2119 τῇ
2581 2048 2775 2119 γνώμη
2798 2048 2927 2116 γοῦν
2948 2048 3109 2113 τέως,
3140 2047 3231 2100 καί⁵
3254 2044 3455 2104 εἰδότες
3482 2042 3545 2093 τὸ

1958 2134 2068 2185 τῶν
2117 2134 2399 2203 παρόντων
2450 2132 2716 2202 ἐπίκηρον
2738 2146 2752 2161 ⁸
2815 2134 2945 2202 παρ’
2984 2132 3115 2200 ἡμῖν
3157 2129 3215 2182 66
3252 2127 3383 2181 ἔνιοι
3422 2124 3546 2179 οὐδὲ

1956 2216 2132 2269 ταῦτα
2156 2215 2492 2278 ἐπίστανται,
2516 2215 2652 2267 ἀλλὰ
2672 2215 2766 2268 καὶ
2786 2213 2885 2285 τὴν
2908 2215 3089 2282 κρίσιν
3110 2211 3278 2280 αὐτὴν
3298 2208 3549 2278 διεφθαρ‹

1963 2300 2135 2366 μένην
2176 2296 2377 2367 ἔχουσι,
2416 2299 2509 2350 καὶ
2551 2297 2725 2351 ταῦτα
2758 2298 2869 2351 ἀνω
2894 2296 2989 2349 καὶ
3018 2296 3169 2348 κάτω
3194 2295 3293 2361 τῆς
3320 2294 3547 2362 Γραφῆς

1959 2379 2265 2452 ἐπᾳδούσης
2314 2383 2448 2449 ἡμῖν
2498 2382 2594 2435 καί¹
2640 2380 2925 2450 λεγούσης’
2981 2375 3402 2443 Ἑξουδέγωται
3445 2373 3547 2427 ἐν·

1958 2465 2145 2517 ὠπιον
2196 2462 2383 2516 αὐτοῦ
2427 2463 2926 2531 πονηρευόμενος,
2968 2460 3110 2525 τοὺς
3151 2458 3220 2511 δὲ
3258 2455 3549 2525 φοϐουμέ-

1960 2565 2108 2612 νους
2130 2546 2237 2598 τὸν
2260 2546 2480 2612 Κύριον
2499 2544 2748 2609 δοξάζει.
2779 2545 2967 2609 Φόϐος
2993 2542 3214 2609 Κυρίου
3241 2539 3394 2606 ὑπὲρ
3425 2537 3549 2592 πᾶν

1959 2628 2313 2698 ὑπερέϐαλε.
2349 2628 2460 2682 Τὸν
2487 2629 2638 2681 Θεὸν
2665 2629 2874 2697 φοϐοῦ,
2904 2628 3001 2680 καί
3038 2626 3147 2691 τὰς
3166 2624 3421 2689 ἐντολὰς
3444 2623 3546 2675 αὑ-

1961 2714 2068 2766 τοῦ
2136 2714 2442 2779 φύλασσε,
2504 2712 2595 2764 ὅτι
2645 2711 2822 2765 τοῦτο
2874 2708 2992 2775 πᾶς
3046 2709 3378 2775 ἄνθρωπος.
3449 2703 3549 2771 Μὴ

1960 2792 2305 2863 παραζήλου
2360 2794 2431 2846 ἐν
2482 2793 2608 2859 τοῖς
2655 2790 3193 2860 πονηρευομένοις·
3240 2789 3325 2857 μὴ
3360 2787 3549 2853 φοϐοῦ

1962 2878 2108 2932 ὅταν
2144 2875 2466 2943 πλουτήσῃ
2502 2876 2833 2942 ἅνθρωπος.
2871 2874 3045 2927 Πᾶσα
3101 2872 3259 2940 σὰρξ
3309 2870 3547 2940 χόρτος,

1960 2962 2058 3015 καὶ
2123 2958 2293 3018 πᾶσα
2344 2959 2495 3023 δόξα
2554 2958 2870 3025 ἀνθρώπου
2923 2956 3004 3021 ὡς
3063 2955 3247 3021 ἄνθος
3307 2955 3545 3021 χόρτου.

1960 3042 2148 3096 Ταῦτα
2175 3044 2283 3113 γάρ
2318 3043 2414 3095 καὶ
2450 3040 2519 3093 τά
2552 3039 2777 3093 τοιαῦτα
2823 3038 2945 3092 καθ’
2976 3039 3214 3106 ἑκάστην
3260 3035 3549 3096 ἀκούοντες

1960 3128 2062 3197 τὴν
2093 3127 2326 3197 ἡμέραν,
2354 3125 2433 3177 ἐτι
2477 3126 2543 3194 τῇ
2584 3127 2653 3194 γῇ
2687 3122 3108 3194 προσηλώμεθα.
3149 3121 3257 3174 Καὶ¹
3299 3120 3550 3188 καθάπερ

1961 3210 2151 3262 παιδία
2176 3207 2364 3279 ἀμαθῆ
2393 3207 2631 3276 συνεχῶς
2654 3206 2721 3259 τὰ
2748 3209 2986 3275 στοιχεῖα
3011 3203 3369 3274 μανθάνοντα,
3398 3205 3548 3256 ἐπει-

1961 3290 2059 3344 δὰν
2085 3290 2504 3360 διεσπαρμένως
2532 3287 2851 3358 ἐξετάζηται
2894 3290 3023 3358 περ).
3059 3287 3157 3357 τῆς
3186 3285 3410 3339 ἐκείνων
3447 3284 3547 3338 τά-

1963 3373 2117 3438 ξεως,
2147 3374 2311 3443 ἔτερα
2343 3370 2459 3425 ἀνθ’
2489 3373 2676 3443 ἐτέρου
2714 3372 2942 3440 λέγοντα
2968 3371 3135 3424 πολὺν
3168 3371 3307 3423 κινεῖ
3329 3370 3419 3421 τὸν
3451 3368 3545 3435 γέ-

1959 3457 2128 3511 λωτα’
2154 3456 2297 3509 οὕτω
2329 3456 2422 3509 καὶ
2452 3456 2629 3525 ὑμεῖς,
2658 3456 2787 3508 ὃταν
2819 3455 2918 3525 μὲν
2950 3453 3184 3507 ἐνταῦθα
3217 3452 3359 3506 κατά
3392 3451 3547 3519 τάξιν

1961 3541 2103 3594 αὐτὰ
2144 3541 2273 3609 ὑμῖν
2328 3538 2746 3608 καταλέξωμεν,
2806 3539 3159 3608 ὁπωσδήποτε
3203 3536 3546 3606 παρακολου-

1960 3626 2124 3677 θεῖτε
2156 3624 2282 3676 ὅταν
2312 3623 2368 3675 δὲ
2406 3621 2510 3685 ἔξω
2536 3621 2948 3692 διεσπαρμένως
2980 3622 3123 3690 ὑμᾶς
3155 3620 3545 3691 ἐρωτήσωμεν,

1961 3709 2089 3759 ποῖα
2124 3705 2223 3775 μὲν
2245 3704 2460 3775 πρῶτα,
2495 3707 2625 3757 ποῖα
2670 3703 2726 3756 δὲ
2769 3704 2996 3773 δεύτερα
3038 3703 3148 3756 τῶν
3198 3703 3544 3773 πραγμάτων

1959 3791 2174 3843 τάττειν
2203 3788 2371 3853 ἄξιον,
2403 3786 2498 3839 καὶ
2527 3786 2648 3839 τίνα
2698 3786 2835 3855 μετά
2890 3785 3032 3849 τίνα,
3083 3786 3185 3838 οὐκ
3217 3785 3417 3846 ειδότες
3463 3786 3543 3837 εί-

1960 3874 2103 3935 πεῖν,
2143 3870 2536 3937 καταγέλαστοι
2569 3870 2803 3939 γίνεσθε.
2836 3864 2912 3923 Ἦ
2942 3869 3003 3922 οὗ
3050 3867 3246 3922 πολλοῦ
3282 3868 3541 3936 γέλωτος,

1961 3955 2082 4008 εἰπέ
2121 3972 2231 4024 μοι,
2264 3954 2561 4008 ἀθανασίαν
2592 3952 3023 4023 προσδοκῶντας,
3053 3954 3148 4007 καὶ
3178 3953 3246 4007 τά
3274 3951 3475 4020 ἀγαθά,
3506 3952 3545 4006 ἃ

1960 4036 2084 4090 οὔτε
2105 4037 2379 4108 ὀφθαλμὸς
2396 4034 2555 4099 εἶδεν,
2575 4037 2698 4089 οὕτε
2731 4032 2823 4099 οῦς
2851 4037 3102 4107 ήκουσεν,
3140 4033 3263 4087 οὔτε
3286 4035 3376 4087 ἐπὶ
3403 4050 3543 4106 καρ-

1960 4120 2080 4174 δίαν
2116 4118 2403 4190 ἀνθρώπου
2443 4120 2633 4191 ἀνέϐη,
2685 4121 2812 4189 περὶ
2857 4119 2966 4172 τῶν
3003 4118 3237 4172 ἐνταῦθα
3272 4116 3543 4188 μενόντων

1962 4203 2306 4272 φιλονεικεῖν,
2342 4202 2435 4255 καὶ
2459 4202 2673 4271 ζηλωτὰ
2707 4202 2845 4255 αὑτά
2874 4198 3011 4254 εἶναι
3047 4201 3407 4271 νομίζεινςΕί
3432 4198 3542 4269 γάρ

1962 4286 2041 4339 ἔτι
2092 4285 2263 4339 ταῦτα
2305 4285 2493 4355 χρείαν
2549 4285 2689 4355 ἔχεις
2749 4284 3061 4353 μανθάνειν,
3101 4286 3181 4337 ὅτι
3210 4283 3362 4336 οὐδὲν
3399 4282 3543 4351 μέγα

1961 4368 2209 4433 πλοῦτος,
2246 4370 2327 4421 ὅτι
2366 4369 2491 4421 σκιά
2520 4368 2590 4421 τά
2622 4368 2866 4438 παρόντα
2899 4368 2992 4420 καὶ
3026 4368 3182 4437 ὄναρ,
3222 4367 3303 4418 ὅτι
3333 4367 3541 4419 καπνοῦ

1957 4453 2112 4519 δίκην
2138 4450 2409 4505 διαλύεται
2436 4452 2528 4503 καὶ
2549 4451 2872 4520 ἀφίπταταιυ
2899 4449 3003 4513 ἔξω
3026 4449 3133 4502 τῶν
3153 4448 3361 4501 ἀδύτων
3386 4448 3540 4517 στῆθι

1958 4536 2118 4600 τέως,
2146 4536 2203 4587 ἐν
2235 4536 2349 4596 τοῖς
2388 4533 2741 4604 προπυλαίοις
2788 4532 2936 4603 μένε·
2970 4531 3123 4585 ούπω
3159 4533 3268 4602 γάρ
3304 4532 3402 4599 τῆς
3427 4531 3543 4582 είσ-

1958 4619 2081 4672 όδου
2109 4619 2209 4686 τῆς
2236 4618 2372 4687 πρὸς
2400 4617 2468 4669 τά
2490 4616 2601 4673 ἀνω
2633 4616 2875 4685 βασίλεια
2902 4616 3050 4681 ἄξιος
3070 4616 3319 4682 γέγονας.
3346 4614 3409 4666 Et
3433 4613 3541 4683 γάρ

1959 4698 2057 4769 τὴν
2103 4699 2265 4766 φύσιν
2295 4698 2473 4750 αὐτῶν
2501 4698 2797 4763 διακρίνειν
2847 4697 2947 4747 οὐκ
2996 4692 3153 4747 οἶσθα
3180 4696 3278 4764 τὴν
3308 4695 3542 4749 ἄστατον

1959 4782 2053 4834 καὶ
2074 4778 2336 4849 διηνεκῶς
2362 4777 2616 4845 ῥέουσαν,
2641 4777 2771 4830 πότε
2798 4778 2977 4829 αὐτῶν
3004 4777 3279 4847 ὑπεριδεῖν
3298 4776 3538 4850 δυνήσῃς

1959 4866 2006 4917 εί
2029 4863 2086 4915 66
2106 4862 2283 4928 λέγεις
2309 4859 2527 4921 εἰδέναι,
2550 4858 2755 4911 παῦσαι
2777 4859 3248 4931 πολυπραγμονῶν
3280 4861 3370 4915 καὶ
3393 4877 3543 4931 περι-

1959 4947 2343 5018 εργαζόμενος,
2372 4943 2423 4995 τί
2454 4943 2653 5013 δήποτε
2679 4947 2707 4997 6
2740 4944 2887 4999 δεῖνα
2917 4945 3190 5010 πλούσιος,
3226 4948 3318 5000 καὶ
3343 4945 3371 4998 6
3394 4943 3541 4995 δεῖνα
3570 4934 3585 4945 ι

1958 5030 2148 5098 πένης.
2197 5028 2404 5081 Ταύτὸν
2449 5026 2557 5097 γὰρ
2600 5030 2775 5090 ποιεῖς
2824 5026 2999 5081 ταῦτα
3054 5026 3293 5097 ἐρωτῶν,
3339 5024 3540 5076 ὡσανεὶ

1958 5112 2190 5184 περιιὼν
2235 5110 2556 5173 ἐπυνθάνου,
2588 5111 2736 5182 [268]
2780 5112 2834 5163 τί
2876 5111 3072 5181 δήποτε
3114 5111 3143 5160 6
3168 5110 3313 5165 δεῖνα
3349 5105 3541 5169 λευκὸς

1958 5200 2051 5250 καὶ
2090 5201 2117 5251 ό
2142 5198 2290 5251 δεῖνα
2337 5196 2519 5265 μέλας,
2551 5195 2582 5265 ἢ
2616 5196 2643 5246 6
2676 5195 2821 5248 δεῖνα
2850 5192 3057 5263 γρυπὸς
3093 5192 3189 5248 καὶ
3221 5196 3250 5247 6
3280 5192 3429 5248 δεῖνα
3458 5209 3542 5245 σι-

1961 5283 2080 5353 μός.
2117 5282 2328 5351 Ὥσπερ
2367 5280 2475 5348 γάρ
2513 5279 2664 5331 οὐδὲν
2704 5277 2874 5330 ταῦτα
2906 5279 3039 5347 ήμῖν
3084 5276 3351 5349 διαφέρει,
3385 5278 3451 5333 ἄν
3476 5292 3541 5332 τε

1958 5363 2152 5428 οὓτως,
2176 5364 2241 5417 ἀν
2266 5379 2327 5417 τε
2352 5362 2577 5423 ἐκείνως
2599 5362 2717 5431 ἔχῃ,
2741 5358 2913 5422 οὕτως
2940 5359 3060 5411 οὐδὲ
3082 5360 3143 5413 τὸ
3171 5359 3426 5415 πένεσθαι
3442 5360 3541 5414 καὶ

1960 5446 2231 5511 πλουτεῖν,
2272 5445 2367 5499 καὶ
2403 5444 2582 5513 πολλῷ
2612 5443 2811 5513 μᾶλλον
2844 5442 2876 5512 ἢ
2913 5444 3115 5497 ἐκεῖναο
3153 5443 3290 5498 ἀλλά
3334 5444 3395 5496 τὸ
3428 5444 3539 5496 πᾶν

1960 5529 2112 5600 παρά
2148 5529 2241 5582 τὸν
2276 5527 2375 5598 τῆς
2420 5528 2667 5597 χρήσεως
2707 5525 2913 5591 γίνεται
2953 5528 3172 5598 τρόπον.
3208 5525 3328 5583 Κάν
3367 5523 3539 5598 πένης

1960 5608 2049 5685 ᾗς.
2103 5612 2326 5665 δύνασαι
2377 5612 2515 5679 μετὰ
2571 5607 2835 5678 εὐθυμίας
2882 5610 2982 5683 ζῇν
3042 5606 3366 5680 φιλοσοφῶν.
3430 5606 3536 5661 κᾶν

1962 5696 2219 5757 πλούσιος
2252 5690 2339 5768 ᾗς,
2368 5695 2585 5751 πάντων
2620 5690 2946 5761 ἀθλιώτερος
2975 5689 3024 5746 εί
3059 5691 3275 5761 φεύγων
3304 5691 3531 5764 ἀρετήν.

1963 5781 2044 5836 Τὰ
2068 5778 2177 5847 γάρ
2201 5778 2520 5849 διαφέροντα
2553 5778 2688 5848 ἡμῖν
2713 5776 2903 5841 ταῦτα,
2935 5776 3003 5831 τά
3036 5776 3136 5846 τῆς
3168 5774 3366 5847 ἀρετῆς
3386 5791 3401 5805 ·
3427 5775 3536 5830 κᾶν
