4022 6214
221 280 316 338 H9

218 391 353 445 illum
403 380 707 455 quempiam
750 392 1043 449 pauperem
1082 374 1165 430 vel
1213 372 1481 433 divitem;
1513 371 1622 423 imo
1659 368 1779 424 bmc

221 480 385 536 minus
421 488 582 545 quam
614 472 701 537 illa
729 467 1056 541 querenda;
1097 465 1191 521 sed
1219 462 1485 520 totumad
1515 475 1671 516 usum
1694 475 1782 517 re—

217 570 336 628 lani
360 568 541 623 debet.
564 563 783 621 Etiamsi
810 575 1012 631 pauper
1035 559 1131 624 sis,
1167 564 1317 626 potes
1341 556 1464 609 cum
1494 552 1636 607 bono
1659 566 1779 604 aut-

217 678 296 721 ato
322 662 502 716 vivere
524 657 572 713 si
608 651 1041 727 philosopheris:
1070 649 1281 705 etiamsi
1321 646 1473 700 dives
1513 644 1587 697 sis
1612 684 1627 705 ,
1659 656 1780 696 om-

201 756 353 811 nium
382 768 442 808 es
480 750 814 806 miserrimus
843 786 858 811 ,
897 744 945 799 si
990 742 1240 798 virtutem
1270 738 1460 811 fugias.
1504 735 1641 791 Nam
1666 734 1781 787 lucc

216 845 363 902 nobis
387 840 639 898 sectanda
679 846 804 893 sunt
837 878 853 904 ,
883 848 1003 906 quae
1042 831 1109 887 ad
1146 832 1396 887 virtutem
1426 832 1706 896 spectant:
1733 824 1779 877 si

216 936 323 991 hac
347 949 455 990 non
481 932 679 995 adsint,
707 928 931 983 aliorum
959 923 1106 980 nulla
1128 921 1345 977 utilitas.
1379 918 1503 973 ideo
1526 919 1779 984 frequen-

218 1036 290 1083 tes
316 1024 422 1080 illa
452 1021 900 1092 interrogationes
927 1057 942 1083 ,
966 1015 1091 1088 quia
1129 1012 1281 1089 multi
1316 1024 1381 1065 ea
1424 1023 1543 1079 qua:
1574 1005 1783 1060 indilie-

214 1116 379 1175 rentia
398 1122 524 1171 sunt
552 1113 618 1169 ad
645 1128 705 1169 se
728 1121 971 1181 spectare
997 1113 1182 1177 putant
1209 1119 1225 1168 ;
1248 1100 1318 1157 de
1332 1101 1399 1155 iis
1421 1114 1550 1153 vero
1569 1112 1689 1168 qua:
1714 1096 1780 1149 ad

215 1223 272 1266 se
296 1217 538 1279 spectant
573 1216 629 1262 et
653 1204 754 1260 sibi
784 1204 935 1258 utilia
974 1206 1102 1255 sunt
1125 1236 1145 1263 ,
1172 1195 1374 1251 nullam
1398 1193 1660 1248 rationem
1690 1189 1782 1243 ba-

214 1300 357 1357 beut.
387 1284 519 1354 Nam
546 1312 667 1369 qua
704 1303 888 1351 nostra
918 1293 1184 1348 intersunt
1212 1329 1229 1353 ,
1261 1289 1427 1342 virtus
1464 1293 1520 1340 et
1550 1284 1783 1355 philoso-

216 1393 333 1465 phia
361 1400 506 1446 sunt.
536 1389 671 1457 Quia
690 1400 819 1457 ergo
838 1384 905 1439 ab
926 1383 1017 1438 illa
1038 1383 1201 1452 longo
1225 1373 1734 1465 intervalloabestis
1754 1410 1768 1438 ,

215 1464 332 1541 ideo
358 1482 740 1552 cogitationum
770 1475 1101 1547 perturbatio
1126 1514 1142 1538 ,
1174 1472 1296 1527 ideo
1336 1468 1532 1524 ﬂuctus
1581 1464 1730 1522 multi
1762 1504 1781 1529 ,

193 1574 331 1628 ideo
352 1578 662 1641 tempestas.
699 1567 831 1623 Cum
869 1565 1012 1621 enim
1050 1579 1080 1618 a
1111 1576 1342 1633 superna
1372 1558 1539 1630 gloria
1569 1554 1783 1611 excide-

211 1661 354 1728 rint,
400 1670 455 1715 et
477 1674 507 1713 a
530 1659 782 1714 calorum
808 1670 995 1711 amore
1023 1695 1041 1721 ,
1084 1658 1404 1725 praesentem
1430 1646 1656 1718 gloriam
1691 1658 1783 1699 cn-

216 1752 364 1825 piunt
389 1752 624 1821 liuntque
646 1749 787 1806 servi
828 1756 884 1804 et
918 1746 1134 1817 captivi.
1164 1743 1233 1799 Et
1262 1741 1403 1797 unde
1435 1739 1492 1795 lit
1525 1782 1540 1805 ,
1572 1739 1740 1808 mquit
1765 1779 1779 1800 ,

1256 257 1320 313 ΙΝ
1360 255 1634 313 ΕΡΙΞΤ.Ἰ
1698 254 1791 310 AD
1826 253 1979 310 ουιι.
2024 251 2251 307 ιιολιιι.
2294 250 2464 311 XXX.

3348 249 3458 304 250

1882 376 1937 421 ut
1963 366 2461 439 hauoappetamus‘l
2482 366 2617 436 Quia
2641 382 2748 423 non
2771 368 2996 425 multum
3027 367 3173 422 illam
3198 371 3454 441 concupi-

1880 458 2099 514 scimus.
2144 457 2259 514 ﬂoc
2290 467 2477 513 autem
2515 457 2691 529 ipsum
2736 456 2879 514 unde
2921 458 3159 513 accidit?
3185 457 3263 514 Bx
3293 460 3461 531 negli-

1880 549 2058 620 gentia
2082 566 2097 605 :
2118 558 2175 606 et
2216 549 2537 621 negligentia
2578 548 2764 605 unde!
2805 549 2884 605 Es
2928 558 3239 621 contemptu
3278 568 3294 606 :
3328 567 3461 608 eon-

1881 650 2118 712 temptos
2158 641 2343 699 unde?
2380 641 2463 697 Ex
2503 640 2737 698 amentia
2767 680 2787 709 ,
2826 649 2883 699 et
2921 640 3063 713 quod
3105 644 3461 714 praesentibus

1884 726 2149 792 inhiamus
2174 774 2191 802 ,
2219 742 2275 789 et
2296 734 2452 805 quod
2480 749 2658 790 rerum
2682 744 2927 791 naturam
2955 734 3185 792 nolimus
3205 746 3461 792 accurate

1883 825 2213 881 examinare.
2238 824 2354 881 Hoc
2378 840 2507 882 vero
2527 820 2797 881 undenam
2819 825 3103 896 procedit?
3128 824 3279 895 Quod
3311 825 3460 882 Scri-

1883 928 2159 989 pturarum
2186 916 2404 973 lectioni
2434 933 2540 973 non
2566 916 2907 974 attendamus
2935 910 2969 985 ,⁷
2991 934 3166 989 neque
3182 934 3313 975 cum
3332 920 3465 975 viris

1884 1011 2085 1064 sanctis
2121 1024 2399 1066 versemur
2422 1050 2439 1074 ,
2477 1017 2535 1065 et
2562 1008 2926 1080 improborum
2956 1018 3131 1067 catus
3157 1006 3465 1079 frequente-

1887 1114 2027 1171 mus.
2055 1098 2135 1156 Ne
2162 1100 2323 1169 igitur
2338 1099 2441 1155 hoc
2470 1109 2730 1171 perpetuo
2750 1099 2843 1155 tiat
2859 1139 2876 1166 ,
2899 1108 2954 1155 et
2974 1116 3043 1155 ne
3066 1098 3262 1156 ﬂuctus
3282 1099 3464 1155 ﬂucti-

1887 1191 1989 1247 bus
2009 1190 2360 1247 succedentes
2378 1232 2395 1257 ,
2430 1206 2531 1246 nos
2561 1191 2615 1246 in
2657 1190 2923 1247 malorum
2950 1191 3169 1262 pelagus
3198 1190 3470 1246 abducant

1887 1290 1942 1337 et
1958 1280 2217 1336 snd‘oeent
2234 1279 2577 1352 funditnsque
2597 1280 2852 1351 perdant;
2874 1281 3046 1337 donec
3065 1289 3273 1351 tempus
3289 1280 3465 1344 adest,

1882 1385 2261 1441 esset-gamus,
2286 1380 2341 1426 et
2366 1384 2525 1440 supra
2552 1380 2758 1440 petram
2788 1379 3022 1437 stantes,
3048 1370 3139 1426 Dei
3156 1370 3465 1440 dogmatum

1886 1462 2008 1517 dico
2059 1472 2114 1517 et
2165 1449 2450 1516 verborum
2476 1502 2492 1520 .
2538 1461 2886 1530 reapiciamns
2927 1469 3301 1529 temnestatem
3345 1458 3469 1513 vitae

1890 1552 2190 1621 prmseutis.
2238 1551 2311 1606 ita
2335 1552 2477 1607 enim
2503 1560 2559 1608 et
2584 1567 2680 1607 nos
2710 1552 2880 1621 ipsam
2902 1550 3238 1622 ell‘ugienms,
3265 1549 3469 1604 etalios

1890 1644 2221 1714 naufragium
2269 1644 2533 1713 patientes
2571 1643 2920 1699 extrahemus
2950 1686 2965 1709 ,
3014 1646 3184 1713 gratia
3227 1652 3282 1698 et
3321 1641 3470 1697 beni-

1890 1738 2122 1805 guitatc,
2150 1744 2257 1790 etc.

1569 1901 1911 1966 HOMILIA
1953 1900 2167 1962 XXX.

214 2047 342 2104 Car.
370 2045 459 2103 12.
502 2060 556 2097 v.
592 2040 681 2099 12.
710 2039 854 2095 Sicut
880 2036 1011 2092 enim
1036 2050 1219 2104 corpus
1248 2047 1405 2086 unum
1428 2039 1523 2094 est,
1550 2038 1597 2082 et
1626 2042 1787 2080 mem-

283 2139 376 2193 bra
394 2136 540 2191 habet
566 2130 767 2195 multa;
796 2130 967 2185 omnia
991 2137 1158 2180 autem
1182 2122 1405 2179 membra
1421 2120 1648 2191 corporis
1672 2133 1789 2172 cum

282 2235 383 2289 sint
411 2227 595 2292 multa,
614 2241 772 2281 mm
791 2233 963 2277 tamen
985 2218 1169 2290 corpus
1192 2226 1309 2272 sunt
1332 2230 1350 2270 :
1369 2216 1441 2267 ita
1466 2222 1513 2267 et
1536 2210 1786 2268 Christus.

285 2328 339 2380 t.
380 2324 513 2378 Cum
562 2318 986 2376 consolationem
1039 2312 1359 2383 pmbuisset
1418 2323 1485 2364 ex
1530 2320 1596 2361 eo
1646 2302 1791 2375 quod

213 2417 501 2489 gratuitum
526 2418 675 2468 esset
698 2409 897 2465 donum
919 2447 934 2470 ,
991 2420 1061 2461 ex
1117 2418 1185 2461 eo
1209 2401 1352 2473 quod
1390 2399 1569 2455 omnia
1592 2412 1658 2452 ea
1678 2408 1792 2489 uno

214 2488 511 2576 eodemque
561 2502 764 2573 Spiritu
796 2502 1100 2569 accipereut
1124 2537 1141 2564 ,
1165 2511 1232 2552 ex
1257 2509 1324 2550 eo
1343 2490 1487 2562 quod
1506 2489 1573 2545 ad
1597 2488 1794 2542 utilita-

217 2607 324 2652 tem
353 2594 612 2651 darentur
644 2632 659 2657 ,
689 2607 759 2647 ex
786 2606 852 2645 eo
879 2588 1020 2659 quod
1052 2602 1151 2657 per
1177 2586 1388 2640 minora
1431 2578 1796 2636 manilestatio

218 2690 370 2743 iteret
400 2704 413 2740 :
437 2684 507 2740 ad
537 2683 653 2739 b’asc
678 2681 841 2739 etiam
868 2694 991 2735 cum
1020 2693 1082 2734 os
1123 2690 1311 2732 eorum
1344 2672 1699 2730 obstruxth
1727 2684 1796 2724 ex

222 2794 291 2837 eo
341 2778 485 2849 quod
534 2782 780 2847 oporteat
827 2771 1074 2843 potestati
1111 2767 1342 2839 Spiritus
1382 2764 1612 2828 cedere;
1671 2760 1797 2815 Hcce

219 2872 361 2928 enim
415 2868 585 2924 armis
605 2905 624 2935 ,
651 2865 841 2936 inquit,
873 2870 1109 2933 aperalur
1134 2875 1265 2914 unus
1293 2867 1444 2928 atque
1468 2854 1602 2909 idem
1624 2852 1797 2924 Spiri-

221 2978 323 3032 tus,
350 2964 578 3019 dividens
605 2959 817 3032 singulis
844 2965 995 3027 prout
1028 2955 1136 3010 uult
1159 2968 1179 3017 ;
1208 2966 1377 3022 quare
1400 2965 1507 3004 non
1545 2948 1669 3002 licet
1699 2960 1798 2999 cu-

222 3058 370 3113 riose
388 3053 663 3125 inquirere
687 3068 701 3103 :
730 3065 795 3106 ex
822 3048 930 3103 alio
954 3061 1141 3102 rursus
1170 3044 1290 3099 illos
1309 3041 1620 3097 consolatur
1647 3053 1797 3093 com-

222 3146 373 3201 muni
416 3126 707 3211 exemplo:
738 3150 792 3196 et
819 3138 889 3194 ad
928 3147 1172 3193 naturam
1212 3136 1383 3204 ipsam
1430 3130 1669 3200 conlegit
1696 3170 1712 3195 ,
1744 3136 1803 3182 ut

223 3236 403 3292 facere
417 3234 572 3289 solet.
589 3232 721 3288 Nam
745 3230 960 3303 quando
980 3227 1274 3283 disserebat
1293 3226 1361 3280 de
1387 3238 1539 3280 coma
1567 3224 1805 3277 virorum

223 3341 289 3383 ac
315 3326 617 3393 mulierum,
647 3331 765 3394 post
787 3322 889 3377 alia
914 3321 1038 3381 hinc
1063 3333 1276 3391 quoque
1297 3318 1419 3372 illos
1442 3314 1690 3379 erudivit,
1717 3312 1801 3367 di-

224 3434 356 3476 cens
379 3435 394 3473 :
426 3421 606 3473 Annon
626 3418 738 3488 ipsa
758 3425 941 3469 natura
957 3428 1044 3467 vos
1069 3413 1248 3478 docet,
1268 3410 1403 3481 quod
1428 3410 1504 3461 vir
1526 3394 1730 3477 'quidem
1760 3404 1806 3457 si

226 3526 427 3565 comam
451 3510 657 3572 nutriat,
691 3505 968 3577 ignominia
989 3513 1061 3558 est
1086 3502 1163 3556 illi
1189 3517 1208 3565 ;
1234 3501 1415 3554 mulier
1442 3508 1614 3552 autem
1645 3498 1689 3551 si
1713 3512 1803 3560 co-

226 3616 366 3654 mam
393 3600 580 3652 nutriat
608 3638 625 3663 ,
651 3597 749 3667 ipsi
775 3605 847 3650 est
872 3595 1035 3666 gloria
1061 3593 1081 3664 (
1104 3591 1291 3647 LCor.
1322 3590 1409 3645 11.
1442 3591 1527 3644 ii.
1558 3588 1625 3642 15
1654 3588 1673 3658 )
1700 3587 1807 3641 lEt

226 3705 353 3748 cum
390 3690 457 3747 de
488 3688 801 3760 idolothytis
826 3687 1035 3743 dicebat
1064 3725 1080 3751 ,
1111 3684 1403 3755 prohibens
1430 3682 1516 3736 illa
1545 3690 1763 3748 tangere
1786 3719 1803 3744 ,

226 3784 393 3840 etiam
421 3782 491 3837 ab
513 3782 753 3839 externis
778 3778 1039 3847 exemplis
1068 3788 1373 3832 sermonem
1403 3774 1573 3840 texit,
1615 3771 1805 3843 Olym-

226 3875 348 3944 pica
388 3874 678 3929 certamina
723 3883 1029 3926 memorans
1070 3878 1123 3923 et
1162 3866 1347 3925 dicens
1378 3883 1391 3920 :
1418 3865 1517 3933 Qui
1547 3866 1599 3918 in
1642 3863 1808 3917 stadio

224 3976 439 4021 currunt
464 4006 482 4033 ,
512 3982 685 4021 omnes
721 3965 923 4034 quidem
969 3970 1178 4017 currunt
1205 4002 1219 4026 ,
1248 3976 1380 4015 unus
1413 3970 1577 4013 autem
1624 3958 1809 4021 accipit

224 4057 458 4131 “avium
485 4056 657 4126 (Ibid.
687 4056 744 4111 9.
772 4053 884 4125 ΞΔ)
914 4071 931 4110 :
959 4064 1118 4124 atque
1160 4066 1189 4106 a
1242 4050 1545 4121 pastoribus
1572 4089 1588 4114 ,
1620 4047 1807 4103 militi-

223 4148 334 4203 bus
376 4157 429 4203 et
471 4145 719 4217 agricolis
764 4146 851 4200 illa
880 4145 995 4215 ipsa
1027 4144 1276 4214 probans.
1311 4140 1435 4197 ideo
1481 4142 1570 4195 hic
1597 4153 1810 4209 quoque

224 4255 516 4297 commune
541 4238 841 4311 exemplum
865 4239 916 4292 in
939 4237 1171 4293 medium
1197 4235 1370 4301 ati‘ert,
1390 4249 1499 4305 quo
1522 4234 1810 4289 admodum

226 4332 512 4386 contendit
555 4341 614 4386 ut
656 4328 904 4385 ostendat
938 4330 1206 4383 neminem
1253 4327 1432 4381 minus
1472 4339 1633 4395 quam
1676 4323 1811 4379 alios

232 4421 456 4483 habere,
492 4421 546 4474 id
570 4421 713 4489 quod
741 4421 983 4475 mirabile
1012 4421 1197 4475 luisset
1220 4428 1275 4475 et
1300 4419 1523 4488 probatu
1547 4417 1761 4472 dil’iicile
1789 4457 1806 4484 ,

231 4523 524 4580 tamenque
567 4510 920 4578 simpliciores
963 4521 1149 4579 posset
1193 4508 1569 4564 recreare:de
1599 4509 1663 4562 iis
1691 4524 1813 4577 quas

230 4603 302 4659 ad
323 4615 519 4671 corpus
544 4607 788 4669 spectant
810 4598 948 4652 dico.
969 4597 1369 4652 Pusillanimem
1391 4611 1621 4665 namque
1635 4605 1691 4649 et
1708 4598 1812 4649 mi-

234 4711 343 4752 nus
369 4694 653 4755 habentem
691 4690 821 4745 nihil
850 4690 919 4743 ita
945 4689 1253 4744 consolatur
1278 4696 1333 4741 et
1374 4686 1441 4741 ad
1470 4700 1578 4742 non
1624 4685 1814 4741 dolen—

234 4789 366 4844 dum
397 4788 642 4853 inducit,
670 4794 728 4839 ut
764 4798 887 4839 cum
928 4781 1089 4837 discit
1130 4795 1194 4835 se
1235 4793 1342 4833 non
1373 4779 1547 4833 minus
1592 4777 1815 4834 habere.

232 4876 579 4947 Quapropter
608 4876 659 4931 id
688 4876 779 4931 ille
807 4875 1039 4945 probans
1066 4914 1081 4938 ,
1110 4874 1189 4956 sic
1209 4870 1479 4939 loquitur:
1513 4870 1656 4924 Sicut
1677 4870 1813 4923 enim

233 4981 425 5036 corpus
444 4982 605 5019 unum
626 4974 720 5032 est,
748 4976 796 5021 et
818 4965 1039 5019 membra
1066 4964 1213 5018 habet
1236 4962 1418 5017 multa.
1448 4962 1693 5017 Vidistin’
1720 4977 1806 5016 ac-

235 5065 482 5112 curatam
536 5055 938 5126 intelligentiam
962 5056 986 5107 τ
1014 5054 1252 5124 ldipsum
1295 5062 1352 5109 et
1380 5068 1543 5108 unum
1567 5062 1623 5107 et
1646 5053 1815 5107 multa

237 5163 365 5207 esse
390 5145 646 5203 ostendit.
680 5146 801 5201 ideo
823 5147 1117 5216 subiungit,
1151 5146 1205 5199 in
1233 5146 1505 5213 proposito
1534 5146 1703 5222 magis
1734 5146 1819 5197 in-

237 5251 395 5300 stans
424 5257 439 5296 :
470 5230 655 5293 omnia
672 5247 839 5291 autem
864 5239 1085 5293 manubrii
1110 5235 1355 5306 corporis,
1382 5252 1497 5289 cum
1516 5236 1618 5290 sint
1633 5235 1814 5300 multa,

237 5347 404 5387 unum
430 5338 547 5385 sunt
566 5342 767 5397 corpus.
792 5324 906 5383 Non
926 5328 1063 5384 dixit
1085 5368 1101 5394 ,
1132 5326 1265 5383 Cum
1295 5326 1403 5382 sint
1426 5326 1593 5380 multa
1615 5366 1633 5393 ,
1658 5327 1816 5382 unius

239 5437 375 5479 sunt
392 5420 672 5491 corporis;
712 5417 828 5481 sed,
862 5417 975 5473 Hoc
995 5422 1169 5487 ipsum
1199 5434 1360 5474 unum
1390 5419 1552 5471 multa
1577 5428 1696 5472 sunt
1717 5459 1734 5484 ,
1762 5427 1818 5473 et

244 5514 340 5570 illa
364 5512 526 5567 multa
549 5508 787 5566 membra
798 5508 899 5563 hoc
915 5523 1079 5563 unum
1097 5520 1201 5566 est.
1220 5511 1277 5568 Si
1304 5524 1433 5581 ergo
1457 5508 1620 5564 multa
1650 5523 1815 5565 unum

244 5614 377 5661 sunt
399 5646 415 5671 ,
453 5612 509 5659 et
554 5617 719 5660 unum
758 5599 919 5655 multa
946 5641 961 5665 ,
989 5599 1079 5654 ubi
1108 5612 1191 5656 est
1237 5602 1532 5661 dili'erentia
1550 5601 1575 5653 τ
1600 5600 1811 5657 ubinam

248 5695 305 5753 id
333 5696 473 5769 quod
495 5694 744 5753 excedit?
769 5692 854 5749 ubi
875 5692 1015 5763 quod
1047 5708 1221 5750 minus
1248 5708 1331 5752 est
1357 5698 1378 5752 ἒ
1412 5698 1592 5753 Omnia
1624 5701 1760 5755 enim
1794 5742 1806 5765 ,

1896 2026 2065 2094 inquit
2092 2067 2108 2090 ,
2141 2042 2297 2079 miunt
2322 2036 2439 2081 sunt
2468 2065 2483 2090 ,
2514 2036 2571 2082 et
2619 2042 2726 2082 non
2772 2028 2933 2083 modo
2960 2044 3123 2084 unum
3154 2069 3170 2094 ,
3192 2028 3285 2083 sed
3311 2029 3486 2091 etiam.

1896 2117 2064 2186 magis
2111 2116 2324 2197 proprie
2374 2117 2678 2172 examinata
2709 2157 2726 2183 ,
2758 2120 3053 2174 secundum
3100 2119 3241 2197 quod
3279 2136 3475 2192 corpus

1894 2218 2022 2263 sunt
2048 2249 2064 2275 ,
2094 2209 2444 2265 inveniuntur
2466 2210 2647 2265 omnia
2675 2224 2798 2266 esse
2822 2226 3008 2266 unum.
3039 2211 3267 2280 Quando
3294 2220 3470 2267 autem

1898 2318 1995 2372 per
2033 2312 2244 2373 partes,
2272 2314 2413 2359 «tunc
2449 2302 2748 2359 differentia
2782 2312 2899 2372 est,
2950 2312 3006 2361 et
3042 2304 3340 2361 dilierentia
3380 2305 3466 2360 illa
3504 2329 3510 2335 -
3558 2312 3561 2313 '

1897 2394 1949 2448 in
1998 2382 2251 2450 omnibus
2286 2394 2554 2451 similiter.
2582 2393 2800 2451 Nullum
2844 2394 2989 2451 enim
3033 2410 3225 2452 eorum
3273 2412 3369 2466 per
3417 2410 3477 2451 se

1898 2495 2079 2556 petest
2101 2500 2298 2557 corpus
2336 2486 2550 2562 efﬁcere
2578 2526 2597 2554 ,
2626 2486 2722 2561 sed
2751 2486 2866 2557 pari
2904 2486 3067 2543 modo
3104 2487 3311 2557 singula
3344 2484 3478 2541 deli-

1898 2581 2047 2636 ciunt
2074 2579 2143 2635 ad
2162 2595 2365 2651 corpus
2384 2580 2775 2636 eﬂ‘ormaadum
2805 2621 2820 2648 ,
2846 2590 2903 2636 et
2944 2594 3081 2650 opus
3126 2589 3209 2635 est
3246 2581 3477 2651 conjun-

1900 2675 2097 2729 etione.
2138 2673 2275 2729 Cum
2302 2674 2446 2730 enim
2475 2674 2640 2730 multa
2670 2689 2833 2730 unum
2861 2673 3165 2729 efﬁciuntur
3190 2713 3207 2741 ,
3242 2682 3367 2728 tunc
3395 2685 3479 2730 est

1902 2781 2066 2820 unum
2092 2778 2308 2836 corpus.
2326 2764 2558 2836 Ideoque
2584 2766 2638 2821 id
2660 2768 2833 2837 ipsum
2857 2766 3199 2823 subindicans
3224 2768 3434 2824 dicebat
3462 2789 3478 2824 :

1906 2853 2091 2910 Omnia
2112 2866 2279 2911 mitem
2318 2856 2538 2912 membra
2570 2858 2817 2927 corporis,
2842 2874 2960 2913 cum
2979 2859 3081 2913 sint
3107 2860 3289 2925 multa,
3315 2875 3480 2917 unum

1904 2960 1975 3004 est
1998 2967 2199 3022 corpus.
2227 2950 2411 3022 Neque
2433 2951 2569 3007 dixit
2595 2994 2611 3019 ,
2632 2953 2763 3021 Qum
2788 2954 3054 3010 excedunt
3082 2964 3137 3010 et
3163 2970 3282 3025 qua
3306 2955 3485 3011 mino-

1906 3058 1963 3097 ra
1992 3052 2139 3109 sunt,
2157 3043 2254 3098 sed
2277 3087 2293 3108 ,
2326 3043 2450 3097 Cum
2471 3045 2571 3099 sint
2597 3044 2759 3098 multa
2780 3085 2798 3112 ,
2824 3045 2968 3115 quod
2992 3060 3277 3101 commune
3301 3047 3483 3105 omni-

1903 3136 2009 3189 bus
2056 3145 2158 3189 est.
2204 3136 2271 3190 Et
2317 3135 2587 3206 quomodo
2635 3134 2750 3190 ﬁeri
2803 3144 2983 3206 potest
3026 3147 3084 3192 ut
3132 3137 3242 3192 sint
3265 3152 3427 3191 unum
3456 3137 3483 3190 ἲ

1906 3228 2128 3296 Quando
2154 3228 2323 3298 ejecta
2355 3228 2719 3283 membrorum
2745 3226 3046 3284 dilfereutia
3081 3269 3097 3293 ,
3129 3244 3327 3300 corpus
3352 3243 3481 3283 exa-

1908 3322 2214 3382 minaveris.
2241 3320 2393 3388 Quod
2414 3323 2558 3376 enim
2587 3330 2671 3377 est
2689 3322 2897 3385 oculus,
2932 3321 3035 3376 hoc
3057 3330 3111 3375 et
3139 3336 3233 3390 pes
3261 3329 3364 3388 est,
3392 3335 3484 3375 se-

1908 3416 2140 3471 cundum
2173 3417 2223 3471 id
2255 3416 2397 3487 quod
2426 3417 2719 3471 membrum
2749 3424 2874 3471 sunt
2895 3425 2950 3468 et
2969 3429 3166 3486 corpus
3196 3413 3435 3470 efﬁciunt
3466 3430 3481 3465 :

1909 3507 2053 3561 nulla
2069 3508 2209 3561 enim
2226 3507 2312 3561 hic
2335 3506 2631 3561 differentia
2650 3514 2753 3560 est.
2777 3505 2957 3576 Neque
2985 3505 3160 3560 dicere
3189 3504 3360 3573 possis
3386 3504 3487 3558 hoc

1912 3599 2207 3653 membrum
2240 3614 2335 3668 per
2360 3614 2419 3653 se
2447 3613 2641 3668 corpus
2665 3597 2864 3662 facere,
2896 3597 3025 3652 illud
3045 3612 3149 3651 non
3180 3598 3341 3652 item:
3372 3612 3489 3651 om-

1912 3691 1999 3743 nia
2030 3691 2173 3745 enim
2206 3690 2305 3744 hac
2333 3690 2384 3744 in
2408 3704 2468 3745 re
2492 3692 2635 3761 paria
2662 3689 2947 3758 sunt,quia
2973 3687 3153 3742 omnia
3175 3703 3342 3742 unum
3364 3694 3489 3741 sunt

1911 3795 2125 3850 corpus.

1984 3872 2211 3927 Ecclesia
2252 3873 2456 3941 corpori
2489 3872 2709 3926 [tumtum
2748 3880 3092 3942 comparatur.
3120 3899 3193 3913 -—
3220 3869 3333 3925 Hoc
3365 3857 3487 3923 cuin

1914 3965 2157 4029 dixisset,
2189 3973 2245 4019 et
2270 3966 2413 4019 clare
2438 3981 2502 4018 ex
2536 3964 2772 4018 omnium
2803 3962 3009 4018 calculo
3038 3962 3483 4025 demonstrasset,

1915 4057 2208 4127 subiunxit,
2239 4054 2322 4109 Ita
2347 4066 2393 4109 et
2422 4054 2672 4109 Christus.
2697 4054 2910 4109 Etcum
2938 4053 3259 4124 oportuisset
3284 4053 3484 4114 dicere.

1916 4149 1994 4203 ita
2033 4159 2086 4203 et
2134 4148 2412 4211 Ecclesia;
2470 4146 2572 4201 hoc
2616 4145 2758 4201 enim
2808 4160 3141 4216 consequens
3187 4152 3347 4201 erat:
3390 4143 3494 4197 hoc

1917 4238 2131 4309 quidem
2166 4254 2271 4292 non
2302 4238 2457 4302 dixit,
2487 4237 2580 4292 sed
2614 4222 2762 4292 illius
2803 4237 2923 4291 loco
2944 4236 3215 4291 Christum
3240 4236 3407 4304 ponit,
3440 4236 3491 4290 in

1916 4336 2079 4388 altum
2112 4332 2376 4387 extollens
2402 4331 2725 4395 orationem,
2752 4338 2806 4384 ct
2848 4328 3149 4384 auditorem
3176 4327 3346 4398 magis
3390 4342 3491 4397 pu-

1917 4426 2048 4480 dore
2094 4423 2355 4478 afliciens.
2400 4421 2512 4476 Hoc
2558 4431 2732 4476 autem
2777 4422 2889 4476 vult
2930 4420 3275 4491 signiﬁcare:
3320 4418 3393 4471 ita
3439 4425 3495 4471 ct

1919 4516 2117 4569 Christi
2144 4529 2366 4582 corpus,
2392 4513 2533 4583 quod
2562 4522 2647 4568 est
2672 4511 2931 4568 Ecclesia.
2955 4512 3104 4565 Sicut
3125 4512 3265 4562 enim
3288 4515 3343 4562 et
3368 4523 3490 4562 cor-

1919 4619 2017 4670 pus
2058 4613 2113 4657 et
2154 4613 2317 4671 caput
2362 4618 2497 4654 unus
2527 4610 2651 4654 sunt
2699 4602 2881 4665 homo,
2913 4601 2982 4653 ita
3012 4608 3066 4655 et
3116 4598 3410 4653 Ecclesiam
3444 4608 3501 4654 et

1918 4692 2192 4746 Christum
2220 4706 2382 4745 unum
2410 4704 2531 4745 esse
2555 4689 2709 4745 dixit.
2746 4688 2870 4745 ideo
2893 4690 3166 4746 Christum
3194 4706 3291 4762 pro
3312 4692 3500 4747 Eccle-

1921 4785 1999 4839 sia
2028 4784 2225 4852 posuit,
2246 4798 2442 4853 corpus
2469 4781 2587 4852 ejus
2616 4782 2694 4837 sic
2718 4797 2941 4839 vocans.
2961 4783 3109 4840 Sicut
3136 4799 3284 4855 ergo,
3304 4786 3492 4855 inquit,

1920 4891 2116 4946 corpus
2157 4888 2399 4931 nostrum
2430 4889 2595 4931 unum
2624 4884 2729 4943 est,
2754 4868 2964 4932 etiamsi
2992 4893 3057 4933 ex
3086 4877 3263 4930 multis
3290 4877 3496 4929 emisti-

1924 4977 2133 5022 tuatur:
2158 4969 2228 5023 ita
2250 4969 2376 5021 etin
2399 4967 2640 5023 Ecclesia
2662 4982 2850 5022 omnes
2872 4982 3033 5021 unum
3056 4981 3259 5021 sumus.
3276 4967 3498 5024 Etiamsi

1924 5059 2065 5112 enim
2094 5059 2184 5112 illa
2213 5073 2278 5113 ex
2304 5057 2485 5111 multis
2510 5055 2769 5111 membris
2808 5065 3040 5124 constat,
3070 5056 3163 5113 sed
3206 5057 3292 5112 illa
3335 5060 3499 5116 multa

1927 5162 2092 5201 unum
2130 5146 2262 5201 ﬁunt
2291 5160 2507 5217 corpus.
2536 5147 2668 5201 Cum
2713 5162 2843 5218 ergo
2883 5160 3181 5206 recreasset
3209 5161 3264 5207 et
3293 5153 3500 5207 erexis-

1926 5247 2009 5291 set
2033 5237 2101 5293 ab
2130 5238 2233 5293 hoc
2262 5240 2533 5293 communi
2559 5239 2810 5309 exemplo
2838 5255 2959 5294 eum
2985 5242 3075 5312 qui
3102 5242 3381 5298 videbatur
3402 5244 3505 5297 mi-

1927 5344 2025 5383 nor
2052 5330 2187 5395 lieri,
2213 5346 2399 5387 rursus
2423 5346 2765 5387 communem
2790 5330 3009 5387 dimittit
3035 5334 3501 5398 consuetudinem,

1928 5430 1983 5476 et
2008 5421 2073 5475 ad
2110 5422 2253 5476 aliud
2279 5424 2451 5493 pergit
2475 5420 2752 5492 spirituaie
2774 5433 2955 5499 caput,
2989 5425 3245 5493 majorem
3271 5424 3503 5480 affercns

1929 5515 2370 5587 consolationem,
2411 5513 2552 5577 quod
2602 5513 2850 5569 ostendat
2898 5531 3139 5585 magnam
3193 5519 3244 5572 in
3297 5518 3500 5572 honore

1918 5599 2292 5666 amttalitatem.
2334 5600 2614 5665 Quodnam
2656 5597 2787 5652 illud
2818 5597 2936 5651 est?
2965 5598 3049 5655 15.
3088 5597 3290 5653 Etenim
3321 5601 3376 5655 in
3403 5619 3505 5659 uno

1923 5693 2146 5761 Spiritu,
2180 5692 2366 5759 inquit,
2396 5707 2563 5745 omnes
2602 5706 2692 5746 nos
2739 5692 2790 5743 in
2839 5707 2994 5744 unum
3041 5707 3223 5762 corpus
3256 5695 3505 5764 inplicati
