4022 6214
494 388 595 446 ἳ51

498 520 696 571 smnus,
723 502 825 556 siue
848 500 1043 565 Judci,
1079 499 1181 553 sive
1230 494 1417 560 Graci,
1458 490 1742 556 siveseroi,
1769 488 1874 542 sive
1918 482 2080 538 liberi.

502 598 554 653 Id
584 606 708 652 est:
741 593 881 664 quod
909 590 1087 647 elfecit
1127 597 1188 644 ut
1229 601 1397 643 unum
1431 598 1629 653 corpus
1658 582 1850 641 simus,
1880 585 1937 631 et
1987 588 2086 629 nos

502 685 863 758 regeneravit.
884 699 1022 738 unus
1050 691 1135 737 est
1155 680 1392 753 Spiritus
1419 695 1433 732 :
1464 690 1569 730 non
1590 673 1733 728 enim
1758 671 1811 725 in
1843 669 1948 723 alio
1973 665 2083 729 hic,

505 780 559 833 in
592 778 699 833 alio
725 776 816 830 ille
842 774 1143 844 baptizatus
1166 780 1249 825 est
1292 768 1504 840 spiritu.
1540 764 1660 819 Non
1703 759 1862 815 modo
1905 764 2085 811 autem

508 869 601 940 qni
646 884 746 923 nos
776 867 1009 937 haptizut
1037 877 1175 919 unus
1216 870 1322 927 est,
1367 858 1461 914 sed
1491 864 1547 911 et
1584 868 1748 909 unum
1777 861 1861 940 est
1898 852 1951 905 in
1977 862 2087 917 qua

510 939 834 1030 baptizavit;
869 956 920 1010 id
941 966 1045 1021 est,
1072 961 1295 1024 propter
1312 947 1453 1018 quod
1480 942 1783 1016 baptizavit.
1804 939 1919 996 Non
1942 939 2087 995 enim

509 1066 569 1110 ut
592 1054 807 1109 diversa
838 1051 1029 1106 fierent
1053 1063 1301 1117 corpora,
1324 1043 1419 1100 sed
1462 1048 1523 1096 ut
1546 1054 1734 1095 omnes
1780 1038 1938 1091 unius
1966 1048 2089 1089 cor-

510 1147 661 1217 poris
705 1154 1006 1200 accuratam
1048 1138 1484 1211 conjunctioncm
1548 1140 1735 1189 mutuo
1786 1141 2085 1190 servemus,

511 1237 763 1307 baptizati
808 1249 1031 1299 sumus;
1081 1233 1183 1287 hoc
1226 1238 1328 1295 est,
1361 1236 1422 1281 ut
1464 1238 1653 1282 omnes
1691 1234 1857 1276 unum
1894 1230 2092 1288 corpus

512 1331 700 1392 simus,
730 1328 781 1381 in
812 1327 915 1381 hoc
945 1322 1198 1396 baptizati
1220 1334 1429 1375 sumus.

585 1421 639 1474 ξ.
686 1419 872 1487 Itaque
913 1426 970 1471 et
1012 1415 1102 1485 qui
1152 1410 1456 1467 construxit
1492 1420 1711 1478 corpus,
1745 1415 1881 1457 unus
1908 1410 2008 1466 est,
2037 1408 2094 1455 et

512 1511 563 1565 id
591 1511 657 1564 ad
679 1508 822 1579 quod
848 1513 1214 1562 constructum
1246 1511 1349 1564 est,
1385 1515 1545 1555 unum
1577 1507 1679 1553 est.
1708 1496 1817 1551 Nec
1842 1494 1994 1557 dixit,
2024 1491 2096 1548 Ut

514 1604 685 1658 simus
708 1600 948 1672 ejusdem
986 1589 1265 1668 carparis;
1309 1593 1425 1659 sed,
1457 1591 1527 1648 Ut
1552 1605 1715 1646 unum
1743 1602 1938 1658 corpus
1978 1600 2095 1641 om-

514 1711 611 1750 nos
636 1697 805 1749 simus
830 1712 842 1745 :
875 1706 1091 1762 semper
1119 1690 1263 1745 enim
1291 1687 1471 1741 studet
1494 1685 1671 1739 verbis
1699 1683 1958 1751 majorem
1984 1694 2099 1733 em-

516 1789 703 1856 phasin
733 1783 1161 1857 exprimentibus
1192 1782 1290 1835 uti.
1322 1779 1392 1834 Et
1429 1779 1566 1833 bene
1596 1775 1761 1840 dixit,
1794 1772 1981 1827 Omnes
2008 1787 2098 1825 su-

514 1900 648 1947 mus,
677 1882 911 1950 seipsum
953 1878 1231 1948 adjiciens.
1263 1873 1445 1943 Neque
1476 1873 1620 1925 enim
1665 1881 1795 1937 ergo
1823 1863 2100 1935 apostolus

519 1974 639 2042 plus
664 1948 823 2041 quam
856 1980 911 2025 tu
946 1967 1073 2038 quid
1100 1967 1273 2021 habeo
1298 1982 1311 2018 :
1342 1963 1541 2018 etenim
1567 1969 1620 2013 tu
1650 1948 1847 2026 corpus
1870 1970 1929 2009 es
1963 1955 2103 2008 sicut

522 2075 576 2119 ct
616 2078 736 2133 ego,
770 2076 891 2131 ego,
937 2058 1074 2114 sicut
1118 2068 1194 2121 tu,
1224 2066 1278 2111 et
1322 2065 1512 2109 omnes
1562 2051 1791 2119 idipsum
1844 2046 2103 2101 habemus

523 2166 705 2226 caput,
728 2165 785 2208 ct
810 2152 999 2209 eodem
1026 2160 1178 2219 partu
1209 2148 1320 2204 nati
1346 2160 1564 2202 sumus:
1590 2142 1790 2196 idcirco
1815 2139 1955 2193 idem
1984 2151 2105 2191 car-

525 2264 627 2318 pus
655 2259 859 2301 sumus.
894 2244 962 2298 Et
1000 2242 1125 2313 quid
1150 2242 1271 2297 dico
1294 2281 1311 2305 ,
1338 2237 1531 2307 inquit,
1572 2232 1825 2289 Judmos?
1873 2232 2004 2286 Nam
2050 2238 2107 2285 ct

524 2340 743 2394 Grmcos
774 2352 805 2391 a
833 2336 985 2390 nobis
1008 2343 1213 2388 tantum
1243 2331 1489 2393 dissitas,
1515 2328 1584 2382 ad
1614 2326 1666 2381 id
1696 2329 1868 2396 ipsum
1910 2336 2107 2392 corpus

532 2428 756 2498 redegit.
800 2427 976 2494 Quare
1017 2441 1139 2478 cum
1178 2422 1431 2485 dixisset,
1478 2418 1588 2473 Nos
1628 2434 1829 2479 omnes,
1871 2430 1977 2470 nan
2021 2413 2108 2468 hic

527 2520 797 2585 substitit;
823 2519 915 2574 sed
944 2516 1222 2587 subjunxit
1249 2535 1263 2571 ;
1290 2517 1411 2570 Sive
1436 2511 1629 2579 Judan',
1666 2512 1766 2565 siue
1792 2509 1977 2574 Graeci,
2005 2510 2109 2562 sive

525 2613 676 2678 servi,
724 2612 827 2666 sive
874 2610 1037 2664 liberi.
1078 2607 1230 2676 Quod
1274 2608 1320 2662 si
1366 2620 1492 2661 cum
1533 2614 1692 2658 antea
1734 2600 1870 2655 adeo
1914 2598 2108 2656 remoti

533 2718 797 2766 essemus,
824 2702 994 2772 juncti
1023 2715 1212 2755 sumus
1239 2707 1295 2754 et
1321 2712 1485 2752 unum
1514 2694 1721 2760 ellecti;
1752 2694 1920 2747 multo
1941 2691 2111 2761 magis

530 2805 815 2866 postquam
841 2808 1004 2849 unum
1033 2791 1158 2847 facti
1184 2805 1390 2853 sumus,
1422 2802 1528 2841 non
1565 2785 1822 2840 debemus
1846 2784 2029 2839 dolere
2057 2789 2115 2836 et

535 2888 790 2945 maestitia
817 2886 957 2941 afﬁci
985 2904 997 2940 :
1032 2900 1204 2954 neque
1231 2883 1373 2938 enim
1400 2882 1576 2936 locum
1603 2877 1763 2931 habet
1788 2875 2111 2931 diﬂ‘erentia.

538 2980 673 3036 Nam
693 2980 736 3034 si
763 2978 981 3036 Grmcos
1018 2994 1112 3032 seu
1140 2976 1367 3047 gentiles
1387 2984 1441 3028 et
1464 2971 1680 3027 Judmos
1706 2968 1898 3025 iisdem
1927 2967 2116 3039 digna-
2158 2996 2166 3011 ι

535 3084 622 3127 tus
662 3080 765 3137 cst,
797 3085 1005 3126 necnon
1051 3083 1238 3124 servos
1280 3076 1336 3121 et
1375 3065 1608 3128 liberos;
1653 3060 1927 3131 quomoda
1964 3067 2117 3130 post-

535 3180 695 3234 quam
726 3164 777 3219 id
807 3165 1056 3233 dignatus
1101 3170 1204 3219 est.
1242 3156 1582 3229 disjunxerit,
1610 3154 1823 3225 quando
1856 3154 2117 3224 majorem

540 3266 595 3312 et
652 3258 1038 3310 accuratiorem
1088 3269 1155 3307 ex
1205 3251 1363 3307 donis
1410 3246 1841 3317 coniunctionem
1901 3244 2120 3301 eflicere

543 3349 791 3417 dignatus
812 3346 933 3401 est?
958 3343 1027 3399 Et
1057 3360 1227 3399 omnes
1256 3360 1359 3397 una
1386 3340 1587 3411 Spiritu
1617 3340 1776 3403 palati
1801 3355 1998 3393 sumus.
2029 3339 2117 3393 ll.

546 3437 688 3492 Nam
713 3447 760 3492 et
790 3452 975 3506 corpus
1004 3452 1110 3490 non
1132 3443 1205 3488 est
1230 3450 1386 3488 unum
1412 3432 1709 3497 membrum,
1736 3432 1825 3485 sed
1854 3431 2034 3485 multa.
2068 3430 2122 3485 Id

545 3539 652 3595 est,
683 3529 751 3583 ad
779 3527 1023 3583 eamdem
1053 3527 1298 3583 venimus
1338 3522 1715 3596 mySIeriorum
1745 3522 2121 3587 initiationem,

545 3623 733 3681 eadem
783 3620 1009 3675 fruimur
1062 3632 1265 3672 mensa.
1307 3616 1376 3671 Et
1420 3630 1517 3670 cur
1560 3627 1668 3668 non
1697 3611 1877 3668 dixit:
1920 3610 2124 3667 Eodem

542 3730 771 3785 corpore
795 3714 1080 3779 nutrimur,
1102 3719 1158 3766 et
1182 3710 1371 3767 eadem
1395 3707 1652 3779 sanguine
1679 3706 1964 3776 potamur?
1992 3690 2127 3773 Quia

547 3821 672 3861 cum
703 3807 959 3877 Spiritum
990 3804 1146 3867 dixit,
1174 3811 1461 3873 utrumque
1490 3798 1809 3870 significavit
1832 3808 1889 3854 et
1913 3798 2132 3869 sangui—

550 3913 672 3953 nem
701 3908 758 3953 et
786 3912 981 3967 corpus
1006 3915 1021 3951 ς
1065 3910 1160 3966 per
1190 3904 1473 3962 utrumque
1502 3890 1645 3945 enim
1672 3904 1779 3945 una
1803 3890 2006 3961 Spiritu
2038 3903 2132 3959 po-

555 4002 751 4044 tantur.
781 3988 907 4043 Ilihi
934 4000 1113 4042 autem
1140 3984 1352 4040 videtur
1380 3996 1523 4039 nunc
1551 3981 1735 4037 dicere
1778 3981 1925 4037 illum
1958 3980 2126 4051 Spiri-

556 4095 643 4137 tus
692 4080 1001 4145 adventum,
1034 4078 1125 4148 qui
1170 4092 1199 4131 a
1242 4076 1560 4144 baptismate
1606 4081 1662 4129 et
1706 4082 1833 4129 ante
1880 4072 2135 4143 mysteria

556 4173 714 4229 nobis
756 4168 987 4225 accedit.
1030 4170 1173 4223 Dixit
1208 4178 1423 4233 autem,
1453 4163 1629 4221 Palati
1672 4182 1869 4232 sanius,
1898 4165 2025 4234 quia
2052 4162 2137 4217 di-

559 4264 757 4321 ctionis
800 4260 1110 4330 metaphora
1140 4260 1294 4316 valde
1319 4268 1617 4330 opportuna
1662 4257 1763 4327 ipsi
1794 4265 1878 4311 est
1901 4256 1966 4310 ad
1998 4269 2135 4325 pra:-

558 4372 687 4417 sens
726 4364 1139 4425 argumentum:
1174 4362 1231 4406 ut
1275 4351 1412 4406 side
1459 4351 1655 4420 plantis
1686 4360 1739 4403 et
1774 4348 1844 4403 de
1892 4345 2142 4417 paradiso

562 4447 788 4512 diceret,
816 4445 898 4499 Ab
925 4442 1117 4498 eodem
1155 4440 1304 4495 fonte
1346 4453 1535 4493 omnes
1562 4440 1784 4492 arbores
1829 4438 2139 4506 irrigantur,

561 4542 620 4589 et
642 4535 712 4588 ab
733 4535 920 4590 eadem
948 4548 1122 4604 aqua:
1150 4531 1221 4585 ita
1247 4540 1302 4586 et
1327 4529 1382 4583 in
1406 4527 1682 4599 praesenti,
1714 4526 1915 4581 Eodem
1941 4527 2145 4595 Spiritu

567 4623 732 4694 palati
769 4638 953 4679 sumus
980 4638 1193 4684 atmtes.
1233 4620 1479 4694 eamdem
1512 4618 1851 4689 percepimus
1891 4617 2144 4686 gratiam.

569 4692 629 4769 Si
652 4726 781 4783 ergo
809 4729 946 4767 unus
969 4713 1202 4782 Spiritus
1226 4729 1325 4768 nos
1353 4692 1650 4782 conjunxit,
1677 4718 1733 4764 et
1759 4722 1858 4763 nos
1880 4722 2067 4761 omnes
2094 4706 2148 4761 in

566 4822 731 4862 unum
770 4805 1314 4875 corpus-compegit;
1349 4805 1453 4859 hoc
1498 4805 1642 4859 enim
1686 4799 1952 4872 signiﬁcat
1995 4799 2146 4864 illud,

566 4899 638 4954 lu
668 4912 824 4951 unum
856 4908 1041 4964 corpus
1067 4891 1310 4960 baptismi
1348 4910 1567 4958 sutitus;
1610 4904 1666 4948 et
1709 4908 1871 4948 unam
1909 4906 2151 4947 mensam

575 4988 799 5059 largitus
825 4994 929 5052 est,
959 4992 1015 5038 et
1042 4980 1292 5037 eamdem
1330 4982 1582 5036 omnibus
1611 4983 1978 5053 irrigationem
2003 5000 2019 5049 ;
2052 4982 2154 5037 hoc

574 5084 720 5135 enim
766 5078 869 5132 sibi
897 5076 1012 5130 vult
1058 5071 1208 5138 illud,
1245 5068 1361 5126 Una
1407 5069 1608 5139 Spiritu
1650 5074 1808 5141 palati
1842 5089 2053 5137 sumus;
2099 5083 2156 5128 et

576 5153 725 5225 mata
744 5169 1036 5224 intervalla
1065 5165 1283 5220 dissitas
1303 5162 1517 5232 junxit;
1546 5170 1602 5216 et
1641 5163 1811 5217 multa
1854 5172 1984 5217 tunc
2024 5166 2157 5221 liunt

576 5275 798 5332 corpus,
825 5261 1039 5331 quando
1066 5259 1203 5319 facta
1234 5257 1449 5313 luerunt
1474 5269 1640 5309 unum
1666 5271 1681 5307 :
1715 5269 1811 5308 cur
1837 5254 1967 5309 mihi
1998 5256 2154 5312 αισθ-

581 5353 942 5410 rentiamsus
983 5350 1158 5420 deque
1189 5347 1412 5405 versas?
1443 5345 1501 5401 Si
1529 5355 1707 5400 autem
1740 5343 1964 5412 dixeris,
1994 5345 2157 5400 Multa

576 5443 972 5502 suntmcmhra
1003 5452 1059 5498 et
1083 5443 1296 5498 diversa
1326 5459 1339 5495 :
1368 5440 1552 5497 discas
1589 5438 1691 5492 hoc
1716 5436 1890 5507 ipsum
1916 5451 2041 5493 esse
2063 5436 2160 5491 ad-

577 5537 846 5595 mirabile.
864 5543 920 5589 ct
948 5532 1087 5587 hanc
1110 5533 1358 5604 corporis
1381 5546 1505 5587 esse
1526 5528 1929 5591 excellentiam,
1949 5527 2162 5596 quando

582 5628 747 5683 multa
775 5634 832 5681 et
854 5625 1063 5680 diversa
1090 5638 1255 5678 unum
1284 5622 1546 5678 efﬁciunt.
1580 5619 1735 5687 Quod
1778 5618 1824 5675 si
1852 5618 2021 5672 multa
2057 5633 2163 5672 non

589 5728 788 5784 essent,
806 5732 914 5771 non
936 5716 1007 5770 ita
1034 5714 1278 5771 mirabile
1295 5723 1351 5769 et
1380 5715 1804 5785 inexspectatum
1824 5719 1971 5766 esset
1994 5725 2161 5765 unum

596 5823 717 5865 esse
742 5822 967 5879 corpus;
1002 5808 1109 5865 imo
1148 5823 1215 5864 ne
1248 5816 1390 5864 esset
1418 5805 1631 5877 quidem
1674 5818 1889 5879 corpus.
1921 5802 2026 5863 Sed
2052 5803 2157 5861 huc

1223 379 1279 436 S.
1319 377 1597 436 JOANNIS
1630 366 2110 434 οιιιιιδοδτοιιι
2144 359 2458 420 ARCHIEP.
2486 358 3023 417 CONS'I‘ANTINOP.

2189 475 2410 539 quidem
2442 482 2717 546 postremo
2743 474 2930 544 ponit:
2962 471 3179 527 interim
3201 485 3333 527 vero
3359 470 3426 525 ad
3456 470 3571 541 ipsa
3598 486 3775 526 metu-

2190 568 2283 622 hra
2312 569 2509 638 pergit,
2538 567 2608 621 ita
2638 566 2901 636 loquens:
2945 565 3031 621 15.
3062 558 3124 619 Si
3152 563 3339 619 dixerit
3363 579 3487 633 pes,
3515 560 3639 617 Non
3662 578 3779 617 suus

2188 675 2391 724 manus,
2418 675 2523 713 non
2547 675 2659 712 sum
2699 660 2761 711 de
2788 672 3039 728 corpore;
3088 672 3212 710 nunt
3256 656 3448 710 idcirco
3474 672 3577 710 non
3616 664 3692 710 est
3712 658 3780 710 de

2192 768 2404 821 corpore
2423 752 2449 805 .9
2479 750 2566 806 16.
2596 750 2663 805 Et
2682 750 2725 804 si
2753 750 2941 804 dixerit
2968 751 3131 813 auris,
3165 747 3288 803 Non
3314 766 3427 804 sum
3455 750 3656 813 oculus,
3674 764 3777 803 non

2190 860 2305 898 sum
2330 843 2396 897 de
2416 858 2667 913 corpore;
2696 858 2816 895 num
2838 842 3029 895 idcirco
3058 857 3160 896 non
3180 849 3254 895 est
3279 840 3344 896 de
3368 856 3580 908 corpore
3594 840 3621 894 7
3644 839 3780 895 Nam

2193 933 2239 989 si
2263 932 2406 1003 quod
2436 934 2574 988 alius
2611 933 2790 987 minus
2814 930 3056 1007 haberet,
3086 932 3224 985 alius
3248 932 3555 997 excederet,
3582 930 3635 986 id
3673 946 3781 986 non

2193 1028 2395 1082 sineret
2435 1041 2557 1082 esse
2602 1026 2669 1082 de
2707 1040 2958 1096 corpore,
3006 1026 3316 1079 universum
3362 1024 3664 1080 tolleretur.
3705 1023 3783 1079 Ne

2196 1124 2376 1194 itaque
2401 1122 2625 1187 dixeris,
2651 1121 2767 1177 Non
2811 1128 2934 1176 sum
2976 1134 3195 1190 corpus,
3224 1120 3350 1190 quia
3400 1133 3520 1174 sum
3570 1118 3783 1175 minor:

2197 1216 2396 1270 etenim
2431 1228 2525 1284 pes
2554 1214 2821 1269 minorem
2852 1217 2999 1267 tenet
3027 1211 3298 1277 ordinem,
3329 1209 3424 1266 sed
3451 1220 3535 1266 est
3570 1224 3638 1266 ex
3663 1223 3786 1264 cor-

2200 1322 2351 1377 pare.
2379 1304 2513 1360 Nam
2544 1320 2609 1360 ex
2638 1318 2871 1374 corpore
2916 1317 3038 1359 esse
3068 1303 3153 1357 vel
3196 1317 3303 1357 non
3340 1316 3481 1367 esse,
3509 1316 3617 1356 non
3660 1300 3787 1356 inde

2201 1400 2261 1452 lit
2288 1396 2430 1468 quod
2458 1396 2597 1451 alius
2625 1396 2679 1449 in
2710 1396 2815 1449 hac
2840 1394 2983 1461 loco,
3016 1394 3154 1447 alius
3193 1394 3246 1447 in
3276 1391 3386 1447 alio
3430 1392 3639 1461 positus
3679 1391 3785 1457 sit;

2201 1490 2302 1545 hoc
2332 1488 2479 1546 enim
2506 1488 2611 1543 loci
2652 1496 2858 1543 tantum
2910 1486 3037 1542 facit
3064 1484 3420 1541 diﬂ‘erentiam
3445 1501 3461 1552 ;
3489 1482 3585 1539 sed
3626 1498 3695 1539 ex
3720 1496 3790 1537 ea

2200 1581 2345 1655 quod
2388 1581 2459 1636 sit
2483 1579 2802 1650 canjuuctus
2842 1579 2928 1635 vel
2971 1594 3083 1633 non
3110 1577 3430 1646 canjuuctus
3462 1593 3476 1629 :
3512 1589 3634 1629 nam
3664 1586 3788 1629 esse

2204 1674 2289 1729 vel
2314 1688 2421 1728 non
2450 1686 2575 1727 esse
2603 1685 2801 1740 corpus
2827 1685 2897 1725 ex
2932 1684 3000 1725 ea
3031 1668 3109 1735 ﬁt,
3142 1667 3287 1738 quod
3317 1667 3402 1723 vel
3444 1664 3791 1736 canjuuctus

2201 1767 2291 1822 vel
2319 1780 2427 1821 non
2450 1765 2801 1834 conjunctum
2845 1764 2934 1817 sit.
2979 1762 3059 1817 Tu
3101 1778 3232 1817 vero
3271 1759 3402 1816 mihi
3455 1759 3791 1831 prudentiam

2208 1857 2497 1928 perpende,
2540 1855 2815 1926 quomodo
2861 1855 2975 1924 ipsa
3031 1853 3193 1908 verba
3241 1853 3487 1924 apposite
3535 1849 3796 1907 membris

2206 1950 2406 2004 nostris
2441 1947 2832 2003 accommodet.
2866 1946 2999 2001 Nam
3028 1955 3089 1999 ut
3115 1946 3363 2015 superius
3406 1944 3638 2010 diccbat,
3661 1942 3793 1997 Hac

2208 2042 2569 2111 transﬁguraui
2593 2042 2649 2095 in
2688 2056 2769 2095 me
2791 2048 2841 2094 et
2867 2040 3095 2110 Apollo:
3134 2038 3213 2094 sic
3232 2046 3288 2093 et
3315 2037 3419 2091 hoc
3447 2037 3585 2102 loco,
3606 2045 3664 2090 ut
3688 2050 3796 2090 non

2208 2137 2519 2201 molestum,
2548 2133 2644 2190 sed
2674 2142 2954 2203 acceptum
2982 2131 3233 2187 redderet
3262 2145 3588 2190 sermonem,
3622 2142 3797 2183 mem-

2212 2228 2309 2283 bra
2334 2226 2608 2298 loquentia
2642 2224 2881 2289 inducit;
2915 2232 2973 2278 ut
2997 2238 3118 2279 cum
3148 2221 3398 2276 audirent
3425 2228 3665 2274 naturam
3697 2217 3799 2273 sibi

2212 2318 2651 2388 respondentem,
2670 2315 2740 2370 ab
2761 2315 2874 2385 ipsa
2902 2314 3239 2385 experientia
3265 2310 3501 2367 convicti
3525 2318 3581 2365 et
3600 2326 3628 2363 a
3651 2324 3802 2363 com-

2213 2410 2360 2464 muni
2390 2408 2619 2474 calculo,
2650 2406 2781 2461 nihil
2814 2406 2949 2460 ultra
2977 2401 3349 2460 contradicere
3376 2402 3640 2457 valerent.
3664 2400 3799 2455 Nam

2212 2504 2327 2558 sive
2354 2502 2459 2557 hoc
2479 2502 2677 2570 ipsum,
2703 2497 2896 2567 inquit,
2922 2496 3137 2560 dicatis,
3161 2495 3276 2549 sive
3304 2493 3673 2557 murmuretis,
3692 2507 3802 2546 non

2215 2593 2439 2665 potestis
2464 2600 2617 2647 extra
2641 2604 2838 2659 corpus
2874 2603 3015 2643 esse.
3053 2585 3514 2655 Quemadmodum
3541 2586 3686 2640 enim
3716 2586 3804 2641 lex

2217 2692 2445 2749 naturae,
2478 2682 2557 2737 sic
2582 2690 2638 2735 et
2667 2680 2835 2735 multa
2865 2678 3036 2749 magis
3061 2678 3249 2749 gratia:
3301 2677 3472 2732 virtus
3500 2676 3679 2733 omnia
3707 2690 3807 2731 cu-

2216 2776 2383 2831 stodit
2410 2784 2466 2831 et
2490 2782 2798 2829 conservat.
2823 2771 2891 2827 Et
2922 2771 3044 2827 vide
3067 2770 3339 2842 quomodo
3356 2771 3557 2827 caverit
3580 2786 3650 2825 ne
3678 2769 3807 2839 quid

2217 2866 2553 2937 superﬂuum
2593 2876 2761 2930 esset,
2786 2877 2898 2919 non
2923 2862 3003 2918 de
3032 2862 3291 2937 membris
3317 2862 3567 2917 omnibus
3603 2862 3810 2917 orando

2219 2965 2477 3022 tractans,
2506 2954 2603 3009 sed
2634 2954 2706 3009 de
2728 2952 2943 3008 duobus
2968 2960 3196 3019 tantum,
3224 2938 3395 3020 iisque
3414 2953 3695 3007 extremis.
3716 2952 3812 3008 Et-

2219 3049 2365 3103 cnim
2414 3046 2654 3125 omnium
2704 3045 3154 3116 pretiosissimum
3200 3045 3416 3114 posuit,
3455 3044 3710 3109 oculum;
3755 3052 3815 3098 et

2223 3142 2464 3198 omnium
2494 3137 2812 3194 vilissimum
2840 3138 3024 3209 pedes.
3041 3137 3226 3208 Neque
3249 3137 3453 3192 inducit
3478 3136 3666 3206 pedem
3687 3150 3813 3192 cum

2224 3236 2384 3291 oculo
2405 3235 2735 3303 loquentem,
2756 3231 2851 3288 sed
2871 3245 2991 3285 cum
3014 3246 3177 3285 manu
3198 3244 3319 3299 quae
3341 3238 3424 3283 est
3442 3229 3599 3298 paulo
3618 3228 3812 3293 altior;

2225 3326 2468 3381 auditum
2496 3330 2675 3377 autem
2717 3337 2840 3377 cum
2868 3321 3058 3376 oculis.
3089 3320 3226 3387 Quia
3271 3319 3418 3374 enim
3466 3334 3575 3373 non
3630 3319 3695 3374 iis
3722 3319 3816 3388 qtti

2227 3433 2329 3473 nos
2370 3417 2529 3485 longe
2554 3426 2832 3484 superant,
2862 3414 2957 3470 scd
2986 3414 3051 3467 iis
3082 3413 3172 3483 qui
3220 3412 3383 3482 paulo
3421 3412 3641 3468 altiores
3670 3422 3817 3479 sunt,

2229 3510 2467 3566 solemus
2498 3506 2774 3572 invidere;
2816 3505 2938 3559 ideo
2965 3512 3021 3560 et
3049 3505 3166 3574 ipse
3194 3506 3273 3559 sic
3304 3502 3431 3558 facit
3456 3504 3819 3573 comparatio-

2231 3616 2376 3656 nem.
2404 3600 2492 3653 17.
2525 3598 2586 3653 Si
2615 3607 2778 3652 totum
2815 3611 2998 3666 corpus
3038 3595 3237 3661 oculus,
3267 3596 3353 3650 ubi
3378 3596 3583 3652 auditus
3603 3597 3629 3650 .’
3666 3598 3712 3652 si
3738 3608 3820 3651 la-

2233 3705 2341 3747 tum
2366 3691 2592 3755 auditus,
2616 3692 2703 3745 ubi
2732 3690 3019 3744 odoratus?
3062 3690 3199 3759 Quia
3223 3692 3367 3746 enim
3397 3706 3519 3746 cum
3547 3691 3600 3746 in
3645 3707 3823 3747 mem-

2234 3788 2454 3843 brorum
2506 3784 2786 3840 incidisset
2827 3782 3223 3851 dilferentiam,
3271 3794 3328 3840 et
3355 3784 3581 3840 dixisset
3628 3786 3825 3855 pedes,

2236 3897 2452 3947 manus,
2474 3880 2662 3935 oculos
2680 3888 2735 3935 ct
2755 3892 2937 3943 aures,
2960 3878 3082 3934 illos
3109 3878 3163 3933 iu
3192 3878 3573 3949 cogitationem
3600 3881 3830 3937 minaris

2237 3973 2323 4029 vel
2347 3971 2567 4041 majoris
2593 3970 2837 4036 induxit;
2864 3969 2990 4025 vide
3016 3968 3288 4041 quomodo
3317 3984 3533 4025 rursum
3555 3970 3678 4025 illos
3697 3986 3831 4027 con-

2240 4064 2469 4130 solatur,
2501 4061 2796 4119 ostendens
2841 4062 2913 4116 ita
2955 4070 3379 4117 consentaneum
3422 4075 3565 4129 esse,
3592 4070 3649 4117 ct
3685 4063 3833 4133 quod

2242 4156 2393 4212 multi
2435 4154 2546 4210 sint
2584 4163 2638 4209 ct
2677 4153 2874 4209 diversi
2897 4192 2913 4219 ,
2946 4151 3049 4207 hoc
3097 4153 3332 4207 maxime
3372 4150 3496 4208 facit
3537 4164 3595 4207 ut
3633 4167 3837 4224 corpus

2243 4250 2332 4304 sit.
2365 4246 2519 4314 Quod
2545 4246 2590 4301 si
2616 4261 2781 4300 ttnum
2808 4253 2991 4301 essent
3020 4259 3230 4313 omnes,
3260 4260 3367 4301 non
3393 4255 3578 4301 essent
3600 4260 3833 4317 corpus:

2246 4340 2476 4413 ideoque
2503 4338 2580 4393 ait
2608 4355 2622 4392 :
2648 4338 2737 4393 19.
2764 4337 2827 4393 Si
2866 4347 3028 4392 essent
3052 4337 3225 4391 omnia
3247 4353 3403 4391 unum
3430 4337 3729 4403 membrum,
3752 4337 3840 4391 ubi

2247 4450 2433 4504 corpus
2453 4433 2479 4487 2
2514 4431 2622 4487 Sed
2647 4431 2748 4486 hoc
2776 4430 2991 4501 quidem
3025 4438 3207 4501 postea
3237 4429 3402 4496 dicit;
3448 4430 3535 4485 hic
3561 4446 3693 4485 vero
3710 4432 3840 4500 quid

2249 4524 2423 4593 majus
2458 4522 2718 4589 ostendit,
2752 4536 2945 4591 nempe
2984 4521 3128 4591 quod
3172 4535 3278 4575 nou
3311 4521 3487 4576 solum
3518 4538 3624 4575 non
3672 4523 3847 4592 possit

2251 4629 2373 4669 csse
2417 4629 2636 4682 corpus,
2669 4612 2765 4668 sed
2806 4628 2877 4667 ne
2921 4625 3044 4666 esse
3084 4611 3299 4681 quidem
3348 4622 3576 4667 caeteros
3622 4626 3843 4671 sensus.

2255 4707 2387 4759 Nam
2412 4704 2475 4760 Si
2519 4703 2729 4757 auditus
2750 4713 2910 4757 totum
2934 4714 3080 4770 esset,
3110 4702 3196 4757 ubi
3225 4703 3513 4760 odoratus?
3556 4706 3752 4776 inquit.

2326 4798 2381 4852 5.
2423 4794 2627 4850 Deinde
2654 4795 2777 4865 quia
2808 4796 2888 4850 sic
2914 4810 3128 4867 quoque
3157 4796 3510 4854 turbabantur
3532 4839 3549 4865 ,
3580 4799 3724 4871 quod
3756 4814 3851 4854 su-

2256 4888 2443 4960 perius
2469 4887 2633 4954 fecit,
2668 4886 2720 4941 id
2750 4886 2914 4942 etiam
2944 4903 3090 4944 nunc
3114 4888 3264 4946 facit.
3294 4889 3446 4946 Sicut
3474 4893 3617 4947 enim
3647 4892 3720 4946 ibi
3751 4906 3852 4961 per

2259 4981 2544 5037 utilitatem
2572 4979 2905 5044 consolatus,
2932 4980 3151 5035 demum
3174 4996 3236 5037 os
3262 4981 3436 5035 valide
3464 4980 3732 5035 obstruxit
3758 4978 3849 5033 di-

2258 5089 2407 5142 cens,
2430 5071 2555 5127 Haec
2579 5081 2750 5125 autem
2778 5072 2949 5125 omnia
2976 5081 3216 5140 operatur
3236 5086 3369 5123 unus
3391 5078 3538 5137 atque
3564 5067 3700 5121 idem
3718 5066 3851 5138 Spi-

2259 5168 2407 5233 ritus,
2430 5163 2659 5219 dividens
2676 5163 2890 5234 singulis
2911 5171 3061 5232 prout
3086 5161 3190 5215 uult
3214 5176 3234 5214 :
3248 5162 3328 5216 sic
3351 5169 3406 5215 et
3427 5160 3527 5215 hoc
3548 5159 3668 5217 loco
3686 5162 3853 5217 etiam

2260 5255 2545 5313 ratiocinia
2579 5253 2883 5325 proferens,
2912 5251 3068 5321 queis
3098 5250 3338 5306 ostendit
3365 5250 3434 5306 ad
3463 5252 3747 5308 utilitatem
3775 5257 3857 5308 sic

2262 5350 2441 5403 omnia
2482 5348 2621 5403 facta
2649 5361 2773 5403 esse
2797 5386 2813 5410 ,
2843 5357 3030 5399 rursus
3061 5354 3231 5400 totum
3273 5344 3341 5401 ad
3380 5345 3477 5401 Dei
3520 5346 3855 5402 voluntatem

2264 5440 2475 5495 reducit
2510 5440 2695 5495 dicens
2718 5454 2733 5491 :
2764 5439 2855 5508 18.
2887 5434 3044 5491 Nunc
3062 5450 3229 5493 autent
3253 5442 3423 5512 posuit
3452 5439 3587 5493 Deus
3607 5437 3854 5504 nteant",

2264 5528 2653 5599 unumquodque
2678 5529 2933 5581 earum'in
2960 5530 3252 5602 corporibus
3276 5532 3405 5587 sicut
3442 5530 3615 5585 voluit.
3646 5530 3855 5598 Quem-

2264 5621 2556 5702 admodum
2600 5620 2670 5677 de
2714 5619 2914 5689 Spiritu
2958 5620 3123 5688 dixit,
3166 5621 3333 5677 Prosit
3360 5623 3504 5676 uult:
3542 5621 3623 5676 sic
3666 5631 3722 5676 et
3752 5621 3867 5677 hoc»

2269 5712 2412 5777 loco,
2440 5711 2590 5766 Sicut
2619 5711 2793 5765 voluit.
2824 5712 2901 5769 Ne
2926 5728 3055 5785 ergo
3078 5712 3217 5771 ultra
3241 5711 3505 5769 curiosius
3527 5726 3745 5768 causam
3777 5714 3860 5766 in-

2269 5804 2473 5876 quiras,
2499 5820 2595 5864 cur
2619 5806 2718 5874 sic,
2752 5821 2849 5864 cur
2868 5822 2973 5865 nou
3006 5809 3105 5865 sic.
3133 5803 3355 5865 Etiamsi
3378 5804 3521 5864 enim
3547 5804 3694 5863 mtllc
3711 5802 3869 5861 dicta-
