4022 6214
498 232 603 289 253

496 347 598 414 τῆς
631 348 842 413 φύσεως
871 343 1051 416 τίθησι
1078 346 1361 418 διαφορὰν,
1392 347 1512 400 οὐδὲ
1535 347 1634 418 τὴν
1662 348 1770 400 ἀπὸ
1797 347 1896 418 τῆς
1925 349 2072 416 ἐνερ-

497 437 673 505 γείας,
719 435 855 489 ἀλλά
885 437 986 506 τὴν
1022 436 1132 490 ἀπὸ
1168 437 1267 506 τῆς
1303 436 1506 501 θέσεως
1550 439 1657 491 τῶν
1688 438 1888 503 τόπων.
1918 437 2072 492 Νυνὶ

495 528 625 601 7&9.
656 529 840 597 φησὶν.
866 531 900 583 ὀ
929 528 1074 595 Θεὸς
1094 528 1261 587 ἔθετο
1284 534 1357 583 τὰ
1379 531 1560 600 μέλη,
1586 530 1658 586 ἐγ
1683 532 1946 607 ἕκαστον
1962 533 2073 598 αὐ·

496 621 613 676 σῶν
650 623 721 675 ἐν
763 621 843 687 τῷ
882 622 1131 691 σώματι,
1164 623 1360 690 καθὼς
1401 625 1686 693 ἠθέλησε.
1729 627 1839 680 Καὶ
1891 626 2076 690 καλῶς

494 712 670 778 εἶπεν,
703 716 1024 779 Ἕκαστον,
1048 716 1139 768 ἐπὶ
1170 717 1387 771 πάντων
1414 714 1475 770 τδ
1503 717 1778 782 λυσιτελὲς
1798 717 2076 771 ἐνδεικνύ-

498 821 675 874 μενος.
704 805 779 858 Οὐ
809 804 919 872 γὰρ
946 804 1012 857 ἂν
1050 804 1195 874 ἔχοις
1230 806 1428 869 εἰπεῖν,
1473 806 1556 858 ὅτι
1585 804 1742 859 τοῦτο
1778 808 1878 875 μὲν
1912 807 2076 871 αὐτὸς

492 895 705 960 ἔταξεν,
734 896 912 948 ἐκεῖνο
934 894 988 947 δέ
1011 895 1147 965 οὐχί·
1184 896 1321 949 ἀλλά
1348 896 1581 951 ἕκαστον
1608 898 1749 951 κατὰ
1772 898 1834 951 τὸ
1863 898 2081 969 θέλημα

493 984 683 1047 αὐτοῦ,
717 984 860 1037 οὕτω
881 988 1085 1039 κεῖται.
1118 988 1279 1040 Ὥστε
1307 988 1403 1040 καὶ
1440 987 1517 1057 τῷ
1555 988 1676 1041 ποδὶ
1705 990 1975 1061 συμφέρει
2014 988 2080 1041 τὸ

493 1075 637 1128 οὕτω
674 1076 951 1148 τετάχθαι,
992 1078 1113 1147 οὐχὶ
1148 1080 1212 1149 τῇ
1256 1078 1468 1150 κεφαλῇ
1519 1079 1697 1150 μόνον·
1741 1079 1845 1139 κᾶν
1883 1077 2077 1132 ἀνταλυ

494 1166 631 1240 λάξῃ
663 1168 761 1239 τὴν
804 1170 976 1233 τάξιν,
1010 1170 1102 1223 καὶ
1139 1171 1239 1240 τὴν
1273 1170 1483 1223 οἰκείαν
1530 1169 1740 1241 χώραν’
1762 1170 1943 1238 ἀφεὶς,
1990 1170 2073 1238 ἐφ’

494 1262 691 1330 ἑτέραν
715 1261 864 1336 ἔλθῃ,
907 1260 1009 1315 κᾶν
1043 1264 1137 1315 ἐπὶ
1178 1260 1403 1331 μείζονα
1436 1261 1567 1329 δοκῇ
1615 1261 1962 1331 ἐληλυθέναι,
2012 1262 2075 1313 τὸ

493 1353 604 1404 πᾶν
632 1352 883 1405 ἀπώλεσε
911 1353 1003 1405 καί
1024 1348 1320 1421 διέφθειρε·
1348 1351 1449 1419 τῆς
1474 1368 1534 1403 τε
1555 1351 1665 1420 7&9
1690 1350 1899 1415 οἰκείας
1914 1352 2077 1418 ¹ἐκπί-

493 1458 639 1507 πτει,
672 1443 893 1513 καὶτῆς
922 1442 1118 1512 ἐτέρας
1143 1443 1244 1495 οὐκ
1284 1443 1657 1511 ἐπιτυγχάνει.
1698 1445 1768 1497 El
1799 1443 1869 1497 δὲ
1895 1440 1975 1515 ἦν
2006 1446 2078 1511 τὰ

493 1533 689 1593 στάντα
709 1533 779 1588 ἐν
799 1535 1009 1603 μέλος,
1034 1534 1152 1589 ποῦ
1181 1534 1247 1588 τὸ
1266 1534 1459 1605 σῶμα;
1477 1536 1633 1590 Νυνὶ
1657 1536 1725 1589 δὲ
1745 1538 2078 1603 πολλὰμὲν

490 1624 668 1695 μέλη,
695 1625 766 1679 ἐν
784 1626 853 1679 δὲ
873 1625 1065 1695 σῶμα.
1109 1627 1500 1697 Ἐπιστομίσας
1520 1628 1630 1700 7&9
1652 1629 1851 1692 αὐτοὺς
1876 1630 2079 1695 ἱκανῶς

491 1719 600 1771 ἀπὸ
629 1720 728 1788 τῆς
750 1719 843 1771 τοῦ
866 1719 1000 1772 Θεοῦ
1023 1718 1343 1783 διατάξεως,
1366 1720 1531 1774 πάλιν
1552 1721 1853 1792 λογισμοὺς
1870 1722 2072 1791 τίθησι·

492 1812 587 1861 καὶ
616 1808 739 1862 οὐτε
754 1810 912 1863 τοῦτο
935 1811 1021 1862 ἀεὶ
1044 1812 1189 1863 ποιεῖ
1205 1810 1352 1875 οὔτε,
1378 1811 1577 1872 ἐκεῖνο,
1600 1810 1717 1862 ἀλλ’
1735 1810 2077 1864 ἐναλλάττων

492 1898 644 1970 νινε]
695 1899 963 1951 ποικίλλει
993 1898 1083 1950 τὸν
1132 1900 1312 1966 λόγον.
1358 1898 1424 1949 ’Ὀ
1453 1915 1509 1951 τε
1559 1896 1668 1967 7&9
1709 1898 2076 1970 ἐπιστομίζων

495 1989 677 2058 μόνον,
710 1989 799 2041 τὸν
829 1990 1130 2059 ἀκροατὴν,
1168 1988 1391 2059 θορυϐεῖ
1416 1989 1444 2042 δ
1470 2005 1531 2041 τε
1573 1990 1631 2041 δὲ
1662 1988 1861 2052 ἐθίζων
1913 1990 2076 2043 αὐτδν

490 2079 711 2133 πάντων
745 2082 926 2145 αἰτίας
954 2083 1239 2152 ἀπαιτεῖν,
1273 2083 1354 2145 εἰς
1391 2081 1484 2133 τὸν
1519 2081 1619 2150 τῆς
1646 2081 1882 2143 πίστεως
1912 2082 2076 2135 αὐτὸν

492 2171 881 2239 παραϐλάπτει
920 2172 1100 2241 λόγον.
1134 2174 1234 2225 Διά
1268 2171 1334 2242 δὴ
1364 2171 1526 2225 τοῦτο
1563 2173 1788 2225 κάκεῖνο
1835 2174 2077 2244 συνεχῶς

489 2265 535 2315 όν
562 2262 775 2324 Παῦλος
819 2266 984 2327 ποιεῖ,
1017 2264 1105 2315 ἵνα
1152 2264 1246 2316 καὶ
1281 2262 1612 2316 πιστεύσωσι
1655 2264 1750 2317 καὶ
1794 2264 1871 2335 μὴ
1918 2264 2076 2336 θορυ-

489 2350 712 2405 ϐῶνται·
755 2355 850 2406 καὶ
899 2353 1038 2423 μετά
1078 2354 1139 2405 τὸ
1182 2354 1534 2424 ἐπιστομίσαι
1571 2354 1733 2407 πάλιν
1774 2355 1870 2409 καὶ
1918 2355 2075 2421 λόγον

490 2445 745 2515 παρέχει.
784 2445 893 2498 Καὶ
925 2446 1119 2497 σκόπει
1150 2446 1250 2515 τὴν
1278 2444 1636 2513 φιλονεικίαν,
1664 2446 1757 2498 καὶ
1785 2448 1886 2515 τὴν
1916 2462 2074 2515 περι-

489 2538 679 2590 ουσίαν
723 2537 820 2606 τῆς
855 2524 1030 2606 νίκης.
1088 2538 1204 2605 Ἀφ’
1243 2531 1317 2591 ὧν
1352 2540 1463 2609 γὰρ
1512 2536 1762 2607 ἐνόμιζον
1798 2536 1899 2588 οὐκ
1936 2530 2075 2587 εἶναι

493 2630 724 2699 ἰσότιμοι
777 2629 856 2700 τῷ
891 2630 1092 2700 πολλὴν
1136 2634 1193 2682 ἐν
1232 2631 1415 2693 αὐτοῖς
1466 2625 1606 2684 εἶναι
1646 2630 1747 2700 τὴν
1789 2627 2073 2699 διαφοράν,

488 2718 597 2769 ἀπὸ
631 2717 836 2770 τούτων
876 2718 1173 2779 δείκνυσιν,
1212 2718 1295 2771 ὅτι
1340 2719 1405 2772 δι’
1449 2719 1580 2771 αὐτὸ
1629 2719 1727 2789 μὲν
1773 2714 1865 2771 οὖν
1918 2718 2075 2771 τοῦτο

491 2806 743 2875 ἰσότιμοι.
778 2806 937 2872 Πῶς;
980 2807 1091 2877 ἐγὼ
1118 2808 1281 2877 λέγω.
1313 2811 1383 2862 El
1408 2806 1487 2878 ἦν
1523 2809 1596 2862 τὰ
1640 2808 1859 2871 πάντα,
1884 2811 2072 2880 φησὶν,

489 2895 560 2949 ἓν
574 2897 778 2966 μέλος,
808 2900 925 2951 ποῦ
954 2899 1019 2952 τὸ
1053 2898 1261 2967 σῶμα;
1298 2902 1363 2951 Ὀ
1401 2900 1459 2951 δέ
1493 2898 1661 2966 λέγει,
1697 2898 1857 2951 τοῦτό
1894 2900 2072 2952 ἐστιν’

490 2985 553 3039 Εἰ
586 2989 659 3057 μὴ
684 2984 750 3057 ἦν
776 2990 830 3039 ἐν
857 2980 985 3057 ὑμῖν
1010 2989 1177 3057 πολλὴ
1264 2989 1517 3059 διαφορὰ,
1545 2989 1645 3042 οὐκ
1669 2989 1735 3041 ἂν
1760 2985 1857 3059 ἦτε
1890 2989 2072 3059 σῶμαο

492 3077 653 3147 σῶμα
686 3079 741 3130 δὲ
769 3079 868 3146 οὐκ
895 3079 1067 3143 ὅντες,
1098 3080 1197 3132 οὐκ
1232 3080 1297 3133 ἂν
1330 3075 1429 3150 ἦτε
1467 3080 1526 3131 ἐν
1548 3096 1559 3109 ·
1597 3080 1654 3133 ἐν
1682 3082 1739 3134 δὲ
1768 3082 1867 3134 οὐκ
1900 3080 2072 3143 ὄντες,

489 3170 591 3221 οὐκ
630 3170 695 3222 ἂν
731 3166 829 3241 ἦτε
867 3173 1119 3241 ἰσότιμοι.
1164 3173 1327 3226 Ὥστε
1371 3170 1465 3226 οὖν
1489 3176 1547 3237 ,εἰ
1603 3175 1817 3236 πάντες
1842 3173 2075 3242 ἰσότιμοι

490 3258 611 3331 ἦτε,
646 3263 745 3315 οὐκ
796 3263 861 3316 ἂν
892 3260 989 3333 ἦτε
1032 3264 1212 3335 σῶμα·
1248 3268 1349 3318 οὐκ
1385 3265 1536 3328 ὄντες
1565 3265 1623 3318 δέ
1658 3267 1838 3333 σῶμα,
1874 3267 1973 3318 οὐκ
2009 3266 2076 3320 ἂν

490 3350 589 3425 ἦτε
620 3353 677 3407 ἓν
697 3370 710 3384 ·
741 3356 841 3407 οὐκ
877 3356 1027 3419 δντες
1067 3356 1122 3409 δὲ
1168 3356 1246 3420 ἓν,
1287 3357 1403 3418 πῶς
1434 3358 1498 3410 ἂν
1529 3354 1627 3427 ἦτε
1662 3357 1893 3428 ἰσότιμοι
1918 3375 1932 3423 ;
1962 3358 2076 3413 Νῦν

497 3446 702 3515 μέντοι,
740 3447 925 3518 ἐπειδὴ
958 3449 1058 3501 οὐκ
1088 3450 1211 3501 ἐστὲ
1247 3451 1446 3511 πάντες
1474 3449 1533 3501 ἐν
1563 3466 1616 3501 τι
1644 3450 1890 3522 χάρισμα
1925 3450 2076 3520 ἕχον-

494 3550 604 3600 τες,
634 3536 719 3590 διὰ
752 3537 909 3592 τοῦτο
947 3536 1107 3607 σῶμά
1143 3539 1266 3590 ἐστε
1288 3557 1302 3569 ·
1360 3538 1521 3608 σῶμα
1571 3540 1627 3592 δὲ
1656 3540 1805 3604 ὄντες
1827 3582 1841 3607 ,
1879 3542 2078 3605 πάντες

493 3629 617 3682 ἐστέ
648 3628 727 3693 ἓν,
758 3618 850 3681 καὶ
879 3630 1030 3683 οὐδὲν
1056 3630 1298 3701 ἀλλήλων
1323 3631 1609 3702 διαφέρετε
1650 3634 1790 3688 κατά
1828 3635 1887 3687 τὸ
1920 3635 2079 3705 σῶμα

493 3716 653 3774 εἶναι.
685 3720 846 3773 Ὥστε
871 3722 903 3791 ἡ
926 3721 1159 3794 διαφορά
1182 3723 1319 3793 αῦτη
1352 3723 1588 3792 μάλιστά
1614 3726 1759 3777 ἐστιν
1786 3728 1821 3795 ἡ
1852 3727 2079 3779 ποιοῦσα

494 3814 594 3883 τὴν
627 3815 918 3882 ἰσοτιμίαν·
957 3816 1037 3867 διὸ
1067 3818 1161 3867 καὶ
1190 3817 1457 3884 ἐπήγαγε,
1488 3816 1617 3870 Νῦν
1644 3817 1713 3869 δὲ
1738 3818 1938 3871 πολλὰ
1962 3818 2080 3886 μὲν

495 3909 669 3973 μέλη,
701 3905 771 3959 ἓν
812 3906 880 3958 δὲ
913 3899 1104 3976 σῶμα.
1140 3908 1303 3962 Ταῦτ’
1335 3904 1428 3962 οὖν
1467 3908 1775 3972 ἐννοοῦντες
1802 3911 1896 3962 καὶ
1920 3911 2079 3980 ἡμεῖς

498 3997 680 4049 πᾶσαν
712 3997 1009 4066 βασκανίαν
1039 3998 1380 4069 ἐκϐάλωμεν,
1421 4002 1516 4054 καὶ
1544 4001 1683 4071 μήτε
1712 4004 1825 4065 τοῖς
1858 4002 2081 4071 μείζονα

500 4090 812 4159 χαρίσματα
852 4090 1035 4160 ἔχουσι
1094 4091 1416 4163 φθονῶμεν,
1460 4093 1597 4163 μήτε
1648 4095 2079 4165 καταφρονῶμεν

507 4181 606 4233 τῶν
634 4182 703 4233 τά
730 4182 990 4235 ἐλάττονα
1019 4183 1392 4253 κεκτημένων·
1423 4182 1566 4235 οὕτω
1595 4183 1705 4254 γὰρ
1732 4187 1761 4237 ό
1788 4186 1919 4247 Θεὸς
1951 4185 2078 4253 ἠθέ-

500 4274 649 4341 λησε.
687 4276 788 4343 Μὴ
814 4275 993 4326 τοίνυν
1024 4273 1498 4344 ἀντιτασσώμεθα.
1541 4276 1603 4327 Εἰ
1640 4276 1698 4327 δέ
1736 4274 1817 4329 [τι
1853 4276 2077 4348 θορυϐᾕ,

501 4368 750 4435 ἐννόησον
796 4367 876 4418 ὅτι
911 4367 971 4418 τὸ
1019 4366 1108 4418 σὺν
1152 4366 1310 4436 ἔργον
1339 4368 1399 4419 οὐ
1434 4367 1657 4420 δύναται
1707 4369 1911 4431 ἐκεῖνος
1950 4370 2080 4423 πολ-

502 4460 656 4521 nixa;
689 4459 889 4512 ἀνύειν.
926 4460 1088 4510 Ὥστε
1128 4458 1231 4511 κᾶν
1276 4459 1520 4513 ’ἐλάττων
1569 4455 1655 4533 ᾗς,
1695 4459 1868 4530 τούτῳ
1896 4459 2083 4512 πλεον-

502 4551 698 4610 εκτεῖ;’
734 4548 836 4601 κᾶν
872 4548 1073 4618 μείζων
1108 4548 1313 4611 ἐκεῖνος
1353 4542 1409 4621 ᾖ,
1440 4547 1757 4602 ἐλαττοῦται
1797 4551 1855 4601 ἐν
1884 4548 2079 4617 τούτῳ,

503 4640 595 4694 καὶ
626 4640 799 4703 οὕτως
825 4642 1005 4711 ἰσότης
1032 4641 1262 4709 γίνεται.
1302 4642 1407 4694 Καὶ
1435 4642 1544 4711 7&9
1572 4642 1667 4693 καὶ
1690 4642 1746 4692 ἐν
1770 4640 1846 4710 τῷ
1872 4639 2081 4709 σώματι

504 4734 597 4785 καὶ
637 4730 707 4783 τὰ
738 4734 911 4801 μικρά
947 4733 1009 4783 οὐ
1060 4734 1233 4803 μικρὰ
1265 4733 1413 4785 δοκεῖ
1471 4732 1769 4795 συντελεῖν,
1816 4731 1951 4784 ἀλλά
1991 4733 2084 4784 καὶ

504 4824 617 4885 τοῖς
660 4821 917 4893 μεγάλοις
966 4822 1290 4890 λυμαίνεται
1333 4822 1626 4886 πολλάκις,
1667 4825 1795 4876 ὃταν
1848 4825 2077 4894 ἀποστῇ

505 4912 569 4964 Τί
596 4914 703 4981 7&9
730 4914 932 4984 τριχῶν
958 4913 1339 4984 εὐτελέστερον
1362 4915 1418 4965 ἐν
1442 4913 1521 4982 τῷ
1547 4913 1759 4982 σώματι
1782 4930 1794 4977 ;
1828 4914 1963 4967 ἀλλά
1985 4915 2085 4978 τὰς

504 5002 744 5064 εὐτελεῖς
768 5005 967 5067 ταύτας
996 5004 1064 5057 ἀν
1098 5004 1295 5076 ἀνέλῃς
1326 5004 1432 5057 ἀπὸ
1464 5004 1571 5056 τῶν
1599 5004 1816 5073 ὀφρύων
1856 5006 1948 5057 καί¹
1978 5007 2085 5058 τῶν

507 5094 814 5166 βλεφάρων,
847 5095 975 5163 ὃλην
1007 5098 1279 5165 ἠφάνισας
1305 5098 1404 5164 τῆς
1441 5094 1615 5164 ὄψεως
1644 5096 1741 5167 τὴν
1773 5091 1923 5166 ὤραν
1942 5136 1957 5159 ,
1993 5099 2086 5150 καὶ

504 5185 785 5256 ὀφθαλμὸς
815 5184 996 5238 οὐκέτι
1029 5187 1229 5255 ὁμοίως
1270 5190 1518 5253 φανεῖται
1564 5186 1748 5250 καλός-⁵
1800 5188 1973 5241 καίτοι
2022 5200 2087 5253 γε

507 5279 637 5349 περὶ
683 5280 745 5331 τὸ
776 5278 935 5349 τυχόν
975 5280 1121 5330 ἐστιν
1154 5281 1188 5347 ή
1239 5278 1445 5349 ζημία,
1483 5277 1598 5329 ἀλλ’
1631 5279 1780 5347 ὅμως
1818 5281 1912 5332 καὶ
1945 5277 2089 5331 οὕτω

510 5369 661 5422 πᾶσα
688 5368 947 5439 διεφθάρη
985 5367 1018 5436 ἡ
1050 5367 1351 5438 εὐμορφία’
1381 5369 1480 5421 οὐκ
1514 5367 1787 5437 εὐμορφία
1816 5368 1871 5420 δὲ
1908 5369 2087 5436 μόνω,

512 5459 651 5513 ἀλλά
680 5460 775 5511 καὶ
804 5461 937 5513 πολύ
969 5458 1070 5527 τῆς
1100 5460 1286 5528 χρείας
1328 5460 1435 5512 τῶν
1481 5458 1795 5528 ὀφθαλμῶν.
1826 5455 1947 5512 Τῶν
1982 5465 2089 5530 γάρ

519 5551 698 5621 μελῶν
746 5549 898 5619 ἡμῶν
930 5552 1159 5603 ἕκαστον
1202 5551 1294 5601 καὶ
1341 5552 1475 5604 ἰδίαν
1514 5550 1795 5622 ἐνέργειαν
1835 5550 1948 5621 ἔχει
1996 5552 2090 5603 καὶ

522 5643 727 5711 κοινὴν,
765 5643 858 5694 καὶ
888 5642 1081 5705 κάλλος
1106 5641 1308 5711 ὁμοίως
1333 5645 1426 5695 καὶ
1459 5645 1587 5696 [διον
1615 5645 1708 5696 καὶ
1740 5644 1914 5696 κοινόν
1945 5644 2091 5697 ἐστιν

521 5731 579 5787 ἐν
632 5734 780 5805 ⁴ἡμῖν·
825 5736 915 5789 καὶ
973 5734 1117 5788 δοκεῖ
1158 5734 1255 5805 μὲν
1302 5734 1587 5805 διῃρῆσθαι
1626 5734 1817 5801 ταῦτα,
1875 5735 2086 5805 συμπέ-

1262 229 1319 287 S.
1357 232 1641 288 JOANNIS
1677 229 2172 287 CIIRYSOSTOMI
2213 227 2537 287 ARCllIEP.
2580 224 3130 284 CONSTANTINOP.

3644 218 3751 273 255

2175 345 2403 399 πλεκται
2432 345 2488 398 δέ
2521 342 2784 413 ἀκριϐῶς,
2817 343 2912 395 καὶ
2959 340 3188 410 θατέρου
3226 336 3613 409 διαφθαρέντος
3658 334 3753 389 καὶ

2174 437 2235 490 τὸ
2259 437 2444 507 ἕτερον
2476 435 2891 490 συναπόλλυται.
2921 433 3122 487 Σκόπει
3148 432 3203 486 δέ
3227 448 3240 460 ·
3257 431 3511 498 ,ἔστωσαν
3551 428 3753 497 ὀφθαλ-

2178 525 2270 599 μοὶ
2290 529 2617 597 λάμποντες,
2648 528 2744 581 καὶ
2767 526 2971 598 παρειά
2995 524 3275 596 μειδιῶσα,
3307 524 3401 578 καὶ
3436 522 3611 594 χεῖλος
3631 522 3754 591 ἐρυ-

2175 619 2325 689 θρὸν,
2364 618 2457 673 καί
2490 620 2574 689 ῥὶς
2604 617 2824 682 εὐθεῖα,
2871 617 2965 671 καὶ
3001 615 3173 687 ὀφρύς
3218 613 3591 686 ἐκτεταμένηο
3638 612 3752 665 ἀλλ’

2175 710 2323 781 ὅμως
2348 709 2447 764 κᾶν
2476 710 2535 763 τὸ
2563 708 2726 779 τυχὸν
2752 710 2817 761 ἐκ
2843 710 3047 762 τούτων
3070 705 3303 778 λυμήνῃ,
3328 708 3404 777 τῷ
3432 703 3597 775 κοινῷ
3618 704 3758 757 πάν-

2176 816 2285 853 των
2325 801 2578 872 ἐλυμήνω
2616 800 2838 870 κάλλει,
2874 797 2967 853 καὶ
3004 799 3183 852 πάντα
3220 796 3518 866 κατηφείας
3546 794 3753 867 μεστὰ,

2160 894 2274 945 -καὶ
2313 894 2490 947 πάντα
2532 895 2734 965 αἰσχρά
2787 897 3037 965 φανεῖται
3078 891 3145 946 τά
3194 888 3301 963 πρδ
3354 892 3542 944 τούτου
3588 887 3752 941 καλά.

2176 986 2276 1037 Ἂν
2304 984 2412 1057 7&9
2436 990 2497 1040 τὸ
2526 987 2695 1060 ἀκρον
2724 988 2884 1058 μόνον
2902 987 3002 1057 τῆς
3024 983 3169 1057 ῥινὸς
3194 981 3509 1054 συντρίψῃς,
3536 980 3755 1036 πάντων

2162 1078 2380 1148 ,πολλὴν
2432 1081 2702 1151 κατέχεας
2752 1080 2852 1154 τὴν
2909 1077 3224 1151 ἀμορφίαν,
3281 1076 3459 1129 καίτοι
3513 1092 3577 1143 γε
3636 1071 3757 1135 ἐνὸς

2180 1170 2376 1240 μέλους
2406 1172 2551 1226 ἐστὶν
2580 1176 2613 1243 ἠ
2659 1174 2931 1244 πήρωσις·
2966 1173 3061 1224 καὶ
3094 1168 3187 1223 ἐπὶ
3220 1166 3402 1238 χειρὸς
3431 1166 3653 1235 ὁμοίως.
3688 1164 3755 1217 ἂν

2179 1264 2299 1328 ἐνὸς
2328 1266 2592 1323 δακτύλου
2622 1267 2715 1320 τὸν
2756 1264 2924 1337 δνυχα
2956 1262 3143 1335 ἐξέλῃς
3164 1305 3178 1327 ,
3213 1261 3272 1315 τὸ
3308 1258 3437 1314 αὐτὸ
3474 1261 3756 1329 γινόμενον

2181 1358 2320 1428 ωει.

2252 1534 2404 1608 [274]
2426 1536 2492 1589 δ’.
2524 1536 2584 1589 El
2600 1536 2657 1589 δὲ
2682 1537 2775 1589 καὶ
2796 1536 2888 1589 ἐπὶ
2903 1533 3181 1606 ἐνεργείας
3201 1529 3514 1601 βουληθείης
3543 1527 3602 1580 τὸ
3628 1526 3760 1581 αὐτὸ

2182 1628 2476 1697 συμϐαῖνον
2534 1628 2681 1691 ἰδεῖν,
2735 1625 2890 1678 ἄνελε
2925 1625 3186 1679 δάκτυλον
3214 1622 3329 1686 ἕνα,
3372 1621 3616 1683 καὶτοὺς
3644 1620 3759 1673 λοι·-

2178 1716 2667 1787 παὺςνάργοτέρους
2690 1715 2829 1785 ὄψει,
2856 1715 2952 1769 καὶ
2973 1717 3155 1769 οὐκέτι
3178 1716 3246 1769 τά
3273 1714 3450 1768 αὐτῶν
3476 1712 3762 1776 ποιοῦντας

2177 1808 2397 1877 ὁμοίως.
2448 1808 2598 1861 Ἐπεὶ
2642 1802 2736 1859 οὖν
2771 1808 2947 1861 κοινὸν
2980 1801 3171 1876 αἶσχος
3224 1806 3256 1877 ή
3295 1806 3391 1859 τοῦ
3437 1804 3629 1876 μέλους
3660 1804 3760 1873 ξη-

2182 1899 2301 1969 μῖα,
2336 1900 2430 1953 καὶ
2466 1898 2653 1980 ,κοινὸν
2688 1899 2881 1963 κάλλος
2918 1902 2950 1969 ἡ
2988 1898 3250 1968 σωτηρία.
3289 1894 3363 1967 μὴ
3407 1895 3765 1966 ἐπαιρώμεθα

2181 1992 2313 2062 μηδὲ
2343 1992 2764 2063 ἐπεμϐαίνωμεν
2806 1993 2919 2055 τοῖς
2956 1989 3201 2059 πλησίον.
3231 1990 3329 2043 Διά
3359 1990 3466 2059 7&9
3497 1992 3672 2042 ἐκεῖνο
3702 1985 3765 2039 τὸ

2181 2084 2375 2154 μικρὸν
2408 2084 2568 2155 μέλος
2616 2085 2710 2138 καὶ
2754 2085 2815 2137 τὸ
2862 2084 3004 2155 μέγα
3050 2083 3167 2136 ἐστὶ
3200 2081 3363 2135 καλὸν
3409 2081 3503 2133 καὶ
3539 2081 3760 2149 ὡραῖον,

2178 2176 2271 2229 καὶ
2324 2176 2414 2229 διά
2458 2176 2567 2229 τῶν
2628 2176 2963 2248 βλεφαρίδων
3010 2174 3285 2243 ὀφθαλμὸς
3338 2171 3761 2235 καλλωπίζεται.

2179 2266 2342 2321 Ὥστε
2376 2268 2552 2339 ἐαυτῷ
2578 2269 2805 2339 πολεμεῖ
2838 2269 2865 2321 ό
2899 2267 2980 2337 τῷ
3006 2265 3219 2337 ἀδελφῷ
3248 2266 3520 2335 πολεμῶν
3566 2264 3625 2315 οὐ
3655 2262 3765 2334 7&9

2182 2359 2375 2429 μέχρις
2406 2358 2613 2411 ἐκείνου
2640 2358 2707 2411 τά
2727 2359 2826 2427 τῆς
2858 2357 3081 2428 βλάϐης,
3108 2355 3242 2410 ἀλλὰ
3272 2357 3365 2409 καὶ
3395 2356 3554 2418 αὐτὸς
3582 2356 3643 2408 οὐ
3676 2372 3767 2425 μι-

2179 2448 2317 2519 κράν
2345 2448 2707 2516 ὐποστήσεται
2731 2446 2961 2517 ζημίαν.,
2983 2445 3079 2499 Ἵν⁹
3097 2440 3191 2499 οῦν
3227 2445 3301 2516 μὴ
3332 2442 3490 2497 τοῦτο
3517 2443 3760 2512 γίνηται,

2176 2534 2253 2597 ὡς
2289 2539 2517 2601 ἑαυτῶν,
2542 2534 2683 2591 οὓτω
2720 2538 2815 2591 καὶ
2840 2536 2951 2590 τῶν
2986 2535 3216 2607 πλησίον
3250 2526 3644 2605 φροντίζωμεν,
3671 2533 3767 2587 καὶ

2176 2630 2379 2698 ταύτην
2402 2631 2500 2701 τὴν
2527 2630 2711 2683 εἰκόνα
2741 2628 2836 2683 τοῦ
2869 2628 3119 2700 σώματος
3147 2628 3242 2681 καὶ
3270 2627 3364 2681 νῦν
3392 2627 3485 2680 ἐπὶ
3510 2625 3608 2695 τὴν
3646 2625 3768 2678 Ἐκ-

2178 2722 2406 2792 κλησίαν
2454 2726 2872 2792 μεταγάγωμεν,
2906 2721 3000 2773 καὶ
3034 2720 3352 2791 προνοῶμεν
3399 2719 3649 2771 ἁπάντων
3691 2716 3769 2781 ὡς

2181 2814 2359 2883 μελῶν
2387 2814 2623 2866 οἰκείων.
2657 2812 2771 2865 Καὶ
2810 2812 2921 2883 7&9
2954 2811 3047 2865 καὶ
3082 2813 3138 2862 ὲν
3176 2812 3240 2879 τῇ
3280 2806 3577 2880 Ἐκκλησία
3630 2809 3767 2879 μέλη

2179 2902 2350 2956 πολλά
2399 2903 2493 2955 καὶ
2537 2902 2803 2971 διάφορα·
2856 2899 2948 2953 καὶ
2996 2900 3063 2953 τά
3100 2897 3561 2969 μὲντιμιώτερα,
3596 2896 3665 2950 τὰ
3708 2890 3769 2948 δέ

2178 2995 2575 3063 καταδεέστερα
2594 3010 2607 3023 ’
2624 2988 2751 3063 ,οἷόν
2779 2992 2883 3045 εἰσι
2918 2990 3207 3063 παρθένων
3240 2990 3390 3059 χοροὶ
3411 3030 3423 3052 ,
3449 2990 3555 3042 εἰσὶ
3580 2988 3768 3060 χηρῶν

2181 3087 2448 3156 σύλλογοι,
2500 3086 2612 3139 εἰσί
2670 3085 2780 3137 τῶν
2830 3083 2888 3138 ἐν
2950 3083 3114 3152 γάμῳ
3166 3080 3402 3153 σώφρονι
3445 3080 3770 3151 λαμπόντων

2179 3178 2462 3249 φρατρίαι,
2512 3177 2605 3229 καὶ
2648 3174 2832 3228 πολλοὶ
2878 3171 2980 3241 τῆς
3031 3172 3232 3244 ἀρετῆς
3281 3172 3331 3222 οἱ
3384 3168 3599 3239 βαθμοί.
3655 3170 3763 3221 Καὶ

2179 3268 2271 3320 ἐπὶ
2320 3267 2418 3335 τῆς
2461 3262 2831 3334 ἐλεημοσύνης
2879 3262 3042 3314 πάλιν
3086 3258 3317 3331 όμοίως’
3348 3256 3377 3309 ὁ
3420 3259 3518 3326 μὲν
3552 3258 3660 3326 7&9
3698 3256 3762 3309 τά

2180 3358 2359 3411 πάντα
2388 3342 2677 3418 ἐκένωσεν,
2714 3356 2761 3407 οἱ
2792 3352 2849 3405 δέ
2879 3352 2976 3420 τῆς
3014 3351 3350 3420 αὐταρκείας
3379 3347 3764 3418 ἐπιμελοῦνται

2183 3454 2371 3523 μόνης,
2402 3452 2496 3503 καὶ
2516 3448 2677 3503 πλέον
2705 3448 2807 3517 τῆς
2833 3446 3020 3518 χρείας
3051 3441 3202 3496 οὐδὲν
3229 3437 3503 3523 ζητοῦσιν,
3543 3438 3593 3490 οἰ
3621 3438 3677 3490 δὲ
3704 3439 3768 3489 ἐκ

2178 3522 2274 3597 τοῦ
2317 3540 2753 3611 περισσεύματος
2784 3536 3014 3590 ἔδωκαν·
3051 3534 3165 3587 ἀλλ’
3195 3533 3347 3600 ὅμως
3384 3522 3530 3582 οῦτοι
3568 3527 3770 3589 πάντες

2180 3638 2444 3708 ἀλλήλους
2475 3633 2759 3709 κοσμοῦσι,
2803 3630 2904 3684 κᾶν
2944 3628 3271 3697 ἐξουθενήσῃ
3317 3624 3409 3677 τὸν
3442 3621 3703 3674 ἐλάττονα
3742 3620 3771 3671 ό

2184 3732 2405 3801 μείζων,
2430 3727 2619 3781 ἐαυτὸν
2649 3726 2720 3779 τά
2757 3724 2989 3794 μέγιστα
3023 3718 3276 3787 ἔϐλαψεν.
3304 3717 3376 3769 ’Ἢ
3404 3731 3462 3767 τε
3492 3712 3601 3783 7&9
3630 3727 3772 3780 παρ·-

2183 3824 2333 3885 θένος
2381 3823 2445 3875 ἂν
2488 3819 2684 3889 ὑϐρίσῃ
2712 3818 2809 3888 τὴν
2842 3815 3105 3884 ἔγγαμον,
3144 3812 3215 3864 οὐ
3245 3808 3438 3881 μικρὸν
3470 3805 3773 3875 ὑπετέμετο

2181 3917 2273 3970 τοῦ
2331 3910 2543 3985 μισθοῦ·
2599 3913 2628 3965 ὃ
2682 3927 2738 3963 τε
2795 3909 2864 3961 τά
2916 3909 3094 3961 πάντα
3139 3903 3405 3964 κενώσας,
3433 3899 3499 3953 ἂν
3535 3898 3774 3967 ὀνειδίσῃ

2183 4012 2259 4082 τῷ
2312 4011 2385 4081 μὴ
2442 4006 2603 4061 τοῦτο
2654 4000 3001 4073 πεποιηκότι,
3037 3997 3171 4052 πολύ
3220 3996 3328 4049 τῶν
3377 3991 3543 4047 αὐτοῦ
3592 3993 3773 4043 πόνων

2184 4103 2441 4158 ἐκένωσε.

2256 4278 2366 4332 Καὶ
2395 4278 2449 4329 τί
2490 4275 2634 4343 λέγω
2668 4269 2970 4341 παρθένους
3000 4266 3095 4319 καὶ
3129 4268 3303 4338 χήρας
3338 4262 3430 4317 καὶ
3457 4260 3771 4328 ἀκτήμονας

2185 4370 2415 4440 ἄνδρας
2456 4367 2519 4419 Τί
2566 4362 2821 4435 γὰρ’-τῶν
2868 4357 3306 4430 προσαιτούντων
3355 4352 3771 4418 εὐτελέστερονς

2188 4462 2303 4517 ἀλλ’
2337 4462 2486 4530 ὅμως
2528 4459 2621 4512 καὶ
2665 4449 2811 4511 οὗτοι
2854 4451 3043 4523 χρείαν
3097 4444 3361 4518 πληροῦσι
3403 4441 3665 4530 μεγίστην
3715 4441 3775 4490 ἐν

2200 4528 2519 4620 Ἐκκλησία,
2561 4542 2975 4617 προσηλωμένοι
3004 4541 3126 4601 ταῖς
3148 4539 3343 4607 θύραις
3365 4529 3461 4587 τοῦ
3500 4528 3651 4592 ναοῦ,
3678 4531 3777 4583 καὶ

2188 4644 2391 4713 κόσμον
2423 4640 2755 4708 παρέχοντες
2780 4635 3055 4705 μέγιστον,
3086 4631 3179 4684 καὶ
3202 4628 3407 4680 τούτων
3428 4623 3555 4676 ἀνευ
3578 4620 3680 4672 οὐκ
3706 4620 3776 4713 ἓν

2186 4707 2551 4804 ἀπαρτισθείη
2577 4730 2637 4781 τὺ
2666 4728 2941 4796 πλήρωμα
2968 4722 3066 4792 τῆς
3101 4716 3449 4786 Ἐκκλησίας.
3477 4713 3655 4804 Ὅπερ
3678 4707 3775 4765 οὖν

2188 4826 2283 4879 καὶ
2310 4802 2376 4876 ήοί
2416 4820 2701 4876 ἀπόστολοι
2741 4816 3043 4874 συνιδόντες
3077 4810 3311 4881 ἐξαρχῆς
3348 4802 3771 4873 ἐνομοτέθησαν,

2189 4920 2378 4988 ῶσπερ
2400 4918 2466 4970 τά
2496 4914 2630 4970 ἄλλα
2668 4915 2865 4974 πάντα,
2899 4908 3042 4963 οὓτω
3072 4908 3166 4960 καὶ
3193 4903 3256 4956 τὸ
3277 4903 3451 4971 χήρας
3473 4896 3609 4952 εῖναι
3629 4917 3642 4929 ·
3679 4899 3776 4952 καὶ

2190 5008 2455 5079 τοσαύτην
2483 5006 2808 5075 ἐποιήσαντο
2831 5020 2896 5056 πε
2905 5000 2961 5073 ρὶ
2980 5000 3041 5052 τὸ
3061 4994 3293 5066 πρᾶγμα
3316 4988 3570 5059 σπουδὴν,
3585 4988 3659 5049 ὡς
3677 4988 3776 5043 καὶ

2189 5101 2469 5161 διακόνους
2514 5098 2706 5159 αὐταῖς
2744 5094 3041 5162 ἐπιστῆσαι
3079 5085 3239 5139 ἐπτά.
3272 5082 3482 5153 Ὥσπερ
3520 5081 3627 5154 γάρ
3653 5081 3777 5133 ἐπι-

2192 5194 2427 5255 σκόπους
2474 5190 2567 5244 καὶ
2601 5185 3005 5260 πρεσϐυτέρους
3048 5178 3141 5231 καὶ
3178 5175 3457 5237 διακόνους
3492 5176 3587 5228 καὶ
3624 5190 3774 5244 παρ·

2192 5285 2374 5348 θένους
2421 5278 2518 5337 καὶ
2564 5274 3064 5351 ἐγκρατευομένους
3108 5268 3348 5341 ἀριθμῷ.
3391 5266 3629 5337 τάημέλη
3672 5265 3777 5333 τῆς

2207 5372 2533 5443 Ἐκκλησίας
2568 5368 2905 5433 καταλέγων,
2929 5361 3071 5416 οὕτω
3120 5361 3216 5415 καί⁵
3249 5361 3443 5432 χήρας.
3486 5354 3622 5410 Οὐδέ
3660 5355 3774 5425 γὰρ

2192 5466 2291 5535 τὴν
2313 5464 2583 5534 τυχοῦσαν
2605 5458 2795 5530 χρείαν
2819 5448 2975 5509 αὗται
2997 5454 3283 5525 πληροῦσι.
3316 5453 3388 5505 Σὺ
3422 5449 3519 5520 μὲν
3548 5445 3658 5516 γὰρ
3682 5448 3774 5501 ὅτε

2197 5552 2397 5624 βούλει,
2420 5550 2822 5625 παραγέγονας*
2845 5540 3003 5599 αὗται
3035 5544 3093 5599 δέ
3122 5544 3217 5598 καὶ
3244 5542 3458 5613 ἡμέραν
3480 5538 3577 5592 καὶ
3602 5536 3774 5592 νύκτα

2196 5647 2454 5715 ψάλλουσι
2495 5642 2591 5698 καί
2623 5640 2895 5711 πάρεισιν,
2931 5640 2991 5692 οὐ
3028 5639 3124 5707 τῆς
3170 5631 3541 5704 ἐλεημοσύνης
3584 5632 3773 5685 ἐνεκεν

2204 5739 2367 5808 μόνης
2401 5734 2561 5789 τοῦτο
2588 5732 2854 5786 ποιοῦσαι·
2878 5731 3020 5797 ἐπεὶ,
3050 5730 3097 5781 εἰ
3125 5727 3278 5781 τοῦτο
3313 5722 3612 5795 ἐϐούλοντο,
3645 5718 3774 5792 ἐξῆν
