4022 6214
275 252 384 310 253

270 368 591 441 proferenda
615 366 978 434 habuerimus,
1000 380 1108 423 non
1136 367 1214 422 sic
1237 372 1531 436 poterimus
1557 366 1845 421 ostendere

268 456 646 517 reete'factum
677 466 820 521 esse,
852 469 909 511 ιιι
944 468 1065 514 cum
1094 457 1360 523 dicimus:
1400 456 1469 513 Ut
1506 459 1742 527 optimus
1765 472 1853 511 aro

268 543 397 609 tifex
444 552 648 618 voluit,
694 551 764 605 ita
804 550 1006 606 factum
1051 562 1178 606 est:
1227 566 1347 605 nam
1390 550 1468 605 sic
1506 551 1597 606 ille
1637 550 1749 607 vult
1795 559 1853 604 ut

266 644 505 714 expedit.
548 644 604 699 Si
648 650 825 699 autem
869 645 921 698 in
963 642 1065 697 hoc
1108 658 1337 713 corpore
1365 644 1432 698 de
1462 643 1715 698 membris
1746 656 1850 696 non

265 737 481 791 curiose
510 735 849 804 inquirimus,
882 734 1048 789 multo
1078 736 1245 804 magis
1274 736 1325 789 in
1352 734 1613 790 Ecclesia.
1647 734 1713 787 Et
1729 732 1851 788 vide

266 828 410 884 illius
436 828 775 900 prudentiam
800 846 814 886 :
849 844 953 881 non
982 828 1124 881 enim
1154 828 1297 882 illam
1327 828 1474 897 ponit
1498 825 1848 881 differentiam

262 935 384 989 qua:
420 934 485 975 ex
515 931 703 973 natura
732 928 815 974 est
836 960 851 985 ,
882 909 1055 990 neque
1087 919 1240 974 illam
1267 935 1386 989 qua:
1422 927 1507 974 est
1549 934 1614 973 ex
1656 933 1848 988 opera-

260 1017 430 1079 tione,
460 1014 553 1068 sed
583 1028 701 1068 eam
729 1028 849 1081 quae
878 1022 961 1067 est
998 1008 1029 1065 a
1062 1012 1168 1066 situ
1198 1012 1437 1067 locorum
1467 1029 1479 1064 :
1515 1010 1669 1065 Nunc
1700 1011 1844 1065 enim

258 1106 469 1174 posuit,
500 1104 704 1173 inquit,
736 1102 877 1159 Deus
901 1104 1145 1170 membra,
1174 1104 1561 1173 unumquodque
1584 1120 1761 1157 eorum
1790 1104 1846 1157 in

256 1211 475 1266 corpore
506 1197 640 1250 sicut
675 1196 853 1250 voluit.
898 1195 961 1249 Et
1005 1204 1149 1249 recte
1189 1193 1356 1261 dixit,
1402 1192 1840 1265 Unumquodque,

236 1290 314 1342 fin
345 1289 595 1342 omnibus
625 1288 907 1343 utilitatem
934 1284 1244 1340 ostendens.
1284 1284 1468 1355 Neque
1491 1287 1634 1340 enim
1660 1285 1842 1341 dicere

261 1381 468 1449 possis,
505 1380 655 1434 illum
684 1378 784 1432 hoc
808 1376 1022 1445 quidem
1052 1376 1329 1444 posuisse,
1362 1376 1491 1430 illud
1521 1375 1839 1430 veremini-

254 1488 376 1534 me,
408 1471 503 1527 sed
534 1468 951 1539 unumquodque
990 1468 1283 1523 secundum
1312 1468 1639 1525 voluntatem
1672 1470 1849 1538 ipsius

252 1563 417 1617 situm
450 1571 551 1617 est.
586 1562 770 1632 Itaque
798 1571 853 1617 et
882 1561 1000 1632 pedi
1029 1562 1160 1618 utile
1189 1563 1260 1617 sit
1288 1562 1367 1617 sic
1395 1562 1647 1617 collatum
1678 1572 1831 1625 esse,

254 1670 361 1730 non
393 1654 556 1723 capiti
591 1664 831 1718 tantum;
867 1662 924 1710 et
949 1654 1065 1709 sive
1088 1654 1331 1709 ordinem
1362 1654 1679 1722 mutaverit,
1722 1653 1834 1711 sive

252 1747 476 1816 proprio
522 1745 714 1800 relicto
763 1746 917 1811 loco,
970 1746 1022 1800 in
1068 1746 1229 1801 alium
1281 1744 1587 1810 transierit,
1627 1748 1745 1805 sive
1777 1747 1831 1801 tn

252 1838 510 1906 majorem
552 1839 764 1892 venisse
804 1838 1072 1899 videatur,
1122 1846 1289 1891 totum
1339 1837 1567 1906 perdidit
1610 1846 1664 1890 et
1707 1850 1831 1891 con~

246 1930 431 1999 rupit:
476 1946 597 1984 nam
632 1931 905 2005 proprium
930 1930 1106 1984 locum
1141 1930 1403 1997 perdidit,
1447 1939 1502 1983 et
1522 1930 1691 1994 alium
1724 1936 1829 1984 non

245 2022 569 2090 assequitur.
623 2021 773 2086 Quod
812 2022 855 2073 si
898 2029 1059 2072 essent
1099 2021 1271 2072 omnia
1310 2035 1465 2072 unum
1506 2022 1780 2073 membrum
1809 2060 1825 2085 ,

243 2112 334 2165 ubi
361 2112 582 2180 corpus!
609 2110 696 2165 20.
736 2109 891 2163 Nunc
932 2121 1102 2164 autem
1132 2112 1289 2164 multa
1329 2112 1531 2181 quidem
1562 2112 1785 2165 membra
1809 2151 1823 2175 ,

240 2221 401 2257 unum
435 2221 549 2257 vero
583 2213 786 2271 corpus.
832 2183 965 2257 Cum
991 2203 1139 2271 enim
1166 2203 1244 2258 eis
1274 2204 1404 2257 satis
1431 2217 1492 2257 os
1522 2200 1825 2257 obstruxis4

240 2307 327 2351 set
352 2314 381 2351 a
411 2297 500 2351 Dei
530 2278 901 2367 diSpositione,
930 2310 1113 2350 rursus
1137 2295 1410 2348 ratiocinia
1440 2294 1621 2363 ponit;
1654 2308 1826 2363 neque

236 2402 454 2455 semper
480 2387 580 2443 hoc
607 2388 749 2450 facit,
783 2402 957 2457 neque
988 2386 1140 2451 illud,
1173 2385 1266 2441 sed
1291 2394 1628 2441 connnutans
1658 2385 1827 2439 variat

234 2468 561 2541 orationem.
613 2480 713 2547 Qui
742 2484 885 2532 enim
915 2493 975 2532 os
1001 2480 1217 2532 obturat
1252 2487 1479 2541 tantum,
1524 2478 1823 2532 auditorem

234 2572 457 2635 turbat;
501 2570 698 2639 quique
745 2570 894 2623 illum
939 2555 1227 2625 assuefacit
1265 2568 1330 2621 ad
1362 2569 1600 2622 omnium
1631 2576 1821 2622 causas

232 2660 614 2730 exquirendas,
641 2661 692 2713 in
716 2661 960 2713 oratione
983 2654 1049 2713 de
1081 2658 1181 2713 fide
1213 2659 1382 2729 ipsum
1423 2658 1587 2713 las-dit.
1619 2658 1821 2713 Idcirco

232 2754 339 2807 hoc
368 2752 562 2806 Paulus
588 2752 899 2822 frequenter
922 2749 1064 2816 facit,
1086 2759 1144 2805 ut
1170 2760 1224 2805 et
1251 2750 1470 2806 credant
1492 2762 1546 2805 et
1576 2767 1683 2806 non
1710 2762 1820 2805 tur-

228 2846 462 2909 bentur;
497 2854 550 2900 et
580 2856 861 2916 postquam
892 2858 987 2898 ora
1014 2845 1277 2909 obstruit,
1322 2844 1411 2897 dat
1449 2844 1611 2899 etiam
1656 2846 1817 2899 ratio-

229 2953 381 2992 nem.
417 2938 480 2991 Et
509 2937 629 2991 vide
656 2936 1054 2991 contentionem
1083 2947 1137 2989 et
1167 2936 1378 3004 plenam
1408 2937 1705 2991 victoriam.
1739 2940 1816 2993 Ex

229 3028 426 3099 quibus
469 3030 724 3097 putabant
769 3044 829 3083 se
870 3042 973 3081 non
1017 3028 1388 3085 esm‘honore
1431 3042 1620 3096 pares,
1672 3032 1813 3100 quod

224 3124 396 3176 multa
442 3123 493 3174 in
528 3122 655 3189 ipsis
690 3132 833 3176 esset
861 3120 1196 3183 differentia,
1239 3135 1302 3175 ex
1349 3117 1536 3174 iisdem
1580 3123 1816 3177 ostendit

224 3216 350 3268 illos
380 3224 593 3283 prepter
622 3213 723 3267 hoc
750 3214 924 3282 ipsum
952 3211 1156 3267 honore
1188 3228 1341 3283 pares
1367 3220 1525 3279 esse;
1543 3217 1813 3284 quomodo

225 3315 444 3370 autem,
486 3318 587 3374 ego
626 3304 820 3357 dicam.
871 3302 931 3356 Si
973 3313 1167 3368 essent,
1210 3304 1415 3374 inquit,
1448 3309 1618 3361 omnia
1654 3325 1811 3361 unum

224 3398 504 3449 membrum
526 3434 542 3461 ,
576 3396 658 3447 ubi
687 3394 915 3463 corpus?
946 3394 999 3449 ld
1031 3403 1134 3459 est,
1164 3396 1218 3450 Si
1246 3410 1349 3449 non
1378 3408 1554 3464 esset,
1600 3401 1807 3469 inquit,

223 3490 282 3541 in
330 3488 481 3541 vobis
524 3486 688 3539 multa
720 3486 1019 3541 differentia
1045 3528 1059 3556 ,
1109 3503 1213 3541 non
1258 3488 1451 3542 essetis
1495 3504 1729 3560 corpus:
1763 3494 1807 3546 si

219 3592 421 3645 corpus
452 3591 557 3631 non
605 3577 797 3631 essetis
822 3618 834 3640 ,
870 3593 1044 3644 neque
1088 3594 1248 3633 unum
1278 3572 1510 3635 essetis:
1549 3582 1600 3645 si
1645 3599 1807 3637 unum

222 3688 332 3726 non
362 3672 572 3734 essetis,
604 3685 775 3741 neque
804 3686 959 3741 pares
986 3673 1198 3726 essetis.
1237 3672 1418 3743 Itaque
1444 3672 1489 3726 si
1526 3689 1686 3743 pares
1716 3692 1803 3732 es.

221 3766 375 3828 setis,
408 3780 513 3818 non
543 3765 733 3821 essetis
760 3778 955 3833 corpus
982 3781 996 3817 :
1023 3765 1067 3819 si
1097 3778 1293 3834 corpus
1319 3781 1424 3819 non
1455 3767 1664 3832 essetis,
1698 3785 1804 3824 non

217 3860 412 3914 essetis
442 3872 602 3912 unum
630 3874 643 3912 :
672 3858 716 3912 si
742 3873 902 3911 unum
932 3873 1035 3911 non
1063 3859 1274 3924 essetis,
1304 3860 1572 3927 quomodo
1601 3860 1805 3917 honore

220 3964 379 4019 pares
408 3948 642 4003 essetis?
671 3947 821 4003 Nunc
848 3962 1006 4013 vero,
1033 3950 1155 4019 quia
1188 3964 1293 4004 non
1320 3965 1506 4005 omnes
1534 3950 1675 4006 idem
1706 3954 1805 4009 do-

218 4056 349 4093 ιιιιιιι
378 4040 621 4104 habetis,
666 4040 786 4095 ideo
825 4054 1022 4110 corpus
1064 4041 1233 4095 estis:
1273 4055 1467 4112 corpus
1505 4057 1631 4098 vero
1679 4060 1801 4100 cum

215 4132 372 4196 sitis,
397 4146 589 4185 omnes
620 4148 779 4185 unum
807 4132 958 4198 estis,
986 4140 1042 4186 et
1069 4131 1204 4186 nihil
1235 4133 1376 4187 alter
1404 4134 1472 4187 ab
1500 4134 1673 4189 altero
1699 4135 1801 4189 dif-

214 4224 397 4288 fertis,
430 4223 721 4279 secundum
755 4224 841 4288 id,
872 4225 1011 4293 quod
1051 4240 1246 4293 corpus
1287 4228 1436 4283 estis.
1483 4226 1665 4297 Itaque
1709 4229 1798 4285 illa

214 4316 451 4369 maxime
491 4314 793 4370 differentia
833 4326 917 4370 cst
942 4356 956 4380 ,
998 4332 1118 4387 quas
1164 4316 1289 4371 facit
1333 4318 1552 4373 honoris
1593 4322 1797 4390 parita-

213 4416 324 4461 tem
352 4427 367 4463 :
412 4408 642 4478 ideoque
679 4410 956 4478 subjuaxit
976 4451 991 4476 ,
1036 4409 1191 4463 Nunc
1216 4421 1380 4465 autem
1412 4414 1571 4467 multa
1595 4415 1798 4485 quidem

212 4499 437 4553 membra
460 4542 477 4567 ,
508 4517 669 4554 unum
706 4517 819 4555 vero
849 4518 1055 4571 corpus.
1087 4502 1211 4557 Htee
1252 4500 1429 4573 itaque
1455 4520 1554 4559 nos
1583 4521 1796 4577 quoque

210 4589 548 4658 cogitantes,
592 4592 804 4647 omnem
849 4594 1107 4663 pellamus
1148 4594 1433 4657 invidiam,
1479 4612 1652 4668 neque
1692 4599 1797 4653 illis

212 4679 543 4737 invideamus
585 4682 671 4753 qui
718 4684 918 4754 majora
961 4682 1159 4753 habent
1196 4686 1517 4741 charismata
1543 4729 1558 4753 ,
1608 4704 1780 4759 neque

206 4770 571 4840 despiciamus
611 4790 707 4831 eos
750 4778 839 4845 qui
890 4777 1095 4834 minora
1142 4779 1419 4848 possident
1460 4796 1475 4833 :
1526 4780 1595 4834 ita
1649 4784 1790 4836 enim

213 4862 351 4917 Deus
390 4865 579 4921 voluit.
626 4867 705 4923 Ne
750 4869 928 4939 itaque
974 4869 1317 4925 obsistamus.
1362 4869 1417 4925 Si
1461 4887 1588 4927 vero
1617 4874 1792 4928 adhuc

208 4953 461 5018 turbaris,
490 4959 661 5028 cogita
694 4959 841 5014 illum
874 4975 1018 5030 smpe
1048 4977 1153 5015 non
1181 4977 1340 5040 posse
1367 4977 1501 5030 opus
1528 4971 1675 5018 tuum’
1702 4966 1799 5019 im-

206 5044 377 5115 plere.
424 5045 782 5112 Quamobrem
810 5092 825 5115 ,
874 5052 1083 5107 etiamsi
1130 5056 1306 5109 minor
1351 5053 1548 5120 fueris,
1596 5058 1648 5111 in
1689 5056 1791 5113 hoc

204 5136 355 5191 illum
385 5150 644 5206 superas;
671 5144 880 5197 etiamsi
908 5144 1079 5213 major
1108 5143 1199 5200 ille
1225 5146 1312 5209 sit,
1346 5144 1399 5200 in
1432 5144 1548 5204 hoc.
1562 5162 1788 5217 superae

203 5238 325 5296 tur,
372 5236 428 5283 et
473 5228 551 5282 sic
594 5233 871 5299 aequalitas
911 5235 1163 5292 efficitur.
1209 5238 1417 5292 Etenim
1459 5237 1511 5291 in
1538 5252 1797 5309 corpore

202 5336 436 5393 quoque,
481 5335 600 5389 qua
642 5336 802 5391 parva
840 5335 1000 5391 sunt,
1044 5343 1149 5383 non
1196 5344 1355 5397 parva
1397 5329 1639 5385 videntur
1685 5348 1784 5394 ex—

202 5411 351 5480 sequi
372 5452 390 5478 ,
422 5410 516 5467 sed
546 5420 599 5466 et
634 5426 823 5481 ntagna
852 5428 996 5483 saepe
1025 5417 1384 5486 labefactant,
1427 5435 1549 5475 eum
1592 5420 1781 5479 absce~

200 5500 353 5555 dunt.
385 5502 521 5569 Quid
548 5504 690 5561 enim
719 5504 771 5558 in
807 5519 1034 5575 corpore
1064 5510 1187 5577 pilis
1216 5511 1415 5567 vilius?
1462 5512 1556 5568 sed
1585 5514 1630 5569 si
1662 5514 1782 5571 illos

204 5592 336 5650 viles
353 5594 637 5652 abstuleris
653 5613 684 5651 a
698 5584 1018 5668 superciliis,
1043 5606 1256 5659 omnem
1276 5606 1426 5663 faciei
1442 5607 1667 5665 formam
1686 5609 1778 5667 de-

204 5682 375 5744 levisti
401 5729 415 5756 ,
458 5699 511 5745 et
540 5692 726 5748 oculus
766 5708 869 5748 non
905 5691 1038 5747 ultra
1073 5700 1177 5749 tam
1212 5699 1429 5765 pulcher
1460 5705 1731 5775 apparebit
1761 5726 1771 5761 :

1297 250 1365 306 IN
1402 251 1616 308 EPIST.
1652 251 1690 306 Ι.
1722 252 1813 306 AD
1849 252 2004 306 COR.
2038 253 2267 311 llOMIL.
2297 256 2466 316 XXX.

3436 274 3543 334 95$

1964 382 2280 441 quamquam
2313 375 2429 431 leve
2458 388 2539 431 est
2566 378 2966 451 detrimentum,
2998 397 3232 446 attamen
3260 394 3340 449 sie
3363 401 3539 455 omnis

1962 458 2129 515 forma
2178 466 2367 532 periit;
2402 482 2511 522 non
2555 468 2724 531 forma
2768 481 2992 540 tantum.
3027 481 3119 534 sed
3164 493 3218 537 et
3255 488 3534 546 oculorum

1960 554 2351 611 ususmultum
2392 556 2625 615 laeditur.
2655 562 2871 633 Singula
2902 569 3046 624 enim
3083 574 3321 629 membra
3353 590 3535 636 nostra

1959 646 2224 714 propriam
2282 658 2337 703 et
2390 666 2730 710 communem
2784 658 2977 714 habent
3022 666 3425 734 operationem;
3481 682 3537 728 et

1958 736 2297 803 pulchritudo
2336 742 2496 797 etiam
2541 754 2595 800 et
2642 749 2853 817 propria
2900 759 2953 804 et
3005 756 3304 812 communis
3342 769 3428 814 est
3478 762 3533 817 in

1955 827 2109 879 nobis
2138 845 2151 881 :
2183 839 2238 883 et
2286 831 2535 889 videntur
2561 837 2774 906 quidem
2806 840 2897 896 illa
2926 842 3092 899 divisa
3122 860 3273 915 esse,
3305 860 3533 923 suntque

1956 924 2433 980 tamen-accurate
2471 941 2716 984 connexa
2740 972 2756 997 ,
2802 947 2866 988 ac
2907 936 2952 994 si
2996 937 3224 995 alterum
3264 945 3521 1011 perierit,

1952 1012 2179 1077 alterum
2207 1030 2420 1085 quoque
2447 1019 2606 1074 simul
2639 1022 2839 1077 interit.
2886 1027 3267 1087 Animadverte
3298 1044 3476 1091 autem
3511 1056 3526 1092 :

1953 1101 2061 1155 sint
2086 1105 2225 1158 oculi
2258 1106 2517 1176 lucentes,
2542 1127 2678 1180 gena
2716 1114 3017 1184 subridens,
3048 1120 3245 1176 labium
3274 1126 3528 1182 rubicun-

1946 1191 2109 1257 dum,
2139 1210 2301 1251 nasus
2332 1207 2541 1267 rectus,
2574 1205 2914 1272 supercilium
2940 1218 3221 1265 extensum
3248 1230 3263 1268 :
3292 1222 3527 1274 attamen

1946 1285 1991 1338 si
2038 1287 2253 1342 illorum
2303 1293 2589 1367 quodpiam
2639 1296 2721 1351 vel
2768 1301 3030 1356 tantillum
3083 1303 3522 1376 labefactaveris,

1945 1385 2287 1434 communem
2318 1384 2559 1438 omnium
2593 1387 3046 1455 pulchritudinem
3079 1394 3407 1454 labefactasli
3428 1441 3443 1463 ,
3470 1412 3525 1457 et

1943 1465 2115 1534 turpia
2157 1471 2336 1524 omnia
2381 1468 2736 1543 apparebunt,
2762 1495 2888 1549 qua:
2926 1492 3079 1538 antea
3100 1485 3320 1554 pulchra
3342 1501 3519 1547 erant.

1938 1555 2079 1621 Nam
2104 1559 2150 1613 si
2183 1561 2262 1614 vel
2290 1572 2592 1619 extremum
2623 1584 2810 1629 nasum
2841 1577 3196 1640 contriveris,
3240 1580 3293 1634 in
3338 1588 3518 1639 omnia

1938 1648 2095 1704 simul
2136 1653 2357 1708 multam
2400 1655 2636 1713 infudisti
2678 1660 3097 1733 deformitatem,
3127 1671 3335 1727 etiamsi
3364 1676 3520 1734 unius

1937 1742 2161 1822 membri
2192 1743 2263 1798 sit
2301 1748 2608 1801 mutilatio:
2650 1760 2706 1805 et
2746 1750 2797 1805 in
2839 1768 2999 1809 manu
3042 1758 3238 1823 etiam,
3284 1763 3327 1817 si
3361 1767 3516 1822 unius

1932 1828 2083 1901 digiti
2120 1848 2347 1903 unguem
2378 1836 2678 1906 abstuleris,
2709 1841 2937 1912 idipsum
2969 1846 3083 1902 fieri
3110 1850 3334 1907 videbis.

2006 1924 2061 1978 4.
2101 1923 2156 1978 Si
2198 1937 2376 1985 autem
2405 1929 2631 2001 idipsum
2677 1933 2731 1987 in
2770 1938 3080 2006 operatione
3128 1942 3310 2000 videre
3358 1948 3511 2017 velis,

1936 2013 2062 2067 tolle
2104 2015 2326 2086 digitum
2371 2036 2533 2076 unum
2576 2032 2630 2077 et
2673 2026 2909 2096 reliquos
2948 2029 3231 2089 otiosiores
3268 2013 3511 2103 videbis,

1933 2117 2107 2173 neque
2132 2121 2230 2159 suo
2260 2110 2395 2163 ultra
2417 2112 2664 2168 similiter
2684 2130 2905 2172 munere
2931 2118 3232 2190 fungentes.
3252 2102 3510 2194 Quoniam
3551 2102 3554 2107 ’

1931 2193 2092 2263 igitur
2123 2199 2279 2251 unius
2305 2201 2529 2256 membri
2550 2204 2757 2271 jactura
2786 2210 3088 2265 communis
3112 2223 3194 2267 est
3216 2193 3506 2285 turpitudo,

1927 2285 2149 2356 ejusque
2170 2292 2506 2345 conservatio
2531 2297 2834 2352 communis
2859 2300 3219 2368 pulchritudo,
3251 2324 3317 2361 ne
3341 2312 3509 2365 extol‘

1930 2376 2102 2433 lamur
2132 2395 2303 2451 neque
2329 2382 2645 2439 insultemus
2673 2392 2951 2456 proximis.
2979 2392 3110 2450 Nam
3135 2408 3354 2469 propter
3381 2402 3507 2461 illud
3584 2448 3589 2453 .

1928 2471 2175 2541 exiguum
2219 2474 2557 2541 membrum,
2606 2478 2735 2533 illud
2779 2483 2920 2550 quod
2948 2500 3196 2554 magnum
3239 2502 3353 2555 est,
3390 2497 3505 2560 pul-

1926 2564 2113 2618 chrum
2157 2575 2239 2621 est
2280 2576 2336 2623 et
2376 2568 2706 2637 formosum,
2734 2584 2789 2629 et
2822 2589 2920 2642 per
2960 2580 3241 2647 palpebras
3283 2601 3505 2643 ornatur

1922 2656 2132 2707 oculus.
2176 2656 2248 2711 Se
2291 2658 2566 2729 impugnat
2602 2670 2731 2733 ergo
2750 2666 2775 2731 ,'
2808 2667 2895 2736 qui
2936 2666 3152 2725 fratrem
3196 2672 3501 2746 impugnat:

1924 2761 2028 2801 non
2057 2750 2199 2803 enim
2228 2751 2293 2805 ad
2327 2752 2473 2807 illum
2504 2757 2677 2810 solum
2708 2762 2961 2830 pertingit
2996 2763 3282 2833 damnum,
3323 2772 3417 2825 sed
3448 2783 3502 2828 et

1922 2840 2034 2936 ipse
2076 2857 2180 2896 non
2224 2856 2447 2912 parvum
2494 2846 2799 2905 detrimenti
2840 2854 3060 2910 subibit.
3091 2857 3166 2913 Ne
3192 2860 3295 2917 hoc
3324 2864 3501 2936 itaque

1921 2931 2046 2999 fiat,
2077 2942 2135 2988 ιιι
2164 2937 2523 3006 nosmetipsos
2562 2939 2641 2993 sic
2668 2942 2937 3010 proximos
2968 2961 3217 3004 curemus
3236 2994 3251 3017 ,
3281 2964 3335 3007 et
3365 2931 3503 3012 hanc

1919 3030 2162 3099 corporis
2192 3031 2475 3100 imaginem
2506 3049 2647 3089 nunc
2688 3045 2744 3089 et
2784 3037 2836 3091 in
2876 3037 3171 3096 Ecclesium
3210 3046 3498 3104 transfera-

1919 3137 2071 3187 mus,
2103 3132 2156 3179 et
2183 3124 2421 3177 omnium
2456 3127 2838 3193 providentiam
2868 3145 3117 3199 geramus
3149 3145 3205 3190 ut
3248 3144 3495 3221 proprio-

1918 3230 2035 3267 rum
2067 3216 2450 3270 membrorum.
2483 3216 2615 3273 Nam
2652 3230 2707 3275 et
2746 3222 2798 3276 in
2836 3223 3072 3280 Ecclesia
3104 3216 3496 3292 membravsunt

1915 3307 2081 3361 multa
2109 3314 2163 3361 et
2190 3306 2420 3373 diversa,
2454 3311 2555 3364 alia
2584 3313 2798 3381 quidem
2831 3315 3164 3375 honorabilia
3183 3364 3198 3389 ,
3232 3326 3333 3380 alia
3360 3328 3494 3384 infe-

1915 3398 2093 3462 riora;
2144 3408 2200 3452 ut
2246 3409 2370 3453 sunt
2418 3402 2679 3473 virginum
2724 3406 2873 3461 chori
2901 3448 2915 3473 ,
2966 3409 3239 3468 viduarum
3284 3412 3507 3475 etetns;
3596 3482 3599 3485 γ

1912 3499 2039 3542 sunt
2080 3490 2240 3545 etiam
2283 3506 2471 3546 eorum
2515 3495 2609 3565 qui
2656 3497 2709 3551 in
2760 3508 2907 3554 casto
2949 3505 3219 3562 connubio
3260 3508 3497 3580 fulgeant

1911 3582 2177 3649 sodalitia,
2208 3586 2467 3656 multique
2491 3598 2615 3643 sunt
2643 3591 2851 3647 virtutis
2880 3596 3099 3664 gradus.
3129 3601 3491 3675 Similiterque

1910 3693 2119 3731 rursum
2152 3679 2204 3732 in
2248 3680 2627 3753 eleemosyna:
2671 3686 2806 3740 alius
2831 3688 2973 3742 enim
3000 3695 3179 3747 omnia
3212 3697 3399 3753 efl‘ndit
3439 3714 3495 3756 et

1910 3769 2169 3839 erogavit,
2202 3768 2292 3824 alii
2326 3781 2502 3826 autem
2529 3773 2646 3828 solo
2674 3784 2877 3831 tantum
2906 3780 3047 3835 victu
3074 3789 3311 3840 contenti
3339 3798 3484 3857 sunt,

1910 3871 1964 3915 et
1990 3876 2094 3916 non
2124 3863 2242 3932 plus
2268 3875 2514 3935 qumrunt
2542 3883 2701 3938 quam
2729 3876 3030 3928 necessaria
3051 3916 3067 3941 ,
3095 3878 3184 3932 alii
3212 3896 3274 3933 ex
3303 3897 3492 3952 snper-

1910 3954 2017 4007 fluo
2058 3964 2303 4025 erogant.
2348 3960 2597 4012 Attamen
2642 3960 2696 4014 hi
2736 3976 2924 4019 omnes
2957 3981 3078 4022 sese
3121 3982 3306 4028 mutuo
3342 3991 3494 4031 exor-

1906 4053 2036 4098 nant
2060 4061 2073 4109 ;
2099 4055 2153 4099 et
2173 4045 2219 4099 si
2242 4047 2503 4102 minorem
2522 4048 2694 4120 major
2707 4052 2985 4123 despiciat,
3005 4060 3236 4128 seipsum
3257 4068 3489 4124 maxime

1908 4135 2072 4191 Imdit.
2100 4137 2264 4210 Virgo
2293 4156 2507 4212 quoque
2534 4143 2580 4198 si
2611 4146 2877 4203 connubio
2899 4148 3137 4219 junctam
3162 4161 3487 4225 contumelia

1904 4227 2120 4295 officiat,
2152 4248 2255 4285 non
2279 4247 2463 4301 parum
2490 4250 2555 4289 ex
2581 4237 2828 4293 mercede
2855 4256 2950 4295 sua
2978 4242 3193 4299 decidit.
3222 4248 3274 4303 Si
3317 4251 3360 4306 is
3393 4255 3487 4324 qui

1902 4320 2083 4375 omnia
2124 4321 2378 4392 elargitus
2402 4333 2484 4379 est
2508 4365 2522 4391 ,
2554 4328 2845 4395 exprobret
2881 4332 2931 4385 ei
2974 4333 3065 4402 qui
3108 4336 3334 4406 idipsum
3377 4320 3485 4400 non

1904 4411 2049 4478 fecit,
2077 4428 2144 4468 ex
2172 4414 2447 4469 laboribus
2475 4417 2585 4473 suis
2612 4420 2839 4475 multum
2866 4426 3164 4482 evacuavit.

1984 4502 2231 4559 Viduam
2249 4502 2496 4563 Ecclesia.
2519 4538 2591 4549 —
2610 4510 2674 4565 Et
2697 4512 2823 4581 quid
2850 4515 3082 4587 virgines
3104 4517 3483 4596 dico,‘viduas,

1899 4605 1957 4651 et
1982 4597 2126 4652 viros
2152 4599 2239 4670 qui
2270 4598 2399 4653 nihil
2428 4602 2739 4671 possident?
2766 4608 2895 4676 quid
2924 4611 3065 4665 enim
3109 4614 3265 4670 vilius
3301 4618 3365 4673 iis
3390 4622 3484 4690 qui

1899 4690 2278 4746 emendicant?
2301 4702 2534 4749 attamen
2563 4695 2637 4750 illi
2666 4712 2818 4753 usum
2841 4700 3128 4757 maximum
3160 4705 3215 4760 in
3240 4707 3482 4767 Ecclesia

1899 4779 2143 4848 implent,
2170 4783 2322 4838 ostiis
2346 4784 2529 4854 templi
2552 4784 2819 4844 merentes
2844 4798 2899 4845 et
2922 4803 3169 4850 ornatum
3188 4800 3480 4856 maximum

1898 4862 2181 4926 afferentes
2210 4888 2224 4924 :
2256 4872 2461 4944 absque
2490 4876 2596 4931 illis
2624 4880 2767 4933 enim
2800 4881 3029 4951 perfecta
3061 4901 3165 4939 non
3197 4898 3342 4943 esset
3368 4890 3483 4958 ple-

1896 4961 2079 5033 nitudo
2110 4961 2384 5017 Ecclesiae.
2413 4964 2567 5031 Quod
2608 4984 2728 5023 cum
2760 4970 2916 5027 initio
2956 4976 3198 5028 viderent
3223 4981 3476 5047 apostoli,

1896 5053 2067 5123 legem
2114 5061 2458 5123 statuerunt,
2505 5067 2564 5110 ut
2605 5058 2749 5113 circa
2799 5060 2901 5114 alia
2949 5063 3158 5131 omnia,
3204 5067 3283 5123 sic
3323 5080 3378 5125 et
3423 5082 3483 5127 ut

1893 5146 2066 5202 viduae
2102 5157 2318 5214 essent;
2366 5158 2421 5203 et
2448 5149 2501 5204 in
2531 5164 2596 5205 ea
2627 5166 2688 5207 re
2718 5160 2920 5207 tantum
2945 5155 3106 5211 studii
3130 5173 3473 5229 posuerunt,

1894 5248 1953 5295 ut
1989 5241 2119 5312 ipsis
2158 5241 2414 5298 diaconos
2456 5253 2661 5315 septem
2709 5244 3060 5315 praeficerem.
3108 5250 3471 5320 Quemadmo-

1890 5333 2015 5389 dum
2041 5334 2184 5388 enim
2207 5334 2511 5406 episcopos,
2536 5337 2899 5407 presbyteros,
2928 5339 3206 5407 diaconos,
3239 5342 3477 5414 virgines

1889 5434 1946 5479 et
1983 5424 2323 5480 continentes
2348 5441 2634 5493 enumero,
2666 5440 2788 5481 cum
2827 5428 3082 5486 Ecclesiae
3120 5432 3361 5505 membra
3387 5450 3474 5491 rev

1890 5530 2092 5573 censeo
2121 5516 2261 5572 :‘sic
2310 5526 2362 5571 ct
2399 5517 2603 5573 viduas.
2656 5517 2839 5588 Neque
2880 5524 3022 5577 enim
3062 5522 3166 5577 illa:
3195 5523 3298 5579 levi
3343 5524 3467 5579 fun-

1888 5621 2084 5683 guntur
2128 5625 2369 5666 munere.
2400 5609 2530 5681 Nam
2562 5618 2617 5664 tu
2636 5651 2639 5654 μ
2661 5612 2874 5682 quidem
2903 5613 3116 5674 quando
3135 5615 3222 5696 vis
3243 5656 3259 5683 ,
3298 5614 3468 5685 ades;

1890 5707 1991 5761 illae
2043 5721 2169 5760 vero
2229 5704 2313 5758 die
2372 5710 2632 5773 nocteque
2688 5704 2915 5774 psallunt
2974 5717 3028 5761 et
3080 5706 3306 5777 adsum,
3360 5725 3467 5765 non
