4022 6214
513 346 624 401 255

518 458 870 528 eieemosyute
922 460 1125 509 tantum
1177 465 1337 505 causa
1384 449 1502 503 hmc
1542 450 1806 514 agentes;
1852 437 1900 493 si
1929 435 2095 528 enim

524 551 627 604 hoc
673 527 872 602 vellent
949 545 1138 599 liceret
1166 556 1266 612 per
1293 540 1468 595 forum
1508 533 1790 596 incedere,
1836 537 1891 585 et
1924 527 1979 582 in
2008 542 2104 580 an-

521 639 743 711 giportis
791 636 1141 700 mendicare;
1181 636 1276 688 sed
1316 647 1424 688 non
1452 628 1659 685 modica
1687 630 1969 681 moventur
1994 620 2105 690 pie-

526 740 653 786 tate.
687 728 819 783 Vide
863 740 996 796 ergo
1034 724 1088 779 iu
1124 730 1324 792 quanta
1366 718 1704 791 paupertatis
1738 715 1956 770 fornace
1984 727 2103 766 ver-

523 831 730 878 sentur.
758 816 1201 888 Blasphemantes
1227 812 1366 884 apud
1394 810 1510 867 illas
1535 822 1825 878 numquam
1850 802 2103 869 audieris,

529 928 704 984 neque
746 910 964 980 indigne
1017 907 1291 971 ferentes,
1335 902 1482 975 quod
1525 912 1703 956 tamen
1748 914 1815 953 ex
1856 894 2108 951 divitibus

527 1008 709 1061 multae
740 1002 961 1057 faciunt.
1003 1001 1069 1054 Et
1098 999 1313 1053 illarum
1342 993 1587 1066 quadam
1627 990 1925 1046 esurientes
1966 999 2109 1055 saepe

436 1116 463 1137 ί·
527 1095 864 1151 dormierunt
888 1110 904 1156 ;
943 1093 1061 1147 alize
1090 1101 1270 1146 autem
1298 1104 1328 1141 a
1360 1087 1555 1158 frigore
1580 1083 1797 1140 assidue
1826 1087 2107 1144 vexantur,

530 1198 586 1242 ct
630 1198 802 1241 tamen
833 1185 885 1239 in
922 1182 1219 1255 gratiarum
1245 1178 1458 1234 actione
1500 1183 1556 1231 et
1595 1170 1985 1245 glorificatione
2012 1167 2110 1223 de-

529 1287 683 1348 gunt.
721 1278 776 1332 Si
818 1275 1037 1330 obolum
1080 1270 1330 1333 dederis,
1370 1268 1569 1338 gratias
1610 1273 1817 1335 agunt,
1863 1269 1921 1316 et
1967 1258 2113 1314 mille

533 1369 671 1424 bona
695 1367 841 1421 danti
869 1369 1255 1435 apprecantur;
1298 1361 1342 1413 si
1385 1359 1517 1413 nihil
1542 1355 1791 1417 dederis,
1824 1366 1930 1405 non
1972 1362 2116 1418 aegre

533 1459 747 1523 ferunt,
802 1455 898 1511 sed
966 1454 1044 1507 sic
1097 1465 1312 1521 quoque
1363 1446 1688 1505 benedicunt
1732 1453 1789 1499 et
1837 1442 2065 1511 diligunt
2095 1478 2113 1505 ,

532 1551 728 1605 diurno
755 1547 996 1601 fruentes
1022 1544 1186 1598 victu.
1204 1540 1409 1611 Nempe
1430 1539 1637 1595 etiamsi
1666 1536 1859 1601 nolint,
1885 1534 2115 1605 inquies,

533 1642 588 1697 id
618 1640 764 1695 ferre
791 1638 910 1691 illas
952 1649 1175 1691 necesse
1200 1641 1303 1689 est.
1330 1633 1433 1688 Cur
1455 1633 1479 1687 ?
1500 1647 1670 1705 queso
1693 1642 1832 1698 ;qua
1863 1626 1931 1679 de
1954 1638 2115 1679 causa

533 1736 638 1788 hoc
672 1729 925 1786 acerbum
960 1727 1231 1797 protulisti
1267 1722 1533 1779 verbum?
1568 1735 1747 1775 annon
1770 1727 1899 1774 sunt
1936 1725 2119 1785 turpes

530 1835 700 1890 artes,
737 1839 854 1892 qua:
893 1824 1055 1878 etiam
1096 1819 1316 1874 senibus
1339 1828 1396 1873 et
1422 1816 1557 1871 vnris
1585 1822 1642 1869 et
1682 1812 1998 1868 mulieribus
2036 1810 2120 1863 lu-

533 1931 685 1973 crum
709 1915 905 1979 aﬂ'erre
932 1914 1178 1984 possint?
1216 1910 1263 1965 si
1291 1910 1453 1961 vitam
1481 1907 1760 1959 honestam
1786 1917 1974 1957 curare
1999 1899 2123 1954 nol-

535 2009 675 2072 lent,
715 2022 895 2067 annon
946 2010 1197 2073 poterant
1241 1998 1363 2054 inde
1416 2012 1537 2052 cum
1588 2010 1779 2065 magna
1827 1993 1897 2047 ali
1942 2006 2120 2046 rerum

534 2101 724 2172 copia?
770 2113 881 2153 non
926 2095 1076 2150 vides
1119 2101 1250 2163 quot
1286 2090 1578 2161 quantique
1616 2087 1725 2142 sint
1751 2087 1907 2141 istius
1948 2085 2123 2139 aetatis

535 2195 760 2248 lenones
778 2199 835 2245 et
854 2186 1091 2244 libidinis
1108 2185 1417 2250 ministri,ct
1434 2182 1541 2237 alia
1552 2172 1800 2254 quaedam
1818 2176 2121 2248 lmjusmodi

539 2283 721 2339 munia
764 2286 1096 2343 exercentes,
1130 2275 1221 2346 qui
1256 2274 1473 2328 aluntur
1501 2280 1557 2325 et
1588 2272 1640 2323 in
1670 2269 1876 2323 deliciis
1904 2266 2124 2321 vivunt?

541 2381 612 2429 At
649 2374 704 2428 hi
735 2371 971 2436 minime,
1000 2375 1096 2426 sed
1135 2368 1341 2423 malunt
1369 2364 1510 2418 fame
1540 2363 1713 2432 perire
1740 2360 1935 2431 potius,
1966 2374 2124 2429 quam

548 2471 705 2521 vitam
728 2480 881 2521 suam
910 2464 1219 2531 deturpare,
1242 2466 1297 2514 et
1324 2457 1551 2511 salutem
1577 2468 1727 2508 suam
1759 2454 2020 2523 prodere;
2040 2466 2127 2505 se-

541 2561 777 2629 dentque
813 2565 925 2612 toto
952 2554 1041 2610 die
1068 2552 1409 2622 pbarmacum
1443 2547 1535 2602 tibi
1565 2545 1756 2602 salutis
1784 2551 2123 2612 apparentes.

543 2650 660 2705 Non
689 2649 833 2703 cnim
865 2646 1106 2701 medicus
1134 2657 1348 2697 manum
1379 2638 1679 2695 extendens
1707 2644 1763 2692 et
1799 2636 1996 2691 ferrum
2024 2634 2127 2688 im-

544 2742 763 2797 mittens
820 2736 1123 2791 vulnerum
1156 2732 1492 2803 putredinem
1544 2744 1701 2800 teque
1750 2725 2021 2783 exscindit
2071 2733 2130 2779 ut

545 2846 749 2902 pauper
792 2828 1068 2882 dexteram
1110 2823 1407 2903 extendens
1445 2830 1500 2878 et
1540 2821 1938 2890 eleemosynam
1983 2816 2127 2872 acci-

547 2922 699 2991 piens
722 2961 738 2985 ,
770 2917 944 2974 aufert
970 2918 1249 2973 vulnerum
1283 2926 1559 2971 tumores:
1604 2913 1851 2983 quodque
1886 2910 2131 2967 mirabile

544 3022 673 3079 est,
720 3012 837 3067 sine
877 3012 990 3066 ullo
1033 3009 1224 3065 dolore
1265 3008 1405 3063 hanc
1452 3005 1708 3075 optimam
1758 3004 1836 3059 illi
1878 3009 2132 3059 exercent

548 3103 893 3160 medicinam.
914 3103 991 3156 Ac
1008 3100 1125 3154 non
1148 3100 1326 3153 minus
1351 3112 1509 3168 quam
1540 3110 1639 3151 nos
1661 3096 1751 3167 qui
1778 3096 1975 3167 populo
1995 3109 2131 3164 pra:-

544 3210 733 3251 sumus
763 3203 820 3247 et
859 3206 955 3244 vos
984 3189 1050 3244 ad
1080 3189 1229 3243 utilia
1260 3187 1570 3254 hortamur,
1603 3186 1695 3241 ille
1718 3187 1806 3255 qui
1833 3194 1959 3239 ante
1988 3183 2130 3240 fores

543 3284 790 3339 ecclesia:
817 3280 968 3336 sedet
990 3296 1084 3351 per
1106 3280 1379 3335 silentium
1408 3289 1463 3334 et
1488 3287 1763 3347 aSpcctum
1788 3291 1883 3330 vos
1906 3276 2132 3344 alloqui-

546 3384 654 3428 tur.
675 3372 784 3427 Nos
804 3372 946 3427 enim
975 3371 1089 3426 haec
1114 3371 1267 3427 vobis
1287 3369 1527 3441 quotidie
1554 3370 1865 3423 insonantes
1881 3367 2128 3423 dicimus:

544 3466 623 3522 Ne
664 3466 830 3520 altum
875 3465 1089 3535 sapias,
1127 3480 1161 3519 ο
1188 3463 1348 3519 homo
1378 3482 1391 3517 :
1440 3470 1662 3531 repente
1694 3460 1882 3515 transit
1910 3469 1965 3514 et
1989 3457 2130 3514 ﬂuxa

546 3570 631 3615 est
670 3558 943 3639 hominum
975 3564 1209 3617 natura;
1250 3556 1505 3623 juventus
1547 3553 1613 3607 ad
1658 3552 1865 3606 senium
1896 3551 2130 3614 festinat,

546 3650 719 3704 forma
748 3648 816 3703 ad
846 3648 1279 3710 deformitatem,
1311 3644 1476 3697 robur
1515 3644 1580 3697 ad
1608 3642 1967 3696 iuiirmitatem
1988 3680 2003 3704 ,
2036 3639 2131 3693 ho-

550 3758 650 3796 nor
689 3739 756 3795 ad
800 3747 1188 3807 contemptum,
1217 3736 1419 3789 sanitas
1444 3734 1496 3788 in
1526 3733 1886 3787 iulirmitatem
1923 3730 2131 3795 incidit,

545 3831 714 3903 gloria
761 3831 812 3885 in
853 3829 1135 3892 vilitatem,
1158 3826 1361 3881 divitiae
1392 3826 1443 3877 in
1492 3831 1856 3893 paupertatem
1886 3840 1899 3875 :
1930 3821 2133 3878 ﬂuento

548 3922 851 3976 vehementi
895 3934 984 3975 res
1020 3928 1218 3972 nostrae
1248 3916 1449 3971 similes
1484 3924 1641 3979 sunt,
1677 3914 1819 3986 quod
1844 3928 2129 3983 numquam

549 4015 664 4067 vult
700 4012 1021 4074 consistere,
1055 4009 1146 4063 sed
1177 4008 1242 4061 ad
1270 4008 1477 4063 declive
1504 4006 1738 4063 festinat.

621 4105 674 4159 5.
707 4102 831 4158 [huc
854 4117 1066 4172 quoque
1088 4142 1103 4165 ,
1138 4100 1245 4155 imo
1273 4098 1424 4169 plura
1454 4115 1549 4169 per
1578 4107 1851 4168 aspectum
1881 4097 1955 4152 illi
1979 4111 2117 4152 cou-

547 4178 747 4257 siduut,
780 4203 834 4248 et
872 4208 966 4262 per
993 4191 1384 4261 experientiam
1424 4190 1617 4259 ipsam,
1640 4204 1765 4259 qua:
1790 4198 1874 4244 est
1910 4187 2134 4243 manife-

548 4289 681 4340 stior
708 4284 1023 4338 admonitio.
1042 4284 1212 4349 Quam
1232 4281 1382 4337 multi
1434 4297 1500 4335 ex
1526 4281 1612 4345 iis,
1642 4281 1734 4351 qui
1762 4280 1893 4336 foris
1917 4280 2127 4346 sedent,

553 4382 605 4432 iu
624 4379 905 4447 jnventute
929 4375 1244 4439 ﬂoruerunt,
1269 4389 1455 4445 magna
1479 4375 1966 4445 patrarunt?quam
1980 4375 2132 4430 multi

543 4488 613 4525 ex
650 4469 731 4522 his
759 4464 1090 4522 deformibus
1119 4474 1174 4520 et
1220 4466 1467 4534 corporis
1505 4464 1819 4522 fortitudine
1863 4474 1922 4521 et
1962 4468 2131 4521 forma

552 4562 746 4616 multos
773 4558 1130 4630 superarunt?
1150 4555 1258 4613 Sed
1284 4572 1351 4611 ne
1377 4555 1537 4611 fidem
1562 4557 1789 4626 negetis,
1815 4572 1921 4612 neu
1949 4557 2131 4611 ridea-

552 4655 657 4707 tis:
690 4667 812 4706 nam
859 4650 1157 4703 innumeris
1200 4646 1507 4719 hujusmodi
1548 4646 1813 4717 exemplis
1845 4646 2001 4715 plena
2046 4654 2132 4701 est

549 4748 675 4799 vita.
709 4742 842 4797 Nam
882 4741 927 4795 si
959 4740 1115 4795 multi’
1131 4739 1265 4795 viles
1290 4751 1347 4795 et
1374 4738 1567 4810 abjcoti
1600 4738 1849 4793 homines
1877 4752 2020 4807 smpe
2043 4751 2135 4792 re-

545 4852 641 4907 ges
665 4843 788 4890 sunt
810 4833 1002 4895 etfecti,
1032 4829 1159 4903 quid
1178 4831 1372 4885 mirum
1402 4833 1447 4885 si
1479 4846 1546 4886 ex
1569 4831 1776 4901 magnis
1795 4839 1852 4886 et
1874 4828 2127 4901 gloriosis

552 4932 683 4985 viles
711 4936 765 4983 et
792 4920 1004 4997 inglorii
1034 4933 1163 4980 sunt
1206 4922 1419 4980 ell‘ecti?
1459 4938 1581 4977 nam
1629 4923 1761 4978 illud
1786 4934 1934 4979 certe
1975 4922 2133 4992 longe

548 5020 846 5077 mirabilius
870 5028 995 5083 est;
1025 5017 1128 5072 hoc
1156 5032 1286 5072 vero
1315 5025 1645 5088 postremum
1676 5015 1976 5086 sepissime
1996 5028 2132 5069 con-

548 5116 720 5185 tingit.
747 5111 1084 5182 Quapropter
1112 5122 1218 5163 non
1252 5115 1464 5179 oportet
1508 5105 1666 5162 fidem
1706 5120 1813 5160 non
1842 5104 2130 5167 adhibere,

546 5208 589 5261 si
618 5207 671 5260 in
695 5203 941 5264 artibus.
972 5201 1027 5255 in
1069 5197 1258 5254 militia
1284 5207 1339 5253 et
1382 5199 1435 5253 in
1464 5196 1806 5267 pecuniarum
1828 5194 1979 5264 copia
2007 5194 2131 5264 qui-

546 5297 670 5353 dam
698 5308 888 5351 eorum
918 5289 1233 5358 ﬂoruerint;
1279 5290 1389 5345 imo
1432 5290 1675 5345 miserari
1720 5286 1972 5343 convenit
2012 5285 2134 5341 illos

545 5404 666 5445 cum
690 5384 882 5443 affectu
904 5383 1074 5439 multo
1099 5423 1118 5451 ,
1146 5392 1201 5439 et
1227 5382 1422 5453 quique
1465 5379 1721 5435 debemus
1749 5380 1941 5435 timere
1969 5391 2037 5434 ne
2062 5377 2127 5433 si-

544 5479 690 5537 milia
719 5475 1003 5549 patiamur.
1038 5471 1249 5528 Etenim
1282 5486 1382 5527 nos
1404 5484 1621 5541 quoque
1650 5469 1895 5527 homines
1922 5484 2129 5534 sumus,

541 5581 599 5627 et
625 5568 752 5625 huic
791 5565 957 5622 celeri
995 5563 1223 5635 subjecti
1268 5562 1571 5618 mutationi.
1608 5558 1715 5617 Sed
1760 5560 2010 5617 fortassis
2060 5575 2128 5617 ex

540 5660 808 5734 improbis
825 5657 1089 5730 quispiam
1112 5696 1131 5723 ,
1158 5655 1250 5727 qui
1278 5654 1504 5712 irridere
1527 5654 1723 5720 solent,
1748 5670 1812 5709 ea
1835 5670 1957 5727 quae
1985 5654 2127 5711 dicta

541 5764 673 5812 sunt
692 5758 892 5827 carpet,
914 5762 1119 5824 nosque
1143 5747 1365 5805 omnino
1386 5746 1630 5805 traducct
1654 5744 1838 5804 dicens
1864 5764 1879 5801 :
1909 5747 2123 5814 Quous-

1186 312 1189 315 ’
1280 336 1339 393 s.
1369 328 1644 391 JOANNIS
1677 316 2155 385 cnnvsosrom
2193 313 2511 411 sucum.
2549 306 3081 368 CONSTANTINOP.

3682 296 3789 353 $56

2212 444 2317 502 que
2342 442 2448 483 non
2474 424 2712 481 cessabis
2740 434 3003 494 pauperes
3026 428 3081 476 et
3106 432 3309 490 egenos
3342 428 3555 487 semper
3582 416 3633 470 in
3663 430 3790 471 ora-

2209 528 2412 575 tionem
2465 517 2759 583 inducere,
2804 522 2860 570 et
2886 513 3218 570 calamitates
3260 511 3413 566 nobis
3464 508 3788 581 praedicere,

2210 622 2576 684 paupertatem
2604 608 2989 679 przenuntiare,
3022 604 3074 660 id
3099 619 3295 659 curans
3313 613 3372 658 ut
3397 617 3495 657 nos
3514 601 3788 658 mendicos

2209 702 2445 758 efficias?
2474 702 2588 756 Non
2617 714 2815 755 curans
2843 707 2899 754 ut
2922 712 3023 753 vos
3049 694 3325 750 mendicos
3348 693 3578 749 efficiam
3598 734 3615 759 ,
3639 708 3672 747 o
3688 691 3793 751 lto-

2212 811 2321 863 mo,
2350 794 2467 850 haec
2486 794 2631 859 dico,
2651 793 2745 849 sed
2768 791 2919 847 vobis
2931 790 3048 845 caeli
3070 787 3286 842 divitias
3315 790 3524 856 aperire
3546 786 3789 841 studens.

2211 889 2345 945 Nam
2370 889 2462 958 qui
2487 887 2627 959 apud
2652 887 2788 942 bene
2815 885 3081 939 valentem
3108 889 3341 952 aegrotos
3365 891 3644 946 memorat,
3673 879 3795 935 illo-

2213 995 2438 1050 rumque
2466 978 2683 1034 dolores
2704 986 2916 1032 enarrat
2941 1017 2955 1041 ,
2984 990 3091 1029 non
3120 983 3176 1027 ut
3206 973 3354 1026 illum
3381 980 3642 1042 aegrotum
3668 971 3794 1025 red-

2214 1072 2307 1127 dat
2334 1072 2436 1126 hoc
2462 1060 2626 1136 dicit,
2658 1069 2753 1123 sed
2785 1078 2843 1123 ut
2870 1068 2924 1121 in
2952 1067 3180 1120 sanitate
3203 1071 3504 1129 conservet,
3530 1069 3586 1117 et
3608 1075 3796 1117 eorum

2215 1178 2333 1232 qua:
2354 1162 2476 1216 aliis
2493 1160 2804 1217 acciderunt
2819 1159 3011 1213 timore
3043 1154 3200 1224 hujus
3218 1153 3475 1211 incuriam
3492 1152 3796 1220 exscindat,

2217 1254 2497 1310 Terribilis
2525 1252 2679 1307 vobis
2712 1258 2999 1321 paupertas
3040 1248 3253 1303 videtur
3278 1261 3419 1312 esse,
3460 1261 3523 1302 ac
3553 1246 3637 1301 vel
3682 1244 3801 1316 ipso

2219 1345 2437 1399 nomine
2458 1342 2747 1397 horrenda.
2772 1340 2898 1396 Ideo
2919 1353 3150 1409 namque
3169 1352 3431 1407 pauperes
3453 1352 3658 1402 smnus,
3676 1338 3800 1407 quia

2220 1444 2586 1506 paupertatem
2632 1434 2883 1487 timemus
2905 1472 2921 1497 ,
2948 1423 3158 1485 etiamsi
3202 1427 3351 1483 mille
3381 1426 3575 1483 talenta
3603 1429 3800 1482 habea-

2220 1542 2361 1582 mus.
2394 1527 2509 1582 Non
2541 1525 2683 1581 enim
2726 1525 2772 1579 is
2801 1525 2890 1595 qui
2922 1522 3052 1578 nihil
3083 1522 3243 1577 habet
3268 1537 3471 1593 pauper
3496 1533 3600 1588 est,
3633 1521 3726 1576 sed
3758 1522 3802 1575 is

2220 1620 2310 1689 qui
2340 1627 2705 1689 paupertatem
2740 1615 3074 1673 exhorrescit
3105 1631 3119 1668 :
3145 1614 3393 1684 quoniam
3420 1621 3474 1668 et
3500 1613 3551 1667 in
3581 1612 3802 1667 calami-

2224 1710 2420 1764 tatibus
2464 1723 2570 1762 non
2600 1722 2696 1762 eos
2718 1746 2735 1771 ,
2764 1706 2855 1777 qui
2901 1706 3184 1760 innumera
3210 1705 3485 1775 patiuntur
3517 1705 3679 1769 mala,
3709 1704 3805 1759 dc-

2225 1802 2497 1871 ploramus
2524 1809 2580 1855 et
2617 1800 2847 1854 miseros
2893 1798 3263 1852 existimamus
3284 1837 3301 1862 ,
3330 1796 3422 1851 sed
3453 1811 3548 1850 eos
3576 1797 3667 1866 qui
3716 1796 3806 1850 illa

2226 1893 2371 1948 ferre
2399 1892 2675 1956 nesciant,
2702 1889 2914 1946 etiamsi
2940 1888 3147 1943 modica
3177 1888 3303 1941 sint.
3342 1886 3538 1957 Contra
3568 1902 3696 1942 vero
3727 1888 3771 1941 is
3792 1928 3807 1954 ,

2225 1986 2318 2056 qui
2348 1986 2435 2040 illa
2466 1984 2573 2040 scit
2603 1984 2877 2053 patienter
2908 1981 3047 2036 ferre
3067 2021 3083 2046 ,
3130 1988 3187 2035 et
3229 1978 3445 2033 coronis
3474 1988 3527 2033 et
3565 1977 3812 2031 laudibus

2226 2078 2418 2148 dignus
2447 2086 2550 2133 est.
2580 2076 2649 2130 Et
2675 2074 2818 2146 quod
2848 2074 2949 2129 hoc
2979 2074 3051 2127 ita
3076 2087 3137 2129 se
3166 2071 3395 2137 habeat,
3430 2073 3481 2126 in
3503 2072 3813 2126 certamini-

2229 2171 2327 2224 bus
2350 2182 2609 2240 quosnam
2628 2165 2940 2221 laudamus?
2961 2178 3129 2219 eosne
3152 2163 3241 2233 qui
3271 2163 3495 2216 multum
3523 2162 3815 2216 verberan-

2230 2268 2349 2323 tur.
2400 2274 2500 2313 nec
2523 2258 2746 2321 dolent,
2779 2255 2874 2311 sed
2904 2266 3085 2310 erecto
3127 2254 3270 2309 collo
3310 2262 3583 2323 perstant;
3625 2268 3691 2307 an
3722 2267 3817 2308 eos

2228 2353 2318 2422 qui
2348 2360 2471 2421 post
2494 2351 2695 2421 primas
2743 2350 2923 2419 plagas
2951 2346 3199 2417 fugiunt?
3226 2362 3405 2401 annon
3455 2348 3573 2404 illos
3601 2349 3816 2417 quidem

2229 2457 2575 2507 coronamus,
2599 2448 2871 2508 tamquam
2895 2437 3062 2494 fortes
3081 2438 3366 2508 magnique
3385 2438 3547 2491 animi
3571 2478 3586 2503 ,
3608 2437 3707 2491 hos
3726 2454 3820 2493 au—

2232 2545 2339 2590 tem
2364 2534 2651 2589 irridemus
2673 2574 2689 2597 ,
2716 2541 2777 2587 ut
2806 2532 3029 2603 ignavos
3056 2538 3112 2586 et
3140 2529 3356 2585 timidos
3372 2531 3397 2583 τ
3421 2529 3510 2586 Sic
3535 2545 3664 2601 ergo
3690 2541 3743 2585 et
3767 2532 3819 2585 in

2231 2627 2390 2697 hujus
2443 2627 2542 2682 via:
2596 2625 2756 2682 rebus
2799 2625 3249 2680 faciamnszeum
3297 2623 3387 2694 qui
3438 2623 3591 2679 facile
3641 2623 3822 2678 omnia

2231 2719 2465 2775 sustinet
2491 2732 2815 2773 coronemus
2834 2757 2850 2782 ,
2878 2726 2936 2771 ut
2962 2725 3016 2771 et
3049 2716 3195 2770 illum
3220 2716 3408 2771 fortem
3431 2715 3482 2769 in
3508 2706 3653 2769 omni
3700 2732 3819 2770 cer-

2232 2811 2435 2867 tamine
2478 2811 2696 2875 virum;
2746 2808 2889 2864 hunc
2930 2823 3064 2863 vero
3114 2808 3357 2863 timidum
3410 2815 3464 2861 et
3513 2807 3580 2862 ad
3632 2822 3821 2877 aspera

2232 2912 2551 2959 trementem
2576 2901 2890 2966 deﬂeamus,
2909 2901 3002 2971 qui
3019 2910 3305 2970 antequam
3332 2900 3545 2970 plagam
3573 2901 3820 2971 accipiat,

2232 3010 2345 3066 prae
2362 2994 2647 3049 formidine
2666 2992 3043 3063 exstinguitur.
3064 2991 3280 3048 Etenim
3300 2992 3354 3045 in
3374 2991 3758 3051 certaminibus
3777 2990 3824 3046 si

2232 3086 2354 3158 quis
2374 3094 2663 3155 antequam
2704 3100 2894 3139 manus
2928 3085 3149 3140 extollat
3172 3123 3187 3146 ,
3223 3082 3593 3138 adversarium
3630 3081 3822 3137 videns

2234 3178 2508 3233 dexteram
2525 3176 2925 3239 extendentem,
2950 3175 3116 3245 fugiat
3129 3185 3417 3245 antequam
3439 3175 3648 3246 plagam
3679 3177 3825 3229 acci-

2244 3268 2665 3337 piat,'ridieulus
2701 3268 2840 3332 erit,
2879 3275 2942 3322 ut
2960 3276 3247 3323 enervatus
3284 3276 3339 3321 et
3394 3267 3570 3321 mollis
3589 3276 3643 3321 et
3664 3267 3719 3321 in
3740 3267 3825 3323 his

2235 3360 2510 3416 laboribus
2558 3359 2862 3430 imperitus.
2921 3358 2991 3415 Ut
3033 3358 3195 3414 etiam
3241 3357 3435 3414 accidit
3475 3360 3538 3412 iis
3566 3360 3656 3429 qui
3690 3376 3825 3429 pau-

2236 3464 2493 3523 pertatem
2542 3453 2763 3520 timent,
2794 3461 2851 3506 et
2879 3467 2947 3507 nc
2976 3450 3094 3521 ejus
3123 3450 3339 3521 quidem
3370 3452 3825 3519 exspectationem

2235 3546 2377 3601 ferre
2406 3556 2648 3615 possunt.
2682 3544 2800 3599 Non
2827 3559 2957 3614 ergo
2987 3557 3086 3597 nos
3117 3557 3211 3597 vos
3244 3543 3475 3604 miseros
3502 3542 3778 3598 reddimus
3802 3584 3820 3609 ,

2236 3635 2331 3690 sed
2356 3650 2455 3689 vos
2478 3636 2577 3704 ipsi
2608 3633 2661 3689 id
2692 3633 2885 3689 facitis.
2917 3632 3200 3701 Quomodo
3230 3632 3372 3688 enim
3401 3646 3510 3687 non
3544 3632 3639 3687 tibi
3666 3631 3823 3688 dein-

2236 3742 2365 3797 ceps
2396 3727 2583 3783 illudet
2611 3725 2893 3791 diabolus,
2923 3741 3083 3795 quem
3107 3735 3233 3780 ante
3260 3727 3468 3795 plagam
3496 3725 3672 3780 minas
3704 3737 3825 3780 tan-

2237 3829 2347 3875 tum
2393 3819 2845 3889 conspicientem,
2888 3818 3034 3873 videt
3085 3817 3463 3872 formidantem
3515 3827 3676 3887 atque
3719 3828 3829 3873 tre—

2235 3912 2507 3967 mentem?
2535 3912 2646 3966 lmo
2674 3926 2804 3966 vero
2826 3925 2945 3965 cum
2972 3918 3028 3963 tu
3051 3908 3153 3963 hoc
3173 3918 3326 3979 putes
3350 3922 3474 3963 esse
3494 3909 3684 3971 mias,
3716 3925 3827 3965 non

2236 4005 2341 4058 erit
2369 4004 2444 4058 illi
2472 4017 2607 4073 opus
2634 4011 2691 4057 ut
2722 4013 2774 4057 te
2800 4001 3065 4072 percutiat
3093 4016 3109 4065 ;
3138 3999 3231 4055 sed
3257 3999 3441 4054 sineus
3467 4009 3519 4054 te
3548 3999 3827 4070 possidere

2236 4094 2448 4149 divitias
2469 4134 2483 4158 ,
2515 4107 2587 4148 ex
2615 4093 2808 4147 timore
2846 4106 2914 4146 ne
2941 4092 3253 4145 auferantur
3276 4098 3329 4144 te
3367 4105 3491 4145 cera
3519 4089 3824 4147 molliorem

2239 4185 2451 4241 reddet.
2484 4186 2559 4239 Ea
2589 4186 2735 4240 enim
2774 4199 2961 4239 sumus
2988 4193 3197 4249 natura,
3233 4192 3290 4237 ut
3320 4183 3390 4237 ita
3418 4182 3592 4237 dicam
3614 4225 3628 4249 ,
3663 4192 3720 4237 ut
3762 4199 3826 4238 ca

2235 4294 2355 4349 quae
2400 4278 2854 4348 pertimescimus,
2895 4284 3178 4347 postquam
3226 4290 3288 4331 ea
3324 4273 3567 4345 perpessi
3600 4272 3823 4343 sumus,

2237 4387 2347 4427 non
2376 4371 2449 4425 ita
2481 4369 2737 4425 terribilia
2758 4369 3154 4436 existimemus,
3183 4377 3240 4423 ut
3272 4377 3399 4424 ante
3426 4384 3586 4438 quam
3613 4371 3829 4438 experi-

2236 4472 2476 4519 mentum
2506 4462 2825 4517 faceremus.
2874 4458 2944 4515 Ut
2975 4475 3042 4515 ne
3067 4474 3197 4530 ergo
3224 4458 3363 4515 hanc
3404 4458 3655 4515 virtutem
3686 4460 3827 4515 obti-

2236 4568 2389 4621 neas,
2418 4554 2471 4608 in
2497 4567 2709 4608 summo
2738 4562 2789 4607 te
2817 4550 3023 4605 detinet
3047 4551 3257 4614 timore,
3276 4559 3437 4620 atque
3460 4560 3586 4606 ante
3611 4554 3825 4618 experi-

2236 4654 2477 4701 mentum
2494 4660 2562 4700 ex
2583 4642 2909 4714 paupertatis
2925 4650 3070 4697 metu
3094 4651 3145 4696 te
3160 4641 3312 4713 quasi
3334 4657 3516 4698 ceram
3534 4640 3825 4710 liquefacit.

2234 4735 2369 4791 Nam
2392 4737 2514 4793 talis
2537 4737 2698 4792 homo
2715 4752 2841 4792 cera
2856 4735 3043 4806 quavis
3064 4734 3276 4790 mollior
3290 4743 3389 4801 est,
3415 4744 3471 4789 et
3490 4734 3827 4788 miseriorem

2237 4842 2395 4898 quam
2410 4828 2609 4883 Cainus
2622 4829 2787 4882 vitam
2807 4826 2973 4891 ducit,
3002 4842 3097 4897 pro
3120 4828 3183 4883 iis
3206 4842 3326 4897 qua:
3347 4824 3584 4895 possidet
3607 4824 3824 4887 timens,

2238 4927 2295 4974 et
2320 4918 2389 4973 de
2411 4918 2477 4973 iis
2496 4934 2616 4988 qum
2641 4933 2750 4972 non
2781 4918 2943 4973 habet
2965 4917 3156 4992 dolens
3186 4937 3200 4972 :
3227 4927 3284 4973 et
3309 4931 3407 4985 pro
3434 4914 3501 4968 iis
3525 4930 3645 4983 quae
3664 4915 3828 4969 habet

2236 5026 2452 5066 rursum
2495 5019 2768 5075 tremens,
2801 5018 2986 5079 utpote
3030 5009 3279 5080 fugitivas
3307 5014 3364 5061 et
3404 5004 3636 5075 ingratas
3680 5006 3827 5060 intus

2237 5103 2482 5159 retinens
2511 5103 2731 5159 divitias
2750 5144 2765 5170 ,
2798 5110 2959 5173 atque
3001 5102 3165 5157 variis
3191 5097 3540 5169 absurdisque
3566 5101 3828 5155 obsessus

2238 5197 2537 5254 affectibus.
2574 5196 2788 5253 Etenim
2825 5195 3091 5265 cupiditas
3134 5191 3385 5258 absurda,
3420 5193 3580 5248 timor
3622 5191 3827 5251 varius,

2238 5306 2410 5363 angor
2452 5290 2656 5357 animi,
2693 5300 2748 5345 et
2790 5298 2994 5343 tremor
3019 5284 3255 5356 undique
3292 5301 3483 5343 avaros
3507 5286 3781 5356 exagitant
3804 5298 3824 5337 :

2236 5382 2550 5452 similesque
2575 5390 2701 5436 sunt
2726 5376 2987 5434 navicula
3012 5375 3245 5446 undique
3281 5393 3313 5432 a
3341 5376 3628 5433 contrariis
3652 5372 3826 5427 ventis

2238 5474 2478 5542 agitatae,
2506 5479 2564 5528 et
2600 5466 3023 5526 ﬂuctus-multos
3050 5468 3354 5524 sustinenti.
3389 5469 3454 5523 Et
3481 5471 3682 5535 quanto
3705 5479 3826 5519 me-

2238 5564 2343 5623 lius
2367 5574 2511 5620 esset
2552 5560 2861 5632 hujusmodi
2889 5558 3160 5617 hominem
3190 5560 3470 5624 decedere,
3517 5571 3678 5627 quam
3704 5573 3829 5628 per-

2237 5668 2451 5729 petuam
2479 5656 2623 5712 ferre
2645 5654 3056 5723 tempestatem?
3079 5653 3213 5709 Nam
3228 5663 3286 5708 et
3305 5651 3471 5707 Caino
3492 5649 3829 5707 tolerabilius

2248 5759 2365 5807 erat
2389 5748 2548 5816 mori,
2570 5761 2727 5817 quam
2750 5755 3009 5819 perpetuo
3023 5756 3271 5801 tremere.
