4022 6214
176 58 289 210 .
552 132 561 143 “

264 370 380 426 255

283 482 429 537 κατά
478 483 577 554 τὴν
631 480 837 554 άγοράν
893 479 1150 552 βαδίζειν,
1181 479 1275 533 καὶ
1310 480 1371 535 έν
1399 482 1515 544 τοῖς
1556 478 1852 541 στενωποῖς

277 570 615 639 προσαιτεῖν·
646 565 761 619 ἀλλ’
786 565 969 637 ἔχουσί
999 580 1055 619 τι
1092 566 1187 619 καὶ
1222 564 1506 627 εὐλαϐείας
1536 563 1599 616 οὐ
1635 560 1849 633 μικρόν.

275 651 427 723 Ὀρα
450 650 583 719 γοῦν
611 653 670 705 ἑν
696 650 797 721 ὅσῃ
824 649 1042 721 καμίνῳ
1079 650 1270 712 πενίας
1317 648 1443 702 είσί.
1474 647 1583 699 Kal
1610 644 1857 716 βλασφη-

280 736 500 807 μουσῶν
530 736 631 788 οὐκ
658 734 721 788 ἀν
756 750 883 786 ποτε
915 733 1095 787 αὐτῶν
1126 732 1387 803 ἀκούσῃς,
1417 730 1538 784 οὐδὲ
1562 728 1860 782 ἀποδυσπε-

276 818 511 882 τουσῶν,
553 818 697 888 ἀπερ
736 816 929 871 πολλαὶ
979 817 1089 871 τῶν
1127 817 1495 869 πλουτούντων
1528 825 1553 853 ι
1588 810 1855 866 ποιοῦσιν.

278 905 391 959 Kal
413 905 470 957 αί
504 903 602 973 μὲν
640 902 819 956 αὐτῶν
850 900 1113 954 πεινῶσαι
1152 899 1526 969 έκοιμήθησαν
1573 894 1856 959 πολλάκις,

276 991 335 1044 αί
358 989 417 1041 δὲ
450 988 545 1041 καὶ
573 985 836 1057 διηνεκῶς
868 986 972 1039 ὐπὸ
998 983 1091 1037 τοῦ
1125 981 1338 1053 κρυμοῦ
1371 980 1713 1052 πηγνύμεναι
1738 978 1857 1032 δια-

274 1070 516 1136 τελοῦσι,
550 1069 645 1123 καὶ
690 1070 840 1139 ὅμως
887 1069 945 1122 ἐν
971 1066 1287 1137 εὐχαριστίᾳ
1329 1064 1426 1118 καὶ
1457 1061 1738 1131 δοξολογίᾳ
1774 1062 1857 1114 δι-

278 1157 496 1224 άγουσι.
525 1153 645 1207 Κάν
672 1150 857 1224 ὀϐολὸν
887 1149 1011 1220 δῷς,
1040 1146 1426 1223 εὐχαριστοῦσι
1467 1150 1564 1201 καὶ
1595 1143 1858 1214 ἐπεύχον-

277 1220 370 1293 ται
396 1239 566 1309 μυρία
589 1236 669 1308 τῷ
699 1220 973 1290 δέδωκότι·
998 1233 1105 1287 κᾶν
1137 1220 1305 1305 μηδὲν
1329 1231 1456 1303 δῷς,
1486 1230 1548 1284 οὐ
1574 1227 1859 1299 δυσχεραί-

278 1341 483 1384 νουσιν,
506 1321 641 1375 ἀλλά
676 1322 770 1374 καὶ
795 1318 967 1381 οὕτως
1001 1316 1284 1386 εὐλογοῦσι
1315 1315 1409 1368 καὶ
1447 1311 1725 1383 ἀγαπῶσι,
1759 1310 1859 1381 τῆς

279 1406 562 1478 ἐφημέρου
602 1402 808 1476 τροφῆς
841 1400 1235 1454 ἀπολαύουσαι.
1286 1398 1406 1451 Κᾶν
1445 1400 1555 1465 γὰρ
1582 1394 1749 1478 1275]
1775 1393 1858 1478 p.41

281 1477 600 1562 βούλωνται,
625 1486 808 1555 φησὶν,
835 1485 1049 1553 ἀνάγκη
1080 1483 1267 1553 φέρειν
1295 1481 1486 1541 αὐτάς.
1503 1477 1605 1562 Διά
1623 1478 1720 1562 τίς
1738 1477 1858 1530 εξπέ

281 1561 408 1644 μοι·
449 1571 595 1633 τίνος
641 1570 826 1621 ἓνεκεν
872 1569 935 1620 τὸ
980 1565 1175 1636 πικρὸν
1204 1562 1364 1617 τοῦτο
1390 1561 1638 1632 ἐφθέγξω
1671 1561 1856 1644 ρἦα;

277 1641 379 1709 οὐκ
406 1655 514 1707 είσὶ
548 1653 735 1722 τέχναι
758 1650 1001 1721 αἰσχραὶ,
1039 1648 1134 1702 καὶ
1161 1650 1276 1708 τοῖς
1300 1646 1637 1717 γεγηρακόσι
1666 1641 1859 1712 κέρδος

278 1739 500 1808 έχουσαι
529 1738 623 1789 κα)⁸
642 1737 763 1797 ταῖς
793 1732 1226 1804 γεγηρακυίαις;
1252 1731 1354 1784 οὐκ
1389 1728 1673 1799 ἠδύναντο,
1699 1727 1859 1808 εἴπερ

280 1806 525 1894 βούλοιτο
563 1819 655 1872 τοῦ
693 1819 793 1890 ζῇν
832 1817 1094 1880 ἐπιεικῶς
1142 1815 1387 1886 ἀμελεῖν,
1428 1812 1681 1867 κάκεῖθεν
1721 1806 1859 1894 μετά

279 1891 482 1975 πολλῆς
510 1901 919 1975 ἀποτρέψεσθαι
949 1904 1051 1971 τῆς
1081 1898 1435 1970 περιουσίας;
1466 1895 1565 1965 οὐχ
1596 1894 1728 1963 ὁρᾷς
1756 1891 1858 1975 1:6-

281 2005 363 2043 σοι
395 1974 506 2041 τῶν
529 1990 588 2041 ὲν
606 1974 778 2058 ταύτῃ
804 1988 870 2057 τῇ
894 1985 1079 2056 ἡλικίᾳ
1104 1982 1407 2054 μαστροποὶ
1427 1981 1523 2033 καὶ
1541 1974 1860 2049 ’προαγωγοῖ⁵

277 2074 577 2143 γινόμενοι,
612 2071 705 2123 καὶ
752 2070 917 2139 ἕτερα
974 2067 1197 2120 τοιαῦτα
1244 2068 1381 2121 ἀττα
1430 2060 1857 2143 διακονούμενοι,

281 2138 375 2209 καὶ
405 2138 704 2225 τρέφονται
742 2138 1187 2220 καιτρυφῶσινς
1235 2147 1373 2200 Ἀλλ’
1403 2148 1503 2217 οὐχ
1539 2138 1706 2207 οὗτοι,
1742 2143 1859 2198 ἀλλ’

279 2238 561 2310 αίροῦνται
588 2234 731 2306 λιμῷ
753 2231 1162 2303 διαφθείρεσθαι
1192 2232 1414 2303 μᾶλλον,
1444 2232 1477 2301 ἢ
1500 2227 1860 2299 καταισχῦναι

212 2344 219 2351 ο
277 2324 377 2394 τὴν
413 2321 623 2375 ἑαυτῶν
667 2318 811 2387 ζωὴν
860 2319 954 2370 καὶ
982 2314 1271 2386 προδοῦναι
1299 2314 1398 2385 τὴν
1426 2313 1734 2384 σωτηρίαν·
1766 2313 1862 2365 καὶ

280 2406 547 2476 κάθηνται
576 2404 642 2456 δι’
676 2404 887 2473 ⁴ἡμέρας
916 2401 1045 2471 ὅλης
1079 2400 1369 2471 φάρμακόν
1402 2415 1484 2451 σοι
1518 2396 1862 2476 κατασκευά-

280 2474 464 2550 ζοντες
496 2484 792 2553 σωτηρίας.
818 2482 891 2534 Οὐ
919 2483 1029 2550 γάρ
1058 2480 1228 2542 οὕτως
1259 2479 1463 2548 ἰατρὸς,
1499 2479 1653 2547 χεῖρα
1684 2474 1861 2529 ἐκτεί-

279 2586 385 2623 νων
413 2570 509 2632 καὶ
545 2552 786 2638 σιδήριον
809 2565 1055 2631 ὲπάγων,
1090 2552 1343 2633 ἐκτέμνει
1366 2562 1433 2615 τά
1457 2560 1734 2631 σεσηπότα
1753 2558 1863 2613 τῶν

277 2654 633 2723 τραυμάτων,
667 2651 743 2713 ὡς
776 2649 963 2719 πένης,
996 2646 1178 2711 δεξιὰν
1211 2646 1468 2700 ἐκτείνων
1503 2646 1596 2699 καὶ
1631 2645 1863 2717 ἐλεημο-

281 2736 447 2803 σύνην
499 2734 814 2803 λαμϐάνων,
869 2732 1147 2801 περιαιρεῖ
1197 2729 1307 2782 τῶν
1352 2727 1685 2797 τραυμάτων
1737 2727 1864 2790 τοὺς

282 2819 579 2891 μώλωπας.
604 2819 715 2871 Kal
735 2817 796 2870 τὸ
820 2817 885 2886 δὴ
914 2815 1249 2885 θαυμαστὸν,
1270 2814 1353 2867 ὅτι
1375 2806 1544 2885 χωρὶς
1573 2811 1864 2881 ἀλγηδόνος

281 2905 375 2957 καὶ
417 2904 609 2973 ὀδύνης
640 2902 739 2973 τὴν
783 2902 954 2971 καλὴν
996 2900 1196 2970 ταύτην
1229 2898 1552 2970 ἐργάζονται
1598 2895 1861 2967 ἰατρείαν.

278 2990 391 3043 Kal
418 2989 578 3061 ἡμῶν
605 2986 712 3040 τῶν
754 2984 847 3039 τοῦ
880 2983 1011 3037 λαοῦ
1054 2984 1489 3054 προκαθημένων
1531 2982 1622 3034 καὶ
1663 2996 1865 3049 παραι-

278 3072 516 3126 νούντων
540 3071 669 3141 ύμῖν
695 3069 763 3123 τά
796 3067 1144 3139 συμφέροντα
1166 3065 1266 3118 οὐκ
1286 3064 1507 3117 ἔλαττον
1529 3064 1734 3125 ἐκεῖνος
1757 3062 1865 3114 δια-

278 3156 498 3224 λέγεται
532 3156 559 3207 6
590 3153 696 3221 πρὸ
721 3151 829 3205 τῶν
853 3149 1032 3221 θυρῶν
1077 3149 1175 3218 τῆς
1212 3146 1507 3218 ἐκκλησίας
1555 3147 1865 3216 καθήμενος

278 3238 372 3292 διὰ
401 3239 502 3308 τῆς
539 3236 699 3305 σιγῆς
720 3235 815 3289 καὶ
847 3234 945 3305 τῆς
978 3232 1172 3303 ὄψεως.
1209 3232 1320 3285 Kal
1348 3231 1460 3302 γὰρ
1498 3232 1659 3301 ἡμεῖς
1690 3228 1864 3287 ταῦτα

279 3322 405 3376 καθ’
429 3322 669 3391 ἑκάστην
693 3320 822 3388 ὑμῖν
848 3315 1151 3387 ὲνηχοῦμεν
1180 3314 1279 3385 τὴν
1308 3315 1541 3385 ἡμέραν,
1574 3312 1822 3379 λέγοντες
1844 3327 1860 3342 ’

279 3406 373 3475 Μὴ
406 3405 549 3475 μέγα
575 3403 783 3475 φρόνει,
806 3394 851 3454 ὧ
880 3399 1154 3470 ἀνθρωπε,
1177 3397 1480 3469 ὀξύρροπον
1506 3398 1599 3449 καὶ
1627 3396 1685 3448 εὐ
1696 3395 1863 3464 μετά-

280 3504 493 3542 πτωτον
519 3488 626 3540 τῶν
645 3483 949 3554 ἀνθρώπων
975 3483 1009 3553 ἠ
1030 3481 1215 3551 φύσις,
1245 3483 1279 3551 η
1300 3479 1489 3550 νεότης
1523 3477 1658 3550 πρὸς
1686 3481 1866 3549 γῆρας

280 3571 586 3639 ἐπείγεται,
620 3567 681 3620 τὺ
716 3566 914 3628 κάλλος
948 3566 1085 3637 πρὸς
1120 3563 1415 3635 ἀμορφίαν,
1457 3565 1490 3633 ὴ
1536 3562 1689 3632 ἰσχὺς
1728 3560 1864 3629 πρὸς

280 3653 588 3716 ἀσθένειαν,
615 3652 651 3721 η
669 3649 803 3720 τιμὴ
833 3651 970 3720 πρὸς
998 3649 1426 3719 καταφρόνησιν,
1454 3647 1488 3717 ὴ
1515 3645 1697 3713 ὐγιεία
1726 3644 1864 3714 πρὸς

280 3734 592 3809 ἀρρωστίαν
652 3732 1002 3800 μεταπίπτει.
1036 3733 1069 3800 ἠ
1120 3730 1249 3795 δόξα
1299 3730 1435 3800 πρὸς
1490 3728 1786 3792 εὐτέλειαν,
1835 3728 1865 3779 6

280 3822 513 3883 πλοῦτος
563 3819 701 3888 πρὸς
749 3816 973 3870 πενίαν·
1010 3814 1241 3886 ῥεύματι
1273 3812 1485 3884 σφοδρῷ
1517 3813 1586 3866 τά
1618 3814 1863 3883 ἡμέτερα

280 3906 459 3959 ιοικεν
483 3901 719 3973 οὐδαμοῦ
745 3899 996 3954 ἵστασθαι
1020 3897 1345 3971 βουλομένῳ,
1378 3896 1493 3951 ἀλλ’
1523 3893 1865 3967 ἐπειγομένῳ

279 3988 420 4059 πρὸς
446 3986 510 4039 τὺ
541 3986 828 4047 κάταντες.

352 4076 416 4126 ε’.
439 4070 522 4123 Th
550 4069 689 4123 αὐτὰ
715 4067 813 4121 καὶ⁸
840 4068 1058 4131 ἐκεῖνοι,
1076 4064 1169 4119 καὶ
1188 4064 1405 4118 πλείονα
1426 4063 1630 4118 τούτων
1653 4062 1741 4118 διά
1765 4065 1865 4132 τῆς

280 4153 459 4217 ϐψεως
485 4149 936 4221 συμϐουλεύουσι,
958 4149 1051 4203 καὶ
1078 4148 1167 4201 διά
1190 4148 1289 4219 τῆς
1313 4147 1507 4218 πείρας
1533 4147 1720 4217 αὐτῆς,
1741 4147 1865 4217 ἥτις

282 4238 379 4291 καὶ
409 4236 718 4305 σαφεστέρα
752 4232 870 4286 έστὶ
900 4233 1243 4305 παραίνεσις.
1266 4232 1430 4285 Πόσοι
1460 4231 1592 4299 γοῦν
1632 4232 1741 4284 τῶν
1760 4231 1865 4297 ἔξω

282 4318 611 4388 καθημένων
638 4316 733 4370 νῦν
757 4317 1016 4387 ἠκμασαν
1040 4319 1097 4369 ὲν
1126 4315 1361 4385 νεότητι,
1394 4316 1487 4370 καὶ
1515 4315 1723 4386 μεγάλα
1753 4315 1866 4384 είρ-

282 4404 556 4471 γάσαντο;
593 4402 746 4453 πόσοι
774 4398 882 4451 τῶν
911 4399 1167 4470 είδεχθῶν
1197 4398 1402 4451 τούτων
1435 4400 1530 4452 καὶ
1555 4399 1649 4451 ἐπὶ
1676 4400 1741 4469 τῇ
1768 4396 1863 4451 τοῦ

285 4484 536 4556 σώματος
573 4484 717 4554 ἰσχύι
743 4484 838 4537 καὶ
866 4487 933 4555 τῇ
965 4484 1065 4554 τῆς
1098 4482 1274 4551 ὅψεως
1311 4480 1431 4553 ὥρα
1461 4481 1688 4545 πολλοὺς
1722 4499 1866 4551 παρ-

282 4570 530 4641 ήλασανς
571 4566 735 4621 ’Δλλά
776 4568 851 4640 μὴ
897 4569 1199 4631 ἀπιστεῖτε,
1239 4567 1373 4636 μηδὲ
1411 4566 1734 4636 χλευάζετε’
1771 4565 1865 4618 καὶ

282 4652 395 4720 γὰρ
430 4651 641 4719 μυρίων
670 4652 830 4719 γέμει
860 4650 1117 4703 τοιούτων
1148 4649 1561 4719 ὑποδειγμάτων
1580 4651 1608 4702 6
1636 4647 1769 4717 βίος.
1800 4648 1864 4701 El

283 4734 395 4805 γὰρ
425 4733 664 4803 βασιλεῖς
692 4733 752 4796 δξ
771 4732 1005 4785 εὐτελῶν
1030 4734 1123 4785 καὶ
1144 4733 1415 4785 ταπεινῶν
1448 4731 1633 4784 πολλοὶ
1663 4731 1864 4783 πολλά-

282 4834 375 4881 κις
400 4816 669 4886 ἐγένοντο,
694 4816 747 4868 τί
784 4813 1117 4883 θαυμαστὸν,
1158 4812 1254 4864 καὶ
1284 4814 1349 4863 lx
1379 4813 1629 4879 μεγάλων
1658 4812 1749 4865 καὶ
1780 4814 1864 4865 ιν-

283 4900 453 4966 δδξων
480 4898 727 4952 ταπεινοὶ
755 4895 851 4949 καὶ
878 4895 1114 4957 εὐτελεῖς
1144 4893 1516 4966 κατέστησαν;
1548 4894 1643 4946 καὶ
1667 4895 1775 4965 γάρ
1803 4894 1865 4947 τδ

284 4981 470 5053 πολλῷ
501 4978 945 5054 παραδοξὼτερον
978 4976 1157 5030 ἐκεῖνό
1192 4978 1310 5029 ἐστι
1332 4992 1347 5006 ο
1376 4976 1532 5032 τοῦτο
1554 4977 1611 5030 δὲ
1641 4977 1751 5031 τῶν
1774 4974 1862 5031 ἀεί

287 5067 717 5138 συμϐαινόντων.
741 5064 906 5117 Ὥστε
928 5063 990 5116 οὐ
1020 5061 1126 5135 χρὴ
1146 5060 1468 5125 διαπιστεῖν,
1493 5060 1548 5113 εί
1569 5077 1715 5124 τινες
1739 5060 1834 5115 τού

283 5164 397 5202 των
426 5152 523 5204 καὶ
541 5152 601 5203 έν
621 5152 840 5221 τέχναις
869 5147 965 5203 καὶ
993 5150 1051 5201 ὲν
1080 5147 1389 5216 στρατείαις
1414 5145 1659 5217 ἤνθησαν
1684 5148 1779 5201 καὶ
1805 5149 1864 5201 ἐν

286 5232 587 5304 χρημάτων
606 5232 969 5304 περιουσίαις,
999 5229 1133 5284 ἀλλά
1167 5226 1262 5282 καὶ
1293 5226 1467 5280 ἐλεεῖν
1499 5230 1697 5293 αὐτοὺς
1725 5231 1864 5299 μετὰ

286 5314 493 5385 πολλῆς
515 5314 618 5384 τῆς
645 5314 1010 5384 συμπαθείας,
1033 5311 1131 5368 καὶ
1150 5312 1289 5381 ὑπὲρ
1313 5310 1526 5365 ἑαυτῶν
1544 5311 1860 5377 δεδοικέναι.

290 5399 369 5470 μή
408 5412 539 5450 ποτε
567 5396 664 5449 καὶ
692 5396 850 5449 αὐτοὶ
884 5395 955 5449 τά
996 5396 1135 5449 αὐτά
1156 5394 1433 5464 πάθωμεν.
1468 5394 1579 5447 Kal
1625 5394 1736 5466 γάρ
1770 5398 1865 5449 καὶ

287 5483 451 5553 ἡμεῖς
476 5479 775 5551 ἄνθρωποι,
802 5477 900 5532 καὶ
925 5480 1031 5533 ὐπδ
1061 5480 1163 5552 τὴν
1189 5479 1487 5553 ὀξύρροπον
1512 5479 1716 5549 ταύτην
1752 5479 1864 5533 κείο

289 5564 435 5632 μεθα
464 5561 782 5636 μεταϐολήν.
820 5560 961 5616 Ἀλλ’
990 5564 1122 5626 ίσως
1150 5563 1262 5618 τῶν
1280 5564 1612 5635 ἀγνωμόνων
1647 5580 1734 5627 τις
1766 5565 1863 5617 καὶ

611 5778 692 5815 an
712 5764 926 5829 videant,
950 5765 1049 5829 τῶν
1066 5764 1393 5829 πλουτουσῶν,
1436 5765 1530 5819 nisi
1572 5763 1857 5820 ιυιιωιειιιο

289 5830 433 5889 μου
448 5825 547 5876 τόν
567 5826 896 5877 πλουτούντων
914 5825 1145 5889 γυναῖκες,

1258 362 1325 420 IN
1361 361 1584 421 EPIST.
1620 360 1642 416 Ι
1673 361 1767 417 ΔΙ)
1803 358 1961 418 οοιι.
2001 361 2234 421 110111...
2273 366 2446 424 XXX.
2494 400 2511 417 .

1959 477 2236 536 σκώπτειν
2270 475 2540 538 εἰωθότων
2583 483 2679 539 καὶ
2716 481 3011 554 ιπισκήψει
3038 481 3155 547 τοῖς
3193 480 3531 555 dmi-dm.

1964 563 2060 615 καὶ
2088 566 2415 640 κωμῳδήσει
2440 568 2660 631 πάντως
2688 567 2836 639 ἡμᾶς
2859 566 3051 636 λέγων·
3079 565 3259 636 Μέχρι
3294 564 3441 629 τίνος
3464 565 3533 620 οὐ

2174 649 2415 720 πένητας
2444 651 2546 705 ,ἀεὶ
2574 650 2668 704 καὶ
2694 651 2946 721 πτωχοὺς
2970 652 3028 703 εν
3059 649 3172 713 τοῖς
3206 647 3387 717 λόγοις
3414 650 3533 702 εισ-

1961 731 2131 798 ἀγων,
2165 732 2260 787 καὶ
2301 732 2587 806 συμφοράς
2627 735 2758 805 ημῖν
2798 728 3178 805 προφητεύων,
3211 733 3307 789 καὶ
3339 731 3535 785 πενίαν

1962 816 2391 885 προαναφωνῶν,
2414 816 2509 872 καὶ
2544 817 2789 886 πτωχοὺς
2815 814 3039 886 ποιῆσαι
3073 813 3418 880 σπουδάζωνς
3452 812 3531 866 οὐ

1962 894 2114 968 [Ἧδ]
2160 902 2410 969 πτωχοὺς
2448 900 2592 970 ὑμᾶς
2632 896 2948 963 σπουδάζων
2975 898 3223 967 ποιῆσαι,
3254 895 3529 966 ἀνθρωπε,

1959 976 2130 1033 ταῦτα
2156 979 2321 1049 λέγω,
2354 981 2492 1035 ἀλλά
2518 979 2613 1036 τοῦ
2637 979 2864 1053 οὐρανοῦ
2896 979 2990 1033 τδν
3026 972 3257 1034 πλοῦτον
3285 978 3412 1047 ὑμῖν
3436 977 3533 1029 ἀν-

1958 1059 2099 1124 οῖξαι
2120 1060 2383 1117 σπεύδων.
2427 1066 2580 1119 Ἐπεὶ
2611 1065 2706 1119 καὶ
2734 1062 2870 1135 πρὸς
2898 1063 2991 1133 τδν
3014 1062 3327 1131 ὑγιαίνοντα
3360 1060 3389 1112 6
3426 1058 3534 1113 τῶν

1960 1145 2387 1217 ἀρρωστούντων
2420 1148 2766 1219 μεμνημένος
2802 1147 2898 1203 καὶ⁵
2930 1141 3032 1209 ’τὰς
3065 1144 3291 1199 ἐκείνων
3318 1140 3536 1213 διηγού-

1964 1242 2123 1297 μενος
2145 1228 2358 1297 ὀδύνας,
2376 1231 2473 1301 οὐχ
2497 1231 2584 1284 ῖνα
2609 1232 2856 1285 έπίνοσον
2878 1232 3098 1300 ποιήσῃ,
3130 1226 3298 1295 λέγει,
3317 1225 3432 1281 ἀλλ’
3447 1226 3537 1279 ῖνα

1961 1311 2056 1364 ἐπὶ
2099 1310 2200 1381 τῆς
2249 1313 2460 1382 ὑγιείας
2478 1315 2805 1387 διατηρήση,
2853 1313 2931 1384 τῷ
2966 1312 3117 1383 φόϐῳ
3156 1310 3267 1365 τῶν
3307 1309 3540 1372 ἐκεινοις

1964 1393 2371 1464 συμϐαινόντων
2396 1397 2495 1469 τὴν
2527 1397 2714 1451 τούτου
2747 1396 3021 1469 ρᾳθυμίαν
3046 1396 3352 1449 ἐκκόπτων.
3373 1390 3541 1445 σοϐε-

1965 1476 2056 1546 ρὺν
2080 1477 2209 1547 ὑμῖν
2238 1481 2272 1550 η
2307 1480 2468 1533 πενία
2498 1476 2637 1535 εἷναι
2670 1480 2837 1545 δοκεῖ,
2863 1480 2958 1533 καὶ
2997 1477 3224 1550 φρικτὸν
3250 1475 3347 1529 καὶ
3374 1472 3537 1546 μέχρι

1960 1560 2337 1629 προσηγορίας
2374 1561 2565 1634 αὐτῆς.
2608 1563 2707 1617 Διά
2741 1563 2852 1635 γὰρ
2878 1561 3040 1617 τοῦτο
3081 1560 3309 1632 πένητές
3347 1559 3535 1627 ἔσμεν,

1960 1642 2043 1694 ὃτι
2096 1642 2287 1697 πενίαν
2314 1643 2654 1716 δεδοίκαμεν,
2692 1646 2796 1701 κᾶν
2827 1647 2999 1718 μύρια
3029 1645 3240 1716 ἔχωμεν
3279 1641 3537 1699 τάλαντα.

1962 1724 2039 1777 Οὐ
2070 1724 2179 1797 γὰρ
2207 1726 2236 1788 ό
2267 1727 2434 1797 μηδὲν
2458 1728 2617 1798 ἔχων,
2650 1728 2841 1799 πένης,
2863 1730 2977 1783 ἀλλ’
3007 1730 3037 1782 6
3063 1727 3255 1781 πενίαν
3277 1725 3536 1797 φρίττων·

1962 1808 2084 1862 ἐπεὶ
2118 1810 2214 1863 καὶ
2249 1813 2307 1864 ὲν
2336 1814 2457 1875 ταῖς
2483 1815 2788 1883 συμφοραῖς
2826 1812 2888 1866 οὐ
2923 1813 3050 1875 τοὺς
3073 1813 3145 1865 τά
3183 1810 3394 1882 μεγάλα
3431 1808 3540 1863 πάι

1963 1908 2189 1963 σχοντας
2216 1893 2363 1947 κακά
2380 1894 2687 1965 δακρύομεν
2710 1897 2804 1949 καὶ
2834 1895 3051 1958 ἀθλίους
3078 1892 3380 1965 ἡγούμεθα,
3402 1890 3540 1946 ἀλλά

1962 1977 2089 2040 τοὺς
2126 1976 2231 2031 οὐκ
2255 1978 2466 2042 εἰδότας
2489 1978 2631 2032 αὐτά
2647 1979 2855 2050 φέρειν,
2881 1978 2984 2033 κᾶν
3019 1977 3197 2050 μικρά
3217 1976 3355 2047 τύχῃ
3384 1975 3538 2028 δνταο

1962 2059 2038 2123 ὠς
2067 2060 2095 2113 ὅ
2128 2078 2191 2129 γε
2229 2061 2417 2133 φέρειν
2447 2063 2602 2128 είδὼς
2634 2065 2731 2119 καὶ
2767 2064 3003 2119 ἐπαίνων
3042 2062 3188 2128 ἄξιος
3214 2063 3307 2115 καὶ⁵
3335 2059 3541 2129 στεφά-

1963 2160 2089 2197 νων,
2127 2145 2236 2197 Kal
2272 2146 2354 2199 ὅτι
2393 2146 2552 2200 τοῦτο
2582 2147 2770 2201 τοῦτον
2802 2147 2916 2218 εχει
2957 2146 3051 2200 τὸν
3079 2145 3299 2217 τρόπον,
3332 2143 3391 2195 ἐν
3426 2144 3543 2206 τοῖς

1963 2226 2137 2293 ἀγῶσι
2168 2227 2322 2291 τίνας
2352 2229 2723 2301 ἑπαινοῦμενς
2776 2232 2905 2295 τοὺς
2950 2228 3122 2283 πολλά
3173 2226 3542 2297 τυπτομένους

1963 2309 2058 2362 καὶ
2098 2310 2173 2380 μὴ
2206 2310 2526 2379 ἀλγοῦντας,
2558 2312 2675 2368 ἀλλ’
2715 2313 2919 2385 ὐψηλδν
2946 2312 3039 2366 τὸν
3061 2312 3264 2382 αὐχένα
3297 2310 3543 2381 ἔχοντας.

1961 2392 1995 2463 ἢ
2041 2393 2168 2457 τοὺς
2212 2394 2323 2447 ἀπὸ
2355 2395 2464 2448 τῶν
2494 2395 2726 2465 πρώτων
2785 2396 3084 2466 φεύγοντας
3134 2394 3390 2465 πληγῶν;
3421 2396 3545 2467 οὐχὶ

1964 2477 2206 2541 ἐκείνους
2231 2479 2329 2548 μὲν
2361 2481 2455 2533 καὶ
2478 2479 2871 2550 στεφανοῦμεν,
2900 2480 2977 2544 ὡς
3002 2478 3280 2551 ἀνδρείους
3311 2480 3405 2533 καὶ
3428 2497 3549 2549 γεν-

1964 2560 2168 2625 ναίους,
2203 2561 2426 2626 τούτους
2462 2562 2519 2616 δὲ
2553 2564 2648 2617 καὶ
2690 2564 2957 2632 γελῶμεν,
2998 2562 3075 2625 ὡς
3112 2562 3407 2634 ἀνάνδρους
3448 2563 3547 2617 καὶ

1963 2644 2199 2711 δειλούςς
2235 2645 2393 2700 Οῦτω
2422 2648 2597 2702 τοίνυν
2624 2647 2718 2701 καὶ
2758 2647 2850 2700 ἐπὶ
2876 2646 2986 2721 τῶν
3009 2644 3102 2699 τοῦ
3137 2645 3254 2715 βίου
3282 2646 3545 2717 πραγμά-

1963 2748 2072 2785 των
2098 2731 2360 2802 ποιῶμεν·
2398 2732 2490 2786 τὸν
2515 2734 2613 2803 μὲν
2642 2730 2879 2796 εὐκόλως
2907 2730 3121 2786 ᾶπαντα
3156 2730 3391 2803 φέροντα
3420 2747 3546 2785 στε-

1965 2814 2327 2885 φανώσωμεν,
2362 2816 2612 2887 καθάπερ
2649 2818 2855 2870 έκεῖνον
2890 2816 2982 2871 τὸν
3011 2817 3257 2885 γενναῖον
3289 2832 3547 2887 παγκρα-

1963 2899 2208 2969 τιαστήν·
2227 2896 2414 2952 τοῦτον
2435 2898 2491 2950 δὲ
2516 2898 2879 2969 δακρύσωμεν
2900 2899 2989 2953 τὸν
3009 2899 3282 2954 δεδοικότα
3312 2899 3406 2955 καὶ
3425 2898 3548 2970 τρέ-

1968 2998 2137 3051 μοντα
2166 2980 2235 3034 τὰ
2265 2980 2432 3046 δεινὰ,
2468 2981 2563 3034 καὶ
2596 2982 2725 3050 πρὶν
2748 2981 2782 3051 ἢ
2812 2978 3065 3047 δέξασθαι
3093 2983 3310 3054 πληγὴν
3348 2984 3550 3036 ἀποτε-

1964 3063 2200 3136 θνηκότα
2240 3063 2318 3135 τῷ
2353 3064 2481 3118 δέει.
2512 3064 2622 3118 Kal
2653 3064 2763 3135 γὰρ
2806 3065 2898 3119 ἐπὶ
2939 3064 3048 3119 τῶν
3080 3064 3307 3136 ἀγώνων
3346 3066 3402 3120 ετ
3440 3084 3545 3133 τις,

1963 3149 2093 3218 πρὶν
2117 3148 2151 3218 ἢ
2179 3151 2367 3219 χεῖρας
2393 3150 2643 3219 ἀντᾶραι,
2669 3148 2761 3202 τὸν
2780 3149 3072 3203 ἀντίπαλον
3095 3148 3221 3215 ίδὼν
3244 3149 3345 3222 τὴν
3365 3148 3547 3215 δεξιὰν

1961 3232 2205 3286 τείνοντα
2251 3232 2412 3304 μόνον
2443 3233 2735 3303 ἀποφύγοι,
2766 3233 2870 3288 κᾶν
2924 3235 3000 3305 μὴ
3050 3234 3268 3305 δέξηται
3308 3234 3545 3306 πληγὴν,

1964 3315 2370 3384 καταγέλαστος
2412 3317 2587 3382 έσται,
2621 3317 2697 3382 ὡς
2742 3318 2932 3382 ἀτονος
2960 3318 2987 3358 1³
3018 3317 3114 3371 καὶ
3166 3317 3408 3388 μαλακὸς
3449 3317 3549 3373 καὶ

1964 3398 2144 3451 πόνων
2174 3399 2397 3470 ἄπειρος
2422 3399 2675 3454 τοιούτων
2692 3418 2707 3431 ο
2727 3396 2836 3455 οἷον
2859 3403 2955 3454 καὶ
2973 3401 3065 3455 ἐπὶ
3081 3400 3288 3456 τούτων
3315 3401 3553 3473 συμϐαί-

1964 3498 2045 3534 νει
2083 3480 2193 3536 τῶν
2220 3482 2410 3536 πενίαν
2439 3484 2775 3548 δεδοικότων,
2816 3486 2909 3538 καὶ
2943 3483 3065 3539 οὐδὲ
3092 3479 3191 3555 τὴν
3219 3484 3551 3555 προσδοκίαν

1965 3565 2135 3637 αὐτῆς
2161 3568 2403 3635 ἐνεγκεῖν
2442 3568 2775 3639 δυναμένων.
2815 3569 2928 3621 Οὐκ
2956 3568 3063 3638 ἀρα
3094 3569 3255 3641 ἡμεῖς
3282 3569 3549 3641 ποιοῦμεν

1966 3649 2111 3718 ὑμᾶς
2140 3649 2377 3713 ἀθλίους,
2400 3650 2514 3704 ἀλλ’
2547 3651 2703 3720 ὑμεῖς
2728 3649 2974 3712 ἑαυτούς.
3002 3649 3125 3713 Πῶς
3144 3650 3255 3720 γὰρ
3283 3651 3345 3703 οὐ
3376 3669 3551 3706 καταο

1966 3732 2215 3800 παίξεταί
2249 3748 2343 3785 σου
2370 3733 2552 3787 λοιπὸν
2581 3735 2610 3786 6
2635 3733 2899 3796 διάϐολος,
2935 3734 3030 3787 καὶ
3062 3734 3169 3804 πρὸ
3203 3734 3302 3804 τῆς
3330 3735 3549 3807 πληγῆς

1964 3816 2064 3888 τὴν
2084 3816 2312 3888 ἀπειλὴν
2330 3816 2470 3889 δρῶν
2490 3815 2761 3869 δεδοικότα
2790 3816 2882 3870 καὶ
2902 3816 3200 3888 τρέμοντα;
3222 3817 3441 3873 Μᾶλλον
3463 3819 3547 3884 δὲ,

1964 3900 2094 3954 ὅταν
2122 3900 2351 3970 ἀπειλὴν
2378 3900 2535 3965 τοῦτο
2568 3899 2816 3972 νομίζῃς,
2845 3901 2907 3953 οὐ
2935 3900 3184 3972 δεήσεται
3214 3900 3398 3955 λοιπὸν
3422 3901 3546 3956 οὐδὲ

1967 3983 2189 4054 πλῆξαι,
2227 3983 2341 4037 ἀλλ’
2377 3984 2534 4052 ἀφεὶς
2560 3983 2705 4054 ἔχειν
2736 3984 2828 4038 τδν
2860 3985 3108 4050 πλοῦτον,
3147 3989 3216 4057 τῇ
3247 3986 3548 4059 προσδοκίᾳ

1963 4068 2066 4138 τῆς
2087 4067 2428 4138 ἀφαιρέσεως
2453 4068 2626 4138 κηροῦ
2652 4067 2851 4130 παντὸς
2881 4069 3267 4141 μαλακώτερόν
3294 4087 3354 4124 σε
3378 4072 3548 4142 ἔργά-

1968 4167 2141 4204 σεται.
2168 4149 2278 4203 Kal
2302 4148 2410 4220 γάρ
2433 4149 2777 4219 πεφύκαμεν,
2806 4149 2882 4213 ὡς
2910 4152 3106 4215 εἰπεῖν,
3136 4150 3284 4223 ἀπερ
3305 4153 3549 4207 δεδοίκα-

1970 4250 2090 4304 μεν,
2116 4234 2253 4304 μετά
2275 4234 2337 4286 τὸ
2358 4233 2550 4286 παθεῖν
2576 4232 2675 4303 οὐχ
2698 4232 2841 4286 οῦτω
2866 4233 3107 4304 νομίζειν
3141 4231 3279 4289 εῖναι
3314 4237 3544 4308 φοϐερὰ,

1965 4318 2156 4389 ὥσπερ
2192 4316 2500 4388 ἔμπροσθεν
2532 4316 2621 4369 καὶ
2646 4316 2752 4385 πρὸ
2779 4319 2879 4387 τῆς
2908 4316 3126 4388 πείρας.
3165 4320 3259 4373 'Iv'
3286 4317 3377 4375 06v
3411 4321 3548 4393 μηδὲ

1967 4399 2173 4470 ταύτην
2205 4402 2380 4472 κτήσῃ
2418 4400 2517 4469 τὴν
2547 4400 2772 4471 ἀρετὴν,
2808 4402 2867 4453 ὲν
2891 4396 3196 4472 ἀκμάζοντί
3236 4420 3297 4457 σε
3326 4406 3547 4476 κατέχει

1968 4484 2140 4554 φόϐῳ,
2172 4483 2277 4555 πρὸ
2323 4484 2426 4553 τῆς
2468 4484 2659 4555 πείρας
2708 4483 2787 4553 τῷ
2828 4484 2980 4555 φόϐῳ
3014 4486 3117 4555 τῆς
3143 4489 3332 4551 πενίας
3357 4488 3547 4560 ὥσπερ

1964 4566 2141 4637 κηρὸν
2172 4566 2304 4637 πυρὶ
2332 4569 2677 4635 κατατηκων.
2718 4565 2828 4617 Kal
2851 4566 2958 4637 γὰρ
3001 4567 3175 4635 κηροῦ
3206 4570 3407 4633 παντὸς
3441 4588 3548 4639 μα-

1967 4648 2270 4720 λακώτερος
2300 4649 2330 4701 6
2362 4646 2617 4707 τοιοῦτος,
2652 4647 2744 4698 καὶ
2774 4645 2940 4700 αὐτοῦ
2980 4646 3075 4702 τοῦ
3104 4650 3247 4703 Κάῖν
3286 4650 3549 4706 ἀθλιώτε-

1970 4750 2061 4805 ρον
2090 4732 2203 4801 βίον
2222 4730 2350 4795 ζῶν,
2380 4729 2522 4799 ὐπδρ
2552 4728 2651 4797 μὲν
2687 4721 2762 4783 ὧν
2788 4729 3099 4809 πλεονεκτεῖ
3116 4731 3388 4799 δεδοικὼς,
3406 4735 3550 4809 ὐπὶρ

1966 4816 2022 4869 δὲ
2048 4809 2124 4868 ὧν
2150 4814 2249 4866 οὐκ
2273 4813 2383 4883 ἔχει
2416 4810 2619 4881 ἀλγῶνο
2646 4814 2739 4866 καὶ
2768 4812 2911 4885 ὑπὲρ
2936 4807 3012 4867 ὧν
3044 4814 3163 4885 εχει
3192 4819 3414 4889 τρέμων
3448 4807 3553 4876 πά-

1964 4898 2069 4964 λιν,
2093 4898 2188 4953 ἀτε
2211 4896 2489 4968 δραπέτην
2515 4897 2807 4969 ἀγνώμονα
2832 4898 3078 4969 κατέχων
3100 4899 3248 4954 ἔνδον
3272 4902 3364 4957 τὸν
3385 4904 3549 4959 πλοῦ-

1960 4996 2076 5043 τον,
2120 4980 2213 5033 καὶ
2254 4979 2519 5044 ποικίλοις
2550 4980 2663 5034 τισὶ
2701 4982 2795 5035 καὶ
2832 4981 3053 5046 ἀτόποις
3090 4983 3547 5057 πολιορκούμενος

1965 5063 2185 5130 πάθεσι.
2225 5063 2336 5117 Kal
2378 5062 2485 5133 γὰρ
2528 5063 2795 5134 ἐπιθυμία
2825 5065 3026 5128 ἄτοπος
3050 5066 3146 5119 καὶ
3179 5066 3344 5135 φόϐος
3376 5068 3546 5124 πολυ-

1965 5148 2110 5219 ειδὴς
2169 5147 2265 5202 καὶ
2300 5145 2509 5214 ἀγωνία
2558 5145 2653 5199 καὶ
2701 5145 2905 5216 τρόμος
2958 5149 3294 5219 πανταχόθεν
3347 5152 3548 5218 αὐτοὺς

1965 5231 2285 5304 χειμάζουσι
2310 5245 2325 5260 ·
2377 5227 2471 5282 καὶ
2503 5228 2714 5288 ἐοίκασι
2760 5228 2930 5300 πλοίῳ
2978 5230 3243 5286 πάντοθεν
3280 5234 3548 5301 έναντίοις

1965 5317 2187 5385 ἀνέμοις
2238 5311 2601 5384 ιλαυνομένῳ,
2642 5312 2793 5385 [277]
2833 5313 2929 5368 καὶ
2978 5315 3181 5380 mnu
3223 5316 3547 5390 ὑπομένοντι

1959 5398 2063 5460 τάς
2105 5397 2423 5469 τρικυμίας.
2457 5397 2569 5452 Kal
2610 5398 2763 5469 πόσῳ
2805 5396 3015 5467 βέλτιον
3048 5398 3142 5454 τδν
3170 5401 3413 5456 τοιοῦτον
3440 5404 3549 5458 ἀπ-

1964 5481 2161 5547 ελθεῖν,
2211 5479 2245 5551 ἢ
2297 5480 2519 5553 διηνεκῆ
2576 5480 2762 5552 φέρειν
2809 5482 3087 5553 χειμῶνας
3127 5484 3252 5540 ἕπει
3304 5487 3399 5541 καὶ
3451 5487 3546 5544 τὸν
3645 5535 3649 5542 .

1964 5565 2105 5619 xm
2146 5562 2501 5636 ἀνεκτότερον
2531 5558 2601 5635 ἦν
2626 5562 2942 5634 ἀποθανεῖν,
2990 5566 3026 5640 ἢ
3076 5566 3371 5637 διαπαντὸς
3410 5571 3545 5643 τρέο

1966 5663 2111 5719 μειν.

2028 5826 2061 5871 δ
2078 5826 2200 5889 Alii.
2221 5829 2287 5886 ὡς
2317 5828 2541 5886 ἆτολωος.
2563 5838 2663 5879 non
2689 5828 2836 5881 male.

3419 365 3633 424 256‘
