4022 6214
253 473 363 532 πῖ

334 589 574 646 Pecunia
619 589 936 657 spernat“.
960 582 1138 645 -.Ne
1170 598 1301 656 ergo
1335 599 1435 640 nos
1458 598 1669 656 quoque
1710 580 1836 637 talia

252 689 543 747 patiamur,
576 674 773 733 diaboli
816 675 1092 732 machinas
1137 675 1477 747 irrideamus,
1524 675 1641 745 ejus
1682 673 1835 729 funes

250 767 582 838 frangamus,
614 767 985 840 dirumpamus
1014 768 1193 838 gravis
1221 767 1421 823 lancea
1446 766 1754 836 cuspidem,
1779 774 1837 822 et

251 874 471 915 omnem
510 859 561 915 'ei
589 859 795 915 aditum
831 859 1270 915 intercludamus.
1298 859 1355 915 Si
1395 860 1539 914 enim
1581 859 1835 931 pecunias

254 951 513 1016 irriseris,
543 964 649 1005 non
672 949 836 1007 habet
859 964 967 1022 quo
994 960 1044 1005 te
1067 951 1348 1023 percutiat,
1382 965 1487 1004 non
1515 948 1675 1005 habet
1696 950 1837 1005 unde

249 1040 619 1111 apprehendat
653 1058 668 1098 :
697 1057 821 1097 nam
862 1041 1097 1099 radicem
1138 1042 1379 1098 evulsisti
1410 1042 1674 1096 malorum
1701 1059 1716 1107 ;
1745 1057 1835 1096 ra-

248 1131 375 1188 dice
399 1147 526 1188 vero
546 1133 779 1199 sublata,
814 1148 988 1204 neque
1029 1133 1205 1188 malus
1241 1133 1583 1204 germinahit
1604 1131 1830 1187 fructus.

249 1221 382 1279 Haec
404 1236 619 1294 semper
635 1223 899 1289 dicamus,
916 1232 973 1279 et
994 1224 1153 1278 linem
1175 1223 1384 1279 dicendi
1408 1238 1513 1278 non
1539 1222 1795 1278 faciamus
1820 1241 1835 1278 :

250 1329 323 1369 an
352 1329 482 1370 vero
502 1315 746 1372 dicentes
773 1315 972 1387 aliquid
1001 1315 1363 1386 proﬁciamus,
1387 1316 1507 1372 dies
1534 1316 1625 1372 ille
1651 1327 1835 1371 osten—

251 1406 367 1471 det,
406 1403 499 1477 qui
528 1406 581 1461 in
612 1408 732 1477 igne
762 1406 1107 1472 revelabitur,
1136 1407 1227 1477 qui
1258 1406 1679 1477 uniuscujusque
1702 1422 1838 1477 opus

248 1497 576 1567 explorabit,
607 1496 700 1568 qui
742 1496 1017 1567 lampadas
1060 1497 1309 1552 ostendet
1354 1497 1599 1552 lucentes
1643 1506 1699 1552 et
1742 1511 1840 1553 eas

248 1603 371 1657 qua!
404 1587 538 1643 tales
561 1603 668 1645 non
690 1596 833 1642 sunt.
858 1587 1008 1644 Tunc
1024 1588 1338 1645 manifestus
1354 1589 1461 1644 erit
1483 1589 1528 1643 is
1544 1590 1633 1658 qui
1660 1588 1837 1643 oleum

248 1678 433 1741 habet,
465 1688 520 1736 et
548 1680 596 1734 is
624 1681 713 1750 qui
742 1692 850 1737 non
880 1679 1063 1736 habet.
1090 1670 1199 1737 sed
1237 1680 1370 1736 faxit
1396 1681 1535 1735 Deus
1563 1690 1622 1734 ut
1662 1681 1837 1735 nullus

1272 468 1340 525 IN
1376 469 1588 527 EPIST.
1630 469 1670 524 l.
1712 468 1804 522 AD
1840 466 1996 523 COR.
2041 466 2269 523 llOMlL.
2313 469 2503 527 XXXI.

1946 591 2071 637 tunc
2097 586 2399 657 reperiatur
2428 586 2518 641 tali
2548 603 2748 644 vacuus
2769 592 3179 662 consolatione;
3207 596 3301 652 sed
3330 607 3387 653 ut
3409 614 3527 655 on-

1944 686 2043 730 ues
2072 674 2272 746 largam
2294 676 2675 753 benignitatem
2706 681 2951 749 ell'erant,
2980 694 3034 739 et
3061 686 3234 741 claras
3263 687 3526 747 habentes

1944 764 2241 845 lampadas,
2283 782 2387 822 una
2416 784 2541 825 eum
2571 786 2773 840 sponso
2815 774 3036 830 intrent.
3082 776 3172 832 Illa
3210 789 3360 835 certe
3388 796 3527 839 voce

1944 857 2080 912 nihil
2107 858 2398 914 terribilius
2416 901 2434 928 ,
2466 861 2597 917 nihil
2626 864 2870 933 asperius
2894 876 2998 932 est,
3026 882 3184 937 quam
3217 878 3343 925 tunc
3363 872 3522 927 audi-

1947 950 2049 1003 turi
2075 958 2197 1003 sunt
2230 949 2286 1016 ii,
2314 952 2405 1021 qui
2430 952 2550 1025 sine
2579 954 2720 1024 larga
2742 956 3081 1029 eleemosyna
3111 958 3233 1014 hinc
3258 959 3527 1030 demigra-

1945 1047 2090 1101 runt,
2135 1038 2347 1095 dicente
2391 1056 2610 1111 sponso.
2654 1042 2846 1099 Nescio
2893 1062 2980 1101 uos
3009 1047 3029 1118 (
3053 1046 3241 1103 Matth.
3264 1052 3356 1106 15.
3386 1050 3520 1121 12).

1944 1130 2098 1183 Absit
2139 1139 2318 1185 autem
2350 1140 2409 1185 ut
2453 1132 2590 1187 hanc
2613 1134 2892 1189 audiamus
2920 1152 3128 1203 vocem,
3160 1141 3523 1197 sedsuavissi-

1945 1234 2085 1272 mani
2118 1220 2263 1274 illam
2293 1231 2346 1275 et
2386 1237 2594 1279 summe
2635 1226 2987 1296 expetendam
3022 1249 3036 1283 :
3083 1228 3527 1297 Venite,benedicti

1946 1312 2122 1368 Patris
2148 1317 2264 1382 anei,
2292 1316 2546 1395 possidete
2566 1328 2796 1387 paratum
2822 1320 2958 1373 vobis
2978 1336 3191 1392 regnum
3216 1339 3248 1375 a
3279 1325 3527 1378 constitu-

1947 1406 2080 1460 tione
2106 1407 2283 1461 nutndi
2325 1406 2486 1479 (Ibid.
2516 1426 2565 1461 ο.
2596 1410 2711 1478 54).
2744 1411 2833 1466 Sic
2859 1412 3000 1466 enim
3030 1413 3239 1468 beatam
3267 1413 3528 1473 ducemus

1947 1499 2136 1563 vitam,
2167 1508 2221 1552 et
2253 1500 2503 1553 omnibus
2541 1514 2785 1556 rruemur
2811 1502 2988 1569 bonis,
3020 1520 3139 1574 qua:
3163 1515 3395 1572 mentem
3424 1506 3528 1573 ltu-

1946 1603 2159 1643 manam
2180 1600 2534 1658 exsuperant:
2556 1606 2674 1661 (μίαν
2690 1606 2790 1647 nos
2799 1607 2988 1649 omnes
3001 1597 3213 1667 assequi
3227 1580 3522 1669 contingat,

1947 1680 2115 1751 gratia
2138 1689 2196 1737 et
2215 1682 2561 1755 benignitate,
2583 1694 2688 1741 etc.

1546 1929 1896 1994 HOMILIA
1940 1928 2189 1991 XXXI.

248 2076 380 2132 Cn.
404 2073 489 2132 li.
525 2092 579 2131 ν.
601 2077 664 2132 21
680 2116 693 2130 .
725 2075 848 2131 Non
877 2086 1038 2148 potest
1062 2086 1230 2131 autem
1253 2078 1432 2131 oculus
1459 2079 1628 2132 dicere
1643 2074 1836 2137 ntanui,

320 2165 493 2236 Opera
530 2177 618 2221 tua
662 2183 763 2222 non
804 2167 1049 2237 indigeo;
1089 2175 1178 2220 aut
1201 2167 1385 2221 iterum
1411 2176 1568 2237 caput
1599 2166 1830 2237 pedibus,

324 2255 444 2310 Non
472 2256 592 2310 estis
621 2257 743 2310 mihi
775 2257 1063 2311 necessarii.

272 2346 273 2349 “
320 2348 373 2401 1.
412 2346 699 2416 Postquam
739 2348 1003 2403 minorum
1039 2346 1290 2403 invidiam
1322 2357 1677 2419 represserat,
1710 2348 1834 2403 illo-

254 2455 479 2510 rumque
505 2421 796 2496 maerorem
827 2440 1157 2508 abstulerat,
1184 2457 1341 2512 quem
1375 2442 1689 2512 concepisse
1713 2440 1834 2496 illos

249 2532 540 2608 verisimile
566 2542 683 2588 erat
710 2548 778 2589 ex
816 2549 913 2598 eo,
956 2532 1097 2603 quod
1124 2534 1213 2588 alii
1243 2533 1535 2602 majoribus
1568 2532 1724 2588 donis
1748 2532 1833 2588 di—

249 2621 397 2693 gnati
444 2622 668 2679 fuissent
698 2666 723 2695 ,ο
744 2623 933 2678 horum
966 2623 1161 2680 fastum
1187 2625 1476 2695 deprimit,
1505 2626 1593 2695 qui
1626 2624 1831 2694 majora

247 2713 387 2767 dona
414 2722 753 2783 acceperant.
781 2716 1025 2785 Cumque
1054 2715 1157 2770 hoc
1189 2714 1438 2782 fecisset,
1473 2716 1685 2786 quando
1711 2704 1842 2778 eum

246 2805 354 2860 illis
376 2804 678 2860 disserebat
703 2804 927 2875 (dicere
954 2806 1117 2871 enim,
1163 2806 1293 2861 illud
1323 2822 1443 2863 esse
1484 2808 1681 2873 donum
1709 2822 1832 2877 gra-

248 2897 464 2963 tuitum,
484 2906 539 2951 et
562 2911 671 2951 non
694 2896 890 2951 bonum
917 2913 1076 2967 opus,
1101 2898 1203 2952 hoc
1227 2907 1414 2968 aperte
1440 2898 1830 2970 significabat):

246 2986 392 3043 nunc
413 2998 594 3042 autem
622 2987 851 3058 idipsum
876 2987 1248 3044 vehementius
1271 2989 1413 3057 facit,
1435 2990 1487 3044 in
1513 2990 1702 3045 eadem
1729 3005 1836 3045 ma-

249 3093 381 3133 nens
406 3078 665 3149 imagine:
686 3094 717 3134 a
741 3094 969 3149 corpore
993 3081 1136 3135 enim
1163 3089 1219 3136 et
1237 3081 1304 3137 ab
1332 3082 1575 3152 ejusdem
1607 3083 1831 3149 unitate,

247 3168 316 3223 ad
340 3169 507 3239 ipsam
536 3170 899 3225 membrorum
916 3173 1372 3242 comparationem
1403 3174 1670 3243 procedit:
1690 3174 1834 3254 quod

251 3258 352 3327 ipSi
392 3260 626 3319 maxime
664 3261 872 3317 discere
900 3264 1157 3331 optabant
1182 3280 1197 3329 ;
1226 3264 1351 3334 quia
1379 3264 1446 3319 ad
1492 3266 1612 3320 illos
1640 3281 1834 3322 conso-

250 3350 438 3406 landos
455 3367 559 3406 non
578 3361 760 3422 aptum
781 3362 896 3408 erat
916 3353 1063 3419 illud,
1078 3353 1217 3424 quod
1236 3370 1427 3412 omnes
1447 3372 1609 3412 unum
1636 3370 1834 3428 corpus

248 3452 468 3507 essent;
496 3457 657 3514 quam
681 3458 800 3498 cum
827 3444 1120 3512 discerent,
1145 3461 1205 3503 se
1228 3447 1280 3501 in
1321 3447 1387 3503 iis
1413 3464 1532 3520 qua!
1570 3435 1836 3513 habebant

252 3538 357 3590 non
400 3535 689 3592 admodum
744 3538 1028 3593 inferiores
1064 3554 1205 3595 esse.
1254 3540 1323 3595 Et
1365 3541 1480 3595 ait:
1511 3539 1634 3596 Non
1674 3551 1833 3612 potest

248 3640 416 3682 autem
459 3630 637 3684 oculus
679 3630 847 3686 dicere
883 3632 1078 3699 manui,
1126 3631 1294 3703 Opera
1332 3644 1421 3687 tua
1463 3650 1563 3688 non
1591 3634 1834 3706 indigeo;

248 3726 338 3773 aut
380 3722 564 3775 iterum
599 3709 757 3792 caput
797 3724 1024 3795 pedibus,
1063 3722 1185 3777 Nan
1224 3724 1343 3779 estis
1391 3725 1515 3778 mihi
1540 3727 1831 3780 necessarii.

250 3811 382 3866 Nam
411 3812 510 3867 etsi
543 3812 742 3866 donum
771 3814 841 3869 sit
871 3804 1044 3868 minus
1070 3854 1085 3877 ,
1132 3818 1188 3867 at
1226 3817 1587 3870 necessarium
1625 3824 1749 3871 est:
1780 3825 1836 3871 et

248 3906 389 3959 sicut
416 3903 619 3975 absque
647 3905 739 3960 illo
764 3907 932 3960 multa
959 3914 1085 3960 sunt
1116 3906 1493 3975 impedimenta
1518 3948 1534 3973 ,
1565 3906 1638 3962 ita
1671 3908 1833 3963 etiam

250 3996 368 4050 sine
399 3994 499 4049 hoc
531 3995 803 4065 plenitudo
831 3996 1084 4052 Ecclesia:
1113 3996 1400 4052 claudicat.
1446 3996 1630 4069 Neque
1658 3997 1829 4065 dixit,

250 4084 366 4140 Non
396 4085 560 4149 dicet,
585 4085 700 4149 sed,
730 4084 853 4140 Non
880 4097 1045 4158 potest
1064 4088 1265 4153 dicere;
1299 4088 1369 4143 ita
1396 4100 1472 4155 ut,
1504 4089 1715 4146 etiamsi
1743 4106 1836 4146 vo-

249 4178 431 4245 luerit,
472 4178 679 4233 etiamsi
710 4179 926 4245 dixerit,
980 4194 1086 4234 non
1130 4179 1322 4245 valeat,
1364 4195 1539 4251 neque
1580 4197 1667 4237 res
1714 4196 1832 4236 eam

250 4268 445 4326 habeat
483 4283 748 4326 naturain.
782 4271 907 4327 Ideo
930 4272 1038 4329 duo
1074 4280 1311 4328 extrema
1341 4288 1643 4340 assumens,
1686 4274 1739 4329 in
1770 4277 1835 4331 iis

248 4373 555 4419 sermonem
576 4372 791 4419 exercet
821 4380 833 4415 :
865 4365 1038 4433 primo
1062 4362 1277 4433 quidem
1299 4362 1369 4418 de
1390 4379 1551 4418 manu
1576 4373 1631 4421 et
1654 4365 1830 4431 oculo,

250 4452 489 4508 secundo
515 4464 695 4521 autem
736 4455 803 4510 de
829 4454 1005 4524 eapite
1030 4464 1085 4509 et
1111 4454 1246 4525 pede
1266 4496 1281 4520 ,
1309 4456 1612 4524 exemplum
1638 4458 1832 4530 ampli:

249 4545 437 4600 licans.
470 4544 609 4611 Quid
642 4548 785 4602 enim
818 4547 955 4617 pede
986 4547 1141 4602 vilius
1166 4546 1190 4601 τ
1217 4556 1308 4602 aut
1332 4548 1460 4619 quid
1490 4549 1663 4620 capite
1698 4566 1835 4620 prte-

247 4638 477 4693 stantius
519 4646 575 4691 et
613 4640 782 4708 magis
825 4641 1231 4695 necessarium?
1272 4640 1375 4695 hoc
1417 4643 1562 4697 enim
1604 4644 1833 4699 maxime

251 4728 414 4784 homo
440 4737 523 4785 est
545 4768 561 4796 ,
599 4743 790 4799 nempe
819 4738 1001 4798 caput.
1048 4729 1295 4785 Attamen
1324 4746 1428 4785 non
1456 4743 1539 4787 est
1562 4734 1661 4788 sibi
1686 4734 1834 4788 δυαδ-

246 4824 395 4874 ciens
415 4864 432 4887 ,
462 4835 634 4891 neque
658 4820 833 4873 omnia
869 4819 1124 4889 perlicere
1156 4810 1344 4889 possit.
1368 4820 1499 4875 Nam
1544 4824 1588 4877 si
1617 4822 1719 4879 hoc
1745 4840 1832 4879 es-

248 4926 352 4977 set,
383 4928 776 4983 supervacanee
816 4912 969 4967 nobis
1000 4910 1164 4984 pedes
1190 4911 1395 4981 adjecti‘
1419 4921 1619 4968 essent.
1648 4914 1830 4984 Neque

250 5012 426 5056 tamen
461 5004 545 5059 hic
572 5001 826 5069 substitit,
860 5003 951 5058 sed
988 5014 1041 5057 et
1065 5004 1221 5056 aliam
1254 5004 1444 5074 qmerit
1472 5003 1824 5076 hyperbolen,

248 5093 301 5148 id
330 5096 473 5163 quod
504 5110 717 5166 semper
746 5096 889 5163 facit,
914 5112 1018 5150 non
1042 5109 1209 5164 usque
1231 5095 1298 5149 ad
1326 5096 1682 5166 aequalitatem
1709 5113 1831 5153 con-

246 5186 512 5251 tendens,
561 5190 654 5242 sed
698 5192 858 5244 etiam
907 5189 1129 5243 ulterius
1178 5188 1544 5257 progrediens.
1598 5188 1830 5261 Ideoque

246 5277 518 5348 subjunglt
544 5277 728 5335 dicens
758 5297 771 5333 :
816 5279 907 5334 22.
938 5280 1043 5335 Sed
1069 5279 1226 5334 multo
1262 5279 1423 5349 magis
1457 5262 1831 5349 qua'videntitr

246 5371 475 5427 membra
504 5370 731 5437 corporis
752 5370 995 5439 inferiora
1024 5388 1150 5439 esse,
1182 5369 1525 5431 necessariam
1549 5382 1667 5425 sunt
1689 5388 1708 5426 :
1733 5371 1827 5428 23.

244 5473 293 5516 et
332 5476 447 5533 qua
472 5469 703 5530 putamus
731 5460 1037 5529 ignobiliora
1074 5478 1180 5517 esse
1220 5459 1439 5515 membra
1476 5464 1705 5531 corporis
1724 5505 1739 5529 ,
1766 5464 1830 5519 iis

247 5554 491 5607 honorem
519 5550 939 5606 abundantiorem
963 5552 1337 5606 circumdamus
1362 5568 1380 5605 :
1410 5562 1453 5605 et
1482 5566 1595 5619 qua:
1612 5552 1827 5606 inhone-

246 5648 407 5698 stiora
435 5654 549 5699 sunt
590 5653 792 5708 nostra,
822 5641 1239 5697 abundantiorem
1273 5646 1577 5697 honestatem
1605 5642 1828 5712 habent;

250 5736 447 5806 ubique
474 5737 832 5790 accessiOnem
862 5734 1101 5803 corporis
1145 5748 1382 5803 ponens,
1415 5743 1469 5789 et
1494 5732 1593 5786 hac
1624 5733 1829 5789 ratione

251 5826 397 5882 illum
430 5827 963 5896 quoqttenonsulaus
1008 5835 1060 5879 et
1100 5824 1239 5879 hunc
1276 5825 1658 5894 comprimens.
1708 5819 1828 5880 Non

1946 2072 2089 2127 enim
2118 2073 2225 2130 hoc
2249 2074 2391 2140 dico,
2424 2076 2635 2145 inquit,
2665 2076 2807 2147 quod
2840 2080 3041 2150 majora
3068 2080 3367 2139 minoribus
3392 2098 3530 2154 opus

1941 2162 2208 2232 habeant,
2253 2166 2348 2221 sed
2378 2168 2537 2223 etiam
2574 2170 2719 2239 quod
2747 2172 2971 2227 multum
2998 2188 3133 2245 opus
3170 2174 3423 2231 habeant.
3470 2177 3526 2232 Si

1938 2255 2067 2325 quid
2093 2257 2238 2311 enim
2268 2257 2537 2313 inlirmnm
2562 2260 2615 2313 in
2638 2260 2794 2315 nobis
2815 2270 2917 2327 est,
2945 2264 2989 2318 si
3010 2264 3136 2335 quid
3163 2266 3524 2333 inhonestum,

1940 2346 2043 2402 hoc
2065 2357 2122 2403 et
2145 2350 2509 2405 necessarium
2539 2359 2643 2416 est,
2672 2361 2727 2406 et
2754 2351 2941 2423 majori
2973 2354 3168 2411 fruitur
3198 2356 3420 2414 honore.
3450 2360 3528 2415 Ac

1937 2446 2086 2494 recte
2110 2438 2284 2507 dixit,
2319 2440 2447 2506 Qua
2485 2440 2737 2507 videntur,
2767 2450 2854 2506 et,
2887 2442 3016 2510 Qua
3039 2455 3317 2514 putantes;
3346 2453 3528 2503 osten-

1938 2526 2073 2585 dens
2102 2545 2208 2583 non
2236 2544 2301 2585 ex
2334 2537 2521 2584 natura
2552 2545 2754 2598 rerum,
2787 2530 2881 2587 sed
2908 2547 2973 2588 ex
3003 2534 3293 2591 multorum
3320 2537 3530 2593 calculo

1937 2622 2261 2677 sententiam
2287 2622 2429 2677 ferri.
2460 2622 2600 2677 Nihil
2624 2624 2674 2678 in
2701 2623 2855 2679 nobis
2876 2624 3107 2696 ignobile
3133 2626 3275 2683 :.Dei
3298 2644 3530 2700 namque

1938 2726 2077 2781 opus
2101 2721 2206 2769 est.
2237 2712 2374 2781 Quid
2405 2715 2546 2769 enim
2575 2715 2813 2783 partibus
2842 2716 3162 2787 genitalibus
3186 2718 3240 2773 in
3268 2718 3422 2774 nobis
3450 2720 3530 2775 vi-

1937 2794 2096 2859 detur
2125 2806 2461 2861 iuhonestius
2482 2806 2643 2861 esse?
2666 2809 2916 2863 Attamen
2942 2790 3201 2879 majorem,
3225 2825 3527 2882 assequun-

1938 2902 2025 2950 tur
2046 2894 2303 2950 honorem
2334 2915 2349 2952 :
2378 2906 2433 2952 et
2452 2897 2541 2968 qui
2563 2898 2850 2953 admodum
2874 2884 3136 2971 pauperes
3154 2913 3299 2970 sunt,
3316 2904 3528 2960 etiamsi

1937 2986 2200 3057 reliquum
2215 3002 2411 3058 corpus
2432 2987 2631 3043 nudum
2656 2987 2910 3052 habeant,
2942 2980 3230 3060 numquam
3259 2994 3529 3064 patiantur

1939 3078 2102 3135 hasce
2132 3090 2310 3150 partes
2338 3080 2510 3135 nudas
2532 3066 2837 3136 osiendere.
2863 3083 3024 3153 Atqui
3047 3098 3153 3138 non
3182 3092 3265 3141 est
3286 3085 3374 3142 hic
3394 3089 3530 3143 ordo

1939 3171 2347 3228 lnhonestorum
2374 3212 2391 3239 ,
2441 3172 2538 3228 sed
2586 3170 2751 3244 magis
2789 3182 3059 3241 oporteret
3105 3175 3335 3248 despici,
3367 3192 3528 3250 quam

1938 3262 2063 3317 alia.
2100 3262 2309 3318 Etenim
2340 3262 2485 3318 domi
2517 3278 2705 3319 servus
2731 3265 2817 3334 qui
2849 3274 2931 3342 est
2962 3265 3246 3336 ignominia
3277 3254 3524 3337 illectus,

1938 3369 2045 3411 non
2077 3353 2240 3410 modo
2271 3370 2377 3420 non
2406 3354 2601 3410 fruitur
2629 3350 2815 3425 majori
2842 3370 2971 3411 cura
2991 3398 3007 3421 ,
3039 3356 3133 3411 sed
3165 3372 3263 3414 nec
3291 3342 3481 3415 iisdem
3506 3401 3526 3429 ,

1938 3446 2093 3518 queis
2116 3448 2225 3511 alii,
2258 3446 2451 3517 dignus
2472 3457 2737 3503 censetur.
2768 3447 2951 3518 ltaque
2978 3449 3023 3503 si
3055 3448 3155 3504 hoc
3184 3442 3528 3517 inhonestum
3576 3512 3585 3516 ,

1938 3546 2079 3593 esset
2101 3579 2115 3604 ,
2148 3552 2255 3592 non
2287 3537 2446 3593 modo
2476 3538 2775 3607 majoribus.
2804 3538 2912 3593 frui
2959 3554 3065 3609 non
3093 3543 3541 3611 Oporteret,.sed,

1938 3643 2114 3701 neque
2143 3628 2333 3685 iisdem
2365 3646 2379 3683 :
2408 3645 2555 3693 nunc
2582 3638 2761 3685 autem
2787 3628 2977 3701 majori
3006 3632 3252 3688 fruuntur
3279 3632 3528 3699 honore,

1937 3730 1993 3775 et
2036 3722 2137 3775 hoc
2165 3719 2258 3775 Dei
2286 3720 2564 3790 sapientia:
2604 3735 2741 3791 opus
2768 3730 2871 3775 est.
2916 3720 3048 3791 Nam
3076 3720 3183 3795 illis
3210 3716 3434 3791 quidem.
3469 3730 3527 3787 in

1940 3820 2128 3865 natura
2152 3809 2301 3865 dedit
2327 3818 2385 3865 ut
2414 3813 2518 3865 non
2545 3818 2796 3880 egerent;
2830 3809 2914 3864 his
2939 3818 3117 3864 autem
3144 3850 3160 3875 ,
3191 3813 3442 3881 quoniam
3470 3812 3525 3870 in

1939 3908 2129 3956 natura
2161 3916 2265 3956 non
2305 3901 2484 3968 dedit,
2534 3910 2593 3955 ut
2638 3914 2738 3955 nos
2788 3900 3150 3970 pratberemus
3191 3903 3385 3972 coegit.
3415 3905 3525 3960 Sed

1939 4006 2045 4047 non
2075 4002 2356 4064 propterea
2386 3992 2667 4047 inhoneSta
2690 3999 2854 4046 sunt:
2882 3990 3315 4062 quandoquidem
3334 4003 3389 4049 et
3410 3993 3526 4048 ani-

1939 4083 2099 4137 malia
2121 4097 2187 4137 ex
2220 4090 2410 4138 natura
2437 4097 2532 4137 sua
2558 4082 2699 4137 nulla
2726 4097 2785 4137 re
2805 4091 2979 4151 egent,
3004 4096 3113 4136 non
3134 4082 3390 4153 vestibus,
3413 4100 3521 4143 non

1938 4174 2169 4242 calceis,
2218 4190 2317 4230 nec
2363 4182 2539 4242 tecto,
2588 4174 2811 4245 plurima
2846 4174 3072 4240 saltem;
3118 4176 3211 4230 sed
3244 4193 3349 4233 non
3402 4178 3522 4235 ideo

1936 4273 2133 4334 corpus
2162 4276 2402 4321 nostrum
2433 4276 2515 4322 est
2540 4267 2747 4321 illorum
2773 4280 3000 4335 corpore
3036 4264 3325 4337 ignobilius
3346 4310 3361 4334 ,
3395 4271 3525 4341 quia

1937 4356 2023 4413 his
2051 4356 2300 4412 omnibus
2332 4357 2550 4429 indiget.
2577 4357 2715 4413 Nam
2743 4358 2787 4411 si
2819 4359 2938 4427 quis
2971 4365 3219 4425 accurate
3244 4362 3523 4415 examina-

1938 4450 2098 4516 verit,
2129 4451 2243 4523 ipsa
2271 4452 2431 4506 etiam
2460 4460 2647 4505 natura
2676 4458 2801 4505 sunt
2843 4450 3063 4505 honesta
3090 4458 3145 4504 et
3174 4438 3475 4507 necessaria
3506 4471 3521 4509 :

1939 4543 2079 4615 quod
2108 4545 2268 4599 etiam
2301 4544 2414 4613 ipse
2436 4542 2813 4609 subiudicavit,
2847 4557 2949 4596 non
2979 4555 3007 4593 a
3034 4556 3161 4595 cura
3190 4553 3393 4608 nostra,
3423 4558 3527 4602 nec

1937 4635 2079 4705 quod
2119 4635 2307 4705 majori
2348 4632 2591 4689 fruantur
2622 4634 2863 4697 honore;
2895 4630 2989 4686 sed
3018 4647 3086 4687 ex
3127 4642 3311 4689 natura
3339 4616 3521 4691 reriun

1938 4728 2070 4799 ipsis
2099 4727 2362 4783 calculum
2395 4725 2597 4781 ferens.
2631 4723 2858 4789 idcirco,
2904 4738 3023 4779 cum
3052 4723 3258 4779 inﬁrma
3297 4726 3428 4782 dicit
3470 4739 3521 4785 et

1937 4818 2242 4883 inhonesta,
2279 4818 2406 4883 οωε
2448 4818 2694 4879 ι’ῑέπξκῖε
2730 4815 2943 4885 adjicit;
2975 4831 3095 4871 cum
3124 4825 3300 4871 autent
3332 4834 3523 4873 neces-

1934 4911 2077 4964 saria
2101 4909 2251 4974 dicit,
2285 4923 2392 4963 non
2424 4909 2559 4963 ultra
2591 4907 2795 4977 adjicit,
2823 4909 2950 4976 Quae
2976 4906 3255 4974 videntur;
3286 4909 3379 4964 sed
3409 4910 3524 4980 ipse

1934 5001 2255 5059 sententiam
2298 5001 2397 5057 fert
2428 5002 2613 5058 dicens
2638 5016 2761 5057 esse
2800 5000 3140 5065 necessaria;
3172 5000 3369 5070 etjure
3406 5005 3523 5073 qui-

1935 5088 2079 5151 dem”.
2111 5094 2245 5149 Nam
2272 5094 2337 5149 ad
2364 5094 2654 5151 liberorum
2687 5090 3113 5161 procreationem
3140 5099 3194 5146 et
3213 5090 3278 5146 ad
3307 5106 3523 5147 succes-

1933 5188 2139 5242 sionem
2178 5186 2388 5256 generis
2418 5182 2585 5236 nostri
2623 5180 2769 5235 utilia
2801 5190 2943 5236 sunt.
2975 5178 3332 5249 Quamobrem
3358 5192 3412 5236 et
3442 5183 3519 5238 le-

1934 5278 2216 5349 gislatures
2245 5274 2609 5328 Romanorum
2642 5286 2767 5335 eos,
2798 5275 2889 5341 qui
2934 5272 3048 5327 hac
3094 5270 3331 5327 membra
3374 5274 3519 5328 esci-

1932 5368 2067 5421 dunt
2092 5376 2146 5421 et
2174 5362 2450 5419 eunuchos
2478 5362 2697 5431 iaciunt,
2726 5364 2956 5434 puniunt
2975 5404 2989 5428 ,
3019 5368 3078 5416 ut
3108 5361 3198 5433 qui
3236 5378 3521 5419 commune

1933 5471 2102 5528 genus
2132 5455 2432 5526 perimant,
2473 5454 2683 5525 ipsique
2728 5461 2930 5507 natura:
2969 5451 3223 5508 damnum
3264 5438 3517 5511 inferant.

1932 5547 2035 5602 Sed
2060 5554 2279 5615 pereant
2298 5544 2573 5615 impudici,
2588 5544 2679 5614 qui
2702 5540 2794 5599 Dei
2812 5556 2973 5612 opera
3000 5544 3053 5598 in
3070 5543 3278 5613 culpam
3297 5555 3515 5600 vocant.

1938 5638 2085 5694 Sicut
2111 5636 2253 5691 enim
2282 5636 2405 5691 vino
2431 5636 2580 5690 multi
2621 5633 2691 5689 ob
2737 5634 3059 5689 temulentos
3100 5631 3511 5701 maledixerum,

1936 5730 2012 5784 sic
2037 5736 2093 5783 et
2109 5728 2261 5783 sexui
2284 5728 2566 5784 mulierum
2582 5731 2586 5737 '
2605 5726 2674 5781 ob
2713 5723 2975 5781 adulteria
3000 5742 3013 5779 :
3040 5724 3116 5779 sic
3135 5720 3252 5776 hac
3280 5724 3514 5781 membra

1934 5819 2107 5891 turpia
2132 5820 2253 5878 ease
2295 5826 2583 5892 putarunt,
2628 5816 2699 5875 ob
2728 5818 2927 5875 malum
2953 5818 3308 5891 quorumdam
3336 5830 3514 5873 usum.
