4022 6214
256 428 353 483 2m
1291 411 1355 465 IN
1395 408 1612 466 EPIST.
1657 407 1674 462 Ι
1741 405 1830 462 ΑΒ

1949 405 2026 459 ιιι.
2069 404 2295 461 Ηοιιιιι.
2349 404 2539 461 XXXI.

257 550 403 590 enim
430 540 510 598 tu,
535 525 658 602 quia
683 526 852 600 major
876 542 956 590 es.
984 542 1179 597 corpus
1205 524 1486 580 constituis
1512 541 1525 576 :
1555 523 1622 576 ita
1648 528 1706 575 et
1725 519 1830 584 hic,

255 622 381 695 quia
405 626 598 679 minor.
631 620 815 691 Itaque
839 621 1104 691 pusillitas
1133 619 1271 687 ejus,
1304 633 1426 671 cum
1454 630 1647 684 eoi-pus
1673 613 1840 666 rediti-

255 729 383 768 care
411 721 665 780 oportet,
719 727 813 779 par
831 710 924 764 tibi
957 710 1162 764 honore
1201 708 1258 761 ﬁt
1294 707 1360 760 ad
1401 706 1536 758 bane
1565 702 1840 773 pulchram

253 802 668 865 collectionem;
702 801 931 870 idipsum
955 799 1094 854 enim
1128 807 1301 868 potest
1326 796 1466 866 quod
1494 807 1587 849 tu:
1620 795 1669 847 id
1699 792 1840 863 quod

254 893 379 947 inde
404 893 575 961 palam
595 903 694 947 est.
713 893 824 947 Non
842 894 906 945 sit
923 892 1006 946 vel
1028 892 1198 944 minus
1221 888 1304 942 vel
1327 888 1496 956 majus
1518 887 1839 948 membrum.

256 999 309 1035 nt
330 997 359 1035 c
388 982 673 1036 honestum
708 993 758 1036 et
789 984 961 1035 minus
1006 982 1287 1033 honestum
1317 1019 1332 1040 ,
1359 977 1453 1033 Sed
1501 978 1606 1030 sint
1663 977 1840 1029 omnia

255 1074 447 1126 oculus
472 1116 486 1136 ,
520 1082 610 1126 aut
639 1074 816 1126 omnia
845 1081 1007 1140 caput
1037 1085 1048 1118 :
1104 1083 1283 1122 annon
1319 1068 1512 1136 peribit
1540 1080 1736 1134 eorpus
1779 1065 1842 1118 il-

254 1164 404 1219 lud?
453 1165 505 1218 Id
555 1166 727 1220 cuivis
777 1161 1115 1217 manifestmu
1175 1169 1275 1213 est.
1334 1158 1541 1212 Rursus
1572 1157 1616 1209 si
1663 1157 1840 1210 otnnia

255 1261 366 1313 sint
389 1260 614 1323 minora,
636 1259 862 1328 idipsum
882 1254 1110 1310 eveniet.
1138 1253 1318 1321 Itaque
1347 1252 1396 1306 in
1420 1251 1523 1305 hoc
1548 1250 1707 1304 etiam
1733 1250 1802 1301 mi
1819 1277 1837 1286 -

258 1366 388 1402 hora
422 1347 820 1418 suntmqualia.
849 1346 900 1399 Si
935 1359 1060 1398 vero
1082 1352 1327 1411 oporteat
1355 1343 1479 1412 quid
1503 1341 1732 1409 amplius
1759 1339 1841 1392 tli—

255 1457 402 1505 cere,
430 1450 487 1494 ut
513 1449 722 1494 maneat
752 1452 967 1505 eurpus,
1000 1436 1174 1488 minor
1201 1444 1286 1489 est
1314 1437 1359 1488 is
1386 1435 1472 1504 qui
1501 1435 1678 1486 minor
1700 1449 1711 1484 :
1735 1431 1840 1484 ita-

257 1548 364 1601 que
397 1543 615 1601 propter
647 1540 696 1583 te
727 1530 901 1582 minor
921 1537 1022 1590 est,
1045 1540 1095 1578 ιιι
1125 1536 1175 1579 ιιι
1202 1541 1426 1593 magnus
1453 1539 1687 1578 maneas.
1721 1522 1844 1575 Ideo

257 1623 503 1677 eamdem
558 1621 722 1689 exigit
757 1619 826 1671 ab
875 1618 1129 1670 omnibus
1180 1616 1600 1684 providentiam;
1628 1623 1682 1668 et
1720 1629 1840 1666 cum

255 1715 518 1774 dixisset,
575 1710 642 1764 Ut
697 1711 759 1762 de
801 1710 972 1762 eodem
994 1725 1086 1779 pro
1116 1725 1168 1761 se
1207 1709 1419 1760 invicem
1475 1705 1694 1757 sollicita
1743 1705 1843 1756 sint

256 1804 502 1868 nicnibra,
532 1804 633 1855 hoc
658 1816 844 1854 rursus
870 1802 1253 1868 interpretatur
1275 1799 1460 1851 dicens
1488 1814 1498 1847 :
1529 1794 1617 1848 26.
1649 1793 1717 1847 Et
1741 1797 1841 1846 sive

253 1895 378 1966 quid
425 1895 618 1964 patitur
673 1911 826 1946 unum
881 1892 1199 1956 membrum,
1243 1891 1624 1960 compatiuntur
1674 1888 1843 1939 omnia

254 1987 478 2039 nteinbra
506 2002 524 2040 :
555 1988 657 2039 sive
694 1986 942 2057 gloriatur
972 2000 1129 2037 unum
1177 1981 1475 2045 membrum,
1525 1978 1842 2047 congaudent

253 2079 427 2130 omnia
476 2077 717 2131 membra.
781 2075 906 2130 Ideo
958 2075 1140 2139 enim,
1199 2073 1408 2143 inquit,
1457 2070 1840 2139 providentiam

252 2183 598 2222 communem
632 2166 779 2230 fecit,
807 2167 857 2218 in
887 2174 1029 2218 tanta
1061 2163 1361 2217 differentia
1413 2161 1667 2213 unitatem
1708 2176 1839 2212 eon-

251 2261 501 2318 stitueus.
531 2267 584 2310 ut
607 2273 792 2310 eormn
818 2257 978 2309 etiam
1006 2271 1124 2323 qtne
1145 2255 1460 2321 contingunt
1481 2268 1668 2322 magna
1700 2262 1840 2305 esset

250 2351 583 2408 communio.
610 2349 742 2404 Nam
774 2350 816 2403 si
849 2365 968 2419 qua:
995 2349 1197 2416 geritur
1230 2363 1354 2415 erga
1387 2345 1690 2415 proximum
1723 2359 1840 2410 pro-

249 2443 512 2508 videntia,
541 2443 843 2496 communis
871 2452 952 2496 est
981 2443 1147 2503 salus,
1181 2455 1399 2492 necesse
1427 2447 1510 2492 est
1535 2447 1583 2490 et
1614 2435 1837 2506 gloriam

251 2549 309 2592 et
339 2552 626 2593 maerorem
659 2552 998 2590 communem
1022 2549 1164 2590 esse.
1207 2533 1328 2587 'l‘ria
1364 2533 1524 2603 igitur
1547 2533 1633 2585 hic
1653 2529 1835 2599 requi-

255 2629 347 2692 rit,
381 2645 486 2681 non
517 2627 769 2691 discindi,
801 2626 894 2681 sed
923 2635 1173 2679 accurate
1194 2626 1411 2693 junctus
1460 2637 1580 2676 esse
1610 2637 1623 2686 ;
1661 2621 1841 2689 previ-

247 2719 486 2773 dentiam
517 2727 752 2772 mutuam
779 2719 1026 2772 similiter
1047 2719 1178 2786 geri;
1196 2733 1256 2768 ea
1282 2733 1397 2784 quae
1416 2714 1662 2768 accidunt
1688 2728 1840 2767 com-

251 2809 435 2864 munia
497 2809 754 2877 reputari.
806 2808 869 2860 Et
924 2810 1167 2874 superius
1221 2807 1432 2874 quidem
1488 2805 1646 2869 dicit,
1691 2803 1838 2880 quod

249 2900 703 2953 abundantiorem
758 2898 964 2953 dederit
1015 2899 1273 2951 honorem
1306 2900 1351 2950 ei
1401 2897 1481 2948 (‘ui
1528 2896 1719 2958 deest,
1772 2910 1840 2948 eo

247 2990 390 3059 quod
424 3000 573 3060 egeat
601 3007 614 3055 ;
649 2991 958 3052 ostendens,
984 2989 1122 3060 quod
1163 2989 1404 3041 defectus
1434 2989 1546 3057 ipse
1580 2987 1838 3056 majorem

247 3082 504 3134 conciliet
529 3081 822 3134 honorem:
860 3081 943 3133 hic
972 3090 1148 3133 autem
1196 3081 1311 3132 illus
1358 3089 1602 3147 eamquat
1649 3093 1840 3132 secun—

246 3172 372 3226 dum
405 3172 546 3242 quod
579 3172 666 3224 alit
688 3171 910 3224 aliormn
943 3180 1182 3224 mutuam
1219 3168 1607 3237 providentiam
1648 3185 1835 3236 gerere

247 3265 468 3318 debent.
520 3263 644 3317 Ideo
689 3279 920 3333 namque
968 3264 1170 3317 curavit
1207 3272 1260 3314 ut
1295 3260 1483 3330 majori
1536 3262 1839 3314 fruerentur

249 3355 475 3416 honore.
530 3357 733 3426 inquit,
782 3366 834 3410 ut
876 3373 940 3409 ne
981 3356 1172 3408 minori
1230 3369 1357 3408 cura
1413 3364 1466 3408 et
1506 3355 1836 3424 providentia

249 3447 515 3502 fruantur.
549 3448 660 3501 Non
687 3448 810 3502 hinc
842 3461 1020 3501 autem
1051 3449 1246 3512 solum,
1286 3448 1376 3500 sed
1409 3447 1567 3501 etiam
1598 3464 1658 3500 ex
1685 3447 1836 3501 bouis

247 3553 301 3592 et
335 3541 580 3593 tristibus
610 3557 728 3610 qua:
759 3541 1029 3601 accidunt,
1079 3541 1318 3594 membra
1364 3540 1702 3606 colligantur.
1742 3540 1834 3593 Et-

247 3635 387 3685 enim
421 3633 613 3702 planta!
645 3634 793 3702 pedis
843 3648 986 3703 Stepe
1015 3634 1173 3687 infixa
1200 3634 1372 3700 Spina,
1419 3641 1591 3685 totum
1641 3647 1835 3701 corpus

248 3740 408 3777 sensu
427 3737 476 3778 et
497 3726 850 3779 Sollicitudiue
880 3725 1133 3789 afficitur,
1160 3734 1216 3778 et
1237 3724 1456 3777 dorsum
1481 3724 1716 3777 flectitur
1741 3764 1756 3788 ,
1783 3733 1836 3776 et

247 3828 431 3868 venter
454 3827 504 3868 et
527 3815 729 3869 femora
776 3818 1206 3884 comprimuntur
1228 3855 1242 3879 ,
1269 3825 1320 3868 et
1345 3829 1533 3867 manus
1567 3824 1833 3882 tamquam

245 3908 504 3961 satellites
532 3917 586 3961 et
617 3907 846 3960 ministri
901 3908 1270 3974 procedentes,
1323 3905 1466 3974 quod
1499 3907 1718 3959 inﬁxum
1750 3917 1835 3962 est

246 4001 556 4064 extrahant,
582 4008 634 4054 et
657 4008 815 4068 caput
844 3999 1132 4053 inclinatur
1158 4040 1172 4062 ,
1203 3998 1451 4066 oculique
1481 4013 1600 4050 cum
1626 4014 1751 4051 cura
1784 4011 1836 4052 et

246 4093 611 4147 sollicitudine
649 4109 836 4163 magna
896 4092 1212 4161 respiciunt.
1275 4092 1345 4145 Ita
1393 4101 1449 4144 ut
1494 4093 1703 4145 etiamsi
1744 4109 1835 4161 pes

246 4185 422 4235 minus
465 4182 688 4248 habeat,
720 4184 860 4252 quod
892 4201 995 4236 non
1028 4185 1194 4251 possit
1215 4184 1549 4245 ascendere;
1600 4191 1832 4234 attamen

246 4273 384 4340 quod
419 4285 576 4340 caput
610 4274 915 4337 deduxerit,
951 4291 1044 4341 par
1073 4275 1170 4342 ipsi
1203 4283 1304 4337 est,
1339 4284 1390 4326 et
1423 4274 1610 4325 eodem
1641 4272 1834 4323 fruitur

247 4365 453 4417 honore
487 4381 501 4426 ;
535 4363 766 4416 maxime
789 4379 918 4418 vero
952 4364 1089 4432 quod
1127 4363 1290 4431 pedes
1339 4362 1606 4416 deducant
1661 4364 1830 4429 ipsum

246 4472 354 4510 non
386 4472 480 4524 per
509 4456 756 4525 gratiam,
781 4455 873 4510 sed
905 4471 997 4524 per
1036 4455 1299 4509 debitum.
1347 4456 1552 4524 Itaque,
1600 4456 1641 4507 si
1693 4455 1833 4524 quod

247 4549 562 4602 honoratius
592 4548 656 4603 sit
690 4559 928 4618 superet,
954 4564 1017 4602 ex
1049 4565 1112 4603 eo
1140 4547 1279 4618 quod
1301 4548 1405 4601 tale
1435 4563 1554 4602 cum
1581 4549 1670 4613 sit,
1697 4548 1833 4602 infe-

247 4642 376 4695 tiori
401 4641 596 4695 debeat
628 4642 886 4696 honorem
908 4651 961 4694 et
985 4641 1429 4698 Snllieiludinent,
1463 4649 1517 4691 et
1546 4641 1685 4707 quod
1715 4655 1831 4693 cum

245 4735 363 4794 ipso
385 4732 590 4796 doleat,
625 4732 751 4786 hinc
801 4732 1155 4800 a-qualitatem
1186 4730 1404 4782 multam
1433 4730 1638 4798 probat.
1696 4728 1833 4796 Quid

245 4826 389 4876 enim
419 4829 501 4874 est
525 4823 704 4889 planta
738 4825 889 4892 pedis
909 4824 1105 4876 vilius?
1138 4821 1262 4890 quid
1295 4820 1467 4887 capite
1497 4821 1784 4887 pretiosius
1815 4821 1837 4873 7

244 4921 350 4972 Sed
381 4920 483 4973 hoc
515 4918 660 4971 vadit
690 4920 752 4972 ad
789 4920 916 4973 illud
977 4919 1276 4973 membrum
1305 4959 1317 4982 ,
1346 4927 1398 4970 et
1430 4916 1606 4969 omnia
1654 4931 1834 4971 secum

241 5023 572 5069 commovet.
619 5012 848 5066 Rursum
881 5013 924 5062 si
959 5013 1098 5064 oenli
1143 5011 1267 5079 quid
1317 5012 1586 5079 patiantur
1612 5051 1624 5070 ,
1657 5012 1837 5065 omnia

241 5111 451 5174 dolent,
476 5117 531 5162 et
559 5104 736 5160 omnia
769 5105 820 5157 in
853 5104 964 5157 otio
1009 5116 1133 5157 sunt
1162 5119 1177 5165 ;
1211 5115 1263 5156 et
1301 5120 1474 5174 neque
1508 5101 1671 5172 pedes
1719 5121 1839 5172 gra-

241 5202 488 5266 diuntur,
525 5215 699 5271 neque
731 5213 922 5253 manus
948 5206 1264 5266 operantur,
1298 5213 1470 5266 neque
1499 5203 1688 5250 venter
1709 5197 1841 5250 soli-

242 5297 314 5351 tis
341 5293 505 5349 rebus
533 5294 724 5349 fruitur
756 5313 766 5348 :
799 5296 941 5363 atqui
967 5294 1248 5348 inﬁrmitas
1272 5303 1354 5347 est
1376 5293 1674 5347 oculorum.
1736 5294 1842 5346 Cur

243 5394 491 5440 ventrem
523 5385 801 5453 liquefacis
823 5387 958 5442 ?Cur
991 5385 1150 5454 pedes
1173 5383 1372 5438 retines
1390 5385 1413 5437 ?
1429 5383 1536 5438 cur
1561 5399 1748 5437 manus
1771 5383 1838 5437 li-

244 5478 389 5551 gas?
442 5476 709 5547 Quoniam
764 5479 870 5533 illis
898 5495 958 5534 es
980 5479 1246 5549 alligatus,
1277 5487 1333 5531 et
1377 5478 1631 5534 ineffabili
1679 5478 1838 5532 modo

245 5586 444 5640 corpus
471 5578 638 5626 totum
663 5570 880 5639 patitur.
928 5570 1041 5624 Nisi
1082 5572 1223 5624 enim
1269 5580 1686 5640 compateretur,
1731 5585 1838 5624 non

249 5659 594 5717 sustinuisset
637 5674 759 5716 esse
788 5659 992 5714 sociqu
1037 5676 1180 5716 curre
1210 5670 1263 5719 et
1292 5661 1664 5731 providentiae.
1713 5658 1838 5715 Ideo

251 5766 374 5807 cum
425 5751 681 5816 dixisset,
739 5749 807 5807 Ut
851 5749 904 5804 in
929 5751 1152 5816 idipsum
1182 5767 1272 5823 pro
1298 5769 1351 5806 se
1376 5752 1585 5807 invicem
1617 5751 1837 5805 sollicita

251 5845 349 5898 sint
379 5843 618 5903 ιιιρηιὸντι,
649 5842 959 5911 subiunxit:
992 5841 1111 5897 Sive
1136 5845 1327 5911 patitur
1344 5861 1498 5901 unum
1531 5842 1826 5912 membrum,

599 5945 869 6004 ΡΑτιιοι.
921 5947 1034 6006 Gtt.
1089 5945 1246 6009 LXI.

3436 412 3545 466 9.62

1950 519 2325 590 compatiuntur
2367 520 2538 575 omnia
2585 522 2808 576 membra
2832 539 2852 576 :
2875 526 2978 577 sive
3021 522 3232 594 ςιονὶβιι
3282 543 3341 577 :ir
3390 542 3542 578 unum

1953 609 2234 663 membrum
2257 651 2272 676 ,
2319 609 2641 679 congaudent
2679 613 2850 665 omnia
2878 613 3123 667 membra.
3160 614 3223 668 Et
3273 615 3544 683 quomodo

1950 699 2310 772 congaudent,
2345 692 2598 772 inquies?
2627 702 2930 759 Coronatur
2974 715 3156 773 caput,
3187 717 3241 760 et
3272 719 3415 761 totus
3447 708 3545 763 bo-

1953 806 2042 846 mo
2094 791 2428 860 gloriﬁcatur
2455 811 2468 846 :
2499 809 2823 863 quamquam
2847 811 2908 848 os
2932 795 3082 857 dicit.
3116 808 3170 851 et
3197 797 3374 852 rident
3401 799 3545 854 oculi

1948 893 2005 936 et
2029 883 2314 939 lartautur:
2350 901 2456 940 non
2485 897 2568 941 est
2593 888 2870 942 oculorum
2908 890 3289 959 pulchritudo,
3323 893 3417 946 sed
3444 894 3545 947 liu—

1948 989 2066 1044 gua:
2095 974 2364 1031 facundia.
2400 979 2604 1034 Rursus
2630 1020 2644 1043 ,
2678 981 2724 1034 si
2754 982 2959 1050 pulchri
3003 994 3302 1051 appareant
3350 984 3492 1037 oculi
3525 1027 3539 1044 .

1951 1071 2056 1118 tota
2089 1067 2281 1120 mulier
2308 1077 2562 1121 Ornatur:
2596 1073 2733 1124 sicut
2761 1072 2923 1126 etiam
2949 1075 3112 1137 oculi,
3148 1075 3190 1126 si
3230 1085 3407 1129 rectus
3447 1092 3542 1129 na-

1948 1173 2061 1223 sus,
2089 1159 2287 1214 collum
2339 1171 2576 1228 rectum,
2602 1173 2654 1216 et
2683 1163 2783 1215 alia
2827 1166 3067 1219 membra
3098 1167 3400 1233 laudentur,
3453 1168 3542 1220 he-

1950 1257 2128 1304 tantur
2146 1260 2201 1306 et
2229 1266 2338 1321 pra:
2357 1253 2553 1322 gaudio
2573 1254 2808 1323 gestiunt
2834 1272 2848 1317 ;
2879 1270 2941 1308 ac
2972 1272 3186 1312 rursum
3232 1260 3534 1330 laeryinan-

1951 1351 2035 1394 tur
2065 1342 2114 1394 in
2156 1341 2435 1400 doloribus
2458 1354 2511 1398 et
2535 1344 2932 1400 calamitatibus
2950 1363 3161 1416 eorum,
3204 1352 3414 1405 etiamsi
3442 1352 3541 1421 ipsi

1951 1435 2101 1489 illarsi
2129 1447 2397 1491 maneant.

2019 1529 2072 1580 4.
2103 1527 2229 1582 Haec
2257 1544 2386 1597 ergo
2412 1546 2600 1585 omnes
2651 1531 2968 1601 cogitantes,
3020 1533 3291 1588 imitemur
3341 1532 3531 1588 borum

1950 1618 2313 1672 membrorum
2343 1619 2707 1685 dilectionem,
2750 1639 2922 1694 neque
2961 1627 3226 1679 contraria
3262 1626 3538 1690 faciamus,

1951 1707 2104 1761 tnalis
2134 1711 2362 1775 proximi
2396 1713 2740 1779 insultantes,
2770 1724 2825 1769 et
2869 1717 2984 1786 ejus
3012 1719 3166 1773 benis
3200 1720 3500 1772 invidentes
3527 1736 3538 1770 :

1952 1796 2238 1850 furentium
2269 1802 2410 1852 enim
2442 1801 2546 1855 hoc
2573 1811 2655 1856 est
2681 1813 2735 1856 et
2761 1821 2946 1858 eorum
2975 1808 3060 1876 qui
3091 1809 3139 1861 itt
3159 1824 3238 1862 ext
3257 1824 3377 1862 essu
3404 1825 3544 1863 men-

1952 1890 2017 1943 tis
2040 1891 2404 1944 sunt.Etenim
2425 1893 2514 1960 qui
2544 1894 2730 1948 effodit
2753 1897 2988 1960 oculum,
3016 1902 3310 1953 maximum
3345 1901 3544 1968 profert

1949 1981 2194 2034 amentiae
2221 1983 2429 2051 signum
2462 2001 2474 2036 :
2506 1994 2560 2038 et
2606 1986 2693 2054 qui
2722 2002 2936 2040 manum
2968 1990 3168 2052 exedit,
3229 2003 3427 2058 aperta:
3460 1993 3542 2045 in-

1950 2074 2112 2128 sanite
2140 2086 2509 2144 argumentum
2538 2079 2753 2146 pr;ebet.
2787 2080 2840 2133 Si
2868 2089 3044 2132 autem
3069 2082 3166 2135 hoc
3192 2083 3239 2135 in
3263 2084 3542 2147 membris,

1949 2164 2000 2217 in
2035 2164 2285 2218 fratribus
2333 2167 2580 2220 similiter
2631 2168 2923 2222 admissum
2979 2170 3298 2236 insipientite
3346 2171 3541 2227 famam

1950 2254 2125 2318 affert,
2159 2265 2210 2308 et
2239 2271 2343 2309 non
2378 2257 2491 2311 leve
2520 2257 2901 2315 detrimentum
2941 2261 3158 2316 inducit.
3192 2263 3322 2317 Nam
3350 2279 3541 2334 quam-

1951 2344 2042 2397 diu
2089 2347 2177 2398 ille
2225 2348 2554 2416 resplendet,
2593 2357 2679 2402 tua
2710 2367 2922 2420 quoque
2972 2351 3142 2408 forma
3190 2366 3433 2424 apparet,
3490 2366 3545 2410 et

1949 2451 2143 2504 corpus
2176 2445 2342 2489 totum
2371 2450 2626 2505 ornatur;
2661 2458 2833 2511 neque
2875 2444 3017 2497 enim
3045 2446 3108 2495 ad
3138 2461 3197 2498 se
3217 2445 3389 2500 solum
3423 2448 3542 2515 pul-

1949 2527 2303 2582 chritudinem
2332 2530 2563 2595 adducit,
2595 2533 2688 2586 scd
2711 2546 2763 2587 et
2797 2535 2886 2588 tibi
2913 2537 3172 2605 gloriandi
3205 2540 3376 2592 locum
3408 2555 3545 2608 pra:-

1952 2619 2042 2674 bet
2073 2637 2087 2673 :
2121 2620 2164 2674 si
2189 2630 2366 2675 autem
2400 2622 2547 2676 illum
2570 2627 2898 2694 exstinguas,
2930 2629 3023 2680 toti
3060 2632 3274 2698 corpori
3302 2647 3544 2686 commu—

1953 2727 2045 2765 nes
2067 2712 2316 2768 tenebras
2343 2712 2587 2779 effecisti,
2618 2724 2671 2768 et
2699 2715 2946 2770 omnibus
2981 2721 3240 2774 membris
3289 2723 3542 2778 induxisti

1950 2801 2337 2870 calamitatem;
2367 2814 2421 2858 ut
2443 2821 2506 2859 ex
2528 2806 2820 2873 contrario,
2847 2809 2889 2861 si
2918 2808 3286 2877 splendentem
3317 2827 3537 2869 Conser-

1950 2909 2064 2954 ves,
2112 2896 2272 2949 totius
2321 2899 2561 2964 corporis
2595 2897 2816 2952 formam
2866 2916 3175 2957 conservas.
3203 2903 3372 2958 Nemo
3398 2909 3540 2961 enim

1951 2987 2095 3051 dicit,
2127 2985 2355 3040 Pulcher
2379 2997 2459 3041 est
2482 2989 2687 3051 oculus,
2710 2991 2802 3043 sed
2828 2993 2988 3060 quid?
3020 2992 3273 3049 Formosa
3304 3007 3382 3051 est
3405 2997 3490 3052 illa
3528 3012 3542 3061 ;

1949 3081 1992 3134 si
2023 3088 2198 3134 autem
2234 3091 2286 3133 et
2319 3081 2429 3150 ipse
2473 3081 2736 3145 laudetur,
2767 3092 2890 3152 post
2928 3100 3214 3140 commune
3240 3092 3541 3144 encomium

1949 3173 2214 3228 laudatur.
2245 3174 2332 3227 Sic
2354 3183 2407 3228 et
2434 3177 2480 3227 iu
2507 3175 2737 3228 Ecclesia
2761 3177 3038 3245 contingit.
3073 3177 3125 3233 Si
3154 3181 3294 3234 enim
3327 3182 3540 3250 quidam

1947 3267 2074 3331 sint,
2108 3266 2196 3333 qui
2228 3266 2363 3318 bona
2397 3267 2531 3317 fama
2579 3265 2865 3334 gaudeant,
2915 3277 3080 3321 totum
3129 3285 3322 3339 corpus
3371 3272 3544 3328 laudis

1947 3354 2178 3410 fructum
2229 3356 2475 3424 percipit.
2523 3357 2723 3410 Inimici
2753 3373 2982 3426 namque
3014 3364 3256 3416 encomia
3308 3380 3428 3417 non.
3462 3366 3544 3419 dio

1947 3448 2239 3516 stinguunt,
2267 3448 2357 3500 sed
2387 3449 2734 3516 conjungunt.
2763 3449 2821 3502 Et
2843 3450 2885 3502 si
2915 3451 3034 3518 quis
3058 3451 3264 3506 dicendi
3298 3455 3542 3510 facundia

1946 3538 2135 3598 \aleat,
2173 3554 2276 3590 non
2307 3539 2452 3590 illunt
2499 3540 2672 3590 solum
2720 3542 2981 3593 cncomiis
3008 3543 3300 3609 celebrant,
3351 3546 3442 3600 sed
3488 3557 3542 3602 et

1947 3639 2106 3682 lotam
2157 3629 2470 3682 Ecelesiam.
2522 3630 2704 3699 Neque
2736 3633 2878 3684 enim
2928 3632 3112 3686 dicunt
3161 3647 3401 3702 tantum,
3450 3639 3544 3695 llle

1946 3721 2203 3775 mirabilis
2250 3730 2349 3780 est.
2402 3721 2495 3775 sed
2552 3723 2715 3790 quid?
2747 3723 3038 3777 lllirabilem
3081 3725 3353 3780 doctorem
3384 3729 3540 3783 Chri-

1945 3813 2098 3864 stiani
2154 3813 2350 3866 Imb-'llf.
2384 3830 2394 3863 :
2428 3823 2479 3865 et
2519 3828 2858 3866 comnmnem
2891 3814 3085 3868 faciunt
3123 3821 3536 3885 pos~essionem.

1945 3905 2099 3972 Atqui
2125 3903 2295 3956 Gra'ci
2327 3903 2540 3970 quidem
2565 3905 2915 3970 eonjungunt,
2948 3918 2999 3957 tu
3052 3923 3181 3960 vero
3227 3909 3449 3971 dixidis,
3488 3922 3539 3965 et

1942 4014 2059 4051 cum
2088 4007 2175 4048 tuo
2201 4010 2426 4065 corpore
2460 4010 2661 4063 pugnas
2691 3996 2900 4064 lttisque
2933 4000 3185 4051 membris
3208 4001 3539 4056 advt-rsaris?

1945 4087 2145 4151 Nescis,
2179 4089 2279 4140 hoc
2308 4088 2484 4139 otunia
2514 4087 2869 4140 subvertere?
2902 4104 3019 4141 nam
3056 4090 3308 4160 Regnum,
3346 4094 3535 4164 inquit,

1941 4179 1990 4228 in
2022 4179 2238 4243 seipsnm
2268 4181 2478 4228 divisum
2509 4195 2608 4229 non
2635 4181 2780 4230 stabit
2810 4178 2828 4249 (
2856 4180 3017 4233 Marc.
3057 4182 3142 4241 19.,
3184 4184 3253 4236 9.3

2017 4269 2166 4321 Nihil
2187 4269 2256 4319 ita
2284 4265 2493 4320 discidia
2523 4270 2655 4334 parit
2689 4279 2739 4317 nt
2763 4271 2972 4320 invidia.
2994 4274 3216 4324 ——.\'ihil
3251 4287 3425 4327 att'cm
3464 4278 3531 4330 ita

1941 4362 2126 4416 dividit
2146 4371 2441 4431 etseparat.
2465 4370 2520 4412 ut
2538 4360 2731 4412 invidia
2754 4362 2971 4422 etlivor,
2996 4362 3080 4416 hic
3099 4366 3276 4432 gravis
3297 4371 3534 4431 morbus,

1941 4460 2028 4530 qui
2055 4459 2197 4511 onmi
2222 4458 2375 4511 venia
2399 4457 2654 4525 privatur,
2677 4457 3010 4509 etmalorum
3046 4458 3225 4512 radice
3241 4460 3534 4513 seetmdum

1942 4551 2065 4620 quid
2113 4550 2325 4619 gravior
2368 4559 2468 4603 est.
2514 4549 2720 4601 Avarus
2764 4550 2905 4602 enim
2961 4562 3083 4603 tunc
3135 4551 3362 4613 laetatur,
3414 4568 3536 4608 eum

1942 4643 2241 4709 acceperit;
2277 4641 2486 4693 invidus
2517 4655 2643 4692 vero
2687 4649 2811 4692 tunc
2860 4639 3076 4712 gaudet,
3106 4657 3225 4694 cum
3269 4643 3403 4694 alius
3432 4658 3538 4697 non

1944 4733 2225 4801 acceperit,
2259 4747 2362 4785 nou
2401 4745 2520 4782 cum
2566 4730 2677 4798 ipse
2701 4731 2967 4797 aecteperit
2996 4748 3008 4781 :
3037 4730 3353 4784 beneﬁcium
3396 4749 3543 4789 nam.-

1944 4841 2046 4892 que
2076 4838 2226 4876 suum
2253 4830 2399 4891 putat
2437 4820 2663 4872 aliorum
2694 4820 3096 4880 adversitatem,
3131 4836 3234 4873 non
3269 4824 3535 4891 propriam

1946 4918 2273 4974 felicitatem,
2331 4914 2632 4967 cmumunis
2662 4915 2924 4984 quisgtiam
2965 4913 3133 4968 hostis
3165 4914 3411 4971 litt-mante
3442 4934 3506 4971 na
3527 4951 3542 4959 -

1946 5017 2075 5062 tura:
2104 5005 2444 5070 circumiens,
2475 5017 2526 5061 et
2551 5005 2746 5060 Christi
2777 5006 3011 5060 membra
3051 5008 3355 5075 percutiens
3390 5027 3403 5062 :
3438 5027 3544 5079 quo

1945 5103 2069 5170 quid
2119 5102 2366 5157 furiosius
2413 5102 2609 5156 fuerit?
2645 5104 2859 5156 DiClllUl]
2911 5105 3109 5158 invidet
3154 5107 3394 5173 quidem,
3448 5108 3541 5160 sed

1945 5196 2272 5258 hominibus,
2302 5197 2608 5250 daemonum
2637 5213 2761 5248 vero
2791 5197 2918 5250 nulli
2943 5216 2954 5248 :
2989 5207 3041 5250 tu
3083 5214 3207 5252 vero
3239 5198 3400 5253 homo
3423 5218 3540 5254 cum

1945 5291 2040 5353 sis,
2076 5288 2380 5343 hominibus
2410 5289 2636 5350 invides,
2688 5301 2741 5342 et
2769 5290 3032 5345 adversus
3076 5295 3432 5348 contribulem
3493 5303 3548 5348 et

1946 5395 2305 5447 eottgeneretn
2361 5379 2632 5447 insurgis,
2687 5382 2828 5450 quod
2899 5399 3071 5451 neque
3126 5385 3336 5438 da-mon
3399 5384 3544 5438 facit.

1946 5471 2182 5539 Ecquam
2249 5472 2651 5526 exeas-nionem
2727 5482 2779 5525 et
2839 5473 3212 5529 defensionem
3285 5474 3544 5531 habebis?

1944 5577 2065 5618 eum
2122 5562 2321 5617 videris
2382 5562 2596 5617 fratrem
2648 5580 2903 5632 prosttere
2956 5576 3249 5638 agentem,
3324 5577 3540 5625 contre-

1931 5656 2128 5712 miscis
2165 5665 2215 5710 et
2250 5655 2438 5724 palles,
2469 5672 2588 5711 cum
2614 5669 2886 5726 oporteret
2908 5668 2957 5714 te
2983 5675 3265 5728 coronare,
3298 5660 3469 5716 lauari
3493 5672 3546 5717 et

1946 5747 2234 5805 exsultare.
2271 5747 2325 5801 Si
2351 5757 2530 5802 autem
2560 5747 2693 5803 velis
2709 5764 2829 5805 eum
2854 5750 3115 5818 simulari,
3139 5766 3244 5806 non
3273 5751 3505 5822 impedio
3529 5770 3542 5806 :

1948 5841 2226 5905 aemulare,
2260 5840 2353 5896 sed
2389 5851 2445 5895 ιιι
2476 5841 2574 5909 illi,
2596 5842 2807 5898 laudem
2836 5843 2934 5898 sibi
2977 5845 3282 5900 concilianti
3305 5885 3321 5912 ,
3352 5845 3543 5903 similis

3121 5945 3197 6006 17
