4022 6214
503 445 616 500 263

503 557 613 620 sis;
669 566 776 607 non
830 558 891 605 ut
936 548 1086 603 illum
1133 547 1375 617 dejicias,
1421 545 1517 601 sed
1548 555 1605 599 ut
1624 544 1694 599 ad
1723 543 1863 599 idem
1889 542 2102 597 culmen

505 642 809 712 pervenias,
836 647 897 693 ut
917 634 1453 693 eamdemivirtutent
1479 635 1757 690 exhibeas.
1798 633 1923 687 tla-e
1966 632 2103 686 bona

504 744 589 792 est
608 733 899 796 zmutatio,
932 730 1151 795 imitari,
1181 744 1290 784 non
1317 731 1655 797 impugnare,
1687 742 1793 780 non
1826 725 2011 780 dolere
2037 724 2105 777 de

504 828 698 884 alienis
721 827 902 893 bonis,
926 826 1022 880 sed
1054 823 1292 880 morderi
1319 824 1387 877 de
1412 822 1642 892 propriis
1672 819 1825 874 malis
1853 836 1866 871 :
1900 818 1985 873 cui
2026 817 2103 872 rei

508 918 838 975 contrarium
894 915 1019 969 facit
1091 913 1332 978 invidia;
1384 928 1510 967 nam
1567 910 1781 981 propria
1831 908 2106 980 negligens

508 1010 669 1075 mala,
697 1008 765 1064 de
793 1008 984 1063 alienis
1012 1006 1166 1063 bonis
1211 1004 1460 1060 tabescit.
1487 1003 1698 1072 Pauper
1724 1002 1867 1057 enim
1898 1015 2005 1056 non
2033 1000 2104 1055 ita

508 1116 537 1156 a
566 1107 881 1172 paupertate
909 1113 1005 1153 sua
1032 1096 1330 1163 mordetur,
1385 1111 1545 1166 quam
1572 1109 1603 1149 a
1630 1093 1858 1165 proximi
1894 1093 2103 1161 copiis:

507 1207 618 1262 quo
660 1191 787 1262 quid
833 1190 1048 1260 gravius
1086 1187 1280 1243 fuerit?
1307 1186 1405 1243 Ille
1449 1185 1649 1257 quippe
1681 1186 1735 1241 in
1764 1185 1887 1252 hoc,
1913 1194 1970 1239 ut
1989 1184 2101 1255 jam

508 1284 641 1350 dixi,
675 1298 838 1336 avaro
861 1281 1023 1336 etiam
1054 1280 1206 1351 pejor
1223 1288 1307 1335 est
1330 1298 1344 1334 :
1367 1279 1455 1334 ille
1477 1280 1622 1334 enim
1646 1293 1769 1333 cum
1794 1276 1922 1349 quid
1952 1291 2105 1332 acceo

512 1375 679 1444 perit,
723 1371 959 1445 gaudet;
986 1370 1077 1427 hic
1107 1385 1271 1436 vero,
1305 1385 1427 1425 cum
1455 1369 1594 1424 alius
1650 1383 1757 1422 non
1804 1367 2105 1436 acceperit,

514 1466 742 1522 limatur.
791 1464 1177 1534 Quamobrem,
1227 1462 1478 1527 obsecro,
1532 1460 1671 1515 hanc
1712 1459 1909 1514 malam
1938 1459 2108 1515 relin-

508 1568 737 1624 quentes
766 1558 904 1610 tiam
930 1566 986 1611 et
1012 1555 1080 1609 ad
1108 1554 1282 1609 zelum
1314 1554 1512 1608 bonum
1548 1552 1738 1607 mutati
1772 1552 1933 1623 (nam
1987 1551 2111 1607 talis

510 1648 661 1703 artus
708 1648 999 1702 vehemens
1028 1654 1112 1701 est
1153 1653 1210 1699 et
1254 1644 1376 1714 igne
1419 1641 1865 1714 vehementior),
1918 1657 2121 1712 magna.

512 1740 634 1793 inde
657 1736 969 1809 percipiatis
991 1736 1151 1790 bona.
1185 1733 1277 1789 Sic
1306 1743 1361 1788 et
1392 1732 1587 1788 Paulus
1612 1731 1829 1788 Iudaeos
1854 1733 1923 1788 ad
1950 1732 2107 1787 [idem

511 1828 840 1891 deducebat,
867 1826 1057 1883 dicens
1084 1843 1097 1879 :
1131 1824 1194 1879 Si
1221 1822 1476 1895 quomodo
1504 1824 1573 1877 ad
1597 1826 1945 1879 antutandam
1986 1842 2110 1896 pro-

512 1935 682 1973 vocem
708 1934 913 1973 carnem
939 1934 1135 1983 meam,
1164 1926 1212 1971 et
1251 1916 1421 1970 salvos
1462 1915 1652 1987 faciam
1693 1916 1893 1985 aliquos
1917 1932 1983 1971 ea:
2008 1916 2113 1970 illis

513 2014 530 2076 (
555 2011 703 2065 (tam.
737 2011 825 2075 II,
860 2008 982 2081 t4).
1011 2007 1145 2062 Nam
1166 2008 1256 2077 qui
1285 2009 1354 2061 ita
1381 2004 1667 2061 aemulatur
1689 2016 1745 2060 ut
1766 2006 1857 2061 ille
1877 2006 2109 2071 volebat,

514 2117 619 2156 nun
649 2101 873 2156 tabescit
894 2114 1016 2154 cum
1050 2097 1243 2152 viderit
1272 2097 1440 2151 alium
1465 2096 1518 2149 in
1552 2096 1688 2151 bona
1718 2096 2115 2151 existimatione

512 2207 656 2261 e~se,
688 2192 784 2248 sed
825 2190 1042 2263 quando
1070 2190 1263 2243 viderit
1299 2204 1358 2243 se
1397 2204 1504 2242 non
1551 2187 1601 2242 id
1630 2189 1860 2258 assequi.
1897 2188 2116 2243 Invidus

514 2297 646 2338 vero
673 2297 780 2337 non
810 2282 890 2336 sic
915 2320 931 2343 ,
959 2280 1053 2334 sed
1081 2293 1204 2334 cum
1236 2279 1397 2333 alium
1431 2293 1688 2349 prospere
1739 2287 1985 2349 agentem
2031 2279 2114 2332 vi-

513 2375 694 2439 derit,
726 2374 893 2430 veluti
939 2373 1154 2444 quidam
1197 2372 1347 2428 fucus
1390 2383 1494 2439 est,
1538 2374 1625 2444 qui
1666 2374 1874 2429 alienos
1905 2374 2116 2428 labores

515 2466 836 2531 labefactat;
858 2474 914 2521 et
930 2480 1219 2535 numquam
1250 2466 1364 2536 ipse
1386 2481 1607 2537 surgere
1623 2474 1809 2529 tcntat,
1837 2465 1971 2521 tiens
1988 2481 2115 2520 vero

514 2573 641 2615 eum
666 2558 830 2612 alium
866 2565 1177 2627 surgentem
1226 2556 1393 2623 videt,
1417 2567 1471 2612 et
1499 2558 1677 2614 omnia
1708 2558 1830 2611 facit
1867 2567 1922 2612 ut
1968 2556 2116 2610 illutn

516 2650 751 2721 dejiciat.
786 2648 1011 2704 Cuinam
1045 2648 1166 2717 quis
1225 2647 1367 2702 hunc
1398 2648 1645 2703 morbum
1685 2649 2119 2719 comparaverit?

520 2741 645 2797 llihi
677 2752 858 2795 autem
892 2738 996 2794 huc
1028 2738 1255 2809 perinde
1284 2753 1406 2791 esse
1430 2736 1641 2792 videtur
1668 2752 1731 2791 ae
1753 2738 1798 2791 si
1826 2739 1944 2807 quis
1972 2737 2119 2808 piger

516 2834 702 2888 asinus
728 2841 780 2886 ct
804 2829 1128 2900 pinguedine
1145 2827 1323 2897 gravis
1342 2841 1463 2881 cum
1494 2841 1634 2896 equo
1664 2827 1865 2882 volucri
1888 2829 2109 2898 conjun-

517 2934 637 2978 ctus
657 2963 672 2985 ,
720 2934 896 2990 neque
927 2921 1043 2988 ipse
1071 2931 1295 2988 surgere
1324 2917 1475 2983 velit,
1505 2928 1561 2973 et
1595 2919 1833 2989 pondere
1877 2922 2116 2975 carnium

522 3012 697 3083 ipsum
719 3018 945 3065 conetur
962 3008 1267 3064 detrahere.
1286 3007 1419 3063 Nam
1437 3019 1490 3064 et
1510 3009 1619 3077 hic,
1640 3019 1697 3065 ut
1724 3010 1838 3081 ipse
1855 3026 1883 3065 a
1911 3010 2034 3080 prof
2033 3028 2121 3067 un-

522 3106 593 3159 do
627 3118 820 3159 somno
844 3102 1124 3167 liberetur,
1156 3101 1286 3156 nihil
1313 3118 1413 3157 nec
1436 3104 1628 3174 c0gitat
1660 3119 1759 3159 nec
1778 3114 1960 3169 curat;
1988 3103 2120 3159 nihil

525 3211 650 3250 vero
682 3210 788 3249 non
818 3195 947 3266 agit,
978 3206 1034 3248 ut
1059 3210 1181 3248 eum
1212 3184 1379 3265 quiin
1411 3195 1603 3249 emtum
1635 3196 1852 3250 advolat
1870 3196 2121 3267 supplan-

520 3297 599 3344 tet
620 3298 674 3343 et
701 3288 940 3357 dejiciat,
970 3296 1254 3342 accuratus
1280 3287 1479 3343 diaboli
1508 3288 1743 3343 imitator
1770 3290 1958 3345 factus.
1986 3290 2121 3347 Nam

522 3389 579 3435 et
604 3382 692 3436 ille
717 3380 905 3434 videns
935 3380 1208 3434 hominem
1243 3380 1294 3433 itt
1337 3379 1606 3451 paradiso,
1642 3396 1747 3434 non
1779 3382 1894 3451 ipse
1921 3382 2124 3441 studuit

525 3472 746 3536 mutari,
778 3470 873 3525 sed
904 3471 1053 3523 illum
1084 3470 1284 3540 ejicere
1321 3488 1387 3526 cx
1418 3473 1669 3541 paradiso
1702 3492 1713 3527 :
1744 3483 1799 3529 et
1829 3491 2015 3531 rursus
2042 3479 2121 3532 vi-

520 3561 660 3617 dens
687 3561 836 3616 illum
866 3560 919 3615 in
949 3561 1085 3615 ett-lo
1113 3560 1412 3626 sedentem,
1443 3563 1647 3616 etalios
1670 3564 1763 3619 illo
1788 3564 2121 3635 frstinanles,

522 3652 765 3724 idipsum
788 3650 1101 3718 meditatur,
1129 3666 1224 3707 eos
1256 3654 1342 3723 qui
1367 3653 1458 3708 illo
1495 3666 1725 3725 pergunt
1750 3659 2121 3731 supplantans,

524 3755 580 3801 et
628 3745 753 3799 hinc
799 3743 1061 3814 majorem
1093 3744 1195 3799 sibi
1223 3761 1523 3816 congerens
1573 3747 1867 3805 fornacem.
1919 3751 2125 3825 Ubique

524 3836 671 3891 enim
699 3835 802 3891 hoc
821 3836 1117 3905 contingit;
1167 3852 1288 3890 nam
1321 3838 1366 3891 is
1393 3838 1478 3891 cui
1510 3839 1795 3910 invidt-tur,
1829 3844 1874 3899 si
1922 3847 2121 3917 vigilet,

1213 438 1270 493 S.
1312 434 1589 492 JOANNIS
1625 425 2105 489 CIIIWSOSTOMI
2148 426 2466 483 ARCIIIEP.
2506 425 3039 483 CONSTANTINOP.

3556 48 3985 180 _

2205 540 2538 610 splendidior
2564 544 2776 609 evadit;
2820 546 3030 600 invidus
3058 562 3186 603 vero
3224 551 3376 620 plura
3402 552 3505 609 sibi
3532 556 3669 611 mala
3700 572 3792 614 ae-

2205 632 2461 687 cumulat.
2490 633 2577 687 Sic
2595 644 2649 688 et
2668 635 2866 704 .Ioseph
2886 636 3114 693 illustris
3132 639 3352 697 effectus
3369 653 3453 699 est
3474 661 3490 709 ;
3512 647 3591 701 sic
3611 648 3791 703 Aaron

2205 725 2460 780 sacerdos
2488 744 2502 779 :
2536 742 2659 780 nam
2692 728 2992 783 invidorum
3016 730 3223 787 insidite
3243 731 3537 792 elecerunt
3569 748 3628 793 ut
3654 740 3794 794 Deus

2206 816 2373 871 semel
2395 826 2447 872 et
2473 816 2556 873 bis
2584 820 2830 873 eamdem
2862 821 3032 877 ferret
3071 826 3416 895 sententiam,
3444 838 3503 884 et
3536 840 3595 884 ut
3646 831 3796 902 virga

2206 908 2551 975 germinaret.
2582 909 2670 963 Sic
2704 919 2759 964 et
2786 910 2956 967 Iacob
2980 915 3144 968 multa
3171 929 3348 971 rerum
3373 920 3527 989 copia
3557 921 3799 977 abunda-

2209 1001 2317 1065 vit,
2372 1001 2599 1071 aliisque
2637 1005 2909 1059 omnibus.
2955 1004 3045 1067 Sic
3081 1007 3243 1063 invidi
3290 1009 3341 1063 in
3370 1013 3603 1069 millese
3640 1016 3801 1071 malis

2208 1093 2617 1175 complicarunt.
2650 1096 2780 1160 Qua:
2800 1098 2981 1152 omnia
3019 1101 3275 1168 scientes,
3318 1102 3583 1174 fugiamus
3612 1106 3800 1177 hujus-

2210 1184 2355 1238 modi
2382 1185 2577 1240 zelum.
2607 1185 2717 1241 Cur
2752 1188 2921 1256 enim,
2953 1205 3160 1261 quasso,
3209 1192 3455 1249 invides?
3479 1198 3604 1267 quia
3630 1200 3793 1267 spiriv

2213 1275 2409 1331 tualem
2463 1276 2689 1347 gratiam
2748 1276 2918 1334 frater
2960 1283 3208 1353 accepit?
3255 1283 3322 1339 Et
3359 1302 3388 1339 a
3414 1302 3550 1359 quo,
3577 1303 3787 1356 quaeso,

2213 1368 2458 1437 accepit?
2483 1384 2662 1424 nonne
2678 1385 2709 1425 a
2740 1370 2891 1427 Deo?
2920 1373 3064 1444 Ergo
3083 1384 3269 1430 contra
3294 1376 3439 1430 illmn
3465 1377 3797 1435 inimicitiam

2213 1461 2448 1530 suscipe,
2476 1461 2567 1532 qui
2592 1461 2793 1518 donum
2820 1464 3069 1521 contulit.
3099 1465 3289 1523 Viden
3309 1484 3418 1539 quo
3455 1471 3653 1525 malum
3677 1487 3796 1528 ser-

2215 1553 2311 1621 pit,
2340 1563 2395 1607 et
2419 1554 2633 1625 qualem
2680 1556 3040 1627 colophonem
3090 1572 3431 1630 peccatorum
3472 1564 3695 1631 inducit,
3746 1575 3806 1621 ct

2214 1655 2471 1713 quantum
2534 1646 2756 1703 sulfodit
2816 1650 3066 1719 supplicii
3119 1652 3465 1707 barathrum?
3510 1652 3803 1725 Fugiamus

2216 1750 2384 1806 ergo,
2442 1736 2646 1803 dilecti,
2696 1738 2799 1793 hoc
2850 1740 3058 1805 vitium,
3105 1757 3281 1811 neque
3328 1744 3684 1805 invideamus.
3742 1760 3810 1801 ac

2219 1845 2316 1900 pro
2342 1830 2535 1885 invidis
2582 1846 2885 1901 precemur,
2913 1832 3152 1903 nihilque
3179 1850 3285 1889 non
3313 1849 3555 1905 agamus,
3581 1846 3637 1890 ut
3658 1852 3807 1891 mor-

2221 1922 2357 1976 hum.
2396 1912 2606 1976 illorum
2652 1923 3085 1993 exstinguamus.
3136 1922 3245 1981 Sed
3274 1940 3341 1982 ne
3366 1926 3553 1981 eadem
3583 1943 3704 1996 qua:
3729 1928 3813 1983 in-

2220 2017 2336 2070 sani
2361 2015 2435 2070 illi
2461 2017 2745 2085 patiamur.
2770 2017 2861 2085 qui
2883 2017 3127 2073 volentes
3148 2033 3335 2089 poenas
3354 2020 3423 2074 ab
3446 2020 3549 2075 illis
3570 2021 3812 2092 exigere,

2220 2108 2396 2161 omnia
2431 2108 2628 2161 faciunt
2671 2116 2727 2161 ut
2755 2106 3027 2164 ammam
3054 2109 3155 2165 sibi
3196 2110 3515 2167 accendant.
3548 2113 3620 2167 At
3639 2127 3707 2167 ne
3737 2112 3813 2166 ita

2221 2217 2341 2270 nos,
2395 2201 2490 2257 sed
2540 2201 2647 2257 dell
2681 2216 2836 2257 amns
2866 2201 2985 2258 illos
3011 2212 3067 2258 et
3096 2202 3473 2260 lamentemur.
3525 2203 3629 2275 Ipsi
3668 2205 3815 2260 enim

2223 2303 2349 2347 sunt
2391 2294 2483 2362 qui
2511 2292 2795 2359 lteduntur,
2828 2308 3065 2350 vermem
3089 2293 3346 2349 habentes
3377 2305 3697 2365 perpetuum
3720 2310 3819 2351 cor

2223 2384 2462 2452 ipsorum
2499 2383 2866 2449 arrodentem,
2917 2392 2974 2439 et
3022 2386 3216 2440 veneni
3251 2395 3583 2457 congregant
3613 2387 3816 2441 fontem

2223 2476 2371 2529 omni
2438 2474 2560 2529 felle
2617 2475 2961 2529 atnariorem.
3014 2474 3284 2545 Rogemus
3341 2490 3472 2545 ergo
3528 2476 3821 2545 benignum

2227 2567 2416 2628 licunt,
2449 2574 2506 2617 ut
2530 2572 2587 2619 et
2628 2564 2733 2618 illis
2775 2564 3025 2620 morbum
3070 2565 3341 2633 immutet,
3382 2575 3437 2621 et
3464 2581 3565 2620 nos
3598 2581 3667 2621 ne
3695 2582 3818 2621 um-

2223 2672 2383 2728 quam
2418 2658 2469 2711 itt
2496 2656 2639 2711 hunc
2668 2656 2984 2713 incidamus.
3008 2657 3143 2713 Nam
3169 2658 3503 2715 inaccessum
3528 2668 3612 2714 est
3629 2660 3823 2714 calum

2224 2749 2273 2804 ei
2295 2750 2385 2819 qui
2422 2751 2521 2803 hac
2542 2748 2664 2804 tabe
2706 2748 2935 2816 laborat,
2965 2759 3020 2806 et
3048 2760 3176 2805 ante
3199 2750 3392 2805 caelum
3427 2750 3543 2806 hac
3573 2751 3681 2805 vita
3709 2765 3823 2805 nou

2226 2841 2400 2895 vitalis
2417 2851 2519 2895 cst.
2542 2840 2725 2913 Neque
2744 2842 2889 2897 enim
2910 2841 3112 2913 lignum
3135 2853 3190 2898 et
3213 2842 3387 2897 lanam
3412 2843 3655 2898 insidens
3678 2844 3821 2898 tinea

2227 2934 2297 2987 ita
2346 2933 2539 2987 rodere
2583 2934 2743 2999 solet,
2789 2943 2846 2988 ut
2896 2935 3113 2989 invidiae
3145 2934 3311 2989 febris
3348 2950 3473 2990 ossa
3517 2935 3822 2991 invidorum

2226 3023 2486 3090 CllllOdlI,
2514 3031 2567 3077 et
2586 3023 2781 3078 animae
2810 3025 3214 3093 temperantiam
3241 3024 3543 3081 labefactat.
3574 3026 3643 3082 Ut
3664 3027 3824 3097 igitur

2227 3125 2281 3170 et
2310 3130 2407 3169 nos
2433 3125 2486 3169 et
2512 3115 2649 3170 alios
2672 3114 2741 3169 ab
2772 3116 3068 3171 innumeris
3096 3130 3347 3179 eruamus
3375 3119 3551 3186 malis,
3580 3119 3820 3189 expella-

2229 3222 2349 3262 mns
2435 3206 2588 3261 nobis
2617 3206 2755 3262 hanc
2780 3208 2975 3262 malam
3008 3206 3196 3263 febrim
3228 3209 3415 3279 quavis
3446 3210 3568 3265 tabe
3587 3209 3824 3265 deterio-

2229 3314 2375 3361 rem;
2410 3307 2467 3351 ut
2495 3297 2761 3368 spirituali
2798 3308 3052 3368 suscepto
3096 3298 3315 3365 robore,
3348 3309 3403 3354 et
3431 3314 3673 3369 pncsens
3699 3315 3820 3356 cer-

2230 3402 2405 3446 tamen
2441 3392 2799 3461 perficiamus,
2832 3401 2889 3449 et
2910 3392 3115 3447 futuras
3142 3406 3536 3463 consequamur
3561 3407 3822 3447 coronas:

2229 3501 2363 3555 quas
2386 3484 2591 3539 utinam
2619 3499 2717 3540 nos
2769 3500 2959 3540 omnes
2988 3484 3214 3555 adipisci
3242 3485 3541 3556 contingat,
3571 3485 3740 3555 gratia
3770 3494 3827 3540 et

2232 3579 2560 3648 benignitate
2589 3577 2801 3632 Domini
2825 3577 2997 3632 nostri
3023 3576 3152 3632 Iesu
3176 3576 3397 3645 Christi,
3434 3577 3649 3648 quicum
3682 3576 3825 3632 Patri

2232 3687 2443 3742 unaque
2468 3669 2688 3742 Spiritui
2711 3680 2900 3725 sancto
2921 3670 3109 3741 gloria,
3136 3670 3441 3742 imperium,
3467 3670 3662 3737 honor,
3684 3683 3828 3725 tum:

2231 3775 2283 3819 et
2315 3777 2549 3834 semper,
2583 3774 2636 3817 et
2660 3761 2712 3817 in
2751 3760 2947 3816 sa'cula
2973 3760 3315 3818 mulorum.
3347 3762 3540 3817 Amen.

1876 4061 2225 4127 HOMILIA
2270 4063 2546 4126 XXXII.

524 4211 651 4263 (.
704 4208 792 4271 12,
829 4224 873 4260 .
920 4208 1008 4259 27.
1066 4206 1163 4260 Vos
1207 4215 1375 4260 autent
1418 4210 1537 4263 estis
1576 4224 1762 4280 corpus
1802 4211 2033 4279 Christi,
2075 4224 2124 4269 et

1081 4299 1308 4354 membra
1333 4318 1396 4355 ea:
1424 4311 1589 4371 parte.

606 4396 656 4449 l.
696 4392 773 4447 Ne
812 4393 933 4463 quis
972 4393 1117 4448 enim
1159 4392 1384 4461 diceret,
1416 4393 1555 4461 Quid
1594 4393 1661 4449 ad
1693 4411 1791 4451 nos
1819 4398 2125 4468 exemplum

530 4483 814 4555 corporis?
846 4483 978 4539 illud
1002 4484 1147 4541 enim
1176 4493 1382 4539 natura:
1404 4484 1593 4551 servit,
1618 4498 1802 4542 nostra
1829 4503 1957 4544 vero
1983 4500 2128 4547 recte

535 4577 672 4632 facta
704 4575 856 4631 liberi
886 4576 1098 4631 arbitrii
1136 4586 1261 4629 sunt
1297 4594 1310 4629 :
1361 4576 1411 4630 id
1437 4576 1504 4629 ad
1525 4578 1768 4634 actiones
1796 4588 2007 4635 nostras
2036 4581 2130 4635 ad-

533 4669 762 4735 ducens,
807 4675 862 4721 et
908 4667 1203 4721 ostendens
1229 4683 1327 4721 nos
1356 4682 1421 4721 ex
1453 4668 1616 4722 animi
1644 4672 1906 4724 sententia
1932 4670 2131 4727 debere

533 4758 779 4816 eamdem
823 4757 1165 4813 concordiam
1199 4756 1417 4822 habere,
1462 4774 1623 4828 quam
1658 4759 1770 4829 ipsa
1799 4762 2036 4818 membra
2063 4777 2130 4817 ex

536 4860 747 4915 natura,
777 4849 909 4905 dicit
939 4867 950 4900 :
992 4848 1091 4903 Vos
1119 4888 1131 4901 .
1166 4858 1289 4901 ttem
1320 4852 1437 4905 estis
1464 4866 1649 4921 corpus
1677 4849 1887 4910 Christi.
1934 4853 1993 4909 Si
2036 4868 2132 4909 au-

537 4950 647 4997 tem
695 4958 801 4998 non
844 4951 1059 5011 oportet
1100 4955 1298 5011 corpus
1339 4952 1582 4997 nostrum
1627 4942 1916 5011 dissidere,
1960 4947 2133 5018 multo

540 5032 710 5102 magis
735 5050 839 5087 non
871 5043 1084 5105 oportet
1108 5031 1305 5089 Christi
1345 5047 1564 5102 corpus,
1600 5044 1656 5089 et
1699 5048 1766 5089 eo
1804 5038 1994 5105 magis,
2024 5050 2133 5106 quo

537 5124 708 5195 gratia
738 5126 1004 5191 potentior
1032 5134 1118 5181 est
1145 5134 1352 5180 natura.
1390 5124 1457 5179 Et
1484 5125 1708 5179 membra
1738 5143 1800 5180 ex
1827 5138 1991 5196 parte.
2025 5127 2133 5183 Ne-

540 5232 647 5287 que
670 5213 816 5269 enim
847 5230 1044 5283 corpus
1073 5232 1261 5271 sumus
1287 5225 1517 5280 tantum,
1566 5215 1663 5276 sed
1693 5226 1749 5272 ct
1776 5219 2015 5274 membra
2044 5234 2135 5274 su-

539 5320 681 5365 mus.
715 5302 847 5358 Nam
876 5302 944 5357 de
972 5302 1057 5356 bis
1092 5304 1354 5359 ambobus
1379 5306 1628 5374 superius
1653 5306 1968 5377 disputavit,
2000 5311 2135 5363 mul-

542 5408 629 5454 tos
676 5397 727 5451 in
773 5409 938 5449 unum
990 5393 1270 5464 colligens,
1330 5404 1387 5449 et
1432 5397 1728 5453 Ostendens
1754 5415 1941 5456 omnes
1970 5418 2133 5456 unum

537 5488 837 5546 secundum
879 5484 1167 5555 imaginem
1215 5485 1460 5554 corporis
1508 5485 1675 5541 factos
1727 5502 1867 5554 esse,
1922 5500 1978 5544 et
2032 5491 2134 5546 hoc

540 5598 703 5638 unum
735 5595 831 5651 per
858 5578 1026 5634 multa
1048 5575 1323 5642 constitui,
1367 5584 1529 5645 atque
1573 5576 1625 5629 itt
1667 5578 1844 5630 multis
1888 5594 2030 5645 esse,
2081 5590 2137 5634 et

542 5674 707 5728 multa
749 5689 814 5728 ex
844 5687 909 5727 eo
936 5668 1202 5726 contineri
1233 5678 1287 5723 et
1314 5682 1474 5738 posse
1503 5668 1669 5723 multa
1709 5684 1849 5724 esse.
1881 5671 2019 5737 Quid
2051 5684 2135 5727 est

545 5776 723 5820 autem
768 5765 921 5831 illud,
954 5762 1035 5819 Ea:
1060 5761 1251 5836 parte!
1294 5762 1564 5829 Quantum
1612 5761 1678 5815 ad
1720 5776 1817 5816 vos
1854 5764 2045 5818 attinet
2085 5774 2139 5820 et

545 5864 806 5925 quantum
845 5865 1263 5915 consentaneum
1313 5862 1420 5920 est,
1471 5867 1592 5910 esse
1633 5866 1837 5923 partem
1882 5869 1945 5909 ex
1986 5856 2138 5911 vobis

2244 4213 2579 4270 aedicatam.
2628 4212 2762 4279 Quia
2801 4211 2943 4267 enim
2984 4208 3154 4275 dixit,
3199 4204 3419 4280 Corpus,
3448 4213 3617 4262 totum
3647 4214 3834 4259 autem

2239 4313 2359 4360 erat
2395 4319 2614 4373 corpus,
2658 4319 2767 4357 non
2815 4300 3215 4358 Corinthiorum
3263 4298 3529 4365 Ecclesia,
3576 4296 3672 4353 sed
3710 4311 3835 4368 quas

2239 4397 2437 4468 ubique
2480 4405 2744 4451 terrarum
2774 4403 2930 4459 erat;
2972 4393 3097 4451 ideo
3124 4392 3277 4457 dixit,
3314 4389 3397 4446 Es
3428 4399 3612 4461 parte;
3643 4388 3694 4443 id
3723 4397 3833 4455 eat,

2238 4490 2361 4559 quia
2392 4487 2627 4542 Ecclesia
2659 4495 2834 4541 vestra
2867 4501 2991 4558 pars
3017 4496 3101 4541 est
3126 4486 3245 4555 ejus
3278 4498 3399 4555 quae
3428 4482 3625 4554 ubique
3662 4490 3834 4536 terra-

2239 4598 2358 4637 rum
2388 4591 2471 4637 est
2516 4580 2769 4635 Ecclesia
2792 4620 2806 4644 ,
2837 4588 2892 4635 et
2916 4581 3185 4649 corporis,
3216 4576 3361 4647 quod
3389 4592 3483 4646 per
3508 4590 3697 4631 otnnes
3730 4574 3832 4629 co

2243 4674 2430 4727 slesias
2460 4669 2805 4727 constituitur
2840 4689 2854 4723 :
2882 4670 2952 4723 ita
2980 4677 3036 4723 ut
3070 4685 3177 4722 non
3203 4668 3375 4722 solum
3406 4667 3549 4724 inter
3572 4681 3698 4729 vos,
3734 4666 3833 4721 sed

2239 4766 2401 4817 etiam
2429 4779 2550 4817 cum
2587 4772 2697 4815 tota
2732 4762 2987 4823 Ecrlesia,
3037 4775 3158 4829 qttzn
3203 4768 3288 4813 est
3336 4759 3388 4812 in
3434 4757 3600 4824 orbe,
3644 4770 3833 4826 pacem

2242 4854 2441 4908 habere
2480 4852 2759 4919 debeatis;
2814 4853 2859 4907 si
2906 4851 3122 4921 quidem
3163 4850 3299 4905 estis
3330 4849 3484 4921 justi,
3511 4848 3558 4904 sl
3588 4847 3832 4903 membra

2242 4947 2406 5000 totius
2450 4947 2718 5015 corporis.
2766 4945 2859 5000 28.
2919 4944 2984 4999 Et
3012 4961 3137 5016 quos
3161 4944 3365 5016 quidem
3401 4942 3570 5014 posuit
3595 4938 3737 4995 Deus
3777 4942 3832 4994 in

2242 5035 2496 5102 Ecclesia,
2532 5037 2751 5105 primum
2780 5036 3060 5105 apostolos,
3093 5033 3315 5089 secando
3349 5034 3653 5104 prapltetas,
3685 5033 3837 5085 tertio

2243 5130 2490 5190 doctores,
2523 5127 2705 5181 deinde
2748 5128 2953 5180 virtutes
2977 5168 2993 5191 ,
3038 5126 3221 5179 deinde
3247 5126 3441 5196 gratias
3479 5124 3832 5187 curationum,

2243 5218 2600 5290 apitutationes
2620 5259 2635 5279 ,
2667 5216 3051 5287 gubentationes
3070 5256 3086 5279 ,
3118 5231 3303 5285 genera
3332 5214 3643 5284 linguarum.
3678 5215 3840 5283 Quod

2242 5311 2385 5365 enim
2436 5310 2686 5379 superius
2727 5307 2863 5371 dixi,
2904 5305 3008 5363 hoc
3034 5320 3174 5359 nunc
3211 5304 3523 5375 facit:qnia
3549 5304 3717 5360 altum
3741 5321 3829 5360 sa-

2244 5402 2460 5472 piebant
2479 5400 2547 5455 de
2578 5400 2792 5469 linguis,
2825 5398 2971 5451 illam
3000 5411 3113 5452 rem
3145 5411 3359 5467 semper
3380 5397 3626 5454 ultimam
3656 5398 3827 5467 ponit.

2243 5493 2375 5547 Nam
2407 5491 2534 5546 illttd
2578 5489 2810 5560 primum
2842 5499 2898 5543 et
2927 5488 3221 5545 secundum
3251 5504 3358 5544 non
3386 5490 3503 5545 sine
3531 5504 3692 5545 causa
3726 5505 3827 5559 po-

2246 5584 2343 5647 nit,
2375 5583 2471 5639 sed
2524 5581 2855 5651 praemittens
2899 5578 2951 5633 id
2992 5579 3133 5650 quod
3162 5580 3445 5650 pretiosius
3474 5591 3577 5644 est,
3608 5589 3660 5634 et
3688 5579 3833 5648 quod

2243 5686 2327 5727 est
2350 5671 2572 5726 inferius
2601 5669 2915 5725 ostendens.
2964 5670 3086 5725 Ideo
3125 5672 3400 5741 apostolos
3426 5670 3709 5742 praemisit,
3741 5671 3835 5739 qui

2245 5762 2567 5819 charismata
2598 5776 2693 5816 seu
2724 5760 2863 5817 dona
2890 5764 3070 5818 omnia
3096 5764 3149 5817 in
3181 5778 3242 5819 se
3269 5762 3559 5818 habebant.
3607 5762 3674 5816 Et
3724 5775 3837 5816 non

2244 5855 2401 5921 dixit,
2443 5854 2587 5921 Quos
2611 5854 2791 5925 posuit
2816 5854 2961 5911 Deus
2983 5856 3042 5910 in
3066 5853 3304 5910 Ecclesia
3349 5851 3623 5924 apostolos
3644 5894 3659 5921 ,
3700 5852 3835 5907 situ-
