4022 6214
238 360 347 413 965

243 476 473 543 plicter,
506 480 594 524 aut
621 469 909 540 prophetas
936 485 952 535 ;
977 467 1075 525 sed
1102 465 1332 539 primum
1358 476 1415 522 et
1444 464 1738 522 secundum
1768 472 1826 517 et

244 562 461 618 ieriiuin
495 564 672 630 ponit;
719 561 822 615 hoe
850 561 1022 628 ipsum
1050 558 1192 629 quod
1229 557 1336 612 dixi
1364 557 1670 627 signiﬁcans
1730 553 1827 608 Se-

241 652 408 725 cundo
438 652 727 722 prophetas.
772 650 1168 719 Proplictabant
1203 649 1368 715 enim,
1396 655 1455 701 ut
1474 647 1599 701 lilia:
1621 644 1827 715 Philip-

245 745 331 813 pi,
358 752 416 798 ut
449 743 682 813 Agabus.
721 752 777 796 ut
800 744 883 796 isti
910 742 1005 811 ipsi
1032 744 1118 812 qui
1152 750 1304 795 erant
1329 741 1467 810 apud
1492 736 1823 800 Corinthios,

242 835 313 889 de
353 835 544 902 quibus
586 835 735 898 dicit,
801 834 1071 904 l’mphetaz
1126 834 1229 888 duo
1280 844 1369 887 aut
1415 844 1513 887 tres
1560 832 1829 901 loquantur

241 925 295 995 (ι
345 925 465 979 Cor.
495 926 584 995 Η,
613 925 743 994 29).
794 925 857 980 Et
910 925 974 978 ad
1022 924 1360 979 Timodieuui
1391 924 1633 979 scribens
1685 922 1827 978 dice-

244 1015 334 1071 bat
377 1034 391 1070 :
440 1014 564 1070 Noli
606 1016 856 1087 negligere
884 1016 1100 1086 gratiam
1136 1032 1249 1086 qua:
1280 1017 1408 1069 inte
1432 1025 1539 1082 est,
1584 1029 1696 1084 qua
1742 1014 1829 1067 tibi

243 1110 366 1161 data
394 1119 467 1163 est
504 1125 595 1180 per
622 1109 939 1179 prophetiam
970 1109 1019 1178 (l
1074 1107 1211 1162 Tim.
1242 1109 1302 1183 4,
1323 1108 1435 1176 it).

320 1198 503 1254 Plures
527 1202 786 1271 propheta:
822 1208 966 1253 erant
991 1199 1046 1253 in
1076 1198 1301 1254 Ecclesia
1328 1196 1554 1263 Christi,
1603 1213 1753 1267 quam
1777 1197 1830 1250 in

241 1290 354 1362 lege
371 1293 541 1346 veteri.
571 1321 643 1332 —
666 1293 741 1345 Ac
784 1292 939 1359 longe
978 1290 1158 1361 plures
1187 1298 1313 1345 tunc
1341 1297 1495 1345 erant
1522 1288 1793 1358 prophetae
1811 1327 1826 1353 ,

240 1366 402 1455 quam
432 1385 483 1438 in
516 1383 691 1447 Veteri
725 1384 1088 1439 Testamento.
1133 1382 1315 1453 Neque
1358 1381 1503 1436 enim
1532 1380 1599 1433 ad
1644 1379 1829 1433 decem

242 1484 301 1530 et
342 1474 525 1545 viginti
565 1482 625 1529 et
658 1475 1039 1544 quinquaginta
1083 1480 1137 1527 et
1163 1482 1379 1526 centum
1415 1471 1685 1526 redactum
1718 1478 1833 1521 t'rat

246 1564 539 1634 prophetia:
586 1564 827 1629 donum;
876 1563 969 1617 sed
1015 1563 1131 1617 hmo
1168 1564 1341 1634 gratia
1387 1552 1613 1615 ulicrliin
1661 1560 1830 1614 ell‘iin-

240 1659 505 1721 dcbatur,
553 1665 608 1710 et
653 1656 875 1727 singulae
922 1655 1179 1708 Ecclesia:
1209 1654 1405 1705 multos
1439 1653 1702 1706 habebant
1741 1652 1829 1719 qui

244 1747 658 1815 prophetabant.
682 1745 833 1812 Quod
862 1746 906 1797 si
937 1745 1182 1821 Chijstus
1208 1744 1369 1803 dicat,
1404 1742 1510 1795 Lex
1533 1752 1577 1795 et
1608 1741 1828 1809 prophe-

240 1848 310 1891 te
354 1854 512 1907 usque
561 1837 628 1889 ad
665 1835 920 1889 Joannem
948 1834 1163 1904 (Matth.
1196 1836 1280 1887 ll.
1319 1832 1431 1902 15),
1456 1832 1522 1886 de
1554 1833 1657 1885 illis
1695 1832 1833 1885 dixit

243 1931 540 2000 prophetis,
590 1930 680 1999 qui
726 1929 841 1997 ejus
885 1927 1171 1981 adventum
1218 1926 1603 1995 pl‘iCleL‘Nllll.
1665 1923 1831 1977 Tertio

239 2023 497 2074 doctores.
535 2020 665 2073 Nam
698 2019 788 2089 qui
821 2017 1127 2088 prepheiat,
1157 2017 1334 2071 omnia
1376 2034 1404 2068 ιι
1436 2016 1633 2085 Spiritu
1664 2014 1833 2085 loqui-

242 2122 331 2165 tur
369 2130 378 2162 :
412 2113 501 2180 qui
544 2112 699 2163 docet
747 2120 948 2171 autem,
1003 2108 1290 2177 aliquando
1315 2122 1378 2159 ex
1405 2107 1618 2175 propria
1654 2116 1833 2160 mente

236 2201 477 2255 disserit.
509 2200 634 2255 ldeo
664 2200 877 2252 dicebat
907 2217 919 2250 :
955 2198 1055 2264 Qui
1103 2198 1224 2250 bene
1262 2208 1482 2267 prorsum
1524 2198 1828 2267 presbyteri,

240 2293 438 2357 duplici
488 2293 675 2344 honore
723 2291 865 2361 digni
912 2290 1223 2353 habeantur,
1273 2290 1491 2341 maxime
1534 2298 1703 2341 autem
1749 2290 1835 2357 qui

244 2383 473 2436 laborant
499 2384 549 2436 in
581 2383 726 2437 verbo
756 2393 805 2436 et
827 2383 1060 2436 doctrina
1098 2382 1177 2453 (l.
1213 2380 1343 2434 Tim.
1373 2382 1427 2435 5.
1456 2382 1564 2450 l7).
1596 2381 1695 2448 Qui
1741 2397 1835 2432 au-

246 2486 352 2530 tem
396 2477 597 2546 Spiritu
645 2477 823 2530 omnia
870 2476 1126 2545 loquitur,
1173 2490 1277 2528 non
1326 2475 1568 2535 laborat;
1606 2475 1832 2542 ideoque

245 2577 367 2636 post
393 2569 706 2638 prephctam
741 2568 887 2619 illum
917 2567 1130 2635 posuit;
1174 2565 1425 2635 quoniam
1462 2565 1588 2619 illud
1622 2565 1831 2636 quidem

246 2671 413 2714 totum
446 2670 528 2713 est
550 2659 776 2720 donum,
828 2658 929 2711 hoc
964 2668 1142 2710 autem
1175 2657 1338 2711 etiam
1381 2656 1642 2718 humanus
1666 2657 1833 2710 labor.

247 2752 454 2805 Etenim
481 2766 543 2803 ex
572 2765 631 2803 se
657 2764 867 2817 quoque
885 2747 1053 2801 multa
1088 2747 1341 2816 loquitur,
1373 2763 1492 2816 quae
1517 2758 1691 2801 tamen
1715 2763 1834 2802 cum

240 2842 438 2899 divitiis
463 2838 753 2909 Scripturis
783 2846 1101 2893 consonant.
1135 2834 1332 2890 Deinde
1360 2838 1569 2891 virtutes
1595 2881 1609 2902 ,
1656 2837 1837 2890 deinde

241 2933 436 3001 gratias
459 2931 798 2984 curationum.
850 2928 1035 2984 Viden‘
1075 2927 1346 2998 quomodo
1385 2945 1595 2981 rursum
1641 2929 1835 2983 distin-

239 3024 356 3091 guit
399 3014 704 3079 cu’rationes
752 3037 781 3075 ιι
830 3022 1062 3082 virtute,
1093 3020 1235 3089 quod
1272 3021 1434 3074 etiam
1482 3031 1638 3074 antea
1671 3022 1835 3075 fecit?

248 3114 415 3167 virtus
436 3114 578 3167 enim
604 3113 775 3181 majus
805 3111 1076 3181 quidpiam
1106 3121 1187 3163 est
1210 3152 1224 3175 ,
1253 3126 1412 3180 quam
1442 3113 1668 3163 curatio.
1704 3112 1831 3165 Nam

239 3208 332 3272 qui
375 3206 620 3258 virtutem
668 3204 846 3267 habet,
891 3212 947 3257 et
986 3203 1213 3273 castigat
1243 3212 1297 3257 et
1349 3213 1541 3258 curat:
1574 3205 1665 3273 qui
1707 3221 1833 3259 vero

238 3300 467 3366 gratiam
495 3298 831 3351 curationum
864 3296 1045 3359 habet,
1081 3295 1299 3352 morbos
1328 3304 1531 3351 tantum
1563 3308 1732 3350 curat.
1770 3298 1834 3351 Et

244 3388 365 3442 vide
409 3404 566 3457 quam
597 3388 799 3457 Optimo
828 3403 955 3441 usus
981 3388 1054 3441 sit
1078 3386 1269 3441 ordine
1290 3429 1305 3451 ,
1347 3402 1468 3441 eum
1499 3388 1830 3457 prophetiam

239 3488 365 3531 ante
408 3480 634 3533 virtutes
685 3488 739 3532 et
786 3480 1094 3533 curationes
1141 3479 1339 3547 posuit.
1386 3480 1645 3547 Superius
1690 3482 1830 3533 enim

241 3569 330 3622 ubi
360 3568 570 3623 dicebat
604 3586 616 3620 :
651 3569 751 3620 Alii
781 3569 983 3637 quidem
1010 3584 1102 3637 per
1125 3568 1379 3638 Spiritum
1402 3572 1549 3622 datus
1577 3579 1649 3624 est
1670 3587 1832 3624 sermo

240 3660 524 3726 sapientice,
561 3669 607 3712 et
634 3660 724 3713 alii
750 3675 913 3713 sermo
940 3661 1207 3723 scientia;
1254 3676 1358 3714 non
1398 3661 1587 3715 ordine
1629 3678 1830 3731 ponens

238 3748 470 3812 diccbat,
506 3749 599 3802 sed
632 3749 1093 3803 indiscriminatim
1120 3758 1135 3815 ;
1168 3750 1252 3803 hic
1287 3749 1465 3805 autem
1493 3761 1547 3807 et
1574 3754 1833 3821 praeponit

238 3853 294 3897 ct
338 3842 568 3911 subjicit.
617 3842 725 3897 Cur
776 3858 903 3913 ergo
946 3844 1283 3912 prophetiam
1333 3845 1648 3915 praeponit?
1696 3845 1829 3912 Quia

238 3934 399 3987 etiam
430 3935 478 3986 in
503 3933 680 3988 Veteri
704 3933 1044 3987 Testamento
1072 3934 1231 3990 talem
1262 3936 1507 3990 ordinem
1528 3936 1615 3989 illa
1644 3935 1826 3991 habet.

238 4025 374 4078 Cum
403 4027 544 4078 enim
570 4025 730 4078 Isaias
755 4024 972 4079 .ludzeos
1002 4024 1387 4093 alloquerctur,
1416 4034 1472 4080 et
1498 4026 1707 4079 virtutis
1737 4026 1829 4080 Dei

237 4114 753 4170 demonstrationem
789 4115 1074 4183 pricberet,
1103 4116 1322 4169 vilitatis
1345 4115 1651 4170 dwmonum
1682 4132 1832 4186 argu-

238 4218 479 4261 mentum
514 4207 563 4261 in
594 4208 827 4261 medium
857 4206 1081 4261 adduxit
1112 4224 1125 4261 :
1151 4217 1206 4262 et
1234 4209 1333 4262 hoc
1365 4208 1663 4262 divinitatis
1710 4211 1828 4276 ejus

236 4300 373 4351 dixit
402 4314 520 4352 esse
551 4299 804 4354 indicium
833 4303 1150 4365 maximum,
1196 4301 1340 4370 quod
1368 4300 1541 4355 futura
1571 4301 1827 4370 praedice-

140 4454 151 4461 Ἴ
239 4405 342 4446 ι-ρι.
384 4393 628 4447 Christus
671 4409 799 4447 vero
840 4394 929 4462 qui
981 4401 1057 4447 tot
1100 4393 1354 4447 miracula
1403 4402 1657 4461 patrarat,
1710 4410 1817 4447 non

238 4501 457 4553 parvum
503 4484 604 4539 hoc
634 4484 761 4539 dicit
806 4499 928 4539 esse
974 4484 1268 4539 divinitatis
1308 4498 1420 4539 suae
1468 4482 1717 4555 signum;
1772 4496 1826 4539 ct

236 4582 543 4648 frequenter
570 4580 648 4634 sic
674 4594 977 4633 sermonem
1005 4577 1279 4633 concludit
1309 4593 1323 4630 :
1358 4575 1481 4631 Htec
1507 4588 1675 4631 autem
1714 4578 1822 4633 dixi

233 4672 405 4735 vobis,
458 4681 510 4723 ut
559 4687 673 4725 cum
717 4671 857 4741 facta
898 4672 1118 4743 fuerint,
1172 4670 1390 4725 credatis
1427 4672 1546 4740 quia
1580 4688 1671 4741 ego
1708 4689 1823 4726 sum

232 4763 425 4833 (Joatt.
459 4764 553 4825 15,
592 4763 710 4832 t9).
772 4763 877 4819 Sed
927 4762 1225 4832 prophetiae
1262 4761 1385 4830 jure
1427 4773 1820 4831 postponuniur

229 4856 419 4923 gratia:
457 4853 793 4906 curationum
829 4871 841 4904 :
880 4869 979 4906 cur
1006 4868 1133 4906 vero
1163 4853 1327 4907 etiam
1354 4852 1656 4907 doctrinm?
1685 4854 1818 4921 Quia

230 4958 339 4997 non
372 4957 468 5012 par
494 4956 581 4995 res
610 4951 715 5007 est,
748 4946 970 4996 verbum
1002 4942 1399 5009 praidieatiouis
1422 4943 1742 4999 aniiuntiare
1767 4954 1821 4998 et

228 5034 373 5101 piam
407 5034 717 5103 religionem
758 5032 1027 5088 seminare
1056 5033 1106 5085 in
1132 5034 1437 5088 auditorum
1478 5036 1692 5099 animis,
1733 5047 1817 5089 at-

228 5139 335 5189 que
385 5128 607 5182 virtutes
650 5125 861 5191 facere;
917 5124 1169 5195 quoniam
1228 5126 1356 5195 ipse
1410 5134 1632 5195 propter
1682 5126 1813 5181 illud

224 5218 379 5271 ﬁunt.

295 5307 351 5361 2.
381 5307 515 5362 Cum
539 5322 666 5377 ergo
690 5312 811 5377 quis
841 5321 895 5367 et
921 5310 1084 5365 verbo
1113 5317 1167 5364 et
1193 5308 1314 5362 vine
1339 5308 1587 5378 exemplo
1612 5309 1809 5369 erudit.

223 5400 398 5470 major
438 5407 523 5452 est
565 5398 835 5452 omnibus.
888 5400 1011 5456 lllos
1046 5401 1189 5455 enim
1230 5400 1357 5453 dicit
1391 5398 1671 5464 doctores,
1721 5402 1811 5469 qui

219 5494 386 5549 etiam
414 5488 666 5559 operibus
704 5488 898 5543 docent
922 5501 977 5544 et
1009 5492 1173 5547 verbo
1199 5490 1470 5546 erudiunt.
1511 5490 1622 5545 lloc
1653 5491 1810 5561 igitur

219 5587 385 5637 etiam
428 5579 699 5652 apostolos
740 5594 861 5634 esse
888 5578 1013 5634 fecit
1047 5583 1339 5649 apostolos.
1376 5582 1441 5635 Et
1474 5581 1560 5633 illa
1591 5582 1805 5649 quidem

222 5677 312 5729 alii
342 5674 582 5729 nonnulli
604 5688 709 5727 nou
738 5672 914 5740 magni
946 5673 1099 5740 pretii
1131 5675 1282 5728 initio
1314 5674 1634 5735 habuerunt,
1687 5686 1743 5727 ut
1772 5676 1803 5729 ii

222 5768 313 5833 qui
341 5768 611 5835 dicebant,
644 5765 881 5830 Domine,
905 5779 1071 5819 nonne
1101 5764 1154 5819 in
1182 5767 1384 5822 nomine
1413 5776 1497 5821 tuo
1521 5765 1797 5835 propheta-

1292 350 1359 410 ΙΝ
1397 351 1614 410 EPIST.
1656 352 1675 406 Ι
1738 351 1833 407 AD
1867 350 2025 408 (30R.
2068 351 2295 407 llOMiL.
2343 351 2559 409 XXXII.

3399 356 3502 410 Qui;

1934 463 2116 529 vimus,
2159 474 2207 519 et
2251 467 2454 521 virtutes
2498 468 2690 521 multas
2723 470 2975 533 fecimus?
3017 482 3066 524 i-t
3101 480 3280 539 postea
3324 473 3504 525 audio.

1932 563 2069 618 t‘unt,
2100 553 2389 627 Numquam
2412 560 2525 610 novi
2544 574 2666 621 ros;
2694 560 2935 613 discedite
2958 578 2987 613 a
3015 562 3201 631 nti-,qui
3226 568 3507 628 apri'aniini

1932 645 2245 714 iniquitatem
2288 647 2498 717 (Matth.
2529 651 2580 718 7,
2607 650 2815 717 22,95)
2851 670 2864 704 :
2893 652 3147 705 doctrinm
3180 662 3357 705 autem
3391 670 3504 707 vcr-

1934 734 2058 789 lium
2095 737 2289 805 duplex
2340 740 2504 803 illud,
2533 740 2672 809 quod
2710 757 2801 809 per
2829 757 2989 809 Ol'el'ﬂ
3020 751 3072 794 et
3101 757 3194 810 per
3223 743 3380 795 verba
3411 762 3505 796 cx-

1934 825 2159 889 hibetur,
2190 830 2360 883 malus
2390 830 2549 884 homo
2593 846 2875 899 numquam
2905 833 3215 899 susceperit.
3268 833 3419 899 Quod
3465 834 3507 887 si

1935 918 2223 987 prophetas
2257 933 2546 989 prirponat.
2582 938 2648 976 ne
2676 922 2886 976 mireris
2917 938 2929 975 :
2962 939 3064 975 non
3090 925 3231 976 enim
3256 923 3509 991 simplici-

1936 1020 2016 1064 tcr
2056 1012 2339 1082 prophetas
2363 1013 2511 1075 dicit,
2541 1015 2633 1068 sed
2676 1030 2770 1068 eos
2812 1016 2900 1083 qui
2954 1033 3047 1081 per
3097 1016 3423 1083 prophetiam
3455 1026 3505 1072 et

1935 1101 2234 1156 docuerunt
2275 1114 2329 1158 et
2370 1105 2418 1158 iii
2462 1120 2797 1159 eoinniuiiciii
2830 1105 3108 1161 utilitatem
3150 1109 3324 1161 omnia
3358 1109 3509 1163 dixe-

1936 1202 2062 1247 runt
2095 1209 2107 1245 :
2139 1195 2282 1263 quod
2331 1197 2381 1249 in
2429 1199 2774 1265 sequentibus
2827 1198 3157 1251 manifestius
3208 1201 3361 1255 nobis
3414 1200 3507 1255 dc-

1934 1289 2100 1341 clarat
2134 1305 2147 1340 :
2176 1288 2565 1353 Opitulationes,
2598 1292 3005 1360 gubernationes.
3034 1291 3167 1358 Quid
3194 1301 3296 1353 est,
3335 1292 3515 1363 Opim-

1937 1378 2187 1431 lationes?
2218 1379 2281 1434 Ut
2313 1381 2508 1433 int‘iriiii
2542 1393 2905 1450 protegantur.
2960 1381 3190 1436 lloi-cine
3224 1399 3406 1451 quaeso
3434 1394 3515 1438 est

1935 1470 2245 1523 charisma?
2284 1475 2421 1525 Sane
2455 1472 2668 1541 quidem
2699 1474 2798 1526 hoc
2821 1489 2885 1525 ex
2919 1473 3010 1526 Dei
3042 1474 3181 1526 dono
3213 1484 3296 1527 est
3329 1484 3513 1543 prote—

1936 1576 2083 1630 gere.
2125 1571 2178 1615 et
2223 1576 2307 1613 res
2354 1562 2664 1630 dispensare
2706 1563 3014 1632 spirituales
3050 1582 3063 1621 ι
3095 1565 3330 1633 alioquin
3354 1567 3515 1619 etiam

1937 1651 2100 1704 multa
2127 1667 2153 1702 a
2179 1652 2331 1705 nobis
2365 1653 2619 1721 praeclare
2650 1664 2795 1723 gesta
2825 1654 3146 1708 charismata
3183 1666 3333 1708 vocat
3353 1695 3369 1718 ,
3414 1671 3508 1709 no-

1936 1741 2053 1796 lens
2081 1750 2135 1793 ιιι
2161 1742 2539 1809 concidamus,
2566 1743 2662 1797 sed
2686 1746 2978 1802 ostendens
3011 1761 3106 1799 nos
3131 1761 3345 1814 semper
3366 1750 3516 1800 auxi-

1938 1833 2007 1885 lio
2036 1831 2125 1887 Dei
2155 1832 2393 1902 indigere
2413 1872 2428 1896 ,
2478 1844 2531 1887 et
2561 1848 2660 1887 nos
2684 1835 2967 1888 instituens
2999 1845 3052 1887 ut
3078 1836 3213 1903 grati
3236 1837 3399 1890 animi
3428 1839 3519 1891 εἰς·

1938 1941 2074 1989 inus,
2123 1926 2303 1994 sicque
2335 1925 2621 1979 alacriores
2664 1926 2922 1984 reddens,
2975 1925 3297 1995 illorumque
3328 1944 3518 1982 sensus

1938 2015 2204 2069 excitans.
2234 2015 2429 2069 (λωιωά
2460 2018 2771 2087 linguarum.
2800 2015 3042 2070 Vidistin‘
3071 2017 3154 2069 tibi
3191 2018 3290 2071 hoc
3318 2019 3518 2073 denum

1939 2107 2194 2174 posuerit,
2224 2116 2276 2158 et
2302 2107 2570 2175 quomodo
2604 2107 2797 2176 ubique
2824 2108 3064 2161 ultimum
3093 2109 3165 2161 illi
3205 2110 3402 2164 tribuat
3426 2128 3516 2165 οι·-

1938 2197 2152 2251 diiiein?
2184 2197 2401 2263 Deinde,
2433 2200 2550 2265 quia
2582 2213 2644 2252 ex
2685 2199 2784 2251 hoc
2810 2200 3056 2267 catalogo
3086 2202 3305 2254 multum
3332 2213 3518 2257 osten-

1938 2286 2017 2341 dit
2059 2287 2441 2351 dill‘erentiain,
2485 2298 2538 2340 et
2582 2287 2729 2341 illum
2762 2290 3013 2357 excitavit
3049 2292 3292 2345 morbum
3332 2309 3519 2347 eorum

1938 2379 2026 2445 qui
2055 2380 2255 2431 minora
2290 2378 2551 2433 habebant
2574 2378 2932 2444 charismata;
2961 2381 3176 2435 demum
3209 2399 3329 2438 cum
3354 2388 3511 2439 relic-

1940 2469 2138 2522 mentia
2183 2483 2371 2537 magna
2402 2469 2524 2525 illos
2566 2470 2891 2539 aggreditur.
2922 2470 3049 2525 dum
3083 2474 3147 2526 iis
3178 2476 3344 2529 multa
3379 2492 3516 2545 prie-

1941 2559 2030 2613 bet
2056 2569 2382 2630 argumenta,
2408 2561 2550 2630 quod
2584 2576 2687 2615 uon
2719 2562 2767 2614 lit
2793 2564 2962 2617 multo
2989 2565 3250 2620 minorem
3275 2568 3516 2622 ordinem

1940 2650 2139 2704 redacti
2166 2652 2290 2704 sint.
2342 2651 2475 2717 Quia
2504 2652 2646 2706 enim
2678 2653 2972 2708 verisimile
2994 2666 3111 2709 erat
3144 2657 3264 2710 illos
3294 2659 3407 2711 lia:c
3430 2678 3524 2711 au-

1939 2740 2149 2795 dientes
2176 2741 2357 2797 dicere
2388 2761 2401 2796 :
2432 2744 2496 2797 Et
2526 2758 2623 2798 cur
2652 2760 2756 2799 non
2785 2760 2973 2799 omnes
3003 2748 3230 2815 apostoli
3279 2748 3402 2811 facti
3444 2767 3525 2805 sn-

1942 2832 2094 2883 niiis?
2135 2832 2380 2900 snpei'ius
2424 2832 2639 2901 quidem
2685 2836 2853 2905 magis
2891 2836 3247 2891 consolatoria
3282 2842 3527 2896 oratione

1940 2936 2066 2975 usus
2087 2932 2185 2986 est,
2213 2924 2391 2977 inultis
2411 2924 2702 2980 ostendens
2726 2926 2803 2980 sic
2824 2929 3128 2983 necessario
3154 2928 3352 2985 factum
3376 2949 3517 2999 esse,

1939 3014 2097 3067 etiam
2128 3014 2193 3066 ab
2219 3015 2446 3083 imagine
2476 3018 2717 3084 corporis
2753 3035 2765 3071 :
2798 3016 2991 3087 Corpus
3014 3018 3177 3084 enim,
3210 3021 3398 3091 inquit,
3425 3041 3524 3078 non

1937 3114 2008 3157 est
2036 3120 2190 3157 unum
2217 3107 2499 3159 membrum
2527 3122 2545 3160 :
2576 3118 2625 3161 et
2668 3123 2901 3173 rursum,
2936 3107 2998 3163 Si
3032 3122 3200 3163 autem
3226 3124 3387 3166 essent
3416 3132 3527 3168 oni-

1937 3196 2023 3249 nia
2052 3213 2207 3250 unum
2232 3198 2525 3265 membrum,
2550 3201 2632 3253 ubi
2660 3202 2887 3270 corpus?
2914 3212 2968 3256 et
2998 3203 3137 3273 quod
3171 3205 3373 3260 utiliter
3401 3208 3518 3264 data

1939 3290 2086 3343 sint:
2122 3288 2404 3359 Unicuique
2454 3292 2619 3353 enim,
2665 3293 2854 3360 inquit,
2905 3296 3246 3363 manifestatio
3298 3297 3531 3367 Spit't'tt'a

1937 3380 2090 3432 datur
2124 3382 2189 3433 ad
2219 3382 2521 3446 utilitatem;
2557 3393 2609 3437 et
2644 3400 2704 3435 ex
2732 3398 2797 3437 eo
2826 3384 2965 3452 quod
2995 3400 3185 3439 omnes
3226 3405 3291 3441 ex
3336 3391 3448 3443 eodi
3474 3406 3524 3443 in

1939 3470 2141 3538 Spiritu
2188 3472 2428 3537 audiant,
2484 3482 2538 3525 et
2582 3474 2722 3541 quod
2767 3474 3031 3529 charisma
3062 3476 3262 3533 donum
3294 3481 3395 3540 sit,
3429 3486 3519 3532 sui

1943 3579 2046 3615 non
2105 3561 2341 3616 debitum
2375 3582 2385 3593 ·
2419 3563 2701 3618 Divisioncs
2754 3567 2929 3629 enim,
2982 3568 3185 3636 inquit.
3238 3572 3521 3640 gratiarum

1936 3663 2071 3725 sunt,
2115 3654 2247 3706 idem
2276 3669 2389 3708 vero
2419 3655 2645 3724 Spiritus
2670 3671 2687 3718 ,°
2716 3667 2767 3709 et
2795 3658 2935 3726 quod
2964 3660 3321 3714 maiiifcstatio
3350 3664 3520 3729 Spiri-

1938 3752 2021 3796 tus
2061 3758 2155 3810 per
2193 3746 2368 3799 omnia
2415 3748 2545 3799 liat:
2581 3745 2861 3815 Unicuique
2888 3752 3053 3815 enim,
3088 3752 3276 3821 inquit,
3306 3756 3519 3825 mani/c-

1933 3836 2082 3887 statio
2106 3834 2258 3887 datur
2283 3854 2371 3905 per
2394 3836 2681 3907 Spiritum;
2720 3849 2773 3893 et
2807 3854 2869 3893 ex
2901 3856 2964 3893 eo
2995 3842 3135 3911 quod
3171 3854 3329 3912 prout
3366 3847 3485 3900 vide
3507 3878 3519 3885 -

1938 3936 2021 3981 tur
2049 3928 2265 3996 Spiritui
2311 3939 2366 3983 et
2418 3932 2526 3984 Deo
2569 3932 2685 3986 haec
2733 3931 2957 4002 ﬁgurata
3010 3936 3159 3988 sint:
3200 3936 3322 3991 llwc
3374 3942 3515 3993 enini

1934 4023 2123 4087 omnia,
2186 4024 2373 4091 inquit,
2413 4034 2653 4081 oneratur
2689 4041 2819 4079 unus
2848 4036 2895 4079 ct
2926 4028 3059 4079 idem
3086 4028 3341 4093 Spiritus,
3396 4033 3518 4083 div."-

1932 4116 2056 4168 dens
2106 4118 2316 4187 singulis
2365 4128 2511 4185 prout
2562 4118 2711 4182 vult;
2742 4127 2824 4185 et,
2878 4118 3061 4172 Posuit
3110 4119 3246 4175 Deus
3295 4125 3515 4177 membra

1934 4210 2321 4277 unumquodque
2364 4226 2535 4262 eorum
2576 4212 2629 4264 in
2659 4226 2873 4278 corpore
2897 4213 3025 4263 sicut
3052 4212 3241 4264 voluit:
3278 4222 3332 4266 et
3372 4217 3511 4280 quod

1934 4301 2234 4353 necessaria
2282 4301 2388 4353 sint
2434 4302 2593 4355 etiam
2636 4302 2839 4355 minora
2876 4320 2889 4355 :
2923 4303 3048 4364 Qua?
3085 4302 3226 4355 enini
3254 4305 3508 4373 videntur,

1882 4410 1886 4415 ·
1933 4392 2123 4460 inquit,
2157 4393 2435 4460 inﬁrmiora
2463 4409 2587 4456 esse,
2619 4394 2899 4447 necessaria
2920 4403 3033 4447 sunt
3056 4410 3162 4457 ;cx
3185 4410 3250 4449 eo
3273 4399 3410 4465 quod
3437 4401 3504 4453 si-

1931 4483 2127 4536 militer
2169 4484 2467 4538 necessaria
2514 4485 2661 4549 sint,
2712 4485 2765 4539 in
2803 4498 2871 4540 eo
2894 4484 3033 4552 quod
3066 4501 3259 4556 corpus
3294 4492 3510 4556 perinde

1930 4584 2240 4630 construant
2262 4587 2421 4646 atque
2444 4590 2508 4630 ea
2530 4590 2648 4645 qua:
2679 4575 2879 4646 majora
2909 4586 3033 4631 sunt
3062 4595 3075 4631 :
3111 4577 3306 4648 Corpus
3339 4584 3504 4642 enim,

1928 4666 2119 4734 inquit,
2147 4683 2247 4719 non
2272 4676 2343 4719 est
2366 4682 2521 4719 unum
2548 4667 2841 4732 membrum,
2864 4668 2954 4723 sed
2975 4669 3168 4735 multa;
3192 4686 3253 4724 ex
3278 4687 3341 4725 oo
3360 4676 3504 4741 quod

1927 4760 2127 4827 majora
2159 4759 2453 4813 minoribus
2482 4776 2615 4827 opus
2646 4760 2876 4815 habeant
2922 4778 2934 4810 :
2975 4745 3086 4815 Non
3122 4774 3280 4831 potest
3307 4767 3462 4839 enim
3484 4809 3497 4829 ,

1927 4853 2130 4921 inquit,
2171 4864 2322 4922 caput
2350 4853 2516 4906 dicere
2549 4852 2775 4920 pedibus,
2830 4851 3005 4906 Vestra
3043 4871 3193 4923 opera
3224 4872 3320 4908 nou
3348 4872 3505 4927 egeo;

1923 4957 1989 4996 cx
2026 4957 2091 4995 eo
2132 4942 2270 5011 quod
2300 4941 2485 5010 majori
2517 4942 2630 4997 Inec
2668 4942 2912 4996 fruantur
2958 4942 3291 4997 honorein
3334 4959 3502 5001 autem

1924 5032 2007 5084 cui
2036 5033 2204 5093 deest,
2240 5032 2441 5099 inquit,
2483 5032 2901 5085 abundantiorem
2939 5033 3075 5087 dedit
3102 5034 3388 5100 honorem;
3434 5057 3497 5093 cx

1921 5134 1989 5172 eo
2019 5119 2163 5189 quod
2194 5133 2533 5173 communem
2579 5130 2631 5173 ct
2674 5138 2853 5191 parem
2885 5137 3067 5179 curam
3100 5121 3330 5181 habeant
3379 5147 3388 5179 :
3435 5130 3501 5183 In

1918 5210 1974 5263 id
1990 5227 2139 5275 psum
2196 5210 2337 5265 enim
2386 5222 2503 5266 sunt
2542 5214 2673 5267 inter
2712 5230 2765 5266 se
2806 5214 3015 5267 invicem
3062 5217 3281 5273 sollicita
3330 5223 3500 5274 omnia

1918 5304 2182 5360 membra:
2225 5315 2275 5359 et
2306 5320 2369 5360 ex
2406 5321 2472 5361 eo
2507 5308 2643 5376 quod
2675 5308 2740 5359 sit
2770 5321 2869 5358 una
2899 5307 3066 5376 gloria
3094 5321 3150 5365 et
3178 5329 3313 5366 unus
3344 5314 3499 5371 dolor

1920 5396 2155 5465 ipsorum
2187 5398 2424 5451 omnium
2452 5438 2466 5449 .
2499 5398 2616 5449 Sive
2650 5398 2860 5462 patitur,
2902 5399 3102 5470 inquit,
3143 5421 3296 5454 unum
3336 5422 3489 5457 mem-

1914 5487 2079 5553 brum,
2129 5491 2505 5557 compatiuntur
2531 5490 2701 5542 omnia
2733 5491 2953 5546 incmbra
2974 5509 2996 5555 ;
3041 5495 3142 5545 sive
3181 5498 3498 5564 gloriﬁcatur

1915 5598 2070 5633 unum
2101 5584 2391 5644 membrum,
2420 5582 2737 5650 congaudent
2768 5585 2941 5637 omnia
2964 5585 3204 5638 membra.
3234 5587 3497 5658 δυροι-ξης

1913 5673 2069 5741 igitur
2098 5689 2186 5739 per
2216 5672 2327 5725 huic
2368 5674 2680 5728 consolatus
2705 5686 2787 5729 est
2816 5692 2829 5739 ;
2864 5676 2952 5729 hic
2981 5686 3162 5733 autem
3194 5682 3492 5736 vehemen-

1913 5776 1990 5821 ter
2019 5774 2072 5818 ct
2103 5764 2425 5831 increpantis
2470 5779 2619 5822 more
2661 5767 2824 5823 verbo
2851 5766 3039 5825 utitur.
3080 5768 3233 5833 Nam,
3263 5781 3318 5827 ut
3350 5773 3482 5841 disi.
