4038 6216
526 326 632 384 267

527 458 706 514 neque
734 455 947 510 semper
974 441 1241 497 consolari
1266 483 1281 508 ,
1312 458 1487 512 neque
1515 459 1731 512 semper
1752 457 1815 497 os
1837 443 2117 499 obstruere

528 542 765 605 oportet.
806 532 931 594 Ideo
980 542 1032 588 et
1078 534 1215 603 ipse,
1264 535 1388 604 quia
1420 536 1602 589 multis
1648 535 1768 588 illus
1810 534 2119 589 consolatus

532 634 685 692 erat,
717 625 1070 680 vehementer
1097 623 1357 693 deinceps
1385 625 1506 679 illos
1543 625 1853 689 insectatur,
1888 625 2113 679 dicens:

525 717 619 772 29.
654 716 925 787 Numquid
949 734 1122 772 omnes
1148 717 1408 785 apostoli?
1436 717 1683 788 numquid
1710 734 1885 772 omnes
1906 716 2118 785 prophe-

526 809 631 865 taP?
674 808 921 877 numquid
950 824 1120 861 omnes
1146 810 1363 878 gratiam
1394 808 1578 862 habent
1607 807 1971 862 mirationum?
2013 806 2118 861 No-

523 915 629 970 que
670 900 920 954 consistit
951 899 1003 953 in
1035 899 1207 967 primo
1237 899 1320 953 vel
1351 899 1588 955 secundo
1617 899 1975 965 charismate,
2020 895 2115 953 sed

525 991 701 1062 pergit
729 1005 897 1059 usque
921 990 985 1045 ad
1018 1000 1321 1059 postrema;
1350 1000 1444 1046 aut
1474 991 1577 1046 hoc
1602 991 1787 1047 dicens
1807 1032 1822 1053 ,
1848 990 1963 1045 Non
1995 1004 2116 1059 pos-

522 1090 650 1136 sunt
693 1095 883 1135 omnes
909 1095 1031 1135 esse
1064 1082 1242 1135 omnia
1268 1099 1282 1146 ;
1308 1081 1761 1151 quemadmodum
1794 1082 1902 1136 illic
1940 1079 2069 1134 dicit
2100 1098 2115 1134 :

523 1173 587 1229 Si
609 1172 783 1226 cmm'a
807 1180 968 1225 essent
995 1188 1153 1226 unum
1177 1172 1477 1237 membrum,
1502 1172 1589 1225 ubi
1609 1188 1795 1241 corpus
1812 1172 1839 1224 ?
1865 1170 1947 1224 vel
1971 1167 2116 1224 aliud

519 1263 794 1335 quidpiam
819 1264 943 1318 hinc
966 1275 1147 1332 postea
1177 1279 1445 1335 apparatis
1484 1264 1549 1317 ad
1576 1264 1964 1319 consolationis
1994 1277 2115 1316 ver-

521 1359 670 1415 bum.
710 1358 877 1426 Quale
895 1358 1062 1411 illud?
1096 1357 1248 1421 Quod
1286 1357 1534 1413 ostendat
1560 1356 1629 1411 de
1656 1357 1954 1412 minoribus
1982 1369 2111 1424 per-

524 1450 647 1506 inde
693 1460 853 1519 atque
882 1450 950 1504 de
979 1450 1271 1516 majoribus
1326 1447 1615 1512 contendi,
1660 1462 1729 1502 eo
1758 1446 1903 1517 quod
1945 1461 2119 1515 neque

514 1543 639 1598 "hmc
666 1542 924 1597 omnibus
951 1540 1075 1593 data
1101 1540 1317 1593 fuerint.
1350 1538 1487 1606 Quid
1516 1538 1683 1604 enim,
1716 1537 1904 1608 inquit,
1940 1535 2115 1603 doles,

520 1635 663 1705 quod
691 1651 797 1689 nan
828 1633 1027 1687 habeas
1052 1633 1277 1702 gratiam
1300 1631 1677 1686 curationum?
1699 1631 1871 1701 cogita
1896 1630 1949 1685 id
1974 1630 2117 1701 quod

529 1739 585 1782 tn
639 1727 824 1788 habes,
872 1726 1080 1781 etiamsi
1124 1727 1194 1779 sit
1222 1726 1417 1790 minus,
1452 1740 1595 1794 saepe
1626 1741 1731 1789 non
1765 1725 1965 1780 habere
1992 1740 2116 1781 eum

514 1820 616 1888 qui
649 1819 822 1887 majus
861 1818 1152 1889 quidpiam'
1181 1817 1361 1873 habet.
1413 1817 1538 1871 Ideo
1581 1818 1657 1871 ait
1687 1833 1702 1871 :
1732 1815 1822 1871 ‘50.
1853 1814 2119 1886 Numquid

522 1929 697 1967 omnes
724 1910 911 1981 linguis
943 1909 1256 1979 loquuntur?
1301 1908 1548 1979 numquid
1573 1925 1747 1961 omnes
1776 1909 2118 1977 interpretan-

528 2004 651 2058 tur.’
674 2001 1139 2069 Quemadmodum
1170 2001 1313 2056 enim
1336 2015 1529 2070 magna
1560 2015 1666 2054 non
1689 1999 1940 2052 omnibus
1972 1996 2119 2051 dedit

534 2095 706 2161 Deus,
737 2093 830 2148 sed
860 2091 979 2146 aliis
1005 2091 1141 2157 hoc,
1170 2091 1289 2146 aliis
1318 2092 1444 2145 illud
1480 2110 1493 2146 :
1522 2091 1602 2145 sic
1636 2099 1692 2145 et
1729 2091 1781 2144 in
1823 2087 2121 2143 minoribus

529 2188 675 2253 fecit,
708 2201 828 2257 quae
858 2198 960 2239 nec
986 2184 1236 2238 omnibus
1263 2181 1561 2253 proposuit.
1596 2180 1727 2237 Illud
1764 2190 1944 2236 autem
1971 2178 2117 2244 fecit,

527 2278 747 2333 multam
778 2276 904 2329 inde
929 2274 1272 2329 concordiam
1303 2282 1356 2327 et
1392 2272 1673 2327 caritatem
1703 2270 2011 2337 mdiﬁcans,
2060 2281 2120 2325 ut

529 2370 898 2440 unusquisque
926 2368 1173 2437 proximo
1198 2380 1334 2436 opus
1365 2364 1591 2428 habens,
1637 2379 1756 2420 eum
1789 2364 1953 2418 fratre
1989 2376 2118 2417 con-

525 2471 798 2536 gregetur.
831 2460 944 2516 Hoc
981 2460 1035 2515 in
1061 2459 1270 2514 artibus
1299 2472 1517 2527 quoque
1544 2457 1897 2526 dispensavit,
1943 2454 2046 2509 hoc
2067 2454 2118 2506 in

529 2552 830 2619 elementis,
864 2550 968 2606 hoc
995 2550 1046 2619 in
1073 2549 1270 2619 plantis
1298 2556 1354 2604 et
1382 2550 1436 2602 in
1462 2546 1725 2603 membris
1748 2548 1949 2601 nostris
1972 2553 2026 2599 et
2068 2544 2121 2596 in

527 2645 801 2701 omnibus.

601 2738 654 2793 '5.
697 2734 903 2789 Deinde
920 2731 1432 2801 opportunissimam
1453 2728 1640 2798 adjicit
1657 2726 2082 2783 consolationem
2105 2767 2119 2790 ,

529 2842 651 2898 qua:
662 2825 830 2896 possit
844 2837 1088 2879 recreare
1110 2836 1173 2876 ac
1192 2821 1382 2876 sedare
1399 2819 1672 2875 dolentem
1692 2819 1947 2873 animam.
1961 2817 2123 2885 Quae-

532 2935 655 2974 nam
672 2918 762 2972 illa
787 2916 909 2971 est?
936 2916 1027 2970 3i.
1062 2913 1429 2979 Emulamini,
1452 2911 1648 2981 inquit,
1676 2910 1986 2965 charismata
2022 2925 2127 2961 me-

532 3013 682 3067 liora.
707 3008 771 3063 Et
787 3008 955 3061 adhuc
966 3004 1369 3060 excellentior-em
1385 3002 1522 3055 vobis
1535 3002 1670 3055 uiam
1687 3000 1996 3053 demonstro.
2015 2998 2128 3052 lloc

532 3113 709 3159 autem
740 3102 927 3155 dicens
963 3095 1323 3150 subindicavit
1350 3094 1471 3147 illos
1512 3092 1564 3146 in
1602 3105 1763 3146 causa
1795 3089 1961 3144 fuisse
1983 3087 2127 3158 quod

533 3197 739 3253 minora
764 3189 1091 3259 acceperint,
1131 3198 1185 3241 et
1212 3200 1377 3256 penes
1404 3184 1525 3238 illos
1550 3197 1690 3244 esse,
1722 3182 1767 3236 si
1799 3181 1987 3247 velint,
2018 3196 2131 3234 ma-

531 3288 651 3358 jora
690 3284 954 3350 accipere.
989 3277 1120 3335 Cum
1150 3278 1293 3333 enim
1325 3277 1477 3340 dicit,
1508 3273 1879 3339 Emulamini,
1927 3274 1994 3326 ab
2025 3272 2131 3326 illis

535 3374 770 3431 studium
818 3372 987 3440 exigit
1030 3379 1085 3424 et
1114 3367 1443 3423 desideriuttt
1484 3367 1628 3418 circa
1674 3378 1761 3418 res
1803 3363 2126 3432 spirituales.

536 3467 719 3539 Neque
745 3464 898 3531 dixit,
940 3463 1161 3531 Majora,
1208 3458 1327 3523 sed,
1362 3456 1616 3521 Meliora;
1648 3455 1699 3510 id
1742 3465 1846 3522 est,
1893 3454 2129 3520 utiliora,

537 3574 657 3630 qua:
685 3556 983 3612 munierant.
1021 3553 1133 3607 lloc
1180 3561 1359 3605 autem
1389 3548 1507 3601 vult
1546 3546 1892 3615 signiﬁcare:
1926 3546 2134 3600 Manete

538 3652 859 3710 charismata
887 3646 1279 3709 desiderantes,
1311 3650 1367 3697 et
1400 3639 1627 3696 ostendo
1654 3638 1812 3694 vobis
1836 3638 2135 3693 charisma-

541 3755 655 3799 tum
684 3744 845 3797 viatn.
874 3740 991 3794 Non
1020 3737 1164 3793 enim
1194 3735 1352 3801 dixit,
1389 3732 1692 3797 Charisma,
1720 3732 1839 3798 sed,
1878 3729 2046 3795 Viam,
2081 3738 2138 3809 ut

543 3838 714 3910 magis
762 3836 987 3891 extollat
1032 3833 1083 3887 id
1129 3829 1271 3901 quod
1325 3836 1410 3885 est
1450 3828 1711 3883 dicturus.
1753 3825 1938 3895 Neque
1990 3824 2134 3879 enim

545 3945 709 3986 unum
739 3930 824 3983 vel
848 3928 955 3983 duo
982 3926 1067 3979 vel
1096 3924 1194 3978 tria
1224 3922 1547 3977 charismata
1576 3917 1805 3974 ostendo
1834 3918 2010 3984 vobis,
2042 3916 2137 3971 sed

545 4024 688 4078 viam
744 4034 904 4073 unam
955 4017 1022 4071 ad
1069 4016 1187 4070 hrcc
1234 4014 1414 4069 omnia
1461 4011 1782 4076 ducentem;
1838 4025 1937 4065 nec
1977 4009 2139 4064 modo

546 4116 711 4180 viam,
742 4108 834 4163 sed
862 4108 1019 4161 etiam
1040 4121 1162 4160 eum
1186 4102 1504 4175 hyperbole,
1531 4110 1587 4157 et
1612 4100 1861 4156 omnibus
1885 4118 1988 4155 nua
2013 4116 2138 4171 pro-

547 4203 796 4273 positam.
826 4197 941 4253 Non
973 4197 1110 4251 sicut
1140 4194 1463 4249 charismata
1489 4191 1571 4247 his
1590 4190 1727 4258 hmc,
1758 4191 1880 4245 aliis
1911 4191 2021 4256 illa,
2044 4191 2139 4246 sed

551 4308 659 4349 non
689 4291 866 4346 omnia
895 4287 1146 4343 omnibus
1166 4286 1395 4346 dantur;
1437 4284 1508 4336 ita
1536 4291 1589 4336 et
1621 4282 1753 4347 hoc;
1787 4281 1882 4337 sed
1920 4282 2138 4336 univer-

557 4384 673 4442 sale
700 4382 900 4438 donum
930 4389 1033 4438 est.
1069 4378 1300 4445 Ideoque
1342 4390 1531 4431 omnes
1560 4374 1625 4428 ad
1656 4376 1759 4429 hoc
1787 4384 1942 4428 vocat
1974 4392 1986 4427 ε
2020 4389 2140 4427 nam

550 4478 648 4541 ait,
680 4471 1024 4529 Emulamini
1055 4469 1363 4526 charismata
1393 4465 1605 4519 meliora
1636 4481 1655 4518 :
1680 4474 1729 4518 et
1753 4464 1923 4517 adhuc
1961 4466 2144 4517 excel-

552 4568 816 4626 lentiorem
840 4564 973 4617 uiam
1000 4563 1137 4617 uobis
1156 4563 1445 4615 demonstro
1466 4574 1487 4624 ;
1511 4557 1788 4613 caritatem
1816 4555 2001 4612 dicens
2018 4571 2142 4626 erga

552 4660 879 4735 proximum.
908 4654 1116 4711 Deinde
1144 4668 1446 4707 sermonem
1472 4652 1541 4707 de
1582 4651 1670 4706 illa
1712 4663 2064 4721 aggressurus
2091 4657 2147 4703 et

554 4755 860 4814 encomium
905 4748 1063 4820 hujus
1095 4745 1351 4813 prmclarc
1403 4746 1549 4811 facti,
1580 4747 1814 4815 primum
1845 4745 1977 4800 facta
2022 4758 2141 4798 cum

557 4849 648 4906 illa
679 4840 1235 4913 comparatione,ha>c
1251 4835 1319 4891 de
1364 4835 1545 4889 medio
1581 4836 1738 4899 tollit,
1765 4837 2055 4890 ostendens
2082 4851 2143 4889 ea

561 4939 692 4998 nihil
728 4950 850 4992 esse
878 4934 996 4987 sine
1022 4932 1135 4997 illa,
1168 4927 1564 4997 admodumqne
1601 4926 1909 4996 prudenter.
1940 4926 2071 4980 Nam
2102 4928 2146 4980 si

560 5033 741 5091 statim
776 5027 845 5083 de
880 5023 1105 5080 caritate
1129 5022 1494 5083 disseruisset,
1524 5029 1579 5074 et
1604 5029 1886 5090 postquam
1915 5019 2144 5083 dixerat,

570 5122 719 5177 Viam
748 5119 885 5174 vobis
912 5117 1225 5176 demonstro,
1266 5111 1656 5180 subjunxisset,
1692 5109 1819 5164 "me
1851 5118 2029 5163 autem
2067 5120 2149 5163 est

556 5217 772 5275 caritas,
816 5218 875 5263 et
914 5222 1020 5261 non
1049 5220 1145 5275 per
1187 5202 1650 5271 comparationem
1693 5201 1989 5256 orationem
2024 5216 2145 5272 prO‘

560 5306 835 5363 duxisset;
859 5299 1060 5354 dictum
1081 5295 1297 5366 quidam
1328 5291 1774 5355 subsannassent,
1802 5294 1879 5347 rei
1904 5294 2007 5347 vim
2039 5308 2143 5347 non

558 5402 708 5457 clare
742 5396 998 5455 scientes,
1025 5390 1119 5445 sed
1148 5388 1321 5443 adhuc
1349 5386 1414 5441 ad
1446 5385 1561 5440 hare
1591 5384 1855 5440 inhiantes
1899 5387 2144 5457 Quapm-

561 5503 680 5565 pter
710 5505 814 5543 non
840 5485 1020 5540 statim
1051 5480 1194 5535 illam
1237 5478 1473 5540 revelat;
1518 5475 1611 5531 sed
1634 5491 1759 5530 cum
1788 5479 1964 5546 primo
1991 5479 2147 5533 audi-

566 5588 695 5640 toris
722 5586 962 5635 animum
992 5592 1087 5645 per
1112 5572 1523 5644 promissionem
1552 5569 1853 5638 extulisset,
1893 5587 1956 5626 ac
1983 5573 2151 5629 dixis-

564 5683 666 5739 set,
695 5668 1113 5726 Excrllentiorem
1141 5663 1273 5716 uiam
1301 5663 1437 5717 vobis
1456 5661 1769 5727 demonstro,
1793 5671 1846 5718 ct
1867 5663 1919 5718 in
1946 5665 2147 5721 deside-

563 5764 698 5820 rium
720 5763 1048 5825 induxiSsct;
1076 5770 1248 5829 neque
1272 5754 1350 5809 sic
1372 5754 1551 5810 statim
1579 5753 1631 5809 in
1662 5754 1801 5810 illam
1822 5754 2139 5828 ingreditur,

1301 326 1358 381 S.
1397 325 1674 383 JOANNIS
1712 322 2190 384 CllllYSOS'l‘OMl
2228 324 2550 382 ARCIIIEP.
2590 327 3123 387 CONSTANTINOP.

2221 440 2316 496 sed
2338 456 2539 512 augens
2558 443 2737 499 adhuc
2753 445 3082 501 desiderium
3109 446 3265 515 illud,
3289 449 3359 506 de
3381 450 3467 508 his
3486 453 3618 525 ipsis
3639 457 3808 526 primo

2219 535 2456 599 disserit,
2486 545 2542 591 et
2563 538 2819 604 ostendit,
2851 539 2896 593 si
2940 540 3027 594 illa
3055 555 3159 594 non
3187 542 3276 608 sit,
3306 559 3369 600 ea
3398 545 3531 601 nihil
3556 562 3712 614 esse;
3757 554 3806 604 in

2222 626 2511 680 maximam
2545 626 2667 682 illos
2697 629 3076 685 necessitatem
3107 631 3364 690 inducens
3388 651 3448 692 se
3472 649 3662 692 mutuo
3686 638 3807 694 dili-

2218 718 2399 786 gendi,
2424 720 2675 788 quoniam
2697 735 2763 775 ex
2789 721 3016 790 ecquod
3040 722 3129 777 illa
3156 724 3396 793 neglecta
3420 726 3629 795 fuisset,
3652 742 3809 785 causa

2220 807 2345 863 hinc
2388 810 2626 864 omnium
2675 812 2937 866 malorum
2982 822 3119 868 erat.
3155 814 3517 882 Quamobrem
3555 819 3640 875 vel
3689 819 3810 874 inde

2221 901 2412 955 merito
2456 915 2648 971 magna
2680 902 2768 957 illa
2814 914 3105 973 appareat;
3153 906 3197 960 si
3228 906 3445 976 quidem
3485 910 3809 969 charismata

2221 1006 2326 1045 non
2356 993 2517 1048 modo
2537 993 2657 1047 illos
2684 1008 2790 1047 non
2819 997 3173 1051 conciliarunt
3198 1007 3255 1053 et
3280 1012 3699 1070 congregarunt,
3718 1003 3809 1058 sed

2220 1083 2380 1136 etiam
2411 1084 2730 1152 conjunctos
2754 1098 3074 1155 separarum
3099 1105 3115 1142 :
3139 1089 3257 1145 haec
3281 1106 3412 1145 vero
3437 1092 3579 1157 illos,
3604 1095 3697 1163 qui
3718 1110 3814 1165 per

2220 1173 2541 1229 charismata
2579 1177 2831 1247 disjuncti
2860 1177 3096 1247 fuerant,
3141 1197 3236 1250 per
3271 1184 3503 1252 seipsam
3550 1186 3809 1239 concilia-

2222 1274 2339 1321 tura
2366 1277 2419 1321 et
2440 1282 2601 1322 unum
2624 1283 2822 1339 corpus
2843 1268 3102 1325 eﬂ'ectura
3125 1282 3226 1327 est.
3255 1272 3360 1328 Sed
3383 1288 3487 1327 non
3510 1276 3689 1328 statim
3714 1274 3812 1329 hoc

2187 1355 2370 1434 dicit,
2415 1352 2603 1413 ve'rum
2650 1360 2793 1428 quod
2843 1361 3077 1416 maxime
3127 1362 3204 1415 illi
3250 1362 3652 1430 desiderabant,
3712 1363 3814 1419 hoc

2222 1448 2407 1515 ponit;
2443 1463 2636 1519 nempe
2660 1448 2802 1520 quod
2834 1465 2923 1505 res
2954 1450 3068 1521 ipsa
3096 1452 3365 1507 charisma
3396 1456 3484 1518 sit,
3510 1465 3566 1509 et
3599 1454 3667 1509 ad
3688 1453 3815 1509 cha-

2204 1537 2437 1591 rismata
2464 1539 2643 1593 omnia
2676 1539 2759 1594 vis
2788 1540 3082 1604 excellens.
3104 1540 3445 1612 Quapropter
3467 1544 3677 1599 etiamsi
3708 1559 3813 1598 non

2196 1643 2286 1697 ‘eo
2315 1628 2459 1698 quod
2500 1629 2722 1697 debeas,
2763 1630 2901 1687 velis
2928 1630 3150 1687 fratrem
3179 1632 3423 1701 diligere,
3470 1651 3539 1690 ex
3582 1649 3650 1690 eo
3674 1633 3817 1704 quod

2221 1720 2395 1788 majus
2423 1721 2658 1791 accipias
2707 1723 2921 1792 signum
2962 1732 3018 1777 et
3047 1724 3326 1793 copiosum
3360 1724 3648 1791 charisma,
3680 1726 3817 1782 cari-

2224 1817 2385 1863 tatem
2408 1812 2643 1878 suscipe.
2672 1810 2739 1864 Et
2763 1811 2885 1864 vide
2911 1811 3179 1867 undenain
3208 1813 3428 1883 incipiat
3454 1832 3468 1867 :
3494 1816 3726 1884 primum
3750 1816 3820 1870 ab

2219 1915 2287 1954 eo
2316 1901 2459 1970 quod
2509 1902 2753 1958 mirabile
2786 1903 3073 1959 videbatur
3110 1916 3165 1959 et
3208 1921 3461 1975 magnum
3506 1907 3647 1977 apud
3698 1910 3820 1964 illos

2220 2006 2364 2058 esse,
2405 2007 2435 2047 a
2463 1993 2659 2063 linguis
2700 2009 2935 2065 nempe:
2963 2004 3019 2049 et
3060 1995 3327 2050 charisma
3361 1997 3414 2051 in
3459 1998 3694 2052 medium
3726 2000 3821 2053 ad-

2220 2084 2445 2151 ducens,
2475 2102 2580 2141 non
2623 2097 2829 2141 tantum
2868 2088 3000 2143 illud
3028 2090 3209 2159 posuit
3233 2099 3494 2158 quantum
3524 2091 3621 2160 ipsi
3656 2090 3820 2145 habe-

2220 2175 2371 2242 bant,
2405 2178 2501 2233 sed
2535 2179 2693 2249 longe
2719 2180 2914 2249 majus.
2962 2180 3149 2251 Neque
3175 2182 3323 2237 enim
3351 2183 3509 2246 dixit,
3541 2182 3597 2237 Si
3626 2184 3819 2253 linguis

2222 2268 2435 2340 loquar,
2468 2271 2561 2326 sed
2586 2312 2603 2338 ,
2637 2271 2789 2342 (Cap.
2820 2273 2913 2339 1⁸5)
2940 2274 2993 2328 1.
3019 2273 3081 2328 Si
3108 2274 3296 2342 linguis
3322 2274 3587 2328 hominum
3615 2276 3816 2344 loquar.

2221 2362 2360 2429 Quid
2391 2350 2657 2432 signiﬁcat
2686 2365 2841 2430 illud,
2874 2364 3199 2419 Hominum?
3227 2366 3480 2421 Omnium
3510 2383 3607 2436 per
3633 2371 3818 2425 orbem

2222 2454 2483 2522 gentium.
2515 2454 2701 2523 Neque
2725 2464 2905 2511 tamen
2934 2456 3036 2511 hac
3064 2456 3359 2526 hyperbole
3386 2466 3674 2514 contentus
3700 2459 3819 2526 fuit,

2224 2545 2318 2599 sed
2349 2545 2508 2599 aliam
2538 2545 2699 2617 longe
2748 2547 3011 2616 majorem
3044 2549 3217 2618 ponit,
3268 2550 3602 2621 subjungens
3646 2568 3713 2607 ac
3739 2553 3823 2607 di-

2223 2649 2376 2700 cens,
2429 2636 2497 2690 Et
2542 2637 2863 2706 angelorum,
2911 2642 3177 2695 caritatem
3227 2651 3397 2695 autem
3439 2659 3541 2696 non
3589 2642 3821 2706 habeam,

2225 2733 2392 2802 factus
2427 2746 2541 2783 sum
2575 2746 2646 2785 tes
2679 2746 2870 2784 sonans
2909 2740 2998 2783 aut
3033 2733 3319 2802 cymbalum
3361 2734 3601 2789 (intuens.
3638 2734 3826 2790 Vidcn'

2226 2836 2458 2889 quonam
2487 2834 2657 2889 usque
2683 2820 2884 2875 elatum
2914 2822 3209 2888 charisma,
3247 2838 3482 2891 quonam
3514 2839 3685 2895 usque
3724 2825 3822 2879 de-

2229 2911 2437 2965 miserit
2464 2916 2635 2980 ipsum
2659 2918 2713 2964 et
2738 2909 3073 2980 projeceritl
3098 2909 3284 2980 Neque
3305 2914 3451 2967 enim
3469 2914 3646 2967 solum
3666 2914 3824 2980 dixit,

2228 3001 2369 3056 Nihil
2390 3017 2531 3067 sunt,
2561 3002 2657 3056 sed
2679 2999 2874 3057 Factus
2896 3018 3010 3056 sum
3034 3016 3106 3057 as
3125 3018 3335 3070 sonans,
3360 3003 3674 3059 insensibile
3698 3002 3828 3070 quid

2229 3102 2285 3149 et
2312 3094 2682 3147 inauimatum.
2715 3091 3000 3160 Quomodo
3025 3101 3205 3148 autem
3250 3109 3326 3148 aes
3356 3094 3603 3150 sonans?
3629 3094 3829 3150 Vocem

2229 3183 2451 3254 quidem
2492 3183 2769 3247 emittens,
2811 3184 2906 3239 sed
2938 3185 3131 3239 frustm
3172 3195 3224 3239 et
3252 3194 3477 3251 temere,
3521 3186 3588 3241 ad
3621 3188 3831 3242 nullum

2231 3291 2408 3331 usum.
2439 3275 2800 3345 Praeterquam
2828 3276 2991 3330 cnim
3022 3274 3167 3346 quod
3212 3276 3344 3331 nihil
3373 3277 3611 3346 perﬁcio,
3659 3278 3836 3333 mole.

2233 3367 2391 3421 etiam
2421 3376 2612 3421 creare
2639 3366 2825 3421 videor
2869 3378 2923 3421 et
2955 3368 3218 3422 molestus
3260 3384 3383 3424 esse
3408 3369 3611 3424 multis.
3646 3370 3837 3425 Viden'

2234 3458 2505 3529 quomodo
2526 3460 2571 3513 is
2598 3460 2688 3529 qui
2719 3460 2961 3514 caritatis
2982 3474 3177 3528 expers
3196 3474 3301 3527 eSt,
3333 3462 3638 3528 inanimatis
3662 3470 3719 3517 et
3748 3462 3837 3516 in-

2237 3552 2530 3607 sensilibus
2556 3554 2626 3607 sit
2646 3553 2876 3608 similis?
2900 3552 3163 3623 Linguam
3194 3564 3375 3611 autem
3404 3558 3718 3627 angelorum
3746 3556 3837 3612 hic

2236 3642 2388 3710 dicit,
2422 3658 2530 3697 non
2558 3658 2757 3712 corpus
2795 3644 3004 3713 angelis
3042 3644 3305 3714 tribuens,
3350 3646 3444 3701 sed
3476 3649 3578 3703 hoc
3600 3649 3714 3703 vult
3753 3651 3835 3704 si-

2237 3734 2536 3805 gniﬁcare:
2570 3734 2794 3789 Etiamsi
2836 3735 2907 3789 ita
2938 3734 3147 3806 loquar,
3183 3746 3245 3791 ut
3270 3738 3446 3808 angeli
3489 3739 3669 3794 solent
3694 3740 3841 3795 inter

2240 3841 2301 3883 se
2321 3826 2579 3896 colloqui,
2611 3827 2729 3882 sine
2757 3826 2984 3882 caritate
3004 3826 3137 3881 nihil
3167 3843 3285 3883 sum
3312 3844 3327 3893 ;
3361 3829 3471 3883 imo
3495 3843 3760 3886 onerosus
3780 3841 3845 3885 et

2242 3918 2521 3973 molestus.
2557 3918 2647 3973 Sic
2673 3918 2815 3972 enim
2845 3917 2970 3971 alibi
3001 3931 3215 3986 quoque
3242 3931 3364 3972 cum
3392 3917 3523 3974 dicit
3549 3937 3564 3974 :
3591 3918 3707 3989 Ipsi
3738 3920 3842 3989 ﬂe—

2242 4020 2404 4064 ctetur
2430 4026 2577 4063 omne
2605 4026 2734 4081 genu
2762 4009 3061 4075 cclcstium,
3089 4010 3402 4064 terrestrium
3435 4020 3483 4066 et
3518 4012 3845 4081 infernarum

2247 4098 2507 4170 (Philipp.
2533 4100 2589 4162 2,
2611 4099 2735 4169 10);
2768 4113 2878 4154 non
2903 4114 3076 4170 genua
3103 4106 3159 4153 et.
3178 4114 3298 4155 ossa
3318 4102 3524 4171 angelis
3538 4101 3844 4155 attribuens

2247 4191 2363 4245 lucc
2392 4192 2555 4256 dicit;
2578 4192 2752 4257 absit;
2785 4192 2880 4246 sed
2908 4201 2963 4247 et
2987 4194 3250 4246 intensam
3274 4202 3328 4247 et
3350 4192 3605 4263 grandem
3637 4193 3847 4247 adora-

2248 4286 2448 4337 tionem
2477 4299 2572 4353 per
2598 4284 2749 4339 illum
2778 4299 2887 4355 quo
2931 4284 3070 4354 apud
3111 4299 3213 4339 nos
3244 4285 3301 4340 ﬁt
3328 4285 3548 4340 modum
3590 4286 3845 4341 subindi-

2246 4391 2375 4429 rare
2404 4376 2534 4431 vult.
2566 4377 2657 4430 Sic
2681 4386 2737 4430 et
2766 4376 2867 4430 hoc
2895 4376 3013 4429 loco
3055 4375 3287 4444 linguam
3320 4376 3549 4443 voravit,
3583 4392 3690 4431 non
3717 4391 3847 4431 car-
3908 4433 3919 4443 ,

2248 4468 2333 4522 nis
2361 4483 2621 4537 organum
2648 4468 2979 4539 signiﬁcans,
3024 4466 3117 4521 sed
3148 4466 3360 4520 illorum
3390 4477 3634 4522 mutuum
3668 4468 3849 4522 collo-

2248 4567 2431 4635 quium
2457 4571 2585 4616 noto
2604 4561 2744 4631 apud
2770 4574 2869 4615 nos
2892 4559 3053 4613 modo
3077 4558 3401 4613 adumbrare
3426 4558 3611 4613 voluit.
3638 4556 3853 4613 Deinde

2252 4664 2309 4709 ut
2334 4655 2600 4723 acceptior
2633 4653 2725 4707 ﬁat
2771 4651 2964 4715 oratio,
3007 4665 3115 4705 non
3154 4650 3220 4705 ad
3251 4650 3456 4721 linguas
3501 4663 3671 4720 usque
3713 4662 3852 4701 con-

2251 4746 2413 4805 sistit,
2444 4744 2537 4798 sed
2564 4745 2630 4797 ad
2654 4743 2863 4812 reliqua
2894 4743 3068 4811 pergit
3086 4741 3433 4805 charismata,
3463 4739 3774 4807 omniaque,
3800 4741 3849 4793 si

2252 4838 2341 4893 illa
2374 4835 2533 4897 :tbsll,
2564 4834 2848 4904 dejiciens,
2877 4841 3004 4886 tunc
3031 4832 3147 4901 ejus
3175 4832 3413 4903 depingit
3441 4830 3728 4899 imaginem
3759 4843 3853 4886 :ct

2251 4929 2506 5000 quoniam
2558 4924 2891 4993 ampliﬁcare
2936 4923 3049 4978 vult
3100 4925 3422 4985 orationem,
3470 4934 3501 4973 a
3543 4919 3856 4978 minoribus

2255 5020 2533 5087 incipiens,
2579 5017 2645 5072 ad
2687 5016 2887 5088 majora
2937 5016 3201 5072 ascendit.
3232 5012 3385 5080 Quod
3430 5011 3595 5078 enim,
3628 5015 3855 5085 quando

2252 5127 2440 5167 eorum
2473 5110 2725 5165 indicavit
2752 5109 3018 5173 ordinem,
3050 5114 3382 5175 postremum
3412 5106 3607 5172 posuit,
3651 5122 3855 5175 nempe

2252 5203 2453 5257 donum
2483 5203 2808 5273 linguarum,
2839 5200 2942 5254 hoc
2969 5210 3111 5251 nunc
3138 5193 3367 5263 primum
3411 5208 3681 5263 numerat,
3718 5212 3857 5266 pau-

2257 5296 2426 5362 latit‘n,
2470 5305 2527 5349 ut
2577 5295 2709 5358 dixi,
2742 5291 2810 5347 ad
2842 5289 3046 5357 majora
3096 5286 3413 5342 ascendens.
3446 5287 3576 5342 Nam
3624 5303 3749 5343 cum
3778 5287 3856 5341 de

2254 5387 2448 5456 linguis
2472 5386 2717 5453 dixisset,
2748 5384 2813 5438 ad
2846 5379 3181 5451 prOpbetiam
3213 5394 3335 5435 mox
3368 5381 3580 5445 transit,
3629 5388 3685 5432 et
3726 5378 3806 5430 ait
3831 5415 3845 5428 .

2253 5478 2308 5532 Ξ.
2343 5478 2409 5531 Et
2453 5480 2495 5531 si
2528 5478 2750 5531 habuero
2781 5471 3139 5543 prapltetiam;
3186 5481 3242 5527 et
3278 5470 3420 5526 hanc
3459 5482 3674 5525 rursum
3726 5482 3855 5521 cum

2258 5570 2570 5642 hyperbole.
2617 5572 2769 5625 SlClll
2817 5565 2962 5620 enim
3014 5564 3082 5619 ibi
3114 5564 3323 5634 linguas
3369 5577 3476 5617 non
3509 5558 3709 5629 posuit,
3752 5566 3860 5615 sed

2257 5662 2530 5716 hominum
2560 5657 2799 5714 omnium
2830 5654 3059 5725 linguas,
3084 5664 3138 5709 et
3164 5664 3484 5724 progressus
3503 5648 3664 5702 etiam
3684 5662 3860 5719 ange-

2257 5756 2451 5823 lorum,
2481 5763 2534 5808 et
2566 5763 2693 5807 tunc
2719 5750 2955 5807 ostendit
2980 5749 3082 5805 hoc
3109 5747 3377 5805 charisma
3420 5742 3553 5802 nihil
3579 5758 3702 5801 esse
3733 5746 3863 5805 sine
