4038 6216
263 318 370 374 269

262 436 487 486 raritate
515 429 630 485 :sic
656 437 710 482 et
738 426 840 481 hoc
868 426 989 482 loco
1028 436 1133 478 non
1176 421 1511 492 prophetiam
1553 417 1701 489 ponit
1730 425 1849 469 tau-

265 534 397 587 tmn,
428 521 521 577 sed
565 534 827 574 summam
875 516 1034 572 etiam
1064 515 1422 585 prophetiam.
1453 511 1589 566 Cum
1629 510 1854 563 dixisset

263 614 427 678 enim,
459 612 517 665 Si
550 610 769 663 habuero
796 606 1135 678 praphetiant,
1183 603 1457 672 subjunxit
1489 620 1502 656 :
1535 600 1600 653 Et
1627 598 1850 652 noverim

268 706 501 773 mysteria
536 703 707 756 omnia
735 686 781 751 et
812 714 1010 753 omnem
1038 697 1336 760 scientiam;
1366 708 1488 748 cum
1526 689 1769 760 emphasi
1798 697 1853 743 et

266 795 559 849 intentione
592 792 693 844 hoc
714 791 874 844 etiam
902 788 1168 842 charisma
1193 798 1419 854 ponens.

334 888 388 939 4.
423 882 620 938 Deinde
646 881 711 936 ad
738 881 942 949 reliqua
991 880 1314 933 charismata
1365 873 1728 945 progreditur.
1787 870 1854 923 Et

264 991 330 1030 ne
387 975 593 1043 singula
647 986 969 1027 enumerans
1023 969 1265 1022 videatur
1324 981 1539 1020 rursum
1596 962 1853 1018 molestus

261 1080 424 1129 esse,
472 1072 697 1118 matrem
744 1074 797 1117 et
846 1062 1046 1115 fontem
1098 1060 1336 1114 omnium
1381 1056 1571 1128 ponit,
1599 1066 1655 1111 et
1686 1056 1852 1123 ipsam

263 1172 450 1212 rursus
478 1172 597 1212 cum
651 1154 982 1227 hyperbole,
1032 1156 1109 1207 sic
1157 1154 1385 1207 dicens:
1423 1151 1486 1203 Et
1536 1151 1580 1203 si
1634 1147 1853 1199 habuero

260 1268 462 1305 onmem
488 1250 661 1319 ﬁdem.
688 1249 869 1319 Neque
912 1248 1043 1301 satis
1082 1246 1263 1300 habuit
1320 1245 1421 1298 hoc
1469 1243 1667 1296 dixisse
1691 1282 1705 1304 ,
1760 1238 1854 1293 sed

261 1343 422 1395 etiam
452 1342 580 1395 illud
608 1381 623 1407 ,
668 1340 810 1410 quod
860 1348 915 1392 ιιι
960 1338 1252 1391 maximum
1302 1335 1544 1389 Christus
1593 1333 1758 1395 dixit,
1802 1330 1851 1383 id

260 1433 427 1487 etiam
488 1432 687 1501 adjecit
723 1450 735 1483 :
777 1431 857 1483 Ita
884 1440 935 1482 ut
963 1439 1154 1483 montes
1202 1432 1505 1497 transferam
1528 1468 1542 1490 ,
1595 1425 1857 1477 caritatem

260 1536 430 1578 autent
458 1540 559 1577 non
590 1522 811 1575 habuero
834 1562 848 1585 ,
889 1520 1018 1574 nihil
1038 1537 1172 1575 sum.
1201 1518 1484 1588 Perpende
1509 1526 1686 1571 autem
1717 1531 1853 1583 quo-

262 1615 424 1669 modo
458 1615 543 1667 hic
569 1627 757 1667 rursus
789 1613 1091 1681 linguarum
1121 1610 1433 1680 dignitatem
1461 1608 1698 1678 dejiciat.
1726 1606 1857 1659 Pro-

261 1707 457 1775 phetim
478 1720 709 1775 namque
732 1706 958 1758 multum
989 1703 1227 1758 ostendit
1254 1703 1458 1755 lucrum
1482 1740 1496 1766 ,
1539 1698 1680 1768 qunti
1718 1698 1854 1751 sciat

261 1798 517 1869 mysteria
543 1806 595 1850 et
645 1812 859 1851 omnem
902 1795 1098 1850 habeat
1140 1795 1454 1855 scientiam;
1508 1792 1629 1845 ﬁdei
1676 1799 1852 1843 autem

260 1904 397 1956 Opus
427 1904 533 1943 non
562 1903 782 1957 parvum
811 1929 824 1951 ,
857 1888 996 1957 quod
1028 1895 1241 1941 montes
1286 1885 1570 1939 transferat
1600 1902 1612 1936 :
1642 1884 1708 1937 de
1750 1883 1852 1934 Iin-

257 1979 380 2047 guis
408 1992 535 2033 vero
577 1980 747 2046 ipsum
781 1981 952 2033 solum
998 1979 1264 2033 charisma
1307 1977 1580 2039 indicans,
1630 1974 1851 2028 recedit.

260 2070 339 2123 Tu
389 2070 517 2123 mihi
564 2070 693 2123 illud
736 2086 949 2139 quoque
996 2071 1299 2134 considera,
1350 2067 1620 2138 quomodo
1671 2067 1852 2134 paucis

259 2164 440 2215 omnia
479 2162 793 2230 complexus
824 2162 892 2215 sit
923 2162 1270 2226 charismata,
1307 2162 1641 2230 prophetiam
1667 2159 1852 2213 dicens

257 2264 313 2307 et
344 2254 501 2308 ﬁdem
535 2271 548 2306 :
578 2264 668 2308 aut
711 2255 854 2308 enim
902 2254 952 2307 in
1000 2255 1175 2308 verbis
1216 2254 1386 2307 autin
1417 2253 1673 2322 operibus
1701 2253 1851 2320 signa

258 2355 402 2399 sunt.
434 2345 538 2400 Sed
572 2346 841 2415 quomodo
886 2344 1132 2399 Christus
1184 2345 1354 2410 dixit,
1404 2345 1682 2397 minimam
1731 2356 1852 2397 esse

259 2436 384 2490 ﬁdei
417 2446 642 2506 partem,
671 2451 828 2507 posse
854 2444 1092 2491 montem
1122 2436 1411 2490 transferre
1437 2436 1460 2487 ?
1490 2449 1613 2487 nam
1650 2441 1709 2486 ut
1753 2433 1852 2485 mi-

258 2530 466 2583 nimum
495 2530 802 2600 significans
824 2570 839 2593 ,
886 2531 955 2581 ita
989 2530 1165 2597 posuit
1210 2528 1394 2580 dicens
1426 2544 1437 2578 :
1473 2525 1533 2580 Si
1579 2523 1853 2578 habueritis

258 2622 411 2689 ﬁdem
444 2623 573 2675 sicut
602 2639 816 2689 granum
844 2623 1058 2689 sinapis,
1086 2622 1260 2673 dicetis
1291 2621 1409 2671 huic
1436 2621 1611 2680 monti,
1646 2618 1850 2681 Transi,

259 2722 304 2763 et
332 2712 563 2764 transibit
601 2712 617 2780 (
651 2711 837 2763 Matth.
868 2711 957 2775 l7,
986 2709 1051 2762 19
1080 2724 1091 2777 )
1126 2727 1137 2759 :
1173 2710 1367 2762 Paulus
1396 2724 1521 2761 vero
1544 2707 1671 2761 dicit
1715 2708 1851 2759 hanc

257 2817 473 2855 omnem
503 2802 659 2854 fidem
683 2802 841 2855 esse?
868 2800 1003 2868 Quid
1048 2815 1178 2870 ergo
1221 2798 1545 2853 dicendum?
1583 2797 1847 2863 Quoniam

257 2909 509 2962 magnum
542 2893 668 2947 illud
698 2906 847 2955 erat,
880 2904 1117 2945 montem
1170 2891 1463 2944 transferre
1489 2930 1503 2951 ,
1552 2890 1672 2943 ideo
1720 2888 1847 2941 illud

259 2982 613 3044 memoravit;
650 2999 755 3036 non
780 2983 929 3053 quasi
965 2983 1065 3035 hoc
1095 2982 1206 3035 sola
1236 2989 1416 3050 posset
1441 2990 1547 3034 tota
1579 2979 1733 3043 ﬁdes,
1755 2978 1848 3032 sed

256 3073 379 3141 quia
413 3074 513 3126 hoc
542 3089 790 3141 magnum
818 3072 1170 3126 crassioribus
1199 3071 1473 3125 videbatur
1500 3085 1619 3125 esse
1645 3068 1716 3123 ob
1737 3082 1852 3121 mo-

257 3169 365 3220 lem
393 3167 653 3234 corpnris,
688 3166 808 3219 hinc
835 3180 1049 3235 quoque
1081 3181 1191 3217 rem
1245 3164 1569 3232 propositam
1620 3161 1849 3231 ampliﬁ-

256 3269 363 3313 cat.
395 3260 507 3313 lloc
537 3270 711 3312 autem
739 3260 849 3311 vult
881 3257 1184 3327 signiﬁcare
1216 3276 1227 3310 :
1261 3257 1314 3311 Si
1361 3256 1600 3309 habuero
1629 3270 1848 3309 omnem

257 3352 441 3414 ﬁdem,
470 3364 521 3405 et
552 3354 594 3406 si
620 3353 817 3420 possim
850 3361 1065 3405 montes
1099 3350 1411 3411 transferre,
1446 3349 1726 3403 caritatem
1756 3363 1850 3400 au-

257 3455 365 3499 tem
399 3462 504 3498 non
532 3445 787 3509 habuero,
820 3445 949 3498 nihil
980 3459 1120 3499 sum.
1154 3445 1207 3497 3.
1245 3442 1310 3495 Et
1353 3444 1397 3496 si
1442 3444 1744 3495 distribuere
1798 3443 1850 3495 in

258 3541 394 3591 cibos
423 3554 703 3607 pauperum
735 3554 904 3591 omnes
930 3540 1199 3607 facultates
1228 3554 1394 3602 meas,
1433 3548 1478 3589 et
1523 3538 1566 3589 si
1595 3536 1851 3589 tradidero

259 3646 442 3697 corpus
484 3644 647 3681 meum
684 3630 754 3679 ita
779 3637 831 3680 ut
855 3631 1061 3702 ardeant
1088 3671 1101 3691 ,
1139 3630 1401 3681 caritatem
1430 3636 1593 3680 autem
1622 3632 1726 3681 non
1754 3629 1850 3680 ha-

262 3724 411 3774 bnero
438 3763 453 3785 ,
484 3722 612 3773 nihil
638 3722 759 3773 mihi
798 3721 1019 3789 prodest.
1074 3722 1251 3790 Papm,
1279 3730 1473 3788 quanta
1521 3721 1847 3792 hyperbole!

262 3815 475 3867 Etenim
510 3813 622 3868 haec
652 3815 938 3883 punitenm
963 3814 1069 3868 alio
1106 3814 1495 3868 additamento.
1546 3814 1659 3868 Non
1707 3815 1851 3867 enim

260 3908 441 3962 dixit:
491 3908 545 3962 Si
586 3908 786 3962 dedero
840 3907 1161 3976 pauperibus
1212 3907 1487 3961 dimidiam
1544 3907 1850 3960 facultatum

258 4014 503 4053 mearum
546 4007 752 4067 partem
776 4040 788 4062 ,
826 4008 914 4051 aut
940 3998 1073 4052 duas
1102 4000 1181 4050 vel
1233 4007 1340 4051 tres
1388 4007 1599 4066 partes;
1648 3998 1766 4061 sed,
1792 3998 1853 4052 Si

261 4107 436 4144 omnes
463 4091 731 4156 facultates
759 4106 911 4143 meas.
939 4090 1120 4159 Neque
1146 4091 1309 4154 dixit,
1343 4089 1571 4156 Dedcro,
1601 4090 1715 4152 sed,
1745 4089 1854 4143 Dis-

261 4184 485 4235 tribuero
512 4184 562 4235 in
584 4184 763 4245 cibos;
800 4183 869 4235 ita
901 4191 956 4234 ιιι
982 4198 1101 4236 cum
1137 4183 1374 4251 impensa
1408 4183 1567 4236 etiam
1609 4183 1851 4236 ministe-

260 4278 401 4331 riu;n
435 4286 487 4330 et
517 4291 737 4345 operam
766 4276 1001 4344 adjiciat,
1026 4292 1147 4329 cum
1183 4277 1523 4329 accnratione
1568 4276 1737 4330 omni.
1786 4275 1853 4328 Et

261 4371 306 4422 si
327 4368 513 4422 dedero
544 4385 727 4435 corpus
753 4385 947 4433 meum,
979 4370 1048 4421 ita
1072 4380 1126 4421 ut
1154 4372 1381 4421 ardeant.
1420 4369 1533 4423 Non
1577 4360 1747 4433 dixit,
1795 4368 1851 4423 Si

264 4448 517 4525 mbriar;
570 4461 663 4515 sed
719 4460 820 4517 hoc
859 4464 1018 4515 etiam
1064 4476 1183 4516 cum
1234 4462 1525 4531 hyperbole
1571 4462 1851 4516 :omnium

263 4552 407 4604 enim
436 4552 748 4621 gravissima
776 4562 948 4606 morte
978 4554 1149 4621 posita
1180 4594 1191 4615 ,
1234 4569 1426 4621 nempe
1474 4554 1653 4607 vivum
1700 4569 1850 4608 com-

265 4642 381 4695 huri
410 4683 424 4706 ,
456 4657 572 4695 eam
613 4644 772 4696 etiam
820 4644 936 4697 sine
984 4645 1206 4697 caritate
1253 4644 1386 4697 nihil
1432 4660 1681 4715 magnum
1734 4661 1854 4700 esse

265 4734 425 4787 dixit.
460 4734 747 4802 Snbjunxit
778 4736 977 4805 itaque,
1008 4734 1157 4789 Nihil
1186 4737 1308 4789 mihi
1329 4739 1549 4804 prodest.
1581 4737 1685 4792 Sed
1719 4754 1853 4792 non-

264 4824 393 4878 dum
423 4834 587 4879 totam
619 4826 950 4897 hyperbolen
976 4827 1187 4882 ostendi
1214 4868 1229 4891 ,
1260 4826 1433 4883 donec
1461 4827 1657 4883 Christi
1706 4831 1853 4883 testi-

266 4918 442 4971 tuunia
498 4920 637 4973 circa
690 4920 1090 4990 eleemosynam
1136 4931 1191 4974 et
1234 4931 1461 4975 mortem
1512 4923 1565 4976 iu
1616 4923 1850 4977 medium

264 5010 561 5065 adduxero.
616 5011 871 5077 Quamam
938 5027 1067 5082 ergo
1112 5024 1240 5067 sunt
1287 5014 1637 5069 testimonia?
1689 5015 1851 5069 Diviti

264 5102 421 5167 dixit,
456 5103 516 5157 Si
554 5103 626 5156 vis
667 5107 919 5173 perfectus
953 5120 1090 5170 esse,
1122 5104 1278 5159 vende
1303 5107 1474 5159 omnia
1504 5122 1617 5175 qua:
1663 5107 1814 5161 habes
1836 5148 1851 5172 ,

264 5203 310 5247 et
347 5194 413 5247 da
449 5195 755 5264 pauperibus
774 5236 789 5261 ,
826 5204 872 5248 et
912 5197 1024 5249 veni
1043 5211 1248 5265 sequere
1266 5213 1345 5251 me
1373 5197 1584 5266 (Matth.
1610 5197 1695 5260 19,
1724 5198 1851 5268 2|);

263 5292 321 5338 et
344 5283 411 5337 de
438 5288 661 5340 caritate
687 5301 811 5357 erga
842 5288 1140 5355 proximum
1158 5288 1429 5343 disserens
1449 5289 1524 5343 ait
1556 5308 1569 5343 :
1601 5289 1854 5356 Maiorem

267 5377 364 5428 hac
385 5375 644 5427 caritatem
666 5394 811 5431 nemo
840 5379 987 5432 habet
1010 5418 1025 5441 ,
1054 5390 1110 5432 ιιι
1144 5382 1255 5449 quis
1281 5389 1436 5447 ponat
1463 5382 1685 5434 animam
1707 5400 1852 5436 suam

266 5485 361 5537 pro
383 5466 560 5518 amicis
581 5468 685 5517 suis
711 5468 729 5535 (
752 5467 910 5520 Joan.
947 5471 1031 5526 l5.
1062 5473 1129 5525 15
1152 5474 1190 5539 ).
1223 5471 1373 5527 Unde
1403 5474 1574 5541 palam
1591 5482 1674 5529 est
1692 5476 1851 5529 etiam

266 5556 407 5627 apud
463 5557 627 5610 Deum
677 5555 778 5609 hoc
825 5560 1064 5613 omnium
1113 5563 1402 5616 maximttm
1453 5579 1593 5619 esse.
1642 5568 1712 5619 Αι
1754 5581 1853 5635 ego

265 5648 408 5712 dico,
444 5648 613 5715 tuquit
644 5646 865 5708 Paulus,
894 5649 1101 5702 etiamsi
1133 5667 1230 5718 pro
1260 5654 1369 5706 Deo
1399 5669 1656 5721 ponamus
1684 5656 1850 5716 illam,

266 5752 442 5808 neque
468 5742 639 5795 Solum
669 5755 947 5808 ponamus.
980 5739 1072 5793 sed
1102 5742 1167 5794 ita
1202 5752 1254 5795 ιιι
1282 5743 1661 5799 comburamur
1710 5746 1853 5815 (hoc

1225 306 1291 361 ΙΝ
1331 303 1544 365 EPIST.
1586 302 1605 357 l
1670 303 1761 357 AD
1797 297 1954 355 COR.
2000 300 2229 354 llOillL.
2273 300 2493 356 XXXII.

3439 309 3549 365 270

1959 416 2099 469 enim
2130 416 2229 470 sibi
2254 417 2384 481 vult,
2416 417 2569 482 illud,
2600 417 2662 473 Si
2694 418 2953 473 tradidero
2977 436 3165 490 corpus
3193 438 3381 489 meum,
3400 426 3469 477 ita
3491 434 3546 478 ut

1958 506 2204 579 ardeam)
2229 548 2246 574 ,
2279 524 2385 563 non
2424 525 2672 580 magnum
2699 512 2803 566 erit
2826 512 3033 566 lucrum
3060 513 3214 569 nobis
3237 554 3255 582 ,
3284 515 3329 568 si
3369 516 3552 583 proxi-

1960 615 2103 653 mum
2128 614 2233 655 non
2263 600 2567 671 diligamus.

2030 692 2351 748 Charismata
2375 711 2461 749 seu
2485 695 2622 749 dona
2644 695 2773 749 nihil
2804 706 3018 761 prosunt
3046 696 3157 752 sine
3180 697 3311 752 bona
3328 700 3451 753 vita.
3474 728 3548 742 —

1961 780 2141 851 Itaque
2162 782 2341 838 dicere
2364 784 2690 838 charismata
2715 800 2819 839 non
2849 786 3073 840 multum
3104 787 3380 857 prodesse,
3406 792 3551 845 cari-

1962 884 2066 930 tate
2097 876 2339 944 absente,
2371 878 2498 931 nihil
2530 881 2723 933 mirum
2756 897 2769 933 :
2802 894 2927 933 nam
2956 880 3006 933 in
3039 880 3143 933 vita
3172 895 3385 950 quoque
3412 880 3551 938 infe-

1960 969 2102 1023 riora
2127 979 2254 1024 sunt
2278 971 2626 1025 charismata.
2654 971 2801 1026 Multi
2837 987 3067 1042 namque
3106 973 3195 1042 qui
3226 972 3549 1028 charismata

1960 1061 2254 1116 exhibuere
2275 1104 2287 1124 ,
2325 1063 2446 1131 quia
2476 1063 2703 1131 improbi
2735 1062 2947 1116 fuerunt
2971 1104 2986 1127 ,
3023 1077 3209 1133 poenas
3237 1062 3497 1119 dederunt
3533 1082 3550 1120 :

1962 1163 2019 1207 ut
2046 1154 2118 1208 illi
2147 1155 2233 1224 qui
2266 1155 2315 1208 in
2346 1155 2562 1210 nomine
2591 1156 2705 1225 ejus
2752 1155 3236 1225 prophetaverant,
3285 1157 3551 1213 daemonia

1962 1247 2125 1299 multa
2176 1246 2485 1315 ejecerant,
2537 1258 2591 1301 et
2643 1247 2868 1301 virtutes
2919 1248 3116 1303 multas
3170 1248 3448 1316 fecerant;
3497 1259 3556 1305 ut

1960 1336 2126 1391 ludas
2156 1336 2398 1406 proditor
2428 1353 2441 1391 :
2472 1337 2561 1391 alii
2591 1346 2768 1391 autem
2795 1337 2980 1391 ﬁdeles
3004 1379 3019 1404 ,
3049 1339 3137 1409 qui
3168 1340 3330 1393 vitam
3379 1334 3554 1395 duxe-

1960 1440 2080 1483 rant
2115 1446 2297 1497 pnram
2321 1470 2334 1491 ,
2364 1431 2508 1484 nullo
2538 1431 2644 1484 alio
2669 1446 2805 1499 Opus
2837 1430 3074 1485 habuere
3096 1430 3162 1485 ad
3190 1433 3422 1487 salutem
3457 1434 3554 1488 ob-

1962 1521 2252 1574 tinendam.
2275 1521 2424 1589 Quod
2443 1537 2572 1591 ergo
2602 1523 2946 1589 charismata,
2970 1532 3033 1576 -ιιι
3058 1523 3191 1587 dixi,
3225 1524 3310 1577 illa
3340 1535 3553 1594 egeant,

1962 1611 2090 1663 nihil
2124 1611 2318 1664 mirum
2348 1630 2361 1662 ;
2391 1613 2531 1680 quod
2565 1622 2746 1666 autem
2779 1614 2884 1667 vita
2916 1625 3163 1668 accurata
3195 1627 3245 1669 et
3272 1632 3400 1684 pura
3421 1616 3553 1672 nihil

1960 1702 2129 1772 possit
2152 1703 2267 1755 sine
2289 1702 2375 1756 illa
2398 1744 2411 1765 ,
2443 1704 2542 1755 hoc
2571 1714 2720 1758 certe
2745 1720 2990 1774 magnam
3017 1705 3171 1760 effert
3193 1706 3548 1777 hyperbolen,

1958 1806 2013 1849 et
2045 1794 2264 1847 multam
2291 1794 2431 1863 parit
2454 1793 2825 1847 diflieultatem
2854 1813 2867 1858 ;
2900 1810 3020 1849 cum
3052 1798 3284 1849 maxime
3306 1797 3554 1852 Christus

1959 1889 2044 1943 his
2061 1888 2319 1942 ambobus
2342 1903 2527 1957 magna
2550 1887 2845 1942 decernere
2875 1889 3148 1954 videatur;
3170 1906 3362 1959 nempe
3391 1889 3553 1945 facul-

1961 1990 2127 2035 tatum
2179 1980 2541 2043 abdicationi,
2585 1990 2639 2034 et
2678 1981 2930 2048 periculis
2958 1982 3219 2051 martyrii.
3246 1982 3375 2035 Nam
3402 1982 3552 2036 diviti

1959 2074 2051 2139 ait,
2080 2081 2134 2126 ut
2157 2072 2266 2141 jam
2300 2071 2447 2125 dixi:
2484 2070 2545 2125 Si
2576 2072 2648 2124 vis
2678 2073 2931 2140 perfectus
2977 2090 3119 2139 esse,
3174 2072 3328 2125 vende
3379 2074 3552 2127 omnia

1956 2184 2070 2236 qua:
2094 2168 2265 2230 habes,
2288 2175 2335 2220 et
2364 2166 2430 2218 da
2469 2167 2774 2234 pauperibus
2796 2207 2809 2230 ,
2842 2177 2888 2217 et
2933 2168 3060 2235 veni,
3087 2184 3283 2230 sequere
3328 2184 3445 2231 me;
3492 2177 3548 2222 et

1957 2258 2232 2325 discipulis
2263 2257 2330 2311 de
2360 2257 2619 2327 martyrio
2649 2255 2927 2310 disserens
2952 2256 3162 2309 diccbat
3192 2274 3204 2309 :
3242 2257 3342 2323 Qui
3369 2258 3541 2325 perdi-

1957 2348 2086 2400 derit
2114 2347 2339 2399 aniutam
2364 2363 2510 2399 suum
2538 2356 2742 2415 propter
2775 2363 2851 2399 me
2870 2388 2883 2410 ,
2914 2346 3130 2399 inveniet
3154 2363 3295 2410 eam;
3326 2358 3378 2404 et
3403 2388 3417 2412 ,
3448 2346 3551 2412 Qui

1957 2457 2035 2494 me
2064 2440 2320 2509 confessus
2351 2440 2502 2506 fuerit
2532 2455 2706 2491 coram
2734 2439 3047 2502 hominibus,
3079 2440 3357 2507 conﬁtebor
3382 2448 3430 2493 et
3454 2456 3547 2510 ego

1954 2547 2067 2583 eunt
2094 2546 2267 2583 coram
2292 2528 2444 2581 Patre
2472 2545 2601 2593 meo,
2631 2530 2715 2598 qui
2744 2538 2816 2581 est
2842 2530 2897 2582 in
2926 2530 3063 2583 caelis
3091 2530 3306 2600 (Matth.
3342 2530 3523 2597 16,95
3542 2578 3555 2599 ,

1956 2635 2001 2676 et
2033 2623 2120 2692 10,
2152 2622 2222 2678 32
2252 2623 2292 2693 ).
2346 2622 2480 2675 Nam
2528 2622 2688 2689 hujus
2739 2622 3007 2689 praeclara:
3055 2632 3217 2690 gesta:
3268 2622 3343 2675 rei
3398 2621 3551 2677 labor

1957 2729 2182 2783 magnus
2211 2723 2322 2777 est,
2359 2714 2603 2782 utipsam
2635 2713 2746 2767 fere
2776 2722 2993 2779 superat
3021 2720 3262 2765 naturam
3301 2728 3312 2763 :
3339 2721 3391 2765 et
3443 2710 3546 2764 hoc

1956 2803 2121 2872 probe
2147 2803 2325 2857 sciunt
2348 2804 2403 2864 ii,
2433 2805 2519 2871 qui
2556 2803 2701 2857 hisce
2732 2803 2946 2857 cor0nis
2972 2803 3113 2871 digni
3145 2805 3289 2856 fuere
3320 2819 3331 2853 :
3367 2802 3544 2854 nullus

1955 2894 2097 2947 enim
2122 2910 2300 2948 sermo
2318 2892 2369 2945 id
2392 2893 2693 2961 eXprimere
2733 2893 2896 2961 possit
2923 2908 2935 2955 ;
2963 2895 3028 2944 ita
3058 2907 3333 2961 generosae
3353 2906 3545 2961 nempe

1956 2988 2146 3041 anima:
2173 2987 2377 3040 facinus
2403 2995 2507 3050 est,
2539 2992 2592 3039 et
2628 3000 2787 3053 supra
2820 2983 3037 3037 modum
3065 2984 3462 3037 admirandum.

2022 3066 2076 3132 Β.
2101 3080 2349 3131 Attamen
2371 3076 2496 3130 illud
2514 3076 2886 3130 admirandum
2912 3090 3015 3129 neu
3041 3076 3265 3129 multum
3286 3075 3543 3147 prodesse

1954 3171 2069 3224 sine
2095 3171 2318 3223 caritate
2346 3168 2476 3221 dicit
2516 3166 2715 3221 Paulus
2741 3208 2756 3231 ,
2806 3168 3013 3221 etiamsi
3057 3168 3326 3237 depositas
3368 3165 3542 3220 facul-

1954 3272 2090 3315 tates
2121 3260 2277 3315 simul
2317 3260 2527 3328 junctas
2575 3258 2789 3311 habeat.
2843 3260 2949 3311 Cur
2990 3272 3117 3328 ergo
3159 3258 3236 3313 sic
3289 3258 3543 3329 loquutus

1954 3355 2076 3408 est?
2118 3353 2231 3407 Hoc
2256 3353 2365 3421 jam
2399 3350 2685 3405 ostendere
2714 3350 2985 3411 conabor.
3020 3366 3140 3405 cum
3192 3351 3362 3419 primo
3416 3349 3541 3405 iliud

1954 3445 2281 3517 qumsierim,
2316 3443 2585 3513 quomodo
2615 3444 2657 3495 is
2679 3444 2769 3511 qui
2802 3444 3078 3498 facultates
3104 3457 3292 3497 omnes
3320 3445 3370 3497 in
3398 3445 3546 3499 cibos

1955 3540 2266 3603 distribuit,
2302 3541 2468 3606 possit
2497 3552 2616 3591 esse
2642 3536 2759 3591 sine
2800 3538 3045 3591 caritate.
3096 3536 3186 3589 ille
3229 3538 3369 3591 enim
3395 3580 3409 3602 ,
3454 3539 3545 3607 qui

1958 3643 2173 3700 paratus
2196 3641 2275 3683 est
2302 3631 2366 3683 ad
2398 3630 2640 3698 corporis
2667 3629 3095 3683 combustionem
3118 3671 3132 3695 ,
3170 3628 3293 3684 licet
3335 3628 3545 3683 charis-

1958 3734 2094 3777 mata
2132 3723 2338 3787 haheat,
2373 3722 2484 3777 ﬁeri
2510 3722 2734 3777 fortasse
2767 3731 2939 3791 potest
2973 3733 3027 3773 nt
3054 3737 3155 3776 non
3183 3720 3363 3791 diligat
3395 3737 3409 3773 :
3450 3722 3542 3775 sed

1958 3818 2045 3869 ille
2074 3817 2163 3885 qui
2196 3831 2299 3869 non
2327 3814 2485 3869 modo
2516 3814 2798 3868 facultates
2821 3814 2947 3879 dat,
2982 3814 3074 3867 sed
3103 3814 3263 3867 etiam
3296 3817 3345 3868 in
3394 3815 3544 3869 cibos

1956 3907 2260 3972 distribuit,
2294 3906 2563 3977 quomodo
2592 3920 2697 3959 non
2744 3904 2956 3974 diligit?
3004 3904 3139 3971 Quid
3192 3920 3320 3975 ergo
3364 3905 3547 3961 dicen-
3622 3958 3627 3965 ,

1956 4005 2080 4055 dum
2104 4004 2126 4053 ‘t
2160 4001 2249 4054 Vel
2281 3994 2506 4070 quodid
2534 4000 2675 4069 quod
2707 4016 2813 4053 non
2847 4010 2963 4053 erat
2987 4041 3002 4064 ,
3032 4015 3093 4054 ac
3124 4000 3166 4053 si
3199 4010 3380 4066 esset,
3413 4015 3543 4069 sup-

1960 4092 2231 4160 posuerit,
2276 4092 2415 4159 quod
2445 4105 2660 4158 semper
2694 4089 2871 4143 facere.
2902 4090 3074 4154 solet,
3117 4105 3238 4142 cum
3286 4092 3548 4161 hyperbo-

1961 4187 2062 4238 lem
2092 4183 2375 4252 quamdam
2412 4182 2523 4234 vult
2551 4180 2789 4249 proferre
2816 4197 2829 4245 ;
2869 4190 2924 4232 ut
2948 4196 3065 4233 cum
3090 4180 3290 4234 Calatis
3307 4180 3548 4233 scribens

1957 4277 2090 4330 dixit
2123 4294 2134 4328 :
2172 4275 2231 4328 Si
2261 4290 2352 4326 nos
2378 4317 2389 4332 ,
2415 4284 2503 4325 aut
2534 4273 2745 4343 angelus
2775 4273 2837 4325 de
2881 4272 3004 4324 creto
3053 4272 3353 4340 evangeliset
3405 4270 3543 4323 vobis

1958 4378 2293 4437 praeterquam
2323 4367 2375 4417 id
2404 4365 2538 4435 quod
2567 4364 2835 4432 accepistis
2856 4405 2870 4425 ,
2905 4364 3177 4416 anathema
3206 4362 3269 4415 sit
3300 4362 3315 4430 (
3344 4359 3459 4414 Gal.
3490 4363 3539 4429 l,

1957 4464 2048 4531 8).
2086 4461 2244 4529 Atqui
2298 4474 2469 4528 neque
2518 4459 2671 4528 ipse,
2728 4473 2901 4527 neque
2949 4457 3169 4523 angelus
3212 4456 3261 4509 id
3310 4454 3544 4509 facturus

1956 4562 2109 4617 erat;
2164 4550 2255 4605 sed
2308 4560 2363 4603 ut
2411 4548 2715 4605 ostenderet
2756 4550 2830 4602 rei
2872 4548 3281 4611 exccilentiam,
3316 4546 3364 4599 id
3404 4546 3543 4613 quod

1962 4658 2251 4712 numquam
2284 4641 2517 4693 fututum
2543 4647 2659 4694 erat
2682 4641 2875 4707 posuit.
2913 4637 2981 4693 Et
3017 4653 3227 4691 rursum
3276 4651 3393 4689 cum
3441 4636 3547 4690 Ro-

1961 4736 2133 4789 manis
2156 4734 2341 4788 scribit
2369 4743 2423 4787 et
2452 4732 2617 4797 dicit,
2654 4730 2830 4801 Neque
2856 4731 3059 4800 angeli,
3092 4745 3248 4798 neque
3289 4730 3549 4798 principa-

1965 4837 2063 4891 tus,
2093 4841 2253 4892 neque
2304 4824 2512 4877 virtutes
2567 4831 2806 4891 poterunt
2854 4837 2945 4874 nos
2991 4836 3228 4890 separare
3265 4836 3297 4871 a
3339 4820 3547 4874 caritate

1957 4916 2051 4969 Dei
2082 4916 2099 4985 (
2126 4916 2277 4970 Rom.
2309 4915 2368 4975 8,
2396 4913 2501 4983 59)
2533 4930 2546 4966 :
2581 4928 2755 4983 neque
2776 4912 2921 4966 enim
2950 4910 2998 4965 id
3030 4911 3216 4965 facturi
3245 4921 3399 4964 erant
3440 4925 3542 4963 an-

1958 5011 2092 5079 geli;
2127 5008 2220 5064 sed
2248 5008 2335 5062 hic
2364 5007 2525 5060 etiam
2557 5006 2609 5060 id
2636 5006 2922 5075 supponit,
2969 5003 3110 5072 quod
3156 5018 3260 5058 non
3298 5001 3546 5067 exsistit;

1958 5105 2096 5157 sicut
2121 5103 2282 5155 etiam
2315 5100 2363 5152 id
2395 5099 2537 5167 quod
2580 5100 2861 5167 sequitur,
2922 5094 3099 5166 Neque
3144 5104 3377 5149 creatura
3417 5094 3546 5148 alia.

1959 5196 2142 5263 Neque
2188 5194 2291 5247 alia
2320 5199 2569 5247 creatura
2605 5190 2823 5245 :omnia
2858 5188 3000 5242 enim
3033 5186 3147 5254 ipse
3195 5186 3549 5253 comprehen-

1959 5287 2057 5349 dit,
2090 5302 2209 5355 qna:
2238 5298 2394 5352 supra
2428 5292 2480 5336 et
2510 5298 2627 5351 qua:
2656 5280 2788 5335 infra
2822 5291 2975 5343 sunt,
3007 5295 3127 5332 cum
3154 5277 3331 5333 omnia
3378 5275 3542 5338 dicit;

1959 5378 2050 5433 sed
2110 5378 2198 5430 hic
2254 5378 2423 5429 etiam
2486 5375 2535 5427 id
2607 5373 2744 5443 quod
2799 5388 2901 5425 non
2956 5381 3040 5427 est
3104 5355 3363 5424 exsistere
3410 5382 3541 5436 sup-

1960 5468 2129 5538 ponit,
2164 5479 2217 5521 ut
2251 5465 2499 5521 ostendat
2531 5480 2651 5517 cum
2682 5463 2974 5534 hyperbole
3003 5462 3325 5517 desiderium
3348 5472 3538 5511 suum:

1963 5562 2013 5615 id
2036 5560 2175 5631 quod
2205 5561 2365 5614 etiam
2400 5558 2483 5612 hic
2513 5556 2639 5611 facit
2672 5557 2874 5619 dicens,
2908 5555 2969 5610 Si
2999 5554 3168 5607 omnia
3196 5551 3309 5620 quis
3330 5549 3543 5613 dederit,

1962 5653 2222 5705 caritatem
2246 5660 2415 5703 autem
2439 5666 2538 5702 non
2567 5647 2826 5709 habuerit,
2861 5645 2989 5698 nihil
3017 5643 3113 5713 ipsi
3164 5641 3385 5710 prodest.
3435 5640 3543 5695 Aut

1963 5746 2059 5797 hoc
2095 5744 2250 5811 igitur
2278 5751 2359 5795 est
2388 5739 2671 5793 dicendum
2696 5779 2708 5801 ,
2742 5746 2832 5790 aut
2862 5735 3001 5805 quod
3036 5733 3161 5789 velit
3188 5748 3282 5789 eos
3302 5732 3392 5803 qui
3422 5749 3546 5788 cro-
