4038 6216
493 298 595 357 2⁸11

498 436 631 499 ραι
650 424 971 494 coniunctos
991 423 1050 474 et
1071 411 1469 483 conglutinatus
1496 418 1621 461 esse
1659 393 2048 465 accipientibus
2068 427 2088 454 ,

500 484 607 578 nec
628 484 945 588 simpliciter
968 510 1098 565 dare
1122 508 1243 562 sine
1291 503 1399 558 ulla
1438 491 1914 553 commiseratione
1938 526 1955 549 .
1996 484 2093 539 sed

500 578 845 673 miserenies,
880 601 1104 659 innexos
1122 638 1140 665 ,
1178 595 1381 650 fractos
1407 632 1424 658 ,
1455 597 1514 644 et
1541 602 1663 642 cum
1693 581 1878 654 egenis
1906 578 2094 633 dolen-

503 715 607 760 tes.
634 700 760 756 Ideo
784 670 1017 765 namque
1042 691 1386 755 eleemosyna
1418 697 1448 734 a
1491 680 1601 733 Deo
1644 676 1761 746 lege
1804 670 2093 729 constituta

503 802 610 849 est.
640 791 774 846 Nam
795 762 1006 858 poterat
1038 781 1184 834 Deus
1210 776 1327 830 sine
1349 772 1457 827 ullo
1479 770 1585 825 alio
1615 778 1876 836 pauperes
1904 762 2087 820 alere;

506 884 603 940 sed
632 889 691 937 ut
719 852 821 934 nos
848 878 900 931 in
929 873 1155 929 caritate
1194 867 1549 936 conjungeret
1572 902 1588 926 ,
1634 870 1690 915 et
1727 866 1785 911 ut
1811 870 1936 923 erga
1962 852 2091 907 alios

508 977 741 1033 invicem
772 967 1211 1027 incenderemur,
1247 961 1391 1029 ipsos
1412 954 1575 1025 jussit
1598 967 1628 1005 a
1658 948 1814 1005 nobis
1837 946 1929 1000 aIi.
1975 942 2099 997 Ideo

507 1067 641 1122 alibi
671 1075 885 1134 quoque
913 1056 1043 1113 dicit
1076 1072 1089 1108 :
1124 1052 1305 1109 Sermo
1346 1050 1509 1103 bonus
1538 1044 1716 1105 melior
1737 1082 1754 1108 ,
1803 1052 1956 1109 quam
2000 1035 2097 1087 do-

512 1174 638 1212 num
668 1124 950 1218 aeu-Ecce
975 1162 1140 1202 sermo
1163 1158 1321 1211 supra
1351 1139 1542 1193 donum
1572 1135 1731 1188 bonus
1766 1128 1970 1201 (Eccli.
2009 1124 2098 1193 I8,

513 1250 605 1313 16,
637 1245 763 1317 I7).
792 1244 1017 1313 Ipseque
1040 1237 1137 1304 ait,
1173 1229 1582 1288 Misericordiam
1610 1224 1723 1280 uolo
1746 1262 1762 1289 ,
1796 1230 1843 1276 et
1877 1234 1981 1273 non
2018 1232 2103 1269 sa-

508 1308 761 1407 crifciunt
794 1308 1021 1407 (καὶαι.
1054 1329 1110 1389 9,
1139 1326 1207 1384 {8
1228 1329 1265 1391 ).
1298 1322 1431 1391 Quia
1465 1320 1609 1375 enim
1638 1330 1756 1370 mos
1808 1320 1927 1375 est,
1979 1308 2102 1362 illos

509 1401 694 1485 amare
722 1401 813 1497 qui
837 1423 1103 1481 benellcio
1131 1417 1459 1479 afﬁciuntur,
1490 1421 1547 1466 et
1571 1424 1667 1465 eos
1695 1406 1786 1476 qui
1814 1404 1959 1460 bono
1979 1401 2100 1453 alli-

510 1523 727 1575 ciuntur
766 1532 895 1586 erga
945 1510 1216 1568 beneﬁcos
1246 1508 1382 1562 bene
1420 1503 1639 1557 allectos
1691 1512 1813 1554 esse
1837 1537 1853 1561 ,
1910 1493 2100 1549 vincu-

512 1616 623 1669 lum
650 1583 900 1667 amicitia:
930 1606 1125 1660 faciens
1146 1645 1161 1669 ,
1192 1599 1293 1656 hoc
1316 1599 1434 1667 lege
1482 1591 1755 1665 praecepit.
1802 1587 1907 1645 Sed
1958 1583 2101 1655 quod

510 1706 773 1774 quaeritur
816 1707 939 1763 est,
970 1693 1241 1768 quomodo
1267 1732 1282 1754 ,
1311 1688 1532 1744 Christo
1559 1685 1675 1739 lucc
1700 1681 1860 1736 ambo
1892 1675 2100 1748 perfec-

514 1797 676 1853 tionis
700 1809 820 1849 esse
846 1790 1191 1851 declarante,
1235 1786 1322 1838 hic
1360 1781 1451 1835 illa
1491 1780 1609 1834 sine
1642 1775 1868 1833 caritate
1906 1771 2106 1839 imper-

512 1887 652 1945 fei'ta
678 1902 800 1941 esse
824 1884 983 1939 dicat.
1015 1879 1133 1935 Non
1180 1877 1277 1946 ipsi
1318 1870 1728 1932 contradicens,
1774 1864 1953 1925 absit;
2008 1858 2106 1914 sed

512 1982 801 2034 admodum
823 1991 947 2030 cum
977 1972 1071 2026 illo
1099 1978 1426 2024 consonans.
1449 1962 1583 2016 Nam
1616 1957 1768 2013 diviti
1807 1970 1916 2010 non
1945 1952 2108 2007 modo

512 2070 669 2135 dixit,
713 2068 884 2121 Vende
907 2061 1078 2115 nmio
1100 2073 1217 2131 qua
1243 2056 1395 2110 habes
1434 2063 1481 2107 et
1514 2054 1582 2105 da
1621 2047 1965 2118 pauperibus;
2008 2042 2105 2098 sed

520 2158 817 2229 subjunxit,
850 2153 918 2208 Et
947 2151 1060 2206 ueni
1102 2163 1309 2221 sequere
1361 2161 1458 2199 me.
1490 2143 1569 2198 Ex
1604 2141 1669 2195 iis
1709 2153 1839 2192 vero
1878 2133 1972 2205 qui
2014 2148 2105 2189 se-

515 2227 754 2319 quuntur
780 2246 951 2309 illum,
977 2240 1108 2297 nihil
1128 2240 1200 2293 ita
1222 2235 1539 2319 discipulum
1557 2229 1756 2285 Christi
1768 2227 2104 2297 comprobat,

515 2306 575 2395 Ill
620 2352 773 2393 amor
818 2306 1068 2405 proximi.
1130 2328 1196 2383 In
1247 2306 1343 2381 hoc
1382 2325 1528 2386 enim
1570 2327 1872 2392 cognoscent
1902 2331 2106 2379 omnes,

515 2428 707 2500 inquit,
741 2426 879 2498 quod
902 2420 1143 2493 discipuli
1191 2418 1289 2472 mei
1338 2415 1495 2479 estis,
1538 2412 1583 2466 si
1626 2410 1854 2481 diligatis
1898 2406 2111 2460 invicem

514 2496 709 2588 (Joau.
742 2496 833 2582 Β,
862 2516 933 2569 35
955 2514 999 2584 ).
1033 2511 1101 2567 Et
1124 2524 1248 2565 cum
1274 2506 1423 2570 dtcit,
1454 2502 1555 2571 Qui
1572 2500 1862 2588 perdiderit
1885 2496 2112 2549 animum

513 2629 660 2666 suam
685 2618 893 2682 propter
920 2582 1022 2673 rue,
1053 2602 1270 2657 inueniet
1298 2611 1453 2659 eam;
1482 2603 1539 2649 et
1554 2582 1583 2657 ,⁸
1606 2590 1708 2658 Qui
1731 2606 1811 2643 me
1853 2591 2113 2657 confessus

517 2707 671 2776 fuerit
700 2716 875 2756 coram
904 2695 1196 2751 Itontinibus
1216 2732 1233 2755 ,
1264 2684 1542 2756 conﬁtebor
1570 2692 1618 2736 et
1650 2697 1742 2751 ego
1786 2696 1899 2733 eum
1938 2692 2113 2731 rorant

519 2771 664 2861 patre
689 2811 818 2858 meo,
846 2792 932 2863 qui
958 2790 1011 2843 in
1035 2786 1175 2841 cadis
1203 2792 1276 2838 est
1302 2779 1514 2852 (Matth.
1548 2775 1638 2842 I0,
1669 2774 1736 2832 39
1766 2783 1815 2828 et
1845 2771 1973 2841 52);
2006 2784 2111 2824 non

521 2891 623 2941 hoc
668 2886 819 2949 dicit,
877 2879 1020 2953 quod
1070 2878 1187 2932 haec
1230 2890 1335 2929 non
1382 2872 1513 2925 flant
1558 2876 1780 2939 propter
1808 2865 2111 2925 caritatem,

518 2980 613 3034 sed
648 2976 950 3032 mercedem
981 2974 1064 3027 bis
1095 2968 1367 3025 laboribus
1394 2964 1686 3033 repositam
1717 2959 1939 3013 indicat.
1982 2954 2113 3008 Nam

520 3072 662 3142 quod
691 3086 812 3126 cum
841 3066 1101 3137 martyrio
1130 3062 1234 3116 hoc
1276 3070 1490 3129 quoque
1522 3051 1761 3120 requirat
1782 3090 1797 3112 ,
1843 3046 1970 3100 alibi
2014 3044 2116 3098 hoc

524 3139 681 3219 valde
712 3157 1092 3219 subindicavit,
1120 3155 1199 3207 sie
1221 3150 1409 3205 dicens
1441 3162 1456 3198 :
1483 3142 1704 3198 Calicem
1724 3139 1925 3209 quidem
1951 3150 2117 3189 nicum

523 3254 717 3315 bibctis,
747 3262 795 3303 et
823 3249 1100 3318 baptismo,
1132 3258 1232 3311 quo
1280 3253 1373 3307 ego
1421 3237 1650 3304 baptisor
1672 3273 1689 3295 ,
1738 3227 2116 3298 baptisabimini

524 3344 753 3418 (Hatth.
783 3340 875 3408 20,
901 3339 974 3393 23
1002 3342 1055 3407 );
1090 3334 1141 3388 id
1170 3342 1271 3393 est,
1302 3328 1614 3399 martyrium
1644 3320 1997 3381 sustinebitis,
2020 3331 2119 3386 pro

526 3451 615 3492 me
637 3406 1199 3490 occidemini;scdcre
1248 3430 1418 3473 autem
1457 3418 1526 3468 ad
1564 3414 1823 3467 dexteram
1868 3409 1946 3462 vel
1988 3406 2118 3460 siui-

529 3538 688 3583 stram
718 3535 919 3585 meam;
951 3536 1053 3573 uou
1085 3515 1226 3587 quod
1258 3511 1471 3581 quidam
1500 3506 1728 3561 sedeant
1753 3502 1818 3555 ad
1835 3501 2119 3555 dexteram

530 3618 615 3673 vel
642 3616 707 3671 ad
739 3614 1014 3670 sinistram
1047 3610 1183 3679 ejus,
1214 3603 1309 3660 sed
1340 3611 1646 3669 supremam
1687 3594 1871 3649 sedem
1924 3600 1980 3647 et
2024 3589 2122 3645 ho-

528 3725 715 3767 norem
740 3706 961 3770 dicens;
991 3719 1091 3756 non
1120 3708 1192 3755 est
1220 3712 1387 3769 meum
1412 3692 1558 3756 dare,
1592 3688 1795 3756 inquit,
1825 3685 1916 3738 sed
1940 3684 2122 3750 quibus

528 3811 765 3873 paratum
798 3809 891 3854 est.
938 3794 1141 3851 Deinde
1176 3787 1471 3846 ostendens
1507 3782 1702 3854 quibus
1742 3787 1982 3848 paratum
2013 3776 2119 3841 sit,

528 3868 661 3965 ipsis
682 3890 977 3954 advocatis,
1000 3885 1128 3940 dicit
1157 3897 1175 3937 :
1204 3881 1303 3946 Qui
1324 3878 1533 3933 uoluerit
1552 3875 1604 3928 in
1626 3872 1759 3925 vobis
1781 3885 1887 3923 esse
1903 3868 2119 3938 primus,

529 3959 595 4043 sit
620 3986 845 4041 omnium
870 3991 1088 4034 oestrum
1117 3975 1342 4029 minister
1370 3971 1388 4041 (
1413 3971 1549 4023 Ibid.
1577 3984 1627 4022 υ.
1656 3964 1728 4020 26
1746 3965 1764 4033 )
1784 4003 1800 4030 ,
1845 3959 2121 4015 humilita-

532 4091 641 4135 tent
666 4075 974 4147 significans
996 4079 1046 4127 et
1075 4068 1375 4124 caritatem.
1392 4061 1685 4117 Caritatcm
1708 4067 1837 4109 vero
1857 4065 2122 4107 summam

531 4142 777 4241 requirit.
827 4165 949 4219 Ideo
1000 4175 1176 4230 neque
1222 4157 1291 4211 ibi
1340 4150 1614 4214 substitit,
1662 4146 1757 4200 sed
1806 4142 2121 4210 subjunxit:

536 4262 683 4316 Sicut
724 4256 891 4311 Filius
917 4249 1136 4308 hominis
1186 4262 1289 4300 non
1318 4244 1448 4298 venit
1493 4235 1805 4301 ministrari,
1853 4232 1942 4287 sed
1984 4230 2128 4284 minio

536 4360 703 4407 strare
723 4390 737 4411 ,
768 4358 815 4401 et
842 4349 964 4400 dare
990 4342 1213 4395 animum
1233 4350 1380 4390 suam
1404 4329 1799 4396 redemptionem
1839 4341 1931 4394 pro
1959 4322 2129 4376 multis

537 4440 717 4523 (Ibid.
768 4453 816 4490 υ.
859 4435 1009 4508 9.8);
1055 4428 1350 4489 ostendens
1389 4424 1467 4479 sic
1514 4434 1696 4473 amare
1738 4427 2025 4487 oportere,
2074 4422 2133 4467 ut

538 4504 700 4591 etiam
731 4542 877 4585 mors
905 4504 1121 4581 ferenda
1148 4525 1220 4578 sit
1248 4532 1349 4590 pro
1373 4512 1585 4571 dilectis
1609 4527 1624 4563 :
1650 4509 1754 4563 hoc
1783 4507 1928 4562 enim
1956 4504 2132 4558 maxi-

544 4643 631 4689 mo
653 4636 741 4682 εει
768 4622 941 4693 ipsum
970 4615 1216 4684 diligere.
1257 4610 1387 4665 Ideo
1429 4605 1590 4660 etiam
1637 4600 1799 4657 I‘etro
1836 4596 1970 4652 dicit
2014 4606 2029 4643 :
2072 4592 2135 4647 Si

542 4686 689 4775 amas
712 4686 811 4777 me,
839 4724 989 4782 posse
1015 4720 1129 4760 oves
1156 4716 1293 4755 meus
1321 4696 1522 4765 (Joan.
1558 4695 1643 4751 I3.
1669 4692 1790 4762 I9).
1824 4690 1890 4744 Et
1925 4697 1981 4743 ut
2023 4686 2137 4740 dis-

546 4810 680 4868 catis
700 4776 958 4877 quantum
986 4799 1056 4855 sit
1081 4791 1211 4853 illud
1242 4799 1298 4845 et
1320 4801 1478 4859 quam
1512 4784 1771 4855 praeclare
1794 4790 2025 4851 gestum,
2060 4776 2140 4845 ip-

548 4867 665 4957 sam
709 4867 987 4953 caritatem
1028 4884 1197 4942 verbo
1242 4876 1654 4941 describamus,
1706 4867 2139 4940 quandoquidem

551 4997 667 5065 ipsa
691 5006 753 5046 re
779 4996 1042 5055 nusquam
1080 4977 1228 5033 illam
1256 4968 1661 5041 conspicimus;
1708 4969 1764 5017 et
1809 4958 2139 5028 cogitemus,

722 5083 766 5138 si
792 5046 1120 5143 illa-ubique
1159 5065 1498 5123 abundanter
1533 5064 1677 5114 esset
1702 5096 1717 5122 ,
1766 5058 1966 5123 quanta
2019 5046 2134 5101 him

556 5138 694 5236 bona
720 5176 1012 5229 orirentur.
1034 5138 1240 5234 ‘Neque
1288 5156 1430 5212 enim
1467 5151 1673 5222 legibus
1711 5158 1888 5215 neque
1929 5138 2142 5210 iudiciis

722 5275 867 5321 esset
888 5303 906 5325 .
938 5272 1114 5327 neque
1142 5230 1421 5322 suppliciis
1445 5286 1459 5306 .
1508 5254 1683 5310 neque
1728 5238 1841 5292 ullo
1879 5234 1987 5288 alio
2043 5230 2147 5284 hu-

561 5326 814 5435 ftistnodi.
845 5351 981 5411 Nam
1006 5326 1053 5401 si
1090 5357 1283 5401 omnes
1328 5336 1619 5404 diligerent
1664 5338 1719 5382 et
1760 5326 2110 5394 diligerentur
2134 5358 2149 5383 ,

563 5424 724 5510 nemo
747 5448 995 5517 cuiquam
1023 5438 1237 5494 fecisset
1266 5427 1550 5502 injuriam;
1580 5419 1674 5476 sed
1701 5415 1898 5477 cazdes,
1929 5427 2150 5481 pugnte,

566 5546 728 5609 bella.
756 5503 1070 5598 seditiones,
1101 5527 1304 5596 rapina:
1322 5565 1336 5588 ,
1363 5516 1585 5575 avaritia
1607 5550 1623 5579 ,
1650 5508 1936 5577 omniaque
1978 5503 2117 5557 mala
2138 5542 2154 5565 ,

569 5639 755 5710 procul
784 5633 1195 5692 abscessissent,
1226 5631 1283 5679 et
1308 5620 1375 5675 ad
1412 5627 1607 5673 nomen
1640 5622 1808 5676 usque
1854 5603 2155 5671 ignoratum

1727 5700 1767 5710 ..
1892 5693 1900 5700 .
1949 5702 1961 5710 _
2065 5687 2153 5710 UA,

579 5687 754 5795 inultm
783 5729 989 5787 fuisset.
1013 5724 1174 5793 Signa
1202 5724 1377 5772 autem
1411 5711 1512 5765 hoc
1538 5718 1642 5766 non
1689 5693 1967 5755 clienerint
1995 5732 2009 5757 ,
2062 5687 2155 5743 sed

1275 277 1336 334 S.
1375 271 1651 332 JOANNIS
1684 255 2162 323 CIIRYSOSTOEII
2200 253 2519 312 AliClIlEP.
2557 249 3094 310 CONSTANTINOP.

3679 239 3785 293 273

2203 367 2271 421 ad
2306 379 2497 419 vanam
2522 362 2748 433 gloriam
2772 370 2827 416 et
2857 356 3218 428 arrogantiam
3255 350 3523 409 extolluut
3559 363 3656 406 eos
3694 347 3787 419 qui

2202 474 2307 513 non
2337 455 2637 512 attendunt.

2272 551 2325 602 6.
2360 549 2558 603 Caritas
2585 547 2649 599 ab
2675 543 2815 598 omni
2844 539 3069 613 pernicie
3095 538 3275 593 libera.
3302 564 3376 576 —
3392 532 3658 603 Quodque
3684 533 3785 585 sni-

2201 654 2319 696 rum
2344 641 2395 695 in
2426 638 2674 702 caritate,
2697 644 2891 692 caatera
2916 630 3133 701 quidem
3157 629 3293 682 bona
3319 626 3523 680 habent
3540 622 3789 692 adjuncta

2203 733 2372 795 mala;
2407 730 2557 785 verbi
2586 728 2781 798 gratia,
2811 724 2903 794 qui
2931 720 3218 776 facultates
3260 731 3367 770 non
3420 714 3606 780 habet,
3636 727 3698 768 ea
3724 710 3794 766 dc

2202 838 2365 878 causa
2394 835 2541 891 stupe
2584 818 2827 880 inﬂatur;
2859 814 2951 884 qtti
2979 809 3191 867 dicendi
3236 807 3443 877 peritus
3472 813 3578 869 est,
3609 801 3796 873 gloria:

2202 916 2496 985 cupiditate
2525 912 2764 971 laborat;
2795 904 3012 962 humilis
3037 910 3255 973 propter
3268 898 3371 952 hac
3396 896 3449 950 iu
3470 892 3799 949 conscientia

2204 1024 2298 1064 sua
2328 1007 2493 1059 altum
2526 1003 2667 1072 sapit
2700 1020 2714 1055 :
2742 1000 2941 1055 caritas
2991 1006 3171 1050 autem
3215 992 3284 1046 ab
3310 985 3617 1058 hujusmodi
3648 982 3799 1039 omni

2207 1100 2445 1172 pernicie
2474 1098 2643 1152 libera
2684 1102 2768 1149 est
2797 1112 2809 1147 :
2840 1107 2964 1148 nam
2992 1098 3182 1145 contra
3222 1084 3478 1140 dilectum
3507 1090 3800 1145 numquam

2204 1166 2326 1261 quis
2348 1189 2655 1245 extollatur.
2680 1184 2790 1240 Nec
2820 1181 2951 1236 mihi
2988 1178 3237 1250 posueris
3269 1186 3432 1229 unum
3469 1168 3561 1239 qui
3590 1166 3800 1234 diligat,

2206 1284 2300 1338 sed
2349 1295 2541 1337 omnes
2567 1278 2841 1339 similiter,
2880 1284 2936 1330 ct
2965 1282 3095 1327 tunc
3120 1270 3238 1340 ejus
3262 1256 3754 1321 virtutemxvidebis
3781 1272 3799 1309 :

2208 1375 2317 1429 imo
2347 1373 2543 1441 potius,
2573 1372 2618 1425 si
2644 1369 2841 1440 placet,
2876 1364 3052 1434 primo
3080 1376 3248 1416 unum
3273 1357 3529 1413 dilectum
3550 1360 3603 1406 et
3632 1360 3803 1401 unum

2206 1476 2477 1521 amantem
2506 1476 2679 1533 pone;
2707 1466 2978 1514 amantem
3002 1453 3212 1509 scilicet
3237 1458 3294 1506 ut
3318 1464 3417 1521 par
3442 1453 3526 1501 est
3553 1442 3801 1511 diligere.

2209 1559 2341 1615 Nam
2370 1569 2568 1617 terram
2600 1564 2870 1621 tamquam
2902 1547 3092 1603 czelnm
3148 1542 3369 1608 incolet,
3424 1537 3622 1605 ubique
3653 1540 3806 1584 trau-

2208 1645 2705 1719 quillitate'frncns,
2734 1651 2791 1696 et
2814 1641 3125 1697 innumeras
3171 1634 3273 1689 sibi
3303 1638 3523 1685 nectens
3552 1635 3806 1679 coronas.

2209 1743 2310 1809 Qui
2333 1741 2475 1794 'cnim
2506 1735 2633 1791 talis
2662 1741 2763 1795 cst,
2789 1740 2843 1786 et
2863 1728 3061 1783 invidia
3089 1735 3146 1781 et
3171 1726 3247 1777 ira
3277 1733 3334 1776 et
3358 1720 3527 1773 lirore
3550 1728 3809 1784 arrogan-

2212 1836 2411 1903 tiaque,
2442 1841 2577 1882 vana
2602 1823 2772 1894 gloria
2803 1830 2859 1876 ct
2882 1820 3019 1873 mala
3054 1810 3485 1882 concupiscentia
3509 1849 3522 1871 ,
3552 1806 3811 1873 omnique

2210 1895 2447 1987 absurdo
2475 1932 2660 1973 amore
2685 1924 2847 1984 atque
2873 1909 3061 1965 morbo
3087 1919 3275 1977 puram
3305 1898 3544 1956 servabit
3573 1895 3811 1948 animam

2211 2030 2382 2072 suam.
2404 2006 2868 2079 Quemadmodum
2896 2004 3041 2059 enim
3071 1999 3172 2055 sibi
3205 1996 3305 2067 ipsi
3345 2005 3505 2048 nemo
3536 1985 3811 2056 quidpiam

2213 2108 2338 2163 mali
2384 2102 2657 2166 intulerit,
2691 2100 2762 2153 ita
2805 2109 2983 2165 neque
3027 2092 3115 2146 hic
3167 2083 3449 2158 proximis.
3492 2080 3641 2136 Talis
3680 2090 3812 2129 vero

2214 2217 2337 2257 cum
2366 2200 2456 2265 sit,
2485 2211 2606 2251 cum
2628 2195 2747 2263 ipso
2775 2188 2943 2246 stabit
2961 2182 3238 2246 Gabriele,
3269 2179 3323 2233 in
3350 2187 3495 2232 terra
3529 2168 3809 2243 gradiens.

2216 2294 2279 2349 Et
2311 2292 2401 2362 qui
2443 2263 2736 2345 caritatem
2778 2280 2992 2352 quidem
3030 2275 3212 2339 habet,
3258 2270 3381 2326 talis
3407 2277 3489 2323 est
3520 2283 3532 2317 ε
3565 2263 3655 2333 qui
3684 2274 3815 2314 vero

2214 2350 2367 2454 signa
2397 2379 2544 2443 facit,
2587 2385 2643 2429 et
2671 2350 2967 2443 perfectam
3006 2366 3169 2420 habet
3212 2358 3494 2415 scientiam
3529 2355 3647 2409 sine
3675 2350 3814 2405 cari-

2218 2485 2361 2536 tate;
2398 2468 2610 2525 etiamsi
2658 2464 2810 2519 mille
2858 2471 3101 2513 mortuos
3126 2449 3491 2512 suscitaverit,
3522 2443 3652 2498 nihil
3695 2455 3814 2495 ma-

2216 2580 2380 2638 gnnm
2408 2561 2726 2621 lucrabitur,
2757 2554 2826 2608 ab
2846 2551 3095 2613 omnibus
3118 2546 3377 2611 abruptus
3393 2550 3448 2595 et
3462 2554 3582 2593 cum
3599 2534 3817 2590 nemine

2217 2668 2601 2714 conservorum
2648 2665 2708 2705 se
2760 2642 3097 2702 commisceri
3152 2639 3384 2708 patiens.
3417 2632 3541 2687 Ideo
3567 2628 3817 2685 Christus

2200 2750 2470 2819 ‘pcrfectze
2503 2746 2557 2799 in
2598 2743 2775 2812 ipsum
2801 2734 3041 2792 caritatis
3069 2732 3281 2800 signum
3314 2726 3450 2779 dixit
3488 2736 3608 2777 esse
3634 2718 3816 2790 proxi-

2220 2810 2369 2895 innm
2418 2810 2664 2905 diligere.
2714 2829 2846 2885 Nam
2876 2835 2988 2879 att:
3024 2822 3083 2877 Si
3130 2819 3301 2887 diligis
3360 2832 3457 2875 me,
3496 2811 3666 2878 Petre,
3698 2810 3817 2881 plus

2221 2932 2320 2996 his,
2355 2944 2504 3000 pasce
2530 2941 2645 2979 oves
2670 2937 2827 2976 meas.
2858 2914 3103 2971 Vidistiu’
3129 2926 3235 2981 quo
3262 2916 3419 2978 pacto
3449 2903 3572 2957 hinc
3598 2915 3815 2955 rursum

2221 2992 2659 3081 subindicaverit,
2690 3012 2829 3085 quod
2861 3013 2964 3065 hoc
2989 3009 3058 3061 sit
3077 3003 3248 3074 majus
3278 2996 3533 3068 martyrio
3554 2995 3578 3044 ‘.'
3606 2992 3817 3046 Etenim

2222 3117 2266 3172 si
2292 3114 2457 3175 illium
2481 3111 2601 3182 quis
2631 3082 2855 3161 haberet
2884 3102 3161 3160 dilectum,
3197 3103 3252 3149 c‘t
3277 3108 3377 3162 pro
3398 3102 3506 3158 quo
3525 3087 3685 3141 etiam
3703 3082 3821 3136 ani-

2224 3221 2365 3261 mam
2396 3178 2526 3257 dare
2579 3206 2799 3269 paratus
2846 3199 3018 3251 esset;
3068 3184 3262 3241 deinde
3303 3178 3567 3251 quispiam
3611 3182 3819 3244 patrem

2224 3303 2451 3359 amaret,
2483 3293 2593 3346 filio
2634 3298 2813 3342 autem
2859 3282 3009 3337 nullo
3049 3278 3209 3333 modo
3255 3275 3485 3329 animant
3515 3267 3819 3331 adhiberet,

2226 3399 2429 3460 patrem
2480 3381 2768 3439 admodum
2813 3376 3071 3438 irritaret,
3119 3383 3294 3440 neque
3338 3378 3558 3420 sensum
3604 3364 3826 3430 caperet

2226 3481 2370 3536 illius
2395 3480 2449 3533 in
2468 3492 2529 3532 se
2549 3472 2773 3535 amoris,
2798 3483 2865 3524 eo
2899 3464 3041 3537 quod
3064 3456 3230 3516 lilium
3253 3461 3642 3511 contemneret.
3667 3446 3823 3517 Quod

2226 3572 2271 3628 si
2305 3572 2355 3626 in
2390 3577 2540 3641 patre
2568 3574 2624 3620 et
2652 3562 2761 3617 lilio
2790 3561 2893 3615 hoc
2913 3553 3195 3623 contingit,
3224 3549 3392 3605 multo
3428 3545 3597 3614 magis
3628 3544 3681 3597 in
3710 3541 3826 3603 Deo

2225 3675 2277 3720 et
2306 3661 2614 3717 hominibus
2644 3674 2656 3709 :
2687 3652 2955 3709 amantior
2981 3648 3127 3703 enim
3160 3645 3301 3698 Deus
3328 3649 3432 3703 est,
3452 3651 3611 3707 quam
3642 3640 3828 3704 patres

2228 3768 2441 3810 omnes.
2475 3752 2766 3818 Propterea
2788 3757 2909 3798 cum
2942 3737 3203 3793 dixisset:
3242 3731 3473 3785 Primum
3512 3736 3559 3779 et
3583 3738 3829 3794 magnum

2228 3846 2526 3901 mandatum
2557 3813 2797 3908 :IDiligcs
2844 3830 3120 3885 Dominum
3167 3822 3331 3876 Deum
3381 3826 3564 3881 tuum,
3603 3813 3827 3880 subjun-

2230 3944 2344 3996 xit:
2376 3935 2670 3994 Secundum
2714 3904 2914 3988 autem,
2948 3936 3047 3977 nec
3099 3917 3268 3982 siluit,
3319 3911 3413 3968 sed
3456 3906 3689 3978 adjecit,
3739 3904 3832 3959 Si-

2231 4031 2352 4086 mile
2377 4036 2449 4083 est
2480 4024 2596 4077 huic
2624 4039 2641 4075 :
2668 4019 2864 4088 Diliges
2917 4013 3210 4084 proximum
3255 4016 3396 4059 tuum
3426 4002 3557 4057 sicut
3611 3999 3830 4067 teipsum

2236 4116 2565 4190 (Matth.22,
2594 4112 2684 4181 '58,
2712 4109 2825 4173 '59).
2869 4107 2934 4160 Et
2984 4103 3103 4157 vide
3154 4094 3424 4169 quomodo
3469 4107 3589 4147 cum
3638 4088 3829 4145 eadem

2234 4179 2347 4269 fere
2399 4179 2695 4280 hyperbole
2741 4203 2847 4256 hoc
2890 4196 3085 4265 exigat.
3124 4193 3198 4247 De
3249 4189 3360 4243 Deo
3414 4196 3645 4251 namque
3672 4179 3828 4244 dicit,

2236 4303 2322 4359 Ea:
2359 4268 2463 4356 toto
2512 4296 2665 4353 corde
2686 4304 2807 4355 tuo;
2846 4289 2914 4343 de
2965 4285 3210 4355 proximo
3266 4289 3445 4332 autem
3496 4283 3586 4325 tuo
3615 4312 3630 4331 ,
3678 4268 3834 4324 Sicut

2238 4394 2492 4463 teipsum;
2535 4385 2678 4459 quod
2731 4380 2954 4452 perinde
3005 4383 3091 4430 est
3146 4381 3306 4441 atque
3354 4362 3533 4429 illud,
3592 4360 3673 4415 Ea:
3723 4370 3834 4415 toto

2237 4461 2390 4540 corde
2424 4492 2533 4538 tuo.
2570 4476 2781 4541 Etenim
2826 4472 2871 4525 si
2920 4472 3171 4522 accurate
3212 4461 3314 4513 hoc
3342 4463 3681 4518 servaretur,
3725 4466 3835 4505 non

2239 4593 2448 4643 servus,
2478 4591 2583 4631 non
2610 4572 2748 4627 liber
2774 4573 2954 4625 esset;
2982 4576 3091 4615 non
3115 4555 3386 4632 princeps,
3412 4563 3523 4602 non
3552 4544 3835 4606 subditus;

2243 4685 2350 4729 non
2391 4668 2563 4727 dives,
2593 4678 2699 4718 non
2749 4670 2986 4730 pauper;
3016 4666 3123 4705 non
3167 4657 3388 4717 parvus,
3420 4655 3527 4693 non
3568 4650 3837 4706 magnus;

2246 4777 2353 4817 non
2397 4724 2645 4811 diabolus
2685 4724 2937 4818 umquam
2981 4742 3230 4812 cognitus
3277 4732 3467 4787 fuisset
3496 4744 3509 4783 :
3540 4741 3647 4781 non
3692 4724 3838 4792 dico,

2198 4854 2201 4855 ⁷
2248 4854 2364 4916 Hic,
2395 4848 2488 4904 sed
2533 4843 2744 4903 etiamsi
2774 4840 2913 4895 alius
2941 4835 3088 4899 talis,
3118 4825 3333 4885 etiamsi
3361 4830 3599 4882 centum,
3630 4816 3841 4873 etiamsi

2251 4940 2514 5001 innumeri
2539 4937 2672 4993 tales
2695 4940 2899 4995 essent,
2918 4926 3051 4986 nihil
3082 4919 3400 4993 potuissent,
3415 4911 3504 4966 illa
3527 4910 3843 4966 exsistente.

2251 5036 2393 5102 Ignis
2419 5032 2561 5089 enim
2593 5025 2936 5098 injectionem
2984 5014 3161 5087 potius
3191 5009 3390 5063 faenum
3421 5003 3651 5066 tulisset,
3682 5010 3846 5069 quam

2251 5128 2523 5183 ﬂammam
2568 5118 2806 5175 caritatis
2854 5107 3122 5165 diabolus.
3174 5099 3299 5155 Hrrc
3329 5111 3481 5151 muro
3524 5091 3716 5148 fortior
3741 5094 3847 5150 est,

2256 5222 2372 5276 hmo
2398 5219 2681 5274 adamante
2705 5208 2940 5268 lirmior;
2972 5208 3025 5254 et
3048 5196 3095 5252 si
3123 5208 3282 5264 quam
3314 5190 3473 5246 aliam
3500 5185 3704 5241 dixeris
3734 5178 3848 5233 for-

2260 5316 2451 5369 tiorem
2501 5306 2801 5363 materiam,
2842 5292 3020 5347 omnia
3064 5294 3281 5358 superat
3320 5280 3561 5339 caritatis
3606 5269 3850 5328 firmitas.

2260 5405 2410 5462 Hanc
2439 5416 2538 5455 nec
2565 5394 2786 5457 divitia),
2839 5398 2936 5440 nec
2962 5357 3248 5451 paupertas
3276 5373 3480 5435 vincit;
3529 5368 3638 5420 imo
3679 5357 3857 5428 potius

2263 5510 2371 5550 non
2396 5499 2541 5548 esset
2561 5490 2870 5558 paupertas,
2901 5488 3006 5528 non
3039 5471 3198 5525 nimia
3252 5462 3573 5521 divitiarum
3601 5448 3781 5517 copia,
3812 5444 3858 5499 si

2265 5588 2460 5641 caritas
2490 5545 2684 5639 esset;
2716 5566 2811 5625 sed
2839 5579 2901 5621 ea
2951 5562 3123 5617 solum
3170 5571 3290 5629 qua:
3320 5568 3388 5609 ex
3437 5545 3682 5610 utrisque
3734 5545 3859 5590 sunt

2272 5682 2426 5737 bona.
2460 5669 2672 5728 Etenim
2705 5678 2769 5717 ex
2812 5659 2916 5716 illis
2945 5654 3152 5730 copiam
3180 5649 3597 5715 decerneremus
3620 5676 3635 5700 ,
3666 5647 3735 5688 ex
3764 5629 3866 5686 hac
