4014 6208
449 322 556 377 275

443 442 521 504 ὠς
566 441 989 509 ἐπιταττόμενος
1038 440 1241 511 χαίρει,
1294 438 1470 493 καίτοι
1513 454 1577 506 γε
1628 436 1687 491 τὸ
1726 436 2035 490 ἐπιτάττειν

446 530 569 600 ἡδύ·
591 530 727 585 ἀλλά
758 532 1110 603 μετατίθησιν
1138 532 1277 603 αῦτη
1307 532 1417 584 τῶν
1442 530 1783 602 πραγμάτων
1812 529 1912 599 τὴν
1938 526 2039 596 φύ-

448 636 555 685 σιν,
598 621 690 674 καὶ
731 622 907 676 πάντα
956 624 1014 675 ἐν
1059 623 1249 692 χερσὶν
1302 622 1503 691 ἔχουσα
1556 618 1917 691 παραγίνεται
1970 616 2041 669 τά

446 709 653 779 ἀγαθά,
687 712 871 784 πάσης
922 715 1128 785 μητρὸς
1173 716 1479 786 ὴπιωτέρα,
1532 714 1715 783 πάσης
1770 709 2042 781 βασιλίδος

447 802 825 874 εὐπορωτέρα,
856 806 953 858 καὶ
982 806 1050 857 τά
1074 806 1307 859 ἐπίπονα
1339 806 1519 875 κοῦφα
1549 806 1693 858 ποιεῖ
1718 804 1812 856 καὶ
1844 804 2041 874 ῥᾷστα,

447 894 545 962 την
580 893 681 963 μὲν
710 893 912 964 ἀρετὴν
950 892 1194 960 εὔκολον,
1228 896 1326 967 τὴν
1367 897 1426 951 δὲ
1461 897 1663 950 κακίαν
1705 894 2045 965 πικροτάτην

446 987 581 1055 ἡμῖν
623 986 1022 1055 ἀποφαίνουσα,
1063 988 1263 1042 Σκόπει
1299 990 1385 1043 δέ’
1419 991 1493 1043 Τὸ
1522 990 1771 1062 δαπανᾷν
1797 986 2045 1060 λυπηρὸν

446 1072 589 1131 εἶναι
616 1079 765 1132 δοκεῖ
791 1080 886 1133 καὶ
911 1084 1055 1133 ποιεῖ
1084 1080 1219 1134 αὐτὸ
1245 1081 1386 1153 αῦτη
1414 1081 1534 1154 ήδύ·
1565 1082 1628 1136 τὸ
1657 1078 2046 1153 λαμϐάνειντά

448 1169 652 1239 ἐτέρων
687 1171 805 1242 ήδὺ,
845 1173 940 1225 καὶ
996 1173 1097 1227 οὐκ
1140 1174 1368 1245 ἀφίησιν
1421 1174 1555 1228 αὐτὸ
1584 1175 1891 1250 ,φαίνεσθαι
1919 1174 2044 1244 ήδὺ,

447 1259 587 1312 ἀλλά
629 1260 851 1328 φεύγειν
884 1262 959 1325 ὡς
1000 1264 1274 1335 μοχθηρὸν
1320 1266 1751 1334 παρασκευάζει.
1781 1266 1951 1320 Πάλιν
1989 1265 2048 1319 τὸ

449 1352 637 1415 κακῶς
664 1352 865 1420 λέγειν,
897 1354 1071 1423 γλυκὺ
1113 1358 1279 1409 πᾶσιν
1313 1352 1453 1411 εἶναι
1495 1357 1674 1411 δοκεῖ’
1712 1358 1853 1429 αὓτη
1892 1358 2049 1413 τοῦτο

454 1443 553 1513 μὲν
585 1447 784 1516 μικρὸν
810 1447 1126 1517 ἀποφαίνει,
1151 1448 1212 1501 τὸ
1236 1448 1293 1501 δέ
1321 1449 1501 1514 καλῶς
1525 1450 1724 1520 λέγειν,
1752 1452 1870 1523 ήδύ·
1894 1452 2047 1505 οὐδὲν

450 1538 561 1609 γὰρ
598 1538 795 1603 οὔτως,
850 1540 927 1600 ὡς
979 1542 1073 1594 τὸν
1117 1541 1443 1611 φιλούμενον
1488 1544 1880 1614 ἐγκωμιάζειν,
1913 1546 2047 1615 ἡμῖν

452 1628 573 1697 ήδύ.
613 1629 782 1683 Πάλιν
826 1632 855 1683 6
887 1630 1057 1701 θυμὸς
1094 1633 1206 1702 ἔχει
1236 1636 1358 1687 τινα
1396 1635 1613 1707 ήδονὴν,
1657 1636 1771 1689 ἀλλ’
1807 1635 2049 1690 ἐνταῦθα

449 1721 659 1785 οὐκέτι,
708 1723 845 1776 ἀλλὰ
876 1726 1052 1777 πάντα
1082 1726 1249 1779 αὐτοῦ
1298 1729 1367 1781 τά
1412 1728 1577 1800 νεῦρα
1617 1728 1907 1802 άνῄρηται’
1946 1729 2048 1782 κᾶν

454 1812 675 1886 λυπήσῃ
696 1814 788 1868 τὸν
812 1815 1070 1882 φιλοῦντα
1094 1818 1123 1869 6
1149 1817 1533 1888 ἀγαπώμενος,
1567 1820 1740 1891 θυμὸς
1773 1820 1872 1890 μὲν
1892 1819 2051 1873 οὐδα-

460 1904 562 1973 μοῦ
594 1905 866 1975 φαίνεται,
896 1906 1109 1977 δάκρυα
1142 1909 1199 1963 δέ
1232 1912 1328 1964 καὶ
1370 1913 1773 1983 παρακλήσεις,
1814 1913 1908 1965 καὶ
1934 1915 2049 1966 εκε-

455 1996 661 2067 τηρίαιν
697 2000 948 2053 τοσοῦτον
988 2002 1185 2071 ἀπέχει
1215 2002 1309 2055 τοῦ
1344 2003 1769 2073 παροξυνθῆναι.
1808 2006 1930 2059 Κάν
1965 2006 2050 2079 ίδῃ

456 2086 862 2157 ἁμαρτάνοντα,
899 2090 1088 2143 πενθεῖ
1115 2093 1206 2145 καὶ
1234 2093 1506 2146 όδυνᾶται·
1534 2095 1671 2148 ἀλλά
1701 2096 1794 2147 καὶ
1829 2098 1861 2165 ή
1887 2098 2050 2167 ὀδύνη

455 2176 595 2249 αῦτη
622 2179 819 2251 ἡδονὴν
854 2182 1031 2251 φέρει.
1064 2184 1176 2254 Τῆς
1208 2183 1317 2254 γὰρ
1357 2186 1579 2256 ἀγάπης
1611 2190 1704 2239 καὶ
1740 2188 1809 2240 τά
1836 2191 2051 2260 δάκρυα

457 2270 552 2358 καὶ
598 2272 630 2340 ή
671 2270 815 2342 λύπη
870 2274 1105 2341 γέλωτος
1156 2278 1355 2340 παντὸς
1390 2279 1523 2347 ήδίω
1570 2282 1663 2333 καὶ
1700 2285 1895 2352 χαρᾶς.
1938 2284 2052 2358 Οὐχ

458 2357 602 2412 οὕτω
650 2362 783 2430 γοῦν
822 2364 1194 2420 ἀναπαύονται
1250 2371 1298 2421 οἰ
1351 2370 1636 2436 γελῶντες,
1687 2372 1764 2433 ὼς
1806 2374 1854 2425 οἰ
1911 2372 2052 2443 ὑπὲρ

460 2450 632 2517 φίλων
676 2452 993 2519 κλαίοντες·
1040 2455 1143 2509 κᾶν
1187 2458 1441 2527 ἀπιστῇς,
1495 2459 1719 2530 ἐπίσχες
1763 2461 1943 2514 αὐτῶν
1982 2462 2051 2515 τά

459 2545 692 2617 δάκρυα,
754 2548 846 2600 καὶ
916 2548 991 2611 ὡς
1059 2549 1125 2602 τά
1194 2551 1472 2619 ἀνήκεστα
1547 2553 1841 2619 παθόντες,
1911 2555 2053 2608 οὕτω

460 2635 919 2707 δυσχεραίνουσιν.
956 2638 1095 2690 Ἀλλ’
1134 2639 1332 2708 ἡδονήν
1373 2639 1507 2708 ἔχει,
1542 2626 1726 2709 φησιν,
1766 2642 1968 2695 ἄτοπον
1992 2642 2054 2696 τὸ

461 2726 659 2793 φιλεῖν.
709 2726 948 2794 Ἄπαγε,
983 2728 1073 2779 καὶ
1127 2729 1387 2797 εὐφήμει,
1441 2729 1731 2799 ἀνθρωπεο
1766 2732 1917 2785 οὐδὲν
1944 2732 2053 2805 γὰρ

459 2816 636 2881 οὕτως
692 2818 887 2889 ἡδονῆς
936 2818 1233 2889 καθαρεύει
1280 2821 1554 2890 τοιαύτης.
1586 2821 1660 2885 ὡς
1690 2823 1879 2893 ἀγάπη
1917 2841 2053 2897 γνη-

466 2925 576 2963 σια.

535 3093 600 3157 ζ’.
622 3090 713 3162 Μὴ
745 3091 852 3160 γάρ
884 3108 973 3160 μοι
996 3092 1199 3162 ταύτην
1229 3092 1390 3165 εἴπῃς
1410 3092 1508 3163 τὴν
1538 3092 1763 3163 δημώδη
1798 3094 1893 3147 καὶ
1926 3095 2056 3162 ἀγοο

469 3186 641 3255 ραϊον,
679 3185 774 3236 καὶ
802 3183 955 3235 νόσον
992 3183 1192 3253 μᾶλλον
1225 3183 1256 3254 ἢ
1286 3184 1504 3254 ἀγάπην
1533 3180 1720 3250 οὖσαν,
1757 3184 1894 3239 ἀλλά
1927 3186 2057 3238 ταύ-

466 3293 568 3344 την
622 3275 689 3345 ἦν
740 3276 767 3327 6
823 3274 1034 3339 Παῦλος
1078 3276 1348 3347 ἐπιζητεῖ,
1388 3278 1487 3347 τὴν
1536 3278 1595 3331 τὸ
1639 3280 1920 3351 συμφέρον
1948 3281 2057 3334 τῶν

469 3366 855 3436 ἀγαπωμένων
881 3367 1215 3431 σκοποῦσαν,
1256 3370 1353 3421 καὶ
1374 3369 1493 3438 ὄψει
1514 3374 1596 3424 ὅτι
1624 3371 1879 3442 πατέρων
1911 3368 2056 3427 οὗτοι

471 3459 965 3529 φιλοστοργότεροι.
1004 3461 1113 3514 Kal
1160 3464 1352 3534 ὥσπερ
1390 3464 1440 3516 οἰ
1475 3464 1734 3535 χρήματα
1775 3465 2058 3534 φιλοῦντες

470 3549 572 3602 οὐκ
611 3548 677 3602 ἂν
702 3550 907 3604 ἕλοιντο
931 3551 1240 3624 δαπανῆσαι
1273 3555 1553 3624 χρήματα,
1586 3554 1700 3608 ἀλλ’
1728 3556 1878 3626 ἥδιον
1908 3557 1973 3611 ἀν
2000 3558 2059 3610 ἐν

473 3642 809 3713 στενοχωρίᾳ
844 3644 1120 3711 γενέσθαι,
1161 3645 1191 3715 ἢ
1246 3648 1431 3701 ἐκεῖνα
1482 3648 1611 3701 ἰδεῖν
1662 3648 2054 3719 ἐλαττούμεναο

472 3733 616 3787 οῦτω
666 3736 761 3788 καὶ
802 3738 829 3789 ὁ
862 3737 998 3807 πρός
1022 3755 1139 3790 τινα
1179 3738 1349 3805 ἡδέως
1377 3739 1535 3809 ἔχων,
1573 3739 1740 3811 μυρία
1785 3741 1851 3794 ἂν
1886 3741 2060 3795 ἐλοιτο

474 3824 688 3889 παθεῖν,
727 3825 760 3893 ἢ
800 3826 892 3881 τὸν
930 3826 1296 3899 ἀγαπώμενον
1346 3830 1859 3902 καταϐλαπτόμενον
1909 3835 2058 3892 ἰδείν.

475 3915 600 3980 Πῶς
624 3913 736 3981 οὖν,
762 3920 917 3987 φησί,
944 3920 1034 3973 τὸν
1068 3922 1265 3990 Ἰωσὴφ
1297 3923 1329 3989 ή
1356 3923 1626 3991 Αἰγυπτία
1652 3925 1903 3991 φιλοῦσα,
1928 3929 2061 3982 καθ-

476 4008 697 4079 υϐρίσαι
748 4010 1049 4079 ἡθέλησενς
1083 4012 1203 4063 ’Ὀτι
1248 4012 1454 4083 ταύτην
1489 4016 1662 4083 ἐφίλει
1708 4016 1805 4087 τὴν
1839 4018 2062 4090 ἀγάπην

474 4099 574 4170 τήν
606 4098 756 4172 [296]
786 4101 1116 4173 διαϐολικήν.
1165 4103 1222 4155 Ὀ
1270 4104 1451 4173 μέντοι
1494 4106 1689 4178 Ἰωσὴφ
1741 4110 1802 4161 ού
1832 4110 2059 4180 ταύτην,

476 4192 591 4245 ἀλλ’
614 4194 680 4262 ἧν
710 4195 739 4245 6
774 4193 984 4256 Παῦλος
1010 4192 1180 4263 ζητεῖ.
1237 4194 1515 4264 Ἐννόησον
1546 4192 1639 4249 οὖν
1669 4198 1801 4266 ὅσης
1841 4199 2062 4268 ἀγάπης

477 4282 643 4335 αὐτοῦ
692 4282 762 4334 τά
810 4285 1031 4353 ῥήματα
1079 4280 1168 4355 ἦν,
1202 4286 1296 4336 καί
1342 4286 1411 4338 τά
1456 4287 1761 4356 πράγματα
1806 4288 1841 4341 ἃ
1880 4288 2061 4360 ἐκείνη

478 4375 651 4441 ἔλεγε·
679 4374 1025 4441 Καθύϐρισόν
1048 4394 1114 4445 με
1145 4377 1239 4429 καὶ
1264 4377 1489 4448 ποίησον
1520 4378 1823 4448 μοιχαλίδα,
1856 4380 1952 4433 καὶ
1976 4382 2065 4434 τὸν

478 4469 649 4541 ἄνδρα
685 4470 961 4541 ἀδίκησον,
1008 4473 1101 4524 καὶ
1132 4471 1229 4542 τὴν
1264 4472 1437 4525 οἰκίαν
1480 4473 1781 4543 ἀνάτρεψον
1824 4475 2063 4540 ἃπασαν,

479 4564 574 4615 καὶ
634 4562 829 4615 σαυτὸν
882 4562 982 4628 τῆς
1036 4564 1170 4635 πρὸς
1211 4565 1303 4617 τὸν
1329 4564 1459 4617 Θεὸν
1496 4564 1689 4618 ἔκϐαλε
1729 4564 2062 4636 παρρησίας·

480 4652 623 4724 άπερ
655 4653 717 4706 οὐ
752 4654 909 4723 μόνον
941 4655 1174 4722 ἐκεῖνον,
1235 4655 1350 4707 ἀλλ’
1390 4655 1511 4708 οὐδὲ
1560 4654 1760 4725 ἑαυτὴν
1805 4655 2065 4725 φιλούσης

478 4738 567 4811 ἦν.
602 4741 769 4808 Οὗτος
800 4747 856 4800 δέ
896 4746 1083 4817 ἐπειδὴ
1111 4748 1351 4817 γνησίως
1392 4749 1585 4817 ἐφίλει,
1615 4748 1819 4802 τούτων
1847 4750 2067 4803 πάντων

483 4833 687 4901 ἀπῆγε.
719 4837 831 4887 Kal
872 4837 958 4888 ἵνα
1010 4838 1189 4909 μάθῃς
1235 4840 1316 4891 ὅτι
1356 4840 1525 4909 αὐτῆς
1574 4840 1819 4911 ἐκήδετο,
1856 4843 1919 4894 ἐκ
1968 4842 2067 4909 τῆς

483 4923 863 4993 παραινέσεως
895 4925 1028 4977 αὐτὸ
1058 4928 1367 4996 κατάμαθε.
1409 4932 1484 4980 υῦ
1526 4931 1633 5000 γὰρ
1675 4930 1934 4983 ἀπώσατο
1974 4933 2069 5001 μό-

483 5032 575 5069 νον
606 5014 797 5085 αύτην,
828 5015 965 5067 ἀλλὰ
997 5015 1093 5068 καὶ
1121 5018 1441 5089 παραίνεσιν
1476 5020 1739 5089 εἰσήγαγε
1774 5024 1954 5075 πᾶσαν
1982 5024 2071 5076 δυ-

484 5107 727 5179 ναμένην
763 5107 954 5162 σϐέσαι
998 5108 1195 5179 πυράν.
1247 5112 1315 5162 Εἰ
1348 5109 1457 5178 γὰρ
1496 5102 1534 5162 'o'
1562 5112 1763 5175 κύριός
1784 5129 1925 5179 μου,
1963 5130 2071 5182 φη-

487 5201 595 5264 cl»,
630 5202 703 5253 οὐ
747 5198 1029 5268 γινώσκει
1075 5199 1149 5253 δι’
1196 5201 1300 5268 ἐμὲ
1342 5200 1525 5254 οὐδὲν
1566 5200 1684 5253 τῶν
1721 5201 1792 5253 ἐν
1823 5200 1901 5265 τῷ
1930 5203 2073 5267 οἴκῳ

486 5289 695 5344 αὐτοῦ.
732 5288 949 5353 Εὐθέως
982 5292 1151 5363 αὐτὴν
1179 5291 1451 5358 ἀνέμνησε
1482 5291 1573 5343 τοῦ
1613 5292 1823 5360 ἀνδρὸς,
1866 5294 1951 5345 ἴνα
1984 5295 2070 5345 ἐν-

486 5382 682 5453 τρέψῃ.
716 5383 827 5437 Kal
859 5383 959 5435 οὐκ
984 5379 1158 5446 εἶπεν,
1207 5384 1266 5435 'O
1288 5384 1429 5451 ἀνήρ
1460 5400 1573 5441 σου,
1614 5382 1725 5433 ἀλλ’
1761 5383 1823 5433 '0
1869 5384 2073 5451 κύριός

486 5488 623 5541 μου,
660 5473 689 5525 δ
721 5474 923 5543 μᾶλλον
956 5474 1136 5528 ἰκανὸν
1174 5470 1244 5545 ἦν
1276 5473 1446 5541 αὐτὴν
1483 5476 1793 5542 κατασχεῖν,
1822 5475 1915 5527 καί
1953 5477 2071 5525 πεῖ-

493 5578 583 5616 σαι
611 5564 862 5633 ἐννοῆσαι
901 5564 984 5629 τίς
1015 5561 1148 5617 οὖσα
1189 5565 1332 5626 τίνος
1362 5565 1483 5634 ἐρᾷ.
1509 5566 1591 5617 ὅτι
1628 5564 1886 5616 δέσποινα
1914 5560 2069 5624 οὖσα,

492 5650 697 5705 δούλου.
749 5655 810 5706 Εἰ
842 5654 952 5724 γὰρ
994 5656 1199 5717 ἐκεῖνος
1239 5654 1448 5721 κύριος,
1506 5654 1601 5705 καὶ
1641 5653 1704 5705 σὺ
1751 5653 1933 5721 κυρία.
1982 5656 2073 5706 Αἰ-

497 5738 754 5811 σχύνθητι
808 5744 985 5797 τοίνυν
1037 5744 1134 5816 τήν
1183 5745 1319 5816 πρὸς
1360 5744 1449 5796 τὸν
1479 5744 1662 5797 δοῦλον
1697 5745 1932 5815 ὁμιλίαν,
1981 5748 2073 5800 za‘:

1134 320 1191 375 s.
1234 317 1523 373 JOANNIS
1564 313 2053 372 cumsusmm
2110 318 2432 374 Αιιυιιιερ.
2474 320 3028 387 CONSTANTINOP.

3615 339 3725 393 274

2146 432 2400 505 ἐννόησον
2430 439 2577 505 τίνος
2615 438 2749 498 οὖσα
2779 448 2938 519 γυνὴ,
2980 448 3084 503 τίνι
3113 450 3291 522 βούλει
3323 456 3733 527 συμπλακῆναι,

2153 527 2247 581 καὶ
2288 531 2418 601 περὶ
2446 534 2567 587 τίνα
2596 535 2892 607 ἀχάριστος
2927 542 3055 615 γίνῃ
3100 544 3192 597 καὶ
3219 545 3506 619 ἀγνώμων,
3530 554 3621 603 καὶ
3647 549 3735 603 δτι

2151 620 2280 713 ἐγὼῗ
2311 622 2535 681 πλείονα
2579 628 2733 701 αύτῷ
2776 632 3037 704 ἀπονέμω
3073 636 3305 694 εὔνοιαν.
3337 640 3448 693 Kal
3476 641 3582 713 δρα
3616 641 3738 704 πῶς

2150 710 2370 803 ἐπαίρει
2420 716 2588 770 αὐτοῦ
2643 720 2743 782 τὰς
2791 721 3133 792 εὐεργεσίας.
3184 728 3399 798 Ἐπειδὴ
3443 710 3552 803 γὰρ
3582 731 3737 785 οὐδὲν

2150 798 2258 852 τῶν
2292 802 2511 873 ὑψηλῶν
2538 807 2790 878 ἐννοῆσαι
2820 810 3050 879 ἠδύνατο
3076 816 3108 885 ή
3138 814 3412 888 βάρϐαρος
3433 798 3615 889 ἐκείνη
3644 820 3740 873 καὶ

2154 890 2475 958 ἀκόλαστος,
2508 896 2618 950 ἀπὸ
2647 898 2755 951 τῶν
2788 900 3145 972 ἀνθρωπίνων
3173 906 3342 979 αὐτὴν
3368 909 3617 979 ἐντρέπει
3650 909 3740 963 λέ-

2152 997 2286 1048 γων’
2328 986 2409 1039 Οὐ
2442 986 2724 1055 γινώσκει
2756 990 2830 1043 δι’
2859 991 2967 1061 ἐμὲ
2993 994 3194 1049 οὐδέν’
3232 998 3534 1061 τουτέστιν,
3568 1001 3742 1071 Εὐερ-

2154 1076 2307 1142 γετεῐ
2341 1092 2408 1146 με
2440 1079 2675 1148 μεγάλα,
2706 1082 2798 1136 καὶ
2835 1084 2897 1139 οὐ
2926 1084 3164 1158 δύναμαι
3213 1089 3306 1144 τὸν
3334 1092 3645 1162 προστάτην
3680 1093 3741 1145 ἐν

2154 1170 2266 1233 τοῖς
2300 1169 2513 1241 κυρίοις
2537 1173 2760 1244 πλῆξαι.
2794 1176 2925 1249 Ἐμέ
2950 1177 3200 1250 δεύτερον
3224 1182 3447 1252 ἐποίησε
3475 1183 3743 1254 δεσπότην

2155 1261 2254 1330 τῆς
2298 1261 2505 1329 οἰκίας,
2557 1264 2677 1333 καὶ,
2711 1266 2922 1335 οὐδεὶς
2971 1270 3347 1339 ὑπεξῄρηται
3386 1291 3539 1343 μου,
3574 1273 3745 1340 πλὴν

2156 1350 2293 1404 σοῦ.
2336 1350 2601 1409 Ἐνταῦθα
2637 1357 2853 1429 ἐπαίρει
2899 1361 3069 1431 αὐτῆς
3099 1362 3160 1415 τὸ
3193 1362 3470 1434 φρόνημα,
3516 1364 3602 1418 ἵνα
3638 1363 3745 1417 κᾶν

2156 1439 2329 1506 οὕτως
2364 1445 2720 1518 αἰσχυνθῆναι
2751 1452 3171 1524 παρασκευάσῃ,
3197 1454 3290 1506 καὶ
3316 1453 3463 1525 δείξῃ
3499 1454 3746 1523 μεγάλην

2157 1528 2321 1587 οὖσαν
2356 1535 2455 1606 τὴν
2502 1539 2689 1609 τιμήν.
2717 1542 2827 1594 Kal
2850 1542 2972 1595 οὐδέ
3002 1543 3164 1614 μέχρι
3206 1544 3393 1598 τούτου
3424 1545 3574 1615 ἔστη,
3609 1545 3748 1599 ἀλλὰ

2157 1625 2253 1677 καὶ
2282 1626 2564 1697 ἐπήγαγεν
2594 1630 2766 1701 ὄνομα
2797 1634 2979 1688 ἱκανὸν
3002 1636 3170 1706 αὐτὴν
3206 1639 3523 1705 κατασχεῖν,
3546 1636 3744 1704 λέγων·

2158 1714 2262 1768 Διὰ
2295 1717 2364 1769 τό
2401 1732 2477 1771 σε
2510 1721 2769 1788 γυναῖκα
2803 1724 2989 1777 αὑτοῦ
3020 1721 3192 1790 εἶναι,
3224 1726 3322 1788 καὶ
3355 1725 3480 1791 πῶς
3510 1727 3749 1794 ποιήσω

2158 1804 2225 1857 τό
2257 1804 2421 1875 ῥῆμα
2455 1809 2522 1862 τὸ
2556 1814 2825 1879 πονηρὸν
2863 1814 3071 1877 τοῦτο;
3120 1816 3280 1869 Ἀλλά
3325 1816 3377 1868 τί
3419 1817 3629 1884 λέγεις;
3663 1818 3746 1870 ὅτι

2158 1896 2219 1947 ού
2254 1897 2521 1968 πάρεστιν
2549 1902 2576 1953 6
2605 1901 2764 1973 ἀνὴρ,
2800 1904 2919 1956 οὐδὲ
2947 1901 3087 1958 οἶδεν
3110 1907 3191 1958 ὅτι
3212 1906 3513 1973 ἀδικεῖται;
3552 1907 3694 1960 Ἀλλ’
3720 1911 3753 1961 6

2159 1986 2291 2052 Θεὸς
2325 1989 2607 2060 ἐπόψεται.
2648 1993 2786 2046 Ἀλλ’
2822 1994 2921 2047 οὐκ
2969 1995 3259 2065 ἐκέρδανεν
3307 1997 3459 2050 οὐδὲν
3507 1997 3616 2051 ἀπὸ
3649 1998 3750 2068 τῆς

2162 2078 2473 2151 συμϐουλῆς
2506 2082 2712 2152 ἐκείνη,
2750 2084 2866 2137 ἀλλ’
2902 2085 3257 2139 ἐπεσπάσατο
3285 2088 3467 2141 αὐτόν.
3502 2088 3612 2158 Τὴν
3641 2088 3751 2157 γάρ

2158 2168 2365 2223 οἰκείαν
2394 2172 2590 2241 μανίαν
2613 2173 2898 2245 πληρῶσαι
2934 2174 3256 2247 βουλομένη,
3293 2178 3354 2231 ού
3396 2177 3624 2246 φιλοῦσα
3656 2178 3752 2232 τὸν

2171 2262 2393 2334 Ἰωσὴφ,
2428 2265 2601 2319 ταῦτα
2630 2266 2888 2337 ἐπραττε’
2918 2270 3010 2322 καὶ
3033 2270 3190 2340 δῆλον
3228 2270 3287 2335 ἐξ
3309 2265 3383 2324 ὧν
3413 2272 3550 2342 μετά
3577 2271 3754 2326 ταῦτα

2161 2355 2407 2426 ἐποίησε.
2441 2358 2552 2410 Kal
2582 2359 2692 2429 γάρ
2718 2360 3069 2431 δικαστήριον
3115 2361 3351 2427 καθίζει,
3377 2364 3471 2415 καί.
3510 2380 3752 2433 κατηγο-

2163 2447 2287 2514 ρίαν
2310 2448 2545 2515 εἰσάγει,
2579 2451 2674 2503 καί
2699 2452 2769 2503 τά
2800 2450 2970 2521 ψευδῆ
3016 2456 3441 2527 καταμαρτυρεῖ,
3478 2454 3567 2505 καὶ
3608 2453 3753 2506 ἐκδί-

2160 2533 2291 2586 δωσι
2327 2534 2503 2607 θηρίῳ
2530 2537 2621 2590 τὸν
2653 2540 2806 2593 οὐδὲν
2841 2541 3159 2611 ἠδικηκότα,
3191 2543 3285 2597 καὶ
3335 2544 3414 2607 el;
3468 2543 3753 2614 δεσμωτή-

2166 2643 2279 2697 ριον
2310 2628 2589 2697 ἐμϐάλλει·
2626 2632 2827 2700 μᾶλλον
2852 2634 2929 2700 δὲ,
2959 2636 3018 2689 τό
3047 2652 3108 2703 γε
3130 2636 3299 2707 αὐτῆς
3327 2636 3513 2709 μέρος,
3543 2636 3637 2690 καὶ
3660 2637 3756 2689 ἀν-

2162 2719 2323 2771 εῖλεν·
2361 2720 2505 2775 οὔτω
2546 2722 2637 2775 τὸν
2685 2723 2948 2797 δικαστὴν
2980 2728 3313 2782 καθώπλισε.
3361 2729 3425 2781 Τί
3466 2724 3596 2795 οῦν;
3644 2724 3755 2799 ἆρα

2163 2814 2257 2867 xal
2284 2813 2479 2886 Ἰωσὴφ
2512 2816 2788 2881 τοιοῦτος;
2824 2820 3145 2874 Τοὺναντίον
3179 2823 3277 2891 μὲν
3305 2818 3397 2874 οὖν
3425 2822 3594 2876 ἀπανδ
3628 2821 3755 2875 οὕτε

2162 2906 2271 2977 γάρ
2300 2909 2574 2972 ἀντεῖπεν,
2601 2910 2725 2963 οὔτε
2760 2914 3104 2983 κατηγόρησε
3138 2914 3236 2983 τῆς
3262 2914 3543 2981 γυναικός.
3594 2894 3757 2967 ’Ππι-

2166 3000 2336 3070 στήθη
2366 3000 2474 3071 γάρ
2512 3000 2599 3064 ἂν,
2634 3002 2789 3073 φησί.
2827 3003 2937 3055 Καὶ
2977 3003 3084 3073 μὴν
3126 3004 3333 3075 σφόδρα
3368 3005 3626 3074 ἐφιλεῖτο,
3662 3006 3757 3059 καὶ

2163 3090 2322 3160 δῆλον
2348 3092 2448 3144 οὐκ
2468 3092 2576 3145 ἀπὸ
2604 3094 2703 3163 τῆς
2731 3094 2905 3164 ἀρχῆς
2940 3096 3120 3165 μόνον,
3144 3095 3277 3150 ἀλλά
3307 3095 3400 3149 καὶ
3424 3096 3531 3149 ἀπὸ
3550 3096 3647 3149 τοῦ
3668 3097 3759 3149 τὲ-

2164 3182 2311 3247 λους.
2338 3185 2400 3237 Εἰ
2423 3184 2531 3257 γάρ
2563 3186 2639 3257 μὴ
2673 3187 2879 3259 σφόδρα
2905 3188 3066 3242 αὑτὸν
3098 3188 3374 3260 βάρϐαρος
3407 3189 3614 3250 ἐκεῖνος
3637 3188 3760 3257 ἐφι-

2164 3277 2268 3341 λει,
2299 3278 2404 3331 κᾶν
2446 3279 2735 3333 ἀπέκτεινε
2773 3282 3007 3348 σιγῶντα
3052 3282 3146 3333 καὶ
3185 3280 3340 3334 οὐδὲν
3383 3278 3756 3348 ἀντιλέγοντα.

2166 3369 2277 3421 Kal
2321 3369 2429 3438 γάρ
2470 3369 2766 3437 Αἰγύπτιος
2810 3366 2896 3442 ἦν,
2932 3373 3025 3424 καὶ
3062 3373 3267 3442 ἄρχων,
3307 3370 3557 3441 καὶπερὶ
3596 3370 3761 3441 εὐνὴν

2167 3458 2517 3530 ἠδικημένος,
2551 3460 2701 3533 [297]
2723 3462 2798 3527 ὡς
2822 3463 3060 3532 ἐνόμιζε,
3096 3462 3191 3515 καὶ
3219 3460 3371 3533 παρά
3400 3462 3639 3527 οἰκέτου,
3663 3464 3761 3515 καὶ

2167 3552 2380 3606 οἰκέτου
2410 3551 2636 3608 τοιαῦτα
2662 3555 3138 3627 εύεργετηθέντος.
3169 3555 3307 3607 Ἀλλ’
3335 3554 3556 3625 ἐνίκησε
3585 3554 3763 3609 ταῦτα

2169 3644 2349 3698 πάντα
2388 3646 2417 3698 6
2461 3645 2626 3708 πόθος
2669 3646 2763 3698 καὶ
2801 3648 2833 3715 ή
2873 3646 3052 3717 χάρις,
3086 3648 3151 3717 ἥν
3182 3648 3210 3700 6
3241 3646 3373 3711 Θεὸς
3415 3645 3583 3699 αὐτοῦ
3629 3664 3765 3699 κατ-

2170 3737 2313 3809 έχεε.
2348 3739 2505 3793 Μετά
2542 3739 2599 3792 δὲ
2632 3740 2731 3809 τῆς
2764 3740 2987 3810 χάριτος
3028 3740 3123 3793 xal
3159 3740 3257 3809 τῆς
3286 3741 3508 3811 ἀγάπης
3552 3739 3764 3808 ταύτης

2170 3829 2266 3884 καὶ
2329 3831 2605 3901 τεκμήρια
2657 3827 2801 3901 εἶχεν
2858 3833 2918 3883 οὐ
2967 3832 3161 3902 μικρὰ,
3208 3832 3256 3882 εἰ
3303 3829 3763 3898 δικαιολογεῖσθαι

2171 3920 2595 3986 ἐϐούλετο,αύτά
2608 3924 2675 3975 τά
2694 3923 2904 3991 ἱμάτια.
2930 3923 2989 3974 Εἰ
3007 3922 3116 3992 γὰρ
3140 3920 3277 3993 αὑτὴ
3299 3916 3417 3992 ἧνή
3449 3920 3761 3991 βιασθεῖσα,

2169 4009 2261 4061 τὸν
2289 4010 2493 4080 χιτῶνα
2536 4011 2705 4081 αύῃτγς
2732 4010 3127 4081 περιερῤῆχθαι
3172 4011 3299 4073 ἔδει,
3340 4010 3437 4079 τὴν
3468 4010 3591 4080 ὄψιν
3624 4028 3759 4063 κατ-

2172 4102 2536 4173 εσπαράχθαι,
2570 4101 2630 4153 οὐ
2664 4100 2732 4154 τά
2774 4101 2985 4154 ἐκείνου
3035 4102 3284 4171 κατέχειν
3339 4103 3548 4171 ἱμάτια.
3597 4103 3764 4156 Ἀλλ’

2173 4194 2425 4261 ἢκουσε,
2452 4192 2636 4262 φησὶν,
2666 4191 2755 4244 ὅτι
2790 4192 3009 4260 ὒψωσα
3046 4192 3163 4261 τὴν
3190 4193 3420 4263 φωνὴν,
3446 4194 3543 4246 καὶ
3576 4208 3761 4246 κατα·

2172 4283 2369 4336 ,λιπὼν
2395 4284 2468 4336 τὰ
2501 4282 2701 4353 ἱμάτια
2723 4284 2930 4340 αὐτοῦ.
2958 4284 3216 4352 ἀπῆλθε.
3261 4284 3417 4346 Τίνος
3451 4279 3543 4335 οὖν
3574 4284 3765 4336 ἕνεκεν

2175 4376 2268 4430 καὶ
2307 4376 2620 4441 ἀπέδυσας;
2652 4375 2704 4429 τί
2750 4376 2857 4447 γάρ
2900 4376 3146 4446 παθούσῃ
3180 4375 3298 4444 βίαν
3338 4374 3624 4442 ἀγαπητὸν
3652 4370 3763 4445 ἦν;

2174 4468 2247 4520 Τὸ
2276 4467 2657 4536 ἀπαλλαγῆναι
2682 4466 2773 4519 τοῦ
2799 4466 3162 4536 ἐνοχλοῦντος.
3200 4466 3341 4533 Ἐγὼ
3366 4465 3424 4519 δέ
3451 4466 3552 4519 οὐκ
3578 4465 3766 4519 ἐντεῦ-

2175 4559 2269 4613 θεν
2294 4562 2474 4630 μόνον,
2510 4560 2647 4614 ἀλλά
2675 4558 2771 4613 καὶ
2799 4556 2864 4612 ἐκ
2902 4558 3013 4611 τῶν
3042 4556 3181 4627 μετά
3204 4556 3375 4611 ταῦτα
3402 4558 3571 4625 δεῖξαι
3601 4557 3765 4628 δυνή-

2177 4668 2341 4721 σομαι
2396 4650 2561 4704 αὐτοῦ
2608 4650 2705 4721 τὴν
2737 4648 2950 4703 εὔνοιαν
2988 4651 3082 4702 καὶ
3108 4648 3206 4720 τὴν
3235 4649 3477 4719 ἀγάπην.
3514 4649 3625 4703 Kal
3654 4648 3766 4718 γὰρ

2176 4742 2264 4795 ὅτε
2300 4743 2379 4805 εἰς
2416 4742 2662 4813 ἀνάγκην
2694 4741 2921 4793 ἐνέπεσε
2954 4739 3047 4793 τοῦ
3082 4740 3184 4811 τὴν
3232 4740 3412 4792 αἰτίαν
3456 4740 3635 4791 εἰπεῖν
3668 4740 3764 4791 τοῦ

2175 4833 2550 4904 δεσμωτηρίου
2602 4832 2697 4885 καὶ
2744 4832 2846 4898 τῆς
2883 4832 3001 4884 ἐκεῖ
3029 4830 3334 4899 διατριϐῆς,
3362 4829 3482 4882 οὐδὲ
3519 4830 3642 4881 τότε
3678 4830 3767 4895 ἐξ·

2178 4929 2300 4978 εἶπε
2326 4925 2385 4978 τὸ
2412 4926 2619 4995 δρᾶμα,
2648 4923 2783 4977 ἀλλὰ
2810 4923 2863 4975 τί
2892 4940 3059 4993 φησι;
3083 4922 3189 4974 Καὶ
3225 4921 3340 4990 ἐγὼ
3359 4923 3473 4974 οὐκ
3500 4920 3769 4987 ἐποίησα

2178 5017 2378 5081 οὐδὲν,
2420 5018 2583 5071 ἀλλὰ
2620 5015 2821 5082 κλοπῇ
2868 5014 3143 5081 ἐκλάπην
3185 5013 3255 5065 ἐκ
3306 5011 3420 5081 γῆς
3460 5003 3764 5078 Ἐσρὰίων-

2178 5105 2275 5158 καὶ
2307 5102 2545 5174 οὐδαμοῦ
2579 5104 2851 5173 μέμνηται
2871 5105 2969 5172 τῆς
2994 5101 3318 5173 μοιχαλίδος,
3344 5102 3465 5156 οὐδὲ
3491 5102 3768 5158 καλλωπί-

2180 5193 2333 5258 ζεται
2362 5194 2457 5247 ἐπὶ
2488 5192 2567 5262 τῷ
2599 5193 2906 5263 πράγματι,
2940 5191 2968 5245 ὃ
2995 5193 3224 5255 πᾶς’τις
3251 5187 3344 5247 οῦν
3374 5193 3441 5247 ἀν
3461 5195 3688 5262 ἔπαθεν,
3719 5199 3769 5250 εἰ

2181 5293 2273 5345 καὶ
2304 5291 2379 5361 μὴ
2415 5287 2726 5357 φιλοτιμίας
2759 5287 2965 5348 ἕνεκεν,
2992 5284 3107 5338 ἀλλ’
3132 5285 3270 5339 ὥστε
3312 5288 3386 5359 μὴ
3419 5288 3566 5353 δόξαι
3596 5305 3769 5357 πονη-

2182 5385 2282 5454 ρᾶς
2313 5384 2499 5436 ἕνεκεν
2522 5380 2701 5443 αἰτίας
2738 5379 2817 5441 εἰς
2841 5378 2902 5430 τὸ
2933 5377 3139 5448 οἴκημα
3164 5380 3535 5449 ἐμϐεϐλῆσθαι
3561 5382 3764 5435 ἐκεῖνο.

2181 5476 2243 5528 El
2274 5475 2381 5545 γάρ
2414 5474 2507 5525 καὶ
2537 5472 2939 5541 ἁμαρτάνοντες
2970 5471 3268 5541 ἄνθρωποι,
3310 5472 3428 5524 οὐδὲ
3458 5471 3633 5535 οὕτως
3660 5474 3767 5526 ἀπ-

2180 5567 2396 5637 έχονται
2425 5565 2518 5618 τοῦ
2556 5563 2728 5616 ταῦτα
2762 5563 3032 5631 ἐγκαλεῖν,
3067 5565 3244 5616 καίτοι
3275 5579 3337 5629 γε
3374 5562 3641 5631 αἰσχύνην
3671 5563 3768 5617 τοῦ

2182 5658 2506 5727 πράγματος
2536 5654 2813 5723 φέροντος,
2846 5653 2963 5716 πῶς
2990 5654 3089 5706 οὐκ
3125 5652 3271 5714 ἀξιον
3307 5652 3587 5721 θαυμάσαι
3618 5655 3765 5707 ἐκεί-

2182 5767 2289 5813 νον,
2320 5751 2399 5803 ὅτι
2429 5751 2517 5803 καὶ
2554 5747 2789 5818 καθαρὸς
2816 5746 2891 5801 ῶν
2916 5747 3015 5799 οὐκ
3048 5742 3290 5800 εἷπε’τὸν
3322 5745 3499 5815 ἔρωτα
3528 5745 3627 5816 τῆς
3667 5763 3767 5818 γυ-
