4038 6216
282 372 388 433 2⁸13

284 507 410 547 vero
438 491 740 545 libertatem
770 502 800 541 a
826 486 991 553 curis,
1039 500 1101 541 ac
1129 500 1301 555 neque
1329 486 1634 541 divitiarum
1665 487 1868 544 sollici-

286 581 533 643 tudines,
583 593 757 649 neque
811 576 1143 647 paupertatis
1191 587 1391 631 metum
1452 578 1865 633 sustineremus.

285 671 489 742 Ecquid
510 670 636 725 dico
659 670 727 725 de
759 668 923 723 lucris
952 684 1018 723 cx
1048 668 1131 722 illa
1156 669 1367 737 partis?
1397 668 1513 739 Ipsa
1559 683 1774 739 quoque
1816 670 1867 724 in

282 779 339 819 se
364 750 605 827 dilectio,
635 770 829 832 quanta
861 761 931 817 sit
954 758 1260 827 considera,
1288 770 1540 831 quantam
1572 760 1706 817 lerat
1729 760 1869 816 beti-

281 858 427 921 tiam,
459 855 512 910 in
538 865 733 926 quanta
762 856 930 924 gratia
961 855 1254 909 constituat
1280 854 1511 908 animam
1538 873 1550 908 :
1582 854 1721 925 quod
1752 840 1869 925 qui-

278 949 399 1003 dem
432 948 484 1002 in
507 947 597 1001 illa
628 946 891 1001 eximium
916 954 1019 1001 est.
1043 947 1177 1001 Aliae
1203 961 1435 1016 namque
1461 947 1672 1001 virtutis
1692 956 1869 1016 partes

276 1040 620 1111 conjunctum
650 1039 853 1095 habent
880 1039 1158 1105 laborem;
1188 1039 1332 1095 verbi
1364 1041 1555 1109 gratia,
1583 1026 1863 1110 jejunium,

278 1132 628 1202 temperantia
650 1174 665 1199 ,
712 1131 908 1202 vigilias
933 1171 948 1196 ,
994 1131 1250 1186 invidiam
1275 1173 1289 1197 ,
1342 1132 1830 1201 concupiscentiam
1850 1174 1864 1199 ,

275 1232 677 1293 contemptum:
698 1225 895 1279 caritas
925 1232 1104 1279 autem
1126 1240 1250 1279 cum
1277 1224 1427 1280 lucro
1458 1226 1675 1281 multam
1710 1226 1869 1280 habet

274 1318 433 1372 etiam
464 1317 813 1386 voluptatem,
844 1325 898 1371 et
924 1316 1161 1372 laborem
1194 1318 1400 1372 nullum
1429 1335 1441 1370 :
1475 1327 1530 1373 et
1560 1318 1696 1372 sicut
1727 1317 1867 1372 bona

273 1410 409 1478 apis,
442 1409 678 1477 undique
726 1410 864 1464 bona
910 1409 1190 1478 colligens,
1220 1409 1309 1463 illa
1340 1408 1557 1478 deponit
1589 1408 1641 1463 in
1690 1408 1864 1462 anima

272 1501 391 1570 ejus
418 1501 506 1570 qui
537 1501 727 1569 diligit.
763 1500 987 1553 Etiamsi
1017 1501 1137 1569 quis
1184 1501 1407 1564 serviat,
1463 1501 1710 1554 libertate
1739 1515 1864 1552 sua-

270 1592 476 1647 viorem
527 1591 746 1644 exhibet
774 1592 1113 1645 servitutem.
1169 1591 1268 1657 Qui
1302 1591 1444 1644 enim
1474 1598 1617 1644 amat
1644 1604 1752 1643 non
1794 1590 1862 1643 ita

268 1683 460 1749 gaudet
486 1696 607 1735 cum
638 1682 879 1750 imperat.
920 1692 976 1736 ut
1004 1698 1125 1737 cum
1170 1682 1487 1751 imperatur,
1517 1679 1727 1735 etiamsi
1759 1680 1862 1733 im-

266 1789 458 1849 perare
485 1774 555 1831 sit
579 1774 873 1844 jucundum
898 1792 911 1836 ;
942 1775 1034 1829 sed
1069 1776 1180 1843 ipsa
1211 1790 1391 1829 rerum
1412 1783 1656 1828 naturam
1685 1782 1861 1826 trans-

268 1879 459 1930 mutat,
491 1868 811 1939 advenitque
840 1867 891 1921 in
928 1882 1085 1919 manu
1111 1865 1248 1920 bona
1278 1866 1459 1919 omnia
1491 1866 1713 1927 habens,
1736 1880 1863 1935 qua-

266 1963 345 2015 \is
364 1971 533 2016 matre
549 1961 819 2027 blandior,
837 1959 1025 2030 quavis
1052 1958 1231 2028 regina
1261 1958 1576 2027 locupletior
1603 1976 1616 2012 :
1640 1972 1863 2026 qumque

265 2052 532 2107 laboriosa
560 2062 706 2115 sunt,
741 2034 875 2105 levia
910 2062 960 2106 et
995 2049 1169 2103 facilia
1220 2049 1414 2105 reddit.
1446 2049 1697 2103 virtutem
1728 2047 1857 2102 faci-

266 2146 393 2206 lem,
449 2143 739 2212 nequitiam
788 2142 1195 2196 acerbissimam
1228 2140 1381 2193 nobis
1413 2140 1695 2195 exhibens.
1729 2141 1860 2194 Ani-

264 2234 539 2289 madverte
560 2245 738 2287 autem
774 2251 786 2285 :
822 2234 1136 2302 impendere
1168 2232 1374 2285 videtur
1404 2233 1684 2286 molestum
1717 2248 1855 2295 esse,

262 2326 446 2381 ethoc
493 2325 579 2378 illa
610 2324 764 2379 dulce
793 2324 1010 2387 reddit;
1046 2325 1223 2378 aliena
1270 2325 1515 2392 accipere
1538 2324 1854 2393 jucundum,

262 2424 319 2471 et
347 2432 452 2470 non
482 2416 604 2469 sinit
634 2416 762 2468 illud
784 2416 1081 2484 jucundum
1111 2430 1396 2484 apparere.
1427 2415 1519 2470 sed
1552 2425 1607 2470 ut
1636 2432 1855 2485 pravum

264 2506 445 2577 fugere
464 2506 676 2561 suadet.
703 2506 912 2561 Rursus
941 2506 1270 2561 maledicere
1314 2520 1476 2562 suave
1503 2508 1751 2561 omnibus
1770 2508 1859 2560 'vi-

262 2599 419 2653 detur
445 2614 604 2661 esse;
639 2600 751 2667 ipsa
781 2609 958 2653 autem
991 2600 1119 2654 illud
1150 2614 1389 2652 amarum
1433 2611 1553 2654 esse
1599 2600 1853 2665 declarat,

262 2698 318 2743 et
343 2688 664 2743 benedicere
696 2688 853 2742 dulce
883 2708 893 2742 :
928 2690 1058 2742 nihil
1091 2689 1233 2742 enim
1265 2689 1417 2743 nobis
1464 2691 1532 2744 ita
1561 2704 1722 2744 suave
1752 2700 1853 2756 e~t,

264 2788 319 2833 ut
356 2778 573 2833 laudare
622 2795 742 2833 eum
790 2795 948 2848 quem
981 2795 1244 2833 amamus.
1278 2778 1488 2834 Rursus
1516 2782 1589 2833 ira
1622 2782 1851 2850 aliquam

265 2872 423 2927 habet
446 2872 806 2942 voluptatem;
832 2883 885 2926 at
914 2872 999 2928 hic
1028 2888 1382 2942 nequaquam,
1412 2872 1505 2927 sed
1529 2889 1715 2928 omnes
1738 2871 1853 2942 ejus

264 2964 411 3018 nervi
430 2964 623 3019 sublati
648 2974 772 3017 sunt
799 2983 810 3014 :
840 2966 1048 3019 etiamsi
1083 2967 1126 3020 is
1154 2967 1241 3035 qui
1268 2966 1507 3034 diligitur
1528 2966 1764 3035 diligenti
1796 2982 1853 3020 se

264 3056 562 3109 molestiam
584 3057 799 3120 crearit,
824 3058 897 3110 ira
926 3072 1186 3127 nusquam
1210 3066 1451 3127 apparet,
1468 3058 1561 3111 sed
1581 3059 1849 3128 lacrymre,

261 3147 664 3203 adhortationes
686 3158 739 3203 et
768 3150 1186 3216 supplicationes
1222 3169 1233 3203 :
1270 3159 1472 3203 tantum
1504 3152 1655 3205 abest
1685 3161 1739 3204 ut
1763 3168 1857 3206 ex-

262 3250 560 3310 asperetur.
607 3242 825 3295 Etiamsi
851 3242 1027 3296 videat
1066 3252 1371 3309 peccantem
1394 3284 1407 3308 ,
1439 3244 1580 3313 luget
1609 3255 1662 3299 et
1685 3244 1849 3309 dolet;

261 3334 355 3389 sed
383 3334 537 3387 dolor
568 3334 653 3389 ille
678 3324 1001 3402 voluptatem
1031 3335 1202 3388 affert.
1230 3336 1479 3389 Caritatis
1506 3336 1647 3389 enim
1681 3338 1856 3406 lacry-

260 3440 362 3477 nne
392 3434 447 3479 et
468 3426 620 3478 dolor
652 3426 759 3479 risu
784 3435 908 3479 sunt
935 3427 1079 3479 omni
1105 3438 1157 3480 ct
1186 3426 1380 3497 gaudio
1408 3429 1709 3484 suaviores.
1734 3429 1848 3483 Non

260 3518 396 3571 adeo
418 3518 575 3588 igitur
597 3520 881 3587 quiescunt
918 3521 950 3575 ii
974 3521 1064 3591 qui
1098 3521 1295 3587 rident,
1330 3531 1386 3575 ut
1421 3523 1453 3575 ii
1476 3522 1565 3592 qui
1594 3539 1689 3592 pro
1714 3525 1845 3576 ami-

258 3610 337 3663 cis
369 3611 582 3679 plorant
616 3629 627 3666 :
659 3612 774 3668 etsi
807 3613 855 3667 id
885 3629 988 3667 non
1032 3613 1227 3679 credis,
1248 3615 1493 3683 reprime
1526 3616 1737 3669 illorum
1774 3617 1848 3668 la-

259 3716 491 3775 crymas,
528 3713 580 3757 ct
609 3720 670 3757 ac
711 3706 752 3757 si
783 3705 1096 3773 gravissima
1131 3716 1458 3772 paterentur,
1492 3708 1559 3758 ita
1584 3722 1724 3775 a‘gre
1770 3707 1847 3759 fc-

259 3805 402 3849 runt.
431 3797 497 3849 At
518 3809 719 3860 amare,
754 3796 985 3866 inquies,
1009 3796 1294 3849 absurdam
1318 3796 1478 3851 habet
1502 3797 1845 3865 voluptatem.

259 3887 432 3951 Absit,
459 3888 595 3941 bOua
629 3887 806 3951 verba,
840 3903 871 3941 ο
896 3886 1056 3942 homo
1085 3906 1095 3940 :
1131 3888 1257 3941 nihil
1285 3888 1425 3941 enim
1452 3888 1517 3941 ita
1550 3904 1740 3958 purum
1768 3899 1849 3944 est

257 3987 315 4032 ut
352 3979 546 4032 caritas
568 3980 817 4049 genuina.

332 4071 384 4125 '1.
428 4068 506 4123 Ne
538 4070 666 4123 mihi
710 4072 850 4125 enim
882 4071 1027 4125 dicas
1056 4072 1196 4125 illam
1243 4072 1556 4141 popularem
1585 4082 1637 4125 et
1664 4071 1843 4126 foren-

254 4180 391 4229 sem,
432 4164 523 4234 qui
552 4172 635 4217 est
679 4166 852 4231 p0tius
878 4165 1115 4227 morbus,
1161 4182 1319 4235 quam
1354 4168 1546 4219 caritas
1578 4176 1629 4219 et
1675 4181 1845 4229 amor,

254 4256 348 4311 sed
381 4256 511 4308 banc
542 4270 703 4325 quam
733 4256 924 4309 Paulus
953 4257 1163 4325 qurerit,
1216 4274 1334 4327 quze
1362 4258 1501 4326 quod
1534 4259 1662 4311 utile
1709 4257 1843 4310 dile-

254 4348 357 4401 ctis
384 4356 463 4401 est
493 4358 721 4417 spectat,
755 4357 811 4403 et
840 4349 1047 4403 videbis
1082 4350 1200 4403 illos
1228 4365 1347 4403 esse
1394 4350 1634 4418 patribus
1659 4366 1844 4403 aman-

254 4442 440 4495 tiores.
466 4444 542 4495 Ac
572 4442 1024 4511 qnemadmodmn
1056 4444 1085 4495 ii
1112 4444 1204 4512 qui
1232 4446 1485 4511 pecunias
1516 4453 1715 4505 amant,
1748 4459 1842 4512 pe-

253 4534 439 4587 cunias
466 4534 781 4603 impendere
805 4552 911 4589 non
946 4535 1237 4604 elegerint,
1272 4535 1365 4589 sed
1400 4536 1614 4588 suavius
1661 4544 1847 4604 putant

252 4624 305 4678 in
349 4626 591 4696 angustia
619 4642 758 4693 esse,
793 4643 953 4697 quam
996 4628 1115 4685 illas
1160 4628 1471 4681 imminutas
1498 4628 1681 4682 videre
1713 4645 1724 4680 :
1770 4630 1845 4683 sic

253 4724 308 4770 et
339 4716 427 4769 ille
451 4718 541 4785 qui
569 4734 693 4788 erga
714 4720 942 4789 aliquem
977 4719 1113 4774 bene
1151 4728 1204 4773 et
1229 4721 1464 4773 suaviter
1489 4720 1713 4774 allectus
1740 4730 1841 4787 est,

254 4808 533 4862 innumera
560 4809 663 4875 pati
684 4811 951 4876 maluerit,
972 4811 1400 4880 quamdilectum
1425 4811 1605 4865 videre
1635 4812 1839 4866 lLBSIIIll.

253 4899 535 4967 Quomodo
587 4900 766 4969 igitur,
828 4903 1058 4972 inquies,
1093 4904 1341 4974 Egyptia
1378 4905 1486 4968 illa,
1534 4921 1653 4972 quze
1695 4905 1845 4958 .lose-

252 4990 416 5057 phum
479 4990 723 5055 amabat,
781 4991 927 5044 illum
975 4994 1297 5045 contumelia
1360 4994 1582 5049 afficere
1633 4994 1842 5048 voluit?

250 5074 382 5143 Quia
418 5080 567 5134 illum
596 5080 809 5135 amabat
839 5080 1127 5135 dilectione
1157 5082 1441 5138 diabolica.
1488 5084 1686 5154 Joseph
1716 5101 1843 5139 vero

251 5181 358 5220 non
388 5167 525 5224 hanc
570 5169 772 5236 habuit,
810 5170 901 5224 sed
932 5186 1047 5224 eam
1081 5186 1239 5239 quam
1276 5173 1469 5227 Paulus
1498 5175 1839 5230 dilectionem

250 5258 546 5327 qumrcbat.
584 5260 768 5333 Cogita
820 5265 979 5333 igitur
1020 5272 1230 5332 qttanlze
1259 5266 1497 5319 caritatis
1529 5267 1643 5334 ejus
1677 5268 1841 5323 verba

252 5356 453 5411 essent,
483 5357 534 5402 ct
558 5365 688 5419 quas
714 5368 799 5406 res
823 5354 909 5408 illa
934 5354 1141 5409 diccbat
1168 5372 1179 5406 :
1210 5353 1289 5407 Me
1314 5357 1641 5411 contumelia
1682 5358 1841 5415 aflice

249 5448 307 5493 et
324 5437 619 5492 adulteram
645 5440 841 5495 redde:
873 5444 1118 5513 injuriam
1151 5447 1288 5498 infer
1309 5444 1511 5508 viro,ct
1538 5456 1700 5501 totam
1715 5449 1843 5504 sub-

252 5539 402 5584 verte
429 5528 667 5595 domum,
704 5538 858 5598 teque
890 5535 1060 5601 ipsum
1092 5537 1261 5605 abjice
1286 5552 1314 5589 a
1346 5536 1534 5591 fiducia
1577 5554 1735 5607 quam
1787 5544 1839 5597 in

253 5621 421 5673 heum
448 5618 614 5672 habes
645 5636 657 5671 :
693 5635 810 5688 qua:
837 5622 997 5676 verba
1029 5626 1173 5681 illius
1192 5637 1365 5692 erant,
1397 5644 1516 5697 qua:
1546 5644 1642 5684 nec
1666 5628 1837 5698 illum,

249 5725 356 5764 nec
382 5712 611 5780 seipsam
652 5720 871 5765 amaret.
926 5711 1021 5765 llic
1068 5727 1284 5783 autem,
1331 5719 1581 5789 quoniam
1629 5722 1838 5778 sincere

251 5805 485 5868 amabat,
536 5805 650 5861 luce
674 5804 850 5861 omnia
890 5804 1103 5875 abjccit.
1148 5811 1319 5881 Atque
1368 5824 1422 5868 ut
1451 5815 1658 5871 edisczis
1692 5819 1832 5889 quod

1273 367 1339 425 IN
1376 368 1593 426 EPIST.
1637 372 1655 427 Ι
1720 371 1811 427 AD
1847 371 2006 432 COR.
2048 374 2283 432 HOMIL;
2321 375 2538 432 XXXII.

3466 386 3572 443 275

1978 494 2095 559 ejus
2123 504 2305 545 curam
2335 499 2571 562 gereret,
2599 508 2663 547 ex
2688 492 2805 563 ejus
2830 492 3208 552 adhortatione
3237 497 3291 553 id
3332 501 3569 570 percipe.

1977 580 2093 635 Non
2125 582 2284 637 modo
2323 584 2465 638 enim
2494 584 2636 637 illam
2685 586 2901 655 repulit,
2934 587 3029 642 sed
3055 597 3111 643 et
3139 588 3569 646 adhortationem

1978 671 2206 740 induxit,
2246 689 2367 744 quae
2408 684 2615 744 poterat
2641 691 2854 731 onmem
2895 677 3164 733 flammam
3187 682 3569 753 exstinguere:

1979 762 2040 817 Si
2064 764 2197 817 enim
2218 764 2455 818 dominus
2484 783 2642 831 meus,
2666 767 2856 837 inquit,
2878 778 3082 838 praptcr
3108 785 3187 823 me
3206 772 3337 825 nihil
3354 773 3490 826 norit
3516 774 3571 827 in

1976 852 2125 907 domo
2167 871 2261 909 sua
2308 854 2460 926 (Gen.
2506 856 2601 931 39,
2645 857 2723 928 8).
2772 859 2962 913 Statim
3011 860 3083 913 illi
3121 863 3292 916 virum
3320 879 3476 917 suum
3508 865 3566 919 in

1977 955 2211 999 mentem
2243 947 2537 1010 revocavit,
2568 956 2627 1001 ut
2650 948 2786 1001 illam
2826 949 3029 1016 pudore
3057 950 3318 1006 afliceret.
3348 952 3459 1007 Nec
3483 954 3568 1008 di-

1976 1039 2073 1102 xit,
2110 1038 2203 1093 Vir
2235 1049 2375 1105 tuus,
2419 1038 2512 1094 sed
2542 1040 2793 1094 Dominus
2832 1057 2993 1109 meus,
3025 1043 3167 1113 quod
3197 1045 3364 1113 magis
3388 1056 3569 1113 posset

1978 1130 2122 1184 illam
2153 1133 2389 1188 retinere
2418 1140 2472 1187 et
2495 1132 2725 1187 suadere
2764 1134 3022 1204 cogitare,
3052 1150 3294 1205 quaenam
3326 1152 3446 1192 cum
3478 1154 3570 1192 cs-

1975 1232 2077 1289 set,
2126 1238 2283 1292 quem
2327 1232 2553 1289 amaret,
2600 1238 2793 1293 nempe
2832 1223 3048 1278 domina
3092 1241 3328 1281 servum.
3362 1228 3492 1282 Nam
3523 1229 3567 1282 si

1977 1313 2066 1368 ille
2093 1324 2177 1368 est
2204 1314 2475 1381 dominus,
2510 1324 2559 1369 et
2598 1326 2650 1369 tu
2682 1315 2918 1370 domina.
2956 1317 3158 1371 Pudeat
3184 1330 3233 1373 te
3266 1320 3425 1388 igitur
3457 1322 3569 1374 col-

1975 1404 2136 1475 loquii
2168 1406 2287 1460 talis
2317 1423 2439 1462 cum
2469 1422 2649 1475 servo,
2702 1416 2756 1462 et
2775 1409 2947 1477 cogita
2976 1409 3126 1477 cujus
3152 1425 3273 1463 cum
3305 1411 3378 1464 sis
3407 1427 3565 1472 uxor,

1972 1511 2092 1551 cum
2124 1512 2228 1565 quo
2258 1499 2391 1552 velis
2420 1497 2587 1563 coire,
2613 1508 2667 1553 et
2696 1500 2746 1553 in
2775 1515 2932 1568 quem
2975 1500 3050 1553 sis
3082 1501 3307 1571 ingrata,
3340 1514 3393 1555 et
3418 1503 3561 1571 quod

1971 1601 2070 1656 ego
2112 1589 2367 1657 majorem
2400 1590 2693 1645 exhibeam
2740 1591 3197 1647 benevolentiam.
3233 1592 3363 1648 Vide
3383 1604 3563 1649 autem

1970 1678 2242 1746 quomodo
2272 1679 2387 1748 ejus
2417 1682 2639 1734 extollat
2664 1679 2947 1736 beneﬁcia.
2982 1681 3115 1748 Quia
3144 1686 3287 1738 enim
3316 1684 3447 1739 nihil
3473 1700 3565 1739 su-

1970 1769 2135 1824 blime
2179 1780 2387 1840 poterat
2433 1772 2658 1827 barbara
2702 1774 2790 1826 illa
2818 1783 2873 1828 et
2915 1776 3180 1845 impudica
3208 1778 3462 1848 cogitare,
3496 1782 3564 1833 ab

1972 1860 2218 1915 humanis
2248 1863 2392 1916 illam
2425 1863 2627 1932 pudore
2649 1863 2925 1929 sull‘uudil,
2958 1864 3146 1920 dicens
3176 1882 3191 1921 :
3227 1866 3450 1937 Propter
3480 1887 3559 1923 me

1970 1954 2099 2006 nihil
2126 1956 2384 2025 cognoscit
2410 1972 2427 2020 ;
2454 1954 2503 2009 id
2535 1966 2639 2019 est,
2670 1955 2855 2026 Magna
2888 1957 3016 2011 mihi
3043 1957 3296 2013 beneficia
3329 1959 3560 2024 confert,

1970 2059 2066 2097 nec
2093 2060 2310 2115 possum
2347 2055 2627 2114 patronum
2650 2048 2700 2099 in
2729 2046 2891 2101 rebus
2921 2050 3205 2119 przccipuis
3234 2050 3447 2105 laedere.
3479 2052 3563 2107 Me

1967 2136 2261 2189 secundum
2292 2137 2567 2191 dominum
2612 2136 2735 2191 fecit
2760 2137 2956 2192 domus
2977 2153 3107 2205 sum,
3142 2150 3193 2193 et
3227 2139 3419 2195 Nullus
3448 2144 3561 2197 eati-

1968 2229 2140 2289 milur,
2173 2230 2271 2282 nisi
2300 2239 2373 2280 tu.
2404 2229 2500 2283 llic
2521 2228 2635 2299 ejus
2663 2243 2878 2283 sensum
2908 2238 2962 2284 et
2985 2230 3223 2284 animum
3247 2232 3476 2297 extollit,
3504 2244 3562 2287 ut

1965 2318 2041 2372 sic
2088 2318 2231 2373 illam
2272 2319 2337 2372 ad
2378 2319 2637 2387 pudorem
2675 2319 2911 2385 inducat,
2944 2329 2995 2374 et
3027 2323 3281 2376 ostendat
3309 2338 3557 2393 magnum

1965 2424 2084 2464 esse
2115 2410 2396 2463 honorem.
2431 2410 2613 2479 Neque
2639 2411 2724 2466 hic
2753 2411 3011 2475 substitit,
3037 2412 3130 2466 sed
3160 2414 3319 2467 etiam
3353 2414 3562 2468 induxit

1965 2516 2161 2554 nomen
2207 2501 2347 2570 quod
2391 2512 2573 2570 posset
2621 2502 2763 2555 illam
2796 2504 3030 2558 retinere
3064 2505 3250 2560 dicens
3282 2524 3293 2557 :
3327 2504 3403 2559 Eo
3425 2506 3561 2576 quod

1964 2602 2018 2645 tu
2044 2594 2111 2646 sis
2130 2609 2261 2646 uxor
2279 2594 2423 2660 ejus;
2450 2602 2496 2645 et
2517 2593 2769 2662 quomodo
2788 2595 2974 2660 faciam
2997 2596 3197 2648 verbum
3221 2597 3315 2650 hoc
3328 2598 3515 2651 malum
3535 2599 3561 2651 Ρ

1963 2684 2069 2739 Sed
2093 2685 2219 2753 quid
2243 2685 2420 2739 dicis?
2448 2686 2562 2739 Non
2603 2686 2756 2741 adest
2803 2687 2905 2751 vir,
2939 2701 3111 2756 neque
3139 2693 3245 2743 scit
3273 2705 3332 2744 se
3366 2691 3555 2759 injuria

1962 2778 2099 2829 allici
2124 2778 2145 2829 ?
2172 2778 2275 2832 Sed
2310 2780 2445 2832 Deus
2477 2780 2718 2847 aspiciet.
2752 2782 2820 2833 At
2848 2781 2981 2834 nihil
3002 2796 3067 2835 ex
3093 2782 3181 2835 tali
3211 2784 3433 2836 consilio
3465 2785 3555 2837 illa
3588 2812 3593 2817 ι

1965 2870 2162 2923 lucrata
2188 2883 2287 2933 est,
2306 2872 2573 2925 sedilium
2598 2874 2836 2926 attraxit.
2867 2874 3122 2928 Furorem
3149 2890 3376 2945 namque
3398 2891 3552 2929 suum

1962 2962 2237 3030 c0mplere
2266 2965 2473 3027 volens,
2510 2980 2615 3017 non
2648 2980 2834 3019 amans
2862 2966 3154 3034 Josephutn
3187 2970 3301 3022 brrc
3329 2966 3471 3032 fecit,
3498 2979 3555 3023 ttt

1964 3055 2133 3121 palam
2160 3065 2320 3109 estex
2349 3057 2547 3125 iisquae
2573 3068 2751 3125 postea
2777 3058 3095 3127 designavit.
3123 3060 3386 3115 Iudicium
3407 3062 3551 3117 enim

1961 3146 2260 3210 constituit,
2292 3158 2344 3200 et
2372 3150 2768 3204 accusationem
2800 3149 2981 3216 infert,
3012 3162 3171 3220 atque
3203 3152 3333 3206 falsa
3365 3153 3554 3207 testifi-

1961 3245 2134 3303 catur,
2184 3252 2245 3291 ae
2286 3236 2413 3291 ferae
2454 3239 2615 3292 tradit
2666 3258 2809 3303 eum,
2856 3243 2947 3309 qui
2989 3257 3045 3296 se
3075 3242 3204 3295 nihil
3236 3243 3468 3306 IiL‘SCI'ilI,
3498 3245 3549 3298 in

1958 3345 2341 3397 carccrcmque
2388 3331 2644 3399 conjicit;
2693 3333 2800 3386 imo
2851 3334 3046 3402 potius,
3104 3345 3359 3402 quantum
3410 3336 3551 3390 inse

1960 3432 2093 3482 erat.
2132 3422 2329 3475 occidit
2365 3441 2377 3474 :
2414 3424 2481 3475 ita
2517 3438 2705 3490 nempe
2729 3424 2967 3491 judicem
2992 3428 3239 3480 armavit.
3294 3427 3428 3494 Quid
3457 3428 3553 3497 igi-

1961 3516 2085 3567 tur“!
2114 3523 2300 3567 eratne
2338 3513 2535 3583 Ioseph
2584 3517 2744 3567 etiam
2796 3516 2954 3567 talis?
2986 3517 3096 3569 lmo
3121 3529 3306 3571 eontra
3334 3536 3347 3580 ;
3378 3535 3551 3591 neque

1958 3606 2101 3660 enim
2134 3608 2480 3670 contradixit,
2514 3623 2687 3675 neque
2720 3608 2997 3663 mulierem
3027 3613 3318 3665 accusavit.
3350 3616 3438 3671 At.
3466 3615 3548 3667 in-

1959 3700 2132 3767 quies,
2164 3716 2269 3752 nou
2304 3698 2566 3753 creditum
2608 3700 2677 3752 illi
2712 3699 2923 3754 fuisset.
2956 3702 3113 3770 Atqui
3148 3703 3301 3757 valde
3329 3706 3549 3758 amaba-

1959 3801 2065 3857 tur,
2097 3802 2154 3845 ut
2178 3793 2349 3859 palam
2394 3801 2496 3858 est,
2533 3808 2636 3845 non
2663 3808 2725 3845 ex
2753 3794 3015 3861 principio
3042 3796 3234 3860 Solum,
3269 3798 3360 3851 sed
3388 3799 3547 3854 etiam

1958 3904 2021 3940 ex
2055 3886 2178 3939 line.
2216 3885 2324 3939 Nisi
2354 3888 2494 3939 enim
2527 3886 2672 3939 illum
2712 3886 2969 3939 barbarus
3019 3889 3109 3941 ille
3148 3891 3369 3944 multum
3410 3891 3547 3944 dile-

1957 3980 2141 4043 xisset,
2171 3982 2329 4034 etiam
2358 3979 2639 4033 occidisset
2668 3980 2915 4033 silentem
2944 3990 2994 4033 rt
3023 3981 3150 4034 nihil
3175 3982 3548 4036 contradicen-

1960 4080 2085 4124 tem.
2110 4072 2317 4124 Etenim
2336 4070 2621 4141 A'ngptius
2644 4082 2827 4125 eratet
2849 4076 3116 4142 princeps,
3138 4084 3186 4126 et
3214 4075 3263 4126 in
3280 4072 3549 4143 conjugal‘.

1958 4164 2095 4217 lecto
2118 4163 2339 4217 allectus
2360 4165 2573 4230 injuria,
2597 4175 2651 4216 ut
2673 4165 2911 4231 putabat;
2932 4175 2982 4217 ct
3002 4180 3028 4217 a
3054 4166 3272 4230 fainulo,
3296 4181 3321 4215 a
3345 4166 3550 4219 famulo

1957 4254 2196 4322 inquam,
2230 4256 2321 4323 qtti
2356 4264 2431 4307 tot
2464 4254 2719 4307 beneficia
2753 4266 3054 4323 acceperat.
3090 4255 3191 4309 Sed
3225 4256 3338 4308 lucc
3367 4256 3545 4309 omnia

1956 4348 2080 4399 vicit
2123 4347 2340 4402 dilectio
2384 4359 2435 4401 et
2480 4349 2665 4415 gratia,
2713 4362 2870 4416 quam
2906 4347 3044 4401 Deus
3074 4348 3124 4399 in
3155 4348 3303 4401 illum
3335 4346 3544 4400 infudit.

1954 4439 2086 4491 Cum
2111 4442 2276 4508 gratia
2302 4451 2476 4493 autem
2502 4452 2553 4493 et
2576 4440 2861 4494 dilectione
2886 4440 2981 4493 hac
3011 4439 3199 4493 indicia
3228 4440 3408 4492 habuit
3438 4455 3543 4493 non

1956 4546 2137 4599 parva,
2168 4534 2209 4585 si
2237 4532 2358 4600 jure
2388 4533 2713 4587 contendere
2746 4532 3161 4601 volnisset,,ipsa
3197 4533 3538 4587 vestimenta.

1956 4623 2010 4678 Si
2039 4625 2179 4679 enim
2214 4624 2298 4677 illa
2328 4625 2431 4678 vim
2465 4640 2618 4689 passa
2651 4626 2857 4685 fuisset,
2889 4626 3167 4693 oportebat
3197 4636 3404 4693 reptant
3430 4625 3545 4694 ejus

1956 4718 2121 4773 fuisse
2171 4718 2427 4783 tunicam,
2460 4718 2751 4771 laceratum
2802 4719 3025 4782 vultum,
3073 4733 3176 4770 non
3219 4717 3356 4769 illius
3387 4718 3549 4771 vcsti-

1956 4822 2133 4862 menta
2170 4819 2371 4862 tenere.
2402 4808 2509 4861 Sed
2534 4810 2745 4865 audivit.
2781 4809 2970 4878 inquit,
3000 4808 3135 4875 quod
3161 4824 3326 4860 vocem
3355 4808 3543 4875 extuli,

1953 4911 2003 4954 et
2033 4901 2221 4954 relictis
2262 4901 2475 4953 vestibus
2513 4900 2633 4952 abiit
2669 4899 2816 4968 (Cen.
2852 4901 2947 4965 '59,
2991 4898 3105 4970 l‘o).
3135 4898 3242 4954 Cur
3268 4916 3395 4969 ergo
3422 4916 3542 4954 eum

1953 4995 2144 5046 exuisti
2168 4994 2190 5046 ?
2218 4994 2345 5061 quid
2386 4994 2491 5046 vim
2528 4991 2753 5061 patienti
2797 4992 3088 5061 optandum
3132 4993 3285 5047 erat?
3315 4991 3380 5046 Ut
3411 4991 3539 5045 libe-

1953 5093 2165 5136 raretur
2192 5084 2257 5135 ah
2287 5099 2351 5137 eo
2384 5086 2470 5151 qui
2502 5084 2599 5136 sibi
2630 5085 2935 5138 violentiam
2970 5084 3211 5138 inferret.
3247 5084 3357 5152 Ego
3412 5098 3540 5138 vero

1953 5190 2057 5228 non
2082 5173 2203 5228 hinc
2233 5182 2458 5233 tantum,
2491 5174 2583 5226 sed
2609 5174 2769 5227 etiam
2798 5189 2861 5226 ex
2887 5174 3231 5240 sequentibus
3253 5172 3543 5229 ostendere

1954 5266 2153 5333 possim
2196 5265 2313 5334 ejus
2356 5264 2779 5319 benevdlentiam
2809 5274 2863 5318 et
2890 5280 3148 5319 amorem.
3185 5269 3389 5321 Etenim
3418 5284 3540 5323 cum

1954 5357 2005 5411 in
2035 5358 2409 5411 necessitatem
2440 5356 2646 5417 incidit,
2680 5365 2735 5409 ut
2754 5371 2975 5410 causam
3002 5356 3210 5413 diceret
3230 5360 3463 5413 carceris
3485 5371 3537 5413 et

1952 5450 2216 5503 dicturum
2262 5450 2313 5502 in
2364 5448 2456 5502 illo
2507 5464 2707 5513 mone;
2755 5462 2928 5516 neque
2970 5459 3094 5503 tunc
3124 5450 3306 5503 (trama
3336 5450 3460 5503 illud
3490 5458 3544 5503 et

1953 5558 2065 5600 rem
2097 5551 2299 5612 gestam
2329 5542 2538 5612 aperuit
2566 5558 2580 5605 ;
2630 5541 2721 5594 sed
2752 5542 2877 5611 quid
2907 5544 2975 5596 ait
3000 5542 3024 5595 Ἰ
3047 5542 3113 5594 Et
3148 5557 3237 5611 ego
3265 5542 3392 5595 nihil
3423 5543 3540 5612 (rei,

1946 5634 2037 5689 sed
2064 5635 2206 5707 [mlo
2236 5631 2461 5685 sublatus
2493 5647 2600 5684 sum
2629 5646 2692 5683 ex
2718 5640 2852 5684 terra
2899 5630 3229 5685 [labi-morum
3260 5630 3414 5701 (Gen.
3449 5632 3547 5691 60.

1948 5726 2057 5799 15).
2089 5725 2155 5781 Et
2188 5738 2448 5793 nusijuam
2472 5734 2731 5777 memorat
2755 5724 3085 5789 adulteram;
3112 5741 3285 5795 neque
3306 5726 3373 5780 de
3398 5741 3457 5779 ea
3482 5743 3543 5781 ro

1944 5820 2232 5888 gloriatur,
2279 5814 2419 5887 quod
2460 5814 2712 5885 quislibet
2756 5816 2889 5869 alius
2934 5814 3167 5874 fecisset.
3197 5816 3405 5870 etiamsi
3439 5834 3543 5870 non
