4038 6216
516 350 620 407 275

518 462 706 533 gloriae
725 474 907 523 causa,
934 458 1029 513 sed
1056 474 1124 514 ne
1154 459 1427 515 videretur
1466 458 1604 513 mala
1632 456 1702 513 de
1726 472 1829 512 cau
1860 473 1889 512 a
1914 458 1969 511 in
1998 455 2107 512 tale

515 557 792 625 conjectns
837 551 1003 610 fuisse
1041 552 1397 607 domicilium.
1432 550 1489 607 Si
1517 551 1661 606 enim
1692 559 1976 620 peccantes
2000 550 2103 606 lto.-

518 647 696 702 mines
722 659 893 715 neque
920 646 999 700 sic
1028 645 1300 700 abstinent
1326 658 1357 697 a
1392 643 1481 697 tali
1509 644 1869 705 accusatione.
1892 643 2103 699 etiamsi

516 756 603 795 res
642 718 877 795 dedecus
909 738 1136 793 afferat:
1180 737 1455 808 quomodo
1498 752 1605 791 non
1634 736 1829 807 dignus
1865 736 2102 791 admira-

510 831 659 888 tione
699 831 790 886 ille
838 840 942 896 cst,
995 830 1138 901 quod
1188 845 1311 884 cum
1354 838 1500 884 esset
1548 844 1734 899 purus,
1776 846 1882 884 non
1911 829 2106 884 dixerit

510 936 755 977 amorem
809 922 1069 984 mulieris,
1110 937 1283 990 neque
1324 931 1600 991 peccatum
1630 921 1978 993 evulgarerit,
2008 936 2106 976 ne-

508 1028 616 1083 que
641 1014 805 1068 etiam
847 1011 1062 1083 quando
1110 1014 1162 1068 in
1204 1012 1397 1067 solium
1426 1013 1670 1068 ascendit
1698 1023 1754 1067 et
1782 1012 1998 1084 Egypti
2028 1021 2109 1066 to-

510 1103 618 1157 tius
663 1119 759 1158 rex
799 1103 972 1159 factus
1008 1114 1113 1169 est,
1148 1105 1356 1175 injuria:
1382 1104 1485 1159 sibi
1514 1119 1544 1158 a
1575 1103 1801 1172 mpliere
1830 1103 1989 1157 illane
2016 1118 2105 1156 re-

509 1192 765 1248 cordatus
786 1194 875 1260 sit,
907 1210 1085 1265 neque
1108 1195 1177 1250 ab
1208 1195 1298 1250 illa
1334 1207 1524 1263 pmnas
1539 1192 1868 1263 cxpetierit?

578 1282 633 1336 8.
679 1282 921 1340 Vidistin’
948 1286 1222 1356 quomodo
1245 1287 1359 1355 ipse
1379 1285 1496 1355 ejus
1520 1300 1704 1339 curam
1728 1283 1981 1350 habebat;
2018 1281 2105 1337 illa

508 1390 635 1430 vero
662 1392 766 1431 non
789 1378 1025 1445 amabat,
1054 1379 1148 1434 sed
1172 1378 1411 1433 furebat?
1435 1377 1619 1449 Neque
1637 1378 1780 1434 enim
1807 1377 2103 1447 .loseplmm

508 1465 786 1536 diligebat,
810 1468 904 1523 sed
940 1469 1154 1524 volebat
1184 1469 1460 1525 libidinem
1481 1470 1701 1539 explere
1726 1484 1883 1524 :uam
1912 1469 1957 1524 si
1983 1469 2104 1539 quis

506 1555 620 1625 ipsa
642 1559 805 1612 verba
832 1569 1082 1615 accurate
1101 1560 1511 1623 examinaverit,
1535 1576 1595 1613 ea
1622 1558 1858 1615 furorem
1880 1561 2103 1615 omnino

503 1648 712 1717 spirant
734 1657 790 1703 et
822 1649 1047 1705 eadem.
1090 1650 1225 1717 Quid
1256 1653 1397 1707 enim
1444 1653 1561 1706 ait?
1590 1652 1852 1708 Induxiin
1891 1669 2104 1723 puerum

508 1738 778 1794 Hebreum
802 1780 816 1805 ,
848 1750 903 1793 ut
933 1743 1073 1796 nobis
1103 1743 1337 1797 illuderet
1369 1744 1388 1815 (
1412 1742 1539 1799 Gen.
1572 1744 1665 1813 59,
1692 1744 1799 1814 l7)
1835 1761 1849 1798 :
1894 1744 2101 1809 beneﬂ-

502 1830 646 1885 cium
676 1831 867 1886 marito
896 1833 1268 1902 exprobrans:
1312 1844 1367 1889 et
1393 1835 1711 1890 vestimenta
1735 1835 2097 1902 ostendebat,

505 1923 650 1976 omni
701 1922 815 1977 fera
870 1925 1085 1977 saevior.
1146 1923 1256 1981 Sed
1300 1941 1403 1978 non
1455 1925 1525 1979 ita
1574 1925 1685 1980 ille.
1727 1925 1933 1995 Ecquid
1980 1925 2102 1981 dico

501 2014 621 2085 ejus
644 2030 770 2085 erga
800 2014 972 2086 ipsam
1005 2015 1456 2084 benevolentiam,
1486 2018 1701 2089 quando
1728 2032 1854 2089 erga
1884 2017 2099 2084 fratres,

508 2105 600 2174 qui
627 2106 800 2175 ipsum
834 2120 971 2176 pene
1000 2108 1309 2163 occiderant
1331 2152 1345 2175 ,
1377 2109 1498 2164 talis
1525 2118 1642 2165 erat
1663 2150 1677 2171 .
1727 2118 1780 2164 et
1806 2125 2098 2181 numquam

505 2195 576 2250 de
614 2196 745 2267 ipsis
776 2198 1031 2254 velimus
1073 2200 1155 2254 vel
1198 2199 1326 2255 foris
1369 2200 1571 2271 aliquid
1612 2215 1776 2270 grave
1805 2201 1887 2257 vel
1934 2202 2104 2257 mole-

500 2295 643 2341 stum
669 2287 849 2342 dixit?
880 2287 1005 2344 Ideo
1033 2289 1227 2344 Paulus
1252 2291 1530 2345 caritatem
1558 2291 1691 2345 dixit
1717 2306 1837 2348 esse
1872 2300 2097 2347 matrem

500 2379 741 2433 omnium
791 2380 1092 2445 bonorum,
1134 2397 1363 2454 eamque
1402 2382 1618 2453 praefert
1662 2384 1830 2455 signis
1871 2384 2100 2455 aliisque

498 2467 935 2525 charismatibus.
995 2472 1460 2540 Quemadmodum
1509 2474 1653 2530 enim
1715 2474 1762 2529 si
1818 2486 1995 2531 vestes
2041 2486 2102 2554 et

499 2559 664 2615 calcei
692 2563 839 2616 aurei
873 2564 1015 2633 sint,
1063 2566 1172 2621 alio
1196 2566 1361 2621 etiam
1401 2567 1598 2627 imlieio
1636 2582 1772 2637 opus
1800 2566 2057 2622 habemus
2080 2609 2095 2635 ,

502 2661 560 2707 ut
596 2668 881 2711 noscamus
906 2672 1087 2727 regem
1115 2674 1131 2723 ;
1172 2659 1216 2712 si
1251 2674 1381 2712 vero
1411 2675 1703 2728 purpuram
1745 2658 2019 2714 videamus
2039 2669 2099 2715 et

498 2742 742 2800 diadema
768 2786 785 2813 ,
819 2747 1024 2802 nullum
1068 2748 1213 2803 aliud
1256 2751 1405 2819 regni
1457 2751 1668 2820 signum
1716 2752 1898 2807 videre
1945 2769 2095 2824 qua:-

500 2835 715 2891 rimus:
765 2839 834 2892 ita
893 2840 978 2894 hic
1024 2856 1256 2911 quoque.
1310 2840 1443 2896 Cum
1497 2843 1736 2899 caritatis
1786 2855 1869 2900 est
1926 2846 2097 2916 impo-

498 2926 661 2981 situm
714 2927 993 2995 diadema,
1038 2931 1238 2986 sufficit
1283 2942 1341 2988 ut
1392 2932 1591 2989 Christi
1647 2949 1830 2989 vermn
1859 2936 2094 3007 discipu-

499 3018 609 3072 lum
663 3021 952 3087 ostendat,
991 3038 1095 3076 non
1153 3024 1310 3077 nobis
1365 3034 1569 3077 tantum
1596 3065 1611 3089 ,
1652 3024 1746 3080 sed
1775 3028 1935 3081 etiam
1970 3026 2098 3081 inli-

503 3108 735 3166 delibus.
802 3110 867 3165 In
920 3113 1015 3166 hoc
1082 3114 1215 3167 enim
1245 3155 1260 3181 ,
1316 3115 1529 3181 inquit,
1578 3126 1880 3187 cognoscent
1923 3134 2098 3173 omnes

500 3202 639 3272 quod
666 3202 906 3271 discipuli
936 3204 1031 3258 mei
1062 3205 1212 3273 estis,
1267 3206 1312 3260 si
1341 3204 1623 3260 dilexeritis
1647 3208 1863 3262 inuicem
1894 3208 2093 3279 (Joan.

504 3292 609 3356 15,
653 3291 788 3362 55).
858 3293 1040 3364 Itaque
1090 3296 1191 3349 hoc
1234 3296 1444 3366 signum
1507 3299 1756 3353 omnibus
1802 3300 1972 3371 signis
2013 3310 2098 3358 est

505 3382 723 3451 majus,
783 3385 1046 3453 siquidem
1116 3386 1170 3441 in
1230 3387 1347 3457 ipso
1394 3391 1742 3461 cognoscitur
1776 3393 2093 3464 discipulus.

505 3471 729 3526 Etiamsi
770 3475 912 3529 enim
948 3476 1163 3546 quidam
1194 3477 1473 3534 innumera
1512 3479 1677 3535 edant
1703 3482 1853 3553 signa
1878 3525 1895 3549 ,
1940 3486 1983 3539 si
2011 3486 2095 3540 in-

500 3563 674 3618 vi‘cem
699 3564 1013 3632 dissideant,
1047 3568 1255 3623 ridiculi
1285 3562 1586 3625 inﬁdelibus
1607 3584 1763 3628 erunt
1796 3592 1809 3629 τ
1836 3576 2096 3644 quemad-

504 3653 722 3709 modum
753 3656 797 3710 si
824 3658 1028 3711 nulhnn
1058 3658 1253 3713 faciant
1281 3660 1492 3729 signum
1519 3703 1535 3724 ,
1566 3670 1620 3717 et
1644 3676 1766 3718 sese
1793 3665 1947 3719 valde
1971 3682 2094 3723 mu-

503 3748 599 3801 tuo
646 3748 922 3818 diligant,
972 3760 1026 3805 et
1075 3753 1364 3807 venerandi
1397 3762 1451 3809 et
1504 3754 1685 3809 invicti
1714 3757 1853 3827 apud
1904 3773 2095 3815 omnes

502 3839 814 3894 manebunt.
834 3839 965 3895 Nam
986 3852 1039 3897 et
1059 3842 1281 3898 Paulum
1304 3845 1424 3899 ideo
1443 3846 1720 3913 miramur,
1746 3863 1851 3903 non
1876 3862 2095 3922 propter

503 3939 747 3985 mortuos
774 3946 911 4001 quos
936 3934 1253 3998 suscitavit,
1284 3950 1389 3990 non
1421 3946 1643 4007 propter
1683 3938 1931 4009 leprosos
1957 3957 2094 4013 quos

502 4022 813 4088 mundavit,
844 4024 942 4079 sed
966 4023 1090 4094 quia
1119 4026 1335 4083 dicebat
1364 4068 1379 4093 ,
1411 4030 1536 4095 Quis
1566 4030 1878 4098 inﬁrmatur,
1924 4045 1970 4087 et
1999 4052 2093 4105 ego

499 4129 603 4167 non
646 4114 881 4183 inﬁrmor
901 4115 928 4168 2
972 4116 1085 4184 quis
1132 4118 1512 4174 scandalizatur
1539 4161 1553 4183 ,
1616 4130 1663 4175 et
1707 4138 1801 4190 ego
1829 4140 1928 4178 non
1970 4142 2093 4181 uror

497 4200 571 4265 (2.
591 4201 711 4257 Cor.
744 4205 833 4273 ll,
860 4203 933 4260 29
958 4204 1020 4275 )1
1058 4205 1279 4262 Etiamsi
1308 4210 1452 4263 enim
1500 4210 1661 4264 millia
1692 4213 1759 4265 ad
1791 4212 1908 4269 b:ee
1936 4216 2089 4285 signa

500 4293 802 4360 adieceris,
855 4312 950 4364 par
1002 4296 1135 4352 nihil
1177 4299 1345 4356 dices.
1408 4300 1540 4355 Nam
1585 4310 1639 4356 et
1684 4303 1797 4372 ipse
1836 4305 2088 4374 diccbat,

502 4399 749 4454 magnam
792 4386 894 4441 sibi
944 4389 1249 4444 mercedem
1297 4393 1588 4460 repositam
1617 4407 1739 4448 esse
1763 4435 1779 4461 ,
1811 4410 1916 4450 non
1947 4398 2089 4467 quod

500 4475 653 4545 signa
686 4473 940 4543 fecisset,
972 4479 1068 4532 sed
1097 4480 1221 4548 quia
1251 4481 1477 4535 inﬁrmis
1506 4482 1679 4539 factus
1705 4495 1789 4537 est
1821 4485 2087 4542 infirmus.

501 4569 751 4635 Quanam
777 4578 851 4623 est
878 4569 1021 4624 enim
1043 4610 1059 4634 ,
1090 4568 1296 4639 inquit,
1336 4586 1451 4625 ntro
1495 4588 1684 4626 merces
1710 4574 1735 4626 .’
1777 4573 1844 4628 Ut
1873 4590 2088 4647 evange-

495 4662 660 4715 lizans
686 4662 796 4716 sine
820 4672 1029 4731 sumptu
1058 4676 1242 4731 ponant
1258 4660 1586 4731 Enugeliutn
1614 4662 1690 4737 (l.
1724 4663 1841 4719 Cor.
1873 4666 1930 4731 9,
1959 4666 2083 4735 l8).

1257 345 1315 402 s.
1352 342 1630 402 JOANNIS
1650 338 2125 400 cnnvsosrom
2160 308 2478 400 metulae.
2520 340 3053 405 consummet».
3706 349 3801 410 2m

2220 454 2289 511 Et
2313 471 2434 512 cum
2462 472 2520 514 sc
2550 461 2809 531 apostolis
2833 466 3119 532 pmponit.
3150 479 3256 519 non
3284 465 3434 532 dicit,
3465 467 3617 521 l'lura
3647 484 3798 538 quam

2216 547 2315 617 ipsi
2348 550 2448 605 feci
2480 551 2654 621 signa,
2703 553 2798 607 sed
2823 593 2839 618 ,
2875 552 3003 608 Plus
3033 556 3137 609 illis
3167 556 3395 610 laboravi
3423 558 3441 629 (
3472 559 3525 613 l.
3560 558 3682 613 Cor.
3714 560 3797 622 l5,

2217 638 2285 693 l0
2313 640 2352 707 ).
2393 638 2531 706 Quin
2561 643 2722 696 etiam
2753 643 2889 697 fame
2919 642 3040 698 ideo
3071 646 3207 699 mori
3240 646 3484 715 volebat,
3512 664 3610 717 pro
3635 650 3797 702 salute

2214 728 2604 800 discipulorum
2640 750 2653 785 :
2685 732 2887 787 Bonum
2917 744 2990 790 est
3020 736 3163 790 ettim
3191 778 3206 801 ,
3238 737 3412 808 inquit
3442 780 3458 803 ,
3485 740 3615 793 mihi
3644 742 3798 811 magis

2215 822 2367 884 mori,
2396 839 2549 891 quant
2568 833 2623 878 ut
2648 824 3003 895 gloriationem
3031 844 3193 881 meum
3220 828 3334 896 quis
3358 841 3561 883 evacuet
3582 831 3660 897 (Ι.
3683 830 3780 895 Cor

2213 910 2271 981 9,
2303 912 2394 983 l5)
2419 930 2433 976 ;
2460 930 2572 969 non
2595 916 2735 983 quod
2768 917 2881 987 ipse
2909 919 3250 988 gloriaretur,
3280 917 3376 975 sed
3418 935 3486 974 ne
3534 920 3800 976 videretur

2214 1002 2345 1071 ipsis
2388 1005 2736 1074 exprobrare.
2783 1007 3053 1078 Nusquam
3102 1011 3247 1065 enim
3297 1012 3437 1067 solet
3486 1012 3702 1082 g;oriari
3751 1014 3800 1083 in

2215 1091 2369 1149 bonis
2393 1095 2647 1165 operibus
2678 1097 2789 1152 suis
2817 1140 2830 1161 ,
2863 1099 2907 1153 si
2938 1108 3147 1167 tempus
3177 1101 3244 1155 ad
3275 1101 3325 1156 id
3355 1117 3462 1157 non
3496 1113 3683 1165 vocet;
3712 1106 3799 1160 scd

2216 1182 2420 1239 etiamsi
2449 1197 2665 1242 coactus
2692 1187 2761 1242 sit
2787 1229 2801 1252 ,
2837 1189 3178 1260 insipientem
3202 1207 3265 1248 se
3293 1204 3467 1249 vocat.

2288 1273 2486 1330 Paulus
2529 1278 2806 1347 aliquando
2844 1289 3049 1334 coactus
3087 1282 3358 1351 gloriatur.
3396 1314 3470 1325 -—-
3506 1285 3563 1341 Si
3592 1287 3800 1357 quando

2211 1375 2389 1421 autem
2431 1366 2728 1437 gloriatur,
2762 1369 2815 1423 in
2848 1370 3284 1439 inﬁrmitatibus,
3334 1374 3385 1429 iu
3416 1378 3761 1433 contumeliis
3784 1419 3798 1442 ,

2211 1454 2264 1509 in
2292 1472 2359 1510 eo
2388 1457 2529 1525 quod
2559 1458 2715 1513 valde
2753 1460 3078 1516 misereatur
3101 1478 3291 1518 eorum
3318 1465 3514 1535 quibus
3554 1468 3800 1523 molestia

2209 1558 2425 1602 creatur
2445 1590 2459 1613 ,
2504 1548 2556 1603 id
2584 1548 2707 1605 facit
2732 1566 2749 1615 ;
2798 1560 2854 1605 ut
2881 1551 3046 1607 etiam
3074 1552 3177 1609 hoc
3214 1554 3336 1609 loco
3360 1554 3491 1610 dicit
3521 1574 3535 1611 :
3566 1557 3695 1624 Quis
3722 1559 3801 1612 in-

2210 1638 2463 1707 ﬁrmatur,
2493 1649 2541 1693 et
2566 1656 2658 1710 ego
2686 1657 2790 1695 non
2825 1641 3062 1711 inﬁrmor
3084 1643 3111 1697 .’
3151 1644 3276 1699 llmc
3306 1646 3467 1700 verba
3498 1659 3623 1701 sunt
3656 1652 3797 1718 peri-

2208 1730 2346 1786 culis
2393 1732 2523 1801 ipsis
2562 1732 2765 1801 majora
2810 1750 2825 1787 :
2872 1733 3103 1805 ideoque
3145 1736 3233 1789 illa
3280 1738 3574 1807 posteriora
3606 1741 3796 1807 ponit,

2209 1836 2514 1877 sermonem
2552 1823 2926 1893 antplilicans.
2954 1825 3198 1894 Quanam
3238 1841 3371 1898 ergo
3407 1843 3465 1882 re
3511 1844 3611 1884 nos
3658 1831 3800 1901 digni

2209 1910 2483 1978 fuerimus,
2518 1914 2563 1967 si
2592 1929 2716 1968 cum
2746 1914 2842 1969 illo
2869 1929 3274 1986 comparemur,
3306 1920 3397 1988 qui
3430 1935 3606 1989 neque
3636 1938 3800 1991 pecu.

2210 2004 2327 2058 nias
2355 2003 2681 2073 despicimus
2708 2014 2928 2077 propter
2959 2022 3058 2062 nos
3090 2008 3237 2077 ipsos
3260 2050 3277 2076 ,
3324 2026 3501 2080 neque
3528 2013 3797 2081 superflua

2210 2110 2275 2151 ex
2323 2096 2669 2152 facultatibus
2716 2113 3003 2169 erogamus
3026 2100 3052 2154 ἲ
3099 2103 3169 2154 At
3198 2116 3305 2155 non
3332 2101 3424 2158 ille
3451 2103 3531 2157 sic
3554 2146 3569 2167 ,
3617 2104 3710 2159 sed
3748 2116 3804 2160 et

2208 2189 2441 2244 animam
2470 2197 2527 2244 et
2552 2203 2752 2260 corpus
2779 2190 3061 2257 tradebat,
3094 2201 3152 2246 ut
3180 2195 3268 2262 qui
3304 2194 3451 2249 illum
3491 2194 3803 2264 lapidabant

2206 2287 2263 2333 et
2289 2280 2532 2351 colaphis
2562 2282 2842 2338 cadebant
2866 2323 2884 2348 ,
2928 2300 3153 2354 regnum
3184 2299 3649 2357 consequerentur
3711 2289 3801 2345 Sic

2207 2370 2349 2426 enim
2380 2386 2466 2426 me
2489 2413 2505 2437 ,
2536 2372 2747 2442 inquit,
2777 2373 2961 2427 docuit
2985 2373 3232 2429 Christus
3268 2376 3496 2446 diligere
3518 2418 3533 2441 ,
3575 2381 3666 2449 qui
3695 2396 3799 2435 no-

2208 2477 2331 2515 vum
2375 2462 2684 2517 mandatum
2716 2462 2933 2533 reliquit
2959 2463 3027 2519 de
3054 2464 3345 2521 dilectione
3364 2510 3379 2533 ,
3430 2476 3486 2522 et
3511 2471 3653 2537 quod
3683 2472 3799 2540 ipse

2206 2552 2461 2621 operibus
2510 2553 2766 2625 implevit.
2826 2554 3037 2610 Etenim
3082 2572 3203 2612 cum
3257 2558 3372 2615 Rex
3428 2562 3803 2616 universorum

2206 2652 2381 2709 esset,
2435 2653 2491 2700 et
2540 2646 2713 2702 beatas
2743 2646 2886 2702 illius
2938 2658 3183 2715 naturae;
3235 2650 3482 2707 homines
3510 2695 3527 2721 ,
3573 2668 3710 2724 quos
3733 2671 3800 2709 ex

2208 2736 2377 2791 nihilo
2406 2738 2700 2807 produxit,
2737 2748 2792 2802 et
2817 2740 3012 2810 quibus
3042 2742 3204 2795 millia
3242 2745 3471 2799 contulit
3499 2744 3755 2800 benelicia
3781 2787 3799 2811 ,

2206 2841 2269 2883 se
2296 2828 2620 2883 contumelia
2651 2829 2948 2886 allicientes
2968 2843 3021 2884 et
3053 2844 3371 2900 respuentes
3395 2851 3500 2889 non
3527 2846 3805 2890 aversatus

2204 2930 2310 2986 est,
2338 2919 2436 2975 sed
2463 2930 2519 2977 et
2545 2922 2706 2976 homo
2730 2922 2902 2977 lactus
2928 2932 3007 2978 est
3041 2934 3264 2992 propter
3289 2925 3445 2992 illos,
3475 2940 3595 2979 cum
3628 2942 3805 2982 merc-

2207 3013 2429 3067 tricibus
2474 3021 2529 3067 et
2555 3013 2855 3083 publicanis
2886 3026 3238 3071 conversatus
3267 3027 3392 3082 est,
3436 3017 3805 3073 daemoniacos

2204 3106 2447 3168 curavit,
2480 3115 2534 3160 et
2561 3106 2752 3161 caelum
2795 3106 3059 3176 promisit.
3110 3107 3239 3162 Post
3270 3108 3385 3163 lucc
3412 3117 3591 3164 autem
3619 3110 3803 3164 omnia

2204 3196 2653 3267 comprehensum
2698 3198 2871 3267 ipsum
2915 3197 3157 3267 colaphis
3194 3199 3546 3267 ceciderunt,
3595 3201 3803 3269 ligave-

2206 3298 2368 3354 runt,
2399 3287 2736 3357 flagellorum
2762 3330 2777 3355 ,
2808 3288 3091 3344 irriserunt
3109 3330 3126 3356 ,
3145 3288 3371 3345 demum
3394 3292 3800 3347 crucifixet-unt.

2204 3379 2309 3435 Sed
2339 3396 2406 3434 ne
2432 3380 2510 3434 sic
2538 3379 2755 3450 quidem
2783 3381 2903 3435 illos
2930 3393 3205 3436 aversatus
3236 3392 3319 3437 est
3346 3424 3363 3448 ,
3403 3386 3498 3439 sed
3523 3399 3647 3439 cum
3678 3402 3807 3440 sur-

2204 3485 2324 3526 sum
2353 3480 2499 3526 esset
2527 3470 2580 3525 in
2607 3485 2767 3525 cruce
2786 3512 2803 3537 ,
2834 3471 3010 3535 dixit,
3044 3472 3224 3537 Pater,
3257 3474 3455 3528 dimitte
3481 3475 3587 3529 illis
3615 3491 3801 3544 pecca-

2204 3571 2310 3616 tum
2340 3563 2359 3633 (
2384 3561 2513 3618 Luc.
2559 3563 2654 3629 25,
2684 3563 2755 3618 54
2775 3562 2815 3633 ).
2849 3564 3137 3620 Latronem
3168 3582 3293 3620 vero
3319 3607 3333 3631 ,
3381 3568 3469 3636 qui
3500 3583 3623 3622 eum
3672 3578 3805 3625 ante

2200 3663 2584 3721 accusaverat,
2614 3657 2777 3710 etiam
2810 3658 2862 3711 in
2891 3657 3195 3727 paradisum
3226 3660 3517 3715 introduxit
3543 3701 3559 3725 ,
3588 3670 3643 3715 et
3670 3678 3801 3731 pcr-

2202 3757 2547 3816 sequutorem
2573 3745 2797 3802 Paulum
2823 3746 3123 3817 apostolum
3151 3748 3299 3811 fecit;
3333 3750 3432 3805 sibi
3462 3761 3642 3806 autem
3672 3768 3805 3823 pro-

2204 3838 2353 3907 prios
2403 3847 2459 3893 et
2508 3836 2755 3893 addictos
2804 3838 3099 3910 discipulos
3152 3842 3220 3895 ad
3273 3852 3504 3897 mortem
3579 3846 3805 3901 tradidit

2204 3940 2423 4001 propter
2448 3929 2663 3985 Judwos
2685 3972 2700 3990 .
2724 3931 2814 4001 qui
2844 3932 3018 4001 ipsum
3046 3934 3441 3987 crucilixerant.
3483 3934 3608 3990 llznc
3633 3937 3803 4005 igitur

2201 4024 2379 4079 omnia
2400 4065 2415 4089 ,
2438 4040 2560 4095 quae
2592 4025 2683 4081 Dei
2710 4034 2870 4091 sunt,
2902 4039 3022 4095 qua:
3054 4024 3352 4093 homimnu,
3382 4028 3524 4096 apud
3552 4044 3649 4082 nos
3675 4030 3801 4083 col-

2201 4116 2429 4187 ligentes
2452 4158 2466 4181 ,
2496 4120 2611 4172 hmc
2634 4119 2885 4187 przeclara
2908 4127 3055 4187 gesta
3076 4118 3415 4186 :emulemur,
3438 4126 3493 4173 (ἰ
3513 4121 3801 4177 caritatem

2199 4208 2615 4263 charismatibus
2643 4208 2894 4262 omnibus
2928 4208 3266 4277 superiorem
3313 4210 3657 4278 aequiramns
3680 4251 3698 4274 ,
3735 4222 3803 4266 ut

2199 4308 2254 4353 et
2282 4300 2567 4369 pnesentia
2617 4309 2672 4351 et
2719 4299 2895 4352 futura
2943 4297 3082 4353 bona
3130 4312 3484 4369 assequamur
3516 4318 3530 4353 :
3559 4316 3799 4369 quorum

2201 4392 2403 4444 utinam
2437 4405 2536 4444 nos
2560 4389 2849 4460 participes
2877 4388 2990 4443 ﬁeri
3015 4390 3287 4459 conlingat
3316 4432 3329 4456 ,
3360 4390 3530 4461 gratia
3557 4402 3612 4445 et
3640 4392 3799 4447 beni-

2198 4485 2401 4551 gnitate
2435 4483 2642 4537 Domini
2696 4483 2865 4537 nostri
2910 4482 3037 4538 Jesu
3080 4481 3323 4549 Christi,
3370 4484 3587 4554 quicum
3639 4485 3792 4541 Patri

2200 4592 2412 4645 unaque
2441 4576 2664 4646 Spiritui
2708 4582 2897 4629 sancto
2935 4575 3107 4645 gloria
3131 4615 3146 4640 ,
3195 4575 3479 4644 imperium
3505 4616 3521 4641 ,
3572 4576 3747 4633 honor
3780 4622 3799 4644 ,

2200 4683 2341 4721 nunc
2368 4678 2423 4724 et
2452 4684 2687 4739 semper,
2721 4678 2774 4722 et
2802 4668 2853 4721 in
2885 4667 3080 4721 mula
3108 4666 3450 4722 saeculorum.
3496 4670 3690 4726 Amen.

3384 4806 3804 4827 ἡ

1805 4873 2147 4937 HOMILIA
2180 4874 2488 4936 XXXIII.

499 5018 630 5072 CAP.
663 5019 755 5086 l5,
785 5015 833 5070 v.
880 5017 936 5072 ι.
968 5014 1172 5071 Caritas
1218 5018 1417 5087 potiens
1447 5023 1551 5079 est,
1596 5014 1811 5087 benigna
1840 5027 1911 5072 est
1941 5030 1959 5071 :
1990 5036 2091 5075 non

644 5112 946 5181 citiulatur,
975 5129 1076 5167 non
1115 5112 1222 5183 agit
1251 5126 1520 5183 perperam
1540 5151 1556 5178 ,
1584 5126 1687 5165 non
1714 5111 1946 5177 inﬂatur.

575 5203 627 5255 l.
672 5202 963 5269 Postquam
1012 5202 1157 5257 enim
1211 5201 1611 5271 pronuntiavit,
1666 5215 1765 5257 nec
1810 5200 1965 5266 fidei,
1993 5214 2093 5257 nec

500 5293 869 5358 scienti:e,nec
895 5292 1194 5362 prophetia:
1220 5306 1397 5364 neque
1425 5290 1937 5363 linguarum,neque
1961 5292 2091 5349 cha-

497 5385 911 5448 rismatmn,nec
940 5383 1191 5453 perfecta:
1215 5385 1474 5453 vitae,nec
1500 5386 1743 5458 martyrii
1764 5426 1780 5451 ,
1808 5386 1855 5441 si
1894 5387 2093 5444 caritas

502 5476 676 5544 absit,
712 5488 969 5547 magnam
995 5490 1117 5532 esse
1146 5478 1431 5535 utilitatem
1454 5518 1471 5547 ,
1501 5479 1808 5535 necessario
1833 5479 2093 5552 deinceps

500 5568 759 5625 describit
822 5564 1168 5623 immensam.
1205 5570 1323 5641 ejus
1376 5568 1835 5642 pulchritudinem
1870 5611 1889 5639 ,
1935 5571 2089 5642 quasi

499 5658 817 5731 quibusdam
842 5657 1116 5714 coloribus
1142 5658 1354 5715 virtutis
1381 5659 1621 5731 partibus
1650 5659 1768 5729 ejus
1798 5660 2087 5731 imaginem

500 5764 804 5817 crematis,
830 5757 889 5803 et
925 5747 1045 5821 ejus
1086 5751 1325 5807 membra
1355 5753 1533 5807 omnia
1580 5758 1826 5806 accurate
1870 5764 2093 5822 compo-

2203 5032 2360 5073 nens.
2386 5016 2455 5071 At
2481 5032 2549 5071 ne
2582 5026 2985 5086 prtelcrcums,
3012 5018 3213 5077 dilecte
3231 5059 3249 5088 ,
3281 5035 3343 5077 es
3371 5034 3493 5089 qua:
3516 5019 3805 5089 dicuntur,

2200 5108 2297 5164 sed
2341 5123 2533 5164 eorum
2581 5110 2795 5181 singula
2839 5112 3093 5166 examina
3134 5110 3584 5181 diligentissime,
3627 5126 3687 5171 ut
3715 5118 3807 5171 rei

2204 5201 2514 5265 thesaurum
2549 5203 2731 5258 videas
2755 5245 2770 5266 ,
2802 5212 2858 5258 et
2898 5203 3123 5275 pictoris
3147 5209 3346 5257 artem.
3380 5203 3664 5277 Perpende
3693 5208 3809 5281 igi-

2203 5299 2289 5345 tur
2318 5292 2459 5348 unde
2486 5294 2666 5348 statim
2719 5292 3004 5363 inceperit,
3037 5304 3093 5345 et
3118 5307 3278 5362 quam
3304 5295 3529 5365 primam
3557 5302 3811 5369 posuerit

2200 5385 2443 5439 omnium
2471 5387 2738 5441 bonorum
2765 5398 3006 5441 causam.
3036 5383 3176 5450 Quid
3204 5398 3384 5446 autem
3416 5389 3523 5447 hoc
3544 5392 3672 5447 est?
3696 5393 3811 5447 Pa-

2204 5475 2386 5531 tientia
2413 5493 2430 5540 ;
2480 5477 2596 5533 lucc
2627 5474 2979 5547 philosophia!
3022 5477 3199 5533 omnis
3224 5488 3310 5537 est
3350 5482 3526 5537 radix.
3558 5481 3685 5538 Ideo
3708 5498 3811 5539 sa-

2201 5567 2357 5635 piens
2398 5567 2661 5638 quispiam
2701 5566 2956 5621 dicebat:
2999 5564 3089 5622 Vir
3115 5572 3314 5641 patiens
3348 5582 3425 5626 est
3462 5573 3643 5628 multa
3669 5590 3808 5645 pru-

2198 5658 2383 5714 dentia
2419 5676 2438 5714 :
2478 5660 2569 5723 qui
2605 5669 2777 5711 autem
2818 5656 3088 5727 impatiens
3116 5670 3191 5716 est
3234 5662 3386 5717 suae
3427 5662 3673 5734 insipiens
3716 5677 3806 5721 est

2198 5748 2384 5823 (Prov.
2422 5750 2647 5823 14,29).
2682 5748 2749 5806 Et
2789 5763 2910 5805 cum
2941 5751 3074 5807 urbe
3115 5754 3319 5810 munita
3347 5754 3518 5825 ipsam
3575 5772 3798 5827 εοηῳιι-
