4038 6216
451 345 455 348 ⁴
531 347 634 402 277

539 465 692 518 οὐδὲν
728 463 1098 535 παρέϐλαψεν,
1123 465 1284 530 αὐτὸς
1319 466 1375 520 δὲ
1406 467 1639 539 ἐσϐέσθη
1669 469 1886 539 ῥᾳδίως·
1938 467 2112 530 οὕτως

532 551 613 611 εἰς
639 549 994 620 μακρόθυμον
1027 550 1206 621 ψυχὴν
1230 551 1368 622 ὅπερ
1398 553 1465 605 ἂν
1506 553 1726 624 ἐμπέσῃ
1773 552 1883 605 τῶν
1916 553 2114 622 ἀδοκή-

531 647 661 693 των,
701 630 857 684 τοῦτο
897 630 998 700 μὲν
1028 633 1352 702 ἀφανίζεται
1413 635 1631 706 ῥᾳδίως,
1689 636 1906 703 ἐκείνην
1953 635 2010 687 δέ
2053 632 2116 686 οὐ

531 713 811 783 ταράττει.
834 714 946 768 Καὶ
971 716 1082 787 γάρ
1113 716 1331 771 πάντων
1355 717 1708 788 στερρότερον
1740 716 2111 788 μακροθυμία·

532 795 638 851 κάν
673 797 1016 868 στρατόπεδα
1044 799 1227 872 είπῃς,
1279 799 1384 853 κᾶν
1418 801 1702 871 χρήματα,
1744 800 1846 854 κᾶν
1890 801 2111 864 ἵππους,

530 877 636 933 κάν
665 879 843 950 τείχη,
883 880 986 934 κᾶν
1018 881 1179 944 ὅπλα,
1209 880 1312 935 κᾶν
1341 882 1540 945 ὁτιοῦν,
1571 883 1723 936 οὐδὲν
1756 883 1868 936 ἴσον
1903 900 2112 954 μακρο-

535 959 732 1032 θυμίας
777 964 942 1032 ἐρεῖς.
976 964 1035 1016 Ὀ
1093 963 1193 1033 μὲν
1235 965 1346 1036 γὰρ
1383 966 1570 1020 ἐκεῖνα
1621 966 2111 1038 περιϐεϐλημένος,

535 1044 640 1098 ὕπὸ
674 1044 848 1115 θυμοῦ
880 1045 1178 1116 κρατηθεὶς
1217 1047 1499 1112 πολλάκις,
1536 1049 1789 1120 καθάπερ
1829 1050 2114 1121 μειράκιον

531 1126 772 1191 εὐτελὲς,
822 1129 1239 1197 περιτρέπεται,
1282 1132 1373 1184 καὶ
1429 1131 1606 1185 πάντα
1648 1133 1879 1203 θορύϐου
1914 1132 2115 1202 πληροῖ

531 1209 627 1262 καὶ
655 1209 860 1280 ζάλης·
916 1203 1071 1275 οὗτος
1111 1211 1167 1264 δὲ
1203 1211 1392 1284 ὥσπερ
1434 1215 1493 1266 ἐν
1543 1215 1724 1285 λιμένι
1779 1215 2112 1286 καθήμενος,

514 1292 756 1363 βαθείας
784 1293 1048 1348 ἀπολαύει
1092 1296 1334 1368 γαλήνης
1359 1313 1374 1327 ·
1433 1299 1538 1351 κᾶν
1567 1299 1743 1369 ζημία
1787 1298 2111 1370 περιϐάλῃς,

530 1378 631 1431 οὐκ
667 1378 928 1448 ἐκίνησας
953 1381 1052 1449 τὴν
1080 1381 1310 1450 πέτραν,
1352 1381 1456 1434 κᾶν
1486 1381 1644 1452 ὓϐριν
1671 1383 1983 1454 ἐπαγάγῃς,
2014 1381 2114 1433 οὐκ

529 1462 744 1525 ἐσεισας
784 1464 876 1515 τὸν
908 1462 1139 1532 πύργον,
1199 1463 1305 1517 κᾶν
1355 1463 1572 1532 πληγὰς
1626 1464 2114 1535 προστρίψῃς,ούκ

528 1543 771 1616 ἔπληξας
804 1543 895 1598 τὸν
929 1545 1213 1615 ἀδάμαντα
1237 1562 1251 1575 ·
1314 1546 1408 1598 καὶ
1447 1547 1556 1617 γάρ
1597 1547 1981 1614 μακρόθιψος
2027 1546 2114 1600 διὰ

527 1627 689 1680 τοῦτο
717 1627 954 1697 λέγεται,
990 1629 1176 1697 ἐπειδὴ
1209 1629 1426 1700 μακράν
1455 1646 1578 1682 τινα
1609 1631 1701 1683 καὶ
1731 1630 1975 1701 μεγάλην
1999 1629 2112 1699 ἔχει

523 1708 725 1780 ψυχήν·
763 1709 823 1763 τὸ
856 1709 964 1781 γὰρ
1004 1711 1235 1780 μακρὸν,
1283 1711 1378 1764 καὶ
1441 1711 1584 1781 μέγα
1646 1711 1887 1781 λέγεται.
1953 1711 2112 1765 ’Λλλά

527 1789 686 1843 τοῦτο
738 1791 799 1842 τὸ
848 1791 1012 1844 καλὸν
1049 1792 1156 1845 ἀπὸ
1211 1795 1310 1856 τῆς
1361 1794 1583 1863 ἀγάπης
1633 1795 1847 1864 φύεται,
1877 1796 2112 1857 καὶτοῖς

529 1873 889 1944 κεκτημένοις
937 1875 1031 1928 καὶ
1081 1877 1195 1937 τοῖς
1245 1875 1580 1930 ἀπολαύουσι
1631 1877 1832 1947 πολλὴν
1870 1878 2111 1946 παρέχον

528 1955 627 2024 τὴν
671 1956 961 2025 ὠφέλειαν.
1024 1959 1114 2025 Μὴ
1175 1959 1286 2027 γάρ
1329 1976 1418 2028 μοι
1473 1961 1600 2023 τοὺς
1650 1961 2110 2029 ἀπεγνωσμένους

530 2038 713 2109 εἴπῃς,
757 2039 806 2091 οἳ
841 2040 1124 2103 ποιοῦντες
1177 2041 1366 2101 κακῶς
1404 2042 1498 2094 καὶ
1557 2043 1630 2112 μὴ
1675 2045 1975 2111 πάσχοντες
2010 2038 2111 2095 κα-

531 2121 665 2184 κῶς,
698 2123 916 2191 χείρους
956 2124 1217 2191 γίνονται.
1264 2124 1528 2178 Ἐνταῦθα
1574 2126 1681 2196 γὰρ
1721 2125 1780 2178 ού
1815 2125 1967 2195 παρά
2011 2125 2108 2195 τὴν

530 2205 916 2274 μακροθυμίαν
947 2205 1160 2270 τούτου,
1191 2208 1326 2260 ἀλλὰ
1381 2209 1509 2278 παρ’
1560 2210 1804 2271 ἐκείνους
1849 2210 1976 2272 τοὺς
2009 2211 2109 2262 ούκ

528 2285 610 2347 εἰς
640 2286 756 2339 δέον
784 2287 917 2357 αὐτῇ
948 2291 1262 2358 χρωμένους
1293 2290 1451 2343 τοῦτο
1476 2292 1782 2361 συμϐαίνει.
1810 2293 1900 2362 Μὴ
1929 2293 2108 2344 τοίνυν

497 2382 622 2434 ,μοι
677 2367 898 2432 τούτους
960 2372 1139 2441 εῐπῃς,
1183 2372 1318 2423 ἀλλά
1358 2374 1485 2435 τοὺς
1543 2375 2003 2444 ἐπιεικεστέρους,
2057 2374 2107 2426 οἳ

533 2450 749 2520 μεγάλα
800 2451 1050 2505 ἐντεῦθεν
1104 2454 1497 2524 κερδαίνουσιν.
1540 2456 1708 2508 Ὅταν
1761 2456 1867 2528 γάρ
1922 2457 2108 2519 κακῶς

529 2533 859 2602 ποιήσαντες
911 2535 985 2604 μὴ
1044 2536 1257 2588 πάθωσι
1313 2537 1519 2603 κακῶς,
1550 2540 1650 2609 τὴν
1684 2540 1976 2609 πραΰτητα
2014 2540 2107 2592 τοῦ

459 2656 468 2664 ..
527 2612 681 2684 [500]
711 2615 974 2679 παθόντος
1002 2616 1400 2687 θαυμάσαντες.
1426 2620 1690 2690 μεγίστην
1717 2621 1964 2674 ἐντεῦθεν
1983 2639 2109 2692 καρ-

527 2696 755 2751 ποῦνται
784 2698 1096 2768 φιλοσοφίας
1123 2701 1491 2754 διδασκαλίαν.
1517 2704 1688 2766 Αὐτὸς
1711 2703 1765 2756 δέ
1793 2705 1913 2756 οὐδὲ
1947 2705 2108 2774 μέχρι

527 2778 715 2832 τούτου
747 2781 984 2844 ἵσταται,
1013 2782 1149 2835 ἀλλὰ
1174 2786 1266 2835 καὶ
1295 2789 1361 2837 τὰ
1392 2786 1524 2838 ἄλλα
1559 2787 1728 2856 αὐτῆς
1751 2789 1948 2857 ἐπάγει
1980 2806 2110 2840 κατ-

523 2862 844 2934 ορθώματα,
892 2865 1097 2933 λέγων·
1145 2870 1565 2933 Χρφῖστεύεται.
1619 2872 1835 2941 Ἐπειδὴ
1890 2873 1996 2942 γάρ
2023 2890 2108 2924 τι-

527 2944 616 3009 νές
650 2947 805 3010 εἰσιν,
838 2947 885 2999 οἳ
916 2951 981 3018 τῇ
1017 2951 1369 3021 μακροθυμίᾳ
1398 2954 1497 3004 οὐκ
1538 2955 1617 3014 εἰς
1644 2953 1744 3022 τὴν
1782 2955 1989 3007 οίκείαν
2015 2955 2107 3006 κέ-

526 3023 764 3100 χρηνταί
801 3031 1142 3100 φιλοσοφίαν,
1180 3033 1297 3086 ἀλλ’
1324 3036 1402 3096 εἰς
1448 3038 1546 3102 τὴν
1586 3036 1798 3105 ἄμυναν
1831 3037 1940 3089 τῶν
1971 3055 2110 3106 παρ-

524 3113 856 3180 οξυνάντων,
903 3115 1331 3185 διαῤῥηγνύντες
1372 3118 1618 3180 ἑαυτοὺς,
1669 3121 1830 3187 φησιν
1868 3120 1950 3170 δτι
1989 3119 2110 3171 οὐδὲ

526 3195 685 3249 τοῦτο
734 3197 845 3265 ἔχει
880 3197 938 3248 τὺ
986 3198 1295 3267 ἐλάττωμα.
1344 3199 1434 3250 Διὸ
1496 3201 1589 3252 καὶ
1634 3202 1904 3270 ἐπήγαγε,
1953 3204 2108 3268 Χρη-

528 3278 821 3333 στεύεται.
853 3279 926 3331 υύ
951 3279 1059 3350 γάρ
1091 3281 1182 3332 ἐπὶ
1207 3280 1283 3350 τῷ
1312 3282 1411 3350 τὴν
1443 3282 1615 3350 φλόγα
1645 3284 1845 3350 ἀνάψαι
1871 3283 1975 3336 τῶν
2005 3283 2109 3336 ὑπὸ

527 3361 624 3430 τῆς
665 3362 832 3432 ὀργῆς
881 3364 1256 3432 ἐκκαιομένων
1287 3365 1622 3435 ἠθικώτερον
1654 3366 1840 3427 αὐτοῖς
1873 3367 2108 3437 κέχρην-

525 3460 638 3507 ται,
672 3445 788 3497 ἀλλ’
825 3447 916 3498 ἐπί
947 3446 1024 3516 τῷ
1061 3447 1444 3518 καταπραῧναι
1493 3450 1585 3501 καὶ
1620 3449 1975 3502 κατασϐέσαι·
2016 3451 2110 3503 καὶ

525 3527 586 3578 οὐ
621 3526 782 3593 μόνον
807 3528 884 3599 τῷ
919 3531 1105 3600 φέρειν
1138 3531 1421 3598 γενναίως,
1479 3531 1615 3583 ἀλλὰ.
1666 3533 1758 3584 καὶ
1806 3532 1882 3601 τῷ
1940 3530 2104 3602 θερα-

527 3612 712 3664 πεύειν
737 3613 829 3665 καὶ
871 3615 1208 3682 παρακαλεῖν
1233 3615 1291 3667 τὸ
1322 3616 1476 3678 ἕλκος
1520 3616 1704 3667 ἰῶνται
1742 3615 1831 3668 καὶ
1862 3616 1922 3668 τὸ
1945 3617 2110 3686 τραῦ-

529 3712 606 3763 μα
655 3695 1020 3766 θεραπεύουσι
1071 3697 1164 3750 τοῦ
1202 3697 1395 3767 θυμοῦ·
1440 3701 1522 3751 Οὐ
1555 3699 1756 3766 ζῆλοῖ·
1794 3701 1949 3751 Ἔστι
1997 3702 2106 3772 γάρ

526 3777 620 3830 καὶ
662 3779 1015 3849 μακρόθυμόν
1036 3797 1156 3833 τινα
1193 3776 1333 3832 εἰναι
1365 3783 1456 3833 καὶ
1479 3781 1769 3851 βάσκανον.
1808 3785 1901 3836 καὶ
1933 3783 2107 3855 τούτῳ

524 3862 699 3915 ἐκεῖνο
751 3863 1122 3935 διαφθείρεται
1166 3865 1225 3916 τὸ
1271 3865 1620 3935 κατόρθωμα.
1661 3867 1799 3918 Ἀλλ’
1836 3866 1972 3938 αῦτη
2014 3870 2107 3921 καὶ

524 3943 680 3997 τοῦτο
721 3946 992 4014 διέφυγεν.
1047 3951 1127 3999 Ob
1171 3949 1609 4014 περπερεύεται.
1668 3949 1979 4009 Τουτέστιν,
2033 3953 2104 4002 οὺ

525 4028 945 4096 προπετεύεται·
980 4029 1070 4078 καὶ
1110 4029 1216 4097 γὰρ
1256 4028 1475 4079 συνετὸν
1510 4029 1802 4097 ἐργάζεται
1851 4031 1939 4082 τὸν
1971 4032 2106 4099 ἁγα-

524 4109 712 4161 πῶντα
739 4112 833 4162 καὶ
869 4110 1041 4178 βαρὺν
1091 4113 1183 4163 καὶ
1240 4110 1528 4181 βεϐηκότα.
1583 4113 1702 4165 Τῶν
1740 4115 1837 4182 μὲν
1871 4114 1980 4186 γάρ
2017 4117 2103 4168 αἰ-

525 4191 706 4264 σχρῶς
733 4191 1031 4260 φιλούντων
1064 4192 1192 4246 ἴδιον
1219 4195 1279 4247 τὸ
1307 4194 1595 4265 ἐλάττωμα
1631 4196 1808 4249 τοῦτο·
1840 4199 1866 4249 ὁ
1896 4199 1950 4252 δὲ
1979 4198 2103 4252 ταύ·

519 4290 620 4338 την
652 4275 807 4338 εἰδὼς
843 4276 938 4347 τὴν
976 4277 1216 4349 ἀγάπην,
1249 4278 1453 4331 τούτων
1491 4281 1726 4348 μάλιστα
1756 4282 1969 4334 πάντων
2000 4284 2102 4336 ἀπ-

522 4357 805 4427 ήλλακται.
837 4361 1004 4411 Ὅταν
1035 4361 1144 4430 γάρ
1196 4360 1366 4429 θυμὸς
1419 4361 1566 4413 ἔνδον
1615 4364 1689 4429 μὴ
1745 4361 1801 4432 ᾗ.
1844 4368 1938 4417 καὶ
1968 4383 2101 4434 προ-

523 4442 712 4495 πέτεια
742 4444 888 4493 πᾶσα
917 4443 1186 4511 ἀνῄρηται
1224 4444 1318 4495 καὶ
1353 4442 1531 4509 ὕϐρις.
1571 4443 1677 4494 Κα¹ι
1709 4447 1817 4512 γάρ
1851 4447 2100 4518 καθάπερ

520 4539 602 4585 τις
632 4523 849 4594 ἀριστος
891 4525 1137 4592 γεωργὸς
1177 4525 1324 4578 ἔνδον
1367 4522 1720 4594 ἐγκαθημένη
1779 4529 1844 4596 τῇ
1891 4527 2035 4598 ψυχῇ
2069 4534 2100 4598 ἢ

519 4604 730 4675 ἀγάπη,
764 4606 864 4658 οὐκ
908 4606 1134 4676 ἀφίησιν
1180 4606 1334 4662 οὐδὲν
1381 4606 1588 4659 τούτων
1647 4606 1945 4677 βλαστῆσαι
1994 4611 2102 4663 τῶν

517 4688 788 4742 ἀκανθῶν.
831 4691 913 4742 Οὺ
952 4691 1293 4760 φυσιοῦται.
1328 4691 1435 4742 Καὶ
1483 4692 1590 4761 γάρ
1625 4691 1840 4760 ὁρῶμεν
1874 4692 2102 4758 πολλοὺς

517 4773 605 4824 ἐπ’
645 4774 828 4836 αὐτοῖς
868 4773 1078 4835 τούτοις
1108 4776 1217 4834 τοῖς
1246 4773 1638 4844 κατορθώμασι
1672 4775 1814 4842 μέγα
1843 4776 2102 4846 φρονοῦν-

515 4871 634 4919 τας,
664 4851 774 4907 οἷον
802 4857 884 4906 ὅτι
931 4856 1007 4924 μή
1055 4858 1169 4907 ἐστι
1205 4857 1476 4922 βάσκανος
1511 4858 1644 4928 μηδὲ
1697 4860 1931 4928 πονηρὸς
1965 4861 2100 4931 μηδέ

514 4937 835 5007 ὀλιγόψυχος
886 4937 1022 5006 μηδὲ
1065 4937 1365 5007 προπετής.
1405 4939 1540 4991 Οὐδὲ
1592 4939 1700 5009 γάρ
1750 4941 1966 5014 πλούτῳ
2004 4945 2099 4997 καὶ

517 5021 679 5092 πενίᾳ
706 5021 1097 5093 παρυφέστηκε
1128 5020 1197 5073 τά
1227 5022 1373 5075 κακά
1405 5021 1579 5075 ταῦτα
1611 5025 1793 5093 μόνον,
1827 5025 1964 5079 ἀλλὰ
2004 5029 2097 5081 καὶ

514 5106 701 5168 αὐτοῖς
733 5107 846 5169 τοῖς
880 5104 1040 5173 φύσει
1067 5104 1274 5170 καλοῖς.
1310 5106 1453 5158 Ἀλλ’
1484 5109 1516 5175 η
1546 5108 1733 5178 ἀγάπη
1771 5110 1907 5178 μετὰ
1938 5113 2096 5183 ἀκρι-

517 5187 673 5250 ϐείας
702 5188 1019 5260 ἐκκαθαίρει
1053 5191 1250 5244 πάντα.
1279 5190 1480 5244 Σκόπει
1512 5190 1604 5245 δέ·
1647 5193 1704 5246 '0
1742 5193 2095 5264 μακρόθυμος

514 5270 575 5322 ού
610 5272 824 5332 πάντως
854 5271 949 5324 καὶ
980 5273 1214 5342 χρηστός
1235 5291 1248 5304 ·
1286 5274 1352 5328 ἂν
1382 5273 1438 5326 δὲ
1473 5276 1547 5346 μὴ
1577 5273 1610 5344 ἦ
1645 5275 1901 5347 χρηστὸς,
1931 5294 2096 5348 πονη-

518 5354 608 5427 ρία
637 5353 697 5407 τὸ
733 5354 966 5425 πρᾶγμα
996 5357 1226 5423 γίνεται,
1257 5359 1350 5412 καὶ
1379 5360 1678 5412 κινδυνεύει
1712 5361 1790 5421 είς
1825 5377 2087 5431 μνησικαο

514 5439 641 5494 κίαν
681 5441 962 5510 ἐμπεσεῖν.
999 5441 1095 5494 Διὰ
1141 5441 1297 5494 τοῦτο
1327 5442 1464 5514 αὕτη
1495 5444 1556 5497 τὸ
1586 5445 1879 5514 φάρμακον
1904 5445 2090 5514 δοῦσα,

513 5523 613 5592 την
646 5520 991 5592 χρηστότητα
1031 5521 1194 5591 λέγω,
1243 5525 1492 5596 καθαρὰν
1545 5527 1794 5598 διατηρεῖ
1825 5533 1924 5599 τὴν
1966 5531 2092 5602 ἀρε-

513 5606 635 5672 τήν.
669 5605 835 5658 Πάλιν
859 5607 887 5659 ὁ
917 5606 1151 5677 χρηστὸς
1178 5608 1438 5669 πολλάκις
1460 5610 1681 5675 εΰκολος
1707 5611 1938 5681 γίνεται,
1958 5614 2093 5670 ἀλλὰ

515 5688 611 5740 καὶ
657 5687 814 5740 τοῦτο
855 5688 996 5758 αῦτη
1039 5689 1369 5758 διορθοῦται·
1417 5693 1480 5748 Ἠ
1513 5693 1716 5764 ἀγάπη
1746 5693 1874 5764 γὰρ,
1902 5699 2085 5766 φησὶν,

519 5773 590 5824 οὐ
631 5775 1070 5841 περπερεύεται,
1124 5775 1196 5829 οὐ
1237 5776 1579 5844 φυσιοῦται.
1611 5779 1670 5831 ὐ
1724 5777 1958 5850 χρηστδς
1993 5784 2088 5837 καί

1231 352 1288 408 S.
1330 351 1621 410 JOANNIS
1659 350 2153 410 CHRYSOSTOMI
2193 353 2518 414 ARCHIEP.
2561 354 3119 411 CONSTANTINOP.

3688 351 3791 408 ετε

2221 470 2580 542 μακρόθυμος
2607 470 2998 535 ἀλαζονεύεται
3026 469 3307 532 πολλάκις·
3333 467 3468 524 ἀλλά
3487 466 3581 522 καὶ
3595 466 3794 537 ταύτην

2216 551 2436 624 ἀναιρεῖ
2467 554 2566 622 τὴν
2594 553 2814 607 κακίαν.

2285 635 2348 704 β’.
2382 635 2492 688 Καὶ
2516 636 2614 689 θέα
2630 637 2749 699 πῶς
2777 636 2948 706 αὐτὴν
2976 633 3077 688 οὐκ
3100 634 3191 701 αφ’
3212 629 3287 688 ὧν
3318 633 3430 704 εχει
3453 634 3636 705 μόνον,
3661 632 3796 689 ἀλλά

2213 717 2305 769 καί
2334 718 2428 788 ἀφ’
2455 713 2532 772 ὧν
2568 720 2671 772 οὐκ
2701 720 2838 790 ἔχει,
2866 719 3082 788 κοσμεῖ.
3113 716 3221 770 Καὶ
3244 717 3353 789 γὰρ
3382 718 3587 788 ἀρετὴν
3609 719 3795 770 ἐπεισ-

2211 800 2358 869 άγει,
2411 805 2505 856 καὶ
2557 803 2761 856 κακίαν
2793 803 3076 862 ἐκκόπτει,
3123 800 3278 869 φησὶ,
3345 800 3547 869 μᾶλλον
3587 799 3644 853 δὲ
3675 799 3796 853 οῦδὶ

2211 884 2404 953 ἀφίησι
2434 884 2598 953 φῦναι
2634 885 2734 953 τὴν
2763 885 2960 955 ἀρχήν.
3006 882 3140 936 Οὐδέ
3177 881 3284 954 γάρ
3311 878 3453 946 εἶπε,
3479 883 3642 953 Ζηλοῖ
3677 882 3793 952 μὲν,

2211 969 2554 1037 περιγίνεται
2592 967 2649 1020 δέ
2682 968 2776 1020 τοῦ
2817 966 3037 1035 φθόνου,
3065 966 3173 1019 οὐδ’
3197 968 3279 1019 ὅτι
3313 965 3646 1018 Ἀπονοεῖται
3677 967 3794 1034 μὲν,

2211 1049 2430 1113 κολάζει
2453 1049 2509 1102 δὲ
2534 1049 2595 1102 τὸ
2629 1050 2824 1114 πάθος,
2867 1047 2982 1102 ἀλλ’
3009 1050 3091 1102 δτι
3124 1049 3208 1102 οὐ
3246 1045 3433 1112 ζηλοῖ,
3467 1050 3538 1100 οὺ
3573 1063 3794 1113 περπε-

2205 1133 2463 1199 ρεύεται,
2495 1134 2567 1186 οὐ
2602 1133 2960 1201 φυσιοῦται·
3009 1131 3037 1183 δ
3082 1131 3146 1202 δὴ
3181 1130 3417 1199 μάλιστά
3445 1131 3559 1182 ἐστι
3587 1131 3796 1200 θαυμαο

2215 1215 2357 1279 στὸν,
2384 1216 2466 1268 δτι
2500 1216 2595 1269 καὶ
2645 1216 2816 1287 χωρὶς
2861 1215 3039 1268 πόνων
3082 1214 3339 1282 κατορθοῖ
3366 1214 3432 1266 τὰ
3461 1213 3659 1280 ἀγαθὰ,
3705 1216 3795 1268 καὶ

2213 1299 2380 1366 χωρὶς
2408 1298 2647 1368 πολέμου
2680 1299 2773 1352 καὶ
2798 1299 3156 1367 παρατάξεως
3184 1296 3244 1349 τὸ
3272 1296 3534 1366 τρόπαιον
3558 1298 3793 1368 ἵστησιν.

2213 1383 2288 1433 οὐ
2343 1379 2451 1451 γὰρ
2495 1383 2722 1452 ἀφίησιν
2773 1382 3002 1452 ἱδρῶσαι
3031 1382 3120 1434 τὸν
3156 1381 3369 1450 ἔχοντα,
3414 1381 3507 1433 καὶ
3540 1380 3680 1434 οὕτω
3705 1381 3795 1434 τδν

2215 1466 2475 1530 στέφανον
2517 1465 2724 1528 λαϐεῖν,
2767 1464 2885 1518 ἀλλ’
2919 1465 3166 1534 ἀπονητὶ
3203 1464 3420 1532 κομίζει
3451 1464 3513 1516 τὸ
3543 1463 3796 1532 βραϐεῖον

2212 1546 2380 1615 αύτῷ.
2431 1546 2599 1600 Ἔνθα
2651 1550 2760 1617 γὰρ
2815 1548 2915 1598 οὐκ
2957 1545 3103 1599 ἔστιν
3151 1546 3445 1599 ἀντίπαλον
3498 1545 3668 1608 πάθος
3718 1545 3796 1616 τῷ

2214 1629 2453 1699 σώφρονι
2483 1630 2748 1699 λογισμῷ,
2783 1628 2937 1702 [30H
2972 1630 3059 1692 τίς
3094 1629 3159 1683 ἀν
3185 1629 3397 1697 γένοιτο
3426 1629 3623 1696 πόνος;
3671 1633 3794 1684 Οὐκ

2209 1713 2551 1782 ἀσχημονεῖ
2584 1727 2632 1765 ³.
2667 1714 2732 1764 Τί
2766 1713 2875 1781 γὰρ
2909 1712 3073 1778 λέγω,
3111 1714 3298 1780 φησὶν,
3343 1713 3424 1765 δτι
3457 1712 3518 1765 οὐ
3567 1712 3794 1782 φυσιοῦ-

2208 1813 2319 1859 ται,
2348 1795 2482 1847 δπου
2512 1811 2576 1862 γε
2603 1794 2858 1847 τοσοῦτον
2893 1794 3087 1863 ἀπέχει
3113 1793 3206 1845 τοῦ
3238 1794 3463 1858 πάθους,
3500 1796 3576 1848 ὅτι
3605 1798 3698 1847 κα).
3727 1795 3796 1848 τά

2209 1876 2411 1946 ἔσχατα
2448 1876 2691 1928 παθοῦσα
2727 1874 2813 1927 διὰ
2851 1875 2942 1926 τὸν
2972 1875 3360 1944 ἀγαπώμενον.
3401 1877 3520 1929 οὐδὲ
3556 1877 3794 1946 ἀσχημοι

2213 1961 2379 2028 σύνην
2433 1960 2493 2011 τὸ
2549 1960 2785 2028 πρᾶγμα
2837 1957 3090 2027 νομίζει;
3153 1959 3265 2010 Οὐκ
3321 1956 3440 2010 εἷπε
3492 1959 3676 2021 πάλιν,
3712 1961 3794 2013 δτι

2208 2044 2513 2111 ἀσχημονεῖ
2568 2043 2689 2110 μὲν,
2743 2040 2900 2109 φέρει
2952 2039 3007 2093 δὲ
3054 2040 3153 2110 τὴν
3198 2039 3463 2110 αἰσχύνην
3504 2042 3792 2109 γενναίως.
3891 2100 3902 2109 ,

2209 2123 2325 2176 ἀλλ’
2357 2126 2437 2176 ὅτι
2467 2124 2589 2176 οὐδὲ
2622 2123 2875 2193 αἴσθησίν
2913 2140 3036 2176 τινα
3066 2123 3335 2192 λαμϐάνει
3363 2126 3465 2193 τῆς
3505 2124 3790 2192 αἰσχύνης.

2207 2207 2268 2258 Εἰ
2301 2207 2412 2277 γάρ
2454 2209 2502 2259 οἱ
2533 2207 2935 2276 φιλοχρήματοι
2981 2205 3161 2259 πάντα
3195 2206 3560 2274 ὑπομένοντες
3588 2204 3656 2257 τά
3694 2208 3793 2255 ἐπ-

2206 2287 2479 2340 ονείδιστα
2509 2288 2608 2354 τῆς
2639 2289 2946 2357 καπηλείας
2963 2288 3150 2340 ἕνεκεν
3169 2289 3407 2359 ἐκείνης,
3429 2289 3489 2340 ού
3513 2287 3673 2357 μόνον
3695 2290 3795 2339 οἰκ,

2209 2371 2668 2439 ἐγκαλύπτονται,
2695 2373 2828 2424 ἀλλά
2863 2372 2955 2424 καὶ
2986 2371 3334 2438 ἀγάλλονται,
3373 2370 3551 2438 πολλῷ
3594 2371 3794 2439 μᾶλλον

2206 2457 2234 2508 ὁ
2263 2456 2361 2522 τὴν
2387 2456 2680 2526 ἐπαινετὴν
2703 2457 2910 2525 ταύτην
2939 2456 3077 2524 ἔχων
3106 2456 3351 2523 ἀγάπην,
3386 2455 3528 2524 ὺπέρ
3557 2455 3654 2523 τῆς
3685 2453 3795 2506 τῶν

2209 2539 2548 2608 φιλουμένων
2593 2539 2897 2606 ἀσφαλείας
2951 2538 3105 2589 οὐδὲν
3152 2535 3332 2588 ὁτιοῦν
3373 2538 3791 2604 παραιτήσεται,

2207 2623 2300 2672 καὶ
2334 2622 2394 2672 ού
2438 2621 2597 2690 μόνον
2642 2622 2700 2672 οὐ
2743 2621 3144 2690 παραιτήσεται
3179 2619 3227 2684 δ,
3261 2619 3372 2670 ἀλλ’
3405 2617 3525 2669 οὑδέ
3572 2617 3794 2685 πάσχων

2208 2703 2544 2772 αἰσχύνεται·
2590 2702 2810 2755 ἀλλ’ἵνα
2845 2704 2918 2772 μὴ
2950 2703 3054 2755 ἀπὸ
3080 2701 3170 2754 τοῦ
3203 2699 3443 2771 πονηροῦ
3474 2702 3660 2769 πράγει,
3678 2717 3795 2760 1:0;

2207 2787 2271 2837 τὸ
2307 2786 2655 2856 παράδειγμα
2704 2787 2980 2854 φέρωμεν,
3017 2785 3363 2854 ἐξετάσωμεν
3398 2785 3490 2835 ἐπὶ
3531 2783 3622 2833 τοῦ
3655 2784 3791 2850 Χρι-

2211 2869 2336 2920 στοῦ
2367 2868 2524 2919 τοῦτο
2553 2869 2704 2932 αὐτὸ,
2729 2871 2821 2918 καὶ
2840 2868 2960 2918 τότε
2993 2867 3235 2935 ὀψόμεθα
3259 2865 3352 2918 τοῦ
3388 2865 3668 2934 λεχθέντος
3695 2863 3796 2931 τὴν

2208 2951 2459 3019 δύναμιν.
2507 2951 2564 3002 ὐ
2622 2949 2729 3019 γὰρ
2762 2951 2968 3020 Κύριος
3021 2950 3178 3019 ἡμῶν
3215 2948 3422 3018 Ἰησοῦς
3475 2951 3503 2999 ὁ
3556 2947 3796 3017 Χριστὸς

2209 3034 2303 3084 καὶ
2350 3032 2641 3084 ἐνεπτύετο
2697 3034 2790 3084 καὶ
2843 3032 3168 3103 ὲρῤαπίζετο
3224 3032 3377 3103 παρά
3442 3030 3795 3101 ἀνδραπόδων

2207 3115 2460 3185 οἰκτρῶν·
2515 3116 2607 3168 καὶ
2654 3117 2714 3168 οὐ
2777 3116 2938 3186 μόνον
2989 3118 3090 3171 οὐκ
3137 3117 3384 3187 ἐνόμιζεν
3434 3116 3792 3185 ἀσχημονεῖν,

2209 3196 2346 3249 ἀλλὰ
2377 3198 2472 3249 καὶ
2512 3199 2795 3266 ἠγάλλετο,
2852 3202 2944 3252 καὶ
2999 3201 3155 3263 δόξαν
3183 3201 3241 3251 τὸ
3290 3201 3524 3268 πρᾶγμα
3571 3197 3792 3251 ἐκάλει·

2209 3282 2302 3332 καὶ
2324 3280 2526 3350 λῃστὴν
2559 3281 2652 3332 καὶ
2681 3281 3002 3351 ἀνδροφόνον
3034 3282 3154 3351 μεθ’
3186 3282 3379 3334 ἐαυτοῦ
3425 3281 3530 3350 πρὸ
3559 3279 3670 3331 τῶν
3700 3279 3796 3332 ἀλ-

2207 3363 2315 3416 λων
2347 3367 2424 3427 είς
2467 3365 2556 3417 τὸν
2592 3364 2920 3434 παράδεισον
2950 3366 3206 3432 εἰσάγων,
3233 3367 3326 3417 καὶ
3354 3367 3527 3435 πόρνῃ
3553 3363 3797 3429 διαλεγό-

2213 3464 2393 3516 μενος,
2436 3447 2729 3499 καὶταῦτα
2770 3448 2876 3499 τῶν
2916 3449 3297 3519 περιεστώτων
3327 3449 3584 3501 ἀπάντων
3626 3448 3797 3512 ἐγκα-

2209 3532 2465 3594 λούντων,
2499 3533 2598 3584 οὐκ
2625 3532 2841 3601 ἐνόμιζε
2868 3531 2925 3583 τὸ
2953 3535 3186 3603 πρᾶγμα
3222 3527 3360 3585 εἶναι
3383 3531 3624 3600 αἰσχρὸν,
3655 3531 3795 3583 ἀλλὰ

2209 3615 2302 3667 καὶ
2347 3615 2521 3684 φιλεῖν
2564 3615 2702 3685 αὐτῇ
2753 3612 2879 3677 τοῦς
2917 3615 3083 3678 πόδας
3140 3618 3368 3684 παρεῖχε
3412 3615 3536 3675 τοὺς
3570 3611 3792 3678 ἐαυτοῦ,

2209 3699 2303 3751 καὶ
2332 3698 2546 3768 βρέχειν
2575 3698 2636 3749 τὸ
2669 3698 2828 3766 σῶμα
2856 3700 2968 3760 τοῖς
3004 3698 3254 3768 δάκρυσι,
3307 3697 3398 3750 καὶ
3449 3697 3795 3766 ἀπομάσσειν

2207 3785 2324 3843 ταῖς
2360 3781 2504 3849 θριξί
2530 3799 2542 3810 ·
2586 3781 2680 3832 καὶ
2713 3779 2883 3832 ταῦτα
2915 3782 2971 3833 ἐν
3006 3781 3153 3851 μέσῳ
3201 3780 3412 3851 θεάτρῳ
3444 3780 3548 3833 τῶν
3579 3778 3794 3848 ἐχθρῶν

2209 3869 2305 3919 καὶ
2335 3866 2629 3936 πολεμίων.
2668 3865 2730 3917 Ἠ
2785 3865 2893 3934 γὰρ
2934 3865 3123 3934 ἀγάπη
3175 3866 3273 3917 οὐκ
3322 3865 3635 3932 ἀσχημονεῖ.
3691 3861 3794 3914 Διά

2207 3949 2365 4003 τοῦτο
2392 3953 2485 4004 καὶ
2518 3950 2770 4020 πατέρες,
2801 3949 2902 4001 κάν
2930 3950 3184 4001 ἁπάντων
3215 3942 3314 3999 ὦσι
3363 3945 3792 4016 φιλοσοφώτεροι

2208 4033 2300 4083 καὶ
2336 4030 2782 4101 ρητορικώτεροι,
2811 4031 2912 4082 οὐκ
2941 4031 3284 4097 αἰσχύνονται
3313 4031 3422 4091 τοῖς
3469 4031 3624 4080 παισὶ
3657 4047 3791 4098 συμ·

2205 4114 2566 4182 ψελλίζοντες·
2619 4116 2713 4165 καί
2745 4113 2919 4173 οὐδεὶς
2966 4113 3187 4178 ἐγκαλεῖ
3219 4113 3325 4164 τῶν
3359 4111 3632 4181 ὁρώντων,
3671 4112 3792 4165 ἀλλ’

2204 4195 2346 4248 οὕτω
2400 4196 2565 4247 καλὸν
2597 4189 2734 4246 εἶναι
2790 4194 2851 4245 τὺ
2903 4196 3134 4264 πρᾶγμα
3187 4193 3351 4256 δοκεῖ,
3386 4195 3460 4257 ὼς
3494 4195 3586 4246 καὶ
3621 4195 3790 4262 εὐχῆς

2204 4280 2352 4346 ἄξιον
2387 4274 2545 4331 εἶναι,
2583 4278 2699 4330 Κᾶν
2734 4281 2958 4349 πονηροὶ
2986 4280 3247 4346 γένωνται
3284 4280 3466 4343 πάλιν,
3498 4271 3644 4329 οὗτοι
3696 4278 3791 4344 μέ-

2203 4380 2351 4416 νουσι
2380 4360 2737 4432 διορθοῦντες,
2768 4362 3168 4431 ἐπιμελόμενοι,
3200 4362 3578 4420 συστέλλοντες
3605 4358 3787 4411 αὑτῶ)

2202 4447 2270 4498 τά
2301 4446 2497 4515 ὀνείδη.
2535 4445 2629 4496 καὶ
2676 4445 2773 4495 οὐκ
2809 4444 3178 4513 αἰσχύνονται.
3215 4445 3277 4496 'H
3313 4443 3420 4512 γάρ
3470 4441 3659 4509 ἀγάπη
3685 4441 3786 4493 οὐκ

2204 4531 2524 4597 ἀσχημονεῖ,
2559 4527 2693 4578 ἀλλὰ
2726 4527 2978 4595 καθάπερ
3004 4530 3232 4596 χρυσαῖς
3263 4542 3371 4576 τισι
3404 4518 3624 4591 πτέρυξι
3657 4539 3788 4587 συγ-

2205 4610 2470 4660 καλύτπει
2501 4610 2680 4659 πάντα
2713 4610 2780 4658 τά
2827 4609 3200 4677 ἁμαρτήματα
3232 4607 3338 4658 τῶν
3378 4605 3782 4673 ἀγαπωμένων.

2204 4690 2361 4744 Οὕτω
2389 4691 2482 4743 καί
2518 4690 2605 4740 τὸν
2652 4689 2815 4743 Δαυῒδ
2847 4692 2874 4742 ό
2905 4691 3157 4744 Ἰωνάθαν
3188 4689 3379 4757 ἐφίλει,
3429 4687 3521 4738 καὶ
3567 4688 3786 4741 ἀκούων

2202 4776 2294 4828 τοῦ
2350 4773 2552 4842 πατρὸς
2597 4772 2864 4839 λέγοντος,
2904 4774 2998 4825 Υἱὲ
3047 4773 3342 4839 κορασίων
3379 4771 3786 4838 αὐτομολούν-

2202 4878 2319 4915 των
2367 4871 2390 4898 ο
2459 4858 2950 4928 γυναικοτραφὲς,
3024 4858 3123 4910 οὐκ
3182 4853 3464 4924 ᾐσχύνετο,
3507 4856 3681 4908 καίτοι
3714 4871 3785 4921 γε

2201 4943 2400 5012 πολλῆς
2433 4940 2790 5011 αἰσχρότητος
2818 4940 2885 4992 τά
2923 4940 3142 5010 ῥήματα
3172 4936 3353 5006 γέμει.
3379 4939 3444 4988 Ἦ
3472 4937 3581 5006 γάρ
3605 4937 3780 5004 λέγει,

2201 5025 2356 5080 τοῦτό
2383 5027 2550 5077 ἐστιν·
2589 5023 2685 5075 Υἰέ
2716 5021 3006 5092 πορνιδίων
3033 5020 3472 5088 ἐπιμαινομὲνων
3497 5021 3781 5090 ἀνδράσιν,

2203 5108 2594 5179 ὲπιτρεχόντων
2613 5108 2726 5168 τοῖς
2758 5103 3061 5174 παριοῦσιν,
3091 5103 3533 5175 ἐκνενευρισμένε
3563 5105 3656 5156 καὶ
3677 5123 3783 5174 μα-

2198 5192 2329 5246 λακέ
2382 5193 2475 5246 καὶ
2525 5189 2692 5261 μηδὲν
2732 5187 2870 5258 ἔχων
2911 5183 3120 5254 ἀνδρὸς,
3156 5185 3271 5239 ἀλλ’
3299 5187 3385 5239 ἐπ’
3419 5185 3650 5257 αἰσχύνῃ
3684 5203 3782 5240 σου

2260 5359 2285 5385 ⁸
2308 5357 2417 5406 Alia
2443 5356 2594 5404 lectio
2620 5357 2714 5408 est.
2737 5349 2790 5398 οὖ
2816 5346 3087 5409 φιλοτιμιῖ,χ
3104 5361 3249 5409 quam
3288 5352 3490 5396 secutus
3516 5350 3593 5394 est
3634 5349 3782 5394 velut

2195 5418 2448 5480 interpres
2466 5415 2563 5480 qui,
2578 5407 2861 5480 vertit,_no;t3
2882 5416 2971 5480 εει.
2989 5407 3258 5459 ambiiiosa;
3280 5409 3570 5480 _l_,ecliongm
3601 5414 3779 5480 fugem

2195 5469 2283 5530 οὐκ
2302 5469 2584 5541 ἀσῃμὸνεῖ,
2604 5487 2717 5541 qpa
2748 5469 3001 5541 ig_Grecis
3021 5469 3405 5541 exexnplggribug
3427 5470 3578 5541 νυίεο
3601 5471 3777 5541 ret-lyr,

2196 5528 2261 5591 ita
2290 5528 2544 5593 ver'fi'r'nus.
2571 5528 2748 5596 in'ipse
2769 5532 3143 5596 Cbrysostomus
3165 5528 3544 5596 interpretalgr',
3568 5543 3664 5596 non
3683 5528 3777 5579 de-

2193 5604 2340 5652 deras
2359 5599 2452 5650 sibi
2473 5592 2649 5661 inferri
2662 5592 2835 5661 ξριιιαι.
2877 5595 3072 5650 quando
3109 5595 3304 5661 sciliceg
3341 5605 3430 5654 pro
3465 5592 3657 5661 Chriglo
3681 5603 3779 5638 ex-

2195 5673 2347 5714 trema
2373 5653 2572 5724 patitu'r.
2604 5719 2615 5724 _
2718 5659 3117 5724 υεςταμοηιπια,
3144 5653 3223 5701 καὶ
3248 5653 3384 5724 00..L_.
3409 5655 3771 5724 παρειτήιξιται.

2259 5734 2278 5755 ε
2305 5712 2387 5776 έίὲ
2426 5716 2727 5786 exemplaria
2774 5715 2959 5767 Biblica
2997 5723 3043 5769 et
3068 5712 3191 5766 unus
3211 5719 3318 5764 cod.
3352 5716 3462 5781 Reg.
3482 5712 3492 5717 ’
3512 5712 3774 5778 uacuum

2192 5789 2393 5851 αύτομο)
2403 5786 2575 5834 ουτ-ὧν.
