4038 6216
473 253 535 307 77
1274 230 1281 236 ’
1424 249 1493 309 IN
1529 251 1804 310 EPISTJ
1871 253 2005 307 Αυι

2115 254 2155 308 ι.
2196 254 2429 319 Βοιιιιι.
2471 256 2710 312 Χχιιιι.

432 385 594 437 rans,
644 369 895 425 tutiorem
945 381 1065 422 eam
1110 364 1201 422 illa
1228 368 1512 435 essedixit
1540 384 1555 422 :
1587 383 1711 423 nam
1740 377 2010 423 armatura

436 460 682 534 quaedam
733 469 817 518 est
861 459 1313 531 inexpugnabilis,
1360 468 1418 517 et
1464 460 1780 517 inconcussa
1805 462 1967 515 turris
1996 501 2011 525 ,

430 568 549 622 quae
570 553 796 608 molesta
825 550 1005 606 omnia
1028 548 1187 607 facile
1210 552 1504 622 propulsat.
1534 551 1601 606 Et
1624 553 1763 607 sicut
1783 552 2016 608 scintilla

431 643 484 697 in
514 642 764 715 abyssum
791 641 1038 698 incidens
1060 683 1076 709 ,
1123 643 1268 699 illam
1295 643 1512 714 quidem
1544 644 1673 699 nihil
1702 644 1868 708 laedit,
1898 645 2015 715 ipsa

430 750 561 790 vero
588 735 745 790 facile
764 724 1163 805 exstinguitui-z
1192 736 1271 790 sic
1298 747 1352 790 et
1380 736 1432 790 in
1462 736 1749 805 patientem
1780 737 2015 791 animam

428 826 685 898 quidquid
713 826 1136 898 inexspectatum
1166 827 1385 894 incidit,
1415 827 1469 882 id
1492 828 1707 896 quidem
1736 827 1889 883 facile
1913 827 2015 882 de-

429 920 600 985 letur,
637 920 781 975 illam
811 936 943 976 vero
989 921 1210 983 minime
1262 920 1462 974 turbat.
1494 919 1706 975 Etenim
1757 920 2014 988 patientia

425 1010 667 1065 omnium
718 1010 1023 1066 ﬁrmissima
1067 1020 1151 1066 est
1201 1028 1216 1065 :
1262 1010 1472 1066 etiamsi
1519 1011 1788 1067 exercitus
1816 1010 1967 1065 dicas
1994 1051 2011 1077 ,

426 1100 637 1156 etiamsi
666 1114 797 1170 opes
816 1142 834 1168 ,
866 1101 1078 1156 etiamsi
1118 1115 1316 1171 equos,
1345 1116 1530 1156 muros
1554 1142 1569 1166 ,
1599 1116 1745 1155 arma
1772 1111 1827 1155 et
1854 1100 2013 1171 quid-

426 1193 509 1249 vis
537 1193 681 1248 aliud
706 1234 723 1259 ,
768 1194 899 1247 nihil
940 1195 1212 1263 patientia:
1241 1209 1337 1263 par
1380 1194 1549 1249 dices.
1591 1193 1724 1249 Nam
1769 1193 1861 1263 qui
1908 1192 2015 1246 illis

426 1284 719 1340 instructus
748 1293 809 1340 et
832 1284 1199 1339 circumdatus
1226 1291 1330 1351 est,
1358 1299 1388 1339 a
1417 1284 1597 1339 furore
1623 1298 1769 1353 saepe
1796 1298 2015 1353 correp-

427 1384 535 1441 tus,
566 1378 738 1431 instar
765 1377 911 1445 pueri
938 1375 1131 1431 debilis
1160 1377 1451 1442 evertitur,
1478 1386 1533 1432 et
1574 1378 1757 1432 omnia
1784 1377 2012 1432 tumultu

427 1482 491 1522 ac
518 1475 837 1536 tempestate
885 1466 1095 1536 replet:
1130 1466 1219 1522 hic
1264 1475 1446 1522 autem
1474 1477 1742 1538 tamquam
1774 1467 1827 1523 in
1855 1476 2012 1537 portu

426 1563 623 1617 sedens
646 1602 661 1625 ,
691 1559 957 1631 profunda
1002 1558 1197 1615 fruitur
1244 1560 1668 1629 tranquillitate:
1700 1559 1911 1616 etiamsi
1957 1560 2012 1614 in

423 1654 679 1709 damnum
722 1650 1020 1721 conjeceris
1046 1692 1060 1716 ,
1108 1662 1316 1723 petram
1359 1668 1467 1709 non
1514 1654 1769 1719 movisti;
1799 1654 2012 1710 etiamsi

422 1734 803 1801 contumﬂiam
828 1744 1094 1810 intuleris,
1117 1746 1307 1800 turrim
1329 1762 1433 1801 non
1456 1747 1803 1810 concussisti;
1826 1746 2015 1802 etiam-

424 1835 470 1890 si
504 1836 684 1906 plagas
714 1834 1005 1900 indixeris,
1035 1835 1375 1891 adamantem
1406 1852 1512 1891 non
1546 1839 1884 1908 percussisti.
1917 1839 2013 1894 Et-

424 1926 568 1981 enim
594 1927 898 1997 longanimis
926 1925 1048 1981 ideo
1077 1926 1291 1993 dicitur,
1323 1928 1447 1998 quia
1477 1929 1693 1999 longum
1726 1930 2011 1999 quemdam

424 2024 479 2071 et
510 2030 762 2087 magnum
787 2015 949 2071 habet
978 2016 1212 2070 animum
1240 2034 1254 2073 :
1284 2018 1426 2087 quod
1453 2026 1633 2075 autem
1665 2022 1881 2091 longum
1904 2031 2008 2084 est,

423 2107 584 2161 etiam
616 2122 867 2179 magnum
908 2105 1124 2163 dicitur.
1167 2106 1275 2163 Sed
1313 2107 1419 2165 hoc
1461 2108 1660 2166 bonum
1691 2125 1756 2166 ex
1789 2102 2013 2168 caritate

424 2197 595 2273 oritur
618 2238 633 2262 ,
662 2206 719 2253 et
750 2197 852 2265 iis,
882 2199 973 2269 qui
1018 2202 1147 2254 eam
1176 2199 1454 2270 possident
1484 2201 1680 2272 illaque
1719 2200 1970 2258 fruuntur
1994 2244 2008 2270 ,

430 2302 676 2358 magnam
725 2289 863 2359 parit
893 2289 1200 2345 utilitatem.
1247 2291 1326 2347 Ne
1356 2291 1487 2347 mihi
1518 2293 1663 2348 enim
1694 2293 2011 2366 desperatos

422 2378 660 2446 dixeris,
687 2382 777 2452 qui
807 2382 946 2438 mala
994 2384 1295 2452 facientes,
1344 2401 1523 2456 neque
1570 2388 1835 2457 patientes
1879 2389 2015 2446 fiunt

421 2468 742 2525 deteriores.
798 2471 898 2527 Hie
951 2488 1057 2528 non
1106 2489 1175 2529 ex
1226 2462 1484 2544 patientia
1536 2477 1728 2549 hujus,
1782 2481 1877 2536 sed
1943 2484 2012 2538 ab

428 2560 528 2624 iis,
559 2560 646 2630 qui
677 2560 765 2614 illa
796 2576 902 2615 non
949 2570 1007 2617 ut
1052 2578 1147 2632 par
1176 2574 1322 2620 esset
1350 2574 1610 2635 utuntur,
1643 2568 1748 2625 hoc
1791 2572 2007 2627 accidit.

422 2649 501 2705 Ne
531 2649 707 2719 itaque
747 2651 877 2706 mihi
911 2652 1010 2707 hos
1040 2652 1245 2709 dixeris
1268 2695 1284 2722 ,
1318 2657 1414 2713 sed
1442 2660 1836 2718 mansuetiores
1856 2705 1871 2729 ,
1920 2667 2010 2735 qui

312 2805 327 2809 _
424 2742 613 2811 magna
646 2742 768 2797 hinc
794 2743 1091 2799 lucramur.
1132 2745 1360 2813 Quando
1389 2750 1532 2804 enim
1561 2753 1705 2809 male
1751 2753 2010 2813 facientes

424 2850 529 2889 non
559 2835 697 2891 male
725 2839 1032 2906 patiuntur,
1062 2841 1315 2908 patientis
1345 2846 1810 2901 mansuetudinem
1836 2849 2009 2904 admi-

422 2937 637 3005 rantes,
671 2944 915 3000 magnam
942 2931 1068 2986 inde
1094 2931 1371 2987 lucrantur
1396 2934 1754 3007 philosophias
1801 2938 2009 2996 doctri-

421 3032 569 3071 nam.
618 3018 737 3087 lpse
765 3034 892 3075 vero
923 3036 1029 3074 non
1063 3022 1149 3077 hic
1195 3024 1418 3095 gradum
1449 3027 1626 3093 sistit,
1660 3029 1756 3084 sed
1802 3038 1859 3087 et
1903 3033 2006 3087 alia

421 3110 539 3179 ejus
566 3113 822 3181 praeclara
850 3122 1001 3183 gesta
1046 3114 1322 3186 subjungit
1361 3118 1549 3175 dicens
1587 3138 1601 3174 :
1643 3121 1873 3193 Benigna
1910 3134 2005 3179 est.

420 3199 552 3268 Quia
582 3202 725 3257 enim
751 3203 970 3272 quidam
1012 3214 1177 3273 sunt,
1211 3208 1300 3276 qui
1333 3210 1589 3277 patientia
1630 3226 1737 3266 non
1764 3212 1838 3268 ad
1879 3229 2005 3283 pro-

422 3294 590 3363 priam
618 3295 1010 3365 philosophiam
1035 3307 1275 3365 utuntur,
1299 3300 1393 3355 sed
1419 3301 1485 3356 ad
1511 3303 1768 3361 ultionem
1793 3322 2005 3373 eorum,

419 3390 509 3455 qui
538 3386 684 3456 ipsos
712 3387 990 3443 irritavere
1010 3429 1025 3452 ,
1059 3390 1270 3459 seipsos
1296 3392 1729 3465 disrumpentes,
1763 3399 1895 3454 dicit
1938 3402 2003 3454 il-

421 3478 525 3532 lam
558 3479 659 3534 hoc
690 3480 816 3533 vitio
844 3496 951 3535 non
983 3481 1249 3539 laborare.
1282 3484 1347 3539 Et
1396 3487 1518 3542 ideo
1545 3490 1818 3560 subjungit
1841 3534 1855 3558 ,
1902 3493 2003 3549 Be-

419 3572 574 3641 m'gtta
620 3578 709 3626 est.
760 3571 942 3641 Neque
984 3572 1128 3627 enim
1176 3576 1242 3631 ad
1286 3579 1681 3636 accendendam
1734 3583 2003 3640 ﬂammam

417 3677 602 3716 eorum
624 3663 714 3731 qui
742 3663 817 3718 ira
842 3665 1219 3732 incenduntur,
1240 3684 1361 3725 cum
1386 3671 1490 3726 illis
1517 3674 1796 3744 benignius
1817 3689 2001 3746 agunt,

418 3752 511 3806 sed
538 3752 604 3806 ad
634 3754 926 3810 sedandam
967 3766 1023 3813 et
1050 3761 1537 3831 exstinguendam;
1573 3781 1747 3836 neque
1800 3778 2004 3827 tantum

415 3858 678 3911 generose
707 3844 962 3911 ferendo,
1012 3849 1107 3904 sed
1154 3852 1315 3907 etiam
1347 3855 1585 3912 curando
1634 3871 1688 3913 et
1738 3860 2005 3920 hortando

418 3935 583 3993 ulceri
608 3936 890 3995 medentur
910 3948 961 3996 et
985 3943 1175 3999 vulnus
1202 3945 1295 4000 ira:
1324 3958 1533 4003 curant.
1566 3950 1686 4005 Non
1712 3954 2000 4011 cumulatur.

418 4029 603 4084 Potest
630 4032 773 4085 enim
802 4034 997 4103 aliquis
1022 4037 1234 4105 patiens
1262 4055 1383 4095 esse
1428 4051 1482 4096 et
1526 4044 1738 4101 invidus
1762 4089 1777 4115 ,
1809 4058 1863 4102 et
1904 4050 2005 4107 hoc

420 4124 549 4179 vitio
577 4125 772 4180 bonum
792 4142 925 4196 opus
947 4128 1073 4183 illud
1091 4134 1471 4202 corrumpitur.
1491 4134 1595 4191 Sed
1615 4140 1728 4208 ipsa
1750 4140 1853 4195 hoc
1870 4158 2003 4214 quo-

416 4232 519 4287 que
547 4218 750 4289 effugit.
798 4219 919 4275 Non
948 4223 1055 4293 agit
1083 4242 1367 4295 perperam.
1398 4227 1453 4282 ld
1476 4238 1590 4296 est,
1627 4248 1734 4287 non
1766 4251 2003 4307 praeceps

415 4319 499 4364 est
529 4325 685 4364 :nam
716 4312 1029 4379 pmdentem
1055 4317 1363 4373 redditeum
1394 4322 1482 4390 qui
1513 4323 1685 4394 diligit
1713 4336 1765 4380 et
1785 4344 2000 4397 gravem

415 4409 468 4453 et
488 4401 694 4470 placide
715 4404 1073 4459 incedentem.
1098 4407 1165 4460 lis
1185 4410 1326 4463 enim
1346 4412 1435 4478 qui
1456 4417 1681 4483 turpiter
1700 4430 1881 4472 emant
1901 4420 2001 4476 hoc

416 4496 688 4561 pro;.rium
712 4494 897 4548 vitium
920 4506 1003 4550 est
1025 4515 1037 4549 :
1062 4500 1147 4564 qui
1173 4516 1299 4555 vero
1318 4503 1452 4557 hanc
1471 4520 1563 4559 nox
1580 4507 1616 4560 ξε
1635 4508 1996 4580 dilectionem,

414 4586 481 4637 ab
503 4586 585 4640 his
608 4589 855 4642 omnibus
884 4593 1113 4649 maxime
1143 4594 1277 4649 liber
1304 4608 1403 4651 cst.
1450 4600 1577 4652 Nam
1602 4617 1721 4655 ουτ-ι
1752 4605 1894 4658 intus
1922 4608 1998 4661 ira

414 4693 520 4731 non
556 4679 752 4745 fuerit,
807 4686 1097 4750 petulantia
1128 4690 1305 4743 omnis
1330 4701 1384 4745 et
1414 4698 1739 4749 contumelia
1787 4699 1998 4755 sublata

414 4780 513 4825 est.
550 4772 757 4827 Etenim
791 4785 845 4827 ut
874 4776 1085 4844 quidam
1115 4782 1349 4848 optimus
1378 4785 1604 4852 amicti:
1642 4787 1782 4842 intus
1808 4791 2000 4846 anima:

415 4860 656 4917 insidens
677 4866 872 4919 caritas
899 4876 953 4921 et
980 4868 1218 4935 dilectio,
1245 4889 1349 4927 non
1379 4877 1506 4930 sinit
1534 4879 1668 4933 ullas
1694 4880 1997 4949 hujusmodi

412 4950 593 5019 spinas
617 4957 940 5023 germinare.
975 4956 1095 5011 Non
1121 4962 1351 5030 inﬂatur.
1386 4965 1595 5021 Etenim
1628 4972 1823 5025 multos
1851 4975 1997 5031 vide-

412 5055 531 5094 mus
553 5040 622 5096 de
648 5044 729 5097 his
758 5048 1029 5115 praeclaris
1058 5051 1309 5119 operibus
1330 5055 1494 5108 altum
1518 5060 1820 5127 sapientes;
1846 5080 1998 5120 nemo

414 5146 494 5223 per
522 5132 662 5201 quod
710 5150 813 5189 non
858 5139 967 5193 sint
1012 5141 1176 5196 invidi
1227 5160 1399 5215 neque
1448 5147 1571 5200 mali
1620 5166 1791 5219 neque
1820 5158 1993 5223 pusilli

412 5222 574 5277 animi
604 5238 775 5294 neque
806 5230 1124 5294 petulantes.
1169 5234 1351 5305 Neque
1378 5238 1519 5291 enim
1545 5242 1715 5295 solum
1760 5222 1881 5299 cum
1911 5249 1991 5302 di-

413 5312 553 5368 vitiis
596 5323 651 5369 et
702 5314 1015 5386 paupertate
1057 5320 1170 5376 haec
1218 5328 1352 5381 mala
1386 5329 1677 5398 habentur,
1707 5334 1800 5388 sed
1832 5340 1994 5393 etiam

410 5416 531 5457 cum
558 5404 662 5459 illis
687 5421 804 5475 quae
833 5416 1020 5462 natura
1051 5421 1175 5465 sunt
1201 5413 1360 5469 bona.
1390 5418 1493 5475 Sed
1524 5425 1717 5479 caritas
1741 5441 1993 5486 accurate

413 5496 591 5551 omnia
616 5510 894 5569 expurgat.
930 5500 1181 5556 Animum
1209 5518 1384 5562 autem
1408 5514 1602 5570 adhibe
1630 5536 1641 5569 :
1667 5520 1756 5589 qui
1787 5523 1992 5590 patiens

424 5594 539 5651 est,
584 5604 689 5645 non
737 5605 817 5647 est
862 5595 1079 5648 omnino
1130 5596 1433 5668 benignus:
1483 5608 1625 5675 quod
1656 5612 1699 5665 si
1732 5615 1991 5686 benignus

417 5691 522 5731 non
552 5682 657 5749 sit,
692 5682 804 5739 inec
832 5704 914 5741 res
943 5698 1023 5742 cst
1050 5689 1268 5758 vitium,
1301 5704 1354 5749 et
1394 5700 1687 5765 periculum
1720 5718 1801 5763 est
1846 5682 1909 5767 ne
1939 5714 1987 5769 in

745 5803 1033 5883 Punoc.
1069 5814 1185 5877 Gn.
1238 5821 1382 5885 LXI.

3610 262 3715 316 TIR

2120 367 2551 425 recordationem
2577 369 3135 439 injuriarumiucidat.
3165 373 3287 428 ideo
3315 374 3425 443 ipsa
3459 374 3721 444 pharma-

2115 474 2249 515 cum
2274 460 2409 518 dans
2428 503 2445 530 ,
2478 462 2860 532 benignitatem
2889 462 3011 519 dico
3032 506 3048 531 ,
3072 479 3258 534 puram
3281 475 3569 525 conservat
3600 468 3710 521 vir-

2128 560 2317 606 tutem.
2340 550 2573 607 Rursum
2597 553 2858 624 benignus
2898 567 3042 625 sche
3068 555 3239 610 facilis
3257 564 3342 610 est
3365 596 3380 621 ,
3411 556 3505 611 sed
3531 566 3586 612 et
3613 556 3715 612 hoc

2126 641 2214 695 illa
2247 642 2507 713 corrigit:
2537 642 2738 698 Caritas
2786 644 2929 698 enim
2955 684 2972 711 ,
3018 644 3186 715 inquit
3212 686 3227 709 ,
3258 662 3361 700 non
3388 648 3493 718 agit
3535 664 3714 719 perpe-

2123 749 2234 787 ram
2255 776 2271 800 ,
2303 750 2405 788 non
2432 735 2664 804 inﬂatur.
2697 734 2799 802 Qui
2838 735 3102 805 benignus
3127 746 3183 791 et
3213 751 3418 805 pauens
3444 748 3549 803 est,
3570 753 3715 808 sarpe

2122 838 2380 892 arrogans
2408 834 2492 878 est
2519 842 2531 878 :
2561 825 2656 881 sed
2685 835 2740 879 et
2770 825 2909 880 hanc
2940 826 3079 880 tollit
3109 829 3424 896 nequitiam.

2191 914 2246 967 2.
2277 914 2343 967 Et
2360 915 2627 985 perpende
2652 916 2923 985 quomodo
2942 931 3081 981 eam,
3108 934 3212 971 non
3237 919 3399 972 modo
3422 918 3570 972 abiis
3588 934 3706 987 quae

2124 1005 2324 1071 habet,
2347 1006 2443 1061 sed
2469 1007 2629 1060 etiam
2650 1006 2718 1060 ab
2746 1005 2811 1061 iis
2837 1022 2956 1076 qua:
2984 1023 3088 1063 non
3114 1008 3274 1063 habet
3297 1017 3546 1063 exornet.
3574 1008 3709 1064 Dicit

2122 1097 2267 1150 enim
2299 1111 2416 1151 eam
2446 1104 2502 1150 et
2528 1097 2781 1151 virtutem
2834 1098 3086 1153 inducere
3134 1107 3189 1153 et
3215 1099 3471 1153 malitiam
3499 1100 3704 1155 exscino

2120 1186 2249 1241 dere
2273 1202 2288 1251 ;
2317 1188 2423 1239 imo
2448 1202 2577 1240 vero
2599 1201 2665 1240 ne
2680 1186 2748 1240 ah
2773 1187 2923 1241 initio
2946 1189 3092 1243 nasci
3121 1180 3335 1258 quidem
3363 1190 3508 1244 sinit.
3528 1188 3712 1260 Neque

2120 1276 2263 1330 enim
2293 1274 2464 1342 dixit,
2494 1274 2803 1331 Emulatur
2832 1277 3081 1346 quidem,
3117 1278 3370 1334 invidiam
3397 1295 3525 1334 vero
3554 1293 3712 1349 supe-

2123 1376 2241 1431 rat;
2292 1382 2483 1436 neque,
2520 1373 2792 1437 Arrogans
2841 1368 3055 1437 quidem
3100 1378 3215 1437 est,
3247 1371 3343 1427 sed
3392 1371 3494 1425 hoc
3524 1371 3714 1426 vitium

2118 1458 2373 1529 castigat;
2403 1457 2498 1513 sed
2518 1498 2534 1524 ,
2564 1457 2686 1511 Non
2724 1459 3018 1526 mualatur,
3044 1477 3144 1515 non
3164 1462 3271 1531 agit
3293 1478 3579 1533 perperam,
3606 1478 3709 1515 non

2118 1547 2326 1616 inﬂatur
2348 1564 2365 1602 :
2388 1547 2531 1616 quod
2556 1555 2737 1601 autem
2769 1549 3000 1603 maxime
3023 1550 3267 1604 mirabile
3298 1561 3399 1618 est,
3422 1552 3538 1607 sine
3568 1551 3716 1605 labov

2122 1640 2270 1693 ribus
2293 1641 2432 1693 bona
2460 1638 2625 1705 facit,
2656 1650 2711 1694 et
2735 1640 2854 1695 sine
2880 1641 3024 1696 bello
3055 1642 3139 1698 vel
3169 1643 3285 1699 acie
3314 1652 3575 1714 tropaeum
3605 1644 3714 1699 eri-

2117 1731 2214 1800 git.
2246 1729 2429 1799 Neque
2453 1731 2595 1784 enim
2630 1730 2824 1785 sudare
2846 1731 2977 1786 sinit
3006 1747 3127 1787 cum
3160 1733 3249 1802 qui
3278 1748 3338 1788 se
3367 1733 3624 1802 possidet,
3656 1743 3710 1788 et

2119 1822 2190 1875 ita
2230 1836 2487 1875 coronam
2522 1811 2935 1891 accipere,°sed
2978 1824 3096 1889 sine
3140 1825 3325 1880 labore
3352 1826 3593 1881 bravium
3636 1826 3714 1881 illi

2118 1912 2311 1969 defert.
2343 1913 2445 1969 Ubi
2466 1915 2609 1969 enim
2639 1930 2744 1968 non
2772 1924 2857 1970 est
2880 1915 3251 1972 adversarium
3280 1919 3465 1973 vitium
3496 1926 3707 1987 tempe-

2116 2004 2257 2058 ranti
2283 2004 2628 2074 cogitationi,
2663 2007 2784 2075 quis
2809 2005 2963 2060 labor
2990 2004 3194 2062 fuerit?
3222 2008 3277 2065 5.
3324 2006 3448 2062 Non
3492 2007 3712 2076 dedecus

2116 2095 2211 2149 sibi
2240 2096 2420 2165 inferri
2450 2105 2616 2165 putat.
2649 2096 2788 2162 Quid
2814 2098 2958 2152 enim
2987 2097 3109 2154 dico
3128 2139 3145 2163 ,
3190 2100 3397 2170 inquit,
3430 2099 3575 2171 quod
3605 2115 3711 2155 non

2118 2183 2335 2238 inﬂetur
2357 2226 2373 2250 ,
2406 2186 2621 2254 quando
2649 2196 2856 2241 tantum
2880 2187 3046 2244 dis‘tat
3070 2188 3139 2244 ab
3166 2190 3267 2247 hoc
3298 2192 3450 2258 vitio,
3482 2200 3561 2257 ut,
3589 2205 3712 2247 cum

2118 2289 2217 2345 pro
2242 2274 2437 2330 dilecto
2457 2284 2699 2330 extrema
2731 2292 2887 2346 passa
2915 2278 3015 2344 sit,
3052 2294 3157 2335 non
3185 2280 3420 2338 dedecus
3448 2297 3569 2339 esse
3594 2276 3729 2339 rem

2120 2365 2445 2421 existimet?
2488 2366 2675 2438 Neque
2699 2366 2845 2441 dixit
2864 2384 3081 2425 rursum
3102 2412 3118 2438 ,
3152 2387 3260 2427 non
3307 2374 3560 2430 indecore
3586 2374 3711 2446 qui-

2116 2456 2241 2513 dem
2272 2459 2471 2528 patitur
2492 2501 2507 2525 ,
2556 2459 2653 2514 sed
2680 2458 2915 2515 dedecus
2939 2460 3047 2517 fert
3088 2478 3393 2533 generose;
3433 2464 3530 2521 sed
3559 2467 3707 2536 quod

2117 2564 2187 2604 ue
2212 2565 2427 2604 sensum
2456 2550 2673 2621 quidem
2704 2551 2988 2608 dedecoris
3032 2553 3249 2611 habeat.
3298 2556 3430 2611 Nam
3459 2558 3505 2612 si
3543 2573 3708 2627 pecu-

2117 2641 2220 2696 niae
2248 2650 2491 2697 amantes
2517 2684 2531 2709 ,
2562 2643 2822 2712 probrosa
2866 2648 3046 2702 omnia
3076 2665 3172 2719 pro
3200 2650 3288 2705 illa
3315 2651 3709 2722 cauponatione

2118 2732 2353 2789 ferentes
2377 2773 2393 2800 ,
2422 2749 2529 2788 non
2566 2735 2727 2801 modo
2759 2751 2866 2791 non
2893 2739 3220 2809 erubescunt
3243 2784 3258 2804 .
3292 2744 3387 2798 sed
3419 2745 3583 2800 etiam
3611 2758 3708 2800 ex-

2116 2824 2350 2889 sultant;
2379 2825 2547 2880 multo
2576 2827 2744 2896 magis
2771 2828 2836 2895 is,
2875 2828 2963 2897 qui
2992 2830 3314 2886 laudabilem
3344 2832 3483 2889 hanc
3515 2836 3713 2891 carita-

2119 2924 2225 2969 tem
2257 2915 2457 2977 habet,
2501 2931 2598 2985 pro
2624 2917 2946 2974 dilectarum
2993 2922 3287 2978 securitate
3316 2924 3451 2979 nihil
3483 2928 3710 2981 omnino

2116 3004 2418 3071 recusabit;
2467 3005 2578 3059 imo
2625 3023 2799 3077 neque
2865 3011 3073 3079 patiens
3125 3013 3425 3071 erubescet.
3477 3014 3585 3073 Sed
3640 3034 3711 3072 ne

2116 3111 2145 3148 a
2192 3111 2250 3151 re
2309 3097 2447 3150 mala
2503 3100 2807 3166 exemplum
2880 3100 3201 3170 offeramus,
3262 3105 3365 3160 hoc
3422 3106 3596 3177 ipsqu
3654 3109 3705 3161 in

2112 3186 2330 3242 Clu-isto
2379 3190 2786 3256 examinemus,
2837 3202 2894 3248 et
2950 3205 3078 3250 tunc
3132 3197 3260 3252 dicti
3312 3199 3421 3254 vim
3490 3202 3709 3269 conspi-

2112 3281 2338 3336 ciemus.
2385 3281 2643 3337 Dominus
2686 3286 2830 3340 enim
2874 3286 3031 3343 Jesus
3058 3287 3305 3345 Christus
3341 3302 3397 3347 et
3436 3308 3706 3363 conspue-

2113 3372 2269 3427 batur
2312 3384 2367 3429 et
2409 3375 2652 3446 colaphis
2697 3379 3007 3435 caedebatur
3054 3398 3084 3436 a
3140 3384 3537 3440 miserabilibus
3589 3401 3703 3441 ser-

2112 3466 2228 3530 vis;
2259 3473 2316 3521 ct
2352 3482 2460 3521 non
2505 3469 2665 3523 modo
2710 3486 2769 3525 se
2821 3473 3074 3530 indecore
3125 3493 3230 3532 non
3264 3494 3421 3549 agere
3450 3479 3702 3549 putabat,

2114 3556 2208 3610 sed
2243 3558 2403 3612 etiam
2449 3561 2789 3628 exsultabat,
2844 3579 3074 3635 eamque
3126 3584 3238 3622 rem
3285 3571 3507 3639 gloriam
3541 3587 3703 3626 voca-

2112 3645 2235 3710 bat;
2292 3656 2345 3699 et
2398 3646 2525 3703 dum
2577 3650 2837 3707 latronem
2900 3666 2954 3709 ct
3007 3656 3325 3713 homicidam
3378 3669 3504 3715 ante
3560 3663 3697 3717 alios

2111 3752 2294 3794 secum
2327 3738 2379 3794 in
2407 3741 2709 3810 paradisum
2742 3745 3139 3815 introduceret,
3172 3760 3227 3805 et
3257 3755 3593 3815 meretricem
3623 3756 3704 3809 al-

2114 3829 2455 3900 loqueretur,
2486 3832 2646 3903 idque
2676 3836 3151 3896 circumstantibus
3196 3844 3448 3900 omnibus
3476 3861 3700 3901 accusa-

2114 3922 2321 3978 toribus
2346 3923 2459 3978 suis
2479 3966 2494 3991 ,
2528 3941 2635 3982 non
2664 3932 2882 3997 putabat
2922 3948 3034 3987 rem
3071 3949 3193 3989 esse
3223 3945 3431 4005 turpem
3459 3980 3475 4004 ,
3508 3939 3602 3993 sed
3647 3950 3703 3995 et

2112 4013 2211 4081 ipsi
2239 4014 2400 4083 pedes
2423 4031 2551 4070 suos
2579 4021 2803 4087 praebuit
2827 4024 3145 4080 oseulandos
3171 4067 3186 4090 ,
3218 4036 3272 4081 et
3300 4043 3494 4098 corpus
3521 4031 3695 4103 lacry-

2111 4104 2213 4157 mis
2267 4106 2593 4175 irrigaudum
2648 4114 2961 4184 capillisque
3013 4118 3375 4185 tergendum;
3425 4130 3479 4175 et
3509 4120 3611 4176 huc
3644 4123 3701 4177 in

2119 4194 2302 4248 medio
2335 4196 2565 4253 hostium
2594 4212 2644 4255 et
2677 4203 3015 4261 inimicorum
3049 4208 3282 4263 theatro.
3315 4210 3526 4269 Caritas
3557 4217 3701 4270 cuitu

2110 4298 2214 4337 non
2263 4284 2515 4343 indecore
2575 4306 2756 4347 secum
2816 4297 2899 4366 agi
2963 4307 3127 4365 putat.
3192 4301 3417 4372 Ideoque
3467 4316 3696 4375 patres,

2110 4378 2317 4431 etiamsi
2348 4379 2681 4451 philosophis
2705 4385 3118 4459 rhetoribusque
3145 4392 3392 4448 omnibus
3422 4408 3699 4464 praeterit,

2111 4485 2216 4525 non
2262 4475 2585 4528 erubescunt
2615 4477 2773 4532 simul
2806 4479 3077 4537 balbutire
3104 4499 3224 4538 cum
3258 4486 3415 4553 ﬁliis;
3451 4499 3506 4544 ct
3538 4507 3697 4546 nemo

2110 4562 2400 4617 videntium
2432 4565 2481 4617 id
2514 4567 2879 4633 reprehendit,
2914 4572 3008 4626 sed
3036 4573 3169 4627 adeo
3202 4576 3420 4644 pulchra
3450 4595 3537 4633 res
3568 4596 3690 4637 esse

2108 4651 2354 4719 videtur,
2387 4664 2443 4708 ut
2474 4656 2515 4707 si
2544 4660 2707 4711 etiam
2739 4659 2789 4711 in
2836 4664 2990 4715 votis.
3026 4662 3095 4718 Et
3136 4666 3180 4719 si
3213 4684 3399 4723 rursus
3427 4652 3548 4725 mali
3580 4671 3699 4727 fue-

2110 4743 2209 4795 rint
2237 4785 2251 4809 ,
2288 4743 2339 4798 hi
2398 4758 2613 4800 manent
2654 4751 2984 4821 corrigentes
3008 4794 3022 4819 ,
3054 4769 3300 4813 curantes
3326 4801 3340 4825 ,
3382 4762 3574 4830 probra
3602 4780 3701 4819 eo-

2108 4849 2226 4886 rum
2258 4842 2570 4893 coercentes
2593 4881 2606 4905 ,
2640 4856 2741 4896 nec
2780 4844 2941 4911 pudet
2974 4848 3116 4903 illos.
3162 4850 3367 4908 Caritas
3400 4856 3544 4909 enim
3594 4876 3697 4914 non

2109 4924 2363 4991 indecore
2392 4931 2534 4999 agit;
2567 4932 2662 4987 sed
2694 4936 2845 5001 quasi
2877 4942 3057 4995 aureis
3083 4942 3402 5012 quibusdam
3430 4950 3553 5017 alis,
3576 4966 3696 5008 om-

2107 5018 2195 5072 nia
2226 5019 2541 5076 delictorum
2573 5039 2792 5093 peccata
2825 5032 3085 5101 contegit.
3115 5034 3204 5089 Sic
3234 5046 3290 5090 et
3319 5039 3571 5099 Davidem
3602 5044 3697 5101 Jo-

2106 5108 2295 5163 nathas
2341 5114 2574 5178 amabat,
2621 5117 2949 5190 audiensque
3000 5134 3202 5191 patrem
3233 5128 3543 5200 dicentem,
3592 5136 3699 5190 Fili

2106 5201 2389 5266 puellarum
2433 5205 2566 5257 ultro
2614 5212 2915 5281 venientium
2941 5254 2956 5276 ,
2988 5213 3278 5281 e/Teminala
3306 5222 3386 5293 (l.
3432 5224 3559 5297 Reg.
3602 5228 3694 5285 20.

2106 5289 2231 5359 '50),
2270 5306 2374 5344 non
2408 5296 2793 5363 erubescebat,
2838 5303 2936 5356 etsi
2972 5289 3694 5383 turpitudineplena'verba

2103 5390 2277 5434 erant.
2309 5381 2439 5437 Nam
2470 5384 2569 5439 hoc
2600 5389 2711 5440 vult
2738 5392 3039 5461 significare
3060 5442 3074 5464 ,
3108 5401 3205 5456 Fili
3233 5381 3693 5466 meretricularum

2106 5471 2155 5524 in
2189 5474 2329 5527 viros
2359 5478 2754 5546 insanientium,
2781 5492 2843 5539 ad
2866 5500 3251 5557 prmtereuntes
3271 5504 3691 5572 accnrrentium,

2106 5576 2357 5656 encrvate
2379 5609 2393 5633 ,
2428 5568 2634 5636 mollis,
2667 5578 2755 5641 qui
2786 5579 2917 5635 nihil
2958 5585 3110 5639 virile
3139 5587 3305 5643 habes
3331 5632 3345 5656 ,
3375 5594 3469 5649 sed
3500 5597 3566 5650 ad
3594 5568 3692 5654 de;

2104 5652 2483 5752 decus‘tuum,
2518 5672 2571 5715 et
2616 5666 2732 5733 ejus
2780 5673 2868 5740 qui
2917 5682 2967 5727 te
3012 5679 3222 5746 peperit
3275 5687 3499 5752 matris,
3533 5692 3689 5745 vivis.

2102 5745 2237 5813 Quid
2283 5749 2474 5820 igitur,
2507 5756 2741 5817 haeccine
2786 5782 2926 5832 a‘gre
2969 5745 3113 5839 tulit,
3148 5783 3194 5827 ct
3244 5791 3354 5845 prre
3384 5745 3586 5848 pudore
3629 5799 3689 5842 se

3349 5868 3417 5928 18
