4038 6216
468 284 577 339 979

466 398 775 461 absentidit,
823 406 983 465 atque
1032 410 1059 447 a
1106 392 1305 447 dilecto
1355 389 1629 445 recessit?
1672 388 1866 442 Totum
1908 396 2052 440 certe

466 491 793 546 contrarium
843 487 962 539 tecit
993 526 1009 549 ,
1060 484 1128 537 de
1181 497 1366 536 amore
1417 480 1747 549 gloriabatur
1779 496 1792 531 :
1823 479 1922 532 etsi
1971 478 2060 532 ille

470 594 595 635 tunc
629 595 718 633 rex
747 586 899 638 erat,
936 578 1074 629 tilins
1102 588 1231 628 vero
1262 573 1403 642 regis
1444 571 1702 625 Jonathas
1728 612 1742 633 ,
1774 568 1935 623 David
1967 583 2061 621 auc

470 684 574 725 tcnt
609 670 883 740 fugitivus.
936 666 1040 721 Sed
1076 680 1251 735 neque
1282 665 1359 716 sie
1406 663 1475 717 de
1518 661 1751 715 amicitia
1798 657 2013 714 erubuit
2045 672 2061 708 τ

466 762 661 816 caritas
690 759 833 815 enim
866 774 973 811 non
1003 756 1254 809 indecore
1293 754 1423 823 agit.
1467 752 1597 806 Nam
1628 752 1730 805 hoc
1758 752 1809 804 in
1840 750 1927 803 illa
1959 749 2060 801 tui-

469 852 640 906 mbile
690 860 809 915 est,
856 849 994 917 quod
1045 845 1371 901 contumelia
1402 844 1697 905 affectum,
1747 856 1851 896 nou
1902 840 2061 893 modo

471 961 577 999 non
608 944 749 995 sinat
774 942 958 995 dolere
987 947 1043 993 et
1086 937 1356 999 morderi,
1394 935 1489 990 sed
1521 935 1682 989 etiam
1731 942 1787 987 ut
1831 930 2064 1001 gaudeat

467 1035 684 1091 efﬁciat.
722 1032 953 1100 Ideoque
984 1032 1074 1084 ille
1119 1038 1240 1099 post
1281 1028 1395 1081 hazc
1424 1030 1637 1089 onmla,
1669 1022 1825 1094 quasi
1860 1037 2060 1075 corona

465 1128 751 1183 redimitus
768 1166 786 1191 ,
814 1127 891 1178 sic
914 1124 1103 1177 abiens
1123 1120 1383 1174 Davidem
1411 1118 1723 1185 complexus
1744 1124 1847 1169 est.
1877 1113 2063 1182 Neque

468 1220 612 1274 enim
640 1218 841 1271 caritas
882 1215 982 1269 scit
1009 1214 1138 1282 qttid
1170 1214 1232 1264 sit
1271 1210 1526 1279 probrum
1555 1225 1568 1259 :
1600 1208 1721 1261 ideo
1769 1205 1931 1260 etiam
1961 1205 2061 1258 sibi

468 1314 643 1384 placet
671 1310 724 1363 in
755 1324 823 1363 eo
842 1350 858 1375 ,
888 1308 954 1359 de
984 1320 1091 1375 quo
1120 1305 1256 1357 alius
1283 1301 1572 1356 erubescit.
1603 1298 1783 1353 Pudor
1809 1298 1950 1352 enim
1981 1306 2063 1350 est

471 1404 677 1458 nescire
726 1414 948 1461 amare,
1001 1406 1055 1449 et
1099 1404 1368 1448 amantem
1420 1407 1525 1446 non
1575 1406 1735 1444 omne
1766 1388 2061 1457 periculum

470 1498 619 1550 adire
660 1494 945 1561 onmiaquc
979 1489 1182 1559 perpeti
1216 1502 1309 1557 pro
1338 1486 1568 1540 dilectis.
1598 1484 1734 1538 Cum
1763 1482 1943 1536 omnia
1985 1480 2066 1534 di-

474 1606 577 1655 eo,
608 1605 673 1642 ne
705 1595 858 1657 putes
904 1600 987 1639 me
1014 1599 1075 1637 ca
1124 1597 1241 1652 qua:
1286 1590 1409 1635 sunt
1440 1579 1597 1633 noxia
1643 1578 1868 1641 dicere;
1922 1585 1980 1629 ut
2022 1575 2066 1626 si

474 1685 594 1752 quis
622 1681 837 1744 dixerit,
863 1693 922 1733 se
944 1676 1127 1747 juveni
1154 1690 1311 1745 opem
1342 1673 1483 1729 ferre
1506 1681 1563 1726 ut
1591 1672 1824 1741 potiatur
1850 1668 2022 1723 amica
2050 1685 2063 1730 ;

473 1786 563 1828 aut
590 1776 634 1829 si
661 1773 781 1843 quis
800 1770 942 1825 aliud
969 1769 1241 1840 quidpiam
1269 1767 1588 1822 damnosum
1619 1765 1792 1818 facere
1813 1763 2064 1832 postulet.

470 1866 601 1920 Nam
650 1864 739 1934 qui
786 1864 905 1916 talis
952 1872 1036 1915 est
1068 1876 1175 1914 non
1206 1860 1420 1927 diligit;
1452 1866 1507 1913 et
1553 1856 1656 1911 hoc
1700 1871 1872 1923 nuper
1915 1854 2068 1907 vobis

472 1959 680 2014 ostendi
713 1972 779 2009 ex
809 1955 1057 2024 Aigyptia
1101 1952 1347 2005 muliere.
1383 1948 1513 2003 Nam
1548 1948 1636 2001 ille
1676 1947 1825 1999 stilus
1852 1945 2023 2016 diligit
2051 1988 2065 2010 ,

474 2049 564 2118 qui
596 2065 657 2103 ea
685 2064 806 2117 qua:
836 2045 1032 2099 dilecto
1065 2042 1210 2095 utilia
1250 2050 1377 2094 sunt
1401 2039 1594 2109 quaerit
1622 2058 1633 2091 :
1672 2040 1740 2091 ita
1768 2048 1824 2091 ιιι
1864 2039 1905 2090 si
1950 2037 2069 2107 quis

479 2141 580 2193 hoc
603 2141 801 2191 bonum
833 2152 938 2187 non
972 2140 1229 2197 venetur,
1262 2131 1472 2185 etiamsi
1499 2129 1802 2185 sexcenties
1829 2129 1971 2181 dicat
2009 2143 2069 2182 se

476 2231 732 2298 diligere,
765 2226 1105 2279 inimicorum
1132 2222 1374 2277 omnium
1407 2222 1475 2275 sit
1521 2220 1944 2274 inimicissimus.
1980 2218 2069 2272 Sic

476 2333 531 2375 et
558 2320 684 2376 olim
730 2319 988 2383 Rebecca,
1013 2317 1137 2385 quia
1167 2315 1320 2371 valde
1344 2330 1371 2369 a
1404 2313 1514 2368 ﬁlio
1559 2313 1846 2382 pendebat,
1877 2322 1931 2366 ct
1963 2311 2071 2365 fur-

481 2423 593 2466 tum
617 2411 742 2465 fecit
771 2420 823 2465 et
854 2424 956 2461 non
992 2390 1302 2463 erubuit.ne
1330 2404 1831 2475 deprehenderetur
1852 2445 1866 2465 ,
1899 2418 2072 2471 neque

480 2503 655 2556 timuit
688 2517 703 2563 ;
740 2515 912 2568 neque
942 2500 1085 2553 enim
1116 2499 1238 2553 leve
1272 2495 1572 2568 periculum
1598 2502 1750 2558 erat;
1783 2494 1875 2548 sed
1910 2494 2071 2547 etiam

486 2597 596 2650 tilio
650 2604 981 2665 repugnante
1031 2602 1087 2646 et
1136 2590 1316 2645 verbis
1361 2604 1483 2642 cum
1537 2587 1627 2642 illa
1669 2586 2027 2643 contendente
2057 2629 2070 2650 ,

479 2687 613 2741 dixit
637 2705 651 2740 :
678 2686 743 2739 In
776 2702 853 2737 me
878 2684 941 2737 sit
970 2682 1259 2735 maledictio
1283 2692 1403 2744 tua,
1433 2680 1514 2748 ﬁli
1542 2678 1693 2751 (Gen.
1723 2678 1813 2733 27.
1852 2678 1962 2749 15).

552 2778 603 2829 5.
638 2775 881 2830 Vidistin‘
913 2773 1072 2828 etiam
1099 2777 1150 2825 in
1182 2772 1403 2825 muliere
1424 2773 1659 2825 animum
1686 2770 2071 2841 apostolicum?

482 2865 613 2920 Nam
639 2869 777 2919 sicut
820 2866 1021 2934 Optavit
1050 2864 1247 2919 Paulus
1288 2865 1371 2933 (si
1414 2865 1532 2933 quis
1562 2878 1784 2931 parvum
1812 2877 1931 2916 cum
1961 2877 2072 2915 ma.

480 2973 588 3027 gno
616 2956 889 3024 conferat)
925 2970 1019 3023 pro
1048 2953 1249 3008 Judaeis
1276 2953 1560 3006 anathema
1585 2967 1705 3006 esse
1743 2969 1756 3007 :
1783 2954 1861 3006 sic
1904 2961 1960 3006 et
1988 2953 2075 3006 illa

484 3062 540 3106 ut
576 3051 715 3105 ﬁlius
759 3047 1187 3110 benediceretur,
1216 3046 1380 3099 etiam
1409 3045 1653 3098 maledici
1682 3042 2074 3098 consentiebat.

493 3146 555 3198 Et
585 3144 658 3197 illi
687 3142 902 3212 quidem
960 3139 1112 3195 bonis
1158 3137 1421 3201 cedebat;
1466 3152 1572 3189 non
1628 3138 1770 3191 enim
1819 3152 1942 3191 cum
1986 3136 2077 3190 illo

484 3235 914 3291 benedictionem
944 3240 1225 3300 acceptura
1258 3238 1407 3289 erat;
1471 3230 1609 3281 mala
1639 3238 1817 3282 autem
1845 3228 1957 3297 ipsa
1986 3244 2078 3281 so—

489 3333 538 3383 la
561 3329 827 3381 sustinere
862 3334 1043 3394 parata
1072 3334 1189 3378 erat
1219 3342 1232 3378 :
1265 3334 1500 3377 attamen
1528 3322 1791 3392 gaudebat
1837 3333 1891 3377 et
1926 3338 2080 3392 urge-

492 3425 600 3487 bat,
625 3431 677 3476 et
706 3421 806 3474 hoc
827 3435 946 3472 cum
979 3426 1183 3471 tantum
1207 3417 1513 3470 immineret
1539 3415 1854 3484 periculum,
1886 3424 1939 3468 et
1966 3429 2080 3467 mo-

491 3528 603 3565 ram
646 3528 790 3581 :rgre
823 3512 1044 3564 terebat.
1078 3508 1324 3564 Timebat
1367 3509 1531 3571 enim,
1567 3525 1633 3563 ne
1660 3508 1704 3561 si
1732 3508 2082 3577 prteveuisset

494 3605 656 3667 Esau,
708 3618 896 3657 vanam
930 3602 1045 3671 ejus
1078 3602 1327 3655 redderet
1371 3601 1707 3670 sapientiam.
1756 3601 1881 3655 Ideo
1921 3602 2081 3655 etiam

494 3696 656 3751 verba
686 3695 738 3748 in
771 3695 1145 3763 cmupcudium
1178 3694 1365 3761 redigit
1391 3702 1443 3746 et
1476 3702 1627 3761 urget
1661 3691 2081 3757 adolescentem,

496 3800 545 3842 et
595 3798 882 3859 postquam
912 3787 1179 3855 prioribus
1212 3786 1587 3839 contradicere
1611 3786 1771 3849 sivit,
1821 3788 2083 3838 rationem

494 3879 648 3934 affeit
671 3895 788 3947 quae
812 3878 1039 3931 sufﬁciat
1068 3876 1131 3929 ad
1161 3876 1611 3946 persuadendum.
1634 3874 1814 3945 Neque
1835 3877 1977 3931 enim
2006 3876 2087 3928 tli-

494 3974 600 4033 xit,
630 3968 850 4024 Frustra
885 3971 1000 4023 lucc
1028 3969 1195 4035 dicis,
1229 3980 1281 4023 et
1307 3972 1426 4025 sine
1470 3986 1631 4023 causa
1679 3969 1873 4023 metuis
1897 4011 1912 4034 ,
1962 3985 2085 4023 cum

496 4074 646 4133 pater
675 4071 795 4116 tuus
817 4062 1157 4116 c0ttsenuerit
1176 4073 1233 4116 et
1254 4063 1402 4117 claro
1424 4078 1585 4117 sensu
1608 4064 1674 4115 sit
1708 4063 1969 4131 privatas;
1994 4061 2089 4115 sed

496 4154 655 4224 quid?
684 4153 751 4207 In
797 4170 875 4207 me
901 4156 964 4207 sit
1006 4156 1295 4209 maledictio
1340 4166 1445 4220 tua,
1473 4156 1589 4221 fili:
1622 4164 1824 4207 tantum
1874 4169 1986 4207 rem
2036 4163 2091 4207 et

505 4248 695 4303 drama
721 4262 789 4302 ne
815 4250 1024 4316 perdas,
1078 4262 1251 4316 neque
1279 4256 1524 4300 venatum
1553 4244 1767 4298 amittas
1789 4287 1803 4310 ,
1848 4259 1947 4299 nec
1975 4244 2091 4298 lbe-

508 4359 723 4395 saurum
774 4342 986 4410 prodas.
1035 4340 1152 4409 Ipse
1183 4353 1311 4393 vero
1349 4337 1516 4393 Jacob
1543 4353 1721 4391 annon
1752 4336 1851 4391 fuit
1879 4352 2082 4392 merce—

509 4435 690 4489 uarius
719 4432 857 4501 apud
886 4439 1167 4501 cognatum
1191 4431 1271 4485 bis
1301 4439 1504 4499 septem
1533 4430 1744 4484 annos?
1771 4444 1948 4483 annon
1970 4444 2090 4483 cum

512 4515 790 4588 servitute,
824 4523 980 4577 etiam
1011 4538 1106 4590 pro
1135 4522 1222 4575 illa
1256 4522 1461 4575 fallacia
1498 4521 1625 4574 risui
1653 4520 1803 4574 erat?
1834 4520 1971 4587 Quid
2004 4536 2093 4573 er-

514 4618 619 4683 go?
643 4630 768 4668 num
783 4629 943 4668 sensu
963 4613 1187 4667 affectus
1209 4612 1371 4668 estob
1386 4610 1589 4665 risum?
1610 4626 1735 4663 num
1760 4627 1818 4665 se
1843 4611 2095 4664 indecore

523 4722 677 4774 agere
702 4708 922 4775 putavit,
946 4706 1089 4775 quod
1117 4705 1251 4760 liber
1280 4721 1399 4758 cum
1415 4714 1557 4757 esset
1583 4712 1718 4758 etex
1737 4704 1921 4759 liberis
1943 4714 2097 4758 natus

521 4810 583 4850 ac
606 4797 894 4850 liberaliter
910 4796 1187 4861 educatus,
1214 4812 1331 4865 qua:
1350 4810 1628 4848 servorum
1650 4804 1803 4849 erant
1826 4810 2014 4864 passus
2030 4795 2100 4847 sit

521 4903 548 4940 a
578 4889 857 4957 cognatis?
886 4888 1028 4958 quod
1059 4890 1289 4942 maxime
1319 4888 1567 4942 mordere
1595 4887 1733 4941 solet
1773 4902 1893 4942 cum
1924 4887 2045 4956 quis
2070 4900 2098 4937 a

520 4978 659 5035 nmis
705 4978 817 5031 suis
842 4980 1227 5034 contumeliose
1257 4982 1451 5049 agitur.
1504 4979 1851 5049 Nequaquam
1890 4998 1904 5032 :
1939 4994 2097 5032 causa

521 5079 697 5125 autem
724 5078 840 5121 erat
859 5067 1094 5132 dilectio,
1118 5084 1237 5137 quze
1265 5080 1493 5137 tempus,
1524 5070 1833 5123 diuturnum
1864 5084 1985 5122 cum
2011 5084 2101 5123 es-

522 5171 625 5227 set,
649 5159 915 5215 modicum
947 5157 1075 5212 illud
1096 5157 1401 5211 exhibebat.
1436 5159 1599 5212 Erant
1622 5161 1776 5219 enim.
1808 5158 1997 5227 inquit,
2050 5160 2102 5211 in

520 5261 788 5323 conspectu
816 5251 925 5319 ejus
949 5248 1091 5316 quasi
1116 5249 1223 5300 dies
1258 5248 1407 5316 pauci
1432 5247 1584 5315 (Gen.
1613 5248 1700 5303 29.
1724 5249 1840 5317 20).
1872 5250 2099 5302 Tantum

529 5348 712 5397 aberat
743 5350 801 5396 ut
828 5338 1164 5394 morderetur
1180 5346 1234 5390 et
1250 5337 1595 5399 erubesceret
1613 5337 1679 5390 de
1699 5339 1797 5391 hac
1820 5340 2101 5391 servitute.

532 5436 655 5489 iure
675 5450 803 5503 ergo
823 5416 1034 5486 dicebat
1058 5431 1243 5484 beatus
1267 5429 1461 5483 Paulus
1495 5448 1507 5481 :
1539 5428 1737 5485 Caritas
1756 5448 1855 5483 non
1874 5432 2106 5499 indecore

532 5529 673 5596 agit:
714 5542 813 5582 non
839 5523 1019 5594 quierit
1049 5536 1163 5591 qua!
1186 5538 1279 5575 sua
1295 5532 1432 5585 sunt,
1458 5537 1559 5574 non
1587 5522 1835 5575 irritatur.
1862 5521 1995 5575 Cum
2028 5522 2107 5576 di-

534 5623 694 5675 xisset
720 5620 884 5678 enim,
905 5633 1007 5670 non
1028 5615 1260 5669 indecore
1275 5616 1399 5684 agit,
1430 5613 1647 5667 modum
1673 5611 1834 5667 etiam
1850 5614 2105 5677 ostendit,

535 5725 641 5780 quo
672 5694 775 5765 non
805 5709 1050 5763 indecore
1075 5707 1203 5778 agit.
1234 5704 1364 5773 Quis
1409 5714 1584 5759 autem
1618 5704 1807 5761 modus
1846 5705 1934 5761 ille
1978 5714 2058 5759 est
2085 5710 2106 5755 tt

1191 276 1243 331 S.
1284 274 1562 330 JOANNIS
1600 267 2079 327 (ιιιιιγδυςτυιιι
2116 269 2432 325 ARCIIIEP.
2475 256 3005 333 CONSTANTINUP.

3657 284 3758 338 230

2173 386 2312 453 Quia
2345 403 2445 439 non
2469 390 2651 457 qua’rit
2678 406 2795 467 quae
2830 407 2923 445 sua
2948 402 3083 446 sunt.
3122 392 3383 449 Dilectum
3410 398 3552 451 enim
3582 403 3757 452 omnia

2174 475 2274 529 sibi
2305 492 2424 531 esse
2451 488 2623 548 putat,
2656 493 2708 535 et
2732 490 2858 536 tunc
2887 482 3139 537 indecore
3169 499 3229 538 se
3256 499 3416 555 agere
3443 497 3613 554 putat,
3638 503 3757 542 cum

2174 586 2279 623 non
2300 581 2476 639 potest
2503 574 2649 626 illum
2686 575 2939 629 indecore
2961 585 3203 643 agentem
3238 578 3503 645 liberare;
3534 580 3604 633 ita
3636 590 3692 633 ut
3718 584 3759 631 si

2170 660 2355 715 liceret
2385 678 2479 730 per
2506 664 2738 721 dedecus
2767 682 2921 720 suum
2950 667 3205 722 dilectum
3235 682 3389 723 suum
3414 671 3623 741 juvare,
3656 688 3760 726 ttOn

2169 753 2295 806 illud
2324 754 2560 811 dedecus
2587 772 2709 812 esse
2740 769 2953 828 putaret
2984 776 2997 813 :
3024 761 3114 816 ille
3139 778 3373 832 namque
3399 765 3486 820 hic
3516 767 3631 836 ipse
3654 778 3757 822 est.

2169 844 2278 901 lloc
2299 850 2828 915 estenimamicitia,
2874 868 2996 906 cum
3038 854 3083 906 is
3121 856 3211 922 qui
3242 855 3435 925 diligit,
3488 867 3543 913 et
3594 859 3638 913 is
3672 875 3761 928 qut

2168 936 2428 1007 diligitur,
2456 956 2562 995 non
2590 942 2696 995 duo
2724 941 2879 997 divisi
2909 952 3053 1010 sunt,
3088 945 3181 999 sed
3214 960 3350 1001 unus
3378 948 3544 1004 homo
3574 966 3588 1003 :
3621 953 3761 1019 quod

2170 1044 2274 1082 non
2322 1032 2559 1098 aliunde,
2601 1034 2695 1087 sed
2746 1049 2774 1087 a
2802 1036 3028 1091 caritate
3058 1037 3171 1091 sola
3198 1038 3453 1096 efﬁcitur.
3510 1039 3587 1096 Ne
3636 1057 3765 1107 ergo

2169 1134 2377 1187 quaeras
2408 1122 2549 1191 quod
2579 1133 2725 1176 tuum
2750 1136 2870 1190 est,
2930 1136 2987 1179 ιιι
3020 1127 3261 1183 invenias
3305 1131 3447 1198 quod
3480 1141 3626 1185 tuum
3657 1144 3762 1190 est.

2170 1210 2267 1277 Qui
2295 1214 2436 1266 enim
2474 1215 2615 1283 quod
2644 1230 2800 1270 suum
2829 1228 2907 1272 est
2936 1221 3150 1287 quierit,
3181 1222 3322 1290 quod
3354 1236 3508 1276 suum
3539 1234 3621 1277 est
3658 1242 3764 1278 non

2172 1302 2393 1357 invenit.
2420 1303 2542 1360 ldeo
2568 1306 2764 1362 Paulus
2779 1308 3011 1373 dicebat,
3045 1310 3211 1366 Nemo
3239 1326 3433 1381 qua'rat
3458 1317 3593 1384 quod
3618 1334 3766 1370 suum

2172 1403 2264 1457 est,
2294 1396 2380 1447 sed
2408 1398 2749 1467 unusquisque
2774 1401 2909 1469 quod
2941 1404 3161 1470 proximi
3183 1414 3252 1457 est
3279 1407 3357 1475 (l.
3383 1404 3503 1461 Cor.
3534 1408 3622 1463 10.
3646 1408 3764 1477 24).

2172 1484 2393 1555 Propria
2432 1489 2575 1542 enim
2605 1491 2807 1544 utilitas
2837 1494 2888 1545 in
2939 1494 3170 1549 utilitate
3203 1498 3430 1564 proximi
3460 1500 3559 1552 sita
3587 1511 3691 1565 est,
3714 1513 3770 1555 et

2174 1580 2313 1635 illius
2360 1582 2560 1636 utilitas
2588 1585 2638 1637 in
2667 1585 2782 1655 illa.
2814 1586 3279 1654 Quemadmodum
3305 1606 3434 1660 ergo
3463 1594 3506 1646 si
3535 1594 3655 1662 quis
3675 1611 3770 1647 an-

2174 1685 2290 1723 rum
2322 1672 2594 1739 proprium
2626 1675 2678 1726 in
2705 1673 2867 1727 domo
2900 1678 3127 1743 proximi
3158 1679 3436 1735 defossum
3468 1683 3692 1749 habens,
3726 1686 3769 1737 si

2176 1759 2267 1813 illo
2298 1762 2515 1815 veniens
2544 1762 2594 1816 id
2614 1780 2859 1832 quaerere
2883 1775 2935 1820 et
2959 1767 3217 1824 defodere
3240 1775 3592 1839 recusaverit,
3617 1791 3773 1829 num-

2175 1867 2335 1921 quam
2358 1853 2532 1923 ipsum
2563 1855 2764 1910 videbit
2794 1876 2806 1910 :
2831 1859 2910 1913 sic
2935 1861 3027 1930 qui
3059 1876 3164 1916 non
3196 1864 3311 1917 vult
3332 1864 3385 1918 in
3416 1866 3643 1933 proximi
3668 1869 3773 1922 uti-

2176 1944 2323 2001 litate
2341 1962 2492 2001 suam
2519 1949 2802 2004 utilitatem
2836 1968 3101 2021 quaerere,
3135 1971 3365 2011 coronas
3392 1957 3517 2013 huic
3558 1960 3634 2014 rei
3687 1966 3777 2015 de-

2177 2035 2314 2091 bitas
2344 2053 2451 2091 non
2484 2050 2867 2109 consequetur.
2911 2043 3122 2099 Etenim
3169 2046 3311 2101 Deus
3358 2047 3481 2103 ideo
3522 2048 3654 2103 illud
3702 2050 3773 2103 ita

2175 2129 2462 2199 disposuit,
2499 2142 2556 2186 ut
2597 2134 2763 2187 simus
2796 2146 2983 2191 mutuo
2999 2138 3262 2208 colligati.
3295 2141 3369 2195 Ac
3403 2141 3543 2196 sicut
3584 2143 3629 2196 si
3655 2142 3774 2211 quis

2177 2236 2401 2289 puerum
2435 2225 2857 2279 somniculosum
2886 2230 3151 2295 excitans,
3180 2230 3477 2287 utfratrem
3495 2244 3773 2303 sequatur;

2177 2314 2220 2365 si
2252 2328 2315 2366 ex
2349 2328 2407 2366 se
2443 2314 2611 2379 nolit,
2641 2316 2782 2385 quod
2818 2319 2917 2386 ipsi
2947 2318 3306 2375 desiderabile
3333 2332 3388 2377 et
3413 2325 3773 2393 expetendum

2179 2414 2263 2459 est
2295 2405 2456 2460 tradit
2487 2406 2634 2461 fratri
2656 2450 2669 2469 ,
2701 2410 3087 2480 utaccipieudi
3110 2414 3404 2483 cupiditate
3429 2432 3552 2472 eum
3580 2418 3671 2488 qui
3701 2428 3773 2471 te'

2181 2505 2273 2551 net
2313 2509 2571 2566 sequatur
2598 2541 2610 2559 .
2644 2500 2787 2570 quod
2815 2502 2975 2557 etiam
3017 2503 3250 2560 efﬁcitur
3279 2525 3291 2560 :
3324 2507 3393 2560 ita
3422 2519 3478 2563 et
3520 2509 3605 2563 hic
3634 2514 3773 2579 quod

2184 2590 2466 2660 unicuique
2491 2593 2617 2646 utile
2648 2604 2750 2658 est,
2788 2595 3031 2661 proximo
3061 2598 3300 2663 tradidit,
3322 2609 3379 2653 ιιι
3402 2599 3526 2654 hinc
3548 2601 3685 2656 alter
3709 2604 3774 2655 ad

2181 2682 2407 2737 alterum
2436 2700 2801 2748 accurramus,
2838 2698 2892 2741 ct
2922 2704 2990 2742 nc
3016 2690 3187 2744 simus
3212 2691 3431 2745 divulsi.
3459 2693 3525 2746 Et
3544 2694 3589 2748 si
3620 2694 3772 2752 velis.

2182 2772 2284 2827 hoc
2316 2784 2370 2829 et
2418 2777 2469 2828 ιιι
2498 2777 2650 2829 nobis
2678 2778 2799 2833 vide
2818 2779 2908 2846 qui
2940 2779 3208 2848 loquimur
3241 2798 3253 2833 :
3288 2783 3429 2849 quod
3458 2784 3602 2838 enim
3643 2785 3773 2838 mihi

2184 2864 2315 2919 utile
2343 2866 2523 2931 est,in
2556 2876 2606 2921 te
2636 2868 2799 2922 situm
2830 2878 2932 2932 est,
2977 2883 3030 2922 et
3057 2870 3199 2941 quod
3235 2872 3328 2925 tibi
3361 2874 3491 2927 utile
3514 2914 3531 2939 ,
3570 2876 3628 2928 in
3660 2891 3773 2929 me.

2185 2956 2303 3011 Tibi
2335 2958 2477 3012 enim
2511 2959 2639 3014 utile
2669 2969 2837 3015 estut
2862 2960 3113 3016 doceas-is
3145 2978 3205 3017 ea
3234 2979 3353 3032 qua:
3390 2964 3503 3019 Deo
3533 2966 3773 3035 placent;

2184 3047 2279 3103 sed
2311 3048 2426 3104 haec
2452 3064 2579 3104 cura
2606 3051 2736 3105 mihi
2757 3052 2959 3107 credita
2984 3051 3102 3119 fuit,
3123 3065 3179 3108 ut
3204 3062 3258 3109 tu
3278 3069 3308 3108 a
3337 3070 3424 3110 me
3451 3055 3501 3109 id
3522 3058 3776 3127 accipias,

2186 3141 2414 3210 ideoque
2442 3153 2660 3198 coactus
2708 3145 2783 3198 sis
2835 3146 2901 3199 ad
2935 3162 3020 3201 me
3045 3161 3329 3203 accurrere
3361 3166 3375 3202 :
3408 3159 3463 3204 ct
3490 3150 3617 3205 mihi
3652 3134 3777 3205 uiile

2186 3244 2271 3289 est
2297 3244 2351 3289 ut
2377 3245 2429 3287 tu
2462 3238 2651 3289 melior
2670 3236 2954 3303 efﬁciaris;
2988 3254 3231 3309 magnam
3261 3241 3406 3295 enim
3425 3241 3546 3296 inde
3576 3258 3781 3298 merce-

2188 3327 2310 3381 dem
2340 3329 2629 3398 accipiant;
2660 3329 2751 3383 sed
2773 3328 2875 3383 hoc
2894 3345 3077 3385 rursus
3101 3332 3152 3385 in
3180 3342 3231 3386 te
3257 3334 3415 3386 silum
3440 3344 3541 3399 est,
3572 3345 3628 3390 et
3658 3336 3779 3391 ideo

2192 3428 2243 3472 te
2286 3420 2544 3487 consequi
2581 3435 2765 3488 cogor,
2802 3430 2933 3476 utet
2964 3430 3019 3475 tu
3048 3422 3239 3477 melior
3261 3424 3357 3488 sis,
3388 3432 3445 3478 et
3488 3440 3588 3495 ego
3635 3430 3777 3496 quoil

2192 3510 2321 3562 mihi
2374 3510 2503 3563 utile
2534 3520 2616 3564 est
2644 3526 2673 3563 a
2711 3521 2762 3565 te
2807 3512 3089 3581 accipiam.
3136 3512 3263 3568 ideo
3300 3513 3511 3569 dicebat
3562 3514 3778 3579 Paulus,

2194 3604 2321 3668 Qua:
2341 3606 2473 3657 enim
2500 3620 2611 3657 mea
2637 3621 2751 3672 spes
2769 3606 2884 3659 est?
2917 3622 3086 3660 annon
3117 3622 3203 3660 vos
3221 3608 3246 3659 9
3271 3616 3324 3661 ει
3368 3622 3555 3663 rursus
3578 3650 3594 3675 ,
3653 3609 3782 3680 Spes

2191 3711 2322 3760 mea,
2343 3696 2584 3764 gaudium
2598 3706 2834 3756 meum,ct
2850 3713 3037 3749 corona
3052 3697 3370 3768 gloriatiom's
3385 3714 3507 3753 mete
3518 3698 3566 3769 (Ι
3581 3738 3594 3751 .
3605 3698 3778 3753 Thess.

2190 3786 2247 3839 2.
2276 3787 2361 3839 l9.
2392 3786 2505 3855 ‘20).
2542 3785 2723 3854 Itaque
2762 3785 2913 3838 Pauli
2950 3786 3201 3854 gaudium
3245 3786 3486 3856 discipuli
3515 3796 3691 3852 erant,
3730 3800 3784 3843 et

2193 3878 2361 3946 ipsius
2400 3879 2651 3947 gaudium
2694 3877 2765 3931 illi
2800 3878 3086 3932 habebant.
3112 3878 3235 3933 Ideo
3261 3880 3423 3933 etiam
3454 3880 3784 3951 lacrymaba-

2197 3980 2302 4032 tur,
2336 3970 2379 4022 si
2403 3972 2934 4039 quandopereuntes
2968 3971 3195 4037 videret.
3230 3971 3463 4026 Rursum
3506 3972 3649 4042 quod
3680 3972 3784 4027 illis

2198 4062 2346 4122 utile,
2396 4063 2446 4113 in
2504 4059 2668 4114 Paulo
2697 4071 2813 4115 erat
2862 4078 2875 4113 :
2925 4073 3207 4130 propterea
3257 4062 3647 4117 dicebat:Pro
3699 4081 3786 4133 spe

2199 4155 2409 4209 lsraelis
2452 4156 2643 4208 cinctus
2671 4171 2783 4207 sum
2828 4154 2923 4208 hac
2956 4166 3134 4208 catena
3163 4155 3297 4226 (Act.
3315 4156 3406 4211 28.
3430 4154 3556 4225 20);
3583 4164 3637 4210 et
3661 4173 3785 4210 rur-

2200 4261 2341 4311 sum,
2371 4244 2493 4300 Ηατ
2545 4247 2710 4313 patior
2753 4256 2957 4316 promer
3004 4247 3204 4313 electos,
3236 4257 3289 4300 ut
3340 4248 3495 4300 vitam
3547 4257 3786 4301 aternam

2201 4348 2570 4408 consequantur
2594 4338 2672 4408 (2.
2702 4336 2832 4390 Tim.
2862 4338 2918 4390 2.
2946 4337 3061 4405 10).
3093 4338 3204 4391 Hoc
3229 4338 3388 4392 etiam
3418 4337 3602 4394 videre
3626 4341 3786 4394 estin

2204 4428 2267 4481 iis
2293 4444 2413 4497 quae
2440 4428 2504 4481 ad
2546 4429 2707 4481 vitam
2739 4429 3007 4496 pertinent
3041 4447 3052 4481 :
3088 4444 3209 4482 nam
3234 4429 3329 4492 ait,
3368 4428 3557 4483 Mulier
3596 4432 3794 4499 proprii

2202 4521 2428 4588 corporis
2473 4529 2763 4587 potestatem
2816 4537 2916 4574 non
2948 4521 3115 4587 habet,
3149 4539 3306 4591 neque
3327 4523 3439 4584 vir;
3482 4521 3568 4575 sed
3608 4521 3790 4573 mulier

2206 4612 2319 4676 viri,
2348 4621 2392 4663 et
2418 4610 2493 4663 rir
2520 4612 2744 4664 mulieris
2771 4612 2847 4683 (Ι.
2876 4610 2999 4666 Cor.
3034 4613 3086 4664 7.
3121 4612 3199 4683 4).
3227 4613 3299 4667 Ita
3324 4622 3379 4668 et
3402 4628 3500 4669 nos
3524 4627 3645 4667 cum
3688 4613 3787 4667 ali-

2206 4716 2342 4771 quos
2370 4699 2626 4771 colligare
2658 4702 2926 4767 volumus,
2956 4702 3059 4757 boc
3097 4701 3318 4757 faciams
3350 4720 3363 4755 :
3397 4704 3667 4759 neminem
3708 4704 3788 4758 sui

2208 4795 2483 4847 dominum
2514 4792 2888 4861 relinquimus.
2919 4792 3013 4846 sed
3046 4793 3277 4848 mediam
3326 4795 3675 4851 extendentes
3701 4810 3777 4851 car

2210 4896 2408 4948 tenam,
2442 4884 2493 4938 id
2520 4883 2802 4941 efficimus.
2852 4894 2908 4938 ut
2938 4884 3025 4940 hic
3058 4885 3126 4941 ab
3174 4886 3265 4940 illo
3290 4894 3346 4941 et
3369 4887 3458 4941 ille
3486 4886 3555 4938 ab
3586 4889 3688 4942 hoc
3715 4897 3791 4943 te-

2207 4988 2418 5033 neatur.
2446 4976 2537 5031 Vis
2568 4976 2669 5031 ltoc
2696 4977 2859 5031 etiam
2910 4976 3095 5031 videre
3133 4977 3185 5030 in
3213 4976 3652 5045 magistratibus?
3690 4978 3788 5046 Qui

2205 5072 2427 5141 judicat,
2476 5086 2581 5124 non
2622 5070 2775 5124 sedet
2812 5069 2916 5124 sibi
2955 5069 3226 5137 judicans,
3257 5066 3353 5121 sed
3377 5082 3623 5136 quterens
3647 5069 3788 5140 quod

2212 5162 2453 5229 proximo
2503 5159 2765 5214 conferat.
2822 5158 3027 5210 Rursus
3076 5156 3169 5224 qui
3217 5155 3323 5211 illis
3379 5156 3576 5213 subditi
3628 5169 3791 5218 sunt.

2210 5250 2353 5318 quod
2404 5250 2629 5319 principi
2680 5247 2921 5301 conferat
2971 5254 3235 5314 quaerunt,
3286 5261 3382 5317 per
3420 5249 3644 5313 cultum,
3696 5263 3793 5315 per

2212 5340 2570 5395 ministerium
2623 5350 2824 5407 perque
2864 5335 2967 5389 alia
3015 5336 3215 5391 omnia.
3261 5337 3459 5393 Milites
3507 5350 3605 5406 pro
3638 5338 3792 5392 nobis

2214 5446 2360 5485 arma
2382 5437 2629 5492 sumunt;
2655 5438 2874 5497 propter
2894 5441 2993 5481 nos
3016 5428 3157 5483 enim
3181 5429 3417 5498 pericula
3434 5426 3665 5482 adeunt:
3692 5444 3791 5484 nos

2214 5538 2311 5593 pro
2352 5523 2457 5577 illis
2487 5519 2698 5575 labores
2742 5519 3099 5590 suscipimus;
3130 5535 3161 5575 a
3187 5519 3341 5575 nobis
3368 5518 3514 5574 enim
3554 5519 3789 5575 aluntur.

2285 5619 2339 5671 ι.
2381 5614 2577 5667 Caritas
2613 5629 2645 5665 a
2687 5610 2856 5667 Paulo
2893 5614 3294 5668 commendatur.
3314 5640 3383 5652 —
3407 5610 3463 5667 Si
3495 5621 3674 5668 autem
3702 5613 3780 5669 di-

2220 5709 2380 5775 xeris,
2413 5720 2845 5779 unumquemque
2868 5722 2963 5763 sua
2991 5714 3317 5778 qumrentetn
3336 5703 3438 5764 hoc
3463 5703 3659 5769 facere.
3690 5707 3789 5763 hoc
