  <div class='ocr_page' id='page_1' title='image "/cluster/home/n/w/nwhite01/storage/ocr_20150623/61/nnc1.0022379681/288.png"; bbox 0 0 4038 6216; ppageno 0'>
   <div class='ocr_carea' id='block_1_1' title="bbox 218 337 321 396">
    <p class='ocr_par' dir='ltr' id='par_1_1' title="bbox 218 337 321 396">
     <span class='ocr_line' id='line_1_1' title="bbox 218 337 321 396; baseline 0.029 -5"><span class='ocrx_word' id='word_1_1' title='bbox 218 337 321 396; x_wconf 72' lang='lat'>279</span> 
     </span>
    </p>
   </div>
   <div class='ocr_carea' id='block_1_2' title="bbox 215 452 1797 528">
    <p class='ocr_par' dir='ltr' id='par_1_2' title="bbox 215 452 1797 528">
     <span class='ocr_line' id='line_1_2' title="bbox 215 452 1797 528; baseline -0.005 -18"><span class='ocrx_word' id='word_1_2' title='bbox 215 460 310 511; x_wconf 76' lang='grc' dir='ltr'>καὶ</span> <span class='ocrx_word' id='word_1_3' title='bbox 335 457 431 527; x_wconf 82' lang='grc' dir='ltr'>τῆς</span> <span class='ocrx_word' id='word_1_4' title='bbox 462 456 728 527; x_wconf 77' lang='grc' dir='ltr'>τεκούσης</span> <span class='ocrx_word' id='word_1_5' title='bbox 782 474 842 510; x_wconf 87' lang='grc' dir='ltr'>σε</span> <span class='ocrx_word' id='word_1_6' title='bbox 893 459 1099 528; x_wconf 82' lang='grc' dir='ltr'>μητρὸς</span> <span class='ocrx_word' id='word_1_7' title='bbox 1132 457 1260 520; x_wconf 80' lang='grc' dir='ltr'>ξῶν.</span> <span class='ocrx_word' id='word_1_8' title='bbox 1310 456 1375 508; x_wconf 89' lang='grc' dir='ltr'>Τί</span> <span class='ocrx_word' id='word_1_9' title='bbox 1402 452 1529 519; x_wconf 78' lang='grc' dir='ltr'>οὖν;</span> <span class='ocrx_word' id='word_1_10' title='bbox 1558 453 1797 525; x_wconf 75' lang='grc' dir='ltr'>ἦλγησεν</span> 
     </span>
    </p>
   </div>
   <div class='ocr_carea' id='block_1_3' title="bbox 215 535 1798 610">
    <p class='ocr_par' dir='ltr' id='par_1_3' title="bbox 215 535 1798 610">
     <span class='ocr_line' id='line_1_3' title="bbox 215 535 1798 610; baseline -0.005 -17"><span class='ocrx_word' id='word_1_11' title='bbox 215 542 311 593; x_wconf 78' lang='grc' dir='ltr'>ἐπὶ</span> <span class='ocrx_word' id='word_1_12' title='bbox 336 539 542 603; x_wconf 81' lang='grc' dir='ltr'>τούτοις</span> <span class='ocrx_word' id='word_1_13' title='bbox 571 541 663 592; x_wconf 68' lang='grc' dir='ltr'>καὶ</span> <span class='ocrx_word' id='word_1_14' title='bbox 693 540 1081 610; x_wconf 69' lang='grc' dir='ltr'>ἐνεκαλύψατο,</span> <span class='ocrx_word' id='word_1_15' title='bbox 1118 540 1213 591; x_wconf 67' lang='grc' dir='ltr'>καί</span> <span class='ocrx_word' id='word_1_16' title='bbox 1243 537 1456 607; x_wconf 81' lang='grc' dir='ltr'>ἀπέστη</span> <span class='ocrx_word' id='word_1_17' title='bbox 1486 536 1583 591; x_wconf 88' lang='grc' dir='ltr'>τοῦ</span> <span class='ocrx_word' id='word_1_18' title='bbox 1616 535 1798 604; x_wconf 85' lang='grc' dir='ltr'>φιλου-</span> 
     </span>
    </p>
   </div>
   <div class='ocr_carea' id='block_1_4' title="bbox 219 617 1801 694">
    <p class='ocr_par' dir='ltr' id='par_1_4' title="bbox 219 617 1801 694">
     <span class='ocr_line' id='line_1_4' title="bbox 219 617 1801 694; baseline -0.005 -18"><span class='ocrx_word' id='word_1_19' title='bbox 219 624 422 690; x_wconf 85' lang='grc' dir='ltr'>μένου;</span> <span class='ocrx_word' id='word_1_20' title='bbox 466 622 791 677; x_wconf 81' lang='grc' dir='ltr'>Τούναντίον</span> <span class='ocrx_word' id='word_1_21' title='bbox 822 626 918 694; x_wconf 82' lang='grc' dir='ltr'>μὲν</span> <span class='ocrx_word' id='word_1_22' title='bbox 946 620 1039 677; x_wconf 83' lang='grc' dir='ltr'>οὖν</span> <span class='ocrx_word' id='word_1_23' title='bbox 1076 624 1237 685; x_wconf 80' lang='grc' dir='ltr'>ἀπαν,</span> <span class='ocrx_word' id='word_1_24' title='bbox 1272 622 1366 673; x_wconf 70' lang='grc' dir='ltr'>καὶ</span> <span class='ocrx_word' id='word_1_25' title='bbox 1396 617 1801 681; x_wconf 77' lang='grc' dir='ltr'>ἐκαλλωπίζετο</span> 
     </span>
    </p>
   </div>
   <div class='ocr_carea' id='block_1_5' title="bbox 213 699 1801 777">
    <p class='ocr_par' dir='ltr' id='par_1_5' title="bbox 213 699 1801 777">
     <span class='ocr_line' id='line_1_5' title="bbox 213 699 1801 777; baseline 0.022 -18"><span class='ocrx_word' id='word_1_26' title='bbox 213 708 296 777; x_wconf 80' lang='grc' dir='ltr'>τῷ</span> <span class='ocrx_word' id='word_1_27' title='bbox 330 707 566 776; x_wconf 77' lang='grc' dir='ltr'>φίλτρῳ·</span> <span class='ocrx_word' id='word_1_28' title='bbox 621 707 798 759; x_wconf 87' lang='grc' dir='ltr'>καίτοι</span> <span class='ocrx_word' id='word_1_29' title='bbox 836 725 900 773; x_wconf 85' lang='grc' dir='ltr'>γε</span> <span class='ocrx_word' id='word_1_30' title='bbox 948 710 976 760; x_wconf 70' lang='grc' dir='ltr'><strong>ὁ</strong></span> <span class='ocrx_word' id='word_1_31' title='bbox 1017 708 1114 777; x_wconf 71' lang='grc' dir='ltr'>μὲν</span> <span class='ocrx_word' id='word_1_32' title='bbox 1152 704 1403 773; x_wconf 53' lang='grc' dir='ltr'>βασιλεῖὺς</span> <span class='ocrx_word' id='word_1_33' title='bbox 1431 699 1500 773; x_wconf 69' lang='grc' dir='ltr'>ἦν</span> <span class='ocrx_word' id='word_1_34' title='bbox 1526 704 1669 765; x_wconf 73' lang='grc' dir='ltr'>τότε’</span> <span class='ocrx_word' id='word_1_35' title='bbox 1706 704 1801 753; x_wconf 47' lang='grc' dir='ltr'>καὶ</span> 
     </span>
    </p>
   </div>
   <div class='ocr_carea' id='block_1_6' title="bbox 218 784 1803 859">
    <p class='ocr_par' dir='ltr' id='par_1_6' title="bbox 218 784 1803 859">
     <span class='ocr_line' id='line_1_6' title="bbox 218 784 1803 859; baseline -0.006 -15"><span class='ocrx_word' id='word_1_36' title='bbox 218 790 487 859; x_wconf 71' lang='grc' dir='ltr'>βασιλέως</span> <span class='ocrx_word' id='word_1_37' title='bbox 545 791 658 853; x_wconf 82' lang='grc' dir='ltr'>υίὸς</span> <span class='ocrx_word' id='word_1_38' title='bbox 682 793 709 843; x_wconf 89' lang='grc' dir='ltr'>ὁ</span> <span class='ocrx_word' id='word_1_39' title='bbox 751 790 1024 850; x_wconf 84' lang='grc' dir='ltr'>Ίωνάθαν,</span> <span class='ocrx_word' id='word_1_40' title='bbox 1059 792 1087 841; x_wconf 90' lang='lat'>6</span> <span class='ocrx_word' id='word_1_41' title='bbox 1116 789 1171 841; x_wconf 80' lang='grc' dir='ltr'>δὲ</span> <span class='ocrx_word' id='word_1_42' title='bbox 1208 787 1383 856; x_wconf 79' lang='grc' dir='ltr'>φυγὰς</span> <span class='ocrx_word' id='word_1_43' title='bbox 1418 787 1513 839; x_wconf 64' lang='grc' dir='ltr'>καὶ¹</span> <span class='ocrx_word' id='word_1_44' title='bbox 1542 784 1748 853; x_wconf 79' lang='grc' dir='ltr'>ἀλήτης</span> <span class='ocrx_word' id='word_1_45' title='bbox 1777 786 1803 834; x_wconf 84' lang='grc' dir='ltr'>ὁ</span> 
     </span>
    </p>
   </div>
   <div class='ocr_carea' id='block_1_7' title="bbox 182 868 1799 941">
    <p class='ocr_par' dir='ltr' id='par_1_7' title="bbox 182 868 1799 941">
     <span class='ocr_line' id='line_1_7' title="bbox 182 868 1799 941; baseline -0.004 -15"><span class='ocrx_word' id='word_1_46' title='bbox 182 931 185 935; x_wconf 42' lang='grc'>,</span> <span class='ocrx_word' id='word_1_47' title='bbox 214 873 398 927; x_wconf 81' lang='grc' dir='ltr'>Δαυῖδ.</span> <span class='ocrx_word' id='word_1_48' title='bbox 441 873 579 925; x_wconf 78' lang='grc' dir='ltr'>Ἀλλ’</span> <span class='ocrx_word' id='word_1_49' title='bbox 608 874 727 926; x_wconf 83' lang='grc' dir='ltr'>οὐδέ</span> <span class='ocrx_word' id='word_1_50' title='bbox 752 874 923 936; x_wconf 76' lang='grc' dir='ltr'>οὕτως</span> <span class='ocrx_word' id='word_1_51' title='bbox 956 871 1217 941; x_wconf 79' lang='grc' dir='ltr'>ᾐσχύνετο</span> <span class='ocrx_word' id='word_1_52' title='bbox 1254 870 1420 921; x_wconf 82' lang='grc' dir='ltr'>αὐτοῦ</span> <span class='ocrx_word' id='word_1_53' title='bbox 1447 872 1512 938; x_wconf 84' lang='grc' dir='ltr'>τῇ</span> <span class='ocrx_word' id='word_1_54' title='bbox 1549 868 1721 939; x_wconf 75' lang='grc' dir='ltr'>φιλίᾳ·</span> <span class='ocrx_word' id='word_1_55' title='bbox 1768 870 1799 937; x_wconf 77' lang='grc' dir='ltr'>ἡ</span> 
     </span>
    </p>
   </div>
   <div class='ocr_carea' id='block_1_8' title="bbox 214 951 1798 1028">
    <p class='ocr_par' dir='ltr' id='par_1_8' title="bbox 214 951 1798 1028">
     <span class='ocr_line' id='line_1_8' title="bbox 214 951 1798 1028; baseline -0.004 -20"><span class='ocrx_word' id='word_1_56' title='bbox 214 958 325 1028; x_wconf 71' lang='grc' dir='ltr'>γὰρ</span> <span class='ocrx_word' id='word_1_57' title='bbox 351 958 540 1026; x_wconf 81' lang='grc' dir='ltr'>ἀγάπη</span> <span class='ocrx_word' id='word_1_58' title='bbox 568 958 669 1009; x_wconf 83' lang='grc' dir='ltr'>οὐκ</span> <span class='ocrx_word' id='word_1_59' title='bbox 695 954 1137 1025; x_wconf 83' lang='grc' dir='ltr'>ἀσχημονεῖ.Κα“ι</span> <span class='ocrx_word' id='word_1_60' title='bbox 1162 954 1270 1022; x_wconf 79' lang='grc' dir='ltr'>γὰρ</span> <span class='ocrx_word' id='word_1_61' title='bbox 1296 953 1356 1004; x_wconf 87' lang='grc' dir='ltr'>τὸ</span> <span class='ocrx_word' id='word_1_62' title='bbox 1382 951 1693 1020; x_wconf 76' lang='grc' dir='ltr'>θαυμαστὸν</span> <span class='ocrx_word' id='word_1_63' title='bbox 1710 952 1798 1003; x_wconf 69' lang='grc' dir='ltr'>αὐρ</span> 
     </span>
    </p>
   </div>
   <div class='ocr_carea' id='block_1_9' title="bbox 214 1034 1799 1107">
    <p class='ocr_par' dir='ltr' id='par_1_9' title="bbox 214 1034 1799 1107">
     <span class='ocr_line' id='line_1_9' title="bbox 214 1034 1799 1107; baseline -0.006 -13"><span class='ocrx_word' id='word_1_64' title='bbox 214 1041 315 1107; x_wconf 81' lang='grc' dir='ltr'>τῆς</span> <span class='ocrx_word' id='word_1_65' title='bbox 347 1039 504 1092; x_wconf 81' lang='grc' dir='ltr'>τοῦτό</span> <span class='ocrx_word' id='word_1_66' title='bbox 535 1043 702 1103; x_wconf 85' lang='grc' dir='ltr'>ἐστιν,</span> <span class='ocrx_word' id='word_1_67' title='bbox 738 1041 819 1093; x_wconf 83' lang='grc' dir='ltr'>ὅτι</span> <span class='ocrx_word' id='word_1_68' title='bbox 861 1037 952 1091; x_wconf 85' lang='grc' dir='ltr'>τὸν</span> <span class='ocrx_word' id='word_1_69' title='bbox 1003 1036 1359 1106; x_wconf 82' lang='grc' dir='ltr'>ὑϐριζόμενον</span> <span class='ocrx_word' id='word_1_70' title='bbox 1396 1036 1457 1086; x_wconf 83' lang='grc' dir='ltr'>οὐ</span> <span class='ocrx_word' id='word_1_71' title='bbox 1514 1035 1673 1103; x_wconf 89' lang='grc' dir='ltr'>μόνον</span> <span class='ocrx_word' id='word_1_72' title='bbox 1699 1034 1799 1085; x_wconf 88' lang='grc' dir='ltr'>οὐκ</span> 
     </span>
    </p>
   </div>
   <div class='ocr_carea' id='block_1_10' title="bbox 215 1118 1799 1191">
    <p class='ocr_par' dir='ltr' id='par_1_10' title="bbox 215 1118 1799 1191">
     <span class='ocr_line' id='line_1_10' title="bbox 215 1118 1799 1191; baseline -0.003 -18"><span class='ocrx_word' id='word_1_73' title='bbox 215 1123 443 1191; x_wconf 78' lang='grc' dir='ltr'>ἀφίησιν</span> <span class='ocrx_word' id='word_1_74' title='bbox 475 1122 661 1189; x_wconf 79' lang='grc' dir='ltr'>ἀλγεῖν</span> <span class='ocrx_word' id='word_1_75' title='bbox 694 1122 813 1175; x_wconf 83' lang='grc' dir='ltr'>οὐδὲ</span> <span class='ocrx_word' id='word_1_76' title='bbox 831 1120 1145 1182; x_wconf 87' lang='grc' dir='ltr'>δάκνεσθαι,</span> <span class='ocrx_word' id='word_1_77' title='bbox 1171 1120 1306 1173; x_wconf 86' lang='grc' dir='ltr'>ἀλλά</span> <span class='ocrx_word' id='word_1_78' title='bbox 1339 1120 1433 1171; x_wconf 76' lang='grc' dir='ltr'>καὶ</span> <span class='ocrx_word' id='word_1_79' title='bbox 1460 1118 1671 1188; x_wconf 83' lang='grc' dir='ltr'>χαίρειν</span> <span class='ocrx_word' id='word_1_80' title='bbox 1698 1134 1799 1169; x_wconf 81' lang='grc' dir='ltr'>πα-</span> 
     </span>
    </p>
   </div>
   <div class='ocr_carea' id='block_1_11' title="bbox 220 1198 1799 1274">
    <p class='ocr_par' dir='ltr' id='par_1_11' title="bbox 220 1198 1799 1274">
     <span class='ocr_line' id='line_1_11' title="bbox 220 1198 1799 1274; baseline -0.005 -17"><span class='ocrx_word' id='word_1_81' title='bbox 220 1205 570 1273; x_wconf 80' lang='grc' dir='ltr'>ρασκευάζει.</span> <span class='ocrx_word' id='word_1_82' title='bbox 623 1206 721 1257; x_wconf 86' lang='grc' dir='ltr'>Διά</span> <span class='ocrx_word' id='word_1_83' title='bbox 767 1205 830 1274; x_wconf 83' lang='grc' dir='ltr'>δὴ</span> <span class='ocrx_word' id='word_1_84' title='bbox 877 1203 1036 1256; x_wconf 90' lang='grc' dir='ltr'>τοῦτο</span> <span class='ocrx_word' id='word_1_85' title='bbox 1086 1204 1180 1256; x_wconf 70' lang='grc' dir='ltr'>καὶ</span> <span class='ocrx_word' id='word_1_86' title='bbox 1216 1203 1421 1264; x_wconf 89' lang='grc' dir='ltr'>ἐκεῖνος</span> <span class='ocrx_word' id='word_1_87' title='bbox 1459 1200 1599 1270; x_wconf 86' lang='grc' dir='ltr'>μετά</span> <span class='ocrx_word' id='word_1_88' title='bbox 1626 1198 1799 1252; x_wconf 84' lang='grc' dir='ltr'>ταῦτα</span> 
     </span>
    </p>
   </div>
   <div class='ocr_carea' id='block_1_12' title="bbox 217 1281 1799 1357">
    <p class='ocr_par' dir='ltr' id='par_1_12' title="bbox 217 1281 1799 1357">
     <span class='ocr_line' id='line_1_12' title="bbox 217 1281 1799 1357; baseline -0.006 -18"><span class='ocrx_word' id='word_1_89' title='bbox 217 1288 455 1350; x_wconf 73' lang='grc' dir='ltr'>ἅπαντα,</span> <span class='ocrx_word' id='word_1_90' title='bbox 484 1287 672 1357; x_wconf 83' lang='grc' dir='ltr'>ῶσπερ</span> <span class='ocrx_word' id='word_1_91' title='bbox 708 1286 970 1354; x_wconf 86' lang='grc' dir='ltr'>στέφανον</span> <span class='ocrx_word' id='word_1_92' title='bbox 1001 1285 1400 1356; x_wconf 86' lang='grc' dir='ltr'>περικείμενος,</span> <span class='ocrx_word' id='word_1_93' title='bbox 1430 1283 1602 1344; x_wconf 73' lang='grc' dir='ltr'>οὕτως</span> <span class='ocrx_word' id='word_1_94' title='bbox 1636 1281 1799 1334; x_wconf 79' lang='grc' dir='ltr'>ἀπελ-</span> 
     </span>
    </p>
   </div>
   <div class='ocr_carea' id='block_1_13' title="bbox 215 1364 1797 1441">
    <p class='ocr_par' dir='ltr' id='par_1_13' title="bbox 215 1364 1797 1441">
     <span class='ocr_line' id='line_1_13' title="bbox 215 1364 1797 1441; baseline -0.005 -19"><span class='ocrx_word' id='word_1_95' title='bbox 215 1369 330 1422; x_wconf 86' lang='grc' dir='ltr'>θὼν</span> <span class='ocrx_word' id='word_1_96' title='bbox 361 1370 660 1441; x_wconf 84' lang='grc' dir='ltr'>περιεχύθη</span> <span class='ocrx_word' id='word_1_97' title='bbox 703 1368 780 1437; x_wconf 87' lang='grc' dir='ltr'>τῷ</span> <span class='ocrx_word' id='word_1_98' title='bbox 813 1369 994 1421; x_wconf 84' lang='grc' dir='ltr'>Δαυῖδ.</span> <span class='ocrx_word' id='word_1_99' title='bbox 1021 1369 1095 1420; x_wconf 89' lang='grc' dir='ltr'>Οὐ</span> <span class='ocrx_word' id='word_1_100' title='bbox 1131 1368 1242 1437; x_wconf 80' lang='grc' dir='ltr'>γάρ</span> <span class='ocrx_word' id='word_1_101' title='bbox 1270 1364 1376 1419; x_wconf 82' lang='grc' dir='ltr'>οἶδε</span> <span class='ocrx_word' id='word_1_102' title='bbox 1407 1365 1457 1418; x_wconf 90' lang='grc' dir='ltr'>τί</span> <span class='ocrx_word' id='word_1_103' title='bbox 1493 1366 1621 1417; x_wconf 89' lang='grc' dir='ltr'>ποτέ</span> <span class='ocrx_word' id='word_1_104' title='bbox 1651 1366 1797 1415; x_wconf 79' lang='grc' dir='ltr'>ἐστιν</span> 
     </span>
    </p>
   </div>
   <div class='ocr_carea' id='block_1_14' title="bbox 216 1449 1795 1523">
    <p class='ocr_par' dir='ltr' id='par_1_14' title="bbox 216 1449 1795 1523">
     <span class='ocr_line' id='line_1_14' title="bbox 216 1449 1795 1523; baseline -0.008 -16"><span class='ocrx_word' id='word_1_105' title='bbox 216 1452 370 1523; x_wconf 75' lang='grc'>[502]</span> <span class='ocrx_word' id='word_1_106' title='bbox 400 1453 627 1521; x_wconf 78' lang='grc' dir='ltr'>αἰσχύνη</span> <span class='ocrx_word' id='word_1_107' title='bbox 663 1454 695 1522; x_wconf 84' lang='grc' dir='ltr'>ἠ</span> <span class='ocrx_word' id='word_1_108' title='bbox 727 1453 914 1520; x_wconf 88' lang='grc' dir='ltr'>ἀγάπη</span> <span class='ocrx_word' id='word_1_109' title='bbox 934 1466 947 1478; x_wconf 84' lang='grc'><em>’</em></span> <span class='ocrx_word' id='word_1_110' title='bbox 990 1451 1077 1504; x_wconf 87' lang='grc' dir='ltr'>διά</span> <span class='ocrx_word' id='word_1_111' title='bbox 1108 1452 1265 1504; x_wconf 82' lang='grc' dir='ltr'>τοῦτο</span> <span class='ocrx_word' id='word_1_112' title='bbox 1291 1450 1386 1503; x_wconf 74' lang='grc' dir='ltr'>καὶ</span> <span class='ocrx_word' id='word_1_113' title='bbox 1413 1449 1795 1517; x_wconf 73' lang='grc' dir='ltr'>φιλοτιμεῖται,</span> 
     </span>
    </p>
   </div>
   <div class='ocr_carea' id='block_1_15' title="bbox 216 1528 1795 1613">
    <p class='ocr_par' dir='ltr' id='par_1_15' title="bbox 216 1528 1795 1613">
     <span class='ocr_line' id='line_1_15' title="bbox 216 1528 1795 1613; baseline -0.004 -29"><span class='ocrx_word' id='word_1_114' title='bbox 216 1532 411 1603; x_wconf 77' lang='grc' dir='ltr'>ὲφ“οίς</span> <span class='ocrx_word' id='word_1_115' title='bbox 454 1535 638 1605; x_wconf 77' lang='grc' dir='ltr'>ἕτερος</span> <span class='ocrx_word' id='word_1_116' title='bbox 677 1534 1097 1600; x_wconf 82' lang='grc' dir='ltr'>ἐγκαλύπτεται.</span> <span class='ocrx_word' id='word_1_117' title='bbox 1162 1533 1399 1613; x_wconf 77' lang='grc' dir='ltr'>Λίσχύνη</span> <span class='ocrx_word' id='word_1_118' title='bbox 1449 1530 1557 1599; x_wconf 90' lang='grc' dir='ltr'>γάρ</span> <span class='ocrx_word' id='word_1_119' title='bbox 1608 1528 1688 1613; x_wconf 17' lang='grc' dir='ltr'>τὸλ</span> <span class='ocrx_word' id='word_1_120' title='bbox 1722 1528 1795 1596; x_wconf 81' lang='grc' dir='ltr'>μή</span> 
     </span>
    </p>
   </div>
   <div class='ocr_carea' id='block_1_16' title="bbox 216 1611 1798 1686">
    <p class='ocr_par' dir='ltr' id='par_1_16' title="bbox 216 1611 1798 1686">
     <span class='ocr_line' id='line_1_16' title="bbox 216 1611 1798 1686; baseline -0.004 -18"><span class='ocrx_word' id='word_1_121' title='bbox 216 1617 417 1670; x_wconf 84' lang='grc' dir='ltr'>είδέναι</span> <span class='ocrx_word' id='word_1_122' title='bbox 452 1617 646 1685; x_wconf 78' lang='grc' dir='ltr'>φιλεῖν,</span> <span class='ocrx_word' id='word_1_123' title='bbox 675 1619 735 1671; x_wconf 90' lang='grc' dir='ltr'>οὐ</span> <span class='ocrx_word' id='word_1_124' title='bbox 768 1618 829 1671; x_wconf 88' lang='grc' dir='ltr'>τὸ</span> <span class='ocrx_word' id='word_1_125' title='bbox 866 1616 1122 1686; x_wconf 84' lang='grc' dir='ltr'>φιλοῦντα</span> <span class='ocrx_word' id='word_1_126' title='bbox 1151 1611 1476 1669; x_wconf 78' lang='grc' dir='ltr'>κινδυνεύειν</span> <span class='ocrx_word' id='word_1_127' title='bbox 1500 1613 1593 1665; x_wconf 77' lang='grc' dir='ltr'>καὶ</span> <span class='ocrx_word' id='word_1_128' title='bbox 1622 1611 1798 1663; x_wconf 80' lang='grc' dir='ltr'>πάντα</span> 
     </span>
    </p>
   </div>
   <div class='ocr_carea' id='block_1_17' title="bbox 216 1694 1796 1771">
    <p class='ocr_par' dir='ltr' id='par_1_17' title="bbox 216 1694 1796 1771">
     <span class='ocr_line' id='line_1_17' title="bbox 216 1694 1796 1771; baseline -0.006 -17"><span class='ocrx_word' id='word_1_129' title='bbox 216 1701 508 1771; x_wconf 84' lang='grc' dir='ltr'>ὑπομένειν</span> <span class='ocrx_word' id='word_1_130' title='bbox 528 1701 667 1769; x_wconf 85' lang='grc' dir='ltr'>ὐπέρ</span> <span class='ocrx_word' id='word_1_131' title='bbox 691 1701 798 1753; x_wconf 90' lang='grc' dir='ltr'>τῶν</span> <span class='ocrx_word' id='word_1_132' title='bbox 816 1701 1169 1771; x_wconf 86' lang='grc' dir='ltr'>φιλουμένων.</span> <span class='ocrx_word' id='word_1_133' title='bbox 1201 1700 1383 1751; x_wconf 85' lang='grc' dir='ltr'>Πάντα</span> <span class='ocrx_word' id='word_1_134' title='bbox 1404 1698 1459 1749; x_wconf 85' lang='grc' dir='ltr'>δὲ</span> <span class='ocrx_word' id='word_1_135' title='bbox 1481 1697 1607 1749; x_wconf 85' lang='grc' dir='ltr'>ὅταν</span> <span class='ocrx_word' id='word_1_136' title='bbox 1636 1694 1796 1755; x_wconf 82' lang='grc' dir='ltr'>εἴπω,</span> 
     </span>
    </p>
   </div>
   <div class='ocr_carea' id='block_1_18' title="bbox 220 1774 1795 1857">
    <p class='ocr_par' dir='ltr' id='par_1_18' title="bbox 220 1774 1795 1857">
     <span class='ocr_line' id='line_1_18' title="bbox 220 1774 1795 1857; baseline -0.004 -21"><span class='ocrx_word' id='word_1_137' title='bbox 220 1785 297 1854; x_wconf 83' lang='grc' dir='ltr'>μὴ</span> <span class='ocrx_word' id='word_1_138' title='bbox 328 1785 574 1857; x_wconf 78' lang='grc' dir='ltr'>νομίσῃς,</span> <span class='ocrx_word' id='word_1_139' title='bbox 602 1785 778 1837; x_wconf 76' lang='grc' dir='ltr'>καὶτὰ</span> <span class='ocrx_word' id='word_1_140' title='bbox 801 1784 1068 1852; x_wconf 83' lang='grc' dir='ltr'>ἐπιϐλαϐἦ</span> <span class='ocrx_word' id='word_1_141' title='bbox 1091 1782 1289 1849; x_wconf 84' lang='grc' dir='ltr'>λέγειν,</span> <span class='ocrx_word' id='word_1_142' title='bbox 1318 1774 1428 1832; x_wconf 71' lang='grc' dir='ltr'>οἷον</span> <span class='ocrx_word' id='word_1_143' title='bbox 1449 1779 1604 1842; x_wconf 79' lang='grc' dir='ltr'>εἴτις</span> <span class='ocrx_word' id='word_1_144' title='bbox 1626 1777 1795 1846; x_wconf 85' lang='grc' dir='ltr'>λέγοι,</span> 
     </span>
    </p>
   </div>
   <div class='ocr_carea' id='block_1_19' title="bbox 214 1861 1798 1938">
    <p class='ocr_par' dir='ltr' id='par_1_19' title="bbox 214 1861 1798 1938">
     <span class='ocr_line' id='line_1_19' title="bbox 214 1861 1798 1938; baseline -0.004 -18"><span class='ocrx_word' id='word_1_145' title='bbox 214 1868 325 1938; x_wconf 83' lang='grc' dir='ltr'>νέῳ</span> <span class='ocrx_word' id='word_1_146' title='bbox 357 1868 726 1937; x_wconf 80' lang='grc' dir='ltr'>συμπράττειν</span> <span class='ocrx_word' id='word_1_147' title='bbox 760 1871 839 1929; x_wconf 85' lang='grc' dir='ltr'>είς</span> <span class='ocrx_word' id='word_1_148' title='bbox 886 1867 1191 1937; x_wconf 80' lang='grc' dir='ltr'>ἐρωμένην,</span> <span class='ocrx_word' id='word_1_149' title='bbox 1226 1864 1257 1932; x_wconf 81' lang='grc' dir='ltr'>ἢ</span> <span class='ocrx_word' id='word_1_150' title='bbox 1298 1863 1461 1925; x_wconf 84' lang='grc' dir='ltr'>εἴτις</span> <span class='ocrx_word' id='word_1_151' title='bbox 1510 1861 1699 1931; x_wconf 72' lang='grc' dir='ltr'>ἕτερόν</span> <span class='ocrx_word' id='word_1_152' title='bbox 1746 1878 1798 1913; x_wconf 89' lang='grc' dir='ltr'>τι</span> 
     </span>
    </p>
   </div>
   <div class='ocr_carea' id='block_1_20' title="bbox 216 1944 1795 2017">
    <p class='ocr_par' dir='ltr' id='par_1_20' title="bbox 216 1944 1795 2017">
     <span class='ocr_line' id='line_1_20' title="bbox 216 1944 1795 2017; baseline -0.005 -12"><span class='ocrx_word' id='word_1_153' title='bbox 216 1952 512 2014; x_wconf 86' lang='grc' dir='ltr'>ἐπιϐλαϐὲς</span> <span class='ocrx_word' id='word_1_154' title='bbox 542 1950 683 2013; x_wconf 80' lang='grc' dir='ltr'>ἀξιοῖ</span> <span class='ocrx_word' id='word_1_155' title='bbox 724 1950 979 2002; x_wconf 60' lang='grc' dir='ltr'>διαναειν.</span> <span class='ocrx_word' id='word_1_156' title='bbox 1018 1950 1073 2000; x_wconf 88' lang='grc' dir='ltr'>Ὀ</span> <span class='ocrx_word' id='word_1_157' title='bbox 1120 1948 1227 2017; x_wconf 78' lang='grc' dir='ltr'>γὰρ</span> <span class='ocrx_word' id='word_1_158' title='bbox 1257 1946 1496 2009; x_wconf 82' lang='grc' dir='ltr'>τοιοῦτος</span> <span class='ocrx_word' id='word_1_159' title='bbox 1526 1947 1586 1998; x_wconf 88' lang='grc' dir='ltr'>οὐ</span> <span class='ocrx_word' id='word_1_160' title='bbox 1623 1944 1795 2013; x_wconf 88' lang='grc' dir='ltr'>φιλεῖ·</span> 
     </span>
    </p>
   </div>
   <div class='ocr_carea' id='block_1_21' title="bbox 215 2030 1801 2102">
    <p class='ocr_par' dir='ltr' id='par_1_21' title="bbox 215 2030 1801 2102">
     <span class='ocr_line' id='line_1_21' title="bbox 215 2030 1801 2102; baseline -0.004 -15"><span class='ocrx_word' id='word_1_161' title='bbox 215 2036 312 2088; x_wconf 76' lang='grc' dir='ltr'>καὶ</span> <span class='ocrx_word' id='word_1_162' title='bbox 337 2034 493 2086; x_wconf 89' lang='grc' dir='ltr'>τοῦτο</span> <span class='ocrx_word' id='word_1_163' title='bbox 523 2032 711 2102; x_wconf 83' lang='grc' dir='ltr'>πρῴην</span> <span class='ocrx_word' id='word_1_164' title='bbox 745 2033 871 2101; x_wconf 85' lang='grc' dir='ltr'>ὐμίν</span> <span class='ocrx_word' id='word_1_165' title='bbox 909 2030 1083 2095; x_wconf 77' lang='grc' dir='ltr'>ἔδειξα</span> <span class='ocrx_word' id='word_1_166' title='bbox 1112 2031 1220 2083; x_wconf 79' lang='grc' dir='ltr'>ἀπὸ</span> <span class='ocrx_word' id='word_1_167' title='bbox 1251 2031 1346 2100; x_wconf 79' lang='grc' dir='ltr'>τῆς</span> <span class='ocrx_word' id='word_1_168' title='bbox 1376 2030 1679 2098; x_wconf 78' lang='grc' dir='ltr'>Αἰγυπτίας</span> <span class='ocrx_word' id='word_1_169' title='bbox 1706 2045 1801 2095; x_wconf 85' lang='grc' dir='ltr'>γυ-</span> 
     </span>
    </p>
   </div>
   <div class='ocr_carea' id='block_1_22' title="bbox 214 2109 1803 2184">
    <p class='ocr_par' dir='ltr' id='par_1_22' title="bbox 214 2109 1803 2184">
     <span class='ocr_line' id='line_1_22' title="bbox 214 2109 1803 2184; baseline -0.005 -15"><span class='ocrx_word' id='word_1_170' title='bbox 214 2117 426 2177; x_wconf 86' lang='grc' dir='ltr'>ναικός.</span> <span class='ocrx_word' id='word_1_171' title='bbox 469 2115 580 2167; x_wconf 75' lang='grc' dir='ltr'>Καὶ</span> <span class='ocrx_word' id='word_1_172' title='bbox 612 2114 720 2184; x_wconf 89' lang='grc' dir='ltr'>γάρ</span> <span class='ocrx_word' id='word_1_173' title='bbox 750 2115 954 2176; x_wconf 86' lang='grc' dir='ltr'>ἐκεῖνος</span> <span class='ocrx_word' id='word_1_174' title='bbox 1009 2114 1168 2182; x_wconf 87' lang='grc' dir='ltr'>μόνος</span> <span class='ocrx_word' id='word_1_175' title='bbox 1218 2114 1363 2165; x_wconf 77' lang='grc' dir='ltr'>ἐστὶν</span> <span class='ocrx_word' id='word_1_176' title='bbox 1395 2114 1423 2164; x_wconf 92' lang='grc' dir='ltr'>ό</span> <span class='ocrx_word' id='word_1_177' title='bbox 1460 2111 1650 2179; x_wconf 89' lang='grc' dir='ltr'>φιλῶν,</span> <span class='ocrx_word' id='word_1_178' title='bbox 1679 2114 1707 2162; x_wconf 97' lang='lat'>6</span> <span class='ocrx_word' id='word_1_179' title='bbox 1733 2109 1803 2161; x_wconf 86' lang='grc' dir='ltr'>τά</span> 
     </span>
    </p>
   </div>
   <div class='ocr_carea' id='block_1_23' title="bbox 212 2193 1802 2270">
    <p class='ocr_par' dir='ltr' id='par_1_23' title="bbox 212 2193 1802 2270">
     <span class='ocr_line' id='line_1_23' title="bbox 212 2193 1802 2270; baseline -0.004 -19"><span class='ocrx_word' id='word_1_180' title='bbox 212 2201 567 2270; x_wconf 83' lang='grc' dir='ltr'>συμφέροντα</span> <span class='ocrx_word' id='word_1_181' title='bbox 597 2198 773 2268; x_wconf 81' lang='grc' dir='ltr'>ζητῶν</span> <span class='ocrx_word' id='word_1_182' title='bbox 811 2198 886 2269; x_wconf 85' lang='grc' dir='ltr'>τῷ</span> <span class='ocrx_word' id='word_1_183' title='bbox 942 2197 1248 2267; x_wconf 75' lang='grc' dir='ltr'>φιλουμένῳ</span> <span class='ocrx_word' id='word_1_184' title='bbox 1270 2216 1282 2227; x_wconf 84' lang='grc'>·</span> <span class='ocrx_word' id='word_1_185' title='bbox 1319 2198 1394 2259; x_wconf 76' lang='grc' dir='ltr'>ὡς</span> <span class='ocrx_word' id='word_1_186' title='bbox 1438 2194 1491 2248; x_wconf 80' lang='grc' dir='ltr'>εί</span> <span class='ocrx_word' id='word_1_187' title='bbox 1536 2213 1619 2258; x_wconf 90' lang='grc' dir='ltr'>τις</span> <span class='ocrx_word' id='word_1_188' title='bbox 1646 2193 1802 2246; x_wconf 88' lang='grc' dir='ltr'>τοῦτο</span> 
     </span>
    </p>
   </div>
   <div class='ocr_carea' id='block_1_24' title="bbox 216 2277 1799 2354">
    <p class='ocr_par' dir='ltr' id='par_1_24' title="bbox 216 2277 1799 2354">
     <span class='ocr_line' id='line_1_24' title="bbox 216 2277 1799 2354; baseline -0.004 -19"><span class='ocrx_word' id='word_1_189' title='bbox 216 2284 296 2354; x_wconf 82' lang='grc' dir='ltr'>μὴ</span> <span class='ocrx_word' id='word_1_190' title='bbox 349 2282 567 2354; x_wconf 84' lang='grc' dir='ltr'>θηρεύοι</span> <span class='ocrx_word' id='word_1_191' title='bbox 599 2282 658 2335; x_wconf 90' lang='lat'>16</span> <span class='ocrx_word' id='word_1_192' title='bbox 703 2282 885 2345; x_wconf 80' lang='grc' dir='ltr'>καλὸν,</span> <span class='ocrx_word' id='word_1_193' title='bbox 932 2281 1035 2335; x_wconf 75' lang='grc' dir='ltr'>κᾶν</span> <span class='ocrx_word' id='word_1_194' title='bbox 1095 2282 1359 2351; x_wconf 78' lang='grc' dir='ltr'>μυριάκις</span> <span class='ocrx_word' id='word_1_195' title='bbox 1409 2278 1543 2351; x_wconf 83' lang='grc' dir='ltr'>λέγῃ</span> <span class='ocrx_word' id='word_1_196' title='bbox 1603 2277 1799 2345; x_wconf 84' lang='grc' dir='ltr'>φιλεῖν,</span> 
     </span>
    </p>
   </div>
   <div class='ocr_carea' id='block_1_25' title="bbox 214 2361 1802 2437">
    <p class='ocr_par' dir='ltr' id='par_1_25' title="bbox 214 2361 1802 2437">
     <span class='ocr_line' id='line_1_25' title="bbox 214 2361 1802 2437; baseline -0.004 -18"><span class='ocrx_word' id='word_1_197' title='bbox 214 2366 427 2437; x_wconf 85' lang='grc' dir='ltr'>ἐχθρῶν</span> <span class='ocrx_word' id='word_1_198' title='bbox 462 2369 578 2419; x_wconf 89' lang='grc' dir='ltr'>ἐστι</span> <span class='ocrx_word' id='word_1_199' title='bbox 614 2365 1019 2435; x_wconf 82' lang='grc' dir='ltr'>πολεμιώτερος</span> <span class='ocrx_word' id='word_1_200' title='bbox 1048 2366 1285 2417; x_wconf 84' lang='grc' dir='ltr'>πάντων.</span> <span class='ocrx_word' id='word_1_201' title='bbox 1318 2362 1473 2415; x_wconf 78' lang='grc' dir='ltr'>Οὕτω</span> <span class='ocrx_word' id='word_1_202' title='bbox 1504 2364 1596 2415; x_wconf 76' lang='grc' dir='ltr'>καὶ</span> <span class='ocrx_word' id='word_1_203' title='bbox 1623 2364 1654 2431; x_wconf 80' lang='grc' dir='ltr'>ή</span> <span class='ocrx_word' id='word_1_204' title='bbox 1689 2361 1802 2413; x_wconf 75' lang='grc' dir='ltr'>Ῥεο</span> 
     </span>
    </p>
   </div>
   <div class='ocr_carea' id='block_1_26' title="bbox 215 2445 1804 2519">
    <p class='ocr_par' dir='ltr' id='par_1_26' title="bbox 215 2445 1804 2519">
     <span class='ocr_line' id='line_1_26' title="bbox 215 2445 1804 2519; baseline -0.006 -16"><span class='ocrx_word' id='word_1_205' title='bbox 215 2452 391 2503; x_wconf 78' lang='grc' dir='ltr'>ϐέκκα</span> <span class='ocrx_word' id='word_1_206' title='bbox 420 2451 570 2510; x_wconf 79' lang='grc' dir='ltr'>ποτὲ,</span> <span class='ocrx_word' id='word_1_207' title='bbox 604 2449 789 2519; x_wconf 79' lang='grc' dir='ltr'>ἐπειδὴ</span> <span class='ocrx_word' id='word_1_208' title='bbox 824 2449 1029 2518; x_wconf 88' lang='grc' dir='ltr'>σφόδρα</span> <span class='ocrx_word' id='word_1_209' title='bbox 1059 2448 1324 2516; x_wconf 77' lang='grc' dir='ltr'>ἐξήρτητο</span> <span class='ocrx_word' id='word_1_210' title='bbox 1346 2447 1439 2498; x_wconf 86' lang='grc' dir='ltr'>τοῦ</span> <span class='ocrx_word' id='word_1_211' title='bbox 1474 2445 1680 2507; x_wconf 80' lang='grc' dir='ltr'>παιδὸς,</span> <span class='ocrx_word' id='word_1_212' title='bbox 1710 2446 1804 2495; x_wconf 75' lang='grc' dir='ltr'>καὶ</span> 
     </span>
    </p>
   </div>
   <div class='ocr_carea' id='block_1_27' title="bbox 215 2527 1802 2603">
    <p class='ocr_par' dir='ltr' id='par_1_27' title="bbox 215 2527 1802 2603">
     <span class='ocr_line' id='line_1_27' title="bbox 215 2527 1802 2603; baseline -0.005 -17"><span class='ocrx_word' id='word_1_213' title='bbox 215 2534 424 2603; x_wconf 75' lang='grc' dir='ltr'>κλοπὴν</span> <span class='ocrx_word' id='word_1_214' title='bbox 458 2532 760 2603; x_wconf 81' lang='grc' dir='ltr'>είργάζετο,</span> <span class='ocrx_word' id='word_1_215' title='bbox 814 2532 906 2582; x_wconf 72' lang='grc' dir='ltr'>καὶ</span> <span class='ocrx_word' id='word_1_216' title='bbox 956 2530 1055 2581; x_wconf 85' lang='grc' dir='ltr'>οὐκ</span> <span class='ocrx_word' id='word_1_217' title='bbox 1096 2529 1359 2599; x_wconf 74' lang='grc' dir='ltr'>ᾐσχύνετο</span> <span class='ocrx_word' id='word_1_218' title='bbox 1400 2527 1474 2596; x_wconf 81' lang='grc' dir='ltr'>μὴ</span> <span class='ocrx_word' id='word_1_219' title='bbox 1514 2527 1648 2596; x_wconf 86' lang='grc' dir='ltr'>ἀλῷ,</span> <span class='ocrx_word' id='word_1_220' title='bbox 1681 2527 1802 2579; x_wconf 79' lang='grc' dir='ltr'>οὐδὲ</span> 
     </span>
    </p>
   </div>
   <div class='ocr_carea' id='block_1_28' title="bbox 214 2607 1799 2682">
    <p class='ocr_par' dir='ltr' id='par_1_28' title="bbox 214 2607 1799 2682">
     <span class='ocr_line' id='line_1_28' title="bbox 214 2607 1799 2682; baseline -0.004 -15"><span class='ocrx_word' id='word_1_221' title='bbox 214 2615 507 2668; x_wconf 75' lang='grc' dir='ltr'>ἐδεδοίκει·</span> <span class='ocrx_word' id='word_1_222' title='bbox 559 2615 651 2665; x_wconf 75' lang='grc' dir='ltr'>καὶ</span> <span class='ocrx_word' id='word_1_223' title='bbox 700 2613 805 2682; x_wconf 71' lang='grc' dir='ltr'>γὰρ</span> <span class='ocrx_word' id='word_1_224' title='bbox 856 2612 947 2663; x_wconf 65' lang='grc' dir='ltr'>καὶ</span> <span class='ocrx_word' id='word_1_225' title='bbox 978 2610 1224 2674; x_wconf 86' lang='grc' dir='ltr'>κίνδυνος</span> <span class='ocrx_word' id='word_1_226' title='bbox 1254 2607 1321 2681; x_wconf 82' lang='grc' dir='ltr'>ἧν</span> <span class='ocrx_word' id='word_1_227' title='bbox 1372 2611 1468 2679; x_wconf 84' lang='grc' dir='ltr'>οὐχ</span> <span class='ocrx_word' id='word_1_228' title='bbox 1521 2612 1549 2662; x_wconf 93' lang='lat'>6</span> <span class='ocrx_word' id='word_1_229' title='bbox 1586 2608 1799 2679; x_wconf 79' lang='grc' dir='ltr'>τυχών·</span> 
     </span>
    </p>
   </div>
   <div class='ocr_carea' id='block_1_29' title="bbox 216 2692 1799 2764">
    <p class='ocr_par' dir='ltr' id='par_1_29' title="bbox 216 2692 1799 2764">
     <span class='ocr_line' id='line_1_29' title="bbox 216 2692 1799 2764; baseline -0.004 -13"><span class='ocrx_word' id='word_1_230' title='bbox 216 2699 357 2752; x_wconf 86' lang='grc' dir='ltr'>ἀλλά</span> <span class='ocrx_word' id='word_1_231' title='bbox 389 2700 481 2751; x_wconf 77' lang='grc' dir='ltr'>καὶ</span> <span class='ocrx_word' id='word_1_232' title='bbox 514 2697 606 2750; x_wconf 92' lang='grc' dir='ltr'>τοῦ</span> <span class='ocrx_word' id='word_1_233' title='bbox 640 2697 826 2759; x_wconf 79' lang='grc' dir='ltr'>παιδὸς</span> <span class='ocrx_word' id='word_1_234' title='bbox 857 2694 1378 2764; x_wconf 85' lang='grc' dir='ltr'>ἀκριϐολογουμένου</span> <span class='ocrx_word' id='word_1_235' title='bbox 1430 2693 1565 2762; x_wconf 81' lang='grc' dir='ltr'>πρὸς</span> <span class='ocrx_word' id='word_1_236' title='bbox 1610 2692 1799 2762; x_wconf 81' lang='grc' dir='ltr'>αὐτὴν,</span> 
     </span>
    </p>
   </div>
   <div class='ocr_carea' id='block_1_30' title="bbox 228 2778 1518 2853">
    <p class='ocr_par' dir='ltr' id='par_1_30' title="bbox 228 2778 1518 2853">
     <span class='ocr_line' id='line_1_30' title="bbox 228 2778 1518 2853; baseline -0.003 -17"><span class='ocrx_word' id='word_1_237' title='bbox 228 2785 353 2836; x_wconf 77' lang='grc' dir='ltr'>Ἐπ’</span> <span class='ocrx_word' id='word_1_238' title='bbox 383 2783 488 2853; x_wconf 83' lang='grc' dir='ltr'>ἐμὲ</span> <span class='ocrx_word' id='word_1_239' title='bbox 522 2784 559 2851; x_wconf 80' lang='grc' dir='ltr'>ἡ</span> <span class='ocrx_word' id='word_1_240' title='bbox 600 2781 827 2850; x_wconf 79' lang='grc' dir='ltr'>κατάρα</span> <span class='ocrx_word' id='word_1_241' title='bbox 866 2797 1004 2845; x_wconf 91' lang='grc' dir='ltr'>σου,</span> <span class='ocrx_word' id='word_1_242' title='bbox 1036 2778 1275 2844; x_wconf 80' lang='grc' dir='ltr'>τέκνον,</span> <span class='ocrx_word' id='word_1_243' title='bbox 1310 2778 1518 2845; x_wconf 76' lang='grc' dir='ltr'>ἔλεγεν.</span> 
     </span>
    </p>
   </div>
   <div class='ocr_carea' id='block_1_31' title="bbox 291 2961 1819 3035">
    <p class='ocr_par' dir='ltr' id='par_1_31' title="bbox 291 2961 1819 3035">
     <span class='ocr_line' id='line_1_31' title="bbox 291 2961 1819 3035; baseline -0.005 -14"><span class='ocrx_word' id='word_1_244' title='bbox 291 2965 361 3035; x_wconf 65' lang='grc' dir='ltr'>γλ.</span> <span class='ocrx_word' id='word_1_245' title='bbox 379 2964 529 3028; x_wconf 73' lang='grc' dir='ltr'>Εἶδες</span> <span class='ocrx_word' id='word_1_246' title='bbox 548 2965 640 3018; x_wconf 76' lang='grc' dir='ltr'>καὶ</span> <span class='ocrx_word' id='word_1_247' title='bbox 660 2967 716 3017; x_wconf 82' lang='grc' dir='ltr'>ἐν</span> <span class='ocrx_word' id='word_1_248' title='bbox 743 2966 962 3031; x_wconf 71' lang='grc' dir='ltr'>γυναικὶ</span> <span class='ocrx_word' id='word_1_249' title='bbox 983 2961 1158 3032; x_wconf 74' lang='grc' dir='ltr'>ψυχὴν</span> <span class='ocrx_word' id='word_1_250' title='bbox 1179 2961 1544 3031; x_wconf 83' lang='grc' dir='ltr'>ἀποστολικήν</span> <span class='ocrx_word' id='word_1_251' title='bbox 1567 2978 1580 3026; x_wconf 91' lang='grc'><strong>;</strong></span> <span class='ocrx_word' id='word_1_252' title='bbox 1616 2961 1819 3014; x_wconf 84' lang='grc' dir='ltr'>Καθά-.</span> 
     </span>
    </p>
   </div>
   <div class='ocr_carea' id='block_1_32' title="bbox 216 3043 1805 3120">
    <p class='ocr_par' dir='ltr' id='par_1_32' title="bbox 216 3043 1805 3120">
     <span class='ocr_line' id='line_1_32' title="bbox 216 3043 1805 3120; baseline -0.005 -17"><span class='ocrx_word' id='word_1_253' title='bbox 216 3068 328 3120; x_wconf 73' lang='grc' dir='ltr'>’περ</span> <span class='ocrx_word' id='word_1_254' title='bbox 353 3048 461 3120; x_wconf 82' lang='grc' dir='ltr'>γὰρ</span> <span class='ocrx_word' id='word_1_255' title='bbox 480 3052 507 3102; x_wconf 89' lang='grc' dir='ltr'>ὁ</span> <span class='ocrx_word' id='word_1_256' title='bbox 529 3048 739 3109; x_wconf 81' lang='grc' dir='ltr'>Παῦλος</span> <span class='ocrx_word' id='word_1_257' title='bbox 768 3046 938 3099; x_wconf 75' lang='grc' dir='ltr'>εἵλετο</span> <span class='ocrx_word' id='word_1_258' title='bbox 964 3045 1058 3113; x_wconf 85' lang='grc' dir='ltr'>(ὡς</span> <span class='ocrx_word' id='word_1_259' title='bbox 1082 3044 1147 3097; x_wconf 79' lang='grc' dir='ltr'>ἂν</span> <span class='ocrx_word' id='word_1_260' title='bbox 1174 3046 1222 3096; x_wconf 84' lang='grc' dir='ltr'>εί</span> <span class='ocrx_word' id='word_1_261' title='bbox 1246 3043 1467 3112; x_wconf 84' lang='grc' dir='ltr'>μεγάλῳ</span> <span class='ocrx_word' id='word_1_262' title='bbox 1495 3061 1579 3106; x_wconf 92' lang='grc' dir='ltr'>τις</span> <span class='ocrx_word' id='word_1_263' title='bbox 1610 3043 1805 3113; x_wconf 84' lang='grc' dir='ltr'>μικρὸν</span> 
     </span>
    </p>
   </div>
   <div class='ocr_carea' id='block_1_33' title="bbox 216 3125 1806 3204">
    <p class='ocr_par' dir='ltr' id='par_1_33' title="bbox 216 3125 1806 3204">
     <span class='ocr_line' id='line_1_33' title="bbox 216 3125 1806 3204; baseline -0.005 -19"><span class='ocrx_word' id='word_1_264' title='bbox 216 3132 530 3204; x_wconf 81' lang='grc' dir='ltr'>παραϐάλοι</span> <span class='ocrx_word' id='word_1_265' title='bbox 562 3132 579 3200; x_wconf 96' lang='grc'>)</span> <span class='ocrx_word' id='word_1_266' title='bbox 609 3130 747 3196; x_wconf 81' lang='grc' dir='ltr'>ὑπὲρ</span> <span class='ocrx_word' id='word_1_267' title='bbox 782 3128 1049 3181; x_wconf 74' lang='grc' dir='ltr'>Ἰουδαίων</span> <span class='ocrx_word' id='word_1_268' title='bbox 1080 3127 1327 3197; x_wconf 84' lang='grc' dir='ltr'>ἀνάθεμα</span> <span class='ocrx_word' id='word_1_269' title='bbox 1352 3126 1629 3194; x_wconf 86' lang='grc' dir='ltr'>γενέσθαι,</span> <span class='ocrx_word' id='word_1_270' title='bbox 1663 3125 1806 3177; x_wconf 75' lang='grc' dir='ltr'>οὕτω</span> 
     </span>
    </p>
   </div>
   <div class='ocr_carea' id='block_1_34' title="bbox 216 3208 1806 3284">
    <p class='ocr_par' dir='ltr' id='par_1_34' title="bbox 216 3208 1806 3284">
     <span class='ocr_line' id='line_1_34' title="bbox 216 3208 1806 3284; baseline -0.006 -14"><span class='ocrx_word' id='word_1_271' title='bbox 216 3220 317 3271; x_wconf 73' lang='grc' dir='ltr'>καὶ</span> <span class='ocrx_word' id='word_1_272' title='bbox 352 3214 513 3284; x_wconf 80' lang='grc' dir='ltr'>αῦτη,</span> <span class='ocrx_word' id='word_1_273' title='bbox 551 3215 637 3266; x_wconf 86' lang='grc' dir='ltr'>ἴνα</span> <span class='ocrx_word' id='word_1_274' title='bbox 691 3215 718 3266; x_wconf 90' lang='lat'>6</span> <span class='ocrx_word' id='word_1_275' title='bbox 769 3214 898 3274; x_wconf 85' lang='grc' dir='ltr'>παῖς</span> <span class='ocrx_word' id='word_1_276' title='bbox 950 3211 1237 3280; x_wconf 80' lang='grc' dir='ltr'>εὐλογηθῇ,</span> <span class='ocrx_word' id='word_1_277' title='bbox 1295 3211 1387 3262; x_wconf 71' lang='grc' dir='ltr'>καὶ</span> <span class='ocrx_word' id='word_1_278' title='bbox 1431 3208 1806 3278; x_wconf 72' lang='grc' dir='ltr'>καταραθῆναι</span> 
     </span>
    </p>
   </div>
   <div class='ocr_carea' id='block_1_35' title="bbox 216 3290 1803 3363">
    <p class='ocr_par' dir='ltr' id='par_1_35' title="bbox 216 3290 1803 3363">
     <span class='ocr_line' id='line_1_35' title="bbox 216 3290 1803 3363; baseline -0.007 -11"><span class='ocrx_word' id='word_1_279' title='bbox 216 3301 415 3353; x_wconf 78' lang='grc' dir='ltr'>είλετο.</span> <span class='ocrx_word' id='word_1_280' title='bbox 448 3297 559 3352; x_wconf 72' lang='grc' dir='ltr'>Καὶ</span> <span class='ocrx_word' id='word_1_281' title='bbox 582 3297 687 3349; x_wconf 88' lang='grc' dir='ltr'>τῶν</span> <span class='ocrx_word' id='word_1_282' title='bbox 720 3295 818 3363; x_wconf 83' lang='grc' dir='ltr'>μέν</span> <span class='ocrx_word' id='word_1_283' title='bbox 857 3293 1080 3360; x_wconf 81' lang='grc' dir='ltr'>ἀγαθῶν</span> <span class='ocrx_word' id='word_1_284' title='bbox 1123 3292 1315 3362; x_wconf 83' lang='grc' dir='ltr'>ἐκείνῳ</span> <span class='ocrx_word' id='word_1_285' title='bbox 1347 3290 1692 3362; x_wconf 85' lang='grc' dir='ltr'>παρεχώρει·</span> <span class='ocrx_word' id='word_1_286' title='bbox 1744 3292 1803 3343; x_wconf 77' lang='grc' dir='ltr'>οὐ</span> 
     </span>
    </p>
   </div>
   <div class='ocr_carea' id='block_1_36' title="bbox 216 3374 1805 3452">
    <p class='ocr_par' dir='ltr' id='par_1_36' title="bbox 216 3374 1805 3452">
     <span class='ocr_line' id='line_1_36' title="bbox 216 3374 1805 3452; baseline -0.005 -18"><span class='ocrx_word' id='word_1_287' title='bbox 216 3382 333 3452; x_wconf 78' lang='grc' dir='ltr'>γὰρ</span> <span class='ocrx_word' id='word_1_288' title='bbox 361 3381 424 3451; x_wconf 77' lang='grc' dir='ltr'>δή</span> <span class='ocrx_word' id='word_1_289' title='bbox 461 3381 576 3449; x_wconf 76' lang='grc' dir='ltr'>μετ’</span> <span class='ocrx_word' id='word_1_290' title='bbox 604 3378 811 3430; x_wconf 88' lang='grc' dir='ltr'>ἐκείνου</span> <span class='ocrx_word' id='word_1_291' title='bbox 844 3375 1183 3443; x_wconf 85' lang='grc' dir='ltr'>εὐλογεῖσθαι</span> <span class='ocrx_word' id='word_1_292' title='bbox 1214 3374 1407 3445; x_wconf 74' lang='grc' dir='ltr'>ἔμελλε</span> <span class='ocrx_word' id='word_1_293' title='bbox 1434 3391 1445 3403; x_wconf 91' lang='grc'>·</span> <span class='ocrx_word' id='word_1_294' title='bbox 1484 3375 1552 3427; x_wconf 89' lang='grc' dir='ltr'>τά</span> <span class='ocrx_word' id='word_1_295' title='bbox 1575 3374 1631 3427; x_wconf 88' lang='grc' dir='ltr'>δέ</span> <span class='ocrx_word' id='word_1_296' title='bbox 1658 3375 1805 3427; x_wconf 79' lang='grc' dir='ltr'>κακά</span> 
     </span>
    </p>
   </div>
   <div class='ocr_carea' id='block_1_37' title="bbox 219 3457 1805 3533">
    <p class='ocr_par' dir='ltr' id='par_1_37' title="bbox 219 3457 1805 3533">
     <span class='ocr_line' id='line_1_37' title="bbox 219 3457 1805 3533; baseline -0.005 -14"><span class='ocrx_word' id='word_1_297' title='bbox 219 3465 363 3533; x_wconf 82' lang='grc' dir='ltr'>αὑτὴ</span> <span class='ocrx_word' id='word_1_298' title='bbox 421 3467 555 3532; x_wconf 82' lang='grc' dir='ltr'>μόνη</span> <span class='ocrx_word' id='word_1_299' title='bbox 607 3458 1051 3530; x_wconf 84' lang='grc' dir='ltr'>παρεσκευάζετο</span> <span class='ocrx_word' id='word_1_300' title='bbox 1094 3457 1424 3527; x_wconf 75' lang='grc' dir='ltr'>ὑπομένειν·</span> <span class='ocrx_word' id='word_1_301' title='bbox 1479 3459 1595 3511; x_wconf 88' lang='grc' dir='ltr'>ἀλλ’</span> <span class='ocrx_word' id='word_1_302' title='bbox 1656 3460 1805 3529; x_wconf 82' lang='grc' dir='ltr'>ὅμως</span> 
     </span>
    </p>
   </div>
   <div class='ocr_carea' id='block_1_38' title="bbox 220 3540 1804 3616">
    <p class='ocr_par' dir='ltr' id='par_1_38' title="bbox 220 3540 1804 3616">
     <span class='ocr_line' id='line_1_38' title="bbox 220 3540 1804 3616; baseline -0.005 -15"><span class='ocrx_word' id='word_1_303' title='bbox 220 3550 412 3616; x_wconf 79' lang='grc' dir='ltr'>ἔχαιρε</span> <span class='ocrx_word' id='word_1_304' title='bbox 466 3546 559 3597; x_wconf 74' lang='grc' dir='ltr'>καὶ</span> <span class='ocrx_word' id='word_1_305' title='bbox 593 3544 870 3611; x_wconf 78' lang='grc' dir='ltr'>ἠπείγετο,</span> <span class='ocrx_word' id='word_1_306' title='bbox 915 3543 1009 3593; x_wconf 76' lang='grc' dir='ltr'>καὶ</span> <span class='ocrx_word' id='word_1_307' title='bbox 1053 3540 1225 3593; x_wconf 88' lang='grc' dir='ltr'>ταῦτα</span> <span class='ocrx_word' id='word_1_308' title='bbox 1255 3543 1509 3594; x_wconf 85' lang='grc' dir='ltr'>τοσούτου</span> <span class='ocrx_word' id='word_1_309' title='bbox 1560 3542 1804 3595; x_wconf 83' lang='grc' dir='ltr'>κινδύνου</span> 
     </span>
    </p>
   </div>
   <div class='ocr_carea' id='block_1_39' title="bbox 222 3624 1806 3700">
    <p class='ocr_par' dir='ltr' id='par_1_39' title="bbox 222 3624 1806 3700">
     <span class='ocr_line' id='line_1_39' title="bbox 222 3624 1806 3700; baseline -0.011 -18"><span class='ocrx_word' id='word_1_310' title='bbox 222 3628 609 3700; x_wconf 81' lang='grc' dir='ltr'>προκειμένου,</span> <span class='ocrx_word' id='word_1_311' title='bbox 633 3626 728 3678; x_wconf 76' lang='grc' dir='ltr'>καὶ</span> <span class='ocrx_word' id='word_1_312' title='bbox 762 3626 825 3700; x_wconf 78' lang='grc' dir='ltr'>τῇ</span> <span class='ocrx_word' id='word_1_313' title='bbox 859 3624 1114 3693; x_wconf 88' lang='grc' dir='ltr'>μελλήσει</span> <span class='ocrx_word' id='word_1_314' title='bbox 1148 3624 1256 3674; x_wconf 85' lang='grc' dir='ltr'>τῶν</span> <span class='ocrx_word' id='word_1_315' title='bbox 1279 3624 1621 3693; x_wconf 84' lang='grc' dir='ltr'>πραγμάτων</span> <span class='ocrx_word' id='word_1_316' title='bbox 1650 3625 1806 3676; x_wconf 77' lang='grc' dir='ltr'>ὲδυσ-</span> 
     </span>
    </p>
   </div>
   <div class='ocr_carea' id='block_1_40' title="bbox 220 3705 1805 3783">
    <p class='ocr_par' dir='ltr' id='par_1_40' title="bbox 220 3705 1805 3783">
     <span class='ocr_line' id='line_1_40' title="bbox 220 3705 1805 3783; baseline -0.016 -18"><span class='ocrx_word' id='word_1_317' title='bbox 220 3714 464 3783; x_wconf 82' lang='grc' dir='ltr'>χέραινε.</span> <span class='ocrx_word' id='word_1_318' title='bbox 512 3708 621 3761; x_wconf 81' lang='grc' dir='ltr'>Καὶ</span> <span class='ocrx_word' id='word_1_319' title='bbox 676 3706 785 3777; x_wconf 78' lang='grc' dir='ltr'>γὰρ</span> <span class='ocrx_word' id='word_1_320' title='bbox 820 3705 1074 3758; x_wconf 82' lang='grc' dir='ltr'>ἐδεδοίκει</span> <span class='ocrx_word' id='word_1_321' title='bbox 1116 3706 1190 3775; x_wconf 85' lang='grc' dir='ltr'>μὴ</span> <span class='ocrx_word' id='word_1_322' title='bbox 1229 3705 1513 3775; x_wconf 75' lang='grc' dir='ltr'>προλαϐὼν</span> <span class='ocrx_word' id='word_1_323' title='bbox 1556 3708 1583 3758; x_wconf 72' lang='grc' dir='ltr'>ὁ</span> <span class='ocrx_word' id='word_1_324' title='bbox 1635 3706 1805 3758; x_wconf 59' lang='grc' dir='ltr'>Ἡσαῦ</span> 
     </span>
    </p>
   </div>
   <div class='ocr_carea' id='block_1_41' title="bbox 223 3788 1807 3866">
    <p class='ocr_par' dir='ltr' id='par_1_41' title="bbox 223 3788 1807 3866">
     <span class='ocr_line' id='line_1_41' title="bbox 223 3788 1807 3866; baseline -0.006 -17"><span class='ocrx_word' id='word_1_325' title='bbox 223 3796 464 3866; x_wconf 82' lang='grc' dir='ltr'>ματαίαν</span> <span class='ocrx_word' id='word_1_326' title='bbox 494 3791 662 3862; x_wconf 83' lang='grc' dir='ltr'>αὐτῆς</span> <span class='ocrx_word' id='word_1_327' title='bbox 697 3793 897 3862; x_wconf 82' lang='grc' dir='ltr'>ποιήσῃ</span> <span class='ocrx_word' id='word_1_328' title='bbox 924 3788 1020 3859; x_wconf 85' lang='grc' dir='ltr'>τὴν</span> <span class='ocrx_word' id='word_1_329' title='bbox 1052 3788 1258 3857; x_wconf 79' lang='grc' dir='ltr'>σοφίαν.</span> <span class='ocrx_word' id='word_1_330' title='bbox 1288 3789 1377 3841; x_wconf 81' lang='grc' dir='ltr'>Διό</span> <span class='ocrx_word' id='word_1_331' title='bbox 1407 3791 1499 3841; x_wconf 71' lang='grc' dir='ltr'>καὶ</span> <span class='ocrx_word' id='word_1_332' title='bbox 1522 3790 1807 3858; x_wconf 85' lang='grc' dir='ltr'>συντέμνει</span> 
     </span>
    </p>
   </div>
   <div class='ocr_carea' id='block_1_42' title="bbox 220 3872 1808 3949">
    <p class='ocr_par' dir='ltr' id='par_1_42' title="bbox 220 3872 1808 3949">
     <span class='ocr_line' id='line_1_42' title="bbox 220 3872 1808 3949; baseline -0.006 -17"><span class='ocrx_word' id='word_1_333' title='bbox 220 3880 292 3932; x_wconf 71' lang='grc' dir='ltr'>τὰ</span> <span class='ocrx_word' id='word_1_334' title='bbox 332 3878 573 3949; x_wconf 83' lang='grc' dir='ltr'>ῥήματα,</span> <span class='ocrx_word' id='word_1_335' title='bbox 604 3875 697 3926; x_wconf 77' lang='grc' dir='ltr'>καὶ</span> <span class='ocrx_word' id='word_1_336' title='bbox 743 3872 951 3939; x_wconf 76' lang='grc' dir='ltr'>ἐπείγει</span> <span class='ocrx_word' id='word_1_337' title='bbox 1003 3872 1093 3924; x_wconf 82' lang='grc' dir='ltr'>τὸν</span> <span class='ocrx_word' id='word_1_338' title='bbox 1131 3872 1431 3933; x_wconf 84' lang='grc' dir='ltr'>νεανίσκον,</span> <span class='ocrx_word' id='word_1_339' title='bbox 1482 3873 1573 3925; x_wconf 76' lang='grc' dir='ltr'>καὶ</span> <span class='ocrx_word' id='word_1_340' title='bbox 1611 3873 1808 3940; x_wconf 77' lang='grc' dir='ltr'>ἀφεῖσα</span> 
     </span>
    </p>
   </div>
   <div class='ocr_carea' id='block_1_43' title="bbox 221 3956 1807 4027">
    <p class='ocr_par' dir='ltr' id='par_1_43' title="bbox 221 3956 1807 4027">
     <span class='ocr_line' id='line_1_43' title="bbox 221 3956 1807 4027; baseline -0.004 -12"><span class='ocrx_word' id='word_1_341' title='bbox 221 3961 500 4016; x_wconf 81' lang='grc' dir='ltr'>ἀντειπεῖν</span> <span class='ocrx_word' id='word_1_342' title='bbox 540 3957 675 4027; x_wconf 77' lang='grc' dir='ltr'>πρὸς</span> <span class='ocrx_word' id='word_1_343' title='bbox 709 3956 778 4009; x_wconf 86' lang='grc' dir='ltr'>τά</span> <span class='ocrx_word' id='word_1_344' title='bbox 805 3956 1088 4027; x_wconf 84' lang='grc' dir='ltr'>εἰρημένα,</span> <span class='ocrx_word' id='word_1_345' title='bbox 1122 3956 1379 4025; x_wconf 81' lang='grc' dir='ltr'>λογισμὸν</span> <span class='ocrx_word' id='word_1_346' title='bbox 1411 3957 1593 4009; x_wconf 76' lang='grc' dir='ltr'>ἱκανὸν</span> <span class='ocrx_word' id='word_1_347' title='bbox 1625 3959 1807 4009; x_wconf 85' lang='grc' dir='ltr'>πεῖσαι</span> 
     </span>
    </p>
   </div>
   <div class='ocr_carea' id='block_1_44' title="bbox 220 4034 1807 4108">
    <p class='ocr_par' dir='ltr' id='par_1_44' title="bbox 220 4034 1807 4108">
     <span class='ocr_line' id='line_1_44' title="bbox 220 4034 1807 4108; baseline -0.003 -11"><span class='ocrx_word' id='word_1_348' title='bbox 220 4044 390 4097; x_wconf 80' lang='grc' dir='ltr'>αὐτὸν</span> <span class='ocrx_word' id='word_1_349' title='bbox 415 4042 581 4106; x_wconf 88' lang='grc' dir='ltr'>λέγει.</span> <span class='ocrx_word' id='word_1_350' title='bbox 613 4040 745 4091; x_wconf 80' lang='grc' dir='ltr'>Οὐδὲ</span> <span class='ocrx_word' id='word_1_351' title='bbox 771 4040 877 4107; x_wconf 78' lang='grc' dir='ltr'>γὰρ</span> <span class='ocrx_word' id='word_1_352' title='bbox 910 4034 1083 4103; x_wconf 83' lang='grc' dir='ltr'>εἶπεν,</span> <span class='ocrx_word' id='word_1_353' title='bbox 1122 4039 1256 4108; x_wconf 84' lang='grc' dir='ltr'>Είκῆ</span> <span class='ocrx_word' id='word_1_354' title='bbox 1291 4038 1467 4092; x_wconf 88' lang='grc' dir='ltr'>ταῦτα</span> <span class='ocrx_word' id='word_1_355' title='bbox 1507 4039 1685 4101; x_wconf 82' lang='grc' dir='ltr'>λέγεις</span> <span class='ocrx_word' id='word_1_356' title='bbox 1715 4044 1807 4093; x_wconf 77' lang='grc' dir='ltr'>καὶ</span> 
     </span>
    </p>
   </div>
   <div class='ocr_carea' id='block_1_45' title="bbox 224 4118 1809 4199">
    <p class='ocr_par' dir='ltr' id='par_1_45' title="bbox 224 4118 1809 4199">
     <span class='ocr_line' id='line_1_45' title="bbox 224 4118 1809 4199; baseline -0.001 -22"><span class='ocrx_word' id='word_1_357' title='bbox 224 4129 405 4199; x_wconf 81' lang='grc' dir='ltr'>μάτην</span> <span class='ocrx_word' id='word_1_358' title='bbox 430 4123 695 4182; x_wconf 85' lang='grc' dir='ltr'>δέδοικας,</span> <span class='ocrx_word' id='word_1_359' title='bbox 728 4118 823 4171; x_wconf 91' lang='grc' dir='ltr'>τοῦ</span> <span class='ocrx_word' id='word_1_360' title='bbox 853 4121 1060 4189; x_wconf 84' lang='grc' dir='ltr'>πατρός</span> <span class='ocrx_word' id='word_1_361' title='bbox 1086 4138 1177 4173; x_wconf 90' lang='grc' dir='ltr'>σου</span> <span class='ocrx_word' id='word_1_362' title='bbox 1209 4122 1583 4192; x_wconf 75' lang='grc' dir='ltr'>γεγηρακότος</span> <span class='ocrx_word' id='word_1_363' title='bbox 1618 4124 1710 4176; x_wconf 73' lang='grc' dir='ltr'>καὶ</span> <span class='ocrx_word' id='word_1_364' title='bbox 1748 4125 1809 4175; x_wconf 91' lang='lat'>16</span> 
     </span>
    </p>
   </div>
   <div class='ocr_carea' id='block_1_46' title="bbox 219 4202 1807 4280">
    <p class='ocr_par' dir='ltr' id='par_1_46' title="bbox 219 4202 1807 4280">
     <span class='ocr_line' id='line_1_46' title="bbox 219 4202 1807 4280; baseline -0.023 -16"><span class='ocrx_word' id='word_1_365' title='bbox 219 4208 421 4280; x_wconf 84' lang='grc' dir='ltr'>τρανὸν</span> <span class='ocrx_word' id='word_1_366' title='bbox 452 4204 556 4273; x_wconf 86' lang='grc' dir='ltr'>τῆς</span> <span class='ocrx_word' id='word_1_367' title='bbox 592 4202 896 4271; x_wconf 86' lang='grc' dir='ltr'>αἰσθήσεως</span> <span class='ocrx_word' id='word_1_368' title='bbox 941 4204 1318 4273; x_wconf 75' lang='grc' dir='ltr'>ἀφῃρημένου,</span> <span class='ocrx_word' id='word_1_369' title='bbox 1370 4204 1507 4256; x_wconf 86' lang='grc' dir='ltr'>ἀλλά</span> <span class='ocrx_word' id='word_1_370' title='bbox 1555 4205 1644 4270; x_wconf 85' lang='grc' dir='ltr'>τί;</span> <span class='ocrx_word' id='word_1_371' title='bbox 1689 4207 1807 4258; x_wconf 63' lang='grc' dir='ltr'>ππ,</span> 
     </span>
    </p>
   </div>
   <div class='ocr_carea' id='block_1_47' title="bbox 217 4282 1810 4361">
    <p class='ocr_par' dir='ltr' id='par_1_47' title="bbox 217 4282 1810 4361">
     <span class='ocr_line' id='line_1_47' title="bbox 217 4282 1810 4361; baseline -0.004 -15"><span class='ocrx_word' id='word_1_372' title='bbox 217 4292 331 4361; x_wconf 81' lang='grc' dir='ltr'>ἐμὲ</span> <span class='ocrx_word' id='word_1_373' title='bbox 362 4292 402 4358; x_wconf 75' lang='grc' dir='ltr'>ἡ</span> <span class='ocrx_word' id='word_1_374' title='bbox 438 4286 666 4353; x_wconf 79' lang='grc' dir='ltr'>κατάρα</span> <span class='ocrx_word' id='word_1_375' title='bbox 694 4300 833 4347; x_wconf 88' lang='grc' dir='ltr'>σου,</span> <span class='ocrx_word' id='word_1_376' title='bbox 860 4282 1074 4336; x_wconf 81' lang='grc' dir='ltr'>τέκνον</span> <span class='ocrx_word' id='word_1_377' title='bbox 1094 4302 1105 4313; x_wconf 91' lang='grc'>·</span> <span class='ocrx_word' id='word_1_378' title='bbox 1162 4286 1321 4354; x_wconf 89' lang='grc' dir='ltr'>μόνον</span> <span class='ocrx_word' id='word_1_379' title='bbox 1353 4286 1417 4337; x_wconf 83' lang='grc' dir='ltr'>σύ</span> <span class='ocrx_word' id='word_1_380' title='bbox 1456 4288 1530 4357; x_wconf 79' lang='grc' dir='ltr'>μὴ</span> <span class='ocrx_word' id='word_1_381' title='bbox 1570 4288 1810 4354; x_wconf 87' lang='grc' dir='ltr'>διαφθεί-</span> 
     </span>
    </p>
   </div>
   <div class='ocr_carea' id='block_1_48' title="bbox 224 4366 1808 4448">
    <p class='ocr_par' dir='ltr' id='par_1_48' title="bbox 224 4366 1808 4448">
     <span class='ocr_line' id='line_1_48' title="bbox 224 4366 1808 4448; baseline -0.011 -19"><span class='ocrx_word' id='word_1_382' title='bbox 224 4393 330 4447; x_wconf 78' lang='grc' dir='ltr'>ρῃς</span> <span class='ocrx_word' id='word_1_383' title='bbox 359 4373 421 4428; x_wconf 83' lang='grc' dir='ltr'>τὸ</span> <span class='ocrx_word' id='word_1_384' title='bbox 446 4372 649 4443; x_wconf 79' lang='grc' dir='ltr'>δρᾶμα,</span> <span class='ocrx_word' id='word_1_385' title='bbox 705 4366 838 4438; x_wconf 85' lang='grc' dir='ltr'>μηδὲ</span> <span class='ocrx_word' id='word_1_386' title='bbox 877 4366 1148 4448; x_wconf 80' lang='grc' dir='ltr'>ἀπολέσῃς</span> <span class='ocrx_word' id='word_1_387' title='bbox 1177 4368 1237 4419; x_wconf 83' lang='grc' dir='ltr'>τὸ</span> <span class='ocrx_word' id='word_1_388' title='bbox 1269 4367 1515 4438; x_wconf 86' lang='grc' dir='ltr'>θήραμα,</span> <span class='ocrx_word' id='word_1_389' title='bbox 1555 4370 1688 4439; x_wconf 76' lang='grc' dir='ltr'>μηδὲ</span> <span class='ocrx_word' id='word_1_390' title='bbox 1718 4371 1808 4423; x_wconf 76' lang='grc' dir='ltr'>τὸν</span> 
     </span>
    </p>
   </div>
   <div class='ocr_carea' id='block_1_49' title="bbox 221 4448 1811 4528">
    <p class='ocr_par' dir='ltr' id='par_1_49' title="bbox 221 4448 1811 4528">
     <span class='ocr_line' id='line_1_49' title="bbox 221 4448 1811 4528; baseline -0.003 -16"><span class='ocrx_word' id='word_1_391' title='bbox 221 4458 501 4528; x_wconf 75' lang='grc' dir='ltr'>θησαυρὸν</span> <span class='ocrx_word' id='word_1_392' title='bbox 530 4453 761 4525; x_wconf 80' lang='grc' dir='ltr'>προδῷς.</span> <span class='ocrx_word' id='word_1_393' title='bbox 794 4451 963 4513; x_wconf 80' lang='grc' dir='ltr'>Αὐτὸς</span> <span class='ocrx_word' id='word_1_394' title='bbox 993 4451 1049 4503; x_wconf 84' lang='grc' dir='ltr'>δὲ</span> <span class='ocrx_word' id='word_1_395' title='bbox 1076 4448 1228 4512; x_wconf 71' lang='grc' dir='ltr'>οὗτος</span> <span class='ocrx_word' id='word_1_396' title='bbox 1255 4453 1284 4502; x_wconf 91' lang='lat'>6</span> <span class='ocrx_word' id='word_1_397' title='bbox 1314 4451 1519 4509; x_wconf 65' lang='grc' dir='ltr'>Ἰακὼϐ,</span> <span class='ocrx_word' id='word_1_398' title='bbox 1537 4455 1658 4524; x_wconf 86' lang='grc' dir='ltr'>οὐχί</span> <span class='ocrx_word' id='word_1_399' title='bbox 1686 4456 1811 4525; x_wconf 80' lang='grc' dir='ltr'>ἐθή-</span> 
     </span>
    </p>
   </div>
   <div class='ocr_carea' id='block_1_50' title="bbox 221 4533 1808 4611">
    <p class='ocr_par' dir='ltr' id='par_1_50' title="bbox 221 4533 1808 4611">
     <span class='ocr_line' id='line_1_50' title="bbox 221 4533 1808 4611; baseline -0.003 -15"><span class='ocrx_word' id='word_1_400' title='bbox 221 4559 351 4597; x_wconf 85' lang='grc' dir='ltr'>τευε</span> <span class='ocrx_word' id='word_1_401' title='bbox 393 4540 541 4609; x_wconf 86' lang='grc' dir='ltr'>παρά</span> <span class='ocrx_word' id='word_1_402' title='bbox 565 4538 642 4607; x_wconf 85' lang='grc' dir='ltr'>τῷ</span> <span class='ocrx_word' id='word_1_403' title='bbox 671 4536 922 4605; x_wconf 85' lang='grc' dir='ltr'>συγγενεῖ</span> <span class='ocrx_word' id='word_1_404' title='bbox 960 4533 1040 4595; x_wconf 76' lang='grc' dir='ltr'>δίς</span> <span class='ocrx_word' id='word_1_405' title='bbox 1062 4534 1156 4601; x_wconf 78' lang='grc' dir='ltr'>ἐτη</span> <span class='ocrx_word' id='word_1_406' title='bbox 1184 4535 1354 4598; x_wconf 87' lang='grc' dir='ltr'>ἐπτά;</span> <span class='ocrx_word' id='word_1_407' title='bbox 1391 4537 1510 4606; x_wconf 78' lang='grc' dir='ltr'>οὐχὶ</span> <span class='ocrx_word' id='word_1_408' title='bbox 1547 4539 1684 4608; x_wconf 85' lang='grc' dir='ltr'>μετὰ</span> <span class='ocrx_word' id='word_1_409' title='bbox 1713 4544 1808 4611; x_wconf 66' lang='grc' dir='ltr'>τῆς</span> 
     </span>
    </p>
   </div>
   <div class='ocr_carea' id='block_1_51' title="bbox 220 4612 1806 4690">
    <p class='ocr_par' dir='ltr' id='par_1_51' title="bbox 220 4612 1806 4690">
     <span class='ocr_line' id='line_1_51' title="bbox 220 4612 1806 4690; baseline -0.003 -12"><span class='ocrx_word' id='word_1_410' title='bbox 220 4625 473 4685; x_wconf 83' lang='grc' dir='ltr'>δουλείας</span> <span class='ocrx_word' id='word_1_411' title='bbox 502 4623 595 4673; x_wconf 74' lang='grc' dir='ltr'>καὶ</span> <span class='ocrx_word' id='word_1_412' title='bbox 642 4622 851 4687; x_wconf 80' lang='grc' dir='ltr'>γέλωτα</span> <span class='ocrx_word' id='word_1_413' title='bbox 892 4612 1069 4685; x_wconf 80' lang='grc' dir='ltr'>ὦφλεν</span> <span class='ocrx_word' id='word_1_414' title='bbox 1104 4619 1241 4688; x_wconf 86' lang='grc' dir='ltr'>ὑπὲρ</span> <span class='ocrx_word' id='word_1_415' title='bbox 1285 4619 1381 4688; x_wconf 84' lang='grc' dir='ltr'>τῆς</span> <span class='ocrx_word' id='word_1_416' title='bbox 1414 4622 1628 4690; x_wconf 85' lang='grc' dir='ltr'>ἀπάτης</span> <span class='ocrx_word' id='word_1_417' title='bbox 1663 4624 1806 4674; x_wconf 82' lang='grc' dir='ltr'>ἐκεί-</span> 
     </span>
    </p>
   </div>
   <div class='ocr_carea' id='block_1_52' title="bbox 222 4700 1807 4777">
    <p class='ocr_par' dir='ltr' id='par_1_52' title="bbox 222 4700 1807 4777">
     <span class='ocr_line' id='line_1_52' title="bbox 222 4700 1807 4777; baseline -0.005 -18"><span class='ocrx_word' id='word_1_418' title='bbox 222 4725 361 4777; x_wconf 85' lang='grc' dir='ltr'>νης;</span> <span class='ocrx_word' id='word_1_419' title='bbox 400 4708 464 4757; x_wconf 86' lang='grc' dir='ltr'>Τί</span> <span class='ocrx_word' id='word_1_420' title='bbox 497 4701 629 4769; x_wconf 80' lang='grc' dir='ltr'>οὐν;</span> <span class='ocrx_word' id='word_1_421' title='bbox 678 4700 785 4774; x_wconf 81' lang='grc' dir='ltr'>ἆρα</span> <span class='ocrx_word' id='word_1_422' title='bbox 818 4702 1014 4774; x_wconf 76' lang='grc' dir='ltr'>ᾔσθετο</span> <span class='ocrx_word' id='word_1_423' title='bbox 1049 4700 1142 4752; x_wconf 89' lang='grc' dir='ltr'>τοῦ</span> <span class='ocrx_word' id='word_1_424' title='bbox 1174 4700 1449 4769; x_wconf 81' lang='grc' dir='ltr'>γέλωτος;</span> <span class='ocrx_word' id='word_1_425' title='bbox 1485 4700 1596 4773; x_wconf 79' lang='grc' dir='ltr'>ἆρα</span> <span class='ocrx_word' id='word_1_426' title='bbox 1635 4708 1807 4774; x_wconf 78' lang='grc' dir='ltr'>ἀσχη-</span> 
     </span>
    </p>
   </div>
   <div class='ocr_carea' id='block_1_53' title="bbox 225 4785 1809 4859">
    <p class='ocr_par' dir='ltr' id='par_1_53' title="bbox 225 4785 1809 4859">
     <span class='ocr_line' id='line_1_53' title="bbox 225 4785 1809 4859; baseline -0.002 -18"><span class='ocrx_word' id='word_1_427' title='bbox 225 4791 413 4859; x_wconf 86' lang='grc' dir='ltr'>μονεῖν</span> <span class='ocrx_word' id='word_1_428' title='bbox 446 4786 694 4856; x_wconf 77' lang='grc' dir='ltr'>ἐνόμιζεν</span> <span class='ocrx_word' id='word_1_429' title='bbox 728 4789 810 4839; x_wconf 78' lang='grc' dir='ltr'>ὅτι</span> <span class='ocrx_word' id='word_1_430' title='bbox 840 4786 1119 4855; x_wconf 81' lang='grc' dir='ltr'>ἐλεύθερος</span> <span class='ocrx_word' id='word_1_431' title='bbox 1149 4785 1223 4835; x_wconf 80' lang='grc' dir='ltr'>ῶν</span> <span class='ocrx_word' id='word_1_432' title='bbox 1275 4787 1369 4837; x_wconf 80' lang='grc' dir='ltr'>καὶ</span> <span class='ocrx_word' id='word_1_433' title='bbox 1411 4787 1470 4849; x_wconf 81' lang='grc' dir='ltr'>ἐξ</span> <span class='ocrx_word' id='word_1_434' title='bbox 1512 4788 1809 4859; x_wconf 87' lang='grc' dir='ltr'>ἐλευθέρων</span> 
     </span>
    </p>
   </div>
   <div class='ocr_carea' id='block_1_54' title="bbox 220 4866 1810 4943">
    <p class='ocr_par' dir='ltr' id='par_1_54' title="bbox 220 4866 1810 4943">
     <span class='ocr_line' id='line_1_54' title="bbox 220 4866 1810 4943; baseline -0.001 -16"><span class='ocrx_word' id='word_1_435' title='bbox 220 4875 323 4927; x_wconf 70' lang='grc' dir='ltr'>καὶ</span> <span class='ocrx_word' id='word_1_436' title='bbox 350 4871 577 4941; x_wconf 67' lang='grc' dir='ltr'>τραφεὶς</span> <span class='ocrx_word' id='word_1_437' title='bbox 606 4870 861 4936; x_wconf 88' lang='grc' dir='ltr'>εὐγενῶς,</span> <span class='ocrx_word' id='word_1_438' title='bbox 895 4870 961 4923; x_wconf 83' lang='grc' dir='ltr'>τά</span> <span class='ocrx_word' id='word_1_439' title='bbox 986 4869 1093 4921; x_wconf 90' lang='grc' dir='ltr'>τῶν</span> <span class='ocrx_word' id='word_1_440' title='bbox 1126 4866 1325 4920; x_wconf 90' lang='grc' dir='ltr'>δούλων</span> <span class='ocrx_word' id='word_1_441' title='bbox 1355 4869 1617 4939; x_wconf 85' lang='grc' dir='ltr'>ὑπέμεινε</span> <span class='ocrx_word' id='word_1_442' title='bbox 1661 4874 1810 4943; x_wconf 86' lang='grc' dir='ltr'>παρά</span> 
     </span>
    </p>
   </div>
   <div class='ocr_carea' id='block_1_55' title="bbox 216 4952 1809 5024">
    <p class='ocr_par' dir='ltr' id='par_1_55' title="bbox 216 4952 1809 5024">
     <span class='ocr_line' id='line_1_55' title="bbox 216 4952 1809 5024; baseline -0.004 -13"><span class='ocrx_word' id='word_1_443' title='bbox 216 4960 341 5020; x_wconf 77' lang='grc' dir='ltr'>τοῖς</span> <span class='ocrx_word' id='word_1_444' title='bbox 373 4954 775 5024; x_wconf 85' lang='grc' dir='ltr'>προσήκουσιν;</span> <span class='ocrx_word' id='word_1_445' title='bbox 825 4953 854 5004; x_wconf 98' lang='lat'>6</span> <span class='ocrx_word' id='word_1_446' title='bbox 886 4954 1119 5022; x_wconf 84' lang='grc' dir='ltr'>μάλιστα</span> <span class='ocrx_word' id='word_1_447' title='bbox 1170 4952 1383 5005; x_wconf 85' lang='grc' dir='ltr'>δάκνειν</span> <span class='ocrx_word' id='word_1_448' title='bbox 1426 4952 1636 5017; x_wconf 87' lang='grc' dir='ltr'>εἴωθεν,</span> <span class='ocrx_word' id='word_1_449' title='bbox 1680 4957 1809 5007; x_wconf 82' lang='grc' dir='ltr'>ὅταν</span> 
     </span>
    </p>
   </div>
   <div class='ocr_carea' id='block_1_56' title="bbox 218 5034 1812 5110">
    <p class='ocr_par' dir='ltr' id='par_1_56' title="bbox 218 5034 1812 5110">
     <span class='ocr_line' id='line_1_56' title="bbox 218 5034 1812 5110; baseline -0.001 -20"><span class='ocrx_word' id='word_1_450' title='bbox 218 5038 382 5110; x_wconf 81' lang='grc' dir='ltr'>παρά</span> <span class='ocrx_word' id='word_1_451' title='bbox 416 5039 527 5099; x_wconf 89' lang='grc' dir='ltr'>τοῖς</span> <span class='ocrx_word' id='word_1_452' title='bbox 562 5037 857 5104; x_wconf 82' lang='grc' dir='ltr'>γνωρίμοις</span> <span class='ocrx_word' id='word_1_453' title='bbox 885 5054 968 5099; x_wconf 88' lang='grc' dir='ltr'>τις</span> <span class='ocrx_word' id='word_1_454' title='bbox 995 5037 1063 5089; x_wconf 78' lang='grc' dir='ltr'>τὰ</span> <span class='ocrx_word' id='word_1_455' title='bbox 1097 5034 1435 5088; x_wconf 81' lang='grc' dir='ltr'>ἐπονείδιστα</span> <span class='ocrx_word' id='word_1_456' title='bbox 1470 5035 1677 5108; x_wconf 80' lang='grc' dir='ltr'>πάσχῃ.</span> <span class='ocrx_word' id='word_1_457' title='bbox 1707 5040 1812 5089; x_wconf 86' lang='grc' dir='ltr'>Οὐ⁶</span> 
     </span>
    </p>
   </div>
   <div class='ocr_carea' id='block_1_57' title="bbox 216 5117 1809 5193">
    <p class='ocr_par' dir='ltr' id='par_1_57' title="bbox 216 5117 1809 5193">
     <span class='ocr_line' id='line_1_57' title="bbox 216 5117 1809 5193; baseline -0.004 -15"><span class='ocrx_word' id='word_1_458' title='bbox 216 5122 437 5193; x_wconf 79' lang='grc' dir='ltr'>δαμῶς·</span> <span class='ocrx_word' id='word_1_459' title='bbox 472 5119 534 5171; x_wconf 83' lang='grc' dir='ltr'>τὸ</span> <span class='ocrx_word' id='word_1_460' title='bbox 566 5118 624 5169; x_wconf 82' lang='grc' dir='ltr'>δὲ</span> <span class='ocrx_word' id='word_1_461' title='bbox 657 5117 826 5169; x_wconf 87' lang='grc' dir='ltr'>αἴτιον</span> <span class='ocrx_word' id='word_1_462' title='bbox 851 5121 885 5187; x_wconf 86' lang='grc' dir='ltr'>ή</span> <span class='ocrx_word' id='word_1_463' title='bbox 926 5120 1137 5190; x_wconf 88' lang='grc' dir='ltr'>ἀγάπη,</span> <span class='ocrx_word' id='word_1_464' title='bbox 1178 5119 1211 5189; x_wconf 78' lang='grc' dir='ltr'>ἦ</span> <span class='ocrx_word' id='word_1_465' title='bbox 1244 5120 1336 5171; x_wconf 78' lang='grc' dir='ltr'>καὶ</span> <span class='ocrx_word' id='word_1_466' title='bbox 1368 5118 1459 5171; x_wconf 80' lang='grc' dir='ltr'>τὸν</span> <span class='ocrx_word' id='word_1_467' title='bbox 1486 5120 1676 5188; x_wconf 83' lang='grc' dir='ltr'>χρόνον</span> <span class='ocrx_word' id='word_1_468' title='bbox 1714 5139 1809 5173; x_wconf 85' lang='grc' dir='ltr'>πο-</span> 
     </span>
    </p>
   </div>
   <div class='ocr_carea' id='block_1_58' title="bbox 216 5200 1809 5272">
    <p class='ocr_par' dir='ltr' id='par_1_58' title="bbox 216 5200 1809 5272">
     <span class='ocr_line' id='line_1_58' title="bbox 216 5200 1809 5272; baseline -0.01 -12"><span class='ocrx_word' id='word_1_469' title='bbox 216 5208 329 5260; x_wconf 74' lang='grc' dir='ltr'>λὺν</span> <span class='ocrx_word' id='word_1_470' title='bbox 366 5206 498 5258; x_wconf 71' lang='grc' dir='ltr'>ὄντα</span> <span class='ocrx_word' id='word_1_471' title='bbox 553 5200 732 5268; x_wconf 82' lang='grc' dir='ltr'>ὀλίγον</span> <span class='ocrx_word' id='word_1_472' title='bbox 772 5201 1068 5272; x_wconf 83' lang='grc' dir='ltr'>ἀπέφηνεν.</span> <span class='ocrx_word' id='word_1_473' title='bbox 1092 5201 1288 5257; x_wconf 83' lang='grc' dir='ltr'>Ἦσαν</span> <span class='ocrx_word' id='word_1_474' title='bbox 1330 5202 1468 5271; x_wconf 81' lang='grc' dir='ltr'>γὰρ,</span> <span class='ocrx_word' id='word_1_475' title='bbox 1519 5203 1687 5271; x_wconf 72' lang='grc' dir='ltr'>φησὶ,</span> <span class='ocrx_word' id='word_1_476' title='bbox 1717 5205 1809 5256; x_wconf 76' lang='grc' dir='ltr'>ἐν-</span> 
     </span>
    </p>
   </div>
   <div class='ocr_carea' id='block_1_59' title="bbox 213 5282 1808 5358">
    <p class='ocr_par' dir='ltr' id='par_1_59' title="bbox 213 5282 1808 5358">
     <span class='ocr_line' id='line_1_59' title="bbox 213 5282 1808 5358; baseline -0.003 -15"><span class='ocrx_word' id='word_1_477' title='bbox 213 5290 422 5343; x_wconf 67' lang='lat' dir='ltr'>ductor</span> <span class='ocrx_word' id='word_1_478' title='bbox 454 5282 641 5340; x_wconf 77' lang='grc' dir='ltr'>αὐτοῦ</span> <span class='ocrx_word' id='word_1_479' title='bbox 663 5282 807 5336; x_wconf 80' lang='grc' dir='ltr'>ὡσεὶ</span> <span class='ocrx_word' id='word_1_480' title='bbox 836 5284 1048 5351; x_wconf 74' lang='grc' dir='ltr'>ἡμέραι</span> <span class='ocrx_word' id='word_1_481' title='bbox 1084 5288 1301 5356; x_wconf 76' lang='grc' dir='ltr'>ὀλίγαι.</span> <span class='ocrx_word' id='word_1_482' title='bbox 1330 5287 1595 5338; x_wconf 68' lang='grc' dir='ltr'>Τοσοῦτον</span> <span class='ocrx_word' id='word_1_483' title='bbox 1617 5288 1808 5358; x_wconf 85' lang='grc' dir='ltr'>ἀπεῖχε</span> 
     </span>
    </p>
   </div>
   <div class='ocr_carea' id='block_1_60' title="bbox 213 5366 1808 5440">
    <p class='ocr_par' dir='ltr' id='par_1_60' title="bbox 213 5366 1808 5440">
     <span class='ocr_line' id='line_1_60' title="bbox 213 5366 1808 5440; baseline -0.002 -14"><span class='ocrx_word' id='word_1_484' title='bbox 213 5371 327 5426; x_wconf 77' lang='grc' dir='ltr'>τοῦ</span> <span class='ocrx_word' id='word_1_485' title='bbox 360 5366 652 5424; x_wconf 83' lang='grc' dir='ltr'>δάκνεσθαι</span> <span class='ocrx_word' id='word_1_486' title='bbox 707 5366 800 5418; x_wconf 75' lang='grc' dir='ltr'>καὶ</span> <span class='ocrx_word' id='word_1_487' title='bbox 848 5366 1106 5436; x_wconf 78' lang='grc' dir='ltr'>ἐρυθριᾷν</span> <span class='ocrx_word' id='word_1_488' title='bbox 1134 5372 1225 5421; x_wconf 75' lang='grc' dir='ltr'>ἐπὶ</span> <span class='ocrx_word' id='word_1_489' title='bbox 1267 5374 1331 5440; x_wconf 83' lang='grc' dir='ltr'>τῇ</span> <span class='ocrx_word' id='word_1_490' title='bbox 1366 5368 1578 5438; x_wconf 74' lang='grc' dir='ltr'>δουλείᾳ</span> <span class='ocrx_word' id='word_1_491' title='bbox 1614 5369 1808 5440; x_wconf 84' lang='grc' dir='ltr'>ταύτῃ.</span> 
     </span>
    </p>
   </div>
   <div class='ocr_carea' id='block_1_61' title="bbox 216 5448 1808 5523">
    <p class='ocr_par' dir='ltr' id='par_1_61' title="bbox 216 5448 1808 5523">
     <span class='ocr_line' id='line_1_61' title="bbox 216 5448 1808 5523; baseline -0.004 -14"><span class='ocrx_word' id='word_1_492' title='bbox 216 5453 474 5517; x_wconf 78' lang='grc' dir='ltr'>Εἰκότως</span> <span class='ocrx_word' id='word_1_493' title='bbox 512 5448 605 5507; x_wconf 82' lang='grc' dir='ltr'>οὖν</span> <span class='ocrx_word' id='word_1_494' title='bbox 634 5450 819 5518; x_wconf 70' lang='grc' dir='ltr'>ἔλεγεν</span> <span class='ocrx_word' id='word_1_495' title='bbox 852 5452 881 5503; x_wconf 84' lang='grc' dir='ltr'><strong>ὁ</strong></span> <span class='ocrx_word' id='word_1_496' title='bbox 917 5452 1187 5522; x_wconf 88' lang='grc' dir='ltr'>μακάριος</span> <span class='ocrx_word' id='word_1_497' title='bbox 1231 5456 1462 5518; x_wconf 81' lang='grc' dir='ltr'>Παῦλος,</span> <span class='ocrx_word' id='word_1_498' title='bbox 1508 5449 1808 5523; x_wconf 70' lang='grc' dir='ltr'>Ἐ’άγὰπη</span> 
     </span>
    </p>
   </div>
   <div class='ocr_carea' id='block_1_62' title="bbox 213 5533 1813 5605">
    <p class='ocr_par' dir='ltr' id='par_1_62' title="bbox 213 5533 1813 5605">
     <span class='ocr_line' id='line_1_62' title="bbox 213 5533 1813 5605; baseline -0.002 -12"><span class='ocrx_word' id='word_1_499' title='bbox 213 5540 343 5594; x_wconf 80' lang='grc' dir='ltr'>οὐκ</span> <span class='ocrx_word' id='word_1_500' title='bbox 372 5535 742 5605; x_wconf 76' lang='grc' dir='ltr'>ἀσχημονεῖ·</span> <span class='ocrx_word' id='word_1_501' title='bbox 779 5536 850 5588; x_wconf 83' lang='grc' dir='ltr'>οὐ</span> <span class='ocrx_word' id='word_1_502' title='bbox 878 5533 1037 5603; x_wconf 80' lang='grc' dir='ltr'>ζητεῖ</span> <span class='ocrx_word' id='word_1_503' title='bbox 1072 5536 1144 5589; x_wconf 82' lang='grc' dir='ltr'>τὰ</span> <span class='ocrx_word' id='word_1_504' title='bbox 1170 5537 1411 5605; x_wconf 80' lang='grc' dir='ltr'>ἑαυτῆς,</span> <span class='ocrx_word' id='word_1_505' title='bbox 1447 5540 1519 5591; x_wconf 88' lang='grc' dir='ltr'>οὐ</span> <span class='ocrx_word' id='word_1_506' title='bbox 1554 5538 1813 5604; x_wconf 79' lang='grc' dir='ltr'>παροεύ-</span> 
     </span>
    </p>
   </div>
   <div class='ocr_carea' id='block_1_63' title="bbox 215 5620 1810 5695">
    <p class='ocr_par' dir='ltr' id='par_1_63' title="bbox 215 5620 1810 5695">
     <span class='ocr_line' id='line_1_63' title="bbox 215 5620 1810 5695; baseline -0.004 -15"><span class='ocrx_word' id='word_1_507' title='bbox 215 5638 416 5680; x_wconf 68' lang='lat' dir='ltr'>rum.</span> <span class='ocrx_word' id='word_1_508' title='bbox 480 5620 664 5675; x_wconf 80' lang='grc' dir='ltr'>Εἰπὼν</span> <span class='ocrx_word' id='word_1_509' title='bbox 698 5622 826 5695; x_wconf 88' lang='grc' dir='ltr'>γὰρ,</span> <span class='ocrx_word' id='word_1_510' title='bbox 872 5620 953 5673; x_wconf 83' lang='grc' dir='ltr'>ὅτι</span> <span class='ocrx_word' id='word_1_511' title='bbox 1012 5623 1134 5675; x_wconf 77' lang='grc' dir='ltr'>Οὐκ</span> <span class='ocrx_word' id='word_1_512' title='bbox 1180 5622 1534 5691; x_wconf 76' lang='grc' dir='ltr'>ἀσχημονεῖ,</span> <span class='ocrx_word' id='word_1_513' title='bbox 1573 5623 1810 5676; x_wconf 80' lang='grc' dir='ltr'>δείκνυσι</span> 
     </span>
    </p>
   </div>
   <div class='ocr_carea' id='block_1_64' title="bbox 216 5702 1809 5777">
    <p class='ocr_par' dir='ltr' id='par_1_64' title="bbox 216 5702 1809 5777">
     <span class='ocr_line' id='line_1_64' title="bbox 216 5702 1809 5777; baseline -0.001 -16"><span class='ocrx_word' id='word_1_514' title='bbox 216 5710 327 5761; x_wconf 71' lang='grc' dir='ltr'>καί</span> <span class='ocrx_word' id='word_1_515' title='bbox 360 5706 449 5757; x_wconf 75' lang='grc' dir='ltr'>τὸν</span> <span class='ocrx_word' id='word_1_516' title='bbox 479 5702 699 5773; x_wconf 80' lang='grc' dir='ltr'>τρόπον,</span> <span class='ocrx_word' id='word_1_517' title='bbox 721 5705 789 5757; x_wconf 83' lang='grc' dir='ltr'>δι’</span> <span class='ocrx_word' id='word_1_518' title='bbox 817 5703 877 5756; x_wconf 81' lang='grc' dir='ltr'>ὃν</span> <span class='ocrx_word' id='word_1_519' title='bbox 899 5703 999 5755; x_wconf 86' lang='grc' dir='ltr'>οὐκ</span> <span class='ocrx_word' id='word_1_520' title='bbox 1026 5705 1343 5774; x_wconf 85' lang='grc' dir='ltr'>ἀσχημονεῖ.</span> <span class='ocrx_word' id='word_1_521' title='bbox 1383 5706 1478 5769; x_wconf 85' lang='grc' dir='ltr'>Τίς</span> <span class='ocrx_word' id='word_1_522' title='bbox 1517 5705 1573 5758; x_wconf 73' lang='grc' dir='ltr'>δὲ</span> <span class='ocrx_word' id='word_1_523' title='bbox 1615 5707 1643 5759; x_wconf 84' lang='lat'>6</span> <span class='ocrx_word' id='word_1_524' title='bbox 1684 5706 1809 5777; x_wconf 85' lang='grc' dir='ltr'>τρό-</span> 
     </span>
    </p>
   </div>
   <div class='ocr_carea' id='block_1_65' title="bbox 219 5786 1811 5861">
    <p class='ocr_par' dir='ltr' id='par_1_65' title="bbox 219 5786 1811 5861">
     <span class='ocr_line' id='line_1_65' title="bbox 219 5786 1811 5861; baseline -0.001 -19"><span class='ocrx_word' id='word_1_525' title='bbox 219 5807 367 5856; x_wconf 64' lang='lat'><em>110;;</em></span> <span class='ocrx_word' id='word_1_526' title='bbox 400 5788 521 5841; x_wconf 82' lang='grc' dir='ltr'>Ὀτι</span> <span class='ocrx_word' id='word_1_527' title='bbox 559 5789 631 5841; x_wconf 85' lang='grc' dir='ltr'>οὐ</span> <span class='ocrx_word' id='word_1_528' title='bbox 672 5786 832 5856; x_wconf 73' lang='grc' dir='ltr'>ζητεῖ</span> <span class='ocrx_word' id='word_1_529' title='bbox 859 5786 929 5841; x_wconf 85' lang='grc' dir='ltr'>τὰ</span> <span class='ocrx_word' id='word_1_530' title='bbox 962 5787 1202 5855; x_wconf 78' lang='grc' dir='ltr'>ἑαυτῆς.</span> <span class='ocrx_word' id='word_1_531' title='bbox 1235 5788 1338 5841; x_wconf 80' lang='grc' dir='ltr'>Τὸν</span> <span class='ocrx_word' id='word_1_532' title='bbox 1372 5789 1482 5858; x_wconf 82' lang='grc' dir='ltr'>γὰρ</span> <span class='ocrx_word' id='word_1_533' title='bbox 1510 5787 1811 5861; x_wconf 84' lang='grc' dir='ltr'>ἀγαπώμε-</span> 
     </span>
    </p>
   </div>
   <div class='ocr_carea' id='block_1_66' title="bbox 1215 331 2477 398">
    <p class='ocr_par' dir='ltr' id='par_1_66' title="bbox 1215 331 2477 398">
     <span class='ocr_line' id='line_1_66' title="bbox 1215 331 2477 398; baseline 0.005 -6"><span class='ocrx_word' id='word_1_534' title='bbox 1215 337 1278 392; x_wconf 82' lang='lat' dir='ltr'>IN</span> <span class='ocrx_word' id='word_1_535' title='bbox 1320 335 1534 391; x_wconf 75' lang='lat' dir='ltr'>EI‘IST.</span> <span class='ocrx_word' id='word_1_536' title='bbox 1571 336 1587 385; x_wconf 85' lang='grc'><strong>1</strong></span> <span class='ocrx_word' id='word_1_537' title='bbox 1631 334 1720 386; x_wconf 68' lang='grc' dir='ltr'>Δί)</span> <span class='ocrx_word' id='word_1_538' title='bbox 1761 331 1920 386; x_wconf 69' lang='grc' dir='ltr'>(ΞΟΠ.</span> <span class='ocrx_word' id='word_1_539' title='bbox 1963 333 2196 393; x_wconf 73' lang='lat' dir='ltr'>HOMIL.</span> <span class='ocrx_word' id='word_1_540' title='bbox 2236 340 2477 398; x_wconf 73' lang='lat' dir='ltr'>XXXIII.</span> 
     </span>
    </p>
   </div>
   <div class='ocr_carea' id='block_1_67' title="bbox 3378 344 3485 397">
    <p class='ocr_par' dir='ltr' id='par_1_67' title="bbox 3378 344 3485 397">
     <span class='ocr_line' id='line_1_67' title="bbox 3378 344 3485 397; baseline 0 0"><span class='ocrx_word' id='word_1_541' title='bbox 3378 344 3485 397; x_wconf 70' lang='lat'>980</span> 
     </span>
    </p>
   </div>
   <div class='ocr_carea' id='block_1_68' title="bbox 1904 457 3484 533">
    <p class='ocr_par' dir='ltr' id='par_1_68' title="bbox 1904 457 3484 533">
     <span class='ocr_line' id='line_1_68' title="bbox 1904 457 3484 533; baseline 0.005 -26"><span class='ocrx_word' id='word_1_542' title='bbox 1904 475 1991 509; x_wconf 89' lang='grc' dir='ltr'>νον</span> <span class='ocrx_word' id='word_1_543' title='bbox 2024 459 2201 513; x_wconf 72' lang='grc' dir='ltr'>πάντα</span> <span class='ocrx_word' id='word_1_544' title='bbox 2230 457 2368 514; x_wconf 78' lang='grc' dir='ltr'>εἶναι</span> <span class='ocrx_word' id='word_1_545' title='bbox 2392 463 2621 533; x_wconf 80' lang='grc' dir='ltr'>νομίζει,</span> <span class='ocrx_word' id='word_1_546' title='bbox 2648 463 2740 515; x_wconf 77' lang='grc' dir='ltr'>καὶ</span> <span class='ocrx_word' id='word_1_547' title='bbox 2758 462 2879 514; x_wconf 84' lang='grc' dir='ltr'>τότε</span> <span class='ocrx_word' id='word_1_548' title='bbox 2904 464 3219 531; x_wconf 71' lang='grc' dir='ltr'>ἀσχημονεῖ,</span> <span class='ocrx_word' id='word_1_549' title='bbox 3252 463 3377 515; x_wconf 72' lang='grc' dir='ltr'>ὅταν</span> <span class='ocrx_word' id='word_1_550' title='bbox 3410 462 3484 532; x_wconf 83' lang='grc' dir='ltr'>μὴ</span> 
     </span>
    </p>
   </div>
   <div class='ocr_carea' id='block_1_69' title="bbox 1902 542 3483 619">
    <p class='ocr_par' dir='ltr' id='par_1_69' title="bbox 1902 542 3483 619">
     <span class='ocr_line' id='line_1_69' title="bbox 1902 542 3483 619; baseline 0.003 -28"><span class='ocrx_word' id='word_1_551' title='bbox 1902 542 2103 611; x_wconf 82' lang='grc' dir='ltr'>δυνηθῇ</span> <span class='ocrx_word' id='word_1_552' title='bbox 2148 544 2455 619; x_wconf 77' lang='grc' dir='ltr'>ἀπαλλάξαι</span> <span class='ocrx_word' id='word_1_553' title='bbox 2506 548 2709 598; x_wconf 85' lang='grc' dir='ltr'>ἐκεῖνον</span> <span class='ocrx_word' id='word_1_554' title='bbox 2749 543 3194 614; x_wconf 81' lang='grc' dir='ltr'>ἀσχημονοῦντα·</span> <span class='ocrx_word' id='word_1_555' title='bbox 3256 545 3331 609; x_wconf 81' lang='grc' dir='ltr'>ὼς</span> <span class='ocrx_word' id='word_1_556' title='bbox 3388 546 3483 597; x_wconf 84' lang='grc' dir='ltr'>ἐὰν</span> 
     </span>
    </p>
   </div>
   <div class='ocr_carea' id='block_1_70' title="bbox 1901 626 3480 698">
    <p class='ocr_par' dir='ltr' id='par_1_70' title="bbox 1901 626 3480 698">
     <span class='ocr_line' id='line_1_70' title="bbox 1901 626 3480 698; baseline 0.003 -23"><span class='ocrx_word' id='word_1_557' title='bbox 1901 626 1995 694; x_wconf 76' lang='grc' dir='ltr'>ἐξῇ</span> <span class='ocrx_word' id='word_1_558' title='bbox 2030 626 2181 697; x_wconf 77' lang='grc'>[505]</span> <span class='ocrx_word' id='word_1_559' title='bbox 2215 627 2304 679; x_wconf 87' lang='grc' dir='ltr'>διά</span> <span class='ocrx_word' id='word_1_560' title='bbox 2330 628 2430 696; x_wconf 85' lang='grc' dir='ltr'>τῆς</span> <span class='ocrx_word' id='word_1_561' title='bbox 2462 627 2843 698; x_wconf 86' lang='grc' dir='ltr'>ἀσχημοσύνης</span> <span class='ocrx_word' id='word_1_562' title='bbox 2868 628 2968 698; x_wconf 83' lang='grc' dir='ltr'>τῆς</span> <span class='ocrx_word' id='word_1_563' title='bbox 2994 626 3186 679; x_wconf 82' lang='grc' dir='ltr'>ἐαυτοῦ</span> <span class='ocrx_word' id='word_1_564' title='bbox 3225 626 3314 679; x_wconf 79' lang='grc' dir='ltr'>τὸν</span> <span class='ocrx_word' id='word_1_565' title='bbox 3344 628 3480 695; x_wconf 83' lang='grc' dir='ltr'>ἀγα-</span> 
     </span>
    </p>
   </div>
   <div class='ocr_carea' id='block_1_71' title="bbox 1907 708 3480 781">
    <p class='ocr_par' dir='ltr' id='par_1_71' title="bbox 1907 708 3480 781">
     <span class='ocr_line' id='line_1_71' title="bbox 1907 708 3480 781; baseline 0.002 -23"><span class='ocrx_word' id='word_1_566' title='bbox 1907 708 2154 777; x_wconf 74' lang='grc' dir='ltr'>τώμενον</span> <span class='ocrx_word' id='word_1_567' title='bbox 2197 710 2498 779; x_wconf 75' lang='grc' dir='ltr'>ὠφελῆσαι,</span> <span class='ocrx_word' id='word_1_568' title='bbox 2551 711 2670 763; x_wconf 79' lang='grc' dir='ltr'>οὐδὲ</span> <span class='ocrx_word' id='word_1_569' title='bbox 2723 710 3105 781; x_wconf 80' lang='grc' dir='ltr'>ἀσχημοσύνην</span> <span class='ocrx_word' id='word_1_570' title='bbox 3142 710 3203 761; x_wconf 88' lang='lat'>16</span> <span class='ocrx_word' id='word_1_571' title='bbox 3248 710 3480 779; x_wconf 81' lang='grc' dir='ltr'>πρᾶγμα</span> 
     </span>
    </p>
   </div>
   <div class='ocr_carea' id='block_1_72' title="bbox 1904 788 3487 866">
    <p class='ocr_par' dir='ltr' id='par_1_72' title="bbox 1904 788 3487 866">
     <span class='ocr_line' id='line_1_72' title="bbox 1904 788 3487 866; baseline 0 -23"><span class='ocrx_word' id='word_1_572' title='bbox 1904 788 2042 845; x_wconf 84' lang='grc' dir='ltr'>εἶναι</span> <span class='ocrx_word' id='word_1_573' title='bbox 2065 792 2313 861; x_wconf 81' lang='grc' dir='ltr'>νομίζει·</span> <span class='ocrx_word' id='word_1_574' title='bbox 2350 796 2555 857; x_wconf 87' lang='grc' dir='ltr'>ἐκεῖνος</span> <span class='ocrx_word' id='word_1_575' title='bbox 2585 794 2692 866; x_wconf 88' lang='grc' dir='ltr'>γάρ</span> <span class='ocrx_word' id='word_1_576' title='bbox 2729 794 2890 856; x_wconf 87' lang='grc' dir='ltr'>αὐτός</span> <span class='ocrx_word' id='word_1_577' title='bbox 2928 795 3043 846; x_wconf 87' lang='grc' dir='ltr'>ἐστι</span> <span class='ocrx_word' id='word_1_578' title='bbox 3071 791 3279 846; x_wconf 83' lang='grc' dir='ltr'>λοιπόν.</span> <span class='ocrx_word' id='word_1_579' title='bbox 3314 790 3487 845; x_wconf 80' lang='grc' dir='ltr'>Τοῦτο</span> 
     </span>
    </p>
   </div>
   <div class='ocr_carea' id='block_1_73' title="bbox 1905 871 3486 947">
    <p class='ocr_par' dir='ltr' id='par_1_73' title="bbox 1905 871 3486 947">
     <span class='ocr_line' id='line_1_73' title="bbox 1905 871 3486 947; baseline -0.001 -20"><span class='ocrx_word' id='word_1_580' title='bbox 1905 875 2013 944; x_wconf 86' lang='grc' dir='ltr'>γάρ</span> <span class='ocrx_word' id='word_1_581' title='bbox 2052 877 2165 927; x_wconf 85' lang='grc' dir='ltr'>ἐστι</span> <span class='ocrx_word' id='word_1_582' title='bbox 2207 876 2376 943; x_wconf 88' lang='grc' dir='ltr'>φιλία,</span> <span class='ocrx_word' id='word_1_583' title='bbox 2432 877 2628 947; x_wconf 86' lang='grc' dir='ltr'>μηκέτι</span> <span class='ocrx_word' id='word_1_584' title='bbox 2684 871 2823 929; x_wconf 77' lang='grc' dir='ltr'>εἶναι</span> <span class='ocrx_word' id='word_1_585' title='bbox 2867 875 2958 929; x_wconf 85' lang='grc' dir='ltr'>τὸν</span> <span class='ocrx_word' id='word_1_586' title='bbox 2980 875 3237 945; x_wconf 79' lang='grc' dir='ltr'>φιλοῦντα</span> <span class='ocrx_word' id='word_1_587' title='bbox 3276 873 3486 928; x_wconf 80' lang='grc' dir='ltr'>καὶτὸν</span> 
     </span>
    </p>
   </div>
   <div class='ocr_carea' id='block_1_74' title="bbox 1905 956 3485 1030">
    <p class='ocr_par' dir='ltr' id='par_1_74' title="bbox 1905 956 3485 1030">
     <span class='ocr_line' id='line_1_74' title="bbox 1905 956 3485 1030; baseline 0 -21"><span class='ocrx_word' id='word_1_588' title='bbox 1905 958 2227 1026; x_wconf 85' lang='grc' dir='ltr'>φιλούμενον</span> <span class='ocrx_word' id='word_1_589' title='bbox 2276 959 2369 1012; x_wconf 88' lang='grc' dir='ltr'>δύο</span> <span class='ocrx_word' id='word_1_590' title='bbox 2403 959 2785 1030; x_wconf 77' lang='grc' dir='ltr'>διῃρημένους,</span> <span class='ocrx_word' id='word_1_591' title='bbox 2818 958 2933 1011; x_wconf 87' lang='grc' dir='ltr'>ἀλλ’</span> <span class='ocrx_word' id='word_1_592' title='bbox 2986 960 3082 1012; x_wconf 70' lang='grc' dir='ltr'>ἕνα</span> <span class='ocrx_word' id='word_1_593' title='bbox 3118 958 3242 1012; x_wconf 89' lang='grc' dir='ltr'>τινά</span> <span class='ocrx_word' id='word_1_594' title='bbox 3276 956 3485 1029; x_wconf 81' lang='grc' dir='ltr'>ἀνθρω-</span> 
     </span>
    </p>
   </div>
   <div class='ocr_carea' id='block_1_75' title="bbox 1906 1039 3490 1114">
    <p class='ocr_par' dir='ltr' id='par_1_75' title="bbox 1906 1039 3490 1114">
     <span class='ocr_line' id='line_1_75' title="bbox 1906 1039 3490 1114; baseline -0.003 -18"><span class='ocrx_word' id='word_1_595' title='bbox 1906 1060 2004 1096; x_wconf 91' lang='grc' dir='ltr'>πον</span> <span class='ocrx_word' id='word_1_596' title='bbox 2028 1060 2040 1072; x_wconf 92' lang='grc'>·</span> <span class='ocrx_word' id='word_1_597' title='bbox 2075 1045 2211 1114; x_wconf 85' lang='grc' dir='ltr'>ὅπερ</span> <span class='ocrx_word' id='word_1_598' title='bbox 2263 1042 2579 1113; x_wconf 82' lang='grc' dir='ltr'>οὐδαμόθεν,</span> <span class='ocrx_word' id='word_1_599' title='bbox 2629 1043 2743 1095; x_wconf 83' lang='grc' dir='ltr'>ἀλλ’</span> <span class='ocrx_word' id='word_1_600' title='bbox 2778 1042 2810 1111; x_wconf 84' lang='grc' dir='ltr'>ἢ</span> <span class='ocrx_word' id='word_1_601' title='bbox 2840 1042 2948 1094; x_wconf 84' lang='grc' dir='ltr'>ἀπὸ</span> <span class='ocrx_word' id='word_1_602' title='bbox 2971 1045 3070 1111; x_wconf 85' lang='grc' dir='ltr'>τῆς</span> <span class='ocrx_word' id='word_1_603' title='bbox 3094 1042 3316 1112; x_wconf 85' lang='grc' dir='ltr'>ἀγάπης</span> <span class='ocrx_word' id='word_1_604' title='bbox 3347 1039 3490 1108; x_wconf 83' lang='grc' dir='ltr'>γίνε-</span> 
     </span>
    </p>
   </div>
   <div class='ocr_carea' id='block_1_76' title="bbox 1903 1123 3489 1197">
    <p class='ocr_par' dir='ltr' id='par_1_76' title="bbox 1903 1123 3489 1197">
     <span class='ocr_line' id='line_1_76' title="bbox 1903 1123 3489 1197; baseline -0.004 -16"><span class='ocrx_word' id='word_1_605' title='bbox 1903 1145 2011 1181; x_wconf 88' lang='grc' dir='ltr'>ται.</span> <span class='ocrx_word' id='word_1_606' title='bbox 2050 1127 2142 1197; x_wconf 82' lang='grc' dir='ltr'>Μὴ</span> <span class='ocrx_word' id='word_1_607' title='bbox 2177 1127 2357 1180; x_wconf 89' lang='grc' dir='ltr'>τοίνυν</span> <span class='ocrx_word' id='word_1_608' title='bbox 2388 1127 2541 1196; x_wconf 87' lang='grc' dir='ltr'>ζήτει</span> <span class='ocrx_word' id='word_1_609' title='bbox 2571 1126 2632 1178; x_wconf 88' lang='lat'>16</span> <span class='ocrx_word' id='word_1_610' title='bbox 2662 1126 2774 1187; x_wconf 78' lang='grc' dir='ltr'>σὸν,</span> <span class='ocrx_word' id='word_1_611' title='bbox 2825 1127 2910 1178; x_wconf 79' lang='grc' dir='ltr'>ἵνα</span> <span class='ocrx_word' id='word_1_612' title='bbox 2954 1123 3121 1195; x_wconf 81' lang='grc' dir='ltr'>ε’ύρῃς</span> <span class='ocrx_word' id='word_1_613' title='bbox 3159 1123 3222 1176; x_wconf 89' lang='lat'>16</span> <span class='ocrx_word' id='word_1_614' title='bbox 3266 1125 3376 1177; x_wconf 90' lang='grc' dir='ltr'>σόν.</span> <span class='ocrx_word' id='word_1_615' title='bbox 3432 1124 3489 1175; x_wconf 87' lang='grc'>’0</span> 
     </span>
    </p>
   </div>
   <div class='ocr_carea' id='block_1_77' title="bbox 1901 1204 3490 1279">
    <p class='ocr_par' dir='ltr' id='par_1_77' title="bbox 1901 1204 3490 1279">
     <span class='ocr_line' id='line_1_77' title="bbox 1901 1204 3490 1279; baseline -0.002 -19"><span class='ocrx_word' id='word_1_616' title='bbox 1901 1209 2011 1279; x_wconf 77' lang='grc' dir='ltr'>γάρ</span> <span class='ocrx_word' id='word_1_617' title='bbox 2052 1209 2233 1278; x_wconf 83' lang='grc' dir='ltr'>ζητῶν</span> <span class='ocrx_word' id='word_1_618' title='bbox 2262 1210 2324 1262; x_wconf 85' lang='grc' dir='ltr'>τὸ</span> <span class='ocrx_word' id='word_1_619' title='bbox 2353 1208 2570 1275; x_wconf 77' lang='grc' dir='ltr'>ἑαυτοῦ,</span> <span class='ocrx_word' id='word_1_620' title='bbox 2621 1209 2719 1277; x_wconf 87' lang='grc' dir='ltr'>οὐχ</span> <span class='ocrx_word' id='word_1_621' title='bbox 2757 1208 3003 1278; x_wconf 83' lang='grc' dir='ltr'>εὑρίσκει</span> <span class='ocrx_word' id='word_1_622' title='bbox 3036 1204 3096 1259; x_wconf 88' lang='lat'>16</span> <span class='ocrx_word' id='word_1_623' title='bbox 3129 1206 3347 1262; x_wconf 79' lang='grc' dir='ltr'>ἑαυτοῦ.</span> <span class='ocrx_word' id='word_1_624' title='bbox 3397 1205 3490 1258; x_wconf 73' lang='grc' dir='ltr'>Διὸ</span> 
     </span>
    </p>
   </div>
   <div class='ocr_carea' id='block_1_78' title="bbox 1900 1286 3485 1362">
    <p class='ocr_par' dir='ltr' id='par_1_78' title="bbox 1900 1286 3485 1362">
     <span class='ocr_line' id='line_1_78' title="bbox 1900 1286 3485 1362; baseline -0.001 -19"><span class='ocrx_word' id='word_1_625' title='bbox 1900 1292 1995 1343; x_wconf 73' lang='grc' dir='ltr'>καὶ</span> <span class='ocrx_word' id='word_1_626' title='bbox 2038 1293 2066 1343; x_wconf 87' lang='grc' dir='ltr'>ὁ</span> <span class='ocrx_word' id='word_1_627' title='bbox 2116 1291 2329 1355; x_wconf 78' lang='grc' dir='ltr'>Παῦλος</span> <span class='ocrx_word' id='word_1_628' title='bbox 2376 1290 2553 1359; x_wconf 81' lang='grc' dir='ltr'>ἔλεγε,</span> <span class='ocrx_word' id='word_1_629' title='bbox 2610 1290 2831 1357; x_wconf 79' lang='grc' dir='ltr'>Μηδεὶς</span> <span class='ocrx_word' id='word_1_630' title='bbox 2864 1290 2929 1342; x_wconf 84' lang='grc' dir='ltr'>τὸ</span> <span class='ocrx_word' id='word_1_631' title='bbox 2960 1288 3181 1344; x_wconf 78' lang='grc' dir='ltr'>ἑαυτοῦ</span> <span class='ocrx_word' id='word_1_632' title='bbox 3229 1286 3485 1362; x_wconf 79' lang='grc' dir='ltr'>ζητείτω,</span> 
     </span>
    </p>
   </div>
   <div class='ocr_carea' id='block_1_79' title="bbox 1901 1373 3488 1443">
    <p class='ocr_par' dir='ltr' id='par_1_79' title="bbox 1901 1373 3488 1443">
     <span class='ocr_line' id='line_1_79' title="bbox 1901 1373 3488 1443; baseline -0.001 -16"><span class='ocrx_word' id='word_1_633' title='bbox 1901 1376 2063 1428; x_wconf 75' lang='grc' dir='ltr'>ἀλλὰ</span> <span class='ocrx_word' id='word_1_634' title='bbox 2104 1374 2169 1427; x_wconf 86' lang='grc' dir='ltr'>τὸ</span> <span class='ocrx_word' id='word_1_635' title='bbox 2218 1375 2323 1428; x_wconf 83' lang='grc' dir='ltr'>τοῦ</span> <span class='ocrx_word' id='word_1_636' title='bbox 2378 1375 2653 1443; x_wconf 73' lang='grc' dir='ltr'>πλησίον</span> <span class='ocrx_word' id='word_1_637' title='bbox 2689 1374 2972 1439; x_wconf 76' lang='grc' dir='ltr'>ἕκαστος.</span> <span class='ocrx_word' id='word_1_638' title='bbox 3015 1374 3089 1426; x_wconf 83' lang='grc' dir='ltr'>Τὸ</span> <span class='ocrx_word' id='word_1_639' title='bbox 3130 1373 3240 1442; x_wconf 85' lang='grc' dir='ltr'>γὰρ</span> <span class='ocrx_word' id='word_1_640' title='bbox 3291 1374 3488 1426; x_wconf 79' lang='grc' dir='ltr'>οἰκεῖον</span> 
     </span>
    </p>
   </div>
   <div class='ocr_carea' id='block_1_80' title="bbox 1905 1453 3488 1527">
    <p class='ocr_par' dir='ltr' id='par_1_80' title="bbox 1905 1453 3488 1527">
     <span class='ocr_line' id='line_1_80' title="bbox 1905 1453 3488 1527; baseline -0.001 -19"><span class='ocrx_word' id='word_1_641' title='bbox 1905 1457 2181 1526; x_wconf 88' lang='grc' dir='ltr'>συμφέρον</span> <span class='ocrx_word' id='word_1_642' title='bbox 2207 1458 2265 1509; x_wconf 83' lang='grc' dir='ltr'>ἐν</span> <span class='ocrx_word' id='word_1_643' title='bbox 2302 1457 2379 1525; x_wconf 89' lang='grc' dir='ltr'>τῷ</span> <span class='ocrx_word' id='word_1_644' title='bbox 2404 1458 2497 1509; x_wconf 83' lang='grc' dir='ltr'>τοῦ</span> <span class='ocrx_word' id='word_1_645' title='bbox 2528 1457 2755 1525; x_wconf 84' lang='grc' dir='ltr'>πλησίον</span> <span class='ocrx_word' id='word_1_646' title='bbox 2788 1458 3118 1527; x_wconf 88' lang='grc' dir='ltr'>συμφέροντι</span> <span class='ocrx_word' id='word_1_647' title='bbox 3165 1459 3363 1519; x_wconf 87' lang='grc' dir='ltr'>κεῖται,</span> <span class='ocrx_word' id='word_1_648' title='bbox 3394 1453 3488 1508; x_wconf 72' lang='grc' dir='ltr'>καὶ</span> 
     </span>
    </p>
   </div>
   <div class='ocr_carea' id='block_1_81' title="bbox 1901 1537 3489 1611">
    <p class='ocr_par' dir='ltr' id='par_1_81' title="bbox 1901 1537 3489 1611">
     <span class='ocr_line' id='line_1_81' title="bbox 1901 1537 3489 1611; baseline 0 -20"><span class='ocrx_word' id='word_1_649' title='bbox 1901 1541 1962 1592; x_wconf 91' lang='lat'>16</span> <span class='ocrx_word' id='word_1_650' title='bbox 1990 1539 2198 1591; x_wconf 85' lang='grc' dir='ltr'>ἐκείνου</span> <span class='ocrx_word' id='word_1_651' title='bbox 2234 1542 2292 1592; x_wconf 87' lang='grc' dir='ltr'>ἐν</span> <span class='ocrx_word' id='word_1_652' title='bbox 2323 1539 2518 1609; x_wconf 84' lang='grc' dir='ltr'>τούτῳ.</span> <span class='ocrx_word' id='word_1_653' title='bbox 2546 1541 2758 1611; x_wconf 83' lang='grc' dir='ltr'>’Ὠσπερ</span> <span class='ocrx_word' id='word_1_654' title='bbox 2796 1537 2889 1593; x_wconf 80' lang='grc' dir='ltr'>οὖν</span> <span class='ocrx_word' id='word_1_655' title='bbox 2919 1542 2971 1593; x_wconf 81' lang='grc' dir='ltr'>εί</span> <span class='ocrx_word' id='word_1_656' title='bbox 2995 1558 3075 1605; x_wconf 87' lang='grc' dir='ltr'>τις</span> <span class='ocrx_word' id='word_1_657' title='bbox 3113 1539 3334 1611; x_wconf 86' lang='grc' dir='ltr'>χρυσίον</span> <span class='ocrx_word' id='word_1_658' title='bbox 3360 1540 3489 1593; x_wconf 84' lang='grc' dir='ltr'>ἴδιον</span> 
     </span>
    </p>
   </div>
   <div class='ocr_carea' id='block_1_82' title="bbox 1903 1624 3491 1694">
    <p class='ocr_par' dir='ltr' id='par_1_82' title="bbox 1903 1624 3491 1694">
     <span class='ocr_line' id='line_1_82' title="bbox 1903 1624 3491 1694; baseline -0.001 -18"><span class='ocrx_word' id='word_1_659' title='bbox 1903 1626 1959 1677; x_wconf 90' lang='grc' dir='ltr'>ἐν</span> <span class='ocrx_word' id='word_1_660' title='bbox 1992 1626 2058 1693; x_wconf 85' lang='grc' dir='ltr'>τῇ</span> <span class='ocrx_word' id='word_1_661' title='bbox 2095 1624 2243 1692; x_wconf 74' lang='grc' dir='ltr'>οίκίᾳ</span> <span class='ocrx_word' id='word_1_662' title='bbox 2271 1626 2337 1693; x_wconf 84' lang='grc' dir='ltr'>τῇ</span> <span class='ocrx_word' id='word_1_663' title='bbox 2369 1624 2463 1675; x_wconf 90' lang='grc' dir='ltr'>τοῦ</span> <span class='ocrx_word' id='word_1_664' title='bbox 2499 1624 2723 1690; x_wconf 89' lang='grc' dir='ltr'>πλησίον</span> <span class='ocrx_word' id='word_1_665' title='bbox 2754 1625 3174 1694; x_wconf 88' lang='grc' dir='ltr'>κατωρυγμένον</span> <span class='ocrx_word' id='word_1_666' title='bbox 3216 1626 3264 1677; x_wconf 86' lang='grc' dir='ltr'>εί</span> <span class='ocrx_word' id='word_1_667' title='bbox 3295 1641 3491 1693; x_wconf 85' lang='grc' dir='ltr'>παραι-</span> 
     </span>
    </p>
   </div>
   <div class='ocr_carea' id='block_1_83' title="bbox 1903 1706 3487 1777">
    <p class='ocr_par' dir='ltr' id='par_1_83' title="bbox 1903 1706 3487 1777">
     <span class='ocr_line' id='line_1_83' title="bbox 1903 1706 3487 1777; baseline -0.001 -19"><span class='ocrx_word' id='word_1_668' title='bbox 1903 1710 2046 1758; x_wconf 85' lang='grc' dir='ltr'>τοῐτο</span> <span class='ocrx_word' id='word_1_669' title='bbox 2081 1706 2249 1759; x_wconf 83' lang='grc' dir='ltr'>ἐλθὼν</span> <span class='ocrx_word' id='word_1_670' title='bbox 2287 1708 2401 1759; x_wconf 87' lang='grc' dir='ltr'>ἐκεῖ</span> <span class='ocrx_word' id='word_1_671' title='bbox 2452 1706 2635 1776; x_wconf 81' lang='grc' dir='ltr'>ζητεῖν</span> <span class='ocrx_word' id='word_1_672' title='bbox 2690 1708 2784 1760; x_wconf 76' lang='grc' dir='ltr'>καὶ</span> <span class='ocrx_word' id='word_1_673' title='bbox 2841 1707 3181 1777; x_wconf 84' lang='grc' dir='ltr'>ἀνορύττειν,</span> <span class='ocrx_word' id='word_1_674' title='bbox 3233 1707 3487 1759; x_wconf 82' lang='grc' dir='ltr'>οὐδέποτε</span> 
     </span>
    </p>
   </div>
   <div class='ocr_carea' id='block_1_84' title="bbox 1905 1789 3490 1860">
    <p class='ocr_par' dir='ltr' id='par_1_84' title="bbox 1905 1789 3490 1860">
     <span class='ocr_line' id='line_1_84' title="bbox 1905 1789 3490 1860; baseline -0.002 -17"><span class='ocrx_word' id='word_1_675' title='bbox 1905 1791 2035 1843; x_wconf 72' lang='grc' dir='ltr'>αὐτὸ</span> <span class='ocrx_word' id='word_1_676' title='bbox 2065 1790 2276 1859; x_wconf 68' lang='grc' dir='ltr'>ὄψεται·</span> <span class='ocrx_word' id='word_1_677' title='bbox 2315 1789 2457 1842; x_wconf 75' lang='grc' dir='ltr'>οὕτω</span> <span class='ocrx_word' id='word_1_678' title='bbox 2486 1791 2579 1842; x_wconf 88' lang='grc' dir='ltr'>καί</span> <span class='ocrx_word' id='word_1_679' title='bbox 2609 1789 2842 1844; x_wconf 82' lang='grc' dir='ltr'>ἐνταῦθα</span> <span class='ocrx_word' id='word_1_680' title='bbox 2880 1792 2907 1842; x_wconf 91' lang='grc' dir='ltr'>ὁ</span> <span class='ocrx_word' id='word_1_681' title='bbox 2943 1789 3017 1860; x_wconf 85' lang='grc' dir='ltr'>μὴ</span> <span class='ocrx_word' id='word_1_682' title='bbox 3046 1789 3368 1860; x_wconf 82' lang='grc' dir='ltr'>βουλόμενος</span> <span class='ocrx_word' id='word_1_683' title='bbox 3397 1791 3490 1843; x_wconf 76' lang='grc' dir='ltr'>καὶ</span> 
     </span>
    </p>
   </div>
   <div class='ocr_carea' id='block_1_85' title="bbox 1908 1872 3492 1944">
    <p class='ocr_par' dir='ltr' id='par_1_85' title="bbox 1908 1872 3492 1944">
     <span class='ocr_line' id='line_1_85' title="bbox 1908 1872 3492 1944; baseline -0.002 -17"><span class='ocrx_word' id='word_1_684' title='bbox 1908 1879 1963 1927; x_wconf 85' lang='grc' dir='ltr'>ἐν</span> <span class='ocrx_word' id='word_1_685' title='bbox 1990 1876 2057 1944; x_wconf 80' lang='grc' dir='ltr'>τῇ</span> <span class='ocrx_word' id='word_1_686' title='bbox 2087 1873 2179 1925; x_wconf 91' lang='grc' dir='ltr'>τοῦ</span> <span class='ocrx_word' id='word_1_687' title='bbox 2215 1873 2439 1943; x_wconf 83' lang='grc' dir='ltr'>πλησίον</span> <span class='ocrx_word' id='word_1_688' title='bbox 2467 1872 2705 1944; x_wconf 80' lang='grc' dir='ltr'>ὠφελείᾳ</span> <span class='ocrx_word' id='word_1_689' title='bbox 2735 1874 2796 1926; x_wconf 90' lang='lat'>16</span> <span class='ocrx_word' id='word_1_690' title='bbox 2846 1875 3041 1925; x_wconf 87' lang='grc' dir='ltr'>οἰκεῖον</span> <span class='ocrx_word' id='word_1_691' title='bbox 3092 1874 3370 1944; x_wconf 86' lang='grc' dir='ltr'>συμφέρον</span> <span class='ocrx_word' id='word_1_692' title='bbox 3398 1872 3492 1941; x_wconf 82' lang='grc' dir='ltr'>ζη-</span> 
     </span>
    </p>
   </div>
   <div class='ocr_carea' id='block_1_86' title="bbox 1906 1954 3488 2027">
    <p class='ocr_par' dir='ltr' id='par_1_86' title="bbox 1906 1954 3488 2027">
     <span class='ocr_line' id='line_1_86' title="bbox 1906 1954 3488 2027; baseline 0.001 -18"><span class='ocrx_word' id='word_1_693' title='bbox 1906 1960 2039 2018; x_wconf 84' lang='grc' dir='ltr'>τεῖν,</span> <span class='ocrx_word' id='word_1_694' title='bbox 2091 1958 2190 2009; x_wconf 78' lang='grc' dir='ltr'>οὐκ</span> <span class='ocrx_word' id='word_1_695' title='bbox 2232 1956 2573 2020; x_wconf 81' lang='grc' dir='ltr'>ἐπιτεύξεται</span> <span class='ocrx_word' id='word_1_696' title='bbox 2627 1954 2733 2009; x_wconf 90' lang='grc' dir='ltr'>τῶν</span> <span class='ocrx_word' id='word_1_697' title='bbox 2767 1956 2908 2027; x_wconf 81' lang='grc' dir='ltr'>ὑπὲρ</span> <span class='ocrx_word' id='word_1_698' title='bbox 2947 1955 3139 2010; x_wconf 89' lang='grc' dir='ltr'>τούτου</span> <span class='ocrx_word' id='word_1_699' title='bbox 3187 1957 3488 2025; x_wconf 86' lang='grc' dir='ltr'>στεφάνων.</span> 
     </span>
    </p>
   </div>
   <div class='ocr_carea' id='block_1_87' title="bbox 1908 2040 3493 2111">
    <p class='ocr_par' dir='ltr' id='par_1_87' title="bbox 1908 2040 3493 2111">
     <span class='ocr_line' id='line_1_87' title="bbox 1908 2040 3493 2111; baseline 0.001 -20"><span class='ocrx_word' id='word_1_700' title='bbox 1908 2042 2017 2093; x_wconf 71' lang='grc' dir='ltr'>Καὶ</span> <span class='ocrx_word' id='word_1_701' title='bbox 2042 2040 2151 2107; x_wconf 78' lang='grc' dir='ltr'>γὰρ</span> <span class='ocrx_word' id='word_1_702' title='bbox 2189 2043 2215 2093; x_wconf 91' lang='lat'>6</span> <span class='ocrx_word' id='word_1_703' title='bbox 2245 2040 2375 2103; x_wconf 75' lang='grc' dir='ltr'>Θεὸς</span> <span class='ocrx_word' id='word_1_704' title='bbox 2405 2040 2493 2093; x_wconf 84' lang='grc' dir='ltr'>διὰ</span> <span class='ocrx_word' id='word_1_705' title='bbox 2519 2041 2677 2093; x_wconf 85' lang='grc' dir='ltr'>τοῦτο</span> <span class='ocrx_word' id='word_1_706' title='bbox 2707 2040 2881 2104; x_wconf 82' lang='grc' dir='ltr'>οὓτως</span> <span class='ocrx_word' id='word_1_707' title='bbox 2905 2042 3036 2095; x_wconf 85' lang='grc' dir='ltr'>αὐτὸ</span> <span class='ocrx_word' id='word_1_708' title='bbox 3065 2040 3386 2111; x_wconf 84' lang='grc' dir='ltr'>κατέθηκεν,</span> <span class='ocrx_word' id='word_1_709' title='bbox 3406 2041 3493 2094; x_wconf 78' lang='grc' dir='ltr'>ῐνιι</span> 
     </span>
    </p>
   </div>
   <div class='ocr_carea' id='block_1_88' title="bbox 1905 2117 3494 2194">
    <p class='ocr_par' dir='ltr' id='par_1_88' title="bbox 1905 2117 3494 2194">
     <span class='ocr_line' id='line_1_88' title="bbox 1905 2117 3494 2194; baseline 0.001 -19"><span class='ocrx_word' id='word_1_710' title='bbox 1905 2117 2055 2191; x_wconf 79' lang='grc' dir='ltr'>ὦμεν</span> <span class='ocrx_word' id='word_1_711' title='bbox 2084 2124 2335 2192; x_wconf 87' lang='grc' dir='ltr'>ἀλλήλοις</span> <span class='ocrx_word' id='word_1_712' title='bbox 2365 2124 2755 2193; x_wconf 89' lang='grc' dir='ltr'>συνδεδεμένοι.</span> <span class='ocrx_word' id='word_1_713' title='bbox 2801 2125 2910 2177; x_wconf 75' lang='grc' dir='ltr'>Καὶ</span> <span class='ocrx_word' id='word_1_714' title='bbox 2942 2124 3131 2194; x_wconf 81' lang='grc' dir='ltr'>ὥσπερ</span> <span class='ocrx_word' id='word_1_715' title='bbox 3169 2141 3253 2187; x_wconf 89' lang='grc' dir='ltr'>τις</span> <span class='ocrx_word' id='word_1_716' title='bbox 3284 2124 3494 2177; x_wconf 84' lang='grc' dir='ltr'>παιδίον</span> 
     </span>
    </p>
   </div>
   <div class='ocr_carea' id='block_1_89' title="bbox 1908 2207 3494 2278">
    <p class='ocr_par' dir='ltr' id='par_1_89' title="bbox 1908 2207 3494 2278">
     <span class='ocr_line' id='line_1_89' title="bbox 1908 2207 3494 2278; baseline 0.001 -19"><span class='ocrx_word' id='word_1_717' title='bbox 1908 2207 2143 2277; x_wconf 87' lang='grc' dir='ltr'>ὐπνηλὸν</span> <span class='ocrx_word' id='word_1_718' title='bbox 2193 2207 2479 2277; x_wconf 82' lang='grc' dir='ltr'>διεγείρων</span> <span class='ocrx_word' id='word_1_719' title='bbox 2523 2208 2603 2277; x_wconf 90' lang='grc' dir='ltr'>τῷ</span> <span class='ocrx_word' id='word_1_720' title='bbox 2637 2207 2853 2278; x_wconf 86' lang='grc' dir='ltr'>ἀδελφῷ</span> <span class='ocrx_word' id='word_1_721' title='bbox 2896 2208 3336 2272; x_wconf 87' lang='grc' dir='ltr'>κατακολουθεῖν,</span> <span class='ocrx_word' id='word_1_722' title='bbox 3367 2208 3494 2262; x_wconf 79' lang='grc' dir='ltr'>ὅταν</span> 
     </span>
    </p>
   </div>
   <div class='ocr_carea' id='block_1_90' title="bbox 1905 2290 3493 2363">
    <p class='ocr_par' dir='ltr' id='par_1_90' title="bbox 1905 2290 3493 2363">
     <span class='ocr_line' id='line_1_90' title="bbox 1905 2290 3493 2363; baseline 0.001 -19"><span class='ocrx_word' id='word_1_723' title='bbox 1905 2292 2115 2344; x_wconf 88' lang='grc' dir='ltr'>οἴκοθεν</span> <span class='ocrx_word' id='word_1_724' title='bbox 2144 2291 2217 2361; x_wconf 80' lang='grc' dir='ltr'>μὴ</span> <span class='ocrx_word' id='word_1_725' title='bbox 2251 2290 2510 2360; x_wconf 82' lang='grc' dir='ltr'>βούλοιτο,</span> <span class='ocrx_word' id='word_1_726' title='bbox 2539 2292 2599 2343; x_wconf 87' lang='lat'>16</span> <span class='ocrx_word' id='word_1_727' title='bbox 2626 2291 2963 2362; x_wconf 74' lang='grc' dir='ltr'>ἐπιθυμητὸν</span> <span class='ocrx_word' id='word_1_728' title='bbox 2992 2292 3141 2362; x_wconf 90' lang='grc' dir='ltr'>αὐτῷ</span> <span class='ocrx_word' id='word_1_729' title='bbox 3171 2292 3264 2361; x_wconf 72' lang='grc' dir='ltr'>καὶ</span> <span class='ocrx_word' id='word_1_730' title='bbox 3294 2292 3493 2363; x_wconf 84' lang='grc' dir='ltr'>ἐπέρα·</span> 
     </span>
    </p>
   </div>
   <div class='ocr_carea' id='block_1_91' title="bbox 1909 2372 3493 2444">
    <p class='ocr_par' dir='ltr' id='par_1_91' title="bbox 1909 2372 3493 2444">
     <span class='ocr_line' id='line_1_91' title="bbox 1909 2372 3493 2444; baseline -0.001 -16"><span class='ocrx_word' id='word_1_731' title='bbox 1909 2392 2032 2428; x_wconf 88' lang='grc' dir='ltr'>στον</span> <span class='ocrx_word' id='word_1_732' title='bbox 2059 2373 2350 2443; x_wconf 77' lang='grc' dir='ltr'>ἐγχειρίζει</span> <span class='ocrx_word' id='word_1_733' title='bbox 2378 2372 2455 2444; x_wconf 89' lang='grc' dir='ltr'>τῷ</span> <span class='ocrx_word' id='word_1_734' title='bbox 2478 2372 2713 2442; x_wconf 86' lang='grc' dir='ltr'>ἀδελφῷ,</span> <span class='ocrx_word' id='word_1_735' title='bbox 2750 2373 2835 2425; x_wconf 79' lang='grc' dir='ltr'>ἵνα</span> <span class='ocrx_word' id='word_1_736' title='bbox 2883 2374 3151 2444; x_wconf 78' lang='grc' dir='ltr'>ἐπιθυμίᾳ</span> <span class='ocrx_word' id='word_1_737' title='bbox 3179 2374 3274 2427; x_wconf 91' lang='grc' dir='ltr'>τοῦ</span> <span class='ocrx_word' id='word_1_738' title='bbox 3310 2374 3493 2427; x_wconf 81' lang='grc' dir='ltr'>λαϐεῖν</span> 
     </span>
    </p>
   </div>
   <div class='ocr_carea' id='block_1_92' title="bbox 1908 2455 3496 2530">
    <p class='ocr_par' dir='ltr' id='par_1_92' title="bbox 1908 2455 3496 2530">
     <span class='ocr_line' id='line_1_92' title="bbox 1908 2455 3496 2530; baseline -0.001 -19"><span class='ocrx_word' id='word_1_739' title='bbox 1908 2458 2222 2530; x_wconf 83' lang='grc' dir='ltr'>καταδιώκῃ</span> <span class='ocrx_word' id='word_1_740' title='bbox 2268 2459 2358 2511; x_wconf 75' lang='grc' dir='ltr'>τὸν</span> <span class='ocrx_word' id='word_1_741' title='bbox 2408 2457 2728 2527; x_wconf 85' lang='grc' dir='ltr'>κατέχοντα,</span> <span class='ocrx_word' id='word_1_742' title='bbox 2761 2455 2788 2508; x_wconf 88' lang='grc' dir='ltr'>ὃ</span> <span class='ocrx_word' id='word_1_743' title='bbox 2827 2456 2890 2526; x_wconf 85' lang='grc' dir='ltr'>δὴ</span> <span class='ocrx_word' id='word_1_744' title='bbox 2926 2457 3296 2525; x_wconf 73' lang='grc' dir='ltr'>καὶγίνεται·</span> <span class='ocrx_word' id='word_1_745' title='bbox 3353 2456 3496 2510; x_wconf 77' lang='grc' dir='ltr'>οὕτω</span> 
     </span>
    </p>
   </div>
   <div class='ocr_carea' id='block_1_93' title="bbox 1908 2539 3492 2611">
    <p class='ocr_par' dir='ltr' id='par_1_93' title="bbox 1908 2539 3492 2611">
     <span class='ocr_line' id='line_1_93' title="bbox 1908 2539 3492 2611; baseline -0.001 -17"><span class='ocrx_word' id='word_1_746' title='bbox 1908 2543 1999 2594; x_wconf 74' lang='grc' dir='ltr'>καὶ</span> <span class='ocrx_word' id='word_1_747' title='bbox 2040 2541 2272 2594; x_wconf 83' lang='grc' dir='ltr'>ἐνταῦθα</span> <span class='ocrx_word' id='word_1_748' title='bbox 2305 2542 2365 2593; x_wconf 89' lang='lat'>16</span> <span class='ocrx_word' id='word_1_749' title='bbox 2415 2540 2631 2611; x_wconf 81' lang='grc' dir='ltr'>ἑκάστῳ</span> <span class='ocrx_word' id='word_1_750' title='bbox 2663 2539 2943 2610; x_wconf 84' lang='grc' dir='ltr'>συμφέρον</span> <span class='ocrx_word' id='word_1_751' title='bbox 2984 2539 3062 2610; x_wconf 88' lang='grc' dir='ltr'>τῷ</span> <span class='ocrx_word' id='word_1_752' title='bbox 3105 2540 3332 2611; x_wconf 82' lang='grc' dir='ltr'>πλησίον</span> <span class='ocrx_word' id='word_1_753' title='bbox 3361 2540 3492 2593; x_wconf 81' lang='grc' dir='ltr'>ἐδω-</span> 
     </span>
    </p>
   </div>
   <div class='ocr_carea' id='block_1_94' title="bbox 1907 2623 3494 2694">
    <p class='ocr_par' dir='ltr' id='par_1_94' title="bbox 1907 2623 3494 2694">
     <span class='ocr_line' id='line_1_94' title="bbox 1907 2623 3494 2694; baseline 0 -19"><span class='ocrx_word' id='word_1_754' title='bbox 1907 2641 2024 2683; x_wconf 87' lang='grc' dir='ltr'>κεν,</span> <span class='ocrx_word' id='word_1_755' title='bbox 2068 2625 2155 2675; x_wconf 78' lang='grc' dir='ltr'>ἵνα</span> <span class='ocrx_word' id='word_1_756' title='bbox 2201 2624 2445 2693; x_wconf 91' lang='grc' dir='ltr'>ἀλλήλων</span> <span class='ocrx_word' id='word_1_757' title='bbox 2478 2623 2730 2677; x_wconf 83' lang='grc' dir='ltr'>ἐντεῦθεν</span> <span class='ocrx_word' id='word_1_758' title='bbox 2782 2624 3227 2694; x_wconf 85' lang='grc' dir='ltr'>κατατρέχωμεν,</span> <span class='ocrx_word' id='word_1_759' title='bbox 3275 2625 3370 2676; x_wconf 68' lang='grc' dir='ltr'>καὶ</span> <span class='ocrx_word' id='word_1_760' title='bbox 3421 2625 3494 2693; x_wconf 76' lang='grc' dir='ltr'>μὴ</span> 
     </span>
    </p>
   </div>
   <div class='ocr_carea' id='block_1_95' title="bbox 1906 2701 3494 2776">
    <p class='ocr_par' dir='ltr' id='par_1_95' title="bbox 1906 2701 3494 2776">
     <span class='ocr_line' id='line_1_95' title="bbox 1906 2701 3494 2776; baseline -0.001 -17"><span class='ocrx_word' id='word_1_761' title='bbox 1906 2701 2058 2776; x_wconf 84' lang='grc' dir='ltr'>ὦμεν</span> <span class='ocrx_word' id='word_1_762' title='bbox 2090 2706 2499 2775; x_wconf 84' lang='grc' dir='ltr'>διεσπασμένοι.</span> <span class='ocrx_word' id='word_1_763' title='bbox 2557 2707 2667 2757; x_wconf 69' lang='grc' dir='ltr'>Καὶ</span> <span class='ocrx_word' id='word_1_764' title='bbox 2720 2708 2768 2758; x_wconf 87' lang='grc' dir='ltr'>εί</span> <span class='ocrx_word' id='word_1_765' title='bbox 2819 2706 3020 2774; x_wconf 76' lang='grc' dir='ltr'>βούλει,</span> <span class='ocrx_word' id='word_1_766' title='bbox 3066 2705 3225 2759; x_wconf 91' lang='grc' dir='ltr'>τοῦτο</span> <span class='ocrx_word' id='word_1_767' title='bbox 3270 2708 3365 2760; x_wconf 70' lang='grc' dir='ltr'>καὶ</span> <span class='ocrx_word' id='word_1_768' title='bbox 3410 2707 3494 2775; x_wconf 81' lang='grc' dir='ltr'>ἐφ’</span> 
     </span>
    </p>
   </div>
   <div class='ocr_carea' id='block_1_96' title="bbox 1908 2788 3496 2862">
    <p class='ocr_par' dir='ltr' id='par_1_96' title="bbox 1908 2788 3496 2862">
     <span class='ocr_line' id='line_1_96' title="bbox 1908 2788 3496 2862; baseline 0.001 -20"><span class='ocrx_word' id='word_1_769' title='bbox 1908 2791 2062 2862; x_wconf 82' lang='grc' dir='ltr'>ὴμῶν</span> <span class='ocrx_word' id='word_1_770' title='bbox 2118 2789 2192 2842; x_wconf 79' lang='grc' dir='ltr'>ίδέ</span> <span class='ocrx_word' id='word_1_771' title='bbox 2231 2790 2340 2841; x_wconf 85' lang='grc' dir='ltr'>τῶν</span> <span class='ocrx_word' id='word_1_772' title='bbox 2388 2789 2676 2857; x_wconf 67' lang='grc' dir='ltr'>λεγόντων·</span> <span class='ocrx_word' id='word_1_773' title='bbox 2736 2788 2799 2842; x_wconf 89' lang='lat'>16</span> <span class='ocrx_word' id='word_1_774' title='bbox 2838 2790 2948 2861; x_wconf 85' lang='grc' dir='ltr'>γὰρ</span> <span class='ocrx_word' id='word_1_775' title='bbox 2981 2790 3105 2860; x_wconf 73' lang='grc' dir='ltr'>ἐμοὶ</span> <span class='ocrx_word' id='word_1_776' title='bbox 3138 2792 3413 2861; x_wconf 86' lang='grc' dir='ltr'>συμφέρον</span> <span class='ocrx_word' id='word_1_777' title='bbox 3441 2794 3496 2843; x_wconf 82' lang='grc' dir='ltr'>ἐν</span> 
     </span>
    </p>
   </div>
   <div class='ocr_carea' id='block_1_97' title="bbox 1910 2872 3496 2943">
    <p class='ocr_par' dir='ltr' id='par_1_97' title="bbox 1910 2872 3496 2943">
     <span class='ocr_line' id='line_1_97' title="bbox 1910 2872 3496 2943; baseline 0 -15"><span class='ocrx_word' id='word_1_778' title='bbox 1910 2877 1991 2929; x_wconf 72' lang='grc' dir='ltr'>σοὶ</span> <span class='ocrx_word' id='word_1_779' title='bbox 2022 2878 2218 2940; x_wconf 85' lang='grc' dir='ltr'>κεῖται,</span> <span class='ocrx_word' id='word_1_780' title='bbox 2256 2875 2351 2927; x_wconf 76' lang='grc' dir='ltr'>καὶ</span> <span class='ocrx_word' id='word_1_781' title='bbox 2382 2873 2443 2926; x_wconf 88' lang='lat'>16</span> <span class='ocrx_word' id='word_1_782' title='bbox 2481 2873 2564 2925; x_wconf 70' lang='grc' dir='ltr'>σοὶ</span> <span class='ocrx_word' id='word_1_783' title='bbox 2593 2872 2923 2937; x_wconf 86' lang='grc' dir='ltr'>λυσιτελοῦν,</span> <span class='ocrx_word' id='word_1_784' title='bbox 2962 2876 3018 2927; x_wconf 91' lang='grc' dir='ltr'>ἐν</span> <span class='ocrx_word' id='word_1_785' title='bbox 3051 2873 3188 2943; x_wconf 87' lang='grc' dir='ltr'>ἐμοί.</span> <span class='ocrx_word' id='word_1_786' title='bbox 3236 2875 3346 2927; x_wconf 80' lang='grc' dir='ltr'>Καὶ</span> <span class='ocrx_word' id='word_1_787' title='bbox 3388 2876 3496 2943; x_wconf 79' lang='grc' dir='ltr'>γὰρ</span> 
     </span>
    </p>
   </div>
   <div class='ocr_carea' id='block_1_98' title="bbox 1908 2955 3492 3029">
    <p class='ocr_par' dir='ltr' id='par_1_98' title="bbox 1908 2955 3492 3029">
     <span class='ocr_line' id='line_1_98' title="bbox 1908 2955 3492 3029; baseline -0.002 -16"><span class='ocrx_word' id='word_1_788' title='bbox 1908 2962 1992 3013; x_wconf 79' lang='grc' dir='ltr'>σοὶ</span> <span class='ocrx_word' id='word_1_789' title='bbox 2031 2960 2297 3029; x_wconf 89' lang='grc' dir='ltr'>συμφέρει</span> <span class='ocrx_word' id='word_1_790' title='bbox 2343 2960 2404 3011; x_wconf 87' lang='lat'>16</span> <span class='ocrx_word' id='word_1_791' title='bbox 2433 2957 2777 3011; x_wconf 88' lang='grc' dir='ltr'>διδάσκεσθαι</span> <span class='ocrx_word' id='word_1_792' title='bbox 2824 2958 2892 3011; x_wconf 84' lang='grc' dir='ltr'>τά</span> <span class='ocrx_word' id='word_1_793' title='bbox 2935 2957 3011 3028; x_wconf 87' lang='grc' dir='ltr'>τῷ</span> <span class='ocrx_word' id='word_1_794' title='bbox 3051 2955 3169 3027; x_wconf 82' lang='grc' dir='ltr'>Θεῷ</span> <span class='ocrx_word' id='word_1_795' title='bbox 3200 2956 3492 3020; x_wconf 80' lang='grc' dir='ltr'>δοκοῦντα,</span> 
     </span>
    </p>
   </div>
   <div class='ocr_carea' id='block_1_99' title="bbox 1907 3039 3496 3113">
    <p class='ocr_par' dir='ltr' id='par_1_99' title="bbox 1907 3039 3496 3113">
     <span class='ocr_line' id='line_1_99' title="bbox 1907 3039 3496 3113; baseline -0.001 -17"><span class='ocrx_word' id='word_1_796' title='bbox 1907 3044 2043 3097; x_wconf 89' lang='grc' dir='ltr'>ἀλλά</span> <span class='ocrx_word' id='word_1_797' title='bbox 2085 3043 2243 3096; x_wconf 84' lang='grc' dir='ltr'>τοῦτο</span> <span class='ocrx_word' id='word_1_798' title='bbox 2279 3042 2608 3111; x_wconf 80' lang='grc' dir='ltr'>ἐπιστεύθην</span> <span class='ocrx_word' id='word_1_799' title='bbox 2638 3039 2770 3109; x_wconf 84' lang='grc' dir='ltr'>ἐγὼ,</span> <span class='ocrx_word' id='word_1_800' title='bbox 2797 3042 2884 3095; x_wconf 81' lang='grc' dir='ltr'>ἵνα</span> <span class='ocrx_word' id='word_1_801' title='bbox 2931 3043 3060 3113; x_wconf 85' lang='grc' dir='ltr'>παρ’</span> <span class='ocrx_word' id='word_1_802' title='bbox 3098 3040 3231 3111; x_wconf 88' lang='grc' dir='ltr'>ἐμοῦ</span> <span class='ocrx_word' id='word_1_803' title='bbox 3267 3042 3330 3094; x_wconf 83' lang='grc' dir='ltr'>σύ</span> <span class='ocrx_word' id='word_1_804' title='bbox 3364 3041 3496 3095; x_wconf 75' lang='grc' dir='ltr'>αὐτὸ</span> 
     </span>
    </p>
   </div>
   <div class='ocr_carea' id='block_1_100' title="bbox 1907 3123 3488 3197">
    <p class='ocr_par' dir='ltr' id='par_1_100' title="bbox 1907 3123 3488 3197">
     <span class='ocr_line' id='line_1_100' title="bbox 1907 3123 3488 3197; baseline -0.001 -18"><span class='ocrx_word' id='word_1_805' title='bbox 1907 3126 2099 3197; x_wconf 88' lang='grc' dir='ltr'>λάϐῃς,</span> <span class='ocrx_word' id='word_1_806' title='bbox 2140 3126 2235 3178; x_wconf 76' lang='grc' dir='ltr'>καὶ</span> <span class='ocrx_word' id='word_1_807' title='bbox 2277 3124 2365 3177; x_wconf 74' lang='grc' dir='ltr'>διὰ</span> <span class='ocrx_word' id='word_1_808' title='bbox 2399 3123 2555 3177; x_wconf 89' lang='grc' dir='ltr'>τοῦτο</span> <span class='ocrx_word' id='word_1_809' title='bbox 2599 3124 2948 3193; x_wconf 83' lang='grc' dir='ltr'>ἀναγκασθῇς</span> <span class='ocrx_word' id='word_1_810' title='bbox 2979 3124 3206 3195; x_wconf 85' lang='grc' dir='ltr'>δραμεῖν</span> <span class='ocrx_word' id='word_1_811' title='bbox 3241 3125 3329 3176; x_wconf 81' lang='grc' dir='ltr'>ἐπ’</span> <span class='ocrx_word' id='word_1_812' title='bbox 3360 3125 3488 3194; x_wconf 83' lang='grc' dir='ltr'>ἐμέ·</span> 
     </span>
    </p>
   </div>
   <div class='ocr_carea' id='block_1_101' title="bbox 1909 3206 3495 3278">
    <p class='ocr_par' dir='ltr' id='par_1_101' title="bbox 1909 3206 3495 3278">
     <span class='ocr_line' id='line_1_101' title="bbox 1909 3206 3495 3278; baseline 0 -16"><span class='ocrx_word' id='word_1_813' title='bbox 1909 3210 2003 3262; x_wconf 70' lang='grc' dir='ltr'>καὶ</span> <span class='ocrx_word' id='word_1_814' title='bbox 2039 3210 2160 3277; x_wconf 71' lang='grc' dir='ltr'>ἐμοὶ</span> <span class='ocrx_word' id='word_1_815' title='bbox 2207 3207 2499 3278; x_wconf 87' lang='grc' dir='ltr'>συμφέρει,</span> <span class='ocrx_word' id='word_1_816' title='bbox 2530 3208 2590 3259; x_wconf 91' lang='lat'>16</span> <span class='ocrx_word' id='word_1_817' title='bbox 2627 3206 2685 3258; x_wconf 85' lang='grc' dir='ltr'>σὲ</span> <span class='ocrx_word' id='word_1_818' title='bbox 2738 3206 2933 3275; x_wconf 84' lang='grc' dir='ltr'>βελτίω</span> <span class='ocrx_word' id='word_1_819' title='bbox 2976 3207 3258 3274; x_wconf 84' lang='grc' dir='ltr'>γενέσθαι·</span> <span class='ocrx_word' id='word_1_820' title='bbox 3308 3208 3495 3277; x_wconf 81' lang='grc' dir='ltr'>μισθὸν</span> 
     </span>
    </p>
   </div>
   <div class='ocr_carea' id='block_1_102' title="bbox 1907 3289 3495 3363">
    <p class='ocr_par' dir='ltr' id='par_1_102' title="bbox 1907 3289 3495 3363">
     <span class='ocr_line' id='line_1_102' title="bbox 1907 3289 3495 3363; baseline -0.001 -18"><span class='ocrx_word' id='word_1_821' title='bbox 1907 3294 2015 3363; x_wconf 84' lang='grc' dir='ltr'>γάρ</span> <span class='ocrx_word' id='word_1_822' title='bbox 2050 3292 2241 3345; x_wconf 85' lang='grc' dir='ltr'>τούτου</span> <span class='ocrx_word' id='word_1_823' title='bbox 2266 3292 2512 3361; x_wconf 67' lang='grc' dir='ltr'>λήψομαι</span> <span class='ocrx_word' id='word_1_824' title='bbox 2545 3289 2711 3342; x_wconf 86' lang='grc' dir='ltr'>πολύν</span> <span class='ocrx_word' id='word_1_825' title='bbox 2730 3307 2741 3319; x_wconf 92' lang='grc'>·</span> <span class='ocrx_word' id='word_1_826' title='bbox 2775 3289 2912 3341; x_wconf 88' lang='grc' dir='ltr'>ἀλλά</span> <span class='ocrx_word' id='word_1_827' title='bbox 2932 3289 3092 3342; x_wconf 88' lang='grc' dir='ltr'>τοῦτο</span> <span class='ocrx_word' id='word_1_828' title='bbox 3126 3290 3296 3343; x_wconf 83' lang='grc' dir='ltr'>πάλιν</span> <span class='ocrx_word' id='word_1_829' title='bbox 3324 3295 3495 3346; x_wconf 86' lang='grc' dir='ltr'>κεῖται</span> 
     </span>
    </p>
   </div>
   <div class='ocr_carea' id='block_1_103' title="bbox 1909 3372 3494 3442">
    <p class='ocr_par' dir='ltr' id='par_1_103' title="bbox 1909 3372 3494 3442">
     <span class='ocr_line' id='line_1_103' title="bbox 1909 3372 3494 3442; baseline -0.002 -14"><span class='ocrx_word' id='word_1_830' title='bbox 1909 3380 1965 3429; x_wconf 81' lang='grc' dir='ltr'>ἐν</span> <span class='ocrx_word' id='word_1_831' title='bbox 1998 3376 2100 3437; x_wconf 76' lang='grc' dir='ltr'>σοὶ,</span> <span class='ocrx_word' id='word_1_832' title='bbox 2139 3376 2231 3429; x_wconf 69' lang='grc' dir='ltr'>καὶ</span> <span class='ocrx_word' id='word_1_833' title='bbox 2260 3375 2347 3428; x_wconf 80' lang='grc' dir='ltr'>διά</span> <span class='ocrx_word' id='word_1_834' title='bbox 2388 3375 2546 3427; x_wconf 84' lang='grc' dir='ltr'>τοῦτο</span> <span class='ocrx_word' id='word_1_835' title='bbox 2590 3372 2977 3442; x_wconf 80' lang='grc' dir='ltr'>ἀναγκάζομαι</span> <span class='ocrx_word' id='word_1_836' title='bbox 3024 3390 3081 3425; x_wconf 91' lang='grc' dir='ltr'>σε</span> <span class='ocrx_word' id='word_1_837' title='bbox 3116 3372 3494 3431; x_wconf 84' lang='grc' dir='ltr'>καταδιώκειν.</span> 
     </span>
    </p>
   </div>
   <div class='ocr_carea' id='block_1_104' title="bbox 1909 3456 3495 3533">
    <p class='ocr_par' dir='ltr' id='par_1_104' title="bbox 1909 3456 3495 3533">
     <span class='ocr_line' id='line_1_104' title="bbox 1909 3456 3495 3533; baseline -0.003 -20"><span class='ocrx_word' id='word_1_838' title='bbox 1909 3462 1994 3513; x_wconf 79' lang='grc' dir='ltr'>ἵνα</span> <span class='ocrx_word' id='word_1_839' title='bbox 2028 3462 2092 3513; x_wconf 74' lang='grc' dir='ltr'>σὺ</span> <span class='ocrx_word' id='word_1_840' title='bbox 2140 3456 2205 3533; x_wconf 81' lang='grc' dir='ltr'>ᾗς</span> <span class='ocrx_word' id='word_1_841' title='bbox 2253 3460 2497 3529; x_wconf 84' lang='grc' dir='ltr'>βελτίων,</span> <span class='ocrx_word' id='word_1_842' title='bbox 2535 3461 2626 3511; x_wconf 77' lang='grc' dir='ltr'>καὶ</span> <span class='ocrx_word' id='word_1_843' title='bbox 2661 3458 2721 3511; x_wconf 89' lang='lat'>16</span> <span class='ocrx_word' id='word_1_844' title='bbox 2754 3460 2878 3528; x_wconf 71' lang='grc' dir='ltr'>ἐμοὶ</span> <span class='ocrx_word' id='word_1_845' title='bbox 2908 3457 3187 3527; x_wconf 85' lang='grc' dir='ltr'>συμφέρον</span> <span class='ocrx_word' id='word_1_846' title='bbox 3217 3457 3368 3527; x_wconf 82' lang='grc' dir='ltr'>παρὰ</span> <span class='ocrx_word' id='word_1_847' title='bbox 3403 3457 3495 3511; x_wconf 90' lang='grc' dir='ltr'>σοῦ</span> 
     </span>
    </p>
   </div>
   <div class='ocr_carea' id='block_1_105' title="bbox 1908 3541 3495 3614">
    <p class='ocr_par' dir='ltr' id='par_1_105' title="bbox 1908 3541 3495 3614">
     <span class='ocr_line' id='line_1_105' title="bbox 1908 3541 3495 3614; baseline -0.001 -18"><span class='ocrx_word' id='word_1_848' title='bbox 1908 3544 2193 3614; x_wconf 79' lang='grc' dir='ltr'>λαμϐάνω.</span> <span class='ocrx_word' id='word_1_849' title='bbox 2254 3544 2344 3596; x_wconf 75' lang='grc' dir='ltr'>Διὸ</span> <span class='ocrx_word' id='word_1_850' title='bbox 2401 3545 2495 3596; x_wconf 74' lang='grc' dir='ltr'>καὶ</span> <span class='ocrx_word' id='word_1_851' title='bbox 2546 3542 2759 3604; x_wconf 86' lang='grc' dir='ltr'>Παῦλος</span> <span class='ocrx_word' id='word_1_852' title='bbox 2806 3541 2989 3609; x_wconf 81' lang='grc' dir='ltr'>ἔλεγε,</span> <span class='ocrx_word' id='word_1_853' title='bbox 3059 3544 3167 3604; x_wconf 87' lang='grc' dir='ltr'>Τίς.</span> <span class='ocrx_word' id='word_1_854' title='bbox 3204 3541 3316 3610; x_wconf 73' lang='grc' dir='ltr'>γάρ</span> <span class='ocrx_word' id='word_1_855' title='bbox 3377 3544 3495 3611; x_wconf 84' lang='grc' dir='ltr'>μού</span> 
     </span>
    </p>
   </div>
   <div class='ocr_carea' id='block_1_106' title="bbox 1907 3624 3500 3694">
    <p class='ocr_par' dir='ltr' id='par_1_106' title="bbox 1907 3624 3500 3694">
     <span class='ocr_line' id='line_1_106' title="bbox 1907 3624 3500 3694; baseline -0.003 -13"><span class='ocrx_word' id='word_1_856' title='bbox 1907 3630 2077 3681; x_wconf 80' lang='grc' dir='ltr'>ἐστιν</span> <span class='ocrx_word' id='word_1_857' title='bbox 2106 3629 2144 3694; x_wconf 74' lang='grc' dir='ltr'>ἡ</span> <span class='ocrx_word' id='word_1_858' title='bbox 2177 3628 2394 3691; x_wconf 73' lang='grc' dir='ltr'>ἐλπίς-ς</span> <span class='ocrx_word' id='word_1_859' title='bbox 2433 3626 2470 3693; x_wconf 74' lang='grc' dir='ltr'>ἢ</span> <span class='ocrx_word' id='word_1_860' title='bbox 2522 3626 2661 3692; x_wconf 76' lang='grc' dir='ltr'>οὐχί</span> <span class='ocrx_word' id='word_1_861' title='bbox 2689 3624 2788 3678; x_wconf 77' lang='grc' dir='ltr'>καὶ</span> <span class='ocrx_word' id='word_1_862' title='bbox 2821 3624 2993 3693; x_wconf 81' lang='grc' dir='ltr'>ὑμεῖς</span> <span class='ocrx_word' id='word_1_863' title='bbox 3006 3640 3023 3686; x_wconf 88' lang='grc'><strong><em>;</em></strong></span> <span class='ocrx_word' id='word_1_864' title='bbox 3060 3624 3165 3685; x_wconf 46' lang='grc' dir='ltr'>καὶ,</span> <span class='ocrx_word' id='word_1_865' title='bbox 3201 3625 3384 3686; x_wconf 87' lang='grc' dir='ltr'>πάλιν,</span> <span class='ocrx_word' id='word_1_866' title='bbox 3430 3624 3500 3677; x_wconf 83' lang='grc' dir='ltr'><em>Ἢ</em></span> 
     </span>
    </p>
   </div>
   <div class='ocr_carea' id='block_1_107' title="bbox 1909 3706 3497 3779">
    <p class='ocr_par' dir='ltr' id='par_1_107' title="bbox 1909 3706 3497 3779">
     <span class='ocr_line' id='line_1_107' title="bbox 1909 3706 3497 3779; baseline -0.003 -16"><span class='ocrx_word' id='word_1_867' title='bbox 1909 3712 2083 3776; x_wconf 78' lang='grc' dir='ltr'>ἐλπίς</span> <span class='ocrx_word' id='word_1_868' title='bbox 2116 3727 2255 3779; x_wconf 84' lang='grc' dir='ltr'>μου,</span> <span class='ocrx_word' id='word_1_869' title='bbox 2298 3710 2397 3762; x_wconf 80' lang='grc' dir='ltr'>καὶ</span> <span class='ocrx_word' id='word_1_870' title='bbox 2429 3710 2466 3774; x_wconf 79' lang='grc' dir='ltr'>ή</span> <span class='ocrx_word' id='word_1_871' title='bbox 2504 3707 2661 3777; x_wconf 75' lang='grc' dir='ltr'>χαρά</span> <span class='ocrx_word' id='word_1_872' title='bbox 2693 3726 2833 3777; x_wconf 83' lang='grc' dir='ltr'>μου,</span> <span class='ocrx_word' id='word_1_873' title='bbox 2864 3707 2963 3760; x_wconf 80' lang='grc' dir='ltr'>καί</span> <span class='ocrx_word' id='word_1_874' title='bbox 2996 3709 3027 3760; x_wconf 87' lang='grc' dir='ltr'><em>ὀ</em></span> <span class='ocrx_word' id='word_1_875' title='bbox 3049 3706 3353 3774; x_wconf 72' lang='grc' dir='ltr'>στέφανος</span> <span class='ocrx_word' id='word_1_876' title='bbox 3386 3707 3497 3774; x_wconf 76' lang='grc' dir='ltr'>τῆς</span> 
     </span>
    </p>
   </div>
   <div class='ocr_carea' id='block_1_108' title="bbox 1911 3788 3496 3864">
    <p class='ocr_par' dir='ltr' id='par_1_108' title="bbox 1911 3788 3496 3864">
     <span class='ocr_line' id='line_1_108' title="bbox 1911 3788 3496 3864; baseline -0.005 -16"><span class='ocrx_word' id='word_1_877' title='bbox 1911 3793 2268 3864; x_wconf 80' lang='grc' dir='ltr'>καυχήσεώς</span> <span class='ocrx_word' id='word_1_878' title='bbox 2288 3812 2428 3863; x_wconf 81' lang='grc' dir='ltr'>μου.</span> <span class='ocrx_word' id='word_1_879' title='bbox 2463 3793 2624 3846; x_wconf 81' lang='grc' dir='ltr'>Ὥστε</span> <span class='ocrx_word' id='word_1_880' title='bbox 2658 3794 2689 3863; x_wconf 80' lang='grc' dir='ltr'>ἡ</span> <span class='ocrx_word' id='word_1_881' title='bbox 2740 3790 2953 3843; x_wconf 88' lang='grc' dir='ltr'>Παύλου</span> <span class='ocrx_word' id='word_1_882' title='bbox 2984 3788 3127 3860; x_wconf 91' lang='grc' dir='ltr'>χαρά</span> <span class='ocrx_word' id='word_1_883' title='bbox 3159 3790 3208 3841; x_wconf 91' lang='grc' dir='ltr'>οί</span> <span class='ocrx_word' id='word_1_884' title='bbox 3260 3788 3496 3859; x_wconf 79' lang='grc' dir='ltr'>μαθηταὶ</span> 
     </span>
    </p>
   </div>
   <div class='ocr_carea' id='block_1_109' title="bbox 1910 3869 3498 3948">
    <p class='ocr_par' dir='ltr' id='par_1_109' title="bbox 1910 3869 3498 3948">
     <span class='ocr_line' id='line_1_109' title="bbox 1910 3869 3498 3948; baseline -0.004 -17"><span class='ocrx_word' id='word_1_885' title='bbox 1910 3876 2069 3948; x_wconf 74' lang='grc' dir='ltr'>ἦσαν,</span> <span class='ocrx_word' id='word_1_886' title='bbox 2098 3879 2190 3931; x_wconf 69' lang='grc' dir='ltr'>καὶ</span> <span class='ocrx_word' id='word_1_887' title='bbox 2213 3878 2311 3947; x_wconf 76' lang='grc' dir='ltr'>τὴν</span> <span class='ocrx_word' id='word_1_888' title='bbox 2344 3878 2552 3929; x_wconf 87' lang='grc' dir='ltr'>ἐκείνου</span> <span class='ocrx_word' id='word_1_889' title='bbox 2584 3876 2761 3947; x_wconf 77' lang='grc' dir='ltr'>χαρὰν</span> <span class='ocrx_word' id='word_1_890' title='bbox 2792 3878 2989 3927; x_wconf 83' lang='grc' dir='ltr'>ἐκεῖνοι</span> <span class='ocrx_word' id='word_1_891' title='bbox 3022 3869 3186 3943; x_wconf 81' lang='grc' dir='ltr'>εἶχον.</span> <span class='ocrx_word' id='word_1_892' title='bbox 3220 3873 3319 3926; x_wconf 85' lang='grc' dir='ltr'>Διά</span> <span class='ocrx_word' id='word_1_893' title='bbox 3341 3873 3498 3927; x_wconf 70' lang='grc' dir='ltr'>τοῦτο</span> 
     </span>
    </p>
   </div>
   <div class='ocr_carea' id='block_1_110' title="bbox 1913 3956 3498 4031">
    <p class='ocr_par' dir='ltr' id='par_1_110' title="bbox 1913 3956 3498 4031">
     <span class='ocr_line' id='line_1_110' title="bbox 1913 3956 3498 4031; baseline -0.006 -15"><span class='ocrx_word' id='word_1_894' title='bbox 1913 3965 2005 4016; x_wconf 70' lang='grc' dir='ltr'>καὶ</span> <span class='ocrx_word' id='word_1_895' title='bbox 2038 3962 2322 4031; x_wconf 83' lang='grc' dir='ltr'>ἐδάκρυεν,</span> <span class='ocrx_word' id='word_1_896' title='bbox 2364 3961 2417 4012; x_wconf 79' lang='grc' dir='ltr'>εἴ</span> <span class='ocrx_word' id='word_1_897' title='bbox 2458 3977 2587 4013; x_wconf 86' lang='grc' dir='ltr'>ποτε</span> <span class='ocrx_word' id='word_1_898' title='bbox 2611 3956 2750 4011; x_wconf 75' lang='grc' dir='ltr'>εἶδεν</span> <span class='ocrx_word' id='word_1_899' title='bbox 2778 3957 3209 4027; x_wconf 90' lang='grc' dir='ltr'>ἀπολλυμένους.</span> <span class='ocrx_word' id='word_1_900' title='bbox 3248 3956 3417 4013; x_wconf 87' lang='grc' dir='ltr'>Πάλιν</span> <span class='ocrx_word' id='word_1_901' title='bbox 3438 3958 3498 4008; x_wconf 89' lang='lat'>16</span> 
     </span>
    </p>
   </div>
   <div class='ocr_carea' id='block_1_111' title="bbox 1911 4037 3495 4113">
    <p class='ocr_par' dir='ltr' id='par_1_111' title="bbox 1911 4037 3495 4113">
     <span class='ocr_line' id='line_1_111' title="bbox 1911 4037 3495 4113; baseline -0.006 -14"><span class='ocrx_word' id='word_1_902' title='bbox 1911 4046 2132 4099; x_wconf 81' lang='grc' dir='ltr'>ἐκείνων</span> <span class='ocrx_word' id='word_1_903' title='bbox 2162 4044 2438 4113; x_wconf 85' lang='grc' dir='ltr'>συμφέρον</span> <span class='ocrx_word' id='word_1_904' title='bbox 2469 4045 2525 4094; x_wconf 83' lang='grc' dir='ltr'>ἐν</span> <span class='ocrx_word' id='word_1_905' title='bbox 2554 4042 2631 4112; x_wconf 87' lang='grc' dir='ltr'>τῷ</span> <span class='ocrx_word' id='word_1_906' title='bbox 2665 4041 2862 4111; x_wconf 89' lang='grc' dir='ltr'>Παύλῳ</span> <span class='ocrx_word' id='word_1_907' title='bbox 2894 4037 2961 4112; x_wconf 75' lang='grc' dir='ltr'>ἦν</span> <span class='ocrx_word' id='word_1_908' title='bbox 2987 4057 2999 4069; x_wconf 85' lang='grc'>·</span> <span class='ocrx_word' id='word_1_909' title='bbox 3052 4039 3132 4091; x_wconf 83' lang='grc' dir='ltr'>διὸ</span> <span class='ocrx_word' id='word_1_910' title='bbox 3166 4039 3259 4091; x_wconf 81' lang='grc' dir='ltr'>καὶ</span> <span class='ocrx_word' id='word_1_911' title='bbox 3290 4040 3495 4106; x_wconf 78' lang='grc' dir='ltr'>ἔλεγεν·</span> 
     </span>
    </p>
   </div>
   <div class='ocr_carea' id='block_1_112' title="bbox 1924 4122 3499 4197">
    <p class='ocr_par' dir='ltr' id='par_1_112' title="bbox 1924 4122 3499 4197">
     <span class='ocr_line' id='line_1_112' title="bbox 1924 4122 3499 4197; baseline -0.004 -16"><span class='ocrx_word' id='word_1_912' title='bbox 1924 4128 2103 4197; x_wconf 78' lang='grc' dir='ltr'>’Υπὲρ</span> <span class='ocrx_word' id='word_1_913' title='bbox 2136 4128 2247 4196; x_wconf 80' lang='grc' dir='ltr'>τῆς</span> <span class='ocrx_word' id='word_1_914' title='bbox 2269 4127 2516 4192; x_wconf 69' lang='grc' dir='ltr'>ἐλπίδος</span> <span class='ocrx_word' id='word_1_915' title='bbox 2545 4124 2648 4179; x_wconf 85' lang='grc' dir='ltr'>τοῦ</span> <span class='ocrx_word' id='word_1_916' title='bbox 2684 4124 2931 4193; x_wconf 78' lang='grc' dir='ltr'>Ἰσραὴλ</span> <span class='ocrx_word' id='word_1_917' title='bbox 2960 4123 3076 4191; x_wconf 77' lang='grc' dir='ltr'>τὴν</span> <span class='ocrx_word' id='word_1_918' title='bbox 3107 4122 3336 4178; x_wconf 67' lang='grc' dir='ltr'>ἅλυσιν</span> <span class='ocrx_word' id='word_1_919' title='bbox 3368 4125 3499 4177; x_wconf 83' lang='grc' dir='ltr'>ταύ-</span> 
     </span>
    </p>
   </div>
   <div class='ocr_carea' id='block_1_113' title="bbox 1912 4204 3498 4279">
    <p class='ocr_par' dir='ltr' id='par_1_113' title="bbox 1912 4204 3498 4279">
     <span class='ocr_line' id='line_1_113' title="bbox 1912 4204 3498 4279; baseline -0.004 -15"><span class='ocrx_word' id='word_1_920' title='bbox 1912 4230 2025 4278; x_wconf 83' lang='grc' dir='ltr'>την</span> <span class='ocrx_word' id='word_1_921' title='bbox 2073 4213 2439 4279; x_wconf 78' lang='grc' dir='ltr'>περίκειμαι·</span> <span class='ocrx_word' id='word_1_922' title='bbox 2503 4210 2596 4262; x_wconf 73' lang='grc' dir='ltr'>καὶ</span> <span class='ocrx_word' id='word_1_923' title='bbox 2652 4208 2835 4270; x_wconf 84' lang='grc' dir='ltr'>πάλιν,</span> <span class='ocrx_word' id='word_1_924' title='bbox 2884 4207 3076 4261; x_wconf 83' lang='grc' dir='ltr'>Ταῦτα</span> <span class='ocrx_word' id='word_1_925' title='bbox 3130 4204 3346 4275; x_wconf 83' lang='grc' dir='ltr'>πάσχω</span> <span class='ocrx_word' id='word_1_926' title='bbox 3398 4206 3498 4259; x_wconf 82' lang='grc' dir='ltr'>διὰ</span> 
     </span>
    </p>
   </div>
   <div class='ocr_carea' id='block_1_114' title="bbox 1914 4287 3499 4361">
    <p class='ocr_par' dir='ltr' id='par_1_114' title="bbox 1914 4287 3499 4361">
     <span class='ocr_line' id='line_1_114' title="bbox 1914 4287 3499 4361; baseline -0.006 -12"><span class='ocrx_word' id='word_1_927' title='bbox 1914 4296 2053 4361; x_wconf 87' lang='grc' dir='ltr'>τοὺς</span> <span class='ocrx_word' id='word_1_928' title='bbox 2079 4295 2549 4360; x_wconf 77' lang='grc' dir='ltr'>ἐκλεκτοὺς-,ἵνα</span> <span class='ocrx_word' id='word_1_929' title='bbox 2587 4290 2736 4360; x_wconf 74' lang='grc' dir='ltr'>ζωῆς</span> <span class='ocrx_word' id='word_1_930' title='bbox 2772 4291 3016 4345; x_wconf 74' lang='grc' dir='ltr'>αἰωνίου</span> <span class='ocrx_word' id='word_1_931' title='bbox 3050 4290 3298 4357; x_wconf 80' lang='grc' dir='ltr'>τύχωσι.</span> <span class='ocrx_word' id='word_1_932' title='bbox 3328 4287 3499 4342; x_wconf 86' lang='grc' dir='ltr'>Τοῦτο</span> 
     </span>
    </p>
   </div>
   <div class='ocr_carea' id='block_1_115' title="bbox 1913 4370 3494 4446">
    <p class='ocr_par' dir='ltr' id='par_1_115' title="bbox 1913 4370 3494 4446">
     <span class='ocr_line' id='line_1_115' title="bbox 1913 4370 3494 4446; baseline -0.007 -15"><span class='ocrx_word' id='word_1_933' title='bbox 1913 4381 2007 4431; x_wconf 71' lang='grc' dir='ltr'>καὶ</span> <span class='ocrx_word' id='word_1_934' title='bbox 2044 4380 2136 4431; x_wconf 75' lang='grc' dir='ltr'>ἐπὶ</span> <span class='ocrx_word' id='word_1_935' title='bbox 2180 4378 2288 4431; x_wconf 91' lang='grc' dir='ltr'>τῶν</span> <span class='ocrx_word' id='word_1_936' title='bbox 2314 4375 2580 4446; x_wconf 78' lang='grc' dir='ltr'>βιωτικῶν</span> <span class='ocrx_word' id='word_1_937' title='bbox 2628 4375 2729 4428; x_wconf 88' lang='grc' dir='ltr'>ἴδοι</span> <span class='ocrx_word' id='word_1_938' title='bbox 2773 4392 2859 4437; x_wconf 89' lang='grc' dir='ltr'>τις</span> <span class='ocrx_word' id='word_1_939' title='bbox 2903 4373 3005 4427; x_wconf 79' lang='grc' dir='ltr'>ἀν·</span> <span class='ocrx_word' id='word_1_940' title='bbox 3050 4375 3124 4426; x_wconf 84' lang='lat' dir='ltr'>&#39;II</span> <span class='ocrx_word' id='word_1_941' title='bbox 3169 4371 3279 4439; x_wconf 84' lang='grc' dir='ltr'>γὰρ</span> <span class='ocrx_word' id='word_1_942' title='bbox 3317 4370 3494 4436; x_wconf 71' lang='grc' dir='ltr'>γυνὴ,</span> 
     </span>
    </p>
   </div>
   <div class='ocr_carea' id='block_1_116' title="bbox 1914 4450 3498 4530">
    <p class='ocr_par' dir='ltr' id='par_1_116' title="bbox 1914 4450 3498 4530">
     <span class='ocr_line' id='line_1_116' title="bbox 1914 4450 3498 4530; baseline -0.007 -15"><span class='ocrx_word' id='word_1_943' title='bbox 1914 4463 2067 4530; x_wconf 83' lang='grc' dir='ltr'>φησὶ,</span> <span class='ocrx_word' id='word_1_944' title='bbox 2100 4461 2208 4515; x_wconf 82' lang='grc' dir='ltr'>τοῦ</span> <span class='ocrx_word' id='word_1_945' title='bbox 2249 4461 2401 4513; x_wconf 69' lang='grc' dir='ltr'>ἰδίου</span> <span class='ocrx_word' id='word_1_946' title='bbox 2433 4460 2707 4526; x_wconf 83' lang='grc' dir='ltr'>σώματος</span> <span class='ocrx_word' id='word_1_947' title='bbox 2736 4459 2848 4509; x_wconf 83' lang='grc' dir='ltr'>οὐκ</span> <span class='ocrx_word' id='word_1_948' title='bbox 2883 4452 3246 4518; x_wconf 79' lang='grc' dir='ltr'>ἐξουσιάζει,</span> <span class='ocrx_word' id='word_1_949' title='bbox 3283 4450 3426 4504; x_wconf 72' lang='grc' dir='ltr'>οὐδὲ</span> <span class='ocrx_word' id='word_1_950' title='bbox 3464 4453 3498 4504; x_wconf 87' lang='grc' dir='ltr'>ό</span> 
     </span>
    </p>
   </div>
   <div class='ocr_carea' id='block_1_117' title="bbox 1912 4532 3497 4611">
    <p class='ocr_par' dir='ltr' id='par_1_117' title="bbox 1912 4532 3497 4611">
     <span class='ocr_line' id='line_1_117' title="bbox 1912 4532 3497 4611; baseline -0.008 -13"><span class='ocrx_word' id='word_1_951' title='bbox 1912 4545 2089 4611; x_wconf 79' lang='grc' dir='ltr'>ἀνὴρ,</span> <span class='ocrx_word' id='word_1_952' title='bbox 2120 4545 2259 4597; x_wconf 76' lang='grc' dir='ltr'>ἀλλ’</span> <span class='ocrx_word' id='word_1_953' title='bbox 2290 4544 2328 4609; x_wconf 75' lang='grc' dir='ltr'>ἡ</span> <span class='ocrx_word' id='word_1_954' title='bbox 2362 4540 2516 4610; x_wconf 78' lang='grc' dir='ltr'>γυνὴ</span> <span class='ocrx_word' id='word_1_955' title='bbox 2548 4539 2656 4592; x_wconf 84' lang='grc' dir='ltr'>τοῦ</span> <span class='ocrx_word' id='word_1_956' title='bbox 2686 4537 2931 4604; x_wconf 79' lang='grc' dir='ltr'>ἀνδρὸς,</span> <span class='ocrx_word' id='word_1_957' title='bbox 2962 4536 3061 4588; x_wconf 78' lang='grc' dir='ltr'>καί</span> <span class='ocrx_word' id='word_1_958' title='bbox 3111 4538 3143 4587; x_wconf 87' lang='grc' dir='ltr'><em>ό</em></span> <span class='ocrx_word' id='word_1_959' title='bbox 3190 4532 3346 4603; x_wconf 79' lang='grc' dir='ltr'>ἀνὴρ</span> <span class='ocrx_word' id='word_1_960' title='bbox 3388 4532 3497 4586; x_wconf 81' lang='grc' dir='ltr'>τοῦ</span> 
     </span>
    </p>
   </div>
   <div class='ocr_carea' id='block_1_118' title="bbox 1911 4616 3498 4696">
    <p class='ocr_par' dir='ltr' id='par_1_118' title="bbox 1911 4616 3498 4696">
     <span class='ocr_line' id='line_1_118' title="bbox 1911 4616 3498 4696; baseline -0.006 -17"><span class='ocrx_word' id='word_1_961' title='bbox 1911 4629 2021 4694; x_wconf 84' lang='grc' dir='ltr'>τῆς</span> <span class='ocrx_word' id='word_1_962' title='bbox 2050 4625 2359 4696; x_wconf 79' lang='grc' dir='ltr'>γυναικός.</span> <span class='ocrx_word' id='word_1_963' title='bbox 2402 4622 2558 4676; x_wconf 81' lang='grc' dir='ltr'>Οὕτω</span> <span class='ocrx_word' id='word_1_964' title='bbox 2588 4622 2683 4676; x_wconf 78' lang='grc' dir='ltr'>καὶ</span> <span class='ocrx_word' id='word_1_965' title='bbox 2710 4621 2872 4691; x_wconf 70' lang='grc' dir='ltr'>⁴ἡμεῖς</span> <span class='ocrx_word' id='word_1_966' title='bbox 2906 4621 3034 4673; x_wconf 85' lang='grc' dir='ltr'>ὅταν</span> <span class='ocrx_word' id='word_1_967' title='bbox 3056 4616 3209 4682; x_wconf 89' lang='grc' dir='ltr'>τινάς</span> <span class='ocrx_word' id='word_1_968' title='bbox 3238 4617 3498 4687; x_wconf 83' lang='grc' dir='ltr'>συνδῆσαι</span> 
     </span>
    </p>
   </div>
   <div class='ocr_carea' id='block_1_119' title="bbox 1913 4701 3495 4779">
    <p class='ocr_par' dir='ltr' id='par_1_119' title="bbox 1913 4701 3495 4779">
     <span class='ocr_line' id='line_1_119' title="bbox 1913 4701 3495 4779; baseline -0.006 -19"><span class='ocrx_word' id='word_1_969' title='bbox 1913 4710 2247 4779; x_wconf 82' lang='grc' dir='ltr'>θελήσωμεν,</span> <span class='ocrx_word' id='word_1_970' title='bbox 2288 4707 2448 4758; x_wconf 90' lang='grc' dir='ltr'>τοῦτο</span> <span class='ocrx_word' id='word_1_971' title='bbox 2509 4704 2794 4776; x_wconf 80' lang='grc' dir='ltr'>ποιῶμεν·</span> <span class='ocrx_word' id='word_1_972' title='bbox 2844 4703 3036 4757; x_wconf 83' lang='grc' dir='ltr'>οὐδένα</span> <span class='ocrx_word' id='word_1_973' title='bbox 3081 4701 3273 4755; x_wconf 80' lang='grc' dir='ltr'>ἑαυτοῦ</span> <span class='ocrx_word' id='word_1_974' title='bbox 3306 4701 3495 4770; x_wconf 84' lang='grc' dir='ltr'>κύριον</span> 
     </span>
    </p>
   </div>
   <div class='ocr_carea' id='block_1_120' title="bbox 1913 4782 3497 4860">
    <p class='ocr_par' dir='ltr' id='par_1_120' title="bbox 1913 4782 3497 4860">
     <span class='ocr_line' id='line_1_120' title="bbox 1913 4782 3497 4860; baseline -0.007 -16"><span class='ocrx_word' id='word_1_975' title='bbox 1913 4792 2165 4860; x_wconf 82' lang='grc' dir='ltr'>ἀφίεμεν,</span> <span class='ocrx_word' id='word_1_976' title='bbox 2200 4790 2335 4844; x_wconf 91' lang='grc' dir='ltr'>ἀλλά</span> <span class='ocrx_word' id='word_1_977' title='bbox 2363 4790 2535 4860; x_wconf 86' lang='grc' dir='ltr'>μέσην</span> <span class='ocrx_word' id='word_1_978' title='bbox 2560 4788 2753 4843; x_wconf 77' lang='grc' dir='ltr'>ἀλυσ.ν</span> <span class='ocrx_word' id='word_1_979' title='bbox 2788 4787 3143 4849; x_wconf 87' lang='grc' dir='ltr'>ἐκτείνοντες,</span> <span class='ocrx_word' id='word_1_980' title='bbox 3180 4782 3373 4836; x_wconf 90' lang='grc' dir='ltr'>τοῦτον</span> <span class='ocrx_word' id='word_1_981' title='bbox 3405 4783 3497 4833; x_wconf 79' lang='grc' dir='ltr'>ὑπ’</span> 
     </span>
    </p>
   </div>
   <div class='ocr_carea' id='block_1_121' title="bbox 1915 4866 3497 4940">
    <p class='ocr_par' dir='ltr' id='par_1_121' title="bbox 1915 4866 3497 4940">
     <span class='ocr_line' id='line_1_121' title="bbox 1915 4866 3497 4940; baseline -0.009 -11"><span class='ocrx_word' id='word_1_982' title='bbox 1915 4880 2120 4929; x_wconf 81' lang='grc' dir='ltr'>ἐκείνου</span> <span class='ocrx_word' id='word_1_983' title='bbox 2172 4876 2265 4929; x_wconf 71' lang='grc' dir='ltr'>καὶ</span> <span class='ocrx_word' id='word_1_984' title='bbox 2314 4876 2519 4927; x_wconf 84' lang='grc' dir='ltr'>ἐκεῖνον</span> <span class='ocrx_word' id='word_1_985' title='bbox 2568 4874 2673 4926; x_wconf 83' lang='grc' dir='ltr'>ὑπὸ</span> <span class='ocrx_word' id='word_1_986' title='bbox 2707 4872 2899 4926; x_wconf 87' lang='grc' dir='ltr'>τούτου</span> <span class='ocrx_word' id='word_1_987' title='bbox 2952 4866 3273 4940; x_wconf 84' lang='grc' dir='ltr'>κρατεῖσθαι</span> <span class='ocrx_word' id='word_1_988' title='bbox 3313 4882 3497 4934; x_wconf 70' lang='grc' dir='ltr'>παραε-</span> 
     </span>
    </p>
   </div>
   <div class='ocr_carea' id='block_1_122' title="bbox 1917 4945 3499 5029">
    <p class='ocr_par' dir='ltr' id='par_1_122' title="bbox 1917 4945 3499 5029">
     <span class='ocr_line' id='line_1_122' title="bbox 1917 4945 3499 5029; baseline -0.011 -16"><span class='ocrx_word' id='word_1_989' title='bbox 1917 4961 2274 5029; x_wconf 83' lang='grc' dir='ltr'>σκευάζομεν.</span> <span class='ocrx_word' id='word_1_990' title='bbox 2327 4958 2512 5010; x_wconf 88' lang='grc' dir='ltr'>Βούλει</span> <span class='ocrx_word' id='word_1_991' title='bbox 2571 4957 2663 5009; x_wconf 70' lang='grc' dir='ltr'>καὶ.</span> <span class='ocrx_word' id='word_1_992' title='bbox 2717 4956 2808 5007; x_wconf 78' lang='grc' dir='ltr'>ἐπὶ</span> <span class='ocrx_word' id='word_1_993' title='bbox 2855 4954 2961 5006; x_wconf 85' lang='grc' dir='ltr'>τῶν</span> <span class='ocrx_word' id='word_1_994' title='bbox 3006 4950 3284 5021; x_wconf 87' lang='grc' dir='ltr'>ἀρχόντων</span> <span class='ocrx_word' id='word_1_995' title='bbox 3338 4945 3499 4999; x_wconf 84' lang='grc' dir='ltr'>τοῦτο</span> 
     </span>
    </p>
   </div>
   <div class='ocr_carea' id='block_1_123' title="bbox 1918 5028 3497 5110">
    <p class='ocr_par' dir='ltr' id='par_1_123' title="bbox 1918 5028 3497 5110">
     <span class='ocr_line' id='line_1_123' title="bbox 1918 5028 3497 5110; baseline -0.009 -14"><span class='ocrx_word' id='word_1_996' title='bbox 1918 5047 2080 5108; x_wconf 65' lang='grc' dir='ltr'>ἰδεῖνς</span> <span class='ocrx_word' id='word_1_997' title='bbox 2124 5028 2184 5097; x_wconf 83' lang='grc' dir='ltr'>Ὀ</span> <span class='ocrx_word' id='word_1_998' title='bbox 2210 5040 2447 5105; x_wconf 76' lang='grc' dir='ltr'>δικάζων</span> <span class='ocrx_word' id='word_1_999' title='bbox 2487 5041 2586 5110; x_wconf 90' lang='grc' dir='ltr'>οὐχ</span> <span class='ocrx_word' id='word_1_1000' title='bbox 2618 5038 2795 5107; x_wconf 88' lang='grc' dir='ltr'>ἐαυτῷ</span> <span class='ocrx_word' id='word_1_1001' title='bbox 2828 5035 3063 5104; x_wconf 83' lang='grc' dir='ltr'>κάθηται</span> <span class='ocrx_word' id='word_1_1002' title='bbox 3101 5030 3321 5099; x_wconf 89' lang='grc' dir='ltr'>κρίνων,</span> <span class='ocrx_word' id='word_1_1003' title='bbox 3359 5028 3497 5083; x_wconf 85' lang='grc' dir='ltr'>ἀλλά</span> 
     </span>
    </p>
   </div>
   <div class='ocr_carea' id='block_1_124' title="bbox 1912 5113 3497 5194">
    <p class='ocr_par' dir='ltr' id='par_1_124' title="bbox 1912 5113 3497 5194">
     <span class='ocr_line' id='line_1_124' title="bbox 1912 5113 3497 5194; baseline -0.008 -14"><span class='ocrx_word' id='word_1_1004' title='bbox 1912 5129 1973 5180; x_wconf 87' lang='lat'>16</span> <span class='ocrx_word' id='word_1_1005' title='bbox 2000 5127 2107 5179; x_wconf 85' lang='grc' dir='ltr'>τῶν</span> <span class='ocrx_word' id='word_1_1006' title='bbox 2138 5124 2365 5194; x_wconf 88' lang='grc' dir='ltr'>πλησίον</span> <span class='ocrx_word' id='word_1_1007' title='bbox 2400 5123 2680 5193; x_wconf 87' lang='grc' dir='ltr'>συμφέρον</span> <span class='ocrx_word' id='word_1_1008' title='bbox 2728 5120 2927 5191; x_wconf 79' lang='grc' dir='ltr'>ζητῶν.</span> <span class='ocrx_word' id='word_1_1009' title='bbox 2963 5118 3024 5170; x_wconf 71' lang='lat' dir='ltr'>Ol</span> <span class='ocrx_word' id='word_1_1010' title='bbox 3057 5115 3352 5185; x_wconf 86' lang='grc' dir='ltr'>ἀρχόμενοι</span> <span class='ocrx_word' id='word_1_1011' title='bbox 3387 5113 3497 5167; x_wconf 84' lang='grc' dir='ltr'>πά-</span> 
     </span>
    </p>
   </div>
   <div class='ocr_carea' id='block_1_125' title="bbox 1914 5198 3496 5277">
    <p class='ocr_par' dir='ltr' id='par_1_125' title="bbox 1914 5198 3496 5277">
     <span class='ocr_line' id='line_1_125' title="bbox 1914 5198 3496 5277; baseline -0.009 -14"><span class='ocrx_word' id='word_1_1012' title='bbox 1914 5213 1995 5263; x_wconf 87' lang='grc' dir='ltr'>λιν</span> <span class='ocrx_word' id='word_1_1013' title='bbox 2024 5210 2083 5261; x_wconf 82' lang='grc' dir='ltr'>τὸ</span> <span class='ocrx_word' id='word_1_1014' title='bbox 2110 5208 2187 5275; x_wconf 86' lang='grc' dir='ltr'>τῷ</span> <span class='ocrx_word' id='word_1_1015' title='bbox 2215 5207 2434 5277; x_wconf 76' lang='grc' dir='ltr'>ἄρχοντι</span> <span class='ocrx_word' id='word_1_1016' title='bbox 2486 5206 2762 5275; x_wconf 84' lang='grc' dir='ltr'>συμφέρον</span> <span class='ocrx_word' id='word_1_1017' title='bbox 2818 5199 3040 5270; x_wconf 87' lang='grc' dir='ltr'>ζητοῦσι</span> <span class='ocrx_word' id='word_1_1018' title='bbox 3074 5200 3160 5252; x_wconf 72' lang='grc' dir='ltr'>διὰ</span> <span class='ocrx_word' id='word_1_1019' title='bbox 3196 5199 3296 5277; x_wconf 72' lang='grc' dir='ltr'>τῆς</span> <span class='ocrx_word' id='word_1_1020' title='bbox 3328 5198 3496 5268; x_wconf 78' lang='grc' dir='ltr'>θερα-</span> 
     </span>
    </p>
   </div>
   <div class='ocr_carea' id='block_1_126' title="bbox 1916 5269 3492 5359">
    <p class='ocr_par' dir='ltr' id='par_1_126' title="bbox 1916 5269 3492 5359">
     <span class='ocr_line' id='line_1_126' title="bbox 1916 5269 3492 5359; baseline -0.01 -13"><span class='ocrx_word' id='word_1_1021' title='bbox 1916 5294 2093 5355; x_wconf 85' lang='grc' dir='ltr'>πείας,</span> <span class='ocrx_word' id='word_1_1022' title='bbox 2118 5269 2204 5343; x_wconf 71' lang='grc' dir='ltr'>δίά</span> <span class='ocrx_word' id='word_1_1023' title='bbox 2354 5269 2650 5349; x_wconf 74' lang='grc' dir='ltr'>διακονίας,</span> <span class='ocrx_word' id='word_1_1024' title='bbox 2672 5269 2761 5337; x_wconf 80' lang='grc' dir='ltr'>διά</span> <span class='ocrx_word' id='word_1_1025' title='bbox 2790 5269 2896 5336; x_wconf 84' lang='grc' dir='ltr'>τῶν</span> <span class='ocrx_word' id='word_1_1026' title='bbox 2923 5282 3097 5338; x_wconf 79' lang='grc' dir='ltr'>ἄλλων</span> <span class='ocrx_word' id='word_1_1027' title='bbox 3124 5269 3398 5337; x_wconf 79' lang='grc' dir='ltr'>ἀπάντων.</span> <span class='ocrx_word' id='word_1_1028' title='bbox 3429 5280 3492 5331; x_wconf 84' lang='grc' dir='ltr'>Οί</span> 
     </span>
    </p>
   </div>
   <div class='ocr_carea' id='block_1_127' title="bbox 1915 5362 3491 5448">
    <p class='ocr_par' dir='ltr' id='par_1_127' title="bbox 1915 5362 3491 5448">
     <span class='ocr_line' id='line_1_127' title="bbox 1915 5362 3491 5448; baseline -0.009 -17"><span class='ocrx_word' id='word_1_1029' title='bbox 1915 5375 2245 5448; x_wconf 89' lang='grc' dir='ltr'>στρατιῶται</span> <span class='ocrx_word' id='word_1_1030' title='bbox 2278 5375 2418 5444; x_wconf 75' lang='grc' dir='ltr'>ὑπὲρ</span> <span class='ocrx_word' id='word_1_1031' title='bbox 2452 5370 2606 5441; x_wconf 87' lang='grc' dir='ltr'>ήμῶν</span> <span class='ocrx_word' id='word_1_1032' title='bbox 2633 5369 2771 5423; x_wconf 84' lang='grc' dir='ltr'>ὅπλα</span> <span class='ocrx_word' id='word_1_1033' title='bbox 2797 5368 3037 5422; x_wconf 87' lang='grc' dir='ltr'>τίθενται</span> <span class='ocrx_word' id='word_1_1034' title='bbox 3062 5385 3074 5396; x_wconf 93' lang='grc'>·</span> <span class='ocrx_word' id='word_1_1035' title='bbox 3115 5366 3183 5419; x_wconf 86' lang='grc' dir='ltr'>δι’</span> <span class='ocrx_word' id='word_1_1036' title='bbox 3212 5367 3358 5435; x_wconf 77' lang='grc' dir='ltr'>ἡμᾶς</span> <span class='ocrx_word' id='word_1_1037' title='bbox 3381 5362 3491 5435; x_wconf 86' lang='grc' dir='ltr'>γὰρ</span> 
     </span>
    </p>
   </div>
   <div class='ocr_carea' id='block_1_128' title="bbox 1915 5450 3490 5528">
    <p class='ocr_par' dir='ltr' id='par_1_128' title="bbox 1915 5450 3490 5528">
     <span class='ocr_line' id='line_1_128' title="bbox 1915 5450 3490 5528; baseline -0.007 -12"><span class='ocrx_word' id='word_1_1038' title='bbox 1915 5460 2309 5517; x_wconf 81' lang='grc' dir='ltr'>κινδυνεύουσιν</span> <span class='ocrx_word' id='word_1_1039' title='bbox 2324 5478 2337 5490; x_wconf 86' lang='grc'>·</span> <span class='ocrx_word' id='word_1_1040' title='bbox 2385 5458 2547 5528; x_wconf 81' lang='grc' dir='ltr'>ἡμεῖς</span> <span class='ocrx_word' id='word_1_1041' title='bbox 2572 5457 2712 5526; x_wconf 81' lang='grc' dir='ltr'>ὑπὲρ</span> <span class='ocrx_word' id='word_1_1042' title='bbox 2729 5455 2953 5507; x_wconf 79' lang='grc' dir='ltr'>ἐκείνων</span> <span class='ocrx_word' id='word_1_1043' title='bbox 2976 5450 3318 5521; x_wconf 86' lang='grc' dir='ltr'>ταλαιπωρού</span> <span class='ocrx_word' id='word_1_1044' title='bbox 3328 5450 3490 5521; x_wconf 85' lang='grc' dir='ltr'>μεθα·</span> 
     </span>
    </p>
   </div>
   <div class='ocr_carea' id='block_1_129' title="bbox 1915 5538 2924 5616">
    <p class='ocr_par' dir='ltr' id='par_1_129' title="bbox 1915 5538 2924 5616">
     <span class='ocr_line' id='line_1_129' title="bbox 1915 5538 2924 5616; baseline -0.009 -16"><span class='ocrx_word' id='word_1_1045' title='bbox 1915 5546 2040 5616; x_wconf 78' lang='grc' dir='ltr'>παρ’</span> <span class='ocrx_word' id='word_1_1046' title='bbox 2069 5544 2229 5614; x_wconf 77' lang='grc' dir='ltr'>ἡμῶν</span> <span class='ocrx_word' id='word_1_1047' title='bbox 2264 5545 2373 5611; x_wconf 85' lang='grc' dir='ltr'>γάρ</span> <span class='ocrx_word' id='word_1_1048' title='bbox 2403 5542 2589 5605; x_wconf 86' lang='grc' dir='ltr'>αὐτοῖς</span> <span class='ocrx_word' id='word_1_1049' title='bbox 2617 5543 2676 5593; x_wconf 84' lang='grc' dir='ltr'>αἱ</span> <span class='ocrx_word' id='word_1_1050' title='bbox 2706 5538 2924 5609; x_wconf 85' lang='grc' dir='ltr'>τροφαί.</span> 
     </span>
    </p>
   </div>
   <div class='ocr_carea' id='block_1_130' title="bbox 1982 5617 3495 5700">
    <p class='ocr_par' dir='ltr' id='par_1_130' title="bbox 1982 5617 3495 5700">
     <span class='ocr_line' id='line_1_130' title="bbox 1982 5617 3495 5700; baseline -0.009 -19"><span class='ocrx_word' id='word_1_1051' title='bbox 1982 5629 2041 5681; x_wconf 88' lang='grc' dir='ltr'>δ’.</span> <span class='ocrx_word' id='word_1_1052' title='bbox 2071 5625 2222 5700; x_wconf 74' lang='grc'>[504]</span> <span class='ocrx_word' id='word_1_1053' title='bbox 2255 5627 2317 5679; x_wconf 63' lang='lat' dir='ltr'>Et</span> <span class='ocrx_word' id='word_1_1054' title='bbox 2335 5627 2390 5678; x_wconf 73' lang='grc' dir='ltr'>δέ</span> <span class='ocrx_word' id='word_1_1055' title='bbox 2418 5625 2613 5692; x_wconf 87' lang='grc' dir='ltr'>λέγεις,</span> <span class='ocrx_word' id='word_1_1056' title='bbox 2638 5624 2719 5676; x_wconf 81' lang='grc' dir='ltr'>ὅτι</span> <span class='ocrx_word' id='word_1_1057' title='bbox 2755 5622 2816 5675; x_wconf 85' lang='lat'>16</span> <span class='ocrx_word' id='word_1_1058' title='bbox 2840 5623 3037 5673; x_wconf 82' lang='grc' dir='ltr'>οἰκεῖον</span> <span class='ocrx_word' id='word_1_1059' title='bbox 3057 5617 3236 5686; x_wconf 76' lang='grc' dir='ltr'>ζητῶν</span> <span class='ocrx_word' id='word_1_1060' title='bbox 3264 5618 3495 5700; x_wconf 71' lang='grc' dir='ltr'>ἕκαστος</span> 
     </span>
    </p>
   </div>
   <div class='ocr_carea' id='block_1_131' title="bbox 1913 5698 3490 5775">
    <p class='ocr_par' dir='ltr' id='par_1_131' title="bbox 1913 5698 3490 5775">
     <span class='ocr_line' id='line_1_131' title="bbox 1913 5698 3490 5775; baseline -0.009 -10"><span class='ocrx_word' id='word_1_1061' title='bbox 1913 5698 2258 5775; x_wconf 17' lang='grc' dir='ltr'>τοῦτοίποιεῖ,</span> <span class='ocrx_word' id='word_1_1062' title='bbox 2295 5726 2451 5762; x_wconf 83' lang='grc' dir='ltr'>τουτο</span> <span class='ocrx_word' id='word_1_1063' title='bbox 2499 5710 2590 5762; x_wconf 75' lang='grc' dir='ltr'>καὶ</span> <span class='ocrx_word' id='word_1_1064' title='bbox 2640 5705 2751 5773; x_wconf 78' lang='grc' dir='ltr'>ἐγὼ</span> <span class='ocrx_word' id='word_1_1065' title='bbox 2799 5704 2963 5771; x_wconf 83' lang='grc' dir='ltr'>λέγω,</span> <span class='ocrx_word' id='word_1_1066' title='bbox 3011 5702 3125 5757; x_wconf 77' lang='grc' dir='ltr'>ἀλλ’</span> <span class='ocrx_word' id='word_1_1067' title='bbox 3157 5705 3238 5754; x_wconf 82' lang='grc' dir='ltr'>ὅτι</span> <span class='ocrx_word' id='word_1_1068' title='bbox 3279 5700 3366 5755; x_wconf 78' lang='grc' dir='ltr'>διὰ</span> <span class='ocrx_word' id='word_1_1069' title='bbox 3398 5698 3490 5752; x_wconf 74' lang='grc' dir='ltr'>τοῦ</span> 
     </span>
    </p>
   </div>
   <div class='ocr_carea' id='block_1_132' title="bbox 1915 5781 3487 5860">
    <p class='ocr_par' dir='ltr' id='par_1_132' title="bbox 1915 5781 3487 5860">
     <span class='ocr_line' id='line_1_132' title="bbox 1915 5781 3487 5860; baseline -0.008 -12"><span class='ocrx_word' id='word_1_1070' title='bbox 1915 5793 2198 5860; x_wconf 85' lang='grc' dir='ltr'>ἀλλοτρίου</span> <span class='ocrx_word' id='word_1_1071' title='bbox 2229 5793 2289 5845; x_wconf 82' lang='lat'>16</span> <span class='ocrx_word' id='word_1_1072' title='bbox 2316 5795 2511 5845; x_wconf 75' lang='grc' dir='ltr'>οἰκεῖον</span> <span class='ocrx_word' id='word_1_1073' title='bbox 2537 5791 2869 5860; x_wconf 68' lang='grc' dir='ltr'>εὑρίσκεται.</span> <span class='ocrx_word' id='word_1_1074' title='bbox 2901 5786 2970 5838; x_wconf 75' lang='lat'>&quot;0</span> <span class='ocrx_word' id='word_1_1075' title='bbox 2995 5801 3053 5838; x_wconf 79' lang='grc' dir='ltr'>τε</span> <span class='ocrx_word' id='word_1_1076' title='bbox 3082 5784 3191 5855; x_wconf 76' lang='grc' dir='ltr'>γὰρ</span> <span class='ocrx_word' id='word_1_1077' title='bbox 3221 5781 3487 5853; x_wconf 80' lang='grc' dir='ltr'>στρατιώ-</span> 
     </span>
    </p>
   </div>
  </div>
