4038 6216
102 351 190 407 {Si

102 472 250 524 etiam
265 480 359 539 ego
377 464 519 532 dico;
536 462 634 522 sed
652 464 775 537 quia
814 476 912 535 per
931 462 1167 518 alienum
1200 474 1355 516 suum
1376 457 1666 513 Invenitur.

104 559 245 635 liles
270 556 431 621 enim,
462 553 567 611 nisi
593 553 794 611 bellum
823 561 975 625 gerat
998 567 1097 622 pro
1136 551 1201 606 iis
1229 550 1322 620 qui
1354 550 1531 619 ipsum
1577 563 1672 603 nu-

109 653 262 706 triunt
282 690 297 715 ,
329 662 436 704 non
467 646 628 702 habet
654 647 744 718 qui
789 644 893 701 hoc
925 646 1024 715 ipsi
1067 644 1335 700 ministret
1365 658 1379 695 :
1410 641 1496 696 hic
1544 656 1675 696 vero

107 757 293 809 rursus,
316 741 419 796 nisi
449 726 675 796 militem
697 739 807 794 alat
825 779 841 804 ,
876 754 991 795 non,
1009 736 1169 791 habet
1193 735 1285 804 qui
1315 749 1375 789 se
1400 732 1672 789 defendat.

114 836 338 890 Vidistiu‘
360 833 638 889 caritatem
669 832 869 902 ubique
912 840 1188 886 extensam
1219 839 1273 882 et
1300 826 1477 881 omnia
1505 824 1678 880 admi-

107 928 403 981 nistrantem
421 924 447 978 2
465 923 570 979 Sed
598 937 666 978 ne
712 920 1021 999 defatigeris
1049 918 1222 973 donec
1273 917 1409 971 hanc
1458 930 1675 970 auream

103 1002 328 1072 catenam
357 1014 631 1071 didiceris.
665 1014 799 1070 Cum
827 1011 1054 1067 dixisset
1096 1010 1284 1075 enim,
1335 1007 1457 1062 Non
1499 1006 1677 1076 quierit

102 1124 211 1178 quc
230 1125 320 1163 sua
351 1116 491 1172 sunt,
513 1106 643 1162 dicit
682 1117 867 1160 rursus
894 1100 1034 1156 bona
1062 1117 1184 1172 qua:
1211 1098 1334 1155 inde
1362 1108 1678 1154 nascuntur.

102 1207 341 1273 Quianam
372 1203 506 1259 illa?
537 1200 660 1256 Non
683 1200 932 1261 irritatur,
965 1212 1068 1250 non
1090 1196 1278 1266 cogitat
1304 1194 1516 1247 malum.
1549 1191 1679 1247 Vide

104 1311 304 1352 rursum
330 1312 447 1352 eam
478 1310 584 1349 non
611 1291 784 1348 solum
808 1291 860 1345 in
888 1290 1073 1344 vitium
1102 1288 1388 1357 imperare,
1409 1286 1501 1341 sed
1514 1287 1675 1342 etiam

104 1404 202 1443 non
230 1388 403 1452 sinere
427 1396 484 1441 ut
510 1387 627 1451 ejus
655 1382 938 1453 imperium
964 1381 1243 1436 consistat.
1273 1379 1388 1434 Non
1419 1378 1562 1434 enim
1592 1377 1677 1431 di-

102 1480 193 1545 xit,
212 1475 699 1547 lrritaturquidem,
718 1473 812 1528 sed
842 1472 1097 1543 superat;
1130 1470 1247 1539 sed,
1273 1470 1388 1525 Non
1411 1469 1674 1534 irritatur;

99 1586 267 1641 neque
290 1569 442 1632 dixit,
474 1565 590 1621 Non
633 1574 889 1635 operatur
941 1563 1161 1627 malum,
1217 1560 1434 1625 sed,Ne
1482 1560 1679 1630 cogitat

98 1664 323 1735 quidem.
353 1660 491 1715 Nihil
532 1658 675 1715 enim
708 1658 832 1713 mali
860 1674 963 1711 non
990 1657 1150 1711 modo
1172 1672 1275 1710 non
1306 1660 1548 1723 apparat,
1583 1649 1678 1705 sed

101 1773 165 1812 ne
194 1754 489 1825 suspicatur
539 1749 755 1822 quidem
810 1748 1071 1805 adversus
1122 1762 1244 1803 eum
1285 1745 1375 1815 qui
1421 1742 1677 1813 diligitur.

99 1844 370 1916 Quomodo
405 1859 538 1916 ergo
579 1852 798 1914 operata
851 1840 1055 1905 fuerit,
1087 1848 1179 1893 aut
1205 1835 1476 1908 quomodo
1502 1831 1677 1889 irrito.

103 1952 202 2003 tur,
233 1953 351 2011 qua:
393 1953 460 1991 ne
509 1937 868 2007 suSpicionem
914 1932 1130 2003 quidem
1185 1929 1379 1985 malam
1411 1928 1683 1998 suspicere

99 2030 240 2095 velit,
274 2027 415 2083 unde
438 2026 560 2083 fons
584 2039 667 2085 est
689 2024 926 2081 amoris?
955 2022 1010 2078 6.
1044 2020 1169 2076 Non
1192 2020 1378 2093 gaudet
1403 2036 1557 2090 super
1583 2020 1684 2073 ini-

97 2121 297 2190 quitate.
345 2120 460 2176 Hoc
482 2128 585 2186 est,
617 2134 722 2174 non
752 2118 852 2187 ipsi
902 2117 1077 2186 placet
1103 2114 1243 2184 quod
1271 2113 1362 2168 alii
1404 2112 1545 2168 male
1588 2127 1684 2183 pa-

99 2214 296 2267 tiantur
328 2230 339 2265 :
372 2227 546 2283 neque
574 2211 675 2266 hoc
707 2216 910 2266 tantum
937 2249 951 2271 ,
983 2205 1077 2261 sed
1109 2206 1250 2275 quod
1301 2205 1459 2275 longe
1510 2202 1687 2273 majus

96 2290 198 2371 est,
223 2302 513 2373 Congaudet
539 2312 709 2355 autem
730 2299 929 2355 veritati
959 2296 1135 2369 (Rom.
1166 2295 1253 2351 12.
1287 2295 1399 2366 15).
1433 2294 1684 2350 Gratula-

98 2406 200 2460 tur,
244 2397 439 2467 inquit,
470 2395 554 2461 iis,
588 2397 677 2465 qui
722 2393 858 2448 bene
885 2407 998 2446 rem
1030 2398 1253 2462 gerunt;
1288 2388 1338 2444 id
1365 2387 1507 2458 quod
1554 2385 1687 2441 dicit

99 2490 292 2545 Paulus
324 2488 616 2551 {Gaudere
638 2504 753 2541 cum
774 2486 1115 2556 gaudentibus
1134 2526 1151 2551 ,
1184 2493 1231 2541 et
1256 2484 1379 2553 flere
1405 2498 1519 2536 cum
1550 2482 1686 2550 [len-

101 2582 244 2636 tibus.
276 2580 412 2635 Iiinc
440 2594 547 2634 non
574 2578 880 2643 simulatur,
913 2575 1043 2637 hinc
1062 2590 1166 2629 non
1190 2574 1408 2629 inflatur
1444 2591 1457 2627 :
1490 2574 1687 2628 etenim

101 2671 270 2726 aliena
302 2669 438 2739 bona
465 2682 559 2722 sua
591 2682 711 2722 esse
735 2667 1027 2725 existimat.
1047 2664 1237 2719 Viden‘
1260 2662 1532 2731 quomodo
1549 2664 1689 2718 cari-

102 2776 177 2819 tas
233 2763 509 2820 alumnum
538 2775 694 2814 suum
726 2759 977 2828 paulatim
1029 2757 1277 2827 angelum
1306 2754 1501 2812 faciat?
1558 2754 1688 2811 Cum

98 2857 240 2912 enim
285 2856 377 2910 ira:
392 2868 587 2922 expers
613 2852 706 2918 sit,
735 2851 803 2906 ab
824 2850 1020 2906 invidia
1054 2866 1239 2921 purus,
1265 2859 1317 2903 et
1350 2848 1417 2904 ab
1435 2848 1581 2903 omni
1613 2858 1693 2919 ty-

99 2949 324 3005 rannico
363 2948 495 3003 vitio
522 2947 659 3003 liber
682 2985 699 3011 ,
727 2945 901 3015 Cogita
935 2944 1081 2998 illum
1114 2944 1181 3000 ab
1223 2942 1469 2997 humana
1503 2950 1691 2995 natura

96 3041 408 3106 abductum,
439 3038 506 3093 ad
535 3038 703 3109 ipsam
745 3037 1056 3107 angelorum
1089 3034 1569 3105 impassibilitatem
1598 3048 1694 3102 ap-

97 3134 324 3204 pulisse.
375 3135 623 3189 Attamen
654 3147 761 3185 non
812 3130 895 3184 his
940 3138 1226 3185 contentus
1273 3137 1395 3194 cst,
1445 3127 1537 3183 sed
1569 3126 1695 3197 quid

97 3231 263 3282 etiam
318 3226 401 3281 his
427 3225 600 3293 majus
625 3222 911 3278 dicendum
940 3222 1101 3276 habet
1128 3237 1143 3276 :
1175 3235 1295 3274 nam
1322 3234 1443 3289 qua:
1475 3219 1696 3272 fortiora

98 3326 227 3373 sunt
274 3326 548 3387 postremo
577 3315 750 3379 ponit.
783 3314 1122 3383 Quapropter
1150 3310 1281 3365 dicit
1314 3328 1327 3363 :
1364 3309 1549 3363 Omnia
1589 3311 1700 3379 suf-

98 3408 221 3475 fert.
264 3410 309 3462 A
340 3407 623 3477 patientia,
662 3420 692 3459 a
719 3402 1163 3466 mansuetudine;
1217 3402 1330 3456 sive
1359 3400 1699 3455 contmnelire

98 3502 231 3567 sint,
259 3500 374 3555 sive
405 3499 596 3570 plagie,
626 3498 739 3553 sive
761 3512 927 3560 mors,
946 3496 1059 3550 sive
1085 3493 1296 3566 quidvis
1318 3491 1483 3547 aliud.
1511 3494 1573 3546 Et
1600 3491 1702 3545 hoc

99 3606 295 3647 rursus
318 3606 383 3647 ex
408 3590 563 3645 beato
579 3588 777 3642 Davide
801 3586 1032 3656 perspici
1052 3596 1251 3654 potest.
1275 3583 1411 3652 Quid
1426 3585 1567 3638 enim
1596 3597 1703 3639 mo

100 3684 296 3739 Iestius
316 3692 419 3743 est,
451 3696 611 3750 quam
642 3678 825 3733 videre
850 3662 1015 3732 lilium
1047 3678 1410 3747 insurgentem
1440 3684 1493 3729 et
1520 3686 1702 3746 tyran-

99 3776 284 3832 nidem
298 3773 634 3829 affectantem
652 3780 1039 3840 paternumque
1058 3768 1370 3837 sanguinem
1396 3765 1662 3820 sitientem
1681 3764 1703 3817 ?

97 3868 209 3924 Sed
240 3876 299 3923 et
318 3865 424 3921 hoc
450 3864 571 3919 tulit
598 3862 784 3919 beatus
808 3862 930 3925 ille;
958 3875 1127 3930 neque
1170 3860 1240 3911 ita
1270 3857 1703 3933 sumiuuitacer-

96 3961 231 4014 hum
258 3958 485 4013 verbum
506 3946 755 4010 emittere
773 3964 958 4007 contra
987 3949 1328 4022 parricidam,
1349 3947 1441 4001 sed
1456 3962 1575 4003 cum
1602 3946 1705 3999 alia

95 4050 288 4106 omnia
306 4047 429 4103 belli
446 4045 675 4100 ducibus
696 4042 1074 4107 commisisset,
1096 4056 1193 4111 pro
1206 4039 1353 4093 illius
1367 4038 1537 4101 salute
1550 4053 1703 4091 man-

93 4144 229 4198 data
253 4139 447 4204 dabat;
480 4138 691 4193 firmum
720 4138 861 4192 enim
890 4146 1005 4191 erat
1031 4134 1265 4193 caritatis
1280 4133 1703 4187 fundamentum.

96 4234 339 4303 Ideoque
374 4230 554 4287 omnia
587 4228 808 4295 suffert;
843 4238 895 4284 ct
915 4227 1039 4287 hinc
1059 4227 1274 4297 quidem
1310 4225 1427 4295 ejus
1455 4224 1705 4281 virtutem

95 4324 440 4390 subindicat,
471 4321 766 4378 bonitatem
793 4329 971 4375 autem
1006 4334 1101 4389 per
1126 4332 1189 4373 ea
1220 4333 1339 4387 qua:
1370 4326 1703 4387 sequuntur:

98 4434 231 4472 nam
257 4419 355 4479 ait,
392 4414 578 4471 Omnia
607 4422 812 4483 sperat,
843 4413 1014 4467 omnia
1049 4410 1237 4473 credit,
1277 4410 1447 4463 omnia
1477 4412 1705 4462 sustinet.

96 4509 246 4576 Quid
277 4519 381 4571 est,
416 4507 603 4563 Omnia
629 4514 796 4573 sperat
820 4505 845 4557 ?
875 4505 948 4559 De
970 4504 1127 4560 bonis
1148 4502 1592 4574 quibuscumque,
1628 4500 1709 4553 iu-

96 4601 243 4668 qnit,
290 4598 471 4655 dilecti
496 4597 577 4653 sui
609 4610 715 4665 non
741 4594 1029 4664 desperat;
1062 4594 1157 4651 sed
1188 4591 1396 4659 etiamsi
1425 4591 1511 4645 ille
1539 4590 1709 4644 malus

95 4693 196 4758 sit,
232 4700 521 4764 permanet
541 4689 689 4745 illum
717 4686 1012 4756 corrigens,
1044 4685 1354 4757 providens,
1390 4698 1571 4739 curam
1613 4697 1709 4753 ge-

96 4798 257 4837 rens.
288 4781 476 4837 Omnia
490 4780 666 4836 credit.
692 4776 808 4833 Non
827 4777 996 4831 solum
1014 4778 1157 4841 enim
1177 4787 1378 4848 sperat,
1400 4775 1591 4847 inquit,
1615 4771 1709 4828 scd

95 4872 277 4927 etiam
304 4875 502 4949 credit,
517 4890 583 4930 ex
603 4888 669 4929 eo
690 4870 828 4941 quod
846 4868 997 4931 valde
1012 4878 1157 4924 amet
1181 4887 1193 4923 :
1210 4871 1420 4925 etiamsi
1440 4868 1554 4939 haec
1573 4867 1711 4923 bona

96 4979 216 5019 non
248 4966 552 5022 secundum
582 4981 731 5036 spem
763 4960 1074 5027 succedant,
1095 4961 1189 5017 sed
1203 4963 1414 5017 etiamsi
1432 4962 1520 5017 ille
1543 4948 1711 5016 mole-

94 5058 245 5112 stior
278 5058 373 5122 sit,
400 5072 462 5113 ea
504 5061 665 5120 etiam
693 5061 815 5115 fert.
847 5057 1033 5111 Omnia
1064 5055 1210 5110 enim
1242 5057 1479 5122 sustinet,
1516 5057 1710 5127 inquit.

92 5149 153 5204 8.
190 5146 406 5202 Caritas
436 5165 711 5220 numquam
736 5150 942 5206 excidit.
976 5146 1225 5203 Vidistin‘
1248 5146 1464 5217 quando
1491 5147 1707 5202 coroni-

94 5242 233 5297 dem
271 5239 611 5309 imposuerit,
635 5252 689 5297 et
715 5245 856 5315 quod
889 5243 942 5299 in
969 5242 1071 5298 hoc
1098 5240 1242 5296 dono
1264 5240 1435 5310 magis
1456 5240 1711 5297 eximium

90 5336 216 5392 sit?
250 5333 397 5403 Quid
430 5333 574 5389 enim
611 5335 713 5391 sibi
739 5320 875 5405 vuu,
906 5323 1029 5393 Non
1051 5333 1279 5393 excidit?
1307 5332 1423 5388 Non
1452 5333 1712 5389 discindi-

92 5442 215 5497 tur,
251 5446 365 5485 non
405 5427 718 5487 dissolvitur
736 5429 991 5505 ferendo:
1013 5442 1158 5488 amat
1186 5430 1553 5497 enimomnia.
1580 5429 1712 5486 Nam

92 5524 199 5592 qui
232 5531 408 5588 amat,
451 5535 743 5593 numquam
768 5521 948 5579 odisse
974 5528 1163 5592 possit,
1211 5519 1467 5594 quidquid
1515 5520 1713 5580 factum

92 5614 323 5670 fuerit:
352 5613 455 5671 hoc
482 5614 680 5685 quippe
710 5622 795 5670 est
818 5615 1111 5671 maximum
1135 5618 1300 5689 ipsius
1320 5615 1541 5672 bonum.
1570 5616 1717 5671 Talis

94 5715 225 5761 erat
260 5707 507 5766 Paulus:
542 5708 770 5781 ideoque
806 5707 1041 5776 dicebat,
1072 5711 1135 5766 Si
1172 5729 1272 5779 quo
1326 5707 1476 5762 modo
1526 5726 1712 5777 provo—

95 5811 219 5851 rem
272 5801 345 5853 ad
371 5801 716 5857 «inﬂandum
744 5818 947 5857 carnem
975 5818 1134 5857 meam
1163 5803 1342 5875 (llam.
1376 5804 1461 5859 11.
1496 5803 1611 5874 Ii),
1662 5814 1718 5859 et

1080 345 1147 403 IN
1185 342 1402 404 EPIST.
1448 341 1465 394 l
1534 340 1623 392 Αῐ)
1661 337 1814 394 C08.
1858 338 2087 396 H0311!”
2132 338 2371 395 XXXIII.

3264 348 3371 403 283

1783 471 2011 526 δίκη-λης
2048 458 2265 513 mansit.
2316 457 2386 514 Et
2413 458 2752 515 Timotheum
2786 460 3098 519 hortabatur
3143 464 3371 522 dicens:

1782 546 1990 603 Seruum
2018 559 2183 603 autem
2224 547 2427 603 Domini
2454 566 2556 605 non
2602 562 2801 620 oportet
2839 568 3085 624 pugnare,
3113 556 3204 609 sed
3224 572 3377 609 mau-

1783 649 1981 703 suetuni
2008 655 2115 694 esse
2138 638 2207 692 ad
2249 656 2446 706 omnes,
2479 642 2534 696 in
2562 642 2809 697 modestia
2850 643 3157 701 erudientem
3186 661 3271 699 eos
3291 653 3378 716 qui

1782 732 2018 785 resistunt
2061 732 2261 787 veritati
2282 774 2299 799 ,
2340 750 2406 787 an
2437 734 2568 802 forte
2606 736 2820 791 detilfis
2857 735 2997 792 Deus
3033 737 3373 809 cognitionem

1786 822 2004 877 ueritatis
2059 821 2297 893 (2.17m.
2322 823 2377 878 2.
2401 823 2492 881 24.
2515 824 2632 898 25).
2679 826 2817 894 Quid
2862 829 3294 899 ergo,'inqnies,
3329 830 3372 884 si

1784 912 1984 968 inimici
2004 915 2052 972 si
2062 923 2119 968 ut
2146 924 2200 970 et
2225 915 2477 984 gentiles,
2505 931 2687 972 annon
2704 917 2883 975 odisse
2900 918 3164 989 oportuit?
3182 919 3376 975 Odisse

1783 1006 2023 1076 quidem,
2074 1021 2181 1062 non
2210 1008 2353 1075 illos,
2387 1009 2479 1064 sed
2508 1008 2733 1081 dogma;
2786 1028 2890 1067 non
2934 1012 3225 1080 hominem,
3281 1013 3375 1070 sed

1786 1095 1981 1150 malum
2011 1112 2170 1166 Opus,
2198 1108 2512 1169 corruptum
2538 1101 2797 1155 animum.
2824 1100 2997 1157 Homo
3025 1119 3256 1173 namque
3295 1115 3379 1160 est

1782 1200 1918 1255 opus
1949 1187 2064 1255 Dei,
2098 1203 2254 1244 error
2280 1200 2460 1245 autem
2491 1206 2625 1260 opus
2646 1192 2863 1246 diaboli.
2887 1193 2965 1249 Ne
2989 1210 3119 1265 ergo
3146 1198 3379 1252 misceas

1783 1293 1843 1333 ea
1872 1294 1992 1349 qua:
2017 1282 2109 1336 Dei
2141 1291 2286 1348 sunt,
2311 1292 2364 1338 et
2386 1298 2506 1355 qua:
2529 1283 2750 1339 diaboli.
2778 1284 2913 1357 Nam
2941 1285 3110 1342 Judaei
3142 1299 3292 1344 erant
3323 1299 3378 1345 et

1785 1368 2083 1441 blasphemi
2106 1382 2159 1427 et
2184 1382 2602 1445 persequutores
2623 1384 2677 1431 et
2703 1377 3099 1444 contumeliosi,
3130 1380 3379 1435 innume-

1786 1477 1950 1531 raque
1975 1463 2042 1518 de
2066 1463 2285 1520 Christo
2316 1466 2568 1521 dicebant
2597 1467 2735 1523 mala
2770 1487 2784 1523 :
2813 1484 3013 1540 ergone
3040 1471 3161 1526 illos
3190 1471 3379 1530 oderat

1785 1557 1982 1613 Paulus
2002 1600 2017 1624 ,
2045 1561 2134 1629 qui
2163 1562 2399 1616 maxime
2426 1564 2665 1618 omnium
2696 1563 2972 1621 Christum
3005 1567 3251 1623 amabat?
3274 1567 3381 1624 Ne.

1786 1665 2076 1721 quaquam,
2111 1651 2219 1707 imo
2246 1662 2300 1707 et
2325 1653 2559 1720 amabat,
2586 1664 2642 1709 et
2664 1658 2845 1711 omnia
2873 1672 2969 1726 pro
2998 1659 3125 1728 ipsis
3151 1658 3376 1729 agebat:

1784 1752 1837 1797 ct
1869 1757 2008 1801 nunc
2038 1742 2256 1813 quidem
2288 1742 2440 1809 dicit,
2509 1743 2760 1799 Voluntas
2785 1748 2987 1815 quidem
3017 1758 3062 1801 et
3089 1749 3379 1815 deprecatio

1786 1851 1898 1889 mea
1916 1836 1984 1889 ad
2005 1834 2168 1890 Deum
2191 1835 2247 1904 ﬁt
2265 1852 2356 1906 pro
2386 1836 2488 1890 illis
2513 1839 2580 1889 ad
2606 1836 2826 1891 salutem
2843 1837 3118 1906 (RomJO.
3137 1839 3215 1909 l);
3238 1857 3380 1896 nunc

1788 1936 1990 1992 autem,
2027 1926 2282 1997 Optabam
2305 1929 2583 1983 anathema
2611 1946 2718 1983 esse
2758 1946 2791 1982 a
2843 1928 3046 1983 Christo
3099 1948 3192 2001 pro
3250 1932 3376 2002 ipsis

1791 2020 1964 2092 (Ilom.
2008 2019 2062 2074 9.
2096 2021 2175 2087 '5).
2198 2018 2287 2077 Sic
2317 2031 2370 2076 et
2402 2020 2655 2077 Ezechiel
2701 2020 2886 2076 videns
2913 2036 3007 2077 eos
3033 2022 3200 2079 occidi
3230 2023 3376 2077 dice-

1790 2112 1879 2167 bat
1905 2130 1917 2164 :
1950 2110 2050 2167 Hei
2072 2111 2196 2165 mihi
2214 2154 2231 2181 ,
2262 2111 2495 2179 Domine,
2526 2111 2662 2168 deles
2684 2122 2738 2166 tu
2764 2129 2847 2167 eos
2872 2114 2956 2184 qui
2980 2124 3094 2169 sunt
3118 2116 3298 2184 reliqui
3320 2131 3383 2170 est

1791 2202 1957 2258 Israel
1984 2202 2193 2273 (Ezech.
2228 2202 2282 2258 9.
2312 2204 2369 2273 8)
2390 2205 2415 2257 ’ἒ
2442 2215 2494 2258 et
2525 2204 2773 2276 Moyses:
2811 2205 2871 2261 Si
2916 2207 3118 2275 quidem
3164 2207 3382 2260 dimittis

1790 2296 1892 2349 illis
1918 2306 2197 2366 peccatum,
2230 2296 2426 2350 dimitte
2455 2294 2651 2365 (Exod.
2677 2296 2765 2353 52.
2791 2298 2904 2369 31).
2936 2298 3072 2366 Quid
3103 2314 3231 2368 ergo
3256 2299 3385 2353 dicit

1794 2387 2003 2445 David?
2052 2386 2153 2442 Eos
2168 2388 2254 2457 qui
2288 2387 2506 2451 oderunt
2534 2398 2599 2456 te,
2631 2388 2867 2457 Domine,
2896 2392 3125 2459 oderam,
3166 2401 3213 2445 et
3232 2408 3386 2462 super

1792 2482 2029 2538 inimicos
2073 2492 2185 2536 tuos
2218 2482 2528 2536 labescebam
2556 2500 2575 2536 :
2605 2486 2826 2554 perfecto
2856 2485 2975 2539 odio
3016 2485 3224 2539 oderam
3270 2486 3391 2540 illos

1798 2574 1970 2645 (Psal.
2000 2572 2123 2629 158.
2154 2572 2245 2627 21.
2269 2571 2385 2644 2'2).
2413 2574 2572 2642 Atqui
2601 2590 2706 2627 non
2738 2576 2937 2641 omnia,
2967 2591 3087 2645 quie
3111 2590 3139 2628 a
3173 2576 3378 2630 Davide

1797 2672 1848 2722 in
1882 2667 2111 2723 Psalmis
2132 2667 2271 2723 dicta
2294 2675 2438 2729 sunt,
2464 2684 2530 2722 ex
2557 2682 2783 2735 persona
2817 2668 3029 2722 Davidis
3048 2676 3170 2722 sunt
3194 2667 3336 2722 dicta
3364 2686 3377 2721 :

1795 2762 1991 2815 ctenim
2022 2760 2107 2814 hic
2140 2762 2253 2828 ipse
2283 2760 2431 2825 dicit,
2460 2761 2868 2817 Tabernaculum
2898 2763 2988 2832 ﬁxi
3012 2778 3129 2816 cum
3154 2761 3384 2816 taberna-

1796 2855 1923 2909 culis
1949 2854 2144 2915 Cedar;
2182 2863 2256 2920 et,
2292 2854 2463 2923 Super
2482 2856 2696 2923 ﬂumina
2722 2855 3000 2926 Babylonis
3025 2855 3132 2911 illic
3163 2855 3383 2909 sedimus

1799 2958 1844 3003 et
1873 2949 2103 3019 ﬂeuimus
2124 2944 2296 3019 (Psal.
2332 2945 2459 3002 119.
2491 2948 2543 3000 5.
2567 2956 2614 3000 et
2643 2948 2877 3015 156.1);
2904 2964 3077 3018 neque
3102 2963 3230 3002 vero
3259 2946 3392 3000 vidit

1800 3041 2170 3114 Babylonem,
2230 3054 2406 3107 neque
2458 3038 2800 3094 tabernacula
2858 3038 3033 3093 Cedar
3086 3058 3097 3092 :
3156 3038 3390 3107 alioquin

1800 3135 1960 3189 etiam
1982 3124 2125 3187 nunc
2141 3131 2314 3201 major
2336 3147 2363 3185 a
2388 3132 2542 3186 nobis
2569 3131 2797 3200 exigitur
2820 3129 3390 3199 pliilosophia.Quam-

1803 3229 2012 3290 obrcm,
2068 3224 2381 3295 rogantibus
2411 3224 2689 3295 discipulis
2714 3232 2771 3278 ut
2802 3222 3173 3278 demitteretur
3218 3221 3387 3291 ignis,

1803 3332 1861 3374 ut
1884 3328 2125 3389 tempore
2150 3317 2303 3382 Elim,
2329 3315 2573 3383 Nescitis,
2598 3315 2769 3387 inquit
2815 3313 3076 3376 Christus.
3099 3316 3243 3374 cuius
3278 3312 3390 3381 spi-

1802 3414 1929 3465 ritus
1959 3409 2249 3479 estis‘(Luc.
2279 3408 2333 3464 9.
2365 3410 2479 3479 55).

1884 3506 1938 3562 5.
1975 3504 2129 3561 Tunc
2157 3506 2302 3561 enim
2346 3518 2451 3559 non
2500 3492 2828 3572 impietatem
2871 3501 3063 3567 modo,
3092 3502 3186 3557 sed
3220 3501 3388 3556 etiam

1816 3598 2011 3669 impios
2038 3600 2187 3667 ipsos
2216 3596 2401 3652 odisse
2426 3596 2780 3665 jubebantur,
2806 3612 2873 3651 ne
2897 3595 3136 3649 amicitia
3163 3594 3391 3649 occasio

1818 3691 1951 3760 ipsis
1982 3700 2127 3743 esset
2172 3689 2504 3757 iniquitatis;
2548 3689 2775 3760 ideoque
2810 3689 3164 3758 cognationes
3207 3688 3391 3744 absci-

1816 3786 1899 3838 dit
1947 3794 2000 3839 et
2051 3782 2487 3847 commixtiones,
2528 3791 2581 3836 et
2627 3781 2865 3851 undique
2915 3782 3039 3836 illos
3084 3782 3386 3837 muniebat.

1817 3872 1973 3931 Nunc
2005 3880 2216 3939 autem,
2249 3872 2375 3945 quia
2410 3872 2477 3926 ad
2516 3870 2775 3941 majorem
2818 3884 2920 3927 nos
2958 3871 3111 3926 duxit
3150 3873 3393 3941 philoso—

1811 3965 1987 4034 phiam
2008 3973 2062 4020 et
2089 3965 2413 4020 excelsiores
2442 3964 2640 4035 posuit,
2655 3977 2814 4035 quam
2830 3971 2886 4017 ut
2901 3961 3098 4018 damno
3112 3960 3238 4015 hinc
3258 3957 3398 4013 affici

1813 4070 2111 4126 possemus.
2132 4064 2188 4110 et
2213 4055 2499 4111 admittere
2519 4069 2613 4110 eos
2633 4063 2688 4109 et
2711 4054 2977 4109 consolari
3006 4054 3177 4122 jubet.
3208 4051 3396 4120 Neque

1810 4149 1952 4203 enim
1978 4147 2132 4201 nobis
2160 4146 2230 4200 ab
2258 4146 2362 4201 illis
2402 4147 2681 4212 damnum,
2710 4145 2803 4200 sed
2834 4146 2940 4199 illis
2960 4160 2990 4198 a
3014 4144 3169 4199 nobis
3199 4143 3400 4198 utilitas

1811 4239 2077 4311 provenit.
2098 4238 2239 4307 Quid
2254 4238 2561 4309 ergodicit?
2580 4238 2693 4292 Non
2717 4246 2929 4305 oportet
2955 4234 3273 4300 odisse,‘sed
3298 4236 3402 4287 mi-

1811 4330 2005 4387 sereri.
2028 4331 2084 4387 Si
2111 4330 2252 4386 enim
2275 4331 2472 4393 oderis,
2496 4329 2768 4400 quomodo
2798 4338 3069 4383 errantem
3093 4327 3247 4382 facile
3273 4344 3402 4379 ron—

1813 4424 2027 4480 vertes?
2055 4422 2323 4493 quomodo
2343 4421 2524 4477 orabis
2546 4436 2643 4491 pro
2668 4418 2903 4479 infideli?
2933 4419 3064 4474 Nam
3085 4418 3226 4488 quod
3249 4432 3405 4471 orare

1812 4525 2077 4585 oporteat,
2106 4515 2229 4571 audi
2258 4514 2382 4585 quid
2415 4514 2558 4568 dicat
2585 4514 2781 4571 Paulus
2812 4533 2824 4567 :
2858 4513 3077 4567 Obsecro
3118 4512 3273 4583 igitur
3296 4510 3403 4575 pri-

1811 4623 1950 4659 mum
1975 4608 2202 4667 omnium
2231 4607 2344 4674 ﬁeri
2363 4606 2753 4671 obsecrationes,
2795 4606 3070 4665 orationes,
3103 4600 3401 4671 postulatio-

1813 4715 1922 4763 nes,
1951 4699 2231 4767 gratiaruth
2252 4698 2475 4751 actiones
2492 4714 2584 4765 pro
2605 4696 2838 4749 omnibus
2856 4693 3144 4747 nominibus
3160 4694 3209 4763 (1
3228 4733 3240 4746 .
3268 4689 3401 4744 Tim.

1813 4789 1867 4844 2.
1900 4791 1952 4844 1.
1974 4791 2053 4857 2).
2076 4788 2229 4858 Quod
2256 4796 2436 4843 autem
2462 4797 2589 4841 tunc
2620 4802 2723 4841 non
2754 4802 2942 4841 omnes
2967 4783 3152 4839 ﬁdeles
3201 4793 3403 4846 essent,

1815 4884 1985 4940 cuivis
2014 4881 2354 4938 manifesmm
2393 4891 2497 4936 est.
2526 4882 2592 4935 Iit
2624 4896 2855 4945 rursum,
2883 4880 2988 4935 Pro
3014 4880 3233 4951 regibus,
3270 4886 3317 4931 et
3345 4877 3409 4930 iis

1815 4979 1901 5049 qni
1947 4979 2000 5031 in
2047 4976 2295 5048 dignitate
2333 4976 2591 5031 constituti
2622 4987 2760 5031 sunt.
2792 4976 2944 5044 Quod
2983 4988 3146 5043 porro
3174 4973 3225 5025 lii
3258 4971 3406 5038 impii

1816 5078 2001 5127 essent
2042 5078 2099 5126 et
2143 5068 2329 5137 iniqui,
2382 5067 2488 5121 hoc
2514 5068 2641 5121 item
2674 5078 3009 5135 perspicuum
3061 5070 3162 5116 est.
3199 5059 3406 5115 Deinde

1818 5176 2036 5219 causam
2062 5173 2278 5231 quoque
2297 5158 2559 5212 orationis
2577 5156 2783 5221 dicens,
2806 5154 3110 5225 subjungit:
3143 5152 3254 5208 Hoc
3275 5155 3408 5207 enim

1820 5259 2004 5311 bonum
2045 5264 2121 5309 est
2164 5262 2212 5306 et
2239 5262 2506 5321 acceptum
2542 5251 2595 5304 in
2639 5262 2909 5317 conspectu
2937 5247 3221 5303 Saluatoris
3249 5250 3410 5302 nostri

1818 5346 1938 5414 Dei,
1966 5347 2055 5416 qui
2084 5361 2258 5399 omnes
2297 5345 2525 5399 homines
2548 5342 2654 5395 vult
2678 5340 2844 5396 salvos
2864 5340 2992 5409 ﬁeri.
3024 5350 3070 5394 et
3096 5342 3165 5393 ad
3190 5326 3411 5409 agnitio-

1819 5458 1934 5497 nem
1963 5441 2187 5495 aeritatis
2216 5441 2386 5495 pertire
2414 5436 2579 5509 (Ibid.
2610 5453 2659 5491 υ.
2688 5435 2741 5489 5.
2790 5434 2866 5507 4).
2914 5434 3036 5490 Ideo
3075 5433 3119 5487 si
3149 5432 3403 5501 gentilem

1822 5532 2100 5588 mulierem
2130 5530 2395 5588 invenerit
2414 5543 2535 5584 cum
2561 5525 2701 5582 fideli
2727 5525 3073 5586 habitantem,
3102 5540 3206 5577 non
3248 5525 3403 5578 solvit

1821 5622 2165 5693 conjugium:
2195 5634 2517 5693 quamquam
2536 5616 2666 5689 quid
2693 5626 2779 5674 est
2806 5616 3013 5673 mulieri
3036 5614 3152 5670 viro
3178 5615 3406 5684 conjun-

1821 5715 1995 5769 ctius?
2028 5712 2191 5768 Erunt
2236 5713 2377 5768 enim
2437 5712 2537 5765 duo
2584 5710 2637 5763 in
2680 5726 2831 5764 carne
2880 5724 2983 5761 una
3009 5705 3159 5776 (Gen.
3186 5705 3404 5772 2.94):

1824 5820 2119 5875 magnaque
2166 5813 2245 5860 est
2273 5804 2380 5859 illic
2410 5801 2708 5860 animorum
2744 5799 3053 5870 eonjunctio
3103 5806 3158 5857 et
3191 5799 3409 5857 fervens
