4038 6216
516 356 626 413 983

515 487 688 526 amor.
714 470 771 525 Si
799 478 974 523 autem
996 466 1188 537 impios
1205 478 1256 521 et
1287 466 1496 534 iniquos
1514 464 1637 519 odio
1661 463 1887 541 habitpri
1916 463 2105 525 simus,

517 566 658 620 ultra
687 562 955 634 progressi
987 562 1148 616 etiam
1196 570 1507 629 peccatores
1534 558 1660 613 odio
1689 555 2022 617 habebimus,
2056 564 2110 607 et

517 659 597 711 sic
625 658 847 710 ulterius
879 653 1196 723 procedens,
1224 667 1254 706 a
1283 651 1464 706 multis
1481 648 1737 704 fratribus
1765 646 2104 711 discinderis,

516 752 626 804 imo
655 749 721 802 ab
742 747 989 801 omnibus
1027 764 1040 801 τ
1067 760 1225 801 nemo
1256 746 1424 809 enim,
1468 757 1629 798 nemo
1655 751 1803 798 certe
1832 741 1949 795 sine
1980 755 2107 810 pec-

516 852 632 896 cato
660 850 761 897 est.
798 840 927 895 Nam
968 840 1012 895 si
1042 846 1290 909 oporteat
1339 837 1431 893 Dei
1467 836 1714 891 inimicos
1743 834 1920 889 odisse
1944 875 1958 898 ,
2000 849 2105 886 non

512 934 686 988 solum
707 933 922 1001 impios,
954 931 1049 986 sed
1074 931 1233 985 etiam
1260 938 1571 999 peccatores
1586 928 1711 981 odio
1731 925 1929 979 habere
1949 939 2107 993 opor-

513 1033 585 1078 tet
620 1042 633 1076 :
666 1032 719 1078 et
743 1024 822 1077 sic
839 1023 1040 1078 erimus
1070 1021 1191 1076 feris
1214 1020 1535 1084 deteriores,
1564 1032 1751 1072 omnes
1772 1027 2103 1082 aversantes,

500 1116 818 1186 arrogantia
849 1114 1035 1178 inflati,
1063 1114 1309 1169 sicutille
1332 1112 1655 1167 Phariszeus.
1687 1110 1756 1164 At
1778 1125 1884 1163 non
1903 1108 2105 1177 itajus-

512 1208 579 1259 sit
611 1207 827 1271 Paulus,
859 1207 952 1260 sed
985 1205 1300 1275 quomodo?
1344 1203 1547 1256 Monete
1576 1202 1951 1270 incompositos,
1981 1216 2103 1252 con-

510 1298 748 1351 tzolamini
772 1298 1145 1367 pusillanimes,
1174 1296 1413 1361 suscipite
1428 1294 1679 1362 inﬁrmos.
1704 1293 1947 1361 patientes
1972 1302 2105 1345 csto-

508 1402 555 1443 te
578 1389 647 1442 ad
674 1406 844 1443 manes
872 1389 947 1460 (l.
980 1387 1160 1441 Thess.
1186 1387 1239 1440 5.
1266 1384 1529 1455 H).Quid
1557 1400 1705 1454 ergo,
1734 1385 1957 1453 inquies,
1979 1399 2101 1437 cum

505 1480 660 1534 dicit:
694 1479 755 1533 Si
806 1480 916 1546 quis
944 1495 1042 1531 non
1069 1478 1232 1531 obedit
1274 1476 1421 1529 verba
1462 1485 1632 1528 nostro
1680 1491 1768 1543 per
1797 1474 2097 1539 epistolam,

510 1573 643 1624 hunc
671 1579 858 1632 notate,
893 1578 940 1622 et
966 1585 1065 1622 non
1088 1569 1514 1621 commisceamini
1553 1584 1666 1620 cum
1694 1568 1781 1620 illo
1814 1568 1886 1637 (‘2.
1921 1567 2097 1621 Thess.

507 1664 559 1717 5.
597 1662 725 1729 tt)?
754 1662 890 1717 Vere
912 1662 1125 1731 quidem
1155 1662 1259 1715 hoc
1285 1664 1350 1714 de
1392 1661 1643 1715 fratribus
1668 1661 1868 1715 dietum
1899 1671 2014 1725 est;
2047 1674 2101 1714 at

508 1770 614 1808 non
644 1755 910 1816 absolute.
942 1754 1035 1809 sed
1065 1769 1186 1808 eunt
1213 1752 1646 1807 mansuetudine.
1678 1750 1755 1806 Ne
1784 1752 1927 1805 enim
1957 1766 2102 1805 rese-

505 1860 598 1901 ces
624 1862 685 1899 ea
714 1862 832 1916 qua:
856 1854 1173 1915 sequuntur,
1202 1843 1297 1899 sed
1334 1853 1387 1897 et
1410 1859 1469 1897 ea
1495 1859 1615 1913 qua:
1646 1854 1765 1897 sunt
1791 1854 1971 1912 postea
2001 1842 2100 1895 ad-

508 1938 681 2004 jicias.
705 1937 835 1991 Nam
860 1952 981 1991 cum
1011 1936 1257 1999 dixisset,
1293 1935 1376 1989 Ne
1404 1936 1849 1999 conuuisceumini,
1873 1935 2099 2003 subjun-

504 2029 582 2084 xit
611 2046 624 2083 :
656 2028 725 2083 Et
746 2030 903 2084 nolite
929 2031 1076 2100 quasi
1096 2030 1356 2083 inimicum
1384 2029 1690 2094 existimare,
1725 2028 1813 2080 sed
1838 2028 2101 2080 admonete

504 2129 555 2173 ut
583 2124 792 2191 fratrem
823 2120 987 2188 (Ibid.
1023 2137 1069 2174 υ.
1127 2120 1237 2191 15).

578 2211 720 2283 Opus
747 2212 937 2266 diaboli
972 2223 1043 2264 est
1075 2212 1293 2263 alterum
1319 2210 1380 2263 ab
1407 2212 1568 2263 altero
1598 2209 1853 2264 divellere.
1890 2209 2098 2265 Caritas

503 2304 676 2357 omnia
695 2313 925 2372 superat.
951 2332 1018 2341 —
1050 2301 1237 2356 Viden’
1269 2301 1541 2370 quomodo
1564 2301 1766 2355 malum
1794 2316 1929 2371 opus
1944 2302 2098 2371 jubet

505 2395 709 2461 odisse,
735 2411 841 2450 non
875 2395 1146 2449 hominem
1171 2395 1194 2448 ?
1223 2394 1355 2448 Nam
1385 2409 1522 2463 Opus
1552 2395 1747 2450 diaboli
1776 2404 1859 2449 est
1884 2411 1984 2450 nos
2011 2397 2096 2450 al-

508 2500 681 2545 terum
710 2490 779 2545 ab
803 2489 976 2544 altero
999 2489 1254 2544 divellere
1289 2507 1302 2542 :
1332 2497 1387 2543 et
1418 2488 1574 2543 valde
1595 2489 1818 2544 curabat
1845 2490 1935 2544 ille
1950 2485 2097 2545 cari-

506 2590 669 2661 tatem
696 2580 766 2637 de
793 2581 971 2637 medio
998 2581 1206 2647 tollere,
1238 2589 1296 2635 ιιι
1321 2581 1677 2635 correctionis
1701 2582 1841 2634 viam
1865 2589 2094 2644 secaret,

504 2674 880 2746 detineretque
904 2675 1052 2729 illum
1082 2674 1299 2745 quidem
1328 2674 1380 2727 in
1412 2689 1618 2738 errore,
1644 2682 1695 2727 te
1721 2681 1899 2727 autem
1924 2672 1974 2725 in
1997 2672 2098 2726 ini-

504 2768 727 2835 micitia,
752 2768 1054 2839 deindeque
1075 2776 1289 2823 arceret
1317 2782 1437 2822 eum
1462 2781 1491 2818 a
1526 2764 1607 2817 via
1638 2765 1847 2818 salutis.
1875 2764 2098 2833 Quando

503 2860 649 2914 enim
673 2860 913 2915 medicus
939 2860 1054 2913 odit
1082 2868 1341 2929 a‘grOIum
1369 2868 1423 2910 et
1445 2855 1514 2910 ab
1537 2856 1630 2909 illo
1654 2855 1805 2926 fugit,
1838 2866 1893 2911 et
1920 2872 2095 2926 aegro-

503 2962 589 3004 tus
611 2950 874 3005 medicum
905 2959 1207 3005 aversatur.
1236 2949 1577 3017 quandonam
1618 2947 1705 3001 hic
1733 2946 2094 3013 convalescet,

504 3058 628 3096 cum
660 3056 834 3111 neque
863 3040 951 3096 hic
977 3042 1127 3095 illum
1144 3041 1389 3106 advocet,
1413 3055 1588 3110 neque
1618 3039 1901 3112 illeipsnm
1918 3038 2099 3097 adeat?

502 3135 611 3187 (Zur
650 3147 802 3203 ergo,
856 3148 1063 3202 quazso,
1113 3135 1381 3186 aversaris
1406 3142 1459 3186 et
1486 3131 1625 3200 fugis
1649 3131 1842 3186 illum?
1876 3147 1944 3184 an
1975 3131 2096 3199 quia

505 3234 590 3279 est
616 3225 812 3295 impius
832 3225 855 3279 ἲ
876 3226 945 3279 At
968 3225 1088 3279 ideo
1116 3234 1329 3296 oportet
1362 3225 1509 3278 illum
1539 3225 1690 3278 adire
1719 3231 1774 3278 et
1800 3238 2012 3287 curare,
2043 3232 2099 3275 ιιι

502 3326 761 3388 aegrotum
788 3316 854 3371 ad
875 3315 1237 3371 valetudinem
1271 3330 1515 3369 revoces.
1545 3313 1699 3382 Quod
1745 3314 1789 3368 si
1821 3313 2096 3368 incurabili

510 3407 700 3462 morbo
725 3407 951 3472 laborat,
994 3407 1087 3461 sed
1121 3416 1175 3459 tu
1217 3406 1401 3474 jussus
1437 3420 1495 3458 es
1539 3404 1683 3473 quod
1733 3406 1784 3458 in
1835 3415 1887 3458 te
1915 3403 2097 3457 estfa-

507 3513 631 3553 cere
673 3514 687 3549 :
737 3513 858 3551 nam
901 3507 956 3553 et
1008 3497 1174 3552 Judas
1234 3497 1513 3550 incurabili
1569 3497 1757 3552 morbo
1801 3496 2093 3561 laborabat,

510 3604 609 3645 nec
640 3597 818 3643 tamen
869 3588 1077 3643 deStitit
1122 3588 1260 3642 Deus
1318 3588 1463 3641 illum
1520 3602 1731 3643 curare.
1789 3587 1867 3643 Ne
1920 3590 2097 3661 itaque

507 3692 563 3735 tu
622 3693 837 3750 quoque
887 3678 1216 3749 defatigeris.
1265 3678 1397 3733 Nam
1451 3679 1689 3745 etiamsi,
1714 3695 1908 3750 magno
1941 3682 2098 3738 adhi-

506 3773 616 3827 hito
665 3771 863 3837 studio,
918 3773 1093 3842 ipsum
1134 3772 1201 3827 ab
1242 3772 1515 3842 impietate
1556 3788 1662 3827 non
1698 3773 1918 3840 liberes,
1952 3789 2016 3829 ac
2046 3776 2092 3829 si

504 3868 792 3921 liberasses
842 3864 1151 3921 mercedem
1198 3865 1473 3935 accipies,
1522 3874 1576 3921 et
1623 3866 1827 3921 efficies
1871 3874 1932 3921 ut
1985 3868 2100 3936 ipse

507 3956 971 4013 mansuetudinem
1025 3967 1168 4011 tuam
1218 3957 1551 4022 admiretur;
1603 3959 1785 4027 sicque
1814 3960 1881 4012 ad
1929 3960 2096 4013 Deum

504 4057 615 4101 tota
643 4048 759 4101 hazc
786 4048 955 4116 gloria
990 4046 1256 4101 transibit.
1287 4048 1514 4103 Etiamsi
1541 4048 1685 4103 enim
1714 4050 1971 4104 miracula
2004 4067 2097 4119 pa-

503 4150 638 4208 tres,
688 4140 896 4195 etiatnsi
943 4140 1154 4212 quidvis
1192 4140 1337 4197 aliud
1385 4142 1572 4209 facias,
1626 4159 1913 4213 numquam
1943 4154 1995 4200 te
2024 4144 2097 4199 ita

501 4233 914 4291 admirabuntur
961 4236 1214 4305 gentiles,
1257 4244 1318 4291 ut
1363 4251 1485 4290 cum
1518 4246 1568 4290 te
1602 4237 1835 4292 viderint
1887 4238 2095 4300 mitem,

504 4335 864 4393 mansuetum,
911 4341 1211 4399 suavesque
1254 4342 1434 4382 mores
1474 4327 1839 4383 exhibentem.
1874 4327 1989 4381 Non
2016 4340 2101 4384 est

504 4425 683 4470 autem
726 4417 827 4472 hoc
855 4418 1124 4472 modicum
1169 4416 1380 4472 virtutis
1410 4432 1591 4485 Opus:
1627 4418 1775 4471 inulti
1808 4419 1948 4475 enim
1984 4430 2098 4472 tan-

504 4510 630 4564 dem
657 4525 685 4560 a
720 4509 863 4562 malo
892 4509 1285 4566 liberabuntur.
1318 4508 1619 4565 Nihilenim
1650 4510 1720 4564 ita
1747 4520 1921 4580 potest
1942 4520 2098 4567 attra-

510 4600 661 4666 here,
687 4610 747 4654 ut
773 4601 991 4654 caritas.
1022 4600 1156 4655 Nam
1187 4612 1408 4671 propter
1435 4601 1525 4656 illa
1548 4602 1762 4673 quidem
1797 4612 1849 4658 tc
1879 4604 2098 4659 :cmula-

509 4694 729 4759 huntur,
759 4701 979 4763 propter
1008 4694 1159 4764 signa
1184 4694 1306 4749 dico
1335 4704 1389 4750 et
1417 4695 1671 4751 miracula
1697 4712 1713 4761 ;
1748 4708 1967 4767 propter
1994 4697 2100 4752 hoc

505 4794 685 4839 autem
710 4792 766 4839 et
787 4784 1197 4839 admirabuntur
1220 4794 1277 4841 et
1301 4786 1560 4841 amabunt
1591 4806 1603 4839 :
1644 4794 1696 4842 te
1716 4796 1893 4843 autem
1915 4805 2099 4843 aman-

508 4885 614 4940 tes,
644 4877 926 4933 veritatem
973 4878 1113 4933 ultra
1143 4880 1413 4949 progressi
1440 4880 1851 4950 amplectentur.
1886 4882 1943 4938 Si
1971 4898 2099 4939 vero

505 4978 617 5018 non
642 4967 821 5022 statim
851 4969 942 5023 fiat
968 4968 1167 5037 ﬁdelis,
1192 4986 1261 5026 ne
1291 4972 1525 5036 mireris,
1559 4987 1732 5043 neque
1762 4989 1971 5045 urgeas,
2005 4992 2099 5030 ne-

505 5070 612 5126 que
658 5057 839 5111 omnia
886 5060 1047 5114 simul
1092 5076 1341 5132 qureras;
1384 5062 1480 5117 sed
1526 5064 1644 5119 sine
1690 5065 1838 5120 illum
1884 5067 2098 5122 interim

507 5145 749 5212 laudare,
784 5162 987 5211 amare,
1018 5160 1074 5203 et
1098 5152 1178 5205 sic
1208 5152 1437 5208 ulterius
1469 5155 1769 5223 procedens
1795 5156 1996 5211 veniet.
2033 5157 2099 5212 Et

506 5251 566 5294 ut
593 5239 740 5294 clare
766 5238 943 5293 discas
961 5249 1221 5308 quantum
1251 5241 1352 5297 hoc
1378 5245 1468 5309 sit,
1492 5245 1615 5299 audi
1637 5248 1906 5317 quomodo
1934 5248 2094 5304 etiam

508 5330 707 5385 l'aulus
747 5328 1023 5385 infidelem
1066 5328 1303 5399 judicem
1354 5332 1539 5387 adiens
1565 5350 1687 5391 sese
1710 5347 1937 5405 purget:
1969 5355 2092 5393 nam

506 5424 604 5491 ait,
627 5420 840 5476 Beatum
868 5414 949 5474 me
970 5420 1228 5487 existimo,
1275 5437 1389 5473 cum
1415 5423 1558 5491 apud
1584 5433 1631 5477 te
1657 5426 1753 5477 sim
1774 5443 1857 5495 me
1880 5430 1933 5481 in
1943 5430 2095 5498 judi-

506 5514 586 5567 cio
611 5514 911 5585 defensurus
939 5512 1089 5583 (Act.
1114 5512 1206 5567 26.
1238 5510 1332 5582 2).
1364 5512 1491 5567 Hzcc
1519 5522 1697 5568 autem
1728 5515 1959 5583 diccbat,
1988 5535 2093 5573 non

507 5614 788 5659 assentans
809 5604 882 5671 ei,
902 5604 1062 5671 absit,
1088 5602 1182 5658 sed
1212 5610 1269 5656 ut
1287 5618 1408 5657 eum
1434 5604 1842 5658 mansuetudine
1862 5605 2097 5661 lucrare-

506 5702 613 5746 tur.
646 5694 713 5750 Et
750 5712 816 5751 ex
863 5706 1014 5766 parte
1043 5696 1280 5751 lucratus
1314 5702 1417 5759 est,
1462 5703 1516 5749 ct
1539 5694 1775 5765 judicctn
1808 5698 1971 5765 cepit,
2003 5699 2092 5762 qui

506 5780 764 5841 hactenus
804 5792 1014 5846 crimini
1068 5790 1333 5846 obnoxius
1382 5787 1686 5859 putabatur,
1723 5798 1776 5845 et
1807 5791 2083 5846 victoriam

1288 350 1346 406 S.
1386 348 1664 405 JOAN‘NIS
1700 344 2170 403 CllliYSOSTOMI
2208 343 2525 401 ARClllEP.
2568 346 3099 404 CONSTANTINOP.

3710 357 3817 411 ρει

2219 460 2336 529 ejus
2386 462 2431 514 is
2477 460 2592 531 ipse
2621 463 2709 532 qtti
2736 475 2925 530 captus
2948 474 3030 519 est
3050 464 3327 534 splendida
3357 480 3491 522 voce
3523 476 3809 537 prmsenti-

2215 553 2316 608 bus
2353 556 2606 610 omnibus
2636 558 2990 613 confitebatur
3034 559 3215 615 dicens
3251 578 3263 612 :
3301 558 3494 614 Parum
3520 561 3659 616 abest
3687 565 3811 633 quin

2214 646 2337 699 mihi
2365 649 2674 716 persuadeas
2703 660 2757 702 ut
2783 652 2906 717 [iam
2932 650 3252 706 Christianus
3282 653 3417 725 (Act.
3435 653 3535 709 εδ.
3564 653 3635 710 28
3659 654 3693 725 ).

2284 738 2335 794 6.
2356 739 2494 807 Quid
2510 756 2638 811 ergo
2660 741 2892 796 Paulus?
2916 743 3079 811 Magis
3094 746 3349 812 expandit
3366 760 3616 815 sagenam
3632 757 3688 803 et
3704 749 3809 805 ait:

2216 830 2458 899 Optarem
2488 848 2600 902 ego,
2634 850 2735 887 non
2751 836 2917 888 solum
2940 846 3004 899 te,
3034 836 3122 889 sed
3142 839 3289 889 etiam
3310 855 3480 892 omnes
3497 840 3584 908 qui
3598 840 3809 903 adsunt,

2213 922 2309 975 hoc
2343 938 2451 977 esse
2485 924 2621 993 quod
2659 941 2751 995 ego
2802 943 2931 985 sum.
2976 933 3195 996 exceptis
3242 930 3321 982 Itis
3373 930 3585 985 vinculis
3617 929 3723 1003 (Ib.
3758 948 3806 985 ι’.

2210 1012 2323 1082 29).
2356 1015 2492 1079 Quid
2532 1016 2666 1071 dicis
2688 1058 2706 1084 ,
2735 1033 2768 1071 ο
2798 1018 2980 1083 Paule,
3009 1019 3249 1089 Exceptis
3278 1022 3528 1075 vinculis?
3562 1032 3618 1077 et
3659 1038 3812 1091 qua:-

2212 1120 2332 1158 nam
2369 1107 2462 1160 tibi
2495 1106 2563 1161 de
2594 1118 2792 1161 ca‘tero
2818 1108 3030 1173 fiducia,
3060 1110 3103 1162 si
3137 1125 3322 1164 eorum
3354 1121 3404 1164 tu
3438 1112 3631 1181 pudeat
3661 1094 3717 1167 et
3744 1129 3809 1167 ea

2210 1196 2398 1265 fugias,
2428 1208 2482 1251 et
2513 1199 2613 1252 hoc
2657 1208 2805 1253 tanto
2831 1210 3098 1269 praesente
3132 1202 3366 1271 populo?
3406 1217 3582 1256 annon
3613 1204 3663 1257 in
3696 1203 3810 1272 epi-

2210 1290 2363 1343 smlis
2395 1291 2500 1343 tuis
2534 1292 2632 1344 hac
2673 1292 2741 1346 de
2776 1308 2835 1346 re
2875 1293 3071 1362 ubique
3097 1294 3365 1361 gloriaris,
3396 1302 3453 1348 et
3484 1306 3536 1349 te
3567 1297 3805 1351 vinctum

2178 1384 2181 1387 ’
2208 1381 2469 1449 appellas,
2504 1384 2746 1453 hancque
2764 1392 3009 1437 catenam
3041 1384 3236 1452 ubique
3265 1384 3419 1437 nobis
3445 1388 3594 1454 quasi
3623 1386 3808 1439 diade-

2211 1488 2293 1525 ma
2323 1473 2678 1528 circumfers?
2702 1475 2828 1545 quid
2860 1491 2993 1545 ergo
3015 1492 3156 1531 nunc
3188 1477 3384 1531 factum
3406 1486 3507 1542 est,
3542 1487 3598 1531 ιιι
3619 1480 3807 1532 vincu-

2209 1562 2255 1615 la
2287 1564 2634 1634 depreceris?
2660 1566 2774 1620 Non
2810 1569 2924 1637 ipse
2953 1568 3234 1637 deprecor,
3260 1570 3468 1639 inquit,
3510 1585 3686 1639 neque
3717 1587 3806 1625 me

2210 1655 2391 1721 pudet,
2419 1658 2515 1712 sed
2550 1660 2762 1713 illorum
2784 1659 3079 1714 infirmitati
3105 1669 3506 1731 meattcmpero
3526 1679 3540 1725 ;
3563 1662 3803 1718 nondum

2205 1748 2346 1801 enim
2399 1761 2619 1819 possunt
2669 1754 2943 1819 suscipere
2990 1768 3161 1807 meam
3206 1754 3601 1823 gloriationem.
3630 1758 3806 1812 Didici

2206 1848 2384 1893 autem
2415 1855 2445 1893 a
2478 1841 2702 1895 Domino
2734 1858 2875 1907 nico,
2906 1858 3010 1897 non
3037 1844 3423 1899 immittendam
3447 1862 3568 1903 esse
3595 1858 3803 1918 partem

2206 1931 2366 1997 panni
2396 1931 2547 1985 rudis
2574 1933 2625 1985 itt
2655 1948 2888 2001 pannum
2913 1945 3147 1989 veterem
3172 1939 3188 2005 (
3216 1936 3400 1990 Matth.
3432 1938 3486 1993 9.
3520 1939 3609 2009 16)
3640 1941 3806 1996 :idco

2206 2022 2283 2075 sic
2316 2022 2566 2093 loquutus
2592 2039 2735 2079 sum.
2777 2025 2910 2079 Nam
2942 2028 3083 2083 male
3109 2030 3248 2097 apud
3282 2029 3402 2085 illos
3430 2032 3578 2086 audit
3606 2034 3801 2103 dogma

2204 2124 2472 2178 nostrum,
2522 2125 2578 2170 et
2625 2132 2757 2171 crux
2810 2118 2915 2173 illis
2964 2119 3137 2173 invisa
3186 2130 3285 2175 est.
3319 2121 3372 2177 Si
3414 2138 3543 2194 ergo
3589 2126 3801 2182 vincula

2202 2220 2415 2277 quoque
2442 2206 2711 2277 adjiciam,
2744 2210 2919 2279 majus
2946 2210 3127 2265 odium
3160 2213 3281 2266 erit.
3313 2212 3437 2268 Ideo
3464 2215 3578 2270 haec
3606 2228 3795 2271 sustu-

2204 2296 2264 2362 li,
2312 2307 2369 2352 ut
2399 2298 2529 2353 illud
2576 2310 2720 2355 esset
2762 2312 3065 2371 acceptum.
3095 2303 3308 2357 Etenim
3340 2309 3795 2362 contumeliosum

2205 2391 2309 2447 illis
2345 2391 2557 2445 videtur
2601 2408 2722 2448 esse
2748 2394 2977 2448 vinculis
3003 2397 3319 2465 constringi,
3354 2398 3477 2464 quia
3504 2414 3644 2462 eam,
3678 2416 3802 2468 qua:

2201 2484 2340 2554 apud
2369 2500 2468 2539 nos
2516 2493 2617 2550 est,
2645 2486 2873 2556 gloriam
2898 2487 3136 2542 nondum
3167 2487 3539 2557 degustarunt.
3572 2488 3803 2557 Oportet

2204 2577 2369 2645 igitur
2398 2590 2519 2630 sese
2549 2585 2928 2647 attemperarc.
2957 2577 3088 2632 Nam
3111 2594 3231 2636 cum
3254 2579 3533 2633 didicerint
3562 2579 3803 2649 philoso-

2205 2666 2379 2733 phari,
2411 2674 2537 2720 tunc
2564 2667 2737 2722 scient
2765 2668 2925 2723 etiam
2970 2667 3130 2739 hujus
3172 2670 3296 2725 ferri
3341 2670 3801 2740 pulchritudinem

2202 2767 2257 2811 et
2280 2759 2621 2827 splendorem
2651 2763 2742 2831 qui
2773 2777 2839 2817 ex
2860 2762 3089 2817 vinculis
3119 2764 3310 2817 oritur.
3338 2763 3474 2819 Cum
3499 2764 3622 2819 aliis
3648 2780 3805 2820 nam-

2202 2865 2305 2918 que
2335 2850 2630 2919 disserens,
2678 2854 2815 2908 hanc
2848 2869 2962 2907 rem
3005 2856 3231 2924 gratiam
3261 2864 3420 2909 vocat
3445 2854 3655 2922 dicens,
3687 2855 3802 2911 Da-

2202 2952 2307 2993 tum
2340 2952 2411 2995 est
2454 2944 2595 2997 nobis
2634 2960 2666 2996 a
2701 2943 2805 2998 Deo
2834 2962 2937 2997 non
2959 2946 3109 2997 modo
3138 2954 3190 2997 ttt
3214 2946 3270 2998 in
3308 2947 3477 3014 ipsum
3506 2948 3798 3013 credamus,

2202 3036 2290 3086 sed
2319 3035 2469 3088 etiant
2500 3044 2552 3087 ut
2579 3051 2671 3105 pro
2684 3036 2785 3093 ,illo
2808 3037 3065 3106 patiamur
3093 3035 3361 3107 (Philipp.
3394 3039 3445 3092 1.
3477 3037 3547 3092 29
3576 3038 3595 3110 )
3624 3056 3640 3093 :
3673 3049 3802 3095 tunc

2203 3135 2383 3179 autem
2412 3125 2515 3179 hoc
2548 3141 2712 3179 unum
2753 3127 3048 3195 optandum
3080 3136 3214 3190 erat,
3249 3138 3307 3183 ut
3331 3145 3546 3185 crucem
3576 3133 3804 3187 audien-

2205 3226 2284 3270 tes
2325 3231 2431 3270 non
2471 3215 2676 3286 pudore
2720 3216 3084 3274 afficerentur.
3143 3221 3432 3289 Propterea
3475 3224 3614 3277 ultra
3668 3240 3801 3295 pro-

2200 3308 2462 3378 greditur.
2504 3308 2622 3363 Non
2669 3312 2811 3365 enim
2841 3312 2886 3367 si
2932 3313 3051 3381 quis
3108 3314 3160 3366 in
3203 3316 3401 3383 regiam
3450 3304 3683 3384 aliquem
3726 3321 3804 3370 iu-

2205 3400 2469 3465 troducat,
2526 3411 2811 3473 antequam
2842 3404 3111 3459 vestibula
3160 3421 3280 3475 qua:
3309 3407 3439 3460 foris
3487 3415 3613 3462 sunt
3637 3424 3803 3478 aSpe-

2206 3496 2369 3561 xerit,
2410 3496 2554 3565 cogit
2580 3498 2729 3550 illum
2758 3505 2815 3551 ut
2839 3512 2901 3553 ea
2934 3514 3055 3566 qua:
3085 3499 3227 3553 intus
3255 3508 3379 3553 sunt
3401 3501 3651 3555 observet
3683 3503 3803 3557 :sic

2202 3587 2346 3640 enim
2369 3601 2468 3641 nec
2499 3587 2759 3641 mirabilia
2792 3587 2879 3641 illa
2906 3598 3250 3658 apparerent,
3279 3591 3380 3644 nisi
3403 3592 3522 3660 quis
3542 3593 3676 3646 intra
3705 3608 3805 3663 po-

2204 3681 2360 3743 situs,
2390 3678 2569 3732 omnia
2593 3679 2861 3741 didicerit.
2895 3678 2985 3735 Sic
3012 3681 3190 3751 itaque
3218 3691 3271 3736 et
3302 3697 3401 3737 nos
3429 3697 3550 3737 cum
3569 3683 3803 3738 ethnicis

2203 3773 2535 3827 disseramus
2567 3788 2691 3828 cum
2736 3775 3207 3843 attemperatione,
3240 3789 3362 3829 cum
3393 3778 3636 3831 caritate.
3672 3776 3803 3832 [huc

2204 3867 2403 3934 quippe
2454 3880 2644 3934 magna
2672 3876 2755 3920 est
2780 3867 3056 3937 magistra,
3086 3881 3206 3935 qua:
3234 3866 3405 3933 possit
3439 3877 3492 3920 et
3517 3869 3586 3920 ab
3613 3883 3804 3922 errore

2204 3959 2493 4024 ahduecre,
2543 3969 2597 4014 et
2651 3975 2831 4013 mores
2886 3973 3231 4027 componere,
3290 3968 3451 4028 atque
3499 3958 3563 4012 ad
3622 3959 3806 4029 philo-

2204 4052 2448 4120 sophiam
2480 4052 2619 4105 viam
2648 4062 2913 4115 sternere,
2943 4066 3119 4121 exque
3146 4051 3413 4119 lapidibus
3446 4052 3692 4108 homines
3716 4052 3802 4109 fa-

2204 4160 2347 4198 cere.
2382 4143 2521 4198 Etsi
2552 4144 2630 4199 vis
2662 4144 2779 4214 ejus
2807 4145 3057 4198 virtutem
3082 4143 3346 4205 ediscere.
3373 4142 3547 4199 adduc
3569 4145 3697 4199 mihi
3727 4147 3808 4201 vi-

2204 4254 2323 4291 rum
2344 4235 2587 4291 timidum
2614 4244 2670 4290 et
2690 4236 2779 4306 qui
2808 4238 2891 4291 vel
2919 4237 3200 4305 Strepitum
3228 4235 3481 4290 formidet
3506 4245 3557 4291 et
3582 4236 3806 4295 umbras

2206 4331 2430 4394 timeat;
2460 4330 2637 4399 sitque
2667 4328 2979 4395 iracundus,
3010 4344 3190 4397 asper,
3221 4337 3275 4383 et
3301 4326 3409 4382 fera
3441 4329 3611 4399 magis
3636 4344 3805 4397 quam

2206 4419 2386 4485 homo,
2422 4420 2572 4475 salax
2615 4429 2670 4476 ct
2713 4420 3053 4479 libidinosus.
3084 4420 3232 4473 nullo
3254 4435 3360 4474 non
3391 4420 3521 4474 vitio
3548 4420 3803 4490 affectus;

2204 4526 2252 4566 et
2289 4510 2437 4566 trade
2485 4512 2633 4565 illum
2673 4511 2725 4565 in
2756 4526 2947 4565 manus
2978 4511 3239 4577 caritatis,
3271 4521 3326 4565 et
3353 4512 3407 4565 in
3436 4511 3539 4567 hoc
3570 4527 3803 4584 gymna-

2204 4603 2341 4657 sium
2369 4602 2559 4666 induc;
2589 4612 2645 4657 et
2672 4604 2782 4657 cito
2808 4601 3013 4656 videbis
3042 4602 3287 4656 timidum
3312 4602 3461 4659 illum
3486 4617 3550 4658 ac
3576 4602 3806 4661 meticu~

2206 4695 2403 4760 losum,
2457 4695 2651 4750 fortem
2699 4693 2959 4749 effectum
2991 4703 3047 4749 et
3072 4695 3254 4765 magni
3278 4694 3465 4761 animi,
3511 4697 3806 4767 omniaque

2207 4786 2361 4840 facile
2414 4786 2723 4841 audentem.
2774 4784 2928 4853 Quod
2990 4793 3169 4842 autem
3217 4787 3463 4841 mirabile
3504 4797 3623 4853 est,
3679 4788 3803 4844 haec

2205 4893 2312 4932 non
2345 4888 2548 4932 mutata
2576 4879 2693 4947 ejus
2721 4887 2912 4933 natura
2942 4881 3095 4945 fiunt,
3124 4880 3217 4935 sed
3246 4879 3299 4933 in
3333 4882 3446 4948 ipsa
3474 4879 3657 4934 timida
3681 4883 3805 4934 ani-

2206 4988 2289 5026 ma
2322 4986 2472 5025 suam
2499 4972 2700 5025 caritas
2725 4971 2962 5025 ostendit
2987 4972 3238 5027 virtutem
3264 4990 3277 5036 ;
3310 4983 3366 5026 et
3394 4973 3613 5040 perinde
3640 4974 3698 5029 fit
3717 4988 3804 5031 at-

2203 5079 2309 5135 que
2332 5063 2375 5117 si
2407 5062 2526 5132 quis
2543 5076 2728 5116 ensem
2748 5061 3077 5131 plumbeum,
3109 5077 3214 5115 non
3245 5064 3476 5118 ferreum
3508 5066 3756 5122 effectum
3783 5114 3798 5135 ,

2202 5156 2296 5210 sed
2318 5164 2622 5210 manentem
2648 5155 2701 5208 in
2728 5154 2932 5223 plumbi
2958 5144 3168 5222 nat’ura,
3187 5155 3376 5209 efﬁciat
3396 5168 3453 5213 ut
3470 5159 3657 5215 eadem
3676 5177 3800 5231 ιιιιιιε

2204 5250 2403 5303 ferrum
2436 5258 2711 5317 operetur.
2742 5247 2995 5299 Animum
3018 5256 3197 5302 autem
3220 5248 3419 5305 adhibe
3452 5267 3464 5302 ς
3488 5251 3653 5307 Jacob
3678 5253 3802 5305 sine

2204 5341 2326 5395 fuco
2353 5348 2487 5403 crat,
2522 5338 2666 5393 domi
2698 5336 2947 5391 habitans
2976 5347 3031 5393 et
3054 5338 3298 5396 laborum
3330 5343 3800 5412 periculorumque

2201 5447 2416 5499 expers,
2448 5431 2611 5484 vitam
2643 5428 2933 5499 quamdam
2960 5443 3128 5499 agens
3155 5432 3433 5487 remissam
3461 5441 3517 5488 et
3544 5434 3793 5497 liberant,

2201 5531 2255 5575 ct
2284 5522 2419 5574 sicut
2441 5520 2591 5589 virgo
2618 5520 2668 5574 in
2715 5518 2973 5584 thalamo,
3006 5520 3087 5576 sic
3112 5521 3257 5576 intus
3281 5523 3498 5589 sedens,
3530 5531 3590 5579 ut
3616 5522 3792 5592 pluri-

2202 5628 2346 5665 mum
2370 5612 2589 5666 domum
2620 5627 2840 5667 servare
2865 5612 3180 5682 cogebatur,
3209 5629 3240 5669 a
3264 5614 3365 5670 fori
3399 5615 3623 5669 tumultu
3650 5619 3798 5674 etab

2201 5702 2451 5759 omnibus
2472 5704 2779 5772 bujusmodi
2796 5704 2946 5767 liber,
2968 5720 3180 5775 semper
3198 5716 3378 5762 autem
3403 5707 3454 5761 in
3476 5706 3655 5775 quiete
3669 5712 3794 5767 etin

2204 5795 2590 5863 tranquillitate
2623 5811 2863 5852 manens.
2910 5795 3050 5866 Quid
3082 5798 3286 5869 igitur?
3327 5796 3613 5868 Postquam
3636 5800 3790 5859 illum
