4038 6216
367 433 473 490 285

370 551 489 603 τῶν
521 547 847 618 ὀφθαλμῶν
881 565 1024 615 μου.
1055 548 1243 601 Ταῦτα
1280 551 1308 600 ὁ
1335 548 1610 612 ἀπλαστος
1652 553 1744 603 καὶ
1781 550 1947 604 οἰκῶν

367 633 545 688 οἰκίαν
575 632 668 685 καὶ
698 631 789 684 τὸν
808 631 1090 701 ἀνειμένον
1120 632 1233 700 βίον
1262 632 1389 696 ζῶν.
1427 635 1546 687 Ὀτι
1581 633 1638 686 δὲ
1669 634 1953 698 καὶδειλὺς

367 714 461 787 ἦν.
496 714 656 787 δῆλον
682 715 741 780 ἐξ
765 708 840 767 ὧν
865 715 954 768 τὸν
998 715 1168 769 Ἦσαῦ
1209 716 1524 787 προσδοκῶν
1555 717 1802 786 ὄψεσθαι,
1835 720 1952 771 ἐτε-

370 801 561 872 θνήκει
594 798 672 867 τῷ
700 798 833 853 δέει.
877 797 1019 851 Ἀλλ’
1052 799 1155 869 ὅρα
1193 800 1311 862 πῶς
1345 799 1508 853 πάλιν
1541 795 1695 863 οὗτος
1724 803 1753 853 ὁ
1781 800 1954 863 δειλὸς

368 883 580 947 λέοντος
605 881 938 952 θρασύτερος
960 881 1065 934 ὑπὸ
1086 881 1187 950 τῆς
1210 881 1432 952 ἀγάπης
1448 882 1658 950 γέγονε.
1688 883 1955 955 Καθάπερ

369 969 476 1038 γάρ
523 983 646 1021 τινα
695 965 958 1037 πρόϐολον
1007 965 1200 1019 ἑαυτὸν
1252 965 1358 1037 πρὸ
1407 966 1516 1018 τῶν
1563 967 1738 1021 ἀλλων
1786 967 1954 1032 τάξας

367 1051 646 1112 ἁπάντων,
684 1049 902 1119 ἕτοιμος
941 1043 1010 1119 ἦν
1049 1048 1140 1101 τὸν
1181 1049 1372 1117 ἄγριον
1418 1051 1625 1104 ἐκεῖνον
1659 1051 1754 1105 καὶ
1795 1051 1953 1120 φόνου

369 1135 627 1198 πνέοντα,
654 1131 837 1194 καθὼς
873 1130 1030 1202 ᾣετο,
1069 1131 1328 1199 δέξασθαι
1380 1133 1614 1205 πρῶτος,
1649 1135 1743 1188 καὶ
1788 1137 1846 1187 ἐν
1879 1133 1956 1204 τῷ

368 1217 557 1288 οἰκείῳ
599 1213 812 1286 σώματι
861 1216 980 1278 ταῖς
1036 1216 1253 1285 γυναιξὶ
1303 1216 1402 1287 τὴν
1446 1219 1748 1286 ἀσφάλειαν
1785 1236 1957 1272 κατα-

372 1300 670 1354 σκευάσαι·
701 1300 797 1353 καὶ
826 1298 885 1352 ὃν
909 1298 1164 1352 ἐδεδοίκει
1196 1301 1292 1353 καὶ
1317 1299 1558 1371 ἔφριττε,
1585 1301 1803 1373 πρῶτος
1830 1303 1957 1355 ἰδεῖν

370 1383 465 1436 επὶ
494 1382 597 1452 τῆς
634 1381 993 1454 παρατάξεως
1020 1381 1306 1453 ἐπεθύμει.
1346 1382 1454 1436 Τοῦ
1486 1385 1596 1455 γὰρ
1632 1383 1802 1453 φόϐου
1835 1384 1959 1438 τού-

370 1481 464 1520 του
486 1463 854 1534 δυνατώτερος
879 1462 946 1537 ἦν
972 1468 1001 1521 ὁ
1022 1466 1130 1518 τῶν
1149 1465 1426 1535 γυναικῶν
1453 1466 1637 1527 πόθος.
1669 1462 1821 1528 Εἶδες
1841 1467 1958 1529 πῶς

370 1547 541 1611 δειλὸς
590 1545 665 1601 ὣν
729 1549 1006 1619 τολμητὴς
1055 1549 1280 1617 γέγονεν
1323 1547 1540 1618 ἀθρόον,
1591 1548 1650 1600 οὺ
1701 1549 1802 1617 τὴν
1846 1548 1958 1608 ἕξιν

375 1629 714 1701 μεταϐαλὼν,
747 1631 863 1683 ἀλλ’
901 1631 1007 1684 ὑπὸ
1046 1632 1146 1702 τῆς
1178 1631 1402 1699 ἀγάπης
1436 1629 1797 1702 κρατυνθείς;
1837 1632 1958 1682 Ὀτι

370 1716 481 1784 7&9
501 1715 596 1768 καὶ
632 1715 772 1784 μετὰ
802 1716 978 1768 ταῦτα
1013 1715 1182 1778 δειλὸς
1212 1711 1302 1785 ἦν,
1348 1713 1507 1785 δῆλον
1545 1713 1604 1777 ἐξ
1643 1708 1718 1767 ὧν
1758 1714 1960 1776 τόπους

372 1800 438 1850 ἐκ
465 1796 646 1849 τόπων
681 1796 920 1865 ἀμείϐει.
985 1797 1145 1851 Ἀλλά
1188 1797 1377 1868 μηδεὶς
1412 1795 1678 1866 νομιζέτω
1723 1813 1960 1866 κατηγο·

378 1881 499 1950 ρίαν
530 1875 672 1933 εἶναι
695 1878 789 1932 τοῦ
814 1879 1022 1934 δικαίου
1047 1879 1121 1934 τὰ
1143 1879 1431 1951 εἰρημένα.
1464 1881 1538 1932 Οὺ
1564 1880 1672 1950 7&9
1698 1880 1759 1930 τὸ
1789 1879 1961 1932 δειλὸν

375 1959 537 2033 εἶναι,
568 1960 818 2035 ἔγκλημα
844 1981 858 1995 ·
906 1964 1063 2019 τοῦτο
1111 1965 1220 2036 7&9
1257 1965 1505 2033 φύσεωςο
1565 1963 1701 2016 ἀλλὰ
1745 1969 1806 2016 τὸ
1868 1964 1960 2016 διά

374 2048 573 2102 δειλίαν
625 2066 677 2102 τι
715 2051 885 2101 ποιεῖν
932 2049 1040 2102 τῶν
1091 2049 1166 2119 μὴ
1203 2049 1610 2119 προσηκόντων.
1655 2045 1812 2098 Ἔστι
1853 2045 1962 2116 γὰρ

374 2131 469 2184 καὶ
495 2131 667 2186 δειλὸν
696 2132 826 2185 ὅντα
856 2135 921 2200 τῇ
951 2132 1132 2199 φύσει,
1173 2132 1418 2200 ἀνδρεῖον
1448 2128 1702 2198 γενέσθαι
1732 2127 1837 2180 ὑπὸ
1863 2129 1962 2198 τῆς

373 2214 682 2278 εὐλαϐείας.
751 2215 816 2266 Τί
853 2215 910 2268 δὲ
961 2217 990 2267 ό
1027 2214 1310 2283 Μωυσῆς;
1361 2214 1482 2283 οὐχὶ
1525 2212 1620 2265 ἕνα
1665 2211 1962 2279 Αἰγύπτιον

374 2298 637 2370 φοϐηθεὶς
669 2297 856 2366 ἔφυγε,
905 2297 999 2350 καὶ
1038 2296 1177 2368 πρὸς
1218 2297 1316 2365 τὴν
1351 2296 1650 2368 ὑπερορίαν
1688 2295 1958 2365 μετέστης

387 2379 532 2434 Ἀλλ’
559 2379 708 2450 ὅμως
734 2382 761 2432 ό
784 2379 959 2447 φυγάς
990 2375 1166 2443 οὗτος,
1209 2381 1304 2432 καὶ
1349 2380 1467 2448 ἐνὸς
1508 2377 1702 2448 ἀνδρὸς
1733 2377 1962 2447 ἀπειλὴν

375 2463 475 2517 οὐκ
512 2462 768 2530 ἐνεγκὼν,
796 2463 984 2522 ἐπειδὴ
1013 2465 1276 2532 ἐγεύσατο
1311 2461 1406 2515 τοῦ
1450 2461 1664 2532 μέλιτος
1693 2460 1843 2534 [509]
1865 2454 1964 2530 τῆς

376 2545 619 2616 ἀγάπης,
659 2545 841 2611 καλῶς
887 2547 983 2600 καὶ
1020 2547 1245 2616 μηδενὸς
1285 2546 1795 2614 καταναγκάζοντος
1835 2561 1962 2597 συν·-

377 2633 673 2687 απολέσθαι
707 2636 818 2696 τοῖς
865 2633 1254 2704 ἀγαπωμένοις
1285 2633 1566 2702 ἠπείγετο.
1617 2635 1687 2686 Et
1709 2632 1829 2700 μὲν
1853 2631 1965 2699 γὰρ

377 2715 542 2784 ἀφῇς
589 2716 794 2782 αὐτοῖς
839 2715 954 2784 τὴν
990 2717 1307 2787 ἁμαρτίαν,
1357 2717 1544 2784 φησιν.
1578 2714 1760 2782 ἄφες-ο
1808 2715 1859 2765 εὶ
1897 2713 1967 2765 δὲ

377 2799 483 2868 μὴ,
511 2799 664 2869 κάμὲ
688 2799 1021 2869 ἐξάλειψον
1044 2803 1114 2854 ἐκ
1146 2799 1260 2867 τῆς
1283 2800 1508 2862 ,ϐίϐλου
1546 2813 1664 2850 σου
1689 2794 1766 2868 ἧς
1791 2800 1964 2866 ἐγρα-

379 2887 524 2952 ψας.
556 2885 677 2938 Ὅτι
709 2883 765 2936 δὲ
800 2882 895 2936 καὶ
923 2881 1015 2934 τὸν
1045 2882 1248 2951 θρασὺν
1279 2880 1519 2948 ἐπιεικῆ,
1558 2881 1654 2933 καὶ
1686 2881 1778 2932 τὸν
1807 2882 1966 2934 ἀσελ-

393 3090 776 3112 _-_-

1060 432 1117 485 S.
1158 429 1447 486 JOANNIS
1485 429 1980 488 CIIRYSOSTOMI
2021 398 2938 498 ARCHIEPJCONSTANTINOP.

3522 445 3628 502 986

2052 557 2122 624 γῆ
2160 553 2413 625 σώφρονα
2458 557 2603 608 ποιεῖ
2662 555 2724 608 τὸ
2766 556 2957 625 φιλεῖν,
3005 556 3126 610 οὐδὲ
3170 555 3631 627 παραδειγμάτων

2057 642 2184 709 ἡμῖν
2217 638 2452 693 ἐνταῦθα
2479 638 2639 710 χρεία
2665 639 2849 692 λοιπόν
2868 655 2882 668 ’
2927 640 3064 694 πᾶσι
3093 639 3203 709 7&9
3239 638 3398 693 τοῦτο
3436 639 3625 710 δῆλονο

2055 721 2158 775 κᾶν
2186 721 2375 793 θηρίου
2409 721 2612 786 παντός
2630 737 2716 785 τις
2740 721 3074 794 ἀγριώτερος
3101 719 3158 798 ᾖ,
3195 723 3470 796 προϐάτου
3498 740 3631 778 παν-

2055 805 2145 868 τὸς
2175 805 2527 877 ἡμερώτερος
2559 804 2667 858 ἀπὸ
2694 803 2788 858 τοῦ
2834 804 3008 874 φιλεῖν
3037 806 3266 872 γίνεται.
3303 805 3369 859 Τί
3395 805 3504 878 γὰρ
3537 804 3634 865 τοῦ

2057 889 2231 943 Σαοὺλ
2259 887 2599 959 ἀγριώτερον
2631 882 2701 958 ἦν
2735 888 2829 940 καὶ
2862 886 3264 960 μανικώτερον;
3309 889 3448 943 Ἀλλ’
3476 890 3637 960 ἡνίκα

2056 971 2148 1024 τὸν
2185 971 2378 1042 ἐχθρὸν
2405 970 2678 1024 ἀπέλυσεν
2699 970 2732 1039 ἡ
2755 969 3024 1041 θυγάτηρ,
3049 969 3171 1024 οὺδέ
3196 971 3348 1041 ῥῆμα
3378 973 3513 1043 πρὸς
3539 973 3638 1038 αὺ-

2057 1056 2154 1124 τὴν
2183 1053 2401 1118 ἐξέϐαλε
2428 1053 2624 1122 πικρόν
2649 1069 2663 1084 ο
2701 1055 2795 1107 καὶ
2821 1052 2850 1104 ὁ
2879 1055 3007 1116 τοὺς
3050 1052 3230 1124 ἱερέας
3260 1053 3427 1124 ἄρδην
3466 1054 3640 1109 ἀπαν-

2057 1155 2150 1199 τας
2176 1135 2530 1203 κατασφάξας
2557 1136 2644 1190 διὰ
2667 1135 2758 1189 τὺν
2797 1135 2960 1188 Δαυῒδ
2981 1175 2996 1200 ,
3037 1135 3136 1206 τὴν
3187 1135 3464 1207 θυγατέρα
3497 1137 3638 1210 ὀρῶν

2059 1220 2122 1272 ἐκ
2158 1219 2258 1289 τῆς
2293 1217 2470 1280 οἰκίας
2501 1217 2662 1270 αὐτὸν
2694 1219 2944 1286 ἀφεῖσαν,
2977 1217 3098 1269 οὐδὲ
3129 1217 3292 1288 μέχρι
3319 1217 3478 1285 λόγου
3505 1217 3641 1287 πρὸς

2059 1301 2228 1369 αὐτὴν
2278 1300 2649 1368 ἠγανάκτησε,
2715 1301 2809 1353 καί⁷
2871 1299 3044 1353 ταῦτα
3090 1300 3307 1369 ἀπάτης
3372 1298 3643 1368 τοσαύτης

2061 1383 2146 1435 ἐπ’
2175 1382 2337 1435 αὑτὸν
2377 1381 2762 1452 συντεθείσηςο
2794 1381 3149 1453 δυνατωτέρῳ
3186 1383 3295 1450 7&9
3330 1380 3536 1450 χαλινῷ
3563 1382 3645 1449 τῷ

2060 1466 2159 1532 τῆς
2182 1464 2404 1535 ἀγάπης
2432 1463 2737 1533 κατείχετο.
2769 1463 2981 1534 Ὥσπερ
3000 1464 3055 1517 δέ
3081 1467 3366 1526 ἐπιεικεῖς,
3389 1460 3533 1515 οὕτω
3553 1461 3646 1514 καὶ

2063 1545 2346 1619 σώφρονας
2378 1543 2516 1598 οἰδεν
2564 1544 2703 1616 αὕτη
2755 1549 2960 1599 ποιεῖν·
3013 1547 3114 1600 κᾶν
3171 1548 3270 1613 τὴν
3318 1544 3512 1598 ἑαυτοῦ
3562 1560 3647 1606 τις

2063 1630 2251 1700 ἀγαπᾷ
2278 1632 2512 1698 γυναῖκα
2535 1629 2728 1695 οὕτως,
2756 1629 2830 1692 ὠς
2852 1631 3070 1700 ἀγαπᾷν
3109 1630 3208 1694 δεῖ,
3245 1628 3350 1682 κᾶν
3383 1627 3646 1698 μυριάκις

2061 1713 2292 1783 ἀσελγὴς
2329 1710 2511 1786 ﬁmi»:
2546 1713 2796 1777 ἀνέξεται
2843 1714 3037 1785 ἑτέραν
3083 1714 3211 1766 ἰδεῖν
3248 1713 3336 1766 διὰ
3382 1713 3472 1765 τὸν
3512 1710 3648 1782 πρὸς

2065 1797 2278 1864 ἐκείνην
2307 1796 2490 1849 πόθον.
2525 1797 2782 1866 Κραταιὰ
2820 1797 2951 1866 7&9,
2992 1799 3176 1867 φησὶν,
3212 1796 3292 1862 ὡς
3317 1795 3573 1860 θάνατος
3607 1794 3647 1862 ἡ

2061 1879 2288 1948 ἀγπάπη.
2324 1879 2492 1930 Ὥστε
2518 1877 2817 1948 οὐδαμόθεν
2847 1880 3070 1932 ἄλλοθεν
3097 1881 3158 1932 τὸ
3191 1879 3534 1945 ἀσελγαίνειν
3564 1877 3650 1943 γί-

2063 1979 2232 2025 νεται,
2283 1962 2316 2031 ἢ
2360 1963 2423 2014 ἐκ
2473 1960 2567 2014 τοῦ
2603 1963 2676 2032 μὴ
2727 1961 2921 2029 φιλεῖν.
2987 1962 3141 2014 Ἐπεὶ
3179 1959 3271 2014 οὖν
3317 1959 3651 2032 δημιουργὸς

2063 2046 2264 2116 ἀρετῆς
2292 2045 2512 2116 ἀπάσης
2543 2048 2575 2115 ή
2614 2046 2825 2113 ἀγάπη,
2864 2045 3002 2116 μετὰ
3029 2044 3316 2114 ἀκριϐείας
3347 2043 3566 2113 ἀπάσης
3594 2043 3652 2093 ἐν

2064 2131 2180 2191 ταῖς
2206 2127 2414 2181 ἑαυτῶν
2443 2128 2948 2198 καταφυτεύσωμεν
2980 2127 3151 2197 αὐτὴν
3178 2125 3397 2195 ψυχαῖς,
3430 2124 3495 2177 ἵν’
3518 2125 3653 2193 ἡμῖν

2065 2211 2235 2265 πολλὰ
2268 2212 2471 2284 κομίσῃ
2513 2213 2583 2264 τὰ
2632 2210 2835 2279 ἀγαθὰ,
2878 2213 2971 2263 καὶ
3004 2208 3240 2281 βρύοντα
3270 2206 3442 2276 αὐτῆς
3479 2205 3655 2274 διηνε-

2065 2295 2176 2359 κῶς
2196 2295 2288 2347 τὸν
2321 2295 2535 2365 καρπὸν
2564 2293 2798 2364 ἔχωμεν,
2824 2293 2915 2346 τὸν
2947 2294 3034 2347 ἀεὶ
3072 2291 3338 2362 τεθηλότα
3385 2288 3479 2344 καὶ
3508 2287 3656 2340 οὐδέ-

2066 2394 2196 2430 ποτε
2230 2378 2652 2448 μαραινόμενον.
2687 2376 2846 2430 Οὕτω
2879 2377 2988 2448 7&9
3015 2379 3109 2432 καὶ
3138 2374 3247 2427 τῶν
3267 2373 3504 2428 αἰωνίων
3529 2372 3653 2424 ἐπι-

2064 2460 2366 2530 τευξόμεθα
2401 2459 2648 2526 ἀγαθῶν·
2690 2453 2766 2512 ῶν
2798 2460 3010 2527 γένοιτο
3038 2459 3250 2519 πάντας
3283 2457 3431 2526 ἡμᾶς
3466 2457 3656 2507 ἐπιτυ-

2065 2547 2202 2614 χεῖν,
2237 2543 2420 2613 χάριτι
2453 2543 2548 2595 καὶ
2581 2539 2968 2611 φιλανθρωπίᾳ
2990 2538 3082 2592 τοῦ
3116 2539 3321 2608 Κυρίου
3356 2537 3512 2606 ἡμῶν
3554 2537 3659 2604 ἰη-

2070 2625 2162 2678 σοῦ
2187 2624 2447 2696 Χριστοῦ,
2489 2623 2606 2694 μεθ’
2639 2615 2701 2674 οὗ
2739 2621 2816 2691 τῷ
2842 2622 3041 2693 Πατρὶ,
3073 2621 3188 2691 ἀμα
3222 2620 3299 2690 τῷ
3328 2619 3466 2688 ἁγίῳ
3488 2616 3660 2670 Πνεύ-

2072 2724 2224 2776 ματι,
2249 2706 2400 2773 δόξα,
2441 2706 2664 2777 κράτος,
2694 2705 2850 2776 τιμὴ,
2877 2705 2971 2758 νῦν
3008 2705 3104 2760 καὶ
3140 2705 3251 2768 ἀεὶ,
3274 2704 3367 2757 καὶ
3412 2703 3492 2765 εἰς
3532 2699 3659 2763 τοὺς

2071 2790 2274 2854 αἰῶνας
2302 2789 2410 2844 τῶν
2439 2789 2674 2846 αἰώνων.
2717 2789 2912 2861 Ἀμήν.

1809 3265 2048 3316 ΠΜΙΛΙΑ
2100 3265 2219 3316 AA'.

383 3419 520 3471 Εῑτε
599 3418 666 3471 δὲ
738 3417 1086 3485 προφητεῖαι
1179 3415 1762 3483 καταργηθήσονται,
1855 3413 1975 3465 εἴτε

457 3500 734 3569 γλῶσσαι
772 3501 1133 3561 παύσονται,
1180 3499 1300 3552 εἴτε
1340 3497 1563 3568 γνῶσις
1596 3495 1966 3566 καταργηθήο

457 3601 649 3639 σεται.

458 3696 529 3744 α’.
549 3687 734 3754 Δείξας
747 3688 848 3756 τῆς
870 3688 1091 3757 ἀγάπης
1117 3686 1214 3753 τὴν
1244 3685 1517 3755 ὑπεροχὴν
1558 3685 1623 3736 ἐκ
1660 3684 1751 3736 τοῦ
1792 3685 1884 3736 καὶ
1908 3684 1979 3737 τὰ

389 3773 704 3845 χαρίσματα
731 3771 825 3824 καὶ
854 3770 923 3824 τά
950 3770 1044 3822 τοῦ
1083 3767 1199 3838 βίου
1230 3768 1636 3838 κατορθώματα
1667 3768 1833 3835 αὐτῆς
1865 3767 1976 3819 δεῖ·

393 3859 539 3920 σθαι,
588 3858 650 3908 ἐκ
698 3854 791 3908 τοῦ
840 3854 937 3916 τὰς
977 3854 1178 3923 ἀρετὰς
1225 3853 1395 3921 αὐτῆς
1432 3850 1737 3923 ἀριθμῆσαι
1775 3852 1974 3914 πάσας,

391 3943 483 3997 καὶ
512 3938 827 4008 φιλοσοφίας
856 3937 1115 4008 ἀκριϐοῦς
1144 3936 1402 3989 ὑπόθεσιν
1431 3937 1731 4005 ἀποφῆναι,
1761 3936 1817 4000 ἐξ
1858 3935 1973 3986 ἑτέ-

397 4039 485 4090 ρου
534 4021 697 4074 πάλιν
736 4021 922 4091 τρίτου
977 4021 1272 4087 κεφαλαίου
1325 4019 1596 4074 δείκνυσιν
1654 4019 1824 4084 αὐτῆς
1882 4017 1978 4086 τὴν

395 4104 569 4169 ἀξίαν.
602 4104 710 4156 Καὶ
744 4105 915 4157 ταῦτα
948 4107 1093 4156 ποιεῖ
1127 4103 1254 4166 τούς
1285 4120 1341 4155 τε
1369 4101 1718 4170 ὴλαττῶσθαι
1759 4101 1977 4153 δοκοῦν-

388 4206 489 4252 τας
523 4191 709 4244 πεῖσαι
735 4187 922 4250 θέλων,
964 4189 1047 4239 ὃτι
1089 4186 1298 4252 ἔξεστιν
1345 4187 1530 4247 αὐτοῖς
1573 4185 1634 4237 τὸ
1685 4184 1978 4252 κεφάλαιον

391 4272 501 4325 τῶν
536 4269 776 4342 σημείων
811 4271 976 4339 ἔχειν,
1023 4270 1115 4323 καὶ
1161 4270 1314 4322 οὐδὲν
1366 4270 1584 4321 ἔλαττον
1632 4268 1812 4333 ἕξουσι
1872 4266 1979 4318 τῶν

393 4355 627 4422 ἐχόντων
660 4353 729 4406 τά
770 4354 1106 4424 χαρίσματα,
1141 4354 1189 4404 εἰ
1223 4353 1428 4422 ταύτην
1479 4352 1674 4421 ἔχοιεν,
1711 4350 1844 4403 ἀλλά
1888 4351 1980 4401 καὶ

392 4435 576 4504 πολλῷ
600 4437 762 4489 πλέον
780 4454 794 4468 ·
825 4438 918 4489 καὶ
937 4439 1060 4500 τοὺς
1085 4436 1308 4505 ἔχοντας
1335 4436 1406 4487 τὰ
1429 4436 1642 4503 μεγάλα
1669 4434 1982 4504 χαρίσματα

393 4518 557 4572 πάλιν
584 4518 677 4569 καὶ
705 4517 955 4570 ἐντεῦθεν
985 4519 1404 4587 ἐπαιρομένους,
1439 4517 1778 4569 ταπεινῶσαι
1812 4531 1979 4566 σπου-

392 4601 592 4670 δάζων,
651 4601 743 4654 καὶ
785 4600 954 4665 δεῖξαι
1003 4600 1171 4669 μηδὲν
1231 4600 1474 4668 ἔχοντας,
1516 4598 1609 4648 ἐὰν
1664 4599 1739 4664 μὴ
1778 4597 1981 4667 ταύτην

395 4687 610 4754 ἔχωσιν.
660 4683 816 4739 Οὕτω
862 4683 972 4754 γὰρ
1025 4681 1250 4752 ἔμελλόν
1311 4698 1370 4732 τε
1423 4680 1684 4748 ἀλλήλους
1740 4681 1980 4748 ἀγαπᾷν,

398 4768 697 4837 βασκανίας
736 4785 798 4819 τε
831 4767 924 4820 καὶ
963 4764 1222 4828 ἀπονοίας
1265 4763 1512 4816 ἐντεῦθεν
1560 4763 1980 4830 ἀναιρουμένης,

396 4850 722 4921 ἀγαπῶντές
755 4867 812 4901 τε
843 4851 1006 4902 πάλιν
1047 4849 1383 4920 πορρωτέρω
1415 4846 1590 4899 ταῦτα
1631 4843 1890 4914 ἐξώριζον
1918 4842 1988 4893 τὰ

397 4935 587 5006 πάθη·
642 4934 712 4987 Ἡ
755 4932 860 5003 7&9
911 4932 1109 5000 ἀγάπη
1154 4934 1226 4985 οὐ
1271 4931 1456 4997 ζηλοῖ,
1505 4933 1577 4984 οὑ
1638 4927 1983 4998 φυσιοῦται.

400 5020 563 5071 Ὥστε
595 5014 934 5086 πανταχόθεν
962 5017 1141 5082 τεῖχος
1175 5016 1355 5077 αὐτοῖς
1398 5015 1641 5084 ἀῤῥαγὲς
1672 5011 1984 5083 περιέϐαλε,

400 5101 551 5174 [310]
581 5102 674 5153 καὶ
699 5099 1035 5153 πολύπλοκον
1067 5097 1323 5167 ὁμόνοιαν
1350 5097 1682 5166 ἀναιροῦσάν
1712 5113 1770 5147 τε
1804 5095 1872 5147 τὰ
1902 5114 1988 5148 νο-

400 5184 624 5253 σήματα
647 5181 882 5246 ἅπαντα,
907 5182 1000 5233 καὶ
1037 5178 1289 5234 ἐντεῦθεν
1319 5179 1480 5230 πάλιν
1517 5179 1873 5248 ἰσχυροτέραν
1904 5197 1989 5246 γι-

399 5265 654 5337 νομένην.
686 5263 785 5315 Διά
825 5264 982 5317 τοῦτο
1019 5263 1115 5317 καὶ
1161 5262 1390 5334 μυρίους
1432 5262 1651 5331 ἐκίνησε
1696 5260 1990 5330 λογισμοὺς

398 5351 526 5412 τοὺς
560 5348 896 5418 δυναμένους
943 5347 1122 5398 αὐτῶν
1175 5345 1676 5416 παραμυθήσασθαι
1720 5343 1818 5413 τὴν
1858 5345 1989 5395 ἀθυ-

404 5433 555 5503 μίαν.
601 5431 712 5486 Kal
764 5430 871 5501 7&9
915 5429 975 5480 τὸ
1023 5429 1153 5482 αὐτὸ
1203 5429 1428 5498 Πνεῦμα
1466 5427 1680 5490 δίδωσι,
1713 5427 1868 5494 φησι,
1903 5428 1993 5480 καὶ

404 5515 542 5585 πρὸς
571 5517 632 5567 τὸ
667 5514 948 5584 συμφέρον
982 5512 1182 5576 δίδωσι,
1233 5517 1327 5565 καὶ
1368 5513 1442 5571 ὠς
1495 5509 1742 5578 βούλεται
1773 5509 1990 5580 διαιρεῖ,

405 5600 499 5653 καὶ
545 5599 928 5671 χαριζόμενον,
983 5597 1082 5648 οὐκ
1117 5594 1327 5663 ὀφεῖλον
1367 5596 1585 5666 διαιρεῖ.
1631 5592 1750 5644 Κᾶν
1801 5593 1993 5662 μικρὸν

405 5683 600 5756 λάϐῃς,
642 5681 843 5753 ὁμοίως
873 5682 951 5741 εἰς
993 5680 1054 5732 τὸ
1087 5679 1246 5748 σῶμα
1290 5679 1485 5744 τελεῖς,
1528 5676 1622 5728 καὶ
1668 5675 1868 5745 πολλῆς
1901 5677 1995 5728 καὶ

406 5767 581 5828 οὕτως
606 5765 901 5828 ἀπολαύεις
941 5764 1136 5834 τιμῆς·
1178 5761 1273 5816 καὶ
1311 5763 1338 5813 ὁ
1370 5763 1426 5813 τὸ
1466 5763 1649 5830 μεῖζον
1689 5760 1847 5830 ἔχων,
1902 5762 1994 5814 σοῦ

408 5846 502 5906 τοῦ
531 5851 593 5904 τὸ
628 5851 846 5903 ἐλαττον
891 5848 1107 5918 ἔχοντος
1152 5846 1356 5899 δεῖται·
1394 5848 1486 5898 καὶ
1519 5847 1603 5897 ὅτι
1648 5845 1709 5896 τὸ
1745 5845 1996 5913 μέγιστον

415 5935 661 6007 χάρισμα
697 5932 788 5987 καὶ
817 5933 848 6002 ἡ
889 5932 1009 5985 καθ’
1044 5929 1352 5999 ὑπερϐολὴν
1387 5928 1500 5990 ὁδός
1535 5931 1679 5980 ἐστιν
1719 5930 1748 5995 ἡ
1783 5929 1994 5995 ἀγάπη.

2152 3412 2339 3466 Ταῦτα
2369 3414 2427 3466 δὲ
2455 3411 2629 3480 ἔλεγε,
2655 3412 2814 3482 διπλῇ
2848 3411 3229 3479 περισφίγγων
3260 3410 3459 3476 αὐτοὺς
3495 3412 3661 3484 ἀλλήο

2079 3497 2211 3560 λοις,
2234 3495 2312 3566 τῷ
2338 3513 2398 3548 τε
2437 3495 2513 3565 μὴ
2558 3494 2799 3564 νομίζειν
2838 3493 3188 3564 ἡλαττῶσθαι
3221 3493 3425 3561 ταύτης
3456 3494 3664 3567 παρού-

2080 3596 2199 3648 σης,
2231 3580 2324 3632 καὶ
2351 3578 2428 3649 τῷ
2454 3578 2858 3649 ἐπιδραμόντας
2899 3579 3038 3647 αὐτῇ
3078 3578 3173 3629 καί⁵
3218 3576 3458 3641 ἑλόντας,
3500 3578 3666 3647 μηδὲν

2081 3664 2311 3732 πάσχειν
2335 3662 2522 3714 λοιπὸν
2545 3659 2912 3732 ἀνθρώπινον,
2945 3661 3038 3712 καὶ
3074 3659 3150 3721 ὡς
3193 3661 3292 3729 τὴν
3325 3661 3478 3730 ῥίζαν
3515 3660 3668 3730 ἕχον-

2081 3764 2177 3808 τας
2224 3745 2332 3796 τῶν
2378 3745 2758 3815 χαρισμάτων,
2807 3743 2898 3796 καὶ
2952 3743 3028 3805 ὡς
3082 3741 3265 3794 οὐκέτι
3314 3742 3663 3813 δυναμένους,

2079 3831 2198 3882 οὐδὲ
2232 3830 2279 3881 εἰ
2317 3829 2485 3898 μηδὲν
2515 3825 2683 3897 εἶχον,
2723 3823 3066 3897 φιλονείκεῖν.
3111 3825 3169 3877 '0
3193 3827 3301 3895 7&9
3328 3826 3486 3888 ἁλοὺς
3520 3825 3670 3890 ἅπαξ

2081 3913 2185 3964 ὑπὸ
2217 3912 2316 3981 τῆς
2366 3911 2626 3980 ἀγάπης,
2668 3910 3004 3978 φιλονεικίας
3039 3909 3403 3977 ἀπήλλακται.
3450 3909 3538 3960 Διὸ
3574 3909 3670 3961 καὶ

2080 3995 2293 4056 δεικνὺς
2322 3993 2527 4057 αὐτοῖς,
2564 3994 2664 4046 ὅσα
2686 3992 2936 4045 ἐντεῦθεν
2959 3992 3344 4061 καρπώσονται
3372 3992 3438 4042 τὰ
3467 3991 3666 4057 ἀγαθὰ,

2080 4082 2206 4142 τοὺς
2254 4079 2500 4147 καρποὺς
2541 4077 2708 4147 αὐτῆς
2750 4074 3056 4144 ὑπέγραψε,
3100 4075 3186 4127 διὰ
3211 4065 3328 4127 τῶν
3381 4073 3670 4143 ἐγκωμίων

2083 4163 2251 4231 αὐτῆς
2280 4162 2347 4214 τὰ
2375 4162 2601 4213 ἐκείνων
2640 4161 2926 4228 νοσήματα
2969 4155 3374 4211 καταστέλλων.
3414 4155 3522 4209 Καὶ
3561 4156 3671 4227 γὰρ

2081 4246 2188 4297 τῶν
2248 4245 2555 4313 εἰρημένων
2601 4243 2829 4297 ἕκαστον
2882 4242 3174 4310 φάρμακον
3218 4239 3402 4292 ἰκανὸν
3449 4234 3518 4311 ἦν
3559 4241 3673 4301 τοῖς

2083 4328 2306 4380 ἐκείνων
2340 4326 2654 4396 τραύμασιν
2689 4324 2943 4393 ἀρκέσαι.
2975 4322 3066 4374 Διὸ
3105 4321 3197 4375 καὶ
3227 4321 3400 4389 ἔλεγε,
3437 4325 3674 4388 Μακρο-

2084 4409 2275 4477 θυμεῒ,
2328 4408 2464 4478 πρὸς
2507 4407 2634 4468 τοὺς
2679 4405 2930 4476 ἀλλήλοις
2980 4403 3462 4474 φιλονεικοῦντας·
3516 4405 3672 4470 Χρηι-

2085 4492 2380 4552 στεύεται,
2443 4491 2578 4559 πρὸς
2622 4489 2746 4551 τοὺς
2781 4486 3077 4549 διεστῶτας
3122 4488 3216 4539 καὶ
3254 4485 3518 4545 ὑπούλους
3543 4501 3556 4514 ·
3591 4487 3673 4538 υῠ

2087 4574 2272 4641 ζηλοῖ,
2316 4573 2454 4642 πρὸς
2495 4574 2621 4634 τοὺς
2667 4571 3061 4640 βασκαίνοντας
3103 4570 3215 4630 τοῖς
3263 4566 3621 4636 ὑπερέχουσιν
3653 4583 3669 4599 ο

2091 4659 2173 4710 Οὐ
2221 4654 2664 4721 περπερεύεται,
2723 4653 2859 4721 πρὸς
2916 4649 3040 4710 τοὺς
3089 4647 3556 4710 διασπασθέντας’
3591 4651 3674 4702 Οὺ

2087 4738 2433 4804 φυσιοῦται,
2465 4734 2600 4802 πρὸς
2640 4733 2766 4796 τοὺς
2814 4728 3415 4799 καταλαζονευομένους
3454 4729 3670 4783 αὐτῶν·

2093 4823 2212 4871 Οὐκ
2241 4816 2596 4888 ἀσχημονεῖ,
2638 4817 2774 4888 πρὸς
2805 4817 2931 4878 τοὺς
2985 4815 3085 4867 οὐκ
3131 4812 3491 4881 όφείλονταςει
3548 4829 3677 4879 συγ-

2092 4901 2442 4953 καταϐαίνειν
2464 4916 2475 4928 ·
2516 4903 2598 4953 Οὐ
2631 4898 2790 4965 ζητεῖ
2820 4897 2886 4951 τὸ
2911 4896 3152 4964 ἑαυτῆς,
3183 4895 3321 4965 πρὸς
3353 4894 3479 4957 τοὺς
3510 4895 3677 4965 ὑπερ-

2091 4986 2332 5057 ορῶντας
2369 4984 2478 5036 τῶν
2504 4984 2710 5036 λοιπῶν
2737 5001 2750 5014 ·
2785 4988 2868 5036 Οὐ
2904 4982 3328 5050 παροξύνεται,
3359 4982 3428 5032 οὺ
3456 4981 3679 5050 λογίζε-

2092 5085 2184 5120 ται
2209 5066 2275 5119 τὸ
2307 5066 2514 5129 κακὸν,
2546 5067 2681 5136 πρὸς
2729 5067 2854 5127 τοὺς
2887 5063 3270 5134 ὑϐριζομένους
3311 5078 3324 5091 '
3361 5065 3440 5115 Οὐ
3487 5064 3679 5132 χαίρει

2092 5153 2190 5205 ἐπὶ
2240 5149 2312 5218 τῇ
2352 5149 2573 5216 ἀδικίᾳ,
2629 5151 2946 5218 συγχαίρει
2991 5145 3059 5197 δὲ
3104 5143 3178 5212 τῇ
3224 5145 3496 5213 ἀληθεία,
3550 5147 3678 5216 πρὸς

2093 5238 2219 5299 τοὺς
2252 5235 2642 5304 βασκαίνοντας
2673 5234 2835 5285 πάλιν
2861 5253 2872 5260 ·
2906 5227 3109 5282 Πάντα
3131 5226 3353 5298 στέγει,
3387 5230 3524 5300 πρὸς
3552 5231 3677 5289 τοὺς

2095 5319 2641 5388 ἐπιϐουλευομένουςο
2683 5317 2887 5370 Πάντα
2936 5309 3178 5374 ἐλπίζει,
3216 5314 3353 5384 πρὸς
3383 5314 3508 5373 τοὺς
3542 5313 3678 5364 ἀπο-

2095 5403 2462 5472 γινώσκοντας
2480 5418 2492 5430 ⁶
2521 5401 2725 5454 Πάντα
2742 5395 3049 5463 ὑπομένει,
3073 5395 3363 5450 οὐδέποτε
3385 5397 3677 5453 ἐκπίπτει,

2099 5486 2233 5556 πρὸς
2265 5487 2393 5548 τοὺς
2441 5483 2678 5545 εὐκόλως
2717 5479 3116 5548 διῖσταμένους.
3153 5481 3306 5532 Ἐπεὶ
3353 5475 3445 5532 οὖν
3476 5490 3679 5529 παντα-

2098 5569 2252 5640 χόθεν
2280 5571 2450 5640 αὐτὴν
2483 5564 2726 5639 μεγάλην
2761 5562 2930 5626 ἔδειξε
2957 5564 3073 5634 μεθ’
3101 5563 3406 5632 ὑπερϐολῆς
3437 5559 3678 5624 ἀπάσης,

2100 5652 2259 5705 πάλιν
2293 5651 2352 5717 ἐξ
2401 5651 2587 5722 ἐτέρου
2644 5645 2939 5714 κεφαλαίου
3000 5647 3254 5718 μεγίστου
3307 5644 3462 5698 τοῦτο
3516 5640 3680 5704 ποιεῖ,

2165 5875 2181 5897 ⁸
2203 5873 2488 5942 [.egenrlum
2512 5874 2653 5932 putat
2676 5867 2894 5917 Savilius
2919 5865 2974 5914 οὐ
2996 5866 3231 5917 θέλοντας,
3258 5863 3310 5906 ει
3333 5858 3404 5906 sic
3445 5855 3570 5919 legit
3591 5865 3680 5902 τεο

2109 5944 2191 5989 ηε
2215 5947 2485 5998 ιιιιρι-ρῖεε.
