4038 6216
124 427 235 484 985

127 547 212 596 tax
246 538 444 595 amoris
475 536 742 601 accendit.
790 534 917 592 vide
944 534 1215 605 quomodo
1242 534 1541 603 simplicem
1571 532 1721 586 illum

126 644 185 689 et
208 632 428 687 domum
457 630 804 697 incolentem,
825 626 1017 687 fortem
1036 636 1090 682 et
1116 626 1445 682 laboriosum
1471 622 1722 686 reddide-

130 725 200 777 rit
227 741 242 777 :
274 730 333 778 et
370 723 471 777 hoc
503 735 609 777 non
645 736 678 775 a
706 734 817 785 me,
858 718 954 775 sed
993 718 1062 773 ab
1102 720 1221 789 ipso
1248 714 1545 786 patriarcha
1576 715 1723 769 audi.

127 814 391 869 Socerum
416 812 559 864 enim
592 810 866 874 incusans,
899 808 973 862 ait
999 826 1012 863 :
1051 804 1161 861 Hos
1183 806 1356 877 viginti
1378 820 1539 859 annos
1566 814 1727 858 tecum

128 918 223 973 ego
247 918 361 957 sunt
390 900 541 972 (Gen.
567 901 654 955 51.
679 900 773 957 3S.
802 898 933 969 40).
965 898 1032 953 Et
1052 897 1322 969 quomodo
1352 896 1492 951 fuisti
1526 895 1625 950 bos
1648 895 1729 949 vi-

128 994 263 1061 ginli
310 992 522 1047 annos?
564 1008 686 1049 nam
722 1002 778 1046 et
823 992 925 1046 hoc
962 1006 1177 1061 quoque
1213 989 1451 1059 adjecit:
1497 987 1725 1042 Adustus

136 1094 265 1137 astu
297 1082 398 1135 diei
421 1091 469 1136 et
498 1084 687 1153 frigore
724 1084 907 1149 noctis,
937 1090 983 1135 et
1010 1080 1245 1135 abscessit
1275 1094 1480 1133 somnus
1509 1077 1572 1131 ab
1598 1094 1725 1131 oeu-

128 1178 193 1229 lis
220 1177 366 1229 meis.
385 1172 515 1239 “me
537 1174 626 1229 ille
650 1174 768 1228 sine
792 1172 933 1235 fuco,
966 1173 1054 1242 qui
1083 1171 1229 1226 domi
1261 1168 1536 1223 habitabat
1554 1183 1618 1222 ac
1643 1184 1729 1223 re-

129 1266 350 1319 missam
400 1264 634 1320 ducebat
682 1265 873 1318 vitam.
910 1262 1065 1330 Quod
1095 1270 1272 1315 autem
1315 1258 1529 1312 timidus
1558 1270 1724 1324 esset,

131 1358 303 1425 palam
330 1368 414 1413 est
442 1372 509 1413 ex
536 1372 603 1413 eo
631 1356 803 1427 quod,
831 1370 952 1410 cum
981 1368 1039 1407 se
1072 1339 1211 1407 Esau
1238 1353 1473 1406 visurum
1500 1366 1725 1419 exspec-

130 1459 295 1514 taret,
350 1458 497 1505 metu
541 1455 863 1504 moreretur.
908 1445 1012 1500 Sed
1059 1444 1179 1517 vide
1219 1458 1428 1497 rursum
1457 1442 1727 1511 quomodo

127 1541 221 1595 ille
250 1541 468 1595 timidus
498 1541 651 1595 leone
672 1538 927 1593 audacior
949 1551 1015 1590 ex
1041 1551 1226 1589 amore
1256 1534 1425 1588 factus
1452 1535 1541 1588 sit.
1591 1532 1724 1586 Nam

125 1631 275 1685 velut
302 1630 519 1700 quidam
573 1639 936 1698 propugnator
962 1637 1086 1680 ante
1116 1626 1251 1679 alios
1278 1639 1467 1679 omnes
1497 1624 1722 1692 positus,

128 1730 353 1793 paratus
395 1731 515 1775 erat
563 1719 794 1775 ferocem
835 1720 980 1772 illum
1012 1728 1067 1773 et
1091 1717 1292 1772 cmdem
1321 1716 1635 1785 spirantem,
1668 1721 1727 1768 ut

126 1812 494 1877 existimabat,
538 1813 741 1881 primus
766 1810 1038 1879 excipere,
1071 1818 1122 1863 et
1151 1810 1202 1861 in
1229 1822 1456 1877 corpore
1477 1820 1575 1860 suo
1603 1820 1725 1859 mn-

126 1905 347 1960 lieribus
375 1905 719 1961 securitatem
750 1918 1034 1972 apparare,
1062 1913 1117 1957 et
1143 1918 1265 1958 eum
1290 1916 1449 1971 quem
1476 1900 1726 1955 timuerat

128 2009 183 2050 et
216 1995 619 2061 formidaveral,
649 1996 855 2065 primus
895 1994 1154 2048 instructa
1186 1992 1302 2047 acie
1331 1992 1515 2047 videre
1539 1991 1723 2062 cupie-

130 2090 242 2142 bat.
296 2087 408 2142 Hoc
448 2087 665 2157 quippe,
693 2086 887 2141 timore
914 2084 1103 2139 fortior
1131 2093 1251 2139 erat
1281 2099 1507 2147 uxorum
1548 2097 1723 2137 amor.

127 2182 316 2238 Viden‘
364 2181 653 2251 quomodo,
676 2179 892 2234 timidus
938 2194 1060 2233 cum
1104 2187 1273 2242 esset,
1318 2177 1490 2230 audax
1545 2176 1724 2232 subito

124 2277 299 2329 factus
334 2274 423 2339 sit,
456 2287 562 2326 non
590 2280 794 2326 mutato
825 2270 1029 2335 habitu,
1061 2270 1155 2324 sed
1181 2270 1249 2323 ab
1273 2283 1460 2323 amore
1482 2267 1709 2322 robora-

126 2366 247 2421 tus?
271 2365 405 2419 Nam
429 2361 573 2433 quod
602 2363 763 2419 etiam
795 2370 978 2432 postea
1006 2360 1223 2417 timidus
1250 2368 1413 2425 esset,
1443 2361 1618 2430 palam
1638 2368 1724 2419 est

124 2474 187 2510 ex
222 2470 311 2519 eo,
345 2454 486 2525 quod
518 2454 695 2509 locum
726 2468 793 2508 ex
824 2452 945 2507 loco
970 2461 1219 2507 mutaret.
1248 2450 1353 2505 Sed
1385 2466 1544 2507 nemo
1575 2459 1725 2520 putet

123 2564 211 2614 ea,
264 2562 387 2617 qua:
428 2545 571 2601 dicta
617 2554 761 2610 sunt,
800 2545 929 2614 justi
976 2558 1097 2599 esse
1139 2542 1555 2598 accusationem.
1604 2540 1720 2597 Non

124 2640 267 2691 enim
315 2636 562 2690 timidum
589 2649 711 2689 esse
749 2634 904 2703 culpa
934 2642 1017 2688 est
1048 2651 1062 2687 :
1092 2648 1214 2686 nam
1243 2632 1346 2686 hoc
1374 2642 1455 2687 est
1480 2641 1719 2698 natura);

124 2730 217 2785 sed
241 2745 307 2782 ex
339 2728 534 2782 timore
555 2725 755 2794 aliquid
786 2736 979 2780 contra
1009 2724 1247 2778 ofﬁcium
1277 2735 1514 2793 patrare.
1539 2724 1722 2778 Potest

121 2821 267 2875 inim
308 2818 428 2887 quis
466 2828 652 2871 natura
684 2815 933 2875 timidus,
984 2830 1012 2867 a
1046 2816 1241 2883 pietate
1268 2816 1419 2867 fortis
1452 2823 1506 2867 et
1541 2813 1717 2882 magni

121 2903 288 2971 animi
329 2901 491 2956 eflici.
526 2900 661 2967 Quid
693 2909 870 2954 autem
904 2898 1157 2968 Moyses?
1183 2914 1360 2953 annon
1408 2896 1717 2968 Egyptinm

124 3010 289 3050 unum
323 2992 521 3049 timens
547 2992 699 3063 fugit,
731 3001 785 3046 et
812 2992 864 3046 in
890 2991 1137 3045 exsilium
1168 2991 1299 3044 ivit?
1330 2991 1580 3045 Attamen
1626 2987 1720 3043 ille

122 3090 396 3159 fugitivus,
424 3086 516 3155 qui
544 3087 643 3140 viri
670 3082 826 3140 unius
851 3085 1021 3137 minas
1052 3099 1156 3137 non
1189 3084 1403 3146 tulerat,
1429 3093 1711 3152 postquam

119 3178 357 3249 gustavit
389 3177 495 3231 mel
517 3175 776 3238 caritatis,
809 3173 1034 3243 pulchre
1055 3189 1118 3227 ac
1146 3176 1359 3227 nemine
1380 3183 1628 3242 cogente,
1661 3180 1720 3225 ut

1085 420 1149 477 IN
1188 419 1404 485 EPIST.
1446 419 1466 475 I
1532 419 1622 478 AD
1656 418 1813 476 COR.
1855 415 2085 474 HOMIL.
2126 416 2370 473 XXXIV.

3310 416 3421 470 286

1835 544 1936 584 una
1958 545 2079 585 cum
2108 529 2319 583 dilectis
2345 528 2549 597 periret
2596 526 2896 581 festinabat.
2939 526 3003 582 Si
3028 528 3199 590 enim,
3228 529 3421 599 inquit.

1835 620 2043 674 dimittis
2084 620 2187 673 illis
2221 628 2500 687 peccatum,
2542 617 2773 681 dimitte;
2815 618 2894 670 sin
2925 617 3114 682 minus,
3142 629 3189 671 et
3209 620 3424 673 medela

1836 712 1899 765 de
1928 711 2055 765 libro
2083 720 2190 773 tuo,
2216 725 2365 779 quem
2392 708 2642 778 scripsisti
2664 706 2860 775 (Exod.
2892 706 2981 761 δὶς
3006 706 3119 775 51).
3147 708 3301 773 Quod
3325 724 3420 763 auc

1836 814 1940 858 tem
1967 816 2121 855 amor
2158 811 2215 856 et
2251 812 2457 858 trucem
2488 809 2847 865 mansuetum,
2873 808 2927 853 et
2952 797 3295 854 libidinosum
3331 815 3421 853 cs-

1830 903 1970 947 stum
2002 889 2224 955 efﬁciat,
2255 906 2361 947 non
2395 890 2482 945 hic
2516 891 2653 943 ultra
2693 888 2954 958 exemplis
2980 889 3133 942 nobis
3159 903 3328 958 opus;
3362 890 3417 945 id

1829 987 1970 1037 enim
1993 982 2240 1041 omnibus
2271 986 2444 1050 palam
2473 989 2557 1033 est
2581 997 2595 1032 :
2626 979 2835 1033 etiamsi
2868 979 2980 1033 fera
3006 981 3193 1051 quavis
3221 980 3415 1035 imma~

1833 1074 1953 1127 nior
1994 1072 2112 1142 quis
2152 1071 2330 1131 fuerit,
2373 1085 2485 1124 ove
2513 1071 2841 1125 mansuetior
2864 1085 2929 1125 ex
2961 1070 3417 1127 amoreeflicitur.

1828 1162 1961 1217 Nam
2009 1160 2136 1231 quid
2182 1158 2355 1216 Same.
2395 1160 2681 1215 immanius
2730 1168 2784 1211 et
2832 1159 3085 1213 furiosius
3113 1159 3421 1216 eratY‘Sed

1829 1251 2044 1323 quando
2066 1252 2175 1306 lilia
2206 1252 2324 1321 ejus
2347 1250 2619 1305 inimicum
2646 1251 2828 1316 solvit,
2862 1265 2929 1304 ne
2953 1250 3175 1305 verbum
3203 1253 3421 1321 quidem

1834 1358 2075 1399 amarum
2105 1351 2291 1397 contra
2313 1342 2455 1395 illam
2483 1341 2696 1395 emisit:
2719 1348 2773 1394 et
2792 1340 2878 1408 qui
2902 1340 3214 1395 sacerdotes
3234 1356 3429 1396 omnes

1833 1436 2044 1505 penitus
2087 1435 2427 1490 interfecerat
2470 1441 2691 1505 prepter
2735 1432 3009 1496 Davidem,
3049 1433 3210 1487 filiam
3236 1434 3429 1490 videns

1832 1541 1952 1595 quae
1978 1540 2043 1579 ex
2067 1524 2229 1579 domo
2259 1524 2407 1579 illum
2433 1527 2711 1590 emiserat,
2741 1540 2808 1578 ne
2838 1524 3003 1579 verbo
3024 1525 3239 1594 quidem
3270 1535 3427 1581 tenus

1829 1616 2090 1670 adversus
2135 1617 2280 1670 illam
2313 1616 2619 1685 indignatus
2645 1624 2748 1679 est.
2782 1616 2993 1670 etiamsi
3037 1617 3182 1672 fraus
3208 1620 3293 1672 illa
3326 1622 3424 1673 ad-

1827 1721 2038 1761 versum
2061 1721 2119 1760 se
2145 1706 2403 1760 adornata
2426 1705 2614 1760 fuisset
2640 1724 2653 1758 :
2685 1708 2988 1775 potentiore
3014 1724 3244 1779 namque
3266 1725 3418 1763 amo-

1828 1799 1906 1853 ris
1941 1796 2095 1855 freno
2135 1795 2495 1852 detinebatur.
2551 1796 2618 1852 Ut
2657 1809 2837 1850 autem
2880 1811 3209 1865 mansuetos,
3254 1802 3327 1855 ita
3358 1813 3416 1857 et

1829 1895 2188 1957 temperantes
2205 1887 2344 1942 solet
2356 1886 2553 1942 caritas
2567 1887 2745 1943 facere
2773 1903 2788 1941 :
2820 1888 3008 1959 siquis
3028 1890 3172 1943 euim
3197 1906 3420 1947 uxorem

1832 1998 1983 2036 suam
2016 1990 2179 2046 amat,
2214 1990 2270 2034 ut
2292 1995 2473 2034 amare
2502 1988 2737 2049 oportet,
2761 1980 3104 2046 quantumvis
3133 1990 3321 2036 natura
3350 1984 3421 2036 sit

1828 2075 2167 2135 libidinosus.
2197 2071 2488 2144 numquam
2520 2074 2679 2127 aliam
2707 2073 2927 2139 videbit,
2956 2087 3068 2128 suae
3089 2089 3274 2127 amore
3323 2074 3422 2129 du-

1827 2178 1979 2232 ctus:
2016 2182 2135 2220 nam
2166 2168 2262 2233 ait,
2288 2164 2462 2220 Fortis
2488 2176 2559 2219 cst
2586 2175 2641 2219 ut
2668 2182 2804 2220 mors
2833 2165 3033 2221 dilectio
3060 2165 3230 2237 (Cant.
3257 2165 3311 2221 8.
3340 2167 3422 2235 6).

1827 2257 2011 2328 Itaque
2081 2274 2189 2313 non
2248 2258 2465 2313 aliunde
2532 2259 2652 2328 quis
2721 2258 3042 2313 libidinosus
3088 2267 3210 2326 est,
3262 2275 3422 2330 quam

1826 2350 1967 2419 quod
2041 2365 2147 2403 non
2200 2360 2365 2404 amet.
2428 2350 2692 2417 Quoniam
2750 2351 2912 2422 igitur
2972 2352 3148 2407 omnis
3210 2353 3425 2409 virtutis

1826 2438 2006 2508 opifex
2036 2450 2114 2493 est
2158 2440 2375 2502 caritas,
2407 2455 2530 2494 cum
2582 2442 2926 2497 aecuratione
2972 2442 3119 2497 omni
3172 2443 3319 2499 illam
3370 2446 3422 2498 in

1837 2530 2033 2585 animis
2074 2532 2275 2585 nostris
2323 2530 2646 2596 inseramus,
2691 2541 2747 2584 ut
2787 2534 2943 2589 nobis
2978 2534 3142 2587 multa
3184 2534 3427 2589 conferat

1827 2622 1990 2687 bona,
2025 2632 2079 2677 et
2108 2623 2327 2678 uberem
2357 2622 2473 2691 ejus
2504 2622 2734 2676 fructum
2763 2632 3022 2691 perpetuo
3048 2622 3422 2691 decerpamns,

1827 2728 2048 2782 semper
2078 2717 2367 2777 virentem,
2396 2714 2485 2783 qui
2514 2729 2806 2784 numquam
2835 2726 3148 2769 marcescat.
3174 2715 3261 2769 Sic
3279 2718 3422 2770 enim

1826 2820 2024 2860 aeterna
2076 2821 2480 2875 consequemur
2516 2809 2652 2861 bona
2684 2824 2698 2861 :
2738 2824 2857 2877 qum
2888 2808 3086 2861 utinam
3116 2823 3211 2862 nos
3239 2823 3426 2863 omnes

1824 2894 2045 2962 adipisci
2092 2895 2389 2965 contingat,
2442 2897 2609 2962 gratia
2638 2907 2692 2950 et
2730 2897 3059 2967 benignitate
3088 2899 3298 2953 Domini
3325 2915 3423 2954 no-

1832 2985 1928 3039 stri
1960 2985 2085 3039 .Iesu
2116 2984 2337 3046 Christi.
2370 2985 2460 3054 qui
2490 3000 2612 3039 cum
2645 2986 2787 3040 Patri
2818 3002 3026 3057 unaque
3053 2989 3269 3061 Spiritui
3298 3006 3425 3044 san-

1824 3086 1912 3130 cto
1958 3078 2147 3148 gloria,
2188 3080 2499 3147 imperimn,
2546 3079 2742 3145 honor,
2770 3096 2915 3133 nunc
2937 3090 2992 3136 ct
3020 3098 3256 3152 semper,
3286 3094 3341 3139 et
3365 3084 3419 3137 in

1824 3170 2024 3225 swcula
2056 3172 2399 3226 smeulorum.
2432 3172 2627 3227 Amen.

2090 3231 2149 3298 Ι

930 3303 3380 3327 mw

1480 3380 1818 3442 HOMILIA
1866 3374 2159 3451 XXXW.

124 3528 255 3584 Car.
277 3529 362 3582 15.
385 3544 435 3581 v.
463 3527 515 3580 8.
542 3526 660 3581 Sive
685 3526 964 3596 prophetae
985 3525 1378 3591 evacuabnntur,
1409 3525 1512 3579 sive
1534 3525 1722 3593 lingua:

420 3617 717 3684 cessabunt,
750 3620 851 3672 sive
880 3618 1087 3671 scicntia
1118 3618 1422 3672 destruetur.

204 3757 254 3810 Ι.
294 3753 428 3809 Cum
458 3755 697 3808 caritatis
735 3754 1110 3809 excellentiam
1148 3752 1510 3816 ostendisset,
1562 3769 1627 3807 ex
1659 3769 1723 3807 eo

129 3846 274 3917 quod
312 3856 367 3899 et
403 3848 728 3900 charismata
769 3856 821 3900 et
856 3860 917 3899 ea
956 3861 1073 3913 qum
1116 3846 1165 3897 in
1206 3838 1310 3898 vita
1344 3846 1601 3914 praeclare
1633 3859 1724 3912 ge-

129 3948 327 3994 runtur
355 3952 415 3990 ea
450 3919 755 4007 indigeant;
788 3954 852 3990 ex
876 3953 939 3991 eo
971 3937 1108 4006 quod
1141 3936 1256 4006 ejus
1283 3953 1471 3993 omnes
1500 3938 1723 3992 virtutes

128 4032 550 4097 enumeraverit,
582 4039 636 4084 et
656 4030 910 4098 perfectae
942 4032 1292 4101 philosophia:
1319 4032 1721 4087 fundamentum

127 4138 253 4179 esse
294 4120 568 4188 probarit;
616 4137 680 4176 ex
727 4122 833 4175 alio
879 4137 1066 4176 rursus
1106 4124 1368 4191 tertioque
1395 4125 1568 4194 capite
1607 4126 1723 4193 ejus

127 4212 368 4268 ostendit
400 4212 737 4282 dignitatem.
773 4213 838 4266 Et
887 4212 988 4267 hoc
1038 4214 1198 4279 facit,
1243 4222 1352 4267 tum
1393 4226 1449 4268 ut
1488 4216 1591 4269 illis
1631 4218 1721 4287 qui

130 4305 398 4361 imminuti
439 4319 559 4360 esse
596 4307 918 4359 videbantur
951 4306 1269 4375 persuadeat
1298 4300 1456 4363 licere
1487 4310 1613 4379 ipsis
1644 4314 1720 4365 si-

128 4410 361 4467 gnorum
388 4395 738 4466 etiam‘eaput
769 4413 864 4452 seu
897 4397 1201 4451 faenltatcm
1234 4397 1449 4462 habere,
1484 4400 1722 4472 nihilque

130 4492 313 4544 minus
343 4487 588 4544 obtinere
629 4505 787 4557 quam
833 4490 867 4543 ii
914 4491 999 4558 qui
1044 4488 1362 4544 charismata
1395 4492 1630 4560 habent,
1677 4496 1721 4550 si

129 4581 277 4635 illam
310 4577 562 4644 habeant,
593 4580 702 4634 imo
731 4580 900 4635 multo
931 4582 1137 4648 majus;
1175 4590 1280 4635 tum
1326 4586 1488 4640 etiam
1531 4596 1590 4641 ut
1627 4603 1721 4644 eos

130 4672 224 4740 qui
256 4668 457 4737 majora
492 4670 812 4724 charismata
846 4672 1107 4726 haberent
1140 4673 1369 4742 indeque
1396 4679 1721 4734 extolleren-

130 4776 240 4826 tur,
275 4762 397 4817 bine
425 4762 723 4832 deprimat,
772 4777 824 4821 et
868 4768 1117 4841 ostendat
1160 4782 1253 4821 eos
1297 4770 1429 4825 nihil
1482 4774 1714 4838 habere,

129 4857 232 4909 nisi
262 4854 399 4908 hanc
428 4856 723 4912 obtineant.
756 4860 832 4914 Ita
855 4862 997 4915 enim
1023 4875 1143 4915 sese
1169 4872 1223 4916 et
1255 4873 1440 4918 mutuo
1468 4866 1717 4923 dilecturi

126 4954 286 5000 erant
308 4986 323 5011 ,
362 4945 559 5000 invidia
590 4958 644 5003 et
695 4952 996 5021 arrogantia
1043 4951 1121 5004 sic
1150 4951 1216 5005 de
1247 4953 1425 5009 medio
1459 4958 1715 5026 sublatis,

126 5046 189 5091 et
234 5048 419 5089 rurStts
462 5050 587 5092 sese
632 5049 815 5096 mutuo
856 5041 1136 5111 diligentes
1161 5083 1176 5106 ,
1225 5041 1340 5096 haec.
1370 5045 1493 5099 vitia
1534 5052 1716 5115 procul

127 5126 488 5181 amandabant
518 5144 530 5179 :
555 5143 678 5182 nam
706 5130 906 5186 Caritas
927 5150 1025 5186 non
1047 5133 1336 5199 tumulatur,
1362 5153 1460 5189 non
1482 5140 1713 5208 inﬂatur.

127 5221 313 5289 Itaque
343 5232 494 5271 muro
528 5218 645 5272 illos
676 5223 911 5294 undique
941 5225 1248 5281 ﬁrmissimo
1278 5228 1463 5293 cinxit,
1492 5240 1545 5283 et
1576 5234 1715 5285 mul-

130 5310 297 5381 tiplici
329 5311 638 5377 concordia,
665 5328 785 5382 qure
810 5319 1026 5374 morbos
1053 5334 1244 5375 omnes
1274 5320 1486 5375 tolleret
1512 5332 1567 5377 et
1592 5323 1717 5381 hinc

126 5417 320 5458 rursus
350 5400 543 5457 fortior
574 5403 848 5461 cvaderet.
883 5407 1113 5478 Ideoque
1153 5413 1571 5470 innumerabiles
1601 5420 1714 5485 agi-

125 5493 263 5548 tavit
290 5494 544 5559 rationes,
578 5508 698 5561 qum
748 5508 966 5563 possent
1011 5500 1247 5570 ipsorum
1299 5503 1536 5558 dolorem
1582 5522 1712 5562 eon-

124 5587 315 5641 solari.
382 5584 511 5640 Nam
569 5585 708 5639 idem
766 5585 860 5639 dat
915 5590 1187 5658 Spiritus,
1248 5595 1457 5664 inquit,
1528 5607 1582 5651 et
1645 5602 1711 5655 ad

128 5678 412 5732 utilitatem
443 5677 553 5741 dat,
577 5687 630 5731 et
659 5686 715 5730 ut
746 5678 855 5730 vult
882 5678 1089 5747 dividit,
1134 5695 1188 5737 et
1214 5692 1377 5754 gratis
1405 5690 1568 5748 dans.
1607 5707 1711 5747 non

128 5769 351 5830 debetis,
377 5768 583 5823 dividit.
614 5768 829 5823 Etiamsi
854 5784 979 5823 vero
1009 5787 1191 5839 parum
1215 5782 1504 5847 acceperis,
1523 5781 1712 5836 simili-

134 5860 213 5905 ter
241 5869 300 5908 cx
324 5875 549 5929 corpore
578 5876 657 5926 es,
686 5870 734 5914 et
768 5860 936 5917 multo
962 5864 1039 5917 sie
1064 5866 1223 5921 etiam
1256 5870 1445 5928 frueris
1471 5873 1706 5930 honore:

1834 3535 1897 3575 ac
1927 3524 2016 3591 qui
2051 3522 2221 3590 majus
2253 3520 2411 3576 habet
2435 3565 2447 3583 .
2481 3532 2532 3578 te
2562 3526 2649 3593 qui
2683 3525 2858 3581 minus
2888 3525 3058 3590 habes
3088 3528 3326 3599 indiget:
3369 3542 3425 3587 et

1837 3614 2125 3665 Inaximum
2153 3613 2441 3677 charisma,
2470 3615 2929 3685 excellentiorque
2956 3618 3037 3671 via
3060 3628 3141 3673 est
3167 3621 3382 3675 caritas.
3408 3658 3415 3665 ς

1906 3700 2101 3755 Caritas
2147 3704 2317 3756 omnia
2356 3705 2488 3757 tollit
2536 3707 2690 3758 mala.
2716 3707 2935 3761 —H:I:c
2966 3723 3128 3777 porro
3169 3710 3419 3779 dicebat,

1829 3791 2028 3860 duplici
2063 3794 2275 3846 vinculo
2302 3794 2574 3864 stringens
2607 3796 2726 3850 illos
2757 3798 2983 3852 invicem
3013 3817 3026 3862 ;
3066 3811 3117 3854 et
3156 3802 3294 3871 quod
3326 3818 3422 3872 pu-

1830 3893 2005 3939 tarent
2043 3901 2103 3940 se
2136 3901 2238 3939 non
2282 3887 2458 3941 minus
2489 3888 2687 3943 habere
2718 3891 2805 3943 illa
2840 3901 3140 3959 prmsente,
3182 3904 3234 3947 et
3278 3897 3419 3963 quod

1829 3975 1893 4029 ad
1925 3977 2065 4030 illam
2095 3988 2442 4033 accnrrentes
2470 3980 2721 4049 illamque
2745 3981 3049 4035 obtinentes
3073 4024 3086 4049 ,
3121 3984 3253 4037 nihil
3278 3986 3412 4039 ultra

1830 4066 2121 4120 humanum
2172 4079 2503 4137 paterentur,
2552 4082 2661 4126 tum
2702 4074 2823 4142 quia
2860 4074 3095 4129 radicem
3126 4076 3421 4131 charisma-

1830 4164 1940 4209 tum
1975 4156 2238 4210 haberent
2265 4199 2279 4221 ,
2322 4168 2431 4213 tum
2464 4160 2584 4227 quia
2630 4177 2734 4214 non
2776 4164 2913 4217 ultra
2963 4175 3211 4232 possent,
3256 4167 3417 4221 etiam

1827 4250 1870 4302 si
1922 4248 2053 4301 nihil
2090 4248 2342 4303 haberent
2364 4292 2377 4313 ,
2410 4252 2760 4307 contendere.
2799 4254 2928 4307 Nam
2962 4256 3046 4323 qui
3077 4257 3238 4309 semel
3270 4273 3297 4309 a
3325 4274 3415 4311 Cu-

1828 4339 1986 4394 ritate
2026 4351 2213 4409 captus
2259 4351 2380 4407 est,
2426 4358 2454 4394 a
2503 4345 2848 4399 contentione
2889 4346 3024 4399 liber
3074 4355 3176 4399 est.
3217 4348 3416 4414 Quam-

1826 4430 2011 4484 obrem
2042 4431 2363 4494 ostendens,
2398 4443 2591 4500 quanta
2624 4434 2746 4489 inde
2774 4434 2911 4488 bona
2942 4436 3244 4505 decerpturi
3270 4441 3376 4493 sint
3397 4484 3412 4501 ,

1826 4521 2033 4576 fructus
2072 4528 2190 4590 ejus
2232 4524 2553 4592 descripsit,
2603 4542 2698 4594 per
2738 4527 2879 4581 illius
2916 4531 3157 4582 encomia
3197 4534 3415 4586 morbos

1826 4612 2040 4665 illorum
2085 4616 2405 4682 reprimens.
2450 4616 2662 4671 Etenim
2698 4634 2816 4687 qu.c
2850 4618 2987 4671 dicta
3028 4630 3155 4674 sunt
3186 4623 3412 4692 singula,

1827 4701 2169 4769 pharmacnm
2199 4715 2352 4758 erant
2381 4707 2520 4772 quod
2550 4708 2815 4761 sufﬁceret
2845 4710 2909 4761 ad
2942 4711 3152 4765 illorum
3170 4716 3411 4767 .curanda

1823 4792 2067 4846 vulnera.
2099 4794 2329 4863 Ideoque
2363 4796 2592 4857 dicebat,
2627 4797 2839 4851 Patiens
2870 4810 2971 4864 est,
3014 4801 3278 4857 adversus
3318 4826 3414 4859 cus

1822 4882 1911 4949 qni
1945 4882 2084 4935 inter
2116 4898 2174 4936 se
2201 4884 2576 4951 contendunt;
2616 4884 2845 4958 Benigna
2882 4901 2989 4954 est,
3033 4891 3289 4950 adversus
3320 4914 3414 4952 eos

1822 4971 1912 5040 qui
1939 4970 2201 5025 dissident
2224 4982 2276 5027 et
2298 4974 2507 5027 occulto
2534 4976 2777 5031 feruntur
2799 4980 2921 5033 odio
2944 4997 2955 5045 ;
2976 4980 3096 5034 Non
3115 4988 3405 5051 ll’nmlltlltr,

1820 5072 2004 5115 contra
2037 5078 2133 5117 eos
2167 5064 2255 5132 qui
2304 5064 2538 5120 invident
2577 5068 2692 5136 plus
2733 5069 3086 5135 habentibus;
3140 5073 3260 5125 Non
3305 5077 3408 5142 agit

1822 5168 2121 5221 perperam,
2154 5155 2411 5208 adversus
2442 5173 2534 5210 eos
2564 5160 2652 5225 qui
2684 5158 2932 5225 disjuncli
2973 5169 3129 5223 sunt;
3176 5162 3295 5215 Non
3325 5167 3406 5217 in-

1818 5247 1996 5314 ﬂatur,
2030 5256 2214 5301 contra
2242 5263 2337 5302 eos
2362 5250 2449 5319 qui
2479 5252 2528 5301 in
2558 5250 2690 5303 alios
2720 5251 3083 5315 extolluntur;
3115 5250 3234 5307 Non
3265 5256 3409 5310 indc-

1819 5354 1933 5389 corc
1961 5339 2085 5408 agit,
2110 5349 2295 5393 contra
2323 5355 2416 5393 eos
2442 5340 2530 5409 qui
2560 5340 2745 5393 nolunt
2773 5358 2830 5395 se
2861 5350 3252 5412 attemperare;
3285 5346 3405 5402 Non

1817 5430 1995 5495 quierit
2023 5446 2139 5497 qua:
2165 5447 2258 5483 sua
2285 5442 2419 5493 sunt,
2450 5431 2711 5484 adversus
2736 5448 2830 5486 eos
2858 5435 2945 5503 qui
2977 5448 3201 5491 ca-teros
3230 5439 3407 5508 despi-

1817 5518 1960 5571 ciunt
1984 5535 1999 5581 ;
2026 5518 2145 5572 Non
2175 5522 2425 5586 irritatur,
2453 5538 2551 5576 non
2574 5524 2760 5591 cogitat
2788 5527 3000 5591 malum,
3028 5529 3283 5584 adversus
3310 5547 3405 5585 eos

1809 5609 1905 5676 qui
1934 5611 2312 5663 contumeliam
2345 5610 2621 5676 inferunt;
2671 5613 2791 5668 Non
2823 5618 3007 5686 gaudet
3034 5634 3185 5687 super
3212 5622 3400 5692 iniqui-

1817 5710 1945 5761 tate,
1982 5702 2261 5771 congaudet
2297 5714 2466 5757 autem
2497 5707 2693 5760 veritati
2712 5748 2728 5773 ,
2770 5724 2955 5762 rursus
2984 5709 3241 5767 adversus
3270 5715 3402 5769 invi-

1814 5789 1911 5843 dos
1936 5806 1949 5854 ;
1982 5789 2165 5844 Omnia
2199 5792 2395 5859 snﬂ'crt,
2419 5795 2676 5851 adversus
2698 5814 2791 5852 eos
2812 5799 2898 5867 qui
2924 5800 3143 5857 insidias
3168 5816 3354 5873 parant
3376 5827 3388 5871 ;

1818 5882 2002 5937 Omnia
2048 5897 2253 5953 sperat,
2287 5889 2542 5944 adversus
2586 5906 2678 5945 eos
2723 5893 2811 5961 qui
2852 5892 3137 5965 desperant
3161 5913 3174 5962 ;
3211 5898 3399 5957 Ontnia
