4038 6216
481 370 584 425 28⁸1

483 486 715 547 sustinet,
744 496 1019 550 numquam
1042 478 1256 543 excidit,
1283 489 1470 533 contra
1496 493 1593 533 eos
1619 478 1707 548 qui
1742 477 1894 532 facile
1922 477 2080 531 dissi-

484 576 634 632 dent.
682 573 821 641 Quia
866 569 1018 640 igitut
1074 570 1221 624 illam
1270 569 1507 640 undique
1550 584 1795 638 magnam
1837 568 2082 624 exhibuit

484 682 607 721 cum
639 662 932 736 hyperbole
959 660 1131 728 omni,
1162 676 1353 715 rursus
1380 676 1444 714 ex
1473 661 1581 714 alio
1606 661 1783 730 capite
1808 659 1910 715 hoc
1933 659 2076 725 iacit,

485 776 581 829 per
606 757 1067 828 comparationem
1096 755 1259 808 aliam
1285 754 1404 823 ejus
1428 755 1745 824 dignitatem
1773 753 2044 808 extollens
2061 792 2076 814 ,

481 860 538 905 et
556 850 636 905 sic
656 848 879 905 dicens:
911 847 1030 900 Sive
1057 846 1337 915 prapltetia:
1358 846 1754 910 eoacuabuntur,
1777 845 1878 898 sive
1894 843 2082 912 linguis

484 944 770 995 cessabunt.
800 939 860 993 Si
881 940 1024 992 enim
1055 937 1168 991 hare
1192 947 1416 1006 utraque
1437 946 1654 1006 propter
1679 937 1838 991 (idem
1869 936 2081 989 inducta

484 1042 630 1096 sunt,
663 1032 764 1086 hac
794 1032 989 1099 ubique
1020 1040 1283 1084 terrarum
1311 1028 1554 1099 dispersa
1576 1070 1591 1094 ,
1632 1028 1742 1098 jam
1768 1027 2079 1096 superﬂuus

486 1127 701 1180 illorum
727 1139 855 1178 usus
886 1122 1065 1178 fuerit.
1112 1121 1218 1176 Sed
1247 1132 1429 1175 mutua
1462 1122 1552 1174 illa
1584 1120 1803 1175 dilectio
1826 1134 1937 1173 non
1966 1133 2085 1172 ces-

486 1217 645 1275 sabit.
674 1217 781 1269 imo
808 1214 975 1283 magis
1001 1221 1231 1279 crescet,
1258 1221 1311 1265 et
1339 1212 1423 1265 hic
1452 1221 1505 1265 et
1535 1212 1585 1265 in
1620 1211 1819 1273 futuro,
1853 1219 2084 1277 tuncque

486 1311 657 1381 magis
683 1324 843 1379 quant
873 1323 1034 1362 nunc.
1070 1307 1167 1360 llic
1193 1309 1336 1359 enim
1366 1304 1533 1358 multa
1563 1314 1690 1357 sunt
1729 1318 1849 1372 qua:
1890 1306 2085 1355 carita-

488 1412 594 1457 tem
626 1400 909 1456 emolliant
939 1410 992 1453 et
1020 1399 1295 1459 minuant,
1330 1396 1601 1465 pecunite.
1635 1395 1841 1465 negotia
1865 1436 1880 1459 ,
1913 1394 2081 1448 morbi

484 1506 793 1559 corpomm,
814 1489 1159 1558 aegritudines
1175 1488 1403 1550 animai;
1439 1487 1547 1540 illic
1574 1502 1700 1540 vero
1730 1485 1862 1539 nihil
1892 1485 2083 1538 horum

487 1582 679 1638 aderit.
723 1582 829 1636 Sed
870 1581 1013 1651 quod
1057 1578 1351 1649 propltetite
1382 1587 1437 1632 et
1476 1578 1671 1647 lingua:
1697 1584 1954 1641 cessent,
1984 1576 2084 1629 mi—

487 1693 604 1731 rum
636 1692 741 1730 non
782 1684 902 1737 est;
934 1673 1076 1743 quod
1117 1681 1295 1727 autem
1336 1670 1561 1725 scientia
1592 1670 1934 1730 destruatur,
1981 1668 2083 1723 hoc

484 1778 634 1823 certe
662 1767 1013 1836 qumstioncm
1040 1775 1219 1818 movet
1245 1782 1255 1815 :
1291 1779 1412 1817 nam
1443 1772 1496 1816 et
1527 1762 1628 1816 hoc
1654 1761 1847 1830 adjecit
1873 1760 2080 1827 dicens,

497 1859 618 1913 Sive
637 1858 849 1911 scicntia
867 1859 1182 1910 destruetur.
1206 1853 1343 1921 Quid
1369 1853 1536 1921 ergo?
1559 1854 1610 1906 in
1640 1853 1933 1921 ignorantia
1958 1859 2084 1905 tunc

492 1950 680 2003 victuri
712 1948 939 2002 senius?
969 1947 1163 2001 Absit:
1219 1961 1341 1999 nam
1390 1956 1515 1997 tunc
1565 1944 1797 1997 maxime
1843 1942 2082 2013 augenda

487 2040 713 2096 scicntia
742 2049 861 2102 est;
894 2039 1123 2107 ideoque
1150 2037 1399 2091 diccbat:
1441 2034 1586 2087 Tunc
1617 2050 1917 2104 cognoscam
1956 2034 2084 2087 sicut

487 2141 533 2185 ct
562 2133 795 2201 cognitus
822 2147 936 2183 sum
965 2130 1041 2198 (1.
1073 2128 1192 2183 Cor.
1223 2129 1311 2182 15.
1344 2128 1455 2196 12).
1496 2127 1786 2195 Propterea
1812 2169 1825 2190 ,
1867 2142 1933 2181 ne
1964 2140 2085 2194 per-

488 2225 615 2279 inde
652 2234 814 2294 atque
859 2220 1196 2292 prophetiam
1234 2232 1287 2275 et
1330 2221 1538 2289 linguas
1579 2221 1713 2273 hanc
1755 2231 2082 2275 cessaturam

490 2331 611 2370 esse
642 2324 877 2384 putares,
909 2328 1031 2367 cum
1059 2312 1305 2376 dixisset,
1342 2312 1465 2366 Sive
1508 2313 1717 2365 scicntia
1760 2312 2079 2377 destruetur.

490 2425 599 2465 non
644 2408 830 2471 tacuit,
861 2406 954 2462 sed
986 2406 1203 2461 modum
1237 2405 1624 2460 destructionis
1656 2406 1949 2474 sultjunxit,
1977 2407 2085 2459 cito

490 2501 699 2556 addens
739 2500 867 2554 illud
898 2518 910 2553 :
956 2499 1010 2554 9.
1054 2498 1136 2554 Ea:
1163 2509 1309 2569 parte
1339 2502 1726 2570 cognoscinms,
1765 2509 1809 2552 et
1839 2516 1904 2553 ea:
1942 2508 2087 2569 parte

493 2594 871 2665 prophetantus.
920 2593 1008 2648 10.
1050 2592 1177 2646 Cum
1204 2606 1373 2646 autem
1416 2594 1603 2645 uenerit
1632 2592 1768 2660 quod
1809 2593 2085 2660 perfectum

489 2697 598 2750 cst,
639 2696 760 2740 tunc
804 2684 1131 2739 cuucuabitur
1177 2684 1315 2749 quod
1367 2699 1429 2737 ea:
1477 2693 1619 2752 parte
1658 2694 1749 2736 est.
1800 2683 1915 2736 Non
1956 2697 2086 2753 ergo

490 2778 716 2832 scientia
760 2777 1080 2841 destruitur,
1120 2776 1211 2829 sed
1253 2776 1335 2826 illa
1381 2790 1444 2829 ex
1484 2787 1637 2845 parte
1679 2786 1880 2829 tantum
1912 2775 2085 2829 scien—

493 2872 563 2924 tia
587 2888 600 2924 :
632 2885 737 2924 non
765 2869 905 2923 enim
933 2866 1106 2921 solum
1138 2876 1215 2921 tot
1247 2879 1497 2937 lautaque
1525 2869 1774 2928 sciemus,
1804 2868 1897 2922 sed
1923 2869 2083 2922 etiam

493 2961 663 3013 multo
694 2958 870 3029 plura.
905 2956 972 3012 Ut
1001 2967 1193 3013 autem
1216 2958 1345 3010 illud
1372 2959 1620 3026 exemplo
1654 2962 1823 3027 palam
1855 2957 2043 3011 faciant
2070 2975 2083 3011 :

496 3068 639 3108 nunc
668 3052 868 3105 scimus
910 3050 1075 3105 [lcum
1122 3050 1318 3118 ubique
1345 3065 1502 3115 esse,
1532 3050 1624 3104 sed
1658 3048 1962 3118 quomodo,
1996 3063 2088 3102 ne-

499 3144 700 3198 scimus
728 3159 741 3195 :
776 3142 916 3212 quod
947 3157 1013 3196 ex
1047 3141 1216 3193 nihilo
1268 3143 1445 3195 oninia
1477 3141 1663 3196 fecerit
1688 3141 1890 3195 scimus
1911 3182 1925 3203 ,
1968 3155 2085 3194 mo-

496 3235 624 3290 dum
652 3244 832 3289 autcm
866 3233 1175 3303 ignoramus
1204 3250 1215 3284 :
1262 3231 1403 3301 quod
1450 3248 1513 3285 ex
1548 3232 1763 3300 Virgine
1801 3239 1957 3284 natus
1984 3231 2085 3295 sit,

495 3327 767 3397 quomodo
787 3334 1125 3386 antemnam:
1151 3324 1299 3377 item.
1324 3322 1475 3376 Tunc
1502 3334 1679 3376 autem
1710 3322 1835 3391 quid
1861 3321 2088 3391 amplius

502 3433 558 3479 et
605 3419 801 3475 clarius
855 3418 923 3473 de
978 3417 1061 3470 his
1113 3430 1528 3486 cognoscemus.
1601 3415 1802 3468 Deinde
1856 3415 2090 3469 ostendit

495 3522 754 3583 quantum
793 3508 1033 3573 intersit,
1070 3518 1122 3562 et
1152 3508 1292 3576 quod
1330 3508 1414 3560 hic
1454 3506 1636 3561 deﬁcit
1680 3523 1783 3561 non
1813 3521 1934 3561 esse
1965 3523 2088 3576 par-

497 3621 653 3667 vum,
694 3603 916 3657 dicens:
967 3602 1053 3655 11.
1102 3599 1228 3654 Cum
1269 3616 1425 3653 essem
1469 3600 1725 3668 parvulus,
1751 3599 1991 3666 loquebar
2038 3610 2090 3653 ut

498 3696 761 3767 parvulus,
784 3694 1049 3763 sapicbmn’
1068 3700 1123 3744 ut
1153 3690 1394 3760 paruulus
1419 3706 1437 3743 :
1462 3707 1574 3744 cum
1601 3701 1766 3743 autem
1792 3694 1957 3763 [nctus
1980 3709 2089 3745 sum

498 3789 594 3853 uir,
616 3784 851 3840 θυαε-ιιαυὶ
877 3798 993 3852 qua:
1010 3792 1153 3836 erant
1180 3781 1399 3850 parvuli.
1429 3780 1529 3835 Per
1556 3780 1685 3835 illud
1706 3792 1881 3836 autem
1903 3797 2091 3837 exem-

501 3882 646 3948 plum
679 3878 781 3931 hoc
808 3879 982 3946 ipsum
1014 3889 1200 3928 rursus
1227 3873 1501 3939 declarat,
1544 3875 1765 3938 dicens:
1812 3865 1899 3928 l2.
1940 3874 2089 3929 Vide-

500 3989 612 4026 mus
641 3971 773 4023 enim
812 3984 944 4022 nunc
975 3984 1066 4036 per
1090 3967 1374 4038 speculum.

569 4064 626 4117 2.
669 4061 872 4116 Deinde
903 4060 1024 4129 quia
1052 4059 1334 4129 speculum
1369 4058 1418 4113 id
1451 4059 1591 4129 quod
1634 4059 1841 4113 videtur
1881 4068 2091 4115 utcum-

500 4171 603 4226 que
644 4162 932 4218 monstrat,
966 4152 1262 4221 subjunxit,
1291 4151 1355 4204 In
1383 4153 1671 4221 amigmate,
1703 4166 1767 4206 ex
1801 4151 2095 4222 hyperbole

503 4258 809 4301 tuonstrans
840 4262 931 4316 per
960 4245 1193 4299 modicas
1224 4254 1403 4314 partes
1424 4260 1544 4300 esse
1575 4256 1891 4314 praesentem
1920 4246 2095 4300 scien-

502 4344 652 4393 tiam.
687 4339 828 4392 Tunc
872 4343 1044 4391 autent
1068 4330 1198 4406 facie
1226 4337 1294 4388 ad
1326 4336 1541 4404 facient;
1589 4352 1694 4389 non
1733 4337 1874 4406 quod
1907 4337 2092 4391 faciem

504 4435 698 4487 habeat
729 4432 903 4497 Deus,
934 4429 1029 4485 scd
1061 4438 1119 4484 ut
1157 4444 1270 4484 rem
1303 4430 1504 4484 clarius
1529 4436 1585 4484 et
1611 4430 1782 4501 magis
1814 4431 2095 4500 perspicue

500 4527 665 4583 dicat.
725 4523 884 4579 Vides
936 4521 1116 4578 omnia
1190 4520 1467 4577 discentes
1520 4537 1613 4593 per
1659 4523 2096 4578 incrementum?

492 4616 559 4673 ,Ν
564 4633 661 4670 unc
704 4630 951 4685 cognosco
981 4631 1042 4668 ea:
1072 4623 1216 4683 parte
1242 4656 1257 4679 ,
1303 4623 1419 4668 tunc
1446 4624 1613 4667 autem
1642 4631 1943 4684 cognoscam
1968 4618 2096 4671 sicut

500 4721 549 4763 et
577 4708 810 4780 cognitus
837 4721 971 4759 sum.
1002 4704 1189 4760 Videu‘
1228 4705 1498 4775 quomodo
1529 4705 1719 4762 l'astum
1762 4722 1947 4763 eorum
1992 4708 2095 4764 du-

508 4802 717 4869 pliciter
744 4796 1049 4867 deprimat?
1077 4795 1221 4866 quod
1253 4806 1307 4850 et
1337 4812 1431 4865 per
1466 4807 1644 4867 partes
1672 4800 1743 4855 sit
1772 4801 2013 4865 scientia,
2042 4809 2099 4854 et

506 4893 648 4962 quod
681 4907 786 4946 non
816 4890 960 4945 illam
993 4904 1057 4943 ex
1086 4902 1145 4942 se
1175 4888 1427 4943 habeant.
1474 4888 1590 4943 Non
1628 4893 1770 4947 enim
1805 4908 1905 4962 ego
1948 4892 2097 4946 illum

509 4983 655 5045 novi,
698 4983 790 5036 sed
838 4998 897 5036 se
946 4982 1060 5052 ipse
1103 4978 1232 5033 milii
1264 4987 1450 5032 notum
1482 4977 1628 5045 fecit,
1656 4980 1848 5051 inquit.
1897 4981 2098 5050 Quem-

508 5074 799 5131 admodum
841 5088 969 5144 ergo
1011 5078 1126 5145 ipse
1174 5089 1261 5127 tne
1306 5072 1459 5127 novit
1500 5073 1646 5141 prior
1687 5089 1850 5139 nunc,
1891 5084 1946 5127 et
1987 5075 2102 5143 ipse

509 5168 575 5222 ad
626 5180 713 5221 me
755 5166 987 5219 accurrit
1025 5182 1038 5218 :
1082 5165 1162 5220 sic
1206 5179 1306 5233 ego
1352 5172 1478 5216 tunc
1517 5161 1583 5214 ad
1629 5162 1778 5215 illum
1824 5178 2099 5217 accurram

510 5257 679 5312 multo
710 5255 900 5324 magis,
928 5270 1084 5321 quant
1119 5270 1278 5308 lltlltc.
1310 5252 1523 5308 Etenim
1551 5252 1641 5322 qui
1670 5251 1720 5305 in
1756 5252 1990 5309 tenebris
2019 5268 2104 5308 se-

511 5352 601 5404 det
622 5388 637 5411 ,
666 5346 842 5402 donec
869 5344 1059 5398 viderit
1095 5346 1283 5407 solent.
1317 5360 1423 5399 non
1454 5344 1569 5414 ipse
1604 5343 1836 5399 accurrit
1878 5344 1945 5398 ad
1990 5345 2104 5413 pul-

514 5438 878 5495 chritudinem
908 5434 1064 5501 radii,
1095 5435 1186 5489 sed
1219 5436 1306 5489 illa
1335 5436 1566 5507 seipsam
1593 5435 1862 5501 ostendit,
1892 5437 2105 5506 quando

512 5532 789 5586 illuxerit:
838 5542 960 5583 eum
999 5535 1177 5580 autem
1222 5527 1337 5594 ejus
1388 5526 1732 5598 splendorem
1773 5528 2102 5598 susceperit,

518 5633 644 5677 tunc
680 5631 733 5678 ct
775 5622 892 5691 ipse
935 5619 1153 5673 demum
1207 5617 1379 5673 lucem
1424 5620 1780 5689 persequitur.
1824 5619 1938 5676 lloc
1977 5634 2106 5690 ergo

517 5716 617 5770 sibi
656 5714 771 5769 vult
812 5711 963 5775 illud,
994 5712 1141 5767 Sicut
1167 5721 1215 5765 et
1250 5712 1478 5781 cognitus
1508 5729 1619 5766 sum
1646 5728 1666 5768 :
1712 5729 1819 5769 non
1864 5714 1989 5786 quia
2036 5714 2104 5770 ita

516 5804 663 5860 ilium
692 5802 954 5874 cognituri
982 5814 1189 5870 sumus,
1219 5803 1358 5858 sicut
1388 5801 1499 5872 ipse
1528 5820 1628 5859 nos
1670 5804 1973 5877 cognoscit;
2009 5806 2103 5864 sed

1281 365 1337 419 S.
1368 364 1650 421 .IOANNIS
1686 364 2162 421 CHliYSOSTOMl
2194 362 2510 420 ARCHIEP.
2551 362 3086 418 CONSTANTINOP.

3682 369 3783 424 2⁵⁸8

2189 477 2311 547 quia
2342 479 2484 531 sicut
2515 477 2604 532 ille
2640 477 2708 531 ad
2753 492 2851 532 nos
2888 493 3031 533 nunc
3068 484 3339 543 accurrit,
3389 482 3458 535 ita
3495 494 3548 537 et
3580 499 3678 538 nos
3708 499 3789 540 su:

2192 580 2318 624 tunc
2343 570 2516 637 ipsum
2550 570 2895 640 insequentur
2913 610 2929 637 ,
2959 580 3016 626 et
3040 572 3206 631 multa
3232 614 3248 638 ,
3276 590 3396 645 qua:
3424 592 3567 631 nunc
3591 591 3787 632 arcana

2189 669 2333 723 sunt,
2361 662 2630 727 sciemus,
2672 673 2729 716 et
2758 663 3067 718 beatissima
3099 665 3187 718 illa
3215 664 3455 727 frtiemur
3495 678 3791 724 consuetu-

2188 751 2314 807 dine
2352 763 2409 807 et
2452 752 2737 821 sapientia.
2791 755 2848 809 Si
2896 756 3042 810 enim
3086 760 3173 825 qui
3223 768 3329 812 tam
3372 760 3542 815 multa
3585 760 3790 817 sciebat

2191 844 2388 899 Paulus
2417 846 2671 915 parvulus
2698 858 2846 909 erat,
2875 848 3047 917 cogita
3078 859 3273 920 quanta
3304 852 3391 908 illa
3421 855 3531 908 sint
3559 873 3573 909 :
3602 856 3645 909 si
3673 855 3794 911 lucc

2190 946 2314 989 sunt
2338 938 2612 1005 speculum
2640 950 2695 992 et
2721 941 2973 1009 :enigma,
2995 942 3081 995 hic
3102 942 3232 995 milii
3260 944 3571 999 consideres
3590 955 3791 1015 quanta

2190 1029 2258 1080 sit
2286 1025 2471 1083 facies.
2503 1027 2575 1085 Ut
2614 1039 2792 1084 autem
2835 1032 2927 1084 tibi
2962 1047 3181 1100 parvum
3224 1034 3496 1103 quidpiam
3541 1040 3783 1105 aperiam

2191 1121 2332 1175 circa
2361 1120 2721 1177 dill‘erentiam
2752 1123 2911 1189 hanc,
2941 1135 2993 1178 et
3026 1124 3231 1179 radium
3260 1129 3563 1195 quempiam
3593 1130 3791 1184 obscu-

2191 1227 2309 1263 rum
2337 1211 2495 1281 hujus
2518 1215 2841 1282 cognitionis
2866 1216 2918 1269 in
2941 1218 3174 1269 animam
3202 1227 3344 1272 tuam
3369 1220 3677 1285 immittam,
3707 1237 3794 1275 re-

2190 1304 2414 1356 cordare
2455 1319 2642 1358 eorum
2686 1322 2807 1375 quze
2854 1308 2903 1359 in
2943 1307 3059 1377 lege
3093 1317 3250 1371 sunt,
3290 1325 3433 1364 nunc
3465 1326 3587 1364 cum
3624 1314 3792 1382 gratia

2190 1392 2406 1446 effulsit.
2449 1393 2661 1447 Etenim
2693 1396 2778 1449 illa
2809 1406 2932 1451 ante
2959 1398 3187 1467 gratiam
3230 1414 3421 1468 magna
3449 1402 3694 1471 qumdam
3739 1412 3797 1455 et

2190 1484 2453 1538 mirabilia
2482 1486 2799 1541 videbantur
2835 1480 2993 1555 esse;
3038 1499 3275 1545 attamen
3315 1492 3456 1545 audi'
3479 1493 3606 1563 quid
3650 1492 3798 1547 dicat

2189 1576 2256 1631 de
2286 1578 2390 1631 illis
2419 1587 2540 1645 post
2574 1581 2801 1648 gratiam
2847 1582 3087 1637 Paulus:
3137 1583 3260 1638 Non
3309 1584 3657 1655 gloriﬁcatum
3696 1588 3797 1657 fuit

2188 1669 2322 1737 quod
2348 1670 2536 1722 claruit
2567 1672 2617 1723 in
2648 1674 2744 1724 hac
2770 1683 2932 1741 parte,
2956 1662 3174 1744 propter
3200 1678 3655 1745 superemineutem
3678 1680 3795 1749 glo-

2188 1759 2319 1812 riam
2346 1759 2420 1827 (2.
2450 1759 2570 1813 Cor.
2599 1762 2653 1816 5.
2684 1762 2799 1833 10).
2831 1763 2900 1818 Ut
2920 1775 3098 1818 autem
3127 1767 3267 1834 quod
3296 1766 3419 1821 dico
3443 1768 3795 1823 clariuseva-

2189 1850 2299 1916 dat,
2318 1851 2369 1904 in
2390 1866 2549 1905 unam
2567 1854 2803 1923 aliquam
2824 1870 2959 1921 rem,
2972 1849 3093 1924 quze
3112 1865 3238 1911 tunc
3255 1859 3480 1927 mystice
3498 1858 3795 1928 perageba-

2192 1954 2297 2010 tur,
2314 1959 2621 1999 sermonem
2654 1946 3060 2013 transferamus,
3091 1959 3145 2003 et
3172 1960 3299 2005 tunc
3316 1951 3520 2005 videbis
3536 1961 3795 2021 quantum

2189 2034 2258 2088 sit
2284 2036 2622 2090 intervallum
2653 2056 2666 2091 :
2709 2048 2763 2092 et
2789 2039 2831 2092 si
2860 2040 2940 2092 vis
2962 2080 2976 2103 ,
3020 2039 3224 2094 Pascha
3254 2042 3305 2094 in
3335 2041 3567 2096 medium
3596 2040 3795 2096 aﬂ'era-

2191 2141 2308 2179 mus
2339 2137 2393 2181 et
2431 2137 2583 2183 vetus
2617 2139 2670 2183 et
2712 2134 2907 2184 no'vum
2931 2174 2943 2192 ,
2975 2142 3027 2184 et
3058 2142 3182 2185 tunc
3212 2133 3352 2187 scies
3384 2134 3790 2188 excellentiam.

2190 2217 2322 2272 lllud
2363 2220 2507 2273 enim
2551 2221 2899 2275 celebrabant
2939 2224 3100 2277 etiam
3132 2224 3339 2287 Judzni,
3362 2224 3468 2280 hoc
3496 2236 3674 2278 autem
3703 2241 3796 2293 pa-

2189 2324 2275 2367 cto
2300 2312 2687 2377 celebrabant,
2720 2323 2775 2366 ut
2816 2316 2865 2367 in
2908 2317 3128 2384 speculo
3171 2326 3227 2370 et
3252 2318 3304 2370 in
3347 2320 3631 2387 tenigmate
3660 2336 3671 2369 :
3702 2335 3794 2371 ar-

2189 2419 2320 2455 cana
2354 2413 2533 2457 autem
2568 2404 2683 2457 lure
2713 2405 2966 2474 mysteria
3000 2421 3067 2459 ne
3096 2408 3150 2459 in
3178 2417 3412 2461 tuentem
3443 2408 3657 2477 quidem
3687 2409 3798 2463 illis

2193 2507 2426 2562 unquam
2455 2502 2736 2559 venerant,
2757 2510 2934 2564 neque
2961 2496 3203 2552 sciebant
3229 2513 3472 2567 quaenam
3501 2510 3685 2553 essent
3706 2516 3795 2562 ea,

2191 2600 2311 2653 qua:
2341 2585 2428 2639 illa
2460 2587 2923 2653 prasnuntiabant;
2956 2587 3048 2642 sed
3082 2603 3237 2642 ovem
3270 2588 3522 2644 videbant
3548 2591 3795 2656 mactari,

2192 2686 2244 2729 ct
2271 2678 2582 2746 sanguinem
2612 2678 2845 2743 bruti,et
2875 2688 3056 2746 portas
3086 2679 3178 2733 illo
3201 2691 3423 2744 unctas;
3447 2680 3587 2750 quod
3614 2692 3795 2735 autem

2192 2767 2360 2824 Filius
2389 2770 2480 2824 Dei
2514 2771 2827 2826 incarnatus
2853 2772 3170 2827 ntactanilus
3196 2784 3340 2827 esset
3365 2786 3420 2828 et
3445 2774 3634 2828 orbem
3663 2774 3797 2829 libe-

2194 2874 2409 2916 raturus
2455 2873 2624 2916 totum
2652 2905 2666 2926 ,
2720 2863 3055 2932 daturusque
3101 2873 3156 2917 et
3195 2863 3403 2919 Graecis
3440 2874 3496 2918 ct
3555 2864 3798 2919 barbaris

2193 2954 2509 3022 s:mguinem
2557 2954 2701 3009 hunc
2760 2954 3201 3023 degustandum,
3261 2956 3452 3010 carlum
3512 2965 3798 3025 aperturus

2192 3046 2465 3109 omnibus,
2500 3056 2554 3099 et
2598 3063 2720 3115 quae
2765 3048 2872 3101 illic
2913 3057 3042 3101 sunt
3091 3047 3325 3103 humano
3363 3049 3545 3119 generi
3588 3050 3799 3103 oltlatu-

2195 3154 2285 3191 rus
2311 3154 2326 3201 ;
2361 3148 2415 3192 et
2448 3152 2668 3192 carnem
2708 3138 2853 3191 illam
2882 3140 3143 3209 sanguine
3168 3149 3505 3196 cruentatam
3536 3141 3800 3198 deductu-

2194 3246 2287 3283 rus
2316 3244 2475 3299 supra
2522 3230 2715 3283 caelum
2762 3238 2819 3285 et
2857 3232 3049 3285 ca-Jum
3078 3232 3222 3299 cmli,
3256 3242 3309 3287 et
3340 3248 3529 3288 omnes
3574 3236 3800 3290 omnino

2194 3335 2460 3390 supernos
2518 3320 2872 3389 angelorum,
2949 3324 3400 3393 archangelorum
3461 3325 3799 3396 aliarumque

2196 3414 2451 3467 virtutum
2471 3412 2760 3476 exercitus,
2780 3423 2835 3468 ct
2852 3414 2906 3483 in
2925 3414 3041 3483 ipso
3061 3416 3256 3469 throno
3278 3417 3427 3486 regio
3439 3416 3504 3471 ad
3517 3416 3796 3473 dexteram

2196 3505 2371 3558 Patris
2397 3518 2668 3558 sessuratu
2699 3505 3082 3569 collocaturus,
3115 3506 3283 3575 gloria
3312 3506 3564 3561 incllabili
3592 3506 3803 3578 fulgen-

2198 3606 2304 3651 tem
2332 3614 2345 3651 ε
2380 3596 2495 3651 inec
2523 3606 2670 3652 certe
2703 3613 2876 3666 neque
2907 3598 3146 3664 illorum,
3179 3615 3355 3669 nequc
3381 3601 3605 3655 aliorum
3632 3600 3800 3656 homi-

2198 3705 2327 3742 num
2359 3688 2623 3757 quispiam
2656 3689 2737 3742 vel
2784 3690 3088 3759 prtescivit,
3119 3690 3201 3744 vel
3253 3691 3305 3743 iu
3340 3699 3573 3746 mentem
3606 3706 3799 3748 vocare

2199 3781 2389 3850 potuit.
2420 3778 2525 3835 Sed
2557 3780 2683 3849 quid
2714 3780 2900 3835 dicunt
2931 3782 2965 3835 ii
2995 3782 3084 3852 qui
3124 3783 3305 3836 omnia
3344 3782 3581 3837 audent?
3620 3782 3755 3839 Illud
3776 3824 3794 3851 ,

2202 3870 2360 3926 Nunc
2391 3889 2636 3945 cognosco
2664 3890 2727 3927 et:
2756 3884 2920 3942 parte,
2962 3874 3029 3928 de
3056 3874 3550 3944 dispensationibus
3596 3876 3797 3932 dictum

2198 3979 2355 4029 esse;
2409 3965 2583 4034 ipsum
2636 3965 2780 4017 enim
2828 3963 3118 4033 perfectam
3168 3965 3235 4019 de
3286 3966 3396 4019 lieo
3437 3968 3797 4037 cognitionem

2196 4055 2473 4111 habuisse.
2521 4055 2588 4109 Et
2624 4057 2895 4124 quomodo
2925 4072 2987 4110 se
3017 4056 3274 4112 infantem
3307 4058 3501 4113 vocat?
3530 4060 3801 4126 quomodo

2198 4152 2295 4219 per
2321 4148 2598 4216 speculum
2630 4148 2814 4203 videt?
2845 4148 3114 4219 quomodo
3146 4151 3197 4204 in
3229 4152 3529 4221 aenigmate,
3561 4154 3605 4207 si
3634 4163 3798 4207 totam

2200 4239 2363 4295 habet
2411 4240 2731 4295 scientiam?
2780 4258 2877 4296 cur
2925 4243 3055 4297 illud
3103 4246 3253 4315 quasi
3307 4244 3563 4299 cxiiniutn
3617 4246 3801 4299 tribuit

2200 4333 2443 4405 Spiritui,
2477 4345 2530 4389 et
2562 4336 2692 4390 nulli
2724 4337 2811 4389 alii
2849 4347 3047 4391 creattu
3079 4340 3368 4407 potestati,
3400 4338 3629 4415 dicens:
3676 4340 3800 4405 Quis

2201 4430 2335 4483 cnim
2372 4431 2507 4482 novit
2547 4446 2659 4499 qua:
2700 4438 2819 4482 sunt
2859 4430 3116 4493 hominis,
3151 4431 3247 4485 nisi
3292 4432 3502 4499 spiritus
3541 4432 3795 4495 hominis,

2201 4522 2286 4590 qui
2313 4530 2385 4574 cst
2413 4521 2463 4574 in
2495 4520 2607 4589 ipso
2626 4521 2651 4573 .9
2682 4520 2771 4575 Sic
2801 4531 2846 4575 et
2877 4537 2993 4591 quis
3034 4520 3131 4575 Dei
3172 4533 3288 4577 sunt
3319 4540 3463 4577 nemo
3500 4525 3635 4577 nouit
3656 4565 3669 4587 ,
3702 4523 3800 4576 nisi

2206 4614 2432 4683 Spiritus
2458 4611 2555 4665 Dei
2583 4613 2635 4683 (1
2648 4652 2659 4665 .
2710 4613 2829 4667 Cor.
2873 4614 2929 4666 2.
2960 4612 3073 4685 11).
3109 4614 3175 4669 Et
3200 4614 3449 4671 Christus
3475 4632 3687 4671 rursum
3718 4616 3798 4671 sui

2203 4704 2371 4757 solius
2407 4703 2509 4756 hoc
2538 4717 2660 4757 esse
2687 4703 2821 4757 dicit
2850 4705 2920 4758 ita
2955 4705 3220 4775 loquens:
3257 4705 3380 4760 Non
3414 4708 3551 4771 quod
3593 4707 3800 4761 Patrem

2204 4794 2330 4848 vidit
2366 4794 2671 4862 quisquam,
2703 4795 2802 4848 nisi
2831 4797 2914 4865 qui
2956 4807 3028 4850 est
3073 4813 3105 4849 a
3147 4796 3252 4851 Deo
3272 4838 3286 4861 ,
3319 4798 3399 4852 hic
3428 4799 3551 4851 vidit
3594 4798 3800 4854 Patrem

2207 4885 2389 4957 (Jonn.
2422 4885 2477 4939 ϐ.
2509 4888 2642 4955 46);
2677 4888 2939 4943 visionem
2970 4889 3162 4943 dicens
3189 4891 3540 4946 clarissimam
3579 4903 3637 4949 et
3677 4908 3800 4965 pcr-

2209 4978 2552 5032 ieetissintam
2608 4978 2993 5047 cognitionem.
3059 4981 3341 5046 Quomodo
3395 4994 3575 5040 autem
3621 4986 3666 5041 is
3708 4988 3797 5056 qui

2208 5069 2560 5125 substantiam
2587 5070 2755 5135 novit,
2778 5072 3112 5125 teconomias
3131 5081 3184 5125 et
3205 5072 3629 5143 ili-pensationcs
3657 5078 3803 5147 igno-

2211 5160 2382 5215 mbit?
2431 5160 2524 5214 Illa
2556 5161 2698 5215 enim
2747 5162 2985 5231 cognitio
3015 5162 3115 5218 hac
3157 5165 3326 5235 major
3355 5176 3458 5223 est.
3496 5168 3803 5239 lgnoramus

2211 5268 2361 5324 ergo,
2389 5253 2584 5324 inquit,
2610 5254 2816 5308 Deum?
2848 5255 3003 5310 Absit
3028 5276 3042 5311 :
3074 5256 3169 5311 sed
3196 5259 3341 5327 quod
3367 5260 3581 5330 quidem
3613 5262 3685 5315 sit
3710 5277 3807 5313 no-

2213 5350 2423 5413 vimus;
2455 5346 2582 5418 quid
2617 5357 2795 5403 autem
2824 5348 3125 5405 substantia
3155 5351 3256 5417 sit,
3290 5368 3396 5407 non
3441 5354 3590 5407 item.
3642 5352 3712 5408 Et
3749 5364 3805 5406 ut

2213 5442 2353 5495 scias
2399 5440 2540 5509 quod
2593 5456 2701 5495 non
2754 5441 2822 5494 de
2874 5441 3366 5511 dispensationibus
3409 5444 3606 5499 dixerit
3652 5442 3801 5508 illud,

2218 5530 2373 5585 Nunc
2406 5549 2655 5604 cognosco
2702 5548 2765 5586 ea:
2803 5543 2979 5605 parte,
3010 5534 3137 5589 audi
3178 5536 3495 5606 sequentia:
3530 5533 3805 5603 subjunxit

2214 5639 2363 5693 ergo,
2400 5622 2540 5678 Tunc
2583 5636 2752 5679 autem
2786 5642 3089 5697 cognoscam
3131 5628 3263 5682 sicut
3308 5639 3357 5681 et
3401 5626 3631 5697 cognitus
3669 5642 3799 5681 sum.

2216 5715 2329 5771 Non
2360 5728 2537 5771 autem
2563 5736 2593 5773 ε
2619 5719 3112 5789 diSpensationibus
3132 5731 3187 5775 et
3212 5720 3532 5775 teconomiis
3560 5722 3804 5791 cognitus

2219 5817 2297 5865 est
2326 5848 2341 5875 ,
2388 5808 2479 5864 Sed
2511 5824 2540 5863 a
2575 5810 2702 5865 Deo.
2737 5809 2907 5867 Nemo
2936 5811 3096 5882 igitur
3123 5811 3206 5866 vel
3235 5825 3455 5883 parvam
3485 5814 3569 5871 vel
3596 5813 3801 5887 simpli-
