4038 6216
72 100 625 261 ρι’-ν

296 396 402 450 2ὶῖ

283 515 422 565 κατά
460 510 746 580 σύγκρισιν
780 509 973 579 ἑτέραν
1015 508 1257 577 ἐπαίρων
1305 510 1474 579 αὐτῆς
1516 510 1577 561 τὸ
1616 506 1857 575 ἀξίωμα,

282 596 375 647 xal
429 592 602 659 λέγων
655 590 827 654 οὕτως
849 608 863 622 ο
904 591 1045 645 Εἴτε
1073 589 1143 643 δέ
1173 590 1525 659 προφητεῖαι
1567 605 1864 655 καταργη-

282 675 594 744 θήσονται,
628 675 751 728 εἴτε
799 672 1076 742 γλῶσσαι
1116 674 1471 727 παύσονται.
1521 674 1583 725 Εἰ
1614 673 1721 741 γάρ
1757 672 1866 741 άμ-

284 759 484 828 φότερα
532 757 705 811 ταῦτα
767 758 869 826 τῆς
926 757 1162 819 πίστεως
1228 756 1415 809 ἕνεκεν
1468 756 1866 825 εἰσενήνεκται,

282 840 485 911 ταύτης
538 839 813 910 πανταχοῦ
857 839 1277 911 διασπαρείσης,
1335 839 1562 909 περιττὴ
1600 836 1803 890 τούτων
1832 838 1867 905 ή

284 925 440 995 χρεία
484 924 687 977 λοιπόν.
750 922 888 976 Ἀλλ’
917 923 977 975 οὐ
1025 922 1086 975 τὸ
1119 922 1340 992 ἀγαπᾷν
1368 920 1631 989 ἀλλήλους
1664 918 1875 988 παυθήο

286 1025 461 1072 σεται,
484 1006 621 1061 ἀλλά
662 1006 757 1059 καὶ
787 1005 1039 1059 ἐπιδώσει
1072 1004 1358 1073 μειζόνως,
1396 1005 1491 1057 καὶ
1518 1002 1751 1056 ἐνταῦθα
1778 1002 1872 1055 καὶ

284 1092 425 1144 κατά
454 1090 517 1141 τὸ
568 1090 781 1160 μέλλον,
830 1089 925 1141 καὶ
955 1088 1075 1141 τότε
1122 1087 1322 1157 μᾶλλον
1360 1087 1393 1159 ἥ
1447 1086 1563 1139 νῦν.
1608 1084 1875 1139 Ἐνταῦθα

288 1174 384 1243 μὲν
420 1171 530 1244 γάρ
562 1171 734 1225 πολλά
757 1172 826 1224 τὰ
858 1168 1164 1241 χαυνοῦντα
1188 1170 1286 1239 τὴν
1316 1170 1563 1239 ἀγάπην,
1590 1169 1870 1239 χρήματα,

286 1255 608 1325 πράγματα,
641 1253 790 1323 πάθη
844 1253 1137 1321 σωμάτων.
1181 1253 1465 1321 νοσήματα
1508 1250 1685 1320 ψυχῆς
1714 1267 1729 1279 ·
1760 1250 1877 1301 ἐκεῖ

282 1340 339 1391 δὲ
385 1337 538 1390 οὐδὲν
576 1335 808 1404 τούτων,⁸
858 1334 1023 1406 ξΑλλά
1074 1334 1136 1386 τὸ
1193 1334 1294 1403 μὲν
1336 1333 1676 1403 προφητείας
1736 1348 1875 1385 κατ-

284 1419 571 1492 αργεῖσθαι
630 1420 725 1472 καὶ
773 1416 1046 1486 γλώσσας,
1122 1417 1434 1487 θαυμαστὸν
1477 1416 1631 1469 οὐδέν
1658 1431 1673 1446 ⁸
1715 1415 1775 1467 τὸ
1816 1414 1874 1466 δὲ

282 1505 483 1571 γνῶσιν
526 1502 941 1575 καίαργεῑσθαι,
1003 1500 1163 1552 τοῦτό
1204 1502 1319 1552 ἐστι
1371 1500 1432 1551 τὸ
1482 1499 1581 1570 τὴν
1639 1498 1874 1567 ἀπορίαν

285 1587 499 1640 ποιοῦν
531 1588 628 1640 καὶ
658 1586 767 1654 γὰρ
797 1584 891 1636 καὶ
936 1581 1093 1635 τοῦτο
1124 1582 1466 1651 προσέθηκεν
1500 1580 1688 1642 εἰπὼν,
1738 1580 1876 1634 Εἴτε

286 1668 509 1737 γνῶσις
537 1665 1082 1735 καταργηθήσεται.
1114 1664 1178 1715 Τί
1208 1659 1301 1717 οῦν
1329 1680 1342 1729 ;
1378 1666 1435 1715 ἐν
1464 1663 1709 1733 ἀγνωσία
1746 1662 1875 1729 μέλ-

286 1754 450 1822 λομεν
473 1751 573 1822 ζῇν
597 1750 754 1813 τότε;
786 1749 1006 1815 Ἀπαγε
1025 1764 1039 1777 ·
1071 1745 1167 1799 καὶ
1193 1745 1303 1816 γὰρ
1324 1745 1445 1797 τότε
1471 1746 1705 1815 μάλιστα
1723 1742 1875 1815 [511]

287 1834 609 1903 ἐπιταθῆναι
666 1830 813 1893 εἰκὸς
862 1829 961 1899 τὴν
1006 1828 1232 1897 γνῶσιν.
1272 1828 1362 1880 Διὸ
1389 1829 1484 1879 καὶ
1528 1828 1704 1895 ἔλεγε,
1742 1828 1878 1880 Τότε

285 1915 724 1986 ἐπιγνώσομαι,
790 1911 986 1977 καθὼς
1038 1911 1136 1963 καί
1186 1908 1599 1978 ἐπεγνώσθην.
1660 1909 1760 1961 Διά
1794 1926 1877 1962 τοι

286 1998 465 2062 τοῦτο,
487 1999 573 2051 ἶνα
602 1996 677 2067 μὴ
697 1995 897 2065 ὁμοίως
918 1996 986 2064 τῇ
1018 1992 1327 2064 προφητεία
1350 1994 1444 2044 καὶ
1464 1994 1584 2053 ταῖς
1605 1990 1901 2059 γλώσσαις

289 2082 382 2134 καὶ
407 2079 613 2149 ταύτην
641 2076 1036 2148 καταργεῐσθαι
1067 2074 1317 2144 νομίσῃς.
1346 2072 1553 2134 Εἰπὼν,
1582 2072 1702 2125 εἶτε
1727 2069 1878 2141 γνῶ-

286 2181 387 2229 σις
432 2160 978 2228 καταργηθήσεται,
1019 2158 1117 2209 οὐκ
1160 2157 1435 2225 ἐσίγησεν,
1476 2155 1591 2207 ἀλλ’
1629 2156 1878 2224 ἐπήγαγε

290 2248 383 2300 καὶ
404 2246 497 2298 τδν
525 2244 725 2314 τρόπον
766 2243 865 2312 τῆς
910 2241 1327 2311 καταργήσεως,
1363 2238 1575 2308 ταχέως
1619 2238 1879 2306 προσθεὶς

289 2331 368 2395 τὸ,
422 2331 524 2383 Ἐκ
551 2327 776 2397 μέρους
810 2324 1207 2392 γινώσκομεν,
1252 2321 1350 2375 καί
1385 2322 1453 2375 ἐκ
1486 2320 1711 2391 μέρους
1737 2334 1879 2387 προ·-

289 2414 647 2484 φητεύομεν.
676 2409 856 2461 Ὅταν
880 2406 949 2459 δὲ
988 2406 1139 2473 ἔλθη
1173 2405 1238 2458 τὸ
1269 2404 1526 2469 τέλειον,
1555 2404 1688 2456 τότε
1724 2402 1792 2453 τὸ
1811 2402 1879 2455 ἐκ

286 2495 506 2564 μέρους
536 2491 1075 2561 καταργηθήσεται.
1108 2489 1223 2540 Οὐκ
1244 2486 1354 2556 ἀρα
1378 2488 1411 2556 ή
1440 2485 1641 2554 γνῶσις
1672 2501 1880 2554 καταρ-

292 2582 494 2647 γεῖται,
538 2576 675 2631 ἀλλὰ
706 2575 768 2628 τὸ
819 2574 1020 2645 μερικὴ
1072 2567 1213 2624 εἶναι
1249 2569 1488 2638 γνῶσις·
1540 2568 1727 2621 οὐκέτι
1771 2568 1881 2638 γὰρ

291 2660 527 2715 τοσαῦτα
561 2657 819 2727 εἰσόμεθα
874 2655 1053 2724 μόνον,
1102 2653 1239 2706 ἀλλὰ
1280 2653 1376 2704 καὶ
1408 2650 1589 2720 πολλῷ
1636 2649 1877 2703 πλείονα.

293 2744 411 2797 Ίνα
441 2742 499 2794 δὲ
531 2741 624 2793 καὶ
653 2741 745 2791 ἐπὶ
786 2736 1186 2806 ὑποδείγματος
1220 2734 1352 2789 αὐτὸ
1388 2734 1603 2803 ποιήσω
1625 2733 1877 2803 φανερὸν,

293 2824 388 2878 νῦν
429 2824 588 2893 ῐσμεν
632 2822 713 2873 ὅτι
768 2816 1045 2887 πανταχοῦ
1102 2820 1252 2870 ἐστιν
1281 2817 1308 2868 ό
1356 2816 1512 2879 Θεὸς,
1555 2813 1691 2866 ἀλλά
1740 2814 1879 2877 πῶς,

292 2907 394 2961 οὐκ
419 2906 597 2975 ἴσμεν.
632 2906 753 2957 Ὅτι
779 2902 838 2967 ἐξ
861 2902 960 2955 οὐκ
996 2901 1165 2953 ὄντων
1204 2901 1275 2952 τὰ
1313 2900 1444 2953 δντα
1485 2898 1765 2968 ἐποίησεν,
1802 2899 1883 2951 ἰσ-

298 3007 395 3059 μεν
438 3006 453 3021 ο
489 2990 580 3043 τὸν
613 2989 669 3041 δὲ
716 2989 917 3058 τρόπον
969 2984 1273 3055 ἀγνοοῦμεν
1310 2999 1323 3013 ⁸
1378 2986 1461 3037 ὅτι
1492 2986 1556 3037 ἐκ
1602 2982 1881 3054 Παρθένου

294 3074 510 3144 ἐτέχθη,
540 3073 655 3135 πῶς
682 3073 758 3137 δὲ,
793 3070 1000 3124 οὐκέτι.
1044 3069 1177 3121 Τότε
1210 3067 1267 3120 δὲ
1321 3065 1585 3135 εἰσόμεθά
1635 3082 1689 3118 τι
1719 3066 1884 3118 πλέον

296 3161 389 3212 xal
427 3159 759 3229 σαφέστερον
794 3157 922 3223 περί
945 3154 1168 3208 τούτων.
1219 3148 1353 3205 Εἶτα
1397 3150 1639 3203 δείκνυσι
1682 3151 1778 3203 καὶ⁸
1820 3151 1885 3204 τδ

299 3244 462 3313 μέσον
497 3243 639 3307 ὅσον,
670 3242 763 3294 καὶ
785 3241 865 3292 ὅτι
891 3240 952 3290 οὑ
988 3237 1182 3307 μικρὸν
1214 3236 1273 3288 τὸ
1299 3236 1641 3305 λειπόμενον,
1670 3234 1846 3303 λέγων
1864 3252 1879 3266 ⁸

300 3328 439 3381 Ὅτε
476 3323 640 3393 ἢμην
678 3322 920 3390 νήπιος,
951 3321 1031 3382 ὡς
1063 3319 1281 3384 νήπιος
1325 3317 1613 3379 ἐλάλουν,
1664 3317 1745 3383 ὡς
1781 3319 1888 3386 νή-

298 3426 431 3477 πιος
474 3409 793 3477 ἐφρόνουν,
835 3404 916 3468 ὡς
975 3402 1193 3469 νήπιος
1230 3401 1584 3471 ἐλογιζόμην
1609 3414 1626 3429 ·
1672 3401 1774 3453 ὅτε
1817 3401 1886 3454 δὲ

299 3493 514 3562 γέγονα
546 3488 723 3554 ἀνὴρ,
787 3485 861 3540 τὰ
910 3485 1017 3539 τοῦ
1064 3484 1297 3551 νηπίου
1352 3482 1720 3551 κατήργηκα.
1774 3483 1886 3536 Kal

297 3576 364 3627 δι’
394 3572 583 3643 ἑτέρου
614 3569 672 3622 δὶ
710 3568 1148 3639 παραδείγματος
1169 3566 1230 3619 τὸ
1257 3566 1389 3620 αὐτὸ
1417 3566 1581 3619 πάλιν
1614 3565 1766 3637 δηλοῖ
1798 3564 1887 3619 λέ-

300 3675 411 3723 γων
430 3672 444 3687 ο
481 3652 801 3722 Βλέπομεν
828 3651 941 3720 γὰρ
970 3649 1101 3719 ἄρτι
1131 3649 1206 3703 δι’
1244 3648 1567 3719 ἐσόπτρου.

372 3809 438 3881 β’.
461 3802 593 3862 Εἶτα
623 3805 810 3876 ἐπειδὴ
832 3803 893 3857 τὸ
919 3804 1181 3872 ἔσοπτρον
1202 3802 1497 3875 παρίστησι
1519 3803 1578 3856 τὸ
1608 3802 1886 3874 ὁρώμενον

298 3892 681 3961 ὁπωσδήποτε,
716 3887 1017 3959 ἐπήγαγεν,
1064 3889 1158 3940 Ἐν
1187 3890 1524 3955 αἰνίγματι,
1573 3886 1692 3955 μεθ’
1718 3887 1888 3957 ὑπερ-

301 3976 463 4047 ϐολῆς
506 3973 722 4035 δεικνὺς
766 3972 1149 4042 μερικωτάτην
1190 3971 1287 4041 τὴν
1335 3970 1617 4039 παροῦσαν
1659 3970 1881 4038 γνῶσιν.

308 4061 442 4113 Τότε
461 4058 528 4111 δέ
549 4058 878 4126 πρόσωπον
924 4056 1073 4125 πρὸς
1115 4055 1463 4122 πρόσωπον·
1486 4056 1585 4125 οὐχ
1613 4055 1688 4119 ὡς
1715 4056 1885 4126 πρόσ-

300 4159 448 4195 ωπον
466 4142 681 4212 ἔχοντος
697 4139 794 4192 τοῦ
824 4138 983 4201 Θεοῦ,
1014 4138 1127 4190 ἀλλ’
1154 4138 1240 4190 ῐνα
1267 4138 1399 4209 εἴπῃ
1430 4139 1766 4208 σαφέστερον
1792 4139 1886 4190 καὶ

301 4224 642 4295 τρανότερον.
682 4222 847 4293 Ὀρᾷς
875 4222 996 4275 κατ’
1017 4220 1258 4274 ἐπίδοσιν
1278 4222 1453 4273 πάντα
1479 4219 1883 4291 μανθάνοντας;

306 4312 463 4375 Ἄρτι
504 4306 774 4376 γινώσκω
818 4304 888 4358 ἐκ
914 4304 1159 4374 μέρους,
1204 4303 1337 4357 τότε
1369 4302 1438 4356 δέ
1481 4304 1885 4372 ἐπιγνώσομαι

302 4392 496 4457 καθὼς
511 4389 610 4444 καί
630 4388 1040 4457 ἐπεγνώσθην.
1063 4383 1214 4449 Εἶδες
1240 4386 1357 4448 πῶς
1382 4386 1542 4457 διπλῇ
1570 4387 1631 4439 τὸ
1656 4386 1884 4457 φύσημα

302 4476 481 4530 αὐτῶν
526 4473 905 4537 κατέσπασεν;
950 4471 1032 4524 ὅτι
1088 4472 1182 4524 καί
1216 4468 1415 4541 μερικὴ
1448 4472 1480 4540 ή
1516 4468 1721 4538 γνῶσις
1745 4510 1759 4531 ,
1793 4470 1885 4521 καὶ

301 4560 420 4613 οὐδὲ
456 4557 661 4625 ταύτην
712 4555 926 4609 οἴκοθεν
982 4553 1219 4623 ἔχουσιν.
1279 4553 1353 4606 Οὐ
1405 4554 1515 4622 γὰρ
1559 4552 1683 4625 ιἐγὼ
1721 4550 1883 4604 αὑτὸν

305 4642 497 4709 ἔγνων,
527 4638 642 4694 ἀλλ’
672 4637 835 4701 αὐτός
881 4654 948 4707 με
997 4635 1281 4705 ἐγνώρισε,
1318 4636 1504 4705 φησίν.
1544 4631 1754 4705 Ὥσπερ
1790 4631 1884 4687 οὖν

304 4725 465 4788 αὐτός
494 4740 562 4794 με
594 4722 736 4791 ἐγνω
764 4722 1031 4791 πρότερος
1062 4719 1178 4784 νῦν,
1208 4720 1301 4771 καὶ
1331 4718 1493 4781 αὐτός
1525 4735 1615 4786 μοι
1647 4718 1883 4789 ἐπέδρα-

307 4824 427 4877 μεν,
474 4805 645 4869 οὕτως
695 4806 807 4873 ἐγὼ
852 4802 1000 4871 αὐτῷ
1056 4801 1466 4874 ἐπιδραμοῦμαι
1519 4801 1642 4853 τότε
1704 4800 1883 4871 πολλῷ

308 4890 588 4961 μειζόνως,
616 4886 651 4957 ﬁ
680 4887 797 4941 νῦν.
821 4886 928 4939 Kal
949 4888 1054 4957 γὰρ
1078 4888 1107 4938 ό
1131 4888 1189 4937 ἐν
1225 4885 1402 4954 σκότῳ
1424 4884 1752 4954 καθήμενος,
1775 4883 1880 4947 ἕως

307 4974 408 5043 μὲν
435 4973 502 5029 ἀν
538 4969 612 5042 μὴ
643 4970 819 5042 βλέπῃ
847 4969 938 5023 τὸν
964 4969 1133 5039 ἥλιον,
1168 4969 1268 5021 οὐκ
1298 4968 1457 5045 αὐτὸς
1488 4967 1770 5039 ἐπιτρέχει
1804 4966 1882 5036 τῷ

305 5056 492 5109 κάλλει
537 5053 636 5122 τῆς
672 5053 910 5115 ἀκτῖνος,
948 5052 1061 5104 ἀλλ’
1108 5051 1292 5118 ἐκείνη
1340 5049 1608 5103 δείκνυσιν
1658 5048 1877 5119 ἑαυτὴν,

304 5136 525 5192 ἐπειδὰν
559 5132 767 5204 λάμψῃ·
802 5134 931 5187 ὅταν
965 5134 1021 5186 δὲ
1059 5133 1228 5201 αὐτῆς
1271 5131 1495 5202 δέξηται
1544 5131 1641 5200 τὴν
1678 5132 1877 5203 αὐγὴν,

304 5221 424 5273 τότε
456 5219 551 5271 καὶ
574 5216 737 5278 αὐτὸς
757 5216 944 5269 λοιπὸν
975 5216 1162 5269 διώκει
1184 5216 1245 5267 τὸ
1284 5214 1417 5283 φῶς.
1450 5215 1621 5268 Τοῦτο
1646 5212 1739 5268 οὖν
1762 5218 1879 5268 ἐστι

302 5303 385 5366 τὸ,
423 5298 627 5363 Καθὼς
667 5298 765 5351 καὶ
797 5296 1203 5366 ἐπεγνώσθην·
1254 5299 1353 5367 οὐχ
1389 5300 1470 5350 ὅτι
1515 5296 1685 5361 οὕτως
1718 5298 1881 5351 αὑτὸν

304 5381 581 5453 εἰσόμεθα.
612 5377 792 5441 καθὼς
830 5381 989 5444 αὐτὸς
1020 5384 1190 5449 ἡμᾶς,
1224 5381 1337 5433 ἀλλ’
1370 5381 1451 5434 ὅτι
1490 5378 1679 5450 ὥσπερ
1717 5381 1881 5444 αὐτὸς

304 5470 437 5538 ημῖν
463 5465 733 5535 ἐπέδραμε
764 5461 880 5523 νῦν.
918 5462 1061 5515 οὕτω
1093 5466 1188 5517 καὶ
1220 5466 1379 5534 ἡμεῖς
1407 5462 1746 5530 ἀνθεξόμεθα
1778 5464 1878 5517 αύ-

304 5549 398 5604 τοῦ
436 5549 557 5602 τότε
578 5591 592 5611 ,
623 5546 719 5600 καὶ
751 5544 921 5598 πολλά
952 5545 1061 5597 τῶν
1110 5545 1204 5597 νῦν
1234 5548 1562 5619 ἀπορρήτων
1596 5545 1876 5614 εἰσόμεθα,

308 5633 399 5684 καὶ
434 5629 534 5701 τῆς
564 5627 989 5701 μακαριωτάτης
1012 5626 1226 5697 ἐκείνης
1254 5629 1635 5698 ἀπολαύσομεν
1661 5627 1878 5699 ὁμιλίας

305 5714 400 5769 καὶ
425 5712 636 5783 σοφίας.
672 5714 735 5767 Εἰ
768 5712 877 5781 γάρ
908 5711 937 5762 ό
965 5709 1203 5762 τοσαῦτα
1237 5710 1393 5776 εἰδὼς
1422 5712 1633 5775 Παῦλος
1663 5713 1872 5779 νήπιος,

306 5799 554 5867 ἐννόησον
591 5797 757 5867 ήλίκα
794 5797 997 5848 ἐκεῖνα·
1042 5794 1092 5845 εἰ
1132 5793 1303 5848 ταῦτα
1343 5796 1608 5867 ἔσοπτρον
1652 5797 1747 5849 καὶ
1790 5796 1875 5848 αἴ-

316 5898 494 5944 κιγμα,
546 5878 759 5945 λογίζου
810 5896 900 5947 μοι
948 5875 1107 5932 πάλιν
1161 5878 1411 5933 ἐντεῦθεν
1464 5882 1525 5934 τὸ
1581 5880 1870 5952 πρόσωπον

1328 393 1396 447 ΙΝ
1438 391 1653 447 EI’IST.
1699 391 1716 443 1
1755 386 1843 442 AD
1872 386 2034 442 COR.
2073 388 2304 445 IIOMIL.
2342 388 2588 445 XXXIV.

3444 395 3549 449 988

1967 506 2155 574 ἡλίκον
2183 508 2355 561 ἐστίν.
2404 510 2522 561 Ἰνα
2554 507 2611 560 δέ
2656 525 2734 559 σοι
2775 510 2971 579 μικρόν
3001 526 3054 560 τι
3104 509 3418 579 παρανοίξω
3456 515 3553 579 τῆς

1968 588 2230 660 διαφορᾶς
2266 590 2491 661 ταύτης.
2522 592 2617 643 καὶ
2645 592 2841 645 ἀκτῖνά
2869 609 2991 644 τινα
3026 591 3275 662 ἀμυδρὰν
3305 591 3401 645 τοῦ
3429 596 3554 662 νοή-

1972 690 2143 742 ματος
2169 675 2355 742 ἐναφῶ
2400 691 2494 727 σου
2524 678 2589 744 τῇ
2620 675 2765 745 ψυχῇ
2798 675 3011 738 τούτου,
3047 675 3430 745 ἀναμνήσθητι
3462 694 3555 745 μοι

1968 756 2077 808 τῶν
2106 757 2163 807 ἐν
2188 756 2268 826 τῷ
2292 756 2445 827 νόμῳ
2470 757 2585 820 νῦν,
2611 759 2774 827 ἡνίκα
2805 761 2839 828 ή
2859 759 3017 828 χάρις
3047 757 3279 827 ἔλαμψε.
3306 758 3420 811 Kal
3445 758 3557 827 γὰρ

1971 838 2156 891 ἐκεῖνα
2186 839 2294 910 πρὸ
2330 841 2430 908 τῆς
2471 840 2697 911 χάριτος
2730 841 2943 909 μεγάλα
2974 841 3094 893 τινὰ
3126 841 3221 894 καὶ
3265 840 3583 909 θαυμαστάς

1971 920 2241 987 ἐφαίνετοο
2273 922 2392 974 ἀλλ’
2421 924 2571 992 ὅμως
2601 923 2834 976 ἄκουσον
2864 922 3011 995 [512]
3039 923 3092 974 τί
3126 939 3257 991 φησι
3298 926 3426 994 περὶ
3455 923 3553 975 αύ-

1970 1006 2080 1057 τῶν
2108 1005 2246 1074 μετά
2272 1005 2370 1074 τὴν
2397 1006 2561 1075 χάριν
2582 1005 2862 1082 δμαῦλος,
2890 1008 2971 1059 ὅτι
3002 1008 3084 1059 Ob
3106 1006 3464 1070 δεδόξασται
3490 1007 3557 1059 τὸ

1973 1088 2424 1157 δεδοξασμένον
2468 1090 2538 1142 ἐν
2588 1090 2778 1153 τούτῳ
2832 1088 2913 1153 τῷ
2963 1089 3151 1158 μέρει,
3203 1083 3412 1143 ἕνεκεν
3448 1090 3559 1156 τῆς

1973 1172 2481 1239 ὑπερϐαλλούσης
2518 1171 2725 1238 δόξης.
2764 1173 2883 1225 Ἵνα
2920 1172 2978 1224 δὲ
3020 1173 3116 1225 καὶ
3160 1173 3495 1242 σαφέστερον
3531 1172 3561 1223 δ

1974 1253 2119 1321 λέγω
2163 1255 2423 1325 γένηται,
2458 1255 2543 1323 ἐφ’
2581 1256 2698 1318 ἑνός
2730 1272 2872 1318 τινος
2910 1256 3021 1307 τῶν
3052 1256 3174 1308 τότε
3218 1256 3562 1326 τελουμένων

1972 1337 2066 1389 τὸν
2105 1337 2261 1404 λόγον
2311 1338 2801 1408 μεταχειρίσωμεν,
2840 1340 2934 1391 καὶ
2978 1337 3258 1406 τότε-ὄψει
3296 1339 3357 1391 τὸ
3396 1341 3563 1409 μέσον

1974 1421 2118 1473 ὅσον·
2156 1422 2270 1484 καὶ,
2302 1421 2350 1472 εί
2385 1420 2584 1489 βούλει,
2623 1420 2685 1472 τὸ
2720 1422 2910 1489 Πάσχα
2950 1424 3030 1481 εἰς
3075 1421 3236 1489 μέσον
3263 1421 3562 1488 ἀγάγωμεν

1977 1504 2152 1555 ἐκεῖνο
2187 1505 2281 1555 καὶ
2312 1503 2488 1567 τοῦτο,
2518 1503 2613 1556 καὶ
2649 1503 2769 1556 τότε
2798 1506 2918 1574 εἴσῃ
2955 1504 3053 1570 τὴν
3074 1504 3394 1574 -ὐπεροχήν.
3434 1504 3562 1556 Ἐπ-

1977 1585 2192 1636 ετέλουν
2214 1587 2313 1654 μὲν
2339 1586 2448 1654 γάρ
2475 1585 2841 1645 καίΊουδαῖοι.
2867 1587 3158 1651 ἐπετέλουν
3180 1586 3237 1638 δὲ
3264 1585 3458 1650 οὓτως,
3486 1587 3563 1649 ὡς

1977 1668 2033 1719 ἐν
2061 1668 2309 1738 ἐσόπτρῳ
2336 1671 2431 1721 καί
2461 1670 2518 1719 ὲν
2545 1669 2861 1736 αἰνίγματι·
2894 1670 2961 1721 τὰ
2987 1669 3042 1721 δὲ
3071 1669 3360 1741 ἀπόρρητα
3387 1668 3563 1722 ταῦτα

1981 1751 2258 1820 μυστήρια
2294 1750 2415 1803 οὐδὲ
2448 1753 2527 1813 εἰς
2573 1750 2697 1803 νοῦν
2740 1768 2871 1803 ποτε
2918 1752 3129 1815 ἔλαϐον,
3163 1752 3286 1806 οὐδὲ
3318 1751 3558 1822 τξδεσανεΙ

1976 1833 2095 1886 τίνα
2120 1829 2208 1903 ἦν,
2236 1833 2273 1887 ἀ
2298 1836 2480 1886 ἐκεῖνα
2505 1833 2899 1904 προανεφώνευ
2924 1834 3061 1886 ἀλλά
3082 1834 3354 1904 πρόϐατον
3372 1835 3562 1905 ἐώρων

1980 1920 2370 1990 σφαττόμενον,
2398 1919 2493 1971 καὶ
2518 1914 2660 1989 αἷμα
2687 1918 2905 1985 ἀλόγου,
2938 1919 3032 1970 καί
3065 1918 3236 1990 θύρας
3264 1919 3562 1989 χριομένας

1979 2005 2153 2073 τούτῳ
2169 2019 2182 2031 ⁸
2206 2005 2289 2057 ὅτι
2309 2004 2366 2057 δὲ
2387 2005 2415 2057 δ
2440 2004 2568 2066 Υἰδς
2589 2002 2681 2055 τοῦ
2707 2001 2842 2055 Θεοῦ
2865 2002 3171 2071 σάρκωθεὶς
3192 2006 3559 2073 σφαγήσεται,

1981 2086 2072 2140 καὶ
2103 2087 2203 2157 τὴν
2237 2086 2562 2156 οἰκουμένην
2607 2084 2965 2154 ἐλευθερώσει
2996 2086 3210 2147 πᾶσαν,
3260 2088 3353 2139 καὶ
3400 2085 3559 2139 δώσει

1976 2172 2073 2221 καὶ
2099 2168 2324 2239 Ἕλλησι
2341 2168 2436 2220 καὶ
2461 2167 2759 2238 βαρϐάροις
2781 2166 2873 2219 τοῦ
2900 2169 3131 2237 αἵματος
3151 2166 3560 2235 ἀπογεύσασθαι

1978 2251 2195 2312 τούτου,
2227 2254 2321 2304 καὶ
2365 2253 2456 2305 τὸν
2497 2252 2722 2323 ούρανδν
2761 2251 2963 2316 ἀνοίξει
2994 2254 3149 2318 πᾶσι,
3197 2254 3293 2305 καὶ
3340 2253 3407 2306 τὰ
3447 2253 3566 2304 ἐκεῖ

1980 2335 2281 2405 προσθήσει
2314 2337 2391 2407 τῷ
2428 2336 2537 2388 τῶν
2569 2336 2874 2407 ἀνθρώπων
2922 2337 3096 2404 γένει,
3129 2337 3225 2390 καὶ
3253 2336 3353 2408 τὴν
3398 2339 3565 2407 αἱμα-

1979 2418 2200 2487 χθεῖσαν
2235 2420 2415 2489 σάρκα
2444 2418 2625 2471 λαὸὼν
2652 2420 2793 2489 ὑπὲρ
2826 2421 2915 2472 τὸν
2946 2420 3195 2490 οὐρανὸν,
3232 2423 3324 2473 καὶ
3354 2421 3446 2474 τὸν
3474 2420 3565 2473 ούο

1983 2502 2143 2571 ρανδν
2172 2501 2267 2555 τοῦ
2306 2501 2566 2571 ούρανοῦ,
2599 2502 2693 2554 καὶ
2730 2503 2910 2564 πάσας
2942 2503 3129 2564 ἀπλῶς
3168 2502 3268 2565 τὰς
3311 2504 3421 2557 ἀνω
3453 2505 3565 2556 τῶν

1981 2584 2227 2652 ἀγγέλων
2265 2586 2361 2638 καὶ
2393 2585 2745 2654 ἀρχαγγέλων
2776 2585 2870 2636 καὶ
2905 2584 3013 2635 τῶν
3059 2584 3235 2638 ἀλλων
3280 2588 3567 2656 δυνάμεων

1983 2668 2246 2738 στρατιὰς
2280 2667 2600 2720 ἀναϐιδάσει
2622 2710 2636 2731 ,
2672 2667 2766 2719 καὶ
2812 2668 2898 2718 ἐπ’
2929 2666 3095 2719 αὑτοῦ
3124 2666 3216 2720 τοῦ
3250 2667 3441 2736 θρόνου
3467 2668 3563 2721 τοῦ

1983 2749 2266 2819 βασιλικοῦ
2316 2753 2397 2805 ἐν,
2424 2749 2575 2821 δεξιᾷ
2617 2749 2711 2803 τοῦ
2754 2750 2969 2820 Πατρδς
3001 2749 3170 2821 αὐτὴν
3211 2750 3396 2803 καθιεῖ
3437 2751 3565 2822 δόξῃ

1982 2834 2306 2903 λάμπουσαν
2355 2834 2612 2904 ἀρῤήτῳο
2669 2832 2842 2886 ταῦτα
2892 2833 2956 2903 δὴ
3002 2832 3124 2885 οὔτε
3165 2834 3388 2886 ἐκείνων
3440 2851 3562 2899 τις,

1982 2916 2104 2969 οὔτε
2154 2916 2265 2968 τῶν
2316 2916 2489 2968 ἄλλων
2536 2915 2709 2977 οὐδεὶς
2762 2915 3097 2983 ἀνθρώπων,
3135 2914 3259 2968 οὕτε
3313 2917 3567 2987 προέγνω

1983 3000 2107 3055 οὔτε
2165 3003 2248 3063 εἰς
2298 2999 2421 3053 νοῦν
2469 2999 2709 3069 ⁴ἰγδυνήθη
2756 2998 3013 3069 βαλέσθαι
3071 3000 3223 3052 ποτέ.
3297 3001 3456 3055 Ἀλλὰ
3510 3003 3565 3056 τί

1984 3102 2149 3153 φασιν
2192 3087 2241 3138 οἰ
2284 3083 2462 3137 πάντα
2491 3081 2787 3153 τολμηροί;
2819 3082 2907 3142 Τὸ,
2963 3084 3113 3150 Ἄρτι
3162 3084 3435 3151 γινώσκω
3495 3086 3565 3140 ἐκ

1978 3167 2239 3237 μέρους,
2274 3166 2403 3237 περὶ
2444 3164 2769 3235 οἰκονομιῶν
2812 3163 3101 3236 εἰρῆσθαι·
3150 3166 3248 3236 τὴν
3295 3166 3403 3236 γάρ
3434 3170 3566 3237 περὶ

1983 3249 2076 3302 τοῦ
2105 3248 2241 3301 Θεοῦ
2266 3248 2470 3317 γνῶσιν
2493 3248 2913 3317 ἀπηρτισμένην
2935 3247 3094 3300 αὑτὸν
3121 3246 3283 3316 ἔχειν.
3313 3248 3421 3300 Kal
3447 3248 3565 3312 πῶς

1985 3334 2180 3403 νήπιον
2211 3332 2403 3385 ἐαυτὸν
2428 3330 2618 3397 καλεί;
2652 3329 2769 3393 πῶς
2798 3330 2862 3381 δι’
2892 3330 3158 3400 ἐσόπτρου
3190 3330 3378 3399 βλέπει
3404 3347 3418 3395 ;
3448 3330 3567 3393 πῶς

1984 3417 2041 3467 ἐν
2090 3414 2395 3493 αἰνίγματι,
2444 3416 2493 3467 εἰ
2530 3413 2593 3467 τὸ
2632 3415 2739 3466 πᾶν
2784 3412 2897 3483 ἔχει
2938 3413 3039 3482 τῆς
3089 3412 3377 3480 γνώσεω;;
3411 3414 3462 3467 τί
3510 3414 3568 3466 δὲ

1986 3497 2176 3569 ὥσπερ
2209 3497 2485 3568 ἐξαίρετον
2512 3496 2832 3566 ἀνατίθησιν
2858 3496 2990 3548 αὐτὸ
3019 3494 3095 3565 τῷ
3138 3496 3438 3566 Πνεύματι,
3471 3498 3568 3550 καὶ

1986 3582 2214 3653 οὐδεμιᾷ
2254 3581 2392 3653 ἄλλῃ
2418 3580 2648 3649 δυνάμει
2676 3580 2775 3650 τῆς
2804 3578 3055 3643 κτίσεως,
3088 3580 3260 3647 λέγων
3285 3598 3297 3610 ·
3336 3584 3429 3646 Τίς
3458 3582 3568 3651 γὰρ

1986 3662 2112 3719 οἶδε
2144 3668 2218 3718 τὰ
2253 3665 2358 3718 τοῦ
2388 3663 2725 3731 ἀνθρώπου,
2763 3666 2813 3715 εἰ
2833 3663 2919 3732 μὴ
2948 3662 3014 3715 τὸ
3048 3666 3283 3732 πνεῦμα
3325 3665 3429 3718 τοῦ
3462 3665 3567 3717 ἀν-

1987 3748 2221 3816 θρώπου
2263 3749 2330 3801 τὸ
2361 3748 2430 3801 ἐν
2468 3747 2649 3811 αὐτῷ;
2684 3746 2847 3798 Οὕτω
2880 3746 2978 3799 καὶ
3022 3750 3095 3799 τὰ
3136 3746 3243 3800 τοῦ
3284 3747 3430 3802 Θεοῦ
3461 3749 3564 3800 οὐν

1987 3834 2112 3897 δείς
2140 3828 2324 3893 οἶδεν,
2353 3833 2406 3883 εἰ
2425 3830 2510 3900 μὴ
2538 3830 2603 3882 τὸ
2636 3827 2876 3896 Πνεῦμα
2904 3826 3009 3880 τοῦ
3042 3828 3211 3881 Θεοῦ.
3244 3828 3354 3881 Kal
3374 3829 3402 3879 ό
3430 3829 3564 3898 Χρι-

1990 3918 2113 3980 στὸς
2146 3915 2309 3969 πάλιν
2340 3914 2532 3967 ἑαυτοῦ
2586 3914 2748 3979 μόνου
2787 3910 2942 3963 τοῦτο
2986 3906 3123 3963 εἷναί
3167 3928 3364 3980 φησιν,
3421 3911 3565 3963 οὕτω

1986 4004 2181 4071 λέγων·
2221 4002 2345 4069 Οὐχ
2383 4000 2471 4051 ὅτι
2502 3998 2605 4050 τὸν
2635 3996 2865 4063 Πατέρα
2895 4013 2979 4059 τις
3019 3994 3297 4063 ἑώρακεν,
3328 3999 3376 4049 εἰ
3414 3996 3499 4067 μὴ
3533 4003 3565 4051 ό

1986 4085 2072 4138 ὢν
2111 4084 2271 4151 παρὰ
2305 4083 2410 4137 τοῦ
2448 4081 2618 4145 Θεοῦ,
2671 4076 2848 4145 οὗτος
2898 4079 3120 4145 ἑώρακε
3168 4078 3275 4132 τὸν
3312 4079 3562 4148 Πατέρα’

1986 4172 2178 4240 ὅρασιν
2234 4170 2333 4238 τὴν
2401 4167 2600 4234 γνῶσιν
2668 4164 2841 4231 λέγων
2896 4164 2996 4232 τὴν
3064 4164 3433 4232 σαφεστάτην
3470 4165 3564 4216 καὶ

1988 4251 2426 4323 ἀπηρτισμένην.
2473 4248 2594 4311 ΙΙῶς
2626 4247 2682 4301 δὲ
2714 4247 2742 4298 ὁ
2778 4246 2876 4316 τὴν
2926 4245 3115 4298 οὐσίαν
3151 4244 3323 4308 εἰδὼς,
3355 4245 3453 4309 τὰς
3486 4248 3563 4297 οἱ·

1988 4336 2246 4405 κονομίας
2301 4333 2586 4401 ἀγνοήσεις
2642 4329 2828 4399 ἐκείνη
2872 4329 2982 4399 γὰρ
3033 4328 3233 4398 μείζων
3283 4330 3485 4397 ταύτης
3529 4331 3563 4400 ή

1986 4420 2207 4487 γνῶσις.
2255 4416 2582 4487 Ἀγνοοῦμεν
2618 4410 2731 4480 οῦν,
2770 4414 2922 4483 φησί,
2977 4413 3069 4465 τὸν
3102 4414 3270 4475 Θεόν;
3326 4412 3559 4481 ’Λπαγεο

1988 4505 2103 4559 ἀλλ’
2127 4506 2208 4557 ὅτι
2235 4505 2333 4573 μὲν
2360 4503 2527 4567 ἐστιν,
2559 4500 2734 4570 ἴσμεν·
2761 4500 2814 4551 τί
2844 4515 2974 4551 ποτε
3000 4497 3055 4550 δέ
3086 4499 3200 4549 ἐστι
3223 4495 3321 4566 τὴν
3350 4496 3560 4557 οὐσίαν,

1938 4630 1941 4631 ν
1985 4590 2193 4643 οὐκέτι.
2226 4590 2336 4641 Kal
2369 4588 2454 4640 ἵνα
2476 4585 2619 4655 γνῷς
2641 4586 2724 4638 ὅτι
2751 4584 2811 4636 οὐ
2844 4585 2972 4653 περί
3002 4581 3110 4633 τῶν
3140 4581 3460 4650 οἰκονομιῶν
3485 4582 3563 4633 εἰ·-

1989 4690 2124 4741 ρηκε
2162 4672 2245 4737 τὸ,
2282 4672 2439 4739 Ἄρτι
2483 4667 2755 4738 γινώσκω
2790 4668 2859 4719 ἐκ
2887 4665 3127 4735 μέρους,
3179 4664 3411 4717 ἀκουσον
3453 4664 3563 4717 τῶν

1986 4755 2139 4824 ἑξῆς·
2184 4758 2458 4824 ἐπήγαγεν
2491 4749 2603 4806 οῦν·
2643 4752 2778 4805 Τότε
2812 4750 2880 4803 δὲ
2916 4747 3338 4816 ἐπιγνώσομαι,
3370 4745 3562 4810 καθὼς

1985 4846 2083 4899 καί
2110 4837 2520 4910 ἐπεγνώσθην.
2550 4838 2625 4891 Οὐ
2665 4836 2835 4907 δήπου
2863 4833 2921 4887 δὲ
2955 4832 3057 4885 ὑπὸ
3096 4830 3205 4883 τῶν
3241 4829 3561 4899 οἰκονομιῶν

1986 4924 2328 4994 ἐπεγνώσθη,
2351 4922 2465 4976 ἀλλ’
2488 4921 2591 4975 ὑπὸ
2611 4920 2705 4973 τοῦ
2725 4918 2879 4972 Θεοῦ.
2904 4915 3109 4986 Μηδεὶς
3128 4915 3309 4970 τοίνυν
3333 4912 3556 4983 μικρὰν,

1988 5011 2121 5081 μηδὲ
2154 5009 2332 5078 ἀπλῆν
2361 5005 2626 5076 νομιζέτω
2654 5002 2785 5056 εἶναι
2828 4999 3029 5070 ταύτην
3057 5000 3156 5070 τὴν
3194 4994 3558 5081 παρανομίαν,

1983 5079 2117 5146 ἀλλά
2148 5092 2241 5144 καὶ
2269 5090 2464 5158 διπλῆν
2491 5090 2584 5143 xal
2613 5085 2847 5158 τριπλῆν
2874 5085 2965 5137 καὶ
3001 5079 3455 5138 πολλαπλασίονα.
3484 5080 3559 5133 Οὐ

1984 5178 2091 5248 γὰρ
2116 5177 2179 5247 δὴ
2199 5175 2356 5229 τοῦτο
2380 5176 2537 5245 μόνον
2571 5172 2686 5226 ἐστὶ
2713 5169 2773 5222 τὸ
2800 5169 3019 5230 ἀτοπον,
3046 5169 3127 5221 ὄτι
3154 5163 3329 5218 ταῦτα
3360 5163 3559 5229 ἀλαζο-

1983 5264 2225 5314 νεύονται
2248 5260 2465 5322 εἰδέναι,
2483 5258 2517 5309 ἃ
2542 5254 2633 5307 τοῦ
2659 5251 2973 5324 Πνεύματός
2994 5253 3106 5302 ἐστι
3134 5248 3319 5319 μόνου,
3345 5249 3439 5303 καὶ
3465 5248 3558 5301 τοῦ

1986 5344 2306 5417 μονογενοῦς
2332 5342 2458 5394 Υἰοῦ
2480 5339 2574 5393 τοῦ
2600 5338 2760 5404 Θεοῦ,
2782 5338 2893 5391 ἀλλ’
2913 5338 2992 5389 δτι
3015 5336 3109 5388 καὶ
3126 5334 3341 5390 Παύλου
3360 5332 3485 5417 οὐδέ
3499 5334 3558 5417 τὸ

1986 5413 2209 5501 μερικὸν
2230 5425 2387 5478 τοῦτο
2401 5423 2501 5493 τῆς
2520 5423 2771 5495 γνώσεως
2792 5422 2919 5476 ἄνευ
2942 5419 3041 5489 τῆς
3064 5417 3271 5473 ἀνωθεν
3292 5413 3560 5501 ἀποκαλύ-

1982 5499 2127 5583 ψεως
2144 5508 2463 5579 δυνηθέντος
2488 5506 2677 5578 μαθεῖν
2692 5547 2706 5571 ,
2729 5503 2883 5559 αὐτοὶ
2909 5501 2970 5554 τὸ
3000 5504 3107 5555 πᾶν
3128 5504 3191 5554 ἐκ
3216 5501 3323 5583 τῶν
3344 5499 3560 5583 οἰκείων

1982 5581 2132 5667 [513]
2166 5592 2442 5663 λογισμῶν
2474 5588 2859 5658 κατειληφέναι
2894 5586 3078 5657 φασίν.
3108 5583 3239 5637 Οὑδέ
3269 5582 3378 5653 γὰρ
3404 5581 3561 5654 ἔχου·-

2046 5886 2065 5911 ⁶
2101 5885 2270 5932 Πίιταί
2294 5883 2481 5943 ᾔδεσαν.
