4014 6208
351 369 460 426 289

350 499 440 537 σιν
463 479 700 551 οὐδαμοῦ
725 479 826 550 τὴν
853 479 1072 552 Γραφὴν
1095 479 1450 551 περὶτούτων
1479 481 1611 551 ημῖν
1635 475 1935 548 διειλεγμέο

351 583 450 635 νην
489 564 675 631 δεῖξαι.
735 562 895 617 Ἀλλά
935 562 1043 635 7&9
1073 565 1172 634 τὴν
1221 564 1420 633 μανίαν
1457 563 1637 616 αὐτῶν
1681 561 1932 630 ἀφέντες,

350 648 459 701 τῶν
487 646 614 718 ἐξῆς
641 644 898 716 ἐχώμεθα
921 648 1048 715 περὶ
1077 646 1175 714 τῆς
1197 645 1419 713 ἀγάπης
1445 645 1640 712 λόγων.
1663 643 1796 697 Οὑδέ
1827 642 1937 712 7&9

349 730 556 794 τούτοις
601 727 870 800 ἠρκέσθη,
918 727 1033 781 ἀλλ’
1085 728 1280 794 ἐπάγει
1329 726 1492 779 πάλιν
1538 725 1748 794 λέγων·
1787 724 1937 778 Νυνί

349 813 418 867 δὲ
455 812 625 882 μένει
673 813 902 874 πίστις,
935 809 1144 875 ἐλπὶς,
1175 809 1396 878 ἀγάπη,
1433 809 1505 862 τὰ
1533 809 1668 876 τρία
1710 806 1897 860 ταῦτα
1918 821 1932 835 ·

344 893 558 964 μείζων
577 894 647 947 δὲ
677 893 904 947 τούτων
934 890 969 956 ἠ
1001 889 1226 959 ἀγάπη.

423 1045 496 1114 γ’.
534 1045 598 1096 Ἡ
631 1043 731 1114 μὲν
756 1044 864 1114 γὰρ
885 1043 1063 1104 πίστις
1080 1042 1173 1095 καὶ
1193 1048 1222 1110 ἡ
1241 1042 1394 1106 ἐλπὶς
1415 1043 1522 1095 τῶν
1540 1041 1936 1097 πιστιυθέντων

346 1131 441 1181 καὶ
467 1126 578 1180 τῶν
610 1126 974 1180 ἐλπισθέντων
998 1126 1463 1196 παραγενομένων
1493 1126 1738 1193 ἀγαθῶν,
1764 1125 1933 1178 παύε-

344 1228 456 1264 ται.
497 1210 606 1263 Kal
636 1210 791 1268 τοῦτο
821 1209 996 1279 δηλῶν
1034 1211 1062 1262 ό
1093 1209 1302 1272 Παῦλος
1333 1209 1539 1277 ἐλεγτν·
1588 1210 1793 1274 Ἐλπὶς
1823 1210 1936 1278 γὰρ

339 1292 718 1362 βλεπομένη,
744 1294 854 1345 οὐκ
883 1292 1055 1346 ἔστιν
1082 1293 1279 1358 ἐλπίς·
1317 1292 1346 1345 ὃ
1370 1295 1476 1360 γὰρ
1496 1291 1720 1357 ,βλέπει
1741 1310 1852 1358 τις,
1879 1293 1937 1344 τι

345 1378 442 1429 καί
468 1374 727 1447 ἐλπίζει;
757 1375 852 1426 καὶ
885 1374 1066 1436 πάλιν,
1101 1377 1265 1427 Ἔστι
1303 1373 1370 1426 δὲ
1393 1376 1600 1438 πίστις
1627 1373 1936 1442 ἐλπιζομέ-

343 1476 467 1512 νων
488 1459 849 1523 ὑπόστασις,
877 1457 1239 1525 ,πραγμάτων
1259 1457 1509 1524 ἔλεγχος
1537 1459 1609 1509 οὺ
1630 1457 1934 1525 βλεπομέο

342 1559 485 1594 νων.
519 1541 683 1592 Ὥστε
714 1534 874 1592 αὗται
903 1540 1002 1608 μὲν
1031 1539 1295 1591 παύονται
1326 1538 1603 1606 φανέντων
1631 1538 1871 1592 ἐκείνων·
1899 1540 1932 1610 ἡ

341 1626 399 1678 δέ
433 1624 624 1690 ἀγάπη
659 1622 782 1675 τότε
812 1622 1046 1691 μάλιστα
1078 1623 1313 1690 αἴρεται,
1351 1623 1443 1673 καὶ
1470 1622 1680 1688 γίνεται
1709 1623 1934 1692 σφοδροο

343 1707 496 1779 τέρα.
532 1703 758 1774 Ἕτερον
783 1704 943 1758 πάλιν
973 1705 1250 1774 ἐγκώμιον
1281 1705 1380 1772 τῆς
1409 1706 1652 1775 ἀγάπης·
1679 1706 1799 1758 οὐδὲ
1824 1707 1934 1776 γὰρ

341 1791 592 1858 ἀρκεῖται
625 1790 739 1849 τοῖς
770 1786 1105 1858 ἔμπροσθεν,
1143 1787 1278 1840 ἀλλά
1332 1790 1425 1840 καὶ
1466 1788 1595 1841 ἀλλο
1639 1781 1935 1856 φιλονεικεῖ

344 1871 505 1923 πάλιν
538 1872 740 1938 εὑρεῖν.
771 1870 972 1925 Σκόπει
1000 1869 1077 1922 δέ·
1116 1866 1289 1924 Εἶπεν
1314 1870 1485 1939 αὐτὴν
1520 1872 1770 1940 χάρισμα
1794 1865 1931 1922 εἶναι

343 1954 489 2023 μέγα
530 1956 624 2006 καὶ
657 1953 775 2005 ὁδὸν
819 1951 1025 2005 τούτων
1065 1953 1188 2005 καθ’
1235 1951 1564 2022 ὑπερϐολήν·
1608 1947 1728 2003 εἷπε
1764 1953 1932 2021 χωρὶς

341 2038 508 2107 αὐτῆς
546 2036 712 2105 μηδὲν
757 2037 900 2106 μέγα
931 2035 1160 2105 ὠφελεῖν
1198 2038 1266 2088 τὰ
1295 2035 1642 2105 χαρίσματα,
1685 2035 1929 2104 ὑπέγρα-

338 2121 441 2188 ψεν
479 2120 646 2190 αὐτῆς
695 2119 784 2171 διά
832 2119 1045 2172 πολλῶν
1082 2121 1182 2189 τὴν
1234 2121 1439 2171 εἰκόνα·
1478 2112 1728 2186 βούλεται
1772 2118 1932 2173 πάλιν

345 2204 436 2256 καὶ
466 2203 666 2272 ἑτέρως
699 2201 869 2271 αὐτὴν
902 2204 1125 2271 ἐπᾶραι,
1157 2203 1252 2255 καὶ
1279 2201 1450 2268 δεῖξαι
1487 2202 1733 2272 μεγάλην
1764 2197 1932 2256 οὖσαν

342 2288 408 2337 ἐκ
461 2283 555 2337 τοῦ
599 2283 897 2354 διαμένειν·
948 2285 1026 2338 διὸ
1079 2287 1172 2339 καὶ
1224 2285 1398 2355 ἔλεγε,
1457 2287 1607 2339 Νυνί
1662 2285 1730 2338 δὲ
1763 2286 1933 2354 μένει

340 2368 565 2432 πίστις,
597 2367 793 2432 ἐλπὶς,
834 2367 1058 2438 ἀγάπη,
1091 2369 1162 2421 τὰ
1200 2371 1332 2436 τρία
1371 2368 1581 2424 ταῦτα·
1620 2367 1830 2435 μείζων
1865 2368 1934 2421 δὲ

341 2451 568 2504 τούτων
619 2453 656 2518 η
704 2451 927 2519 ἀγάπη.
963 2453 1086 2514 Πῶς
1127 2449 1219 2505 οὗν
1251 2453 1455 2522 μείζων
1504 2455 1536 2522 ὴ
1569 2453 1800 2523 ἀγάπη;
1841 2453 1933 2519 Τῷ

341 2536 524 2587 ἐκεῖνα
561 2534 881 2587 διαϐαίνειν.
931 2535 991 2586 Εἰ
1035 2534 1213 2587 τοίνυν
1264 2535 1501 2606 τοσαύτη
1547 2539 1579 2604 ὴ
1635 2538 1788 2605 ίσχυς
1834 2536 1934 2604 τῆς

340 2617 600 2686 ἀγάπης,
673 2617 900 2678 εἰκότως
977 2618 1175 2684 ἐπάγει
1239 2617 1448 2684 λέγων,
1505 2617 1753 2669 Διώκετε
1820 2616 1934 2683 τὴν

335 2698 600 2768 ἀγάπην.
636 2699 743 2752 Kal
795 2701 903 2769 7&9
947 2700 1181 2764 διώξεως
1224 2701 1383 2770 χρεία
1417 2701 1511 2751 καὶ
1555 2700 1756 2770 δρόμου
1789 2699 1931 2763 τινὸς

341 2781 574 2851 σφοδροῦ
603 2785 690 2833 ἐπ’
713 2784 907 2850 αὑτήν·
937 2781 1109 2844 οὕτως
1133 2783 1290 2852 ἡμῶν
1316 2781 1556 2850 ἀπέπτη,
1580 2783 1674 2834 καὶ
1695 2782 1931 2835 τοσαῦτα

337 2865 406 2916 τά
431 2864 858 2928 ὑποσκελίζοντα
891 2865 982 2916 τὸν
1013 2866 1193 2922 ἐκεῖσε
1223 2865 1444 2936 δρόμον.
1479 2865 1570 2918 Διὸ
1603 2865 1698 2917 καὶ
1729 2865 1929 2935 πολλῆς

337 2949 472 3015 ἡμῖν
509 2947 585 2998 διῒ
625 2948 722 3018 τῆς
763 2948 1144 3019 σφοδρότητος,
1177 2949 1316 3001 ὥστε
1351 2949 1521 3019 αὐτὴν
1573 2949 1925 3002 καταλαϐεῖν.

339 3031 516 3100 ὐπερ
551 3031 960 3100 ἐνδεικνύμενος
995 3033 1023 3082 ὁ
1068 3031 1278 3094 Παῦλος
1310 3033 1409 3083 οὐκ
1451 3027 1627 3090 εἶπεν,
1678 3031 1929 3084 Ἀκολου-

336 3115 478 3167 θεῖτε
519 3118 586 3184 τῇ
634 3116 848 3185 ἀγάπῃ,
895 3114 1052 3179 ἀλλὰ,
1104 3113 1348 3167 Διώκετε
1403 3115 1594 3184 αύτὴν,
1645 3114 1929 3185 διεγείρων

335 3199 483 3268 ἡμᾶς
512 3199 607 3250 καί
650 3199 906 3252 ἀνάπτων
935 3201 1071 3270 πρὸς
1100 3199 1207 3270 τὴνκ
1227 3200 1442 3270 ἐκείνης
1470 3201 1777 3270 ἀντίληψιν.
1816 3199 1928 3252 Kal

337 3280 447 3350 7&9
489 3283 517 3332 ὁ
545 3281 676 3344 Θεὸς
716 3281 955 3351 ἐξαρχῆς
988 3283 1160 3351 μυρία
1205 3273 1346 3351 ὺπέρ
1385 3283 1479 3335 τοῦ
1532 3283 1739 3354 ταύτην
1796 3286 1928 3354 ἡμῖν

337 3363 676 3434 ἐμφυτεῦσαι
699 3365 1102 3434 ἐμηχανήσατο·
1132 3364 1224 3416 καὶ
1248 3367 1356 3435 γὰρ
1381 3365 1508 3434 μίαν
1532 3366 1738 3419 ἅπασιν
1760 3365 1927 3419 ἔδωκε

338 3447 602 3515 κεφαλὴν,
634 3447 725 3499 τὸν
767 3446 959 3516 Ἀδάμ.
991 3447 1090 3500 Διά
1119 3448 1170 3500 τί
1205 3447 1314 3518 γὰρ
1341 3449 1416 3518 μὴ
1445 3450 1508 3500 ἐκ
1535 3450 1635 3518 γῆς
1664 3449 1929 3518 γινόμεθα.

337 3531 570 3595 πάντες
601 3530 688 3582 διὰ
730 3531 780 3583 τί
825 3531 903 3602 μὴ
932 3531 1148 3591 τέλειοι,
1193 3532 1268 3594 ὡς
1304 3534 1546 3595 ἐκεῖνοςς
1589 3533 1707 3585 Ἵνα
1750 3533 1845 3585 καὶ
1877 3534 1926 3586 οἱ

335 3612 486 3666 τόκοι
511 3612 606 3665 καὶ
630 3615 683 3664 αξ
710 3613 1108 3684 παιδοτροφίαι,
1135 3615 1229 3666 καὶ
1250 3614 1310 3666 τὸ
1332 3613 1390 3677 ἐξ
1406 3613 1650 3684 ἀλλήλων
1673 3615 1925 3682 φύεσθαι,

338 3695 643 3766 συνδήσωσι
677 3696 810 3766 πρὸς
841 3696 1106 3764 ἀλλήλους
1140 3699 1312 3768 ἡμᾶς.
1356 3698 1454 3749 Διά
1486 3695 1646 3750 τοῦτο
1679 3698 1799 3750 οὐδὲ
1828 3698 1927 3769 τὴν

336 3783 575 3841 γυναῖκα
615 3779 874 3848 ἐποίησεν
912 3782 1020 3833 ἀπὸ
1055 3780 1179 3849 γῆς.
1233 3782 1450 3851 Ἐπειδὴ
1483 3783 1593 3852 γὰρ
1632 3785 1732 3834 οὐκ
1767 3784 1927 3854 ῆρκει

335 3864 655 3934 δυσωπῆσαι
699 3864 832 3935 πρὸς
868 3865 1121 3934 ὁμόνοιαν
1155 3866 1302 3933 ἡμᾶς
1350 3865 1573 3930 ὁμοίως,
1611 3865 1670 3916 τὸ
1698 3865 1798 3934 τῆς
1832 3865 1926 3919 αύ-

334 3946 435 4014 τῆς
463 3947 648 4008 οὐσίας
693 3944 854 4009 εἰναι,
891 3949 940 3999 εί
981 3947 1055 4017 μὴ
1099 3949 1190 3999 καὶ
1229 3948 1317 3999 τὸν
1350 3948 1512 3999 αὑτὸν
1547 3948 1764 4018 ἔχοιμεν
1796 3948 1927 4018 πρός

333 4046 515 4096 γονον,
557 4028 840 4081 καὶτοῦτο
890 4028 1314 4083 κατεσκεύασεν.
1362 4030 1423 4082 Εἰ
1462 4032 1571 4102 7&9
1614 4030 1708 4083 νῦν
1740 4030 1926 4092 τόποις

333 4114 681 4184 διεστηκότες
715 4114 918 4180 μόνοις,
958 4114 1272 4186 ἀλλοτρίους
1302 4113 1442 4168 εἶναι
1471 4116 1764 4186 νομίζομεν
1794 4117 1924 4169 ἐαυ-

333 4199 462 4259 τοὺς
509 4195 787 4267 ἀλλήλων·
824 4198 872 4246 εί
921 4196 1014 4248 δύο
1044 4196 1104 4247 τὸ
1155 4199 1308 4264 γένος
1340 4199 1499 4266 ἡμῶν
1529 4201 1685 4267 ἔσχεν
1726 4200 1922 4270 ἀρχὰς,

335 4278 516 4346 πο).λῷ
549 4279 748 4348 μᾶλλον
773 4279 838 4331 ἀν
861 4276 1018 4330 τοῦτο
1047 4280 1282 4346 ἐγένετο.
1317 4282 1414 4332 Διά
1435 4281 1498 4350 δὴ
1527 4283 1702 4343 τοῦτο,
1735 4281 1924 4354 ῶσπερ

334 4362 444 4412 ἀπό
470 4377 609 4421 τινος
644 4365 770 4429 μιᾶς
803 4362 1064 4432 κεφαλῆς,
1099 4363 1156 4416 τὸ
1183 4365 1290 4415 πᾶν
1315 4363 1470 4435 ἔδησε
1503 4365 1664 4436 σῶμα
1691 4366 1785 4420 τοῦ
1815 4369 1922 4420 τῶν

333 4437 640 4509 ἀνθρώπων
680 4439 895 4506 γένους.
927 4442 1035 4492 Kal
1065 4443 1366 4512 ἐπειδήπερ
1389 4445 1627 4515 ἐξαρχῆς
1653 4445 1745 4498 δύο
1778 4447 1924 4510 τινὲς

333 4523 553 4576 ἐδόκουν
587 4518 750 4584 εἶναι,
787 4521 889 4590 ὅρα
923 4522 1039 4584 πῶς
1082 4525 1281 4584 αὐτοὺς
1322 4528 1591 4596 συγκολλᾷ
1637 4530 1794 4582 πάλιν
1829 4531 1923 4582 καὶ

333 4609 414 4671 εἰς
456 4606 515 4659 ἓν
564 4606 784 4674 συνάγει
816 4605 905 4657 διὰ
944 4604 1037 4657 τοῦ
1085 4609 1297 4676 γάμου·
1347 4608 1502 4661 Ἀντί
1551 4612 1765 4664 τούτου
1812 4613 1921 4682 γὰρ

333 4692 706 4757 καταλείψει,
750 4692 936 4759 φησὶν,
971 4689 1282 4758 ἄνθρωπος
1320 4692 1427 4742 τὸν
1469 4691 1697 4757 ,πατέρα
1730 4693 1920 4746 αὐτοῦ

333 4771 431 4824 κίιί
454 4773 568 4836 τὴν
592 4771 838 4839 μητέρα,
869 4773 963 4824 καί
995 4773 1602 4841 προσκολληθήσεται
1629 4775 1781 4843 πρὸς
1808 4776 1923 4843 τὴν

333 4853 589 4924 γυναῖκα
611 4853 763 4926 [514]
783 4854 992 4914 αὑτοῦ,
1016 4856 1113 4906 καί
1135 4857 1376 4908 ἔσονται
1403 4860 1455 4910 οἱ
1482 4859 1591 4911 δύο
1617 4861 1703 4924 εὶς
1723 4859 1921 4928 σάρκα

326 4941 491 5008 μίαν.
549 4939 660 4991 Καὶ
685 4939 786 4991 οὐκ
816 4932 992 4996 εἶπεν,
1033 4937 1098 4989 Ὶί
1129 4938 1285 5006 γυνὴ,
1317 4940 1430 4990 ἀλλ’
1475 4941 1526 4992 '0
1565 4941 1877 5011 ἅνθρωπος
1901 4983 1915 5006 ,

330 5022 518 5090 επειδὴ
561 5023 655 5073 καὶ
693 5022 896 5090 μείζων
935 5023 965 5091 ή
998 5020 1265 5090 ἐπιθυμία
1315 5021 1371 5071 ἐν
1413 5023 1624 5091 ἐκείνῳ.
1665 5025 1774 5078 Kal
1808 5029 1917 5097 γάρ

332 5109 424 5159 καὶ
451 5106 672 5175 μείζονα
690 5106 860 5175 αὐτὴν
881 5106 964 5158 διὰ
983 5106 1140 5160 τοῦτο
1160 5106 1437 5172 ἐποίησεν,
1464 5106 1550 5158 ἵνα
1572 5107 1632 5158 τὸ
1651 5109 1917 5181 ὑπερέχον

331 5191 674 5258 κατακάμψη
721 5192 787 5259 τῇ
839 5190 1112 5259 τυραννίδι
1171 5190 1362 5241 τούτου
1411 5189 1506 5242 τοῦ
1558 5189 1778 5260 ἔρωτος,
1823 5195 1918 5246 καὶ

333 5269 579 5343 ὑποτάξῃ
637 5271 716 5339 τῷ
771 5271 1167 5342 ἀσθενεστέρῳ.
1239 5273 1455 5343 Ἐπειδὴ
1503 5272 1558 5325 δὲ
1609 5274 1702 5326 καὶ
1737 5277 1915 5346 γάμον

329 5359 437 5412 ἐδει
485 5353 829 5423 εἰσαχθῆναι,
879 5355 970 5406 τὸν
1015 5355 1073 5420 ἐξ
1126 5348 1186 5406 οἶ)
1241 5357 1450 5420 γέγονε,
1500 5355 1687 5409 τοῦτον
1745 5360 1915 5429 ἀνδρα

331 5438 556 5507 ἐποίησε
581 5441 646 5508 τῇ
680 5436 918 5504 γυναικί.
950 5439 1133 5491 Πάντα
1167 5437 1274 5506 γὰρ
1301 5438 1520 5506 ἀγάπης
1549 5440 1627 5509 τῷ
1658 5440 1777 5510 Θεῷ
1804 5442 1914 5495 δεύ-

331 5537 488 5590 τερα.
523 5523 582 5573 Εἰ
606 5521 714 5590 γὰρ
734 5518 877 5571 οὕτω
903 5521 1206 5589 γενομένων
1230 5523 1257 5572 ὁ
1282 5520 1493 5587 πρῶτος
1514 5521 1712 5585 εὐθέως
1738 5523 1913 5590 οὕτως

328 5605 526 5672 ἐμάνη,
547 5606 640 5656 καὶ
661 5603 926 5672 τοσαύτην
957 5605 1137 5674 μάχην
1163 5608 1190 5656 ό
1215 5603 1459 5667 διάϐολος
1491 5608 1586 5658 καὶ
1611 5608 1910 5674 βασκανίαν

330 5687 635 5754 ἐνέτπειρε,
679 5685 728 5736 τί
759 5687 860 5738 οὐκ
891 5688 955 5737 ἀν
982 5688 1296 5756 εἰργάσατο,
1326 5687 1373 5737 εἰ
1409 5689 1482 5753 μὴ
1513 5688 1621 5739 ἀπὸ
1659 5693 1788 5756 μιᾶς
1831 5692 1912 5762 ῥίς-

332 5770 426 5836 ζης
461 5766 828 5834 ﬁlis-mpm;
866 5764 998 5820 Εἶτα
1040 5769 1124 5820 ἵνα
1169 5769 1228 5820 τὸ
1277 5769 1376 5833 μὲν
1424 5769 1812 5839 ύποτάττηται,
1851 5777 1908 5827 τὸ

333 5853 388 5902 δὲ
411 5849 552 5918 ἀρχὴ
606 5850 664 5908 τὸ
699 5850 805 5916 γὰρ
832 5850 1092 5918 ὁμότιμον
1139 5847 1246 5902 οἶδε
1282 5851 1535 5913 πολλάκις
1571 5853 1748 5923 μάχην
1791 5859 1899 5910 εἰσ.

1056 367 1120 423 s.
1157 363 1446 422 .IOANNIS
1481 350 1978 421 CIIRYSOSTOII
2018 362 2338 418 ARCIIIEP.
2381 362 2930 423 coxsmmmop.

3511 368 3614 422 290
3683 377 3688 380 ’

2042 477 2219 543 άγειν·
2241 478 2343 530 οῦκ
2367 477 2544 546 ἀφῆκε
2565 477 2943 548 δημοκρατίαν
2973 476 3132 543 εἶναι,
3159 481 3294 534 ἀλλά
3322 481 3614 550 βασιλείαν,

2041 559 2135 610 καὶ
2177 559 2426 629 καθάπερ
2459 562 2518 611 ἐν
2550 560 2922 630 στρατοπέδῳ,
2953 561 3158 630 ταύτην
3187 561 3251 614 ἀν
3281 578 3366 624 τις
3398 562 3494 614 ιδοι
3521 563 3620 632 τὴν

2035 640 2280 706 διάταξιν
2326 643 2448 696 καθ’
2487 645 2730 714 ἑκάστην
2772 643 2972 697 οἰκίαν.
3019 645 3174 697 Ἔστι
3209 645 3341 713 γοῦν
3387 646 3445 697 ἐν
3470 645 3620 706 τάξει

2040 724 2141 794 μὲν
2181 725 2446 794 βασιλέως
2477 729 2506 779 ό
2549 727 2709 797 ἀνὴρ,
2751 727 2810 779 ἐν
2837 725 2990 792 τάξει
3023 726 3080 779 δέ
3124 727 3372 799 ὑπάρχου
3401 730 3435 798 ἡ
3482 735 3619 800 γυνὴ

2039 807 2134 860 καὶ
2157 808 2483 878 στρατηγοῦ·
2517 809 2610 861 καὶ
2636 809 2688 860 οἰ
2717 809 2908 872 παῖδες
2938 809 2995 862 δὲ
3036 810 3212 880 ἀρχὴν
3245 810 3621 882 κεκλήρωνται

2037 889 2244 960 τρίτην·
2277 887 2395 943 εἶτα
2436 892 2574 960 μετά
2613 891 2785 945 ταῦτα
2813 892 2961 964 ἀρχὴ
2992 894 3228 962 τετάρτη
3262 895 3294 962 ή
3337 894 3447 947 τῶν
3475 896 3624 948 οἰκε-

2037 975 2167 1026 τῶν·
2191 973 2414 1043 καὶγὰρ
2445 975 2542 1027 καλ⁵
2573 971 2720 1028 οὗτοι
2745 974 3010 1043 κρατοῦσι
3037 975 3146 1027 τῶν
3175 974 3494 1039 ἐλαττόνων,
3527 978 3624 1030 καὶ

2038 1051 2116 1120 εἷς
2144 1074 2227 1119 τις
2261 1057 2516 1118 πολλάκις
2537 1060 2650 1120 τοῖς
2678 1060 2843 1111 πᾶσιν
2870 1059 3164 1128 ἐφέστηκε,
3191 1057 3288 1128 τὴν
3311 1058 3404 1111 τοῦ
3428 1059 3623 1113 δεσπό-

2036 1155 2130 1192 του
2183 1139 2335 1203 τάξιν
2375 1139 2670 1209 διατηρῶν,
2724 1141 2863 1211 πλὴν
2914 1143 2990 1206 ὼς
3029 1141 3268 1210 οἰκέτης.
3325 1142 3434 1194 Kal
3480 1143 3623 1211 μετά

2035 1221 2239 1290 ταύτης
2265 1221 2428 1292 ἑτέρα
2451 1221 2613 1274 πάλιν
2637 1221 2780 1292 ἀρχὴ
2806 1225 2898 1274 καὶ
2928 1225 2987 1275 ἐν
3010 1224 3198 1285 αὐτοῖς
3226 1225 3259 1287 ἡ
3283 1221 3394 1290 ,τῶν
3425 1239 3620 1290 γυναι-

2038 1305 2170 1368 κῶν,
2201 1307 2233 1374 ἡ
2263 1304 2373 1355 τῶν
2402 1304 2608 1358 παίδων
2627 1313 2668 1365 ⁸,
2708 1307 2804 1356 καὶ
2828 1307 2886 1357 ἐν
2910 1307 3098 1369 αὐτοῖς
3129 1307 3240 1368 τοῖς
3273 1307 3432 1357 παισὶ
3457 1305 3621 1357 πάλιν

2039 1385 2200 1455 ἑτέρα
2237 1387 2380 1439 κατά
2415 1388 2515 1455 τὴν
2559 1386 2774 1456 ἠλικίαν
2821 1388 2916 1439 καὶ
2950 1389 3094 1440 κατά
3129 1388 3229 1458 τὴν
3265 1386 3449 1454 φύσιν·
3499 1387 3620 1440 οὐδὲ

2038 1470 2144 1540 γὰρ
2183 1471 2240 1522 ἐν
2286 1474 2397 1531 τοῖς
2429 1471 2662 1534 παιδίοις
2714 1470 2916 1540 ὁμοίως
2959 1473 3020 1525 τὸ
3059 1471 3195 1541 θῆλυ
3247 1473 3462 1541 κρατεῖ.
3510 1472 3621 1526 Kal

2039 1552 2314 1623 πανταχοῦ
2344 1555 2411 1606 δι’
2450 1553 2634 1620 ὀλίγου
2675 1555 2766 1606 καὶ
2797 1554 3006 1616 πυκνὰς
3049 1555 3275 1624 ἐποίησε
3315 1553 3416 1616 τάς
3448 1551 3623 1624 ἀρχάς

2035 1636 2064 1688 ὁ
2096 1636 2250 1704 Θεὸς,
2278 1637 2364 1689 ἵνα
2391 1637 2570 1690 πάντα
2601 1639 2658 1688 ἐν
2692 1636 2916 1705 ὁμονοία
2948 1636 3085 1710 μένῃ
3116 1639 3208 1690 καὶ
3239 1635 3465 1707 εὐταξία
3493 1635 3621 1688 πολο
3661 1676 3668 1682 .

2035 1717 2124 1788 λῇ.
2159 1719 2257 1771 Διά
2299 1718 2458 1770 τοῦτο
2498 1718 2596 1770 καὶ
2629 1719 2758 1787 πρὶν
2808 1720 2888 1780 εἰς
2932 1719 3134 1787 πλῆθος
3165 1717 3514 1789 ἐξενεχθῆναι
3563 1717 3624 1770 τὸ

2036 1802 2211 1869 γένος,
2235 1801 2328 1853 δύο
2361 1799 2538 1870 μόνων
2565 1800 2736 1852 ὄντων
2761 1799 2872 1853 τῶν
2900 1800 3154 1870 πρώτων,
3181 1801 3258 1870 τῷ
3286 1802 3385 1871 μὲν
3408 1802 3620 1871 ἄρχειν,

2035 1887 2102 1954 τῇ
2148 1883 2204 1936 δὲ
2237 1883 2502 1954 ἄρχεσθαι
2537 1883 2818 1936 ἐκέλευσε.
2857 1883 2966 1934 Kal
2999 1883 3084 1935 ἵνα
3128 1883 3202 1953 μὴ
3235 1884 3310 1945 ὡς
3342 1883 3624 1946 ἐλάττονος

2037 1971 2354 2037 καταφρονῇ
2393 1967 2554 2020 πάλιν
2595 1969 2689 2020 καὶ
2730 1964 3116 2036 ἀποσχίζηται,
3160 1968 3263 2036 δρα
3303 1967 3420 2028 πῶς
3450 1966 3622 2034 αὐτὴν

2037 2050 2265 2122 ἐτίμησέ
2313 2067 2370 2102 τε
2423 2053 2516 2103 καὶ
2563 2053 2741 2120 ἧνωσε
2798 2051 2893 2103 καὶ
2943 2049 3050 2120 πρὸ
3091 2053 3190 2120 τῆς
3237 2049 3620 2119 δημιουργίας.

2035 2132 2391 2202 Ποιήσωμεν
2425 2135 2535 2204 7&9
2575 2131 2755 2204 αύτῷ,
2794 2134 2959 2202 φησι,
2989 2133 3251 2201 βοηθόν·
3293 2133 3506 2194 δεικνὺς
3540 2131 3620 2184 δτι

2036 2218 2116 2279 εἰς
2156 2218 2346 2286 χρείαν
2388 2216 2554 2271 αὑτοῦ
2579 2218 2772 2284 γέγονε
2794 2257 2808 2278 ,
2837 2218 2929 2270 καὶ
2963 2217 3136 2289 ταύτῃ
3169 2217 3419 2284 συνάγων
3456 2215 3620 2269 αὑτὸν

2037 2301 2173 2369 πρὸς
2196 2300 2294 2367 τὴν
2316 2300 2382 2351 δι’
2413 2300 2576 2353 αὐτὸν
2599 2300 2994 2369 γεγενημένην.
3022 2301 3131 2354 Καὶ
3156 2301 3264 2370 γὰρ
3287 2299 3424 2369 πρὸς
3443 2298 3619 2353 ταῦτα

2035 2383 2368 2453 οἰκειότερον
2395 2381 2717 2452 διακείμεθα
2748 2383 2815 2433 τὰ
2845 2382 2913 2433 δι’
2940 2383 3086 2452 ἡμᾶς
3134 2383 3466 2452 πραχθέντα.
3503 2383 3620 2435 Ἵνα

2035 2467 2092 2519 δὲ
2121 2467 2197 2536 μὴ
2225 2468 2521 2538 ἐπαίρηται
2554 2467 2715 2519 πάλιν
2744 2465 2949 2537 ἐκείνη,
2980 2465 3054 2526 ὡς
3079 2469 3158 2528 εἰς
3189 2466 3443 2535 βοήθειαν
3470 2465 3618 2535 αὐτῷ

2035 2549 2270 2610 δοθεῖσα,
2305 2554 2398 2602 καὶ
2435 2553 2527 2602 τὸν
2567 2551 2767 2620 δεσμὸν
2810 2550 3101 2620 ἀπορρήξῃ
3135 2548 3340 2612 τοῦτον,
3382 2548 3490 2602 ἀπὸ
3515 2549 3614 2620 τῆς

2036 2624 2284 2707 πλευρᾶς
2319 2635 2490 2705 αὐτὴν
2519 2637 2678 2697 ποιεῖ,
2711 2634 2926 2698 δεικνὺς
2953 2635 3034 2687 ὅτι
3078 2635 3244 2706 μέρος
3285 2633 3379 2686 τοῦ
3414 2632 3613 2696 παντός

2035 2719 2182 2770 ἐστιν
2223 2719 2358 2787 αὕτη
2392 2718 2484 2770 τοῦ
2528 2719 2798 2790 σώματος.
2845 2721 2965 2773 Ἵνα
3007 2719 3063 2772 δὲ
3110 2719 3244 2789 μηδὲ
3285 2719 3312 2771 δ
3354 2719 3496 2789 ἀνὴρ
3529 2719 3617 2770 ἐν·

2033 2800 2224 2854 τεῦθεν
2255 2803 2575 2873 ἐπαί;.ηται,
2601 2804 2786 2855 οὐκέτι
2819 2804 3044 2870 ἀφίησιν
3071 2800 3210 2855 εἶναι
3245 2802 3432 2872 μόνου,
3459 2802 3488 2854 δ
3529 2803 3620 2872 μό-

2033 2901 2125 2936 νου
2172 2883 2235 2936 τδ
2278 2885 2539 2955 πρότερον
2593 2884 2828 2951 ἐγένετο,
2862 2884 2997 2937 ἀλλὰ
3043 2885 3353 2937 τούναντίον
3393 2887 3615 2955 ἐποίησε

2032 2968 2227 3038 τούτῳ,
2260 2968 2359 3038 τὴν
2392 2967 2738 3020 παιδοποιίαν
2770 2966 3105 3036 εἰσαγαγὼν,
3149 2967 3246 3020 κᾶν
3275 2969 3449 3040 τούτῳ
3482 2984 3617 3039 προ-

2032 3056 2271 3124 τιμήσας
2313 3055 2412 3124 μὲν
2438 3054 2528 3108 τὸν
2567 3054 2757 3126 ἄνδρα,
2800 3055 2857 3107 ού
2900 3055 3006 3126 μὴν
3051 3055 3111 3108 τὸ
3143 3057 3252 3108 πᾶν
3292 3058 3449 3126 ἀφεὶς
3477 3050 3615 3108 εἶναι

2032 3137 2220 3190 αὐτοῦ.

2103 3284 2164 3338 δ’.
2198 3279 2349 3347 Εἶδες
2384 3284 2582 3346 πόσους
2606 3284 2932 3353 συνδέσμους
2964 3285 3182 3355 ἀγάπης
3213 3286 3242 3337 ό
3263 3287 3394 3349 Θεὸς
3431 3287 3616 3359 ιίργά-

2034 3382 2196 3433 σατο;
2235 3367 2394 3422 ’Λλλά
2415 3367 2587 3419 ταῦτα
2613 3367 2710 3437 μὲν
2735 3369 2844 3420 ἀπὸ
2871 3369 2972 3436 τῆς
3001 3368 3216 3437 φύσεως
3247 3371 3518 3439 κατέθηκε
3547 3374 3614 3440 τῇ

2029 3450 2252 3520 ὁμονοία
2278 3450 2344 3502 τά
2379 3450 2628 3520 ἐνέχυρα.
2662 3452 2772 3502 Καὶ
2791 3452 2900 3520 7&9
2919 3452 2980 3501 τὸ
3005 3453 3104 3520 τῆς
3134 3453 3300 3522 αὐτῆς
3330 3453 3516 3517 ούσίας
3538 3448 3617 3506 εἴ·

2031 3551 2139 3597 ναι,
2178 3535 2257 3596 είς
2284 3531 2441 3586 τοῦτο
2481 3534 2624 3602 ἀγει·
2654 3535 2762 3586 πᾶν
2791 3534 2900 3602 7&9
2933 3533 3072 3596 ζῶον
3103 3534 3294 3605 ἀγαπᾷ
3333 3536 3392 3588 τὸ
3430 3536 3617 3605 ὅμοιον

2031 3615 2200 3686 αύτῷ·
2233 3617 2328 3668 καὶ
2372 3616 2433 3667 τὸ
2485 3616 2546 3680 ἐξ
2569 3616 2766 3685 ἀνδρὸς
2805 3617 2904 3685 τὴν
2938 3618 3173 3682 γυναῖκα
3214 3611 3373 3681 εἶναι,
3426 3620 3516 3672 καὶ
3555 3619 3618 3672 τὸ

2031 3701 2090 3764 ἐξ
2123 3700 2448 3770 ἀμφοτέρων
2495 3701 2656 3752 πάλιν
2693 3699 2818 3761 τοὺς
2853 3699 3068 3762 παῖδας.
3104 3698 3267 3752 Ὅθεν
3306 3701 3398 3759 καὶ
3435 3701 3617 3755 πολλοὶ

2031 3785 2256 3852 φύονται
2301 3782 2594 3847 διαθέσεως
2624 3783 2838 3854 τρόποι.
2873 3784 2976 3837 Τὸν
3010 3785 3107 3853 μὲν
3136 3783 3246 3854 γὰρ
3283 3782 3358 3847 ὡς
3402 3785 3617 3857 πατέρα

2029 3867 2354 3938 ἀγαπῶμεν,
2389 3867 2478 3919 τὸν
2511 3869 2566 3920 δὲ
2595 3863 2670 3930 ὡς
2703 3867 2926 3921 πάππον
2952 3882 2964 3893 ·
2997 3869 3092 3919 καὶ
3123 3869 3220 3930 τὴν
3270 3867 3368 3937 μέν
3399 3867 3473 3931 ὡς
3505 3887 3614 3938 μη-

2029 3954 2184 4024 τέρα,
2217 3955 2315 4023 τὴν
2347 3953 2402 4005 δὲ
2441 3952 2516 4015 ὡς
2546 3945 2792 4022 τίθηνόν·
2851 3953 2944 4004 καὶ
2987 3951 3078 4002 τόν
3126 3950 3227 4019 μὲν
3259 3951 3334 4014 ὼς
3367 3952 3480 4006 υἱὸν
3518 3954 3614 4005 καὶ

2031 4037 2253 4105 ἔγγονον
2285 4037 2376 4088 καὶ
2410 4037 2470 4102 ἐξ
2505 4036 2746 4104 ἐγγόνων
2779 4036 2960 4097 πάλιν,
2993 4033 3090 4104 τὴν
3126 4035 3183 4087 δὲ
3222 4033 3296 4098 ὡς
3336 4033 3613 4107 θυγατέρα

2030 4122 2125 4172 καὶ
2156 4119 2505 4188 θυγατριδῆν·
2543 4119 2637 4172 καὶ
2667 4119 2759 4170 τὸν
2793 4119 2890 4188 μὲν
2928 4117 3004 4180 ὼς
3042 4117 3295 4185 ἀδελφὸν,
3330 4121 3420 4171 τὸν
3451 4119 3509 4172 δὲ
3535 4120 3612 4183 ὡς

2032 4202 2181 4275 [515]
2217 4201 2549 4276 ἀδελφιδοῦν·
2577 4201 2669 4255 καὶ
2701 4203 2800 4271 τὴν
2823 4202 2920 4271 μὲν
2947 4199 3022 4264 ὡς
3044 4200 3296 4272 ἀδελφὴν,
3325 4201 3420 4270 τὴν
3450 4203 3506 4255 δέ
3535 4203 3610 4267 ὡς

2029 4286 2336 4358 ἀδελφιδῆν.
2373 4284 2483 4337 Kal
2513 4284 2562 4336 τί
2594 4284 2700 4355 γὰρ
2734 4283 2814 4336 δεῖ
2847 4282 3025 4336 πάντα
3055 4284 3374 4351 καταλέγειν
3407 4286 3474 4339 τά
3511 4287 3610 4358 τῆς

2031 4371 2353 4438 συγγενείας
2381 4361 2624 4438 ὀνόματα
2647 4383 2662 4432 ;
2701 4367 2990 4438 Ἐπενόησε
3013 4369 3070 4422 δέ
3096 4366 3190 4422 καὶ
3220 4369 3411 4440 ἑτέραν
3426 4370 3609 4424 διαθέ-

2029 4471 2166 4518 σεως
2196 4452 2472 4506 ὑπόθεσιν·
2497 4451 2886 4522 ἀπαγορεύσας
2908 4453 3018 4523 7&9
3038 4453 3162 4514 τοὺς
3189 4451 3295 4503 τῶν
3330 4454 3606 4522 συγγενῶν

2027 4539 2257 4607 γάμους,
2288 4536 2372 4588 ἐπ’
2394 4529 2710 4605 ἀλλοτρίους
2730 4535 2876 4604 ἡμᾶς
2905 4536 3166 4605 ἐξήγαγε,
3189 4534 3475 4600 κάκείνους
3492 4539 3603 4592 πά..

2026 4619 2108 4672 λιν
2146 4620 2280 4690 πρὸς
2311 4619 2457 4689 ἡμᾶς
2502 4618 2768 4670 εἵλκυσεν.
2816 4617 3033 4686 Ἐπειδὴ
3082 4616 3191 4686 7&9
3224 4617 3331 4668 ἀπὸ
3373 4619 3471 4686 τῆς
3504 4637 3604 4688 φυ-

2030 4701 2186 4771 σικῆς
2215 4701 2420 4772 ταύτης
2451 4701 2770 4769 συγγενείας
2799 4701 2900 4754 ούκ
2933 4697 3000 4771 ἦν
3029 4699 3271 4762 ἐκείνους
3306 4701 3438 4769 ἡμῖν
3481 4718 3602 4753 συν-

2025 4783 2281 4852 αφθῆναι,
2317 4785 2426 4837 ἀπὸ
2457 4785 2551 4837 τοῦ
2579 4787 2757 4855 γάμου
2793 4785 2950 4838 πάλιν
2990 4781 3246 4854 συνῆψεν,
3276 4783 3602 4857 ὁλοκλήρους

2023 4866 2198 4928 οἰκίας
2217 4867 2305 4919 διὰ
2324 4867 2422 4935 τῆς
2446 4869 2574 4937 μιᾶς
2594 4870 2811 4939 νύμφης
2830 4868 3100 4934 συνάγων,
3128 4866 3220 4918 καὶ
3241 4865 3370 4937 γένη
3394 4870 3607 4936 γένεσιν

2023 4951 2118 5004 δλα
2153 4951 2475 5020 ἀναμιγνύς.
2512 4951 2607 5017 Μὴ
2643 4952 2812 5021 γάμει
2843 4952 2974 5020 γὰρ.
3005 4950 3160 5017 φησι.
3194 4949 3308 5018 τὴν
3332 4951 3610 5022 ἀδελφὴν

2021 5035 2137 5101 τὴν
2162 5033 2305 5099 σὴν,
2339 5033 2496 5102 μηδέ
2537 5034 2650 5101 τὴν
2698 5033 2976 5102 ἀδελφὴν
3020 5032 3128 5086 τοῦ
3171 5037 3414 5102 πατρὸς,
3452 5035 3608 5105 μηδὲ

2020 5119 2221 5184 ἀλλην
2255 5120 2442 5186 κόρην
2471 5118 2585 5184 τὴν
2624 5119 2911 5182 τοιαύτην
2936 5116 3296 5185 συγγένειαι·
3334 5121 3484 5188 πρὸς
3529 5119 3606 5173 οὲ

2019 5202 2416 5269 κεκτημένην,
2459 5202 2492 5272 ἢ
2527 5197 2817 5254 διακωλύει
2862 5199 2951 5250 τὸν
2993 5200 3189 5272 γάμον,
3227 5204 3454 5274 ὀνόματι
3492 5203 3605 5264 θεὶς

2018 5285 2126 5338 τῶν
2160 5284 2416 5340 τοιούτων
2470 5282 2749 5352 συγγενῶν
2798 5281 2866 5334 τὰ
2913 5282 3046 5354 εἴδη.
3097 5287 3282 5357 Ἀρκεῖ
3334 5304 3416 5341 σοι
3469 5285 3604 5354 πρὸς

2017 5369 2115 5437 τὴν
2147 5369 2371 5420 ἐκείνων
2403 5367 2641 5421 διάθεσιν
2670 5365 2731 5417 τὸ
2770 5363 2928 5419 λῦσαι
2966 5375 3065 5432 τὰς
3094 5371 3264 5433 αύτὲις
3301 5371 3518 5431 ὠδῖνας,
3541 5365 3605 5417 τὸ

2015 5451 2218 5520 ἑτέρως
2266 5466 2346 5503 σοι
2396 5450 2696 5520 προσήκειν
2740 5448 2837 5511 τὰς
2873 5450 3060 5514 ἄλλας.
3132 5454 3197 5506 Τί
3251 5449 3604 5520 στενοχωρεῖς

2014 5534 2115 5604 τῆς
2153 5535 2376 5603 ἀγάπης
2413 5533 2474 5585 τὸ
2507 5530 2743 5595 πλάτος;
2791 5531 2844 5584 τί
2882 5535 3152 5605 περιττῶς
3192 5530 3446 5590 ὑπόθεσιν
3473 5533 3604 5585 ἀνα-

2013 5616 2221 5680 λίσκεις
2245 5619 2324 5679 εἰς
2360 5613 2529 5682 αὐτὴν
2555 5613 2756 5681 φιλίας,
2798 5615 2864 5669 δι’
2907 5613 2974 5688 ἦς
3021 5617 3248 5672 δύνασαι
3279 5620 3374 5669 καὶ
3406 5613 3601 5685 ἐτέραν

2015 5699 2341 5768 πορίσασθαι
2364 5696 2544 5764 φιλίας
2571 5699 2843 5770 ἀφορμὴν,
2875 5699 3074 5764 ἔξωθεν
3096 5701 3326 5768 γυναῖκα
3349 5696 3594 5767 ἀγαγὼν,

2075 5885 2094 5909 ⁶
2134 5872 2341 5922 Deerant
2367 5869 2529 5932 verba,
2553 5875 2632 5922 καὶ
2653 5874 2701 5922 ἐν
2719 5874 2954 5930 αὐτοῖς...
2970 5873 3151 5921 παίδων
