4038 6216
459 467 580 507 cem
604 450 741 507 hanc
769 449 1104 522 iniquitatem
1133 464 1258 508 esse
1286 460 1458 522 putet,
1490 452 1585 508 sed
1616 462 1673 509 et
1697 452 1964 522 duplicem
1994 460 2047 507 ct

461 526 721 611 triplicem
752 547 810 596 et
837 540 1213 617 multiplicem.
1242 539 1362 612 Non
1405 542 1551 599 enim
1592 544 1695 598 hoc
1732 544 1908 602 solum
1951 543 2050 599 ab-

458 631 680 688 surdum
719 641 827 698 est,
856 632 1001 704 quod
1029 648 1091 689 ea
1121 648 1186 690 se
1211 627 1350 690 vane
1377 633 1683 705 glorientur
1708 634 1849 692 scire
1871 676 1887 700 ,
1928 650 2048 706 qua:

458 724 687 792 Spiritus
712 722 883 779 solius
906 732 1035 779 sunt
1059 732 1117 780 et
1144 711 1400 795 unigeniti
1438 714 1557 779 Filii
1587 720 1717 789 Dei;
1746 724 1841 779 sed
1884 726 2049 781 etiam

456 812 617 884 quod.
648 828 771 868 cum
810 813 1011 872 Paulus
1037 830 1106 872 ne
1134 826 1340 887 partem
1367 810 1584 887 quidem
1614 816 1759 871 illam
1785 817 2048 889 cognitio-

455 905 539 959 nis
566 905 685 960 sine
714 920 945 977 superna
977 896 1311 963 revelatione
1346 906 1593 992 accipere
1635 896 1910 977 potuerit,
1943 910 2044 978 ipsi

455 1004 623 1049 totum
648 1010 719 1051 ex
748 998 980 1067 propriis
1004 996 1300 1053 ratiociniis
1326 1011 1387 1052 se
1412 999 1687 1074 accepisse
1712 998 1916 1061 dicant.
1940 999 2048 1057 Ne-

451 1103 557 1156 que
581 1090 725 1144 enim
759 1105 983 1169 usquam
1020 1100 1248 1171 possunt
1277 1088 1646 1167 Scripturam,
1692 1108 1812 1162 quae
1849 1092 1919 1148 de
1958 1092 2045 1149 his

451 1178 800 1245 disseruerit,
835 1164 990 1238 nobis
1017 1164 1326 1237 ostendere.
1370 1164 1481 1237 Sed
1511 1182 1676 1237 missa
1709 1184 1924 1240 illorum
1958 1186 2042 1240 in-

450 1273 622 1340 sania,
654 1275 933 1344 sequentia
959 1288 1079 1351 quae
1106 1272 1177 1328 de
1203 1273 1430 1347 caritate
1466 1272 1718 1330 dicuntur
1748 1292 2043 1349 persequa-

450 1379 591 1417 ntur.
621 1351 807 1435 Neque
833 1365 977 1421 enim
1004 1362 1091 1433 bis
1116 1372 1402 1419 cuntcntus
1428 1363 1559 1430 fuit,
1586 1365 1678 1421 sed
1710 1382 1899 1423 rursus
1926 1367 2043 1425 hmc

447 1454 757 1525 subjungit:
788 1456 875 1511 i3.
909 1453 1064 1508 Nunc
1091 1464 1263 1508 autem
1290 1465 1461 1521 manet
1486 1455 1634 1525 ﬁdes,
1662 1474 1797 1525 spes,
1826 1460 2038 1527 caritas,

448 1546 547 1598 tria
573 1546 717 1611 lure;
745 1545 913 1614 major
941 1555 1110 1600 autem
1135 1536 1315 1601 horum
1342 1535 1414 1601 est
1440 1549 1645 1602 caritas.
1764 1536 1767 1537 ν

519 1636 573 1690 5.
601 1635 841 1690 Cerialis
863 1629 1341 1717 succuum—Nam
1372 1638 1506 1718 fides
1526 1649 1580 1695 et
1608 1655 1755 1721 spes,
1788 1657 1907 1697 cum
1939 1643 2037 1699 ad-

447 1728 699 1783 venerint
732 1729 871 1784 bona
907 1745 1026 1801 qua:
1048 1729 1252 1786 credita
1274 1740 1330 1787 et
1349 1743 1561 1803 sperata
1594 1732 1830 1801 fuerunt,
1858 1751 2040 1793 cessa-

446 1821 595 1872 lmnt.
627 1820 692 1874 Et
721 1820 820 1876 hoc
850 1821 1164 1893 significans
1192 1822 1392 1879 Paulus
1422 1812 1691 1880 dicebat:
1738 1827 1872 1898 Spes
1906 1829 2039 1882 enim

442 1925 556 1979 qua:
578 1910 795 1971 videtur,
829 1927 933 1965 non
963 1922 1037 1966 est
1070 1928 1187 1980 spes
1216 1929 1235 1966 :
1262 1915 1399 1983 quod
1422 1916 1556 1984 enim
1595 1917 1728 1981 videt
1753 1920 1885 1987 quis,
1914 1920 2040 1989 quid

442 2000 594 2053 etiam
621 2011 787 2070 speret
826 1990 1004 2072 (Rom.
1033 2004 1085 2058 8.
1116 2003 1210 2072 ει)
1238 2004 1263 2058 τ
1287 2016 1342 2058 et
1371 2021 1586 2075 rursum
1618 2025 1630 2060 :
1661 2007 1754 2061 Est
1780 2019 1948 2068 autem
1972 2012 2040 2077 [i-

442 2090 531 2144 dos
558 2089 735 2145 eorum
770 2108 886 2161 qua
922 2099 1195 2163 sperantur
1223 2094 1503 2149 substantia
1522 2138 1538 2164 ,
1584 2114 1753 2152 rerum
1794 2115 1907 2168 qua!
1936 2116 2037 2155 non

442 2184 672 2237 uidentur
711 2194 1065 2254 argumentum
1093 2183 1289 2256 (Hebr.
1323 2186 1413 2242 Η.
1441 2186 1527 2257 Ι).
1560 2180 1918 2263 Quamobrem
1952 2190 2037 2246 hat

442 2273 658 2343 quidem
681 2274 1104 2331 cessabuntcum
1134 2276 1219 2331 illa
1238 2279 1581 2347 apparuerint
1602 2297 1615 2333 :
1642 2282 1837 2342 caritas
1857 2291 2034 2337 autem

444 2374 573 2420 tunc
618 2367 853 2423 maxime
880 2352 1188 2437 extollitur,
1233 2366 1291 2447 et
1327 2369 1386 2424 tit
1432 2370 1822 2434 vehementior.
1873 2372 2035 2431 Aliud

443 2473 634 2514 rursus
679 2459 1261 2517 encomiumcaritatis
1300 2480 1313 2515 :
1346 2478 1522 2534 nequc
1560 2454 1705 2520 enim
1747 2475 2035 2521 contentus

439 2560 524 2606 est
550 2551 849 2620 prioribus,‘
871 2552 971 2607 sed
998 2562 1053 2607 et
1075 2553 1181 2607 alia
1219 2569 1431 2608 rursum
1470 2556 1711 2613 invenire
1734 2559 2031 2629 contendit.

440 2644 694 2699 Animum
738 2652 916 2698 autem
970 2643 1168 2725 adhibe
1204 2663 1218 2700 :
1264 2644 1399 2721 dixit
1443 2636 1562 2702 eam
1607 2649 1873 2709 charisma
1912 2638 2036 2706 θεεθ

440 2751 692 2807 magnum
721 2743 778 2790 et
798 2735 937 2789 viam
958 2724 1028 2792 ad
1057 2736 1173 2792 haec
1202 2726 1689 2809 supereminentem
1714 2756 1730 2807 ;
1759 2724 1892 2795 dixit
1916 2742 2034 2797 sine

441 2827 530 2881 illa
573 2842 678 2881 non
722 2826 1170 2897 multumjnvare
1211 2829 1561 2894 charismata,
1598 2832 1716 2900 ejus
1746 2816 2032 2902 imaginem

441 2917 683 2987 plurihus
735 2917 1021 2987 descripsit
1069 2936 1082 2971 :
1132 2920 1244 2974 vult
1288 2912 1497 2992 rursus
1526 2921 1672 2976 illam
1721 2910 1837 2977 alio‘
1873 2912 2034 2979 modo

439 3008 721 3075 extollere,
744 3020 798 3062 ct
822 3008 1111 3065 ostendere
1139 3009 1282 3080 quod
1301 3012 1490 3081 magna
1508 3011 1576 3065 sit
1592 3027 1657 3067 ex
1675 3028 1743 3068 eo
1757 3014 1899 3084 quod
1920 3031 2033 3076 ma-

441 3110 583 3155 neat.
618 3089 863 3169 ideoque
892 3098 1047 3166 dixit,
1082 3099 1237 3156 Nunc
1268 3108 1668 3157 autem'manent
1694 3106 1842 3174 ﬁdes,
1894 3090 2030 3175 spes,

439 3193 648 3256 caritas,
670 3190 775 3246 tria
803 3192 945 3256 hac;
974 3196 1140 3262 major
1163 3206 1330 3249 autent
1360 3196 1543 3266 Iterum
1563 3184 1637 3252 est
1652 3184 1860 3255 caritas.
1890 3200 2032 3268 Quo-

414 3284 604 3340 .modo
631 3272 763 3354 ergo
803 3283 973 3354 major
1014 3296 1097 3339 est
1135 3288 1329 3342 caritas
1359 3287 1383 3341 ?
1410 3288 1561 3357 Quod
1600 3288 1689 3344 illa
1734 3299 2028 3347 transeant.

441 3375 500 3430 Si
534 3388 663 3445 ergo
690 3382 836 3429 tanta
862 3384 947 3430 est
975 3376 1145 3431 virtus
1167 3380 1430 3445 caritatis,
1475 3381 1598 3449 jure
1642 3381 1917 3452 subjungit
1946 3384 2032 3437 di-

441 3480 574 3523 cens
608 3481 623 3519 :
654 3463 934 3521 Sectamini
980 3467 1265 3523 caritatem.
1308 3468 1520 3525 Etenim
1566 3472 1774 3542 insequi
1820 3483 2033 3542 oportet

443 3542 507 3612 ac
533 3555 882 3614 vehementer
908 3559 973 3613 ad
1005 3559 1147 3614 illam
1179 3574 1400 3625 currere
1429 3577 1443 3625 ;
1473 3561 1545 3615 ita
1576 3576 1607 3615 a
1634 3562 1789 3617 nobis
1821 3566 2029 3632 avolat,

442 3659 498 3705 et
524 3656 668 3704 tanta
696 3658 821 3703 sunt
844 3666 964 3720 qua:
983 3661 1288 3722 susceptum
1312 3651 1407 3705 illo
1427 3667 1642 3707 cursum
1666 3654 2030 3724 supplantant.

442 3740 779 3815 Quapropter
806 3757 944 3813 opus
980 3752 1064 3799 est
1105 3758 1205 3799 nos
1236 3758 1425 3818 magna
1469 3744 1543 3800 uti
1585 3745 1943 3814 vehementia,
1978 3761 2036 3805 ut

444 3835 589 3890 illam
640 3836 1160 3905 comprehendamus
1207 3854 1220 3891 :
1279 3827 1421 3908 quOd
1489 3840 1781 3895 ostendens
1847 3841 2035 3898 beatus

444 3925 641 4003 Paulus
658 3942 774 3983 non
799 3928 954 3997 dixit,
983 3929 1282 4001 Sequimini
1306 3930 1607 4013 caritatem,
1632 3931 2029 4004 sed,Perscqui-

445 4021 569 4076 mitti
597 4020 859 4075 caritatem
880 4063 895 4088 ,
923 4023 1164 4078 excitans
1207 4036 1305 4077 nos
1332 4022 1738 4095 accendensque
1772 4025 1836 4078 ad
1890 4026 2033 4081 illam

445 4110 973 4183 apprehendendam.
1003 4113 1217 4169 Etenim
1244 4112 1384 4168 Deus
1408 4129 1438 4168 a
1466 4115 1729 4185 principio
1758 4116 2035 4177 innumera

448 4203 515 4258 ad
551 4201 697 4257 illam
729 4203 783 4257 in
817 4202 974 4258 nobis
1003 4202 1346 4259 inserendam
1386 4204 1722 4260 machinatus
1745 4214 1877 4259 est:
1913 4222 2034 4261 nam

447 4293 695 4351 omnibus
724 4310 888 4350 unum
909 4295 1058 4352 dedit
1090 4304 1271 4366 caput,
1300 4295 1585 4352 Adamum.
1618 4296 1726 4351 Cur
1751 4298 1895 4352 enim
1928 4306 2035 4355 non

447 4404 511 4445 ex
550 4395 689 4441 terra
731 4386 1003 4442 nascimur
1043 4386 1280 4442 otnues?
1317 4402 1412 4443 cur
1456 4377 1561 4442 non
1613 4386 1875 4458 perfecti,
1921 4392 2036 4449 sive

446 4478 610 4537 adulti
635 4477 773 4535 sicut
796 4477 886 4534 ille
912 4478 937 4532 ?
967 4478 1036 4535 Ut
1060 4486 1116 4534 et
1143 4488 1322 4548 partus
1345 4488 1397 4535 et
1418 4480 1643 4533 ﬁliorum
1668 4479 2033 4551 educationes,

446 4583 501 4629 et
544 4569 686 4643 quod
742 4585 809 4625 ex
862 4571 981 4627 aliis
1032 4585 1397 4638 nasceremur,
1429 4585 1527 4626 nos
1574 4579 1762 4625 mutuo
1808 4573 2033 4644 colliga—

448 4672 587 4719 rent.
617 4659 743 4716 Ideo
781 4676 955 4733 neque
985 4662 1266 4717 mulierem
1303 4678 1368 4718 ex
1399 4672 1538 4717 terra
1570 4660 1712 4716 fecit.
1737 4662 1869 4730 Quia
1892 4666 2034 4721 enim

447 4768 552 4809 non
580 4750 709 4808 satis
734 4760 853 4805 erat
878 4752 944 4807 ad
972 4753 1351 4808 verecundiam
1390 4753 1443 4807 in
1480 4751 1634 4805 nobis
1665 4751 2032 4823 inserendam,

446 4857 566 4916 qua}
595 4841 659 4897 ad
687 4843 1029 4898 concordiam
1069 4858 1168 4900 nos
1207 4844 1519 4908 adduceret,
1558 4842 1698 4913 quod
1742 4858 1808 4899 ex
1845 4848 2033 4904 eadem

446 4932 745 4992 substantia
774 4945 1016 4989 essemus
1038 4975 1053 4999 ,
1088 4934 1189 4989 nisi
1215 4932 1466 4989 eumdem
1499 4932 1825 4989 haberemus
1854 4952 2037 5007 proge-

448 5028 675 5082 nitorem
712 5040 726 5077 :
764 5021 879 5077 hoc
925 5039 1136 5095 quoque
1184 5025 1382 5081 eﬂ'ecit.
1427 5023 1481 5079 Si
1526 5022 1668 5079 enim
1710 5040 1852 5079 nunc
1903 5028 2035 5083 solis

402 5118 417 5165 ξ
446 5114 698 5187 disjunﬂi
743 5111 907 5179 locis,
938 5114 1145 5171 alienos
1189 5130 1289 5171 nos
1325 5114 1740 5178 existimamus;
1778 5114 1823 5168 si
1866 5130 2036 5185 genus

448 5202 704 5269 nostrum
728 5207 835 5263 duo
874 5208 1134 5279 principia
1178 5210 1491 5277 habuisset,
1533 5211 1702 5265 multo
1736 5211 1904 5282 magis
1934 5212 2035 5271 hoc

446 5306 707 5364 eveniret.
748 5301 891 5366 ideo,
937 5306 1089 5371 quasi
1135 5305 1201 5361 ah
1245 5322 1350 5362 uno
1377 5306 1572 5378 capite,
1605 5314 1775 5391 totum
1800 5308 2036 5389 generis

448 5398 665 5451 humani
712 5406 905 5461 corpus
942 5391 1234 5462 colligavit.
1270 5396 1338 5450 Et
1366 5397 1489 5468 quia
1541 5396 1594 5451 in
1636 5395 1899 5468 principio
1928 5396 2035 5454 duo
2126 5410 2134 5417 '

447 5487 661 5558 quidam
695 5483 1013 5541 videbantur
1040 5496 1161 5538 esse
1184 5524 1200 5549 ,
1226 5485 1349 5539 vide
1370 5488 1640 5557 quomodo
1666 5487 1786 5541 illos
1807 5486 2032 5557 conglu-

449 5580 579 5633 tinet
607 5588 661 5633 et
694 5578 745 5632 in
776 5590 938 5631 unum
968 5582 1123 5644 cogat
1150 5590 1245 5644 per
1272 5578 1599 5633 conauhium
1641 5598 1654 5632 :
1688 5577 1908 5648 PrOpter
1940 5581 2033 5635 hoc

446 5671 613 5735 enim,
643 5670 833 5738 inquit,
866 5670 1109 5737 relinquet
1140 5668 1289 5723 homo
1322 5678 1513 5737 patrem
1540 5688 1688 5725 suum
1729 5682 1774 5725 et
1801 5680 2029 5736 matrem,

448 5770 491 5814 rt
521 5760 795 5815 oti/carebit
834 5762 983 5816 uxori
1032 5776 1158 5827 sum,
1216 5771 1261 5815 et
1302 5770 1448 5815 erunt
1495 5762 1597 5817 duo
1642 5765 1695 5818 in
1739 5780 1890 5817 carne
1930 5780 2031 5817 tum

1460 338 1539 397 IN-
1565 339 1782 398 EPIST.
1820 337 1842 395 I
1902 336 1996 397 AD
2032 334 2193 394 COR.
2234 338 2469 395 HOMIL.
2509 340 2750 397 XXXIV.

3649 355 3750 413 290

2158 449 2325 545 (Gen.
2352 451 2405 507 2.
2437 453 2568 525 24).
2608 455 2729 513 Non
2764 456 2941 527 dixit,
2986 460 3210 530 Mulier,
3253 467 3575 539 scd.ﬂomo,
3624 477 3750 545 quia

2156 540 2328 633 major
2351 552 2433 633 est
2476 545 2530 600 in
2560 545 2652 602 illo
2676 551 3133 620 concupiscentia.
3170 554 3305 612 Nam
3332 557 3457 617 ideo
3486 540 3749 633 majorem

2156 631 2299 728 illam
2345 622 2491 701 fecit,
2538 646 2595 692 nt
2634 640 2777 710 quod
2822 644 3175 703 excellentius
3216 656 3337 706 erat
3364 622 3604 711 ﬂecteret
3652 674 3751 728 per

2156 721 2312 817 huius
2340 727 2540 782 amoris
2568 732 2933 801 tyrannidem,
2966 746 3022 791 et
3057 737 3399 809 imbecilliori
3428 721 3746 817 subiiceret.

2152 812 2287 881 Quia
2314 831 2444 871 vero
2470 822 2867 878 matrimonium
2888 827 3051 883 etiam
3074 829 3433 889 inducendum
3459 812 3598 906 erat,
3619 855 3743 897 eum

2151 920 2217 960 ex
2246 921 2354 976 quo
2380 917 2494 964 om
2526 920 2643 967 erat
2680 911 2809 969 fecit
2836 915 3050 972 mulieri
3091 921 3345 978 maritum
3380 942 3393 978 :
3426 925 3571 983 Deus
3595 930 3742 991 enim

2150 1000 2329 1079 omnia
2360 1001 2569 1056 caritati
2598 1004 2893 1073 postponit.
2926 1006 2983 1062 Si
3012 1011 3158 1080 enim
3187 1026 3313 1068 cum
3343 1031 3431 1072 res
3474 1018 3548 1085 ita
3588 1018 3745 1081 facta

2150 1090 2258 1183 sint
2279 1130 2296 1157 ,
2327 1092 2533 1161 primus
2561 1096 2745 1151 Statim
2777 1098 2856 1153 sic
2884 1099 3137 1157 insanivit
3162 1113 3476 1178 tantamque
3511 1128 3744 1183 pugnam

2148 1189 2205 1237 et
2230 1182 2481 1238 invidiam
2523 1186 2747 1243 inseruit
2774 1189 3024 1247 diabolus
3056 1209 3071 1258 ;
3115 1194 3243 1265 quid
3276 1211 3384 1253 non
3415 1182 3663 1268 fecisset,
3695 1207 3743 1261 si

2148 1289 2255 1333 non
2276 1291 2341 1331 ex
2372 1294 2477 1338 una
2498 1281 2679 1339 radice
2706 1284 2808 1338 orti
2836 1278 3264 1354 germinassent?
3283 1291 3488 1350 Deinde
3514 1306 3572 1353 ut
3594 1298 3743 1355 aliud

2147 1368 2358 1459 quidem
2389 1371 2764 1440 snhjiceretur,
2803 1377 2945 1432 aliud
2990 1378 3326 1450 imperaret;
3373 1401 3497 1441 nam
3532 1391 3735 1459 paritas

2148 1455 2370 1553 honoris
2395 1461 2535 1553 solet
2556 1478 2699 1534 saepe
2729 1482 2935 1538 pugnas
2963 1470 3215 1528 inducere
3241 1492 3256 1540 ;
3287 1491 3393 1532 non
3419 1455 3547 1535 sivit
3574 1498 3744 1553 popu-

2146 1546 2260 1602 lare
2287 1548 2571 1619 imperium
2600 1569 2742 1621 esse,
2767 1558 2860 1611 sed
2879 1575 3125 1629 regnum,
3155 1573 3211 1619 et
3235 1567 3375 1622 sicut
3404 1569 3455 1624 in
3477 1546 3738 1642 exercitu,

2144 1640 2393 1696 eumdem
2422 1642 2621 1699 videris
2664 1646 2715 1701 in
2754 1648 2981 1718 singulis
3027 1652 3277 1711 domibus
3321 1660 3590 1718 ordinem.
3638 1640 3738 1721 Est

2144 1736 2525 1808 ergovmaritus
2555 1737 2606 1790 in
2637 1738 2829 1795 ordine
2853 1740 2997 1812 regis
3017 1784 3032 1808 ,
3066 1746 3260 1801 mulier
3289 1763 3421 1803 vero
3450 1752 3501 1807 in
3544 1755 3739 1812 ordine

2147 1824 2384 1896 pra-fecti
2430 1836 2524 1880 aut
2562 1828 2713 1884 ducis
2739 1834 3046 1897 exercitus;
3078 1838 3295 1892 tertium
3325 1838 3420 1894 filii
3450 1841 3737 1912 imperium

2145 1918 2481 1985 sortiuntur;
2538 1922 2735 1978 deinde
2784 1936 3033 1996 quartum
3085 1928 3366 1988 domestici
3420 1947 3737 2007 occupant:

2145 2023 2267 2064 nam
2315 2012 2369 2064 hi
2400 2028 2614 2082 quoque
2662 2014 2932 2086 imperant
2960 2017 3280 2087 minoribus,
3327 2033 3381 2080 et
3421 2040 3559 2083 unus
3592 2042 3741 2100 saepe

2141 2104 2395 2159 omnibus
2440 2108 2729 2175 prmfectus
2779 2108 2909 2176 fuit,
2954 2111 3158 2177 domini
3198 2115 3442 2174 ordinem
3491 2133 3739 2188 servans,

2140 2203 2393 2249 caeterum
2423 2205 2479 2250 ut
2503 2197 2849 2255 domesticus.
2871 2201 2939 2257 Et
2968 2215 3091 2273 post
3123 2205 3225 2263 hoc
3251 2209 3398 2265 aliud
3426 2227 3611 2269 rursus
3637 2214 3740 2270 im.

2140 2286 2347 2355 perium
2366 2286 2443 2359 (α)
2462 2285 2541 2360 [et
2562 2290 2613 2342 in
2630 2291 2783 2361 ipsis,
2811 2294 3091 2362 imperium
3112 2299 3422 2369 mulierum,
3454 2304 3737 2375 imperium

2143 2375 2434 2450 ﬁliorum],
2484 2388 2539 2435 et
2582 2378 2637 2435 in
2669 2381 2801 2451 ipsis
2844 2383 2969 2439 filiis
2997 2401 3187 2443 rursus
3235 2392 3382 2447 aliud
3436 2396 3736 2453 secundum

2147 2478 2354 2526 atatem
2394 2480 2449 2527 et
2495 2473 2791 2533 secundum
2834 2490 3023 2533 sexum
3057 2496 3070 2532 :
3105 2495 3211 2536 non
3260 2484 3405 2539 enim
3447 2487 3501 2541 in
3550 2488 3738 2544 liberis

2139 2562 2390 2619 similiter
2418 2563 2752 2622 dominatum
2778 2568 2986 2625 obtinet
3025 2570 3243 2628 femina.
3285 2574 3352 2629 Et
3392 2576 3592 2647 ubique
3622 2578 3737 2635 fere

2140 2650 2282 2706 Deus
2340 2652 2637 2724 frequentia
2676 2655 2803 2713 fecit
2852 2660 3113 2729 imperia,
3170 2672 3230 2718 ut
3280 2666 3463 2720 omnia
3494 2668 3564 2722 'in
3594 2684 3731 2724 con-

2138 2743 2321 2797 cordia
2363 2757 2644 2799 manerent
2681 2757 2737 2802 et
2770 2749 2822 2802 in
2861 2762 3008 2821 recto
3047 2752 3259 2810 ordine.
3313 2755 3542 2825 Idcirco,
3575 2770 3733 2816 aute-

2137 2848 2297 2902 quam
2335 2848 2503 2905 genus
2552 2834 2842 2893 humanum
2885 2841 3357 2910 multiplicaretur,
3404 2862 3526 2902 cum
3571 2852 3735 2920 primi

2136 2923 2246 2979 duo
2263 2933 2466 2979 tantum
2484 2936 2690 2994 essent,
2704 2926 2866 2998 jussit
2887 2929 3026 2987 hunc
3045 2932 3333 3004 imperare,
3354 2934 3503 2991 illam
3520 2952 3733 3007 parere.

2138 3016 2207 3071 Et
2250 3032 2319 3072 ne
2364 3032 2552 3073 rursus
2600 3018 2744 3073 illam
2780 3030 2838 3075 ut
2864 3021 3131 3079 minorem
3179 3024 3519 3097 despiceret,
3558 3039 3616 3086 et
3640 3030 3733 3086 illa

2137 3109 2558 3176 abscinderetur,
2606 3111 2729 3167 vide
2768 3115 3042 3183 quomodo
3085 3116 3231 3172 illam
3274 3119 3625 3177 honoraverit
3670 3134 3727 3179 et

2136 3203 2496 3274 conjunxerit,
2527 3206 2689 3260 etiam
2717 3216 2843 3263 ante
2863 3209 3218 3265 creationem.
3237 3211 3377 3276 Nam
3397 3214 3473 3267 ait
3502 3231 3516 3267 :
3553 3214 3733 3270 Facia-

2138 3312 2250 3349 mus
2278 3296 2358 3349 illi
2384 3296 2672 3365 adjutorem
2720 3296 2869 3368 (Gen.
2898 3298 2951 3353 2.
2985 3299 3079 3370 18)
3110 3316 3125 3364 ;
3168 3302 3460 3358 ostendens
3495 3304 3638 3359 illam
3679 3308 3735 3361 in

2141 3401 2293 3441 usum
2341 3385 2535 3442 factam
2562 3387 2764 3454 fuisse,
2794 3398 2849 3443 et
2876 3388 2978 3445 hac
3007 3393 3217 3453 ratione
3252 3395 3554 3452 concilians
3583 3397 3732 3453 illum

2138 3492 2262 3533 cum
2290 3494 2375 3544 ea,
2406 3495 2526 3548 qua:
2555 3489 2776 3549 propter
2815 3481 2989 3550 ipsum
3033 3481 3174 3539 facta
3202 3482 3303 3539 fuit
3330 3501 3344 3539 :
3377 3502 3499 3541 nam
3544 3492 3735 3560 majori

2139 3571 2334 3626 aﬂ'ectu
2364 3571 2588 3626 ferimur
2626 3587 2752 3642 erga
2794 3590 2857 3629 ea
2886 3591 3007 3645 qua:
3034 3586 3259 3647 propter.
3290 3593 3391 3633 nos
3418 3580 3555 3635 facta
3582 3592 3731 3638 sunt.

2140 3664 2210 3721 Ut
2230 3680 2298 3719 ne
2320 3673 2498 3720 autem
2523 3664 2611 3718 illa
2636 3680 2827 3721 rursus
2851 3667 3157 3733 eli‘erretur,
3189 3674 3451 3740 utpotcin
3474 3676 3731 3731 auxilium

2142 3760 2240 3829 ipsi
2266 3758 2411 3821 data,
2443 3767 2496 3813 et
2527 3759 2628 3813 hoc
2651 3770 2927 3830 rumperet
2952 3762 3249 3831 vinculum,
3287 3779 3353 3818 ex
3386 3764 3552 3821 latere
3580 3766 3742 3823 illam.

2140 3851 2287 3918 fecit,
2338 3851 2631 3907 ostendens
2673 3850 2819 3908 illam
2862 3863 3066 3923 partem
3098 3868 3221 3909 esse
3256 3854 3421 3909 totius
3461 3859 3732 3927 corporis.

2144 3944 2212 4000 Ut
2240 3954 2417 3999 autem
2460 3960 2636 4014 neque
2666 3945 2749 3999 vir
2790 3945 2916 4001 inde
2954 3946 3324 4014 extolleretur,
3356 3963 3461 4003 non
3507 3950 3737 4019 amplius

2140 4038 2271 4094 sinit
2297 4052 2418 4094 esse
2444 4038 2632 4099 solius,
2662 4038 2805 4109 quod
2835 4040 3004 4094 solius
3033 4040 3263 4109 primu'n
3295 4041 3391 4095 fuit
3423 4058 3437 4105 ;
3478 4041 3574 4097 sed
3600 4057 3733 4097 con-

2144 4132 2365 4187 trarium
2413 4130 2558 4197 fecit,
2606 4132 2895 4186 liberon
2948 4134 3377 4200 procreationem
3426 4133 3734 4200 inducens;

2142 4232 2196 4278 et
2222 4222 2321 4276 hac
2348 4222 2400 4275 in
2429 4238 2487 4276 re
2512 4222 2729 4291 quidem
2756 4222 2928 4275 virum
2972 4221 3289 4292 praeferens,
3340 4240 3511 4295 neque
3554 4233 3731 4281 tamen

2144 4323 2311 4371 totum
2336 4313 2434 4382 ipsi
2464 4314 2791 4384 relinquens.

2213 4405 2267 4458 ι.
2304 4403 2545 4458 Vidistin'
2568 4414 2694 4473 quot
2730 4406 2928 4460 amoris
2957 4406 3171 4460 vincula
3200 4407 3340 4463 Deus
3372 4407 3603 4464 fecerit?
3626 4408 3733 4465 Sed

2146 4496 2260 4555 lucc
2300 4496 2515 4566 quidem
2562 4514 2626 4554 ex
2689 4508 2873 4551 natura
2920 4500 3225 4553 concordia:
3274 4502 3489 4570 pignora
3535 4502 3735 4571 posuit.

2143 4589 2276 4647 Nam
2306 4588 2445 4658 quod
2473 4604 2543 4642 cx
2579 4589 2767 4643 eadem
2811 4587 3107 4642 substantia
3158 4592 3247 4651 sit,
3293 4592 3359 4643 ad
3402 4591 3505 4645 hoc
3543 4590 3735 4647 ducit:

2147 4698 2308 4739 omne
2333 4684 2532 4752 quippe
2572 4660 2769 4735 animal
2812 4678 2953 4745 quod
2994 4682 3171 4734 simile
3216 4682 3316 4749 ipsi
3359 4691 3444 4736 est
3468 4692 3651 4747 amat;
3684 4692 3735 4737 et

2144 4775 2283 4847 quod
2310 4775 2505 4829 mulier
2535 4774 2604 4827 sit
2633 4788 2695 4825 cx
2726 4774 2843 4826 viro
2870 4814 2881 4837 ,
2916 4780 2968 4825 cl
2998 4771 3139 4840 quod
3170 4785 3234 4825 ex
3264 4780 3491 4843 utroque
3523 4790 3735 4835 rursun.

2144 4871 2249 4925 sint
2279 4866 2393 4920 lilii.
2422 4864 2577 4921 Unde
2606 4866 2769 4919 etiam
2801 4873 3095 4920 nascuntur
3123 4866 3280 4920 multi
3317 4866 3541 4922 atiectus
3568 4868 3733 4922 modi.

2144 4962 2296 5016 Illum
2344 4973 2575 5029 namque
2616 4967 2672 5011 ut
2702 4966 2909 5028 patrem
2937 4974 3217 5025 amamus,
3257 4960 3405 5013 illum
3451 4969 3508 5014 ut
3535 4974 3733 5023 avum;

2144 5066 2193 5112 et
2224 5055 2367 5112 illam
2395 5064 2452 5107 ut
2480 5059 2733 5115 matrem,
2761 5052 2916 5107 istam
2958 5060 3015 5105 ut
3042 5052 3344 5111 nutricem;
3390 5049 3551 5103 alium
3585 5059 3641 5103 ut
3666 5050 3735 5104 ti-

2144 5150 2296 5216 lium,
2325 5158 2383 5202 ut
2428 5153 2701 5215 nepotem,
2744 5154 2799 5199 ut
2844 5150 3237 5214 pronepotem;
3283 5141 3442 5195 aliam
3473 5148 3531 5196 ut
3572 5142 3736 5197 tiliam

2143 5250 2199 5297 et
2224 5248 2280 5295 ut
2304 5238 2505 5294 seraris
2535 5236 2694 5291 filiam
2721 5255 2732 5291 :
2754 5244 2805 5291 et
2827 5236 2968 5290 hunc
2987 5232 3201 5303 quidem
3230 5242 3287 5286 ut
3309 5231 3547 5305 fratrem,
3571 5237 3734 5290 alium

2143 5351 2274 5390 vero
2303 5342 2359 5386 ut
2388 5331 2681 5401 patruelem
2710 5348 2722 5394 ;
2751 5332 2909 5384 aliam
2942 5336 2997 5381 ut
3023 5341 3287 5394 sororem,
3315 5328 3474 5382 aliam
3506 5338 3563 5383 ut
3601 5344 3735 5382 con-

2143 5425 2435 5483 sobrinam.
2470 5423 2537 5477 Et
2568 5422 2694 5492 quid
2726 5435 2859 5489 Opus
2888 5428 2972 5475 est
2999 5433 3289 5474 recensere
3326 5422 3501 5475 omnia
3533 5434 3735 5489 cogna-

2143 5518 2304 5574 tionis
2335 5515 2551 5569 nomina
2581 5515 2604 5567 ?
2638 5511 2972 5582 Excogitavit
2999 5512 3159 5565 etiam
3204 5513 3362 5566 aliam
3394 5509 3615 5564 affectus
3642 5525 3734 5562 oc-

2141 5616 2411 5672 casionem
2450 5630 2461 5665 :
2487 5609 2768 5681 prohibitis
2789 5606 2932 5662 enim
2961 5617 3310 5678 cognatorum
3338 5604 3642 5671 connubiis,
3665 5605 3733 5660 ad

2208 5773 2280 5834 (a)
2316 5768 2506 5818 Uncinis
2521 5764 2683 5816 clausa
2709 5774 2737 5813 c
2766 5761 3052 5814 Commelin.
3080 5758 3430 5824 supplerimus.
