4038 6216
221 286 321 343 ⁸391

220 401 318 452 καὶ
347 398 411 450 δι’
448 394 661 464 ἐκείνης
713 395 989 462 συγγενῶν
1022 396 1283 465 ὁρμαοὺν,
1315 400 1408 450 καὶ
1445 397 1678 468 μητέρα,
1714 394 1809 447 καὶ

222 480 456 550 πατέρα,
490 478 584 529 καὶ
602 475 884 543 ἀδελφοὺς,
918 478 1013 529 καὶ
1040 480 1167 539 τοὺς
1193 480 1397 531 τούτων
1430 478 1798 545 ἐπιτηδείους;

225 559 376 623 Εἶδες
410 561 597 620 πόσοις
634 558 856 628 τρόποις
895 560 1043 629 ἡμᾶς
1095 562 1418 631 συνέδησεν;
1472 561 1609 613 Ἀλλ’
1655 560 1803 627 ὅμως

220 644 344 697 οῦδέ
373 641 548 695 ταῦτα
575 640 723 711 αὐτῷ
740 641 996 711 ἧρκεσεν,
1029 642 1164 695 ἀλλά
1197 645 1289 696 καὶ
1315 643 1560 713 ἀλλήλων
1585 640 1805 711 χρῄζειν

224 725 637 797 παρεσκεύασεν
661 735 709 787 ι,
761 724 850 776 ἵνα
902 722 997 777 καὶ
1055 726 1226 788 θ’ύτως
1284 728 1432 796 ἡμᾶς
1498 724 1802 794 συναγάγῃ.

222 808 414 879 ἐπειδὴ
452 808 687 879 μάλιστα
712 806 813 869 τάς
843 808 1026 877 φιλίας
1054 809 1111 860 αἱ
1138 812 1321 880 χρεῖαι
1351 809 1583 862 ποιοῦσι.
1617 808 1714 859 Διά
1740 808 1803 875 δὴ

223 892 381 946 τοῦτο
402 893 522 945 οὐδὲ
550 891 726 944 πάντα
752 891 929 961 ἀφῆκε
963 892 1239 961 πανταχοῦ
1269 891 1538 959 γίνεσθαι,
1563 892 1648 943 ἵνα
1675 892 1807 942 κάν-

223 975 418 1029 τεῦθεν
442 974 698 1044 ἀλλήλοις
734 974 1134 1041 ἀναμίγνυσθαι
1172 976 1478 1045 ἀναγκάσῃ.
1516 974 1808 1041 Καταστή-

224 1077 326 1123 σας
369 1059 425 1111 δὲ
460 1060 607 1129 ἡμᾶς
645 1060 703 1110 ἐν
746 1058 904 1128 χρείᾳ
943 1057 1209 1127 ἀλλήλων,
1240 1057 1464 1111 εὔκολον
1503 1058 1666 1110 πάλιν
1708 1056 1807 1125 τὴν

224 1142 503 1211 ἐπιμιξίαν
552 1140 826 1209 ἐποίησεν·
864 1139 984 1191 ἐπεὶ
1013 1139 1061 1190 εί
1094 1138 1169 1209 μὴ
1201 1140 1361 1193 τοῦτο
1386 1136 1475 1209 ἦν,
1510 1142 1589 1201 είς
1614 1138 1807 1208 ἑτέραν

226 1226 415 1295 ἀηδίαν
472 1226 533 1277 τὸ
577 1226 811 1293 πρᾶγμα
861 1223 1179 1293 περιΐστατο
1227 1224 1322 1275 καὶ
1368 1223 1705 1293 δυσχέρειαν.
1745 1222 1805 1274 Εἰ

222 1310 333 1377 γὰρ
372 1308 559 1375 ίατροῦ
608 1306 859 1374 δεόμενον
892 1306 926 1375 ἢ
969 1305 1220 1367 τέκτονος
1254 1305 1286 1374 ἢ
1324 1306 1509 1375 ἐτέρου
1548 1305 1808 1373 δημιουρ-

222 1392 343 1459 γοῦ,
407 1389 623 1461 μακρὰν
672 1389 777 1440 ἔδει
837 1387 1150 1440 στέλλεσθαι
1203 1388 1534 1455 ἀποδημίαν,
1589 1387 1649 1439 τὸ
1699 1388 1806 1438 πᾶν

221 1472 510 1527 ἀπολώλει.
540 1471 638 1524 Διά
668 1470 732 1540 δὴ
756 1470 916 1524 τοῦτο
946 1471 1039 1524 καὶ
1072 1471 1257 1531 πόλεις
1286 1469 1681 1533 κατεσκεύασε,
1712 1470 1808 1521 καὶ

223 1558 428 1617 πάντας
460 1554 593 1623 ὁμοῦ
627 1554 956 1622 συνήγαγεν.
985 1554 1103 1605 Ἵνα
1133 1553 1199 1623 δὴ
1243 1554 1337 1605 καὶ
1366 1554 1477 1614 τοῖς
1524 1550 1805 1621 πόρρωθεν

224 1638 423 1708 ῥαδίως
448 1634 801 1706 ἐπιχωριάζω
812 1653 934 1705 μεν,
972 1635 1239 1688 θάλατταν
1262 1638 1340 1696 είς
1372 1633 1535 1704 μέσον
1559 1631 1803 1703 ἧπλωσε,

223 1722 314 1773 καὶ
348 1719 566 1788 ἀνέμων
610 1719 890 1788 ταχύτητα
933 1718 1134 1781 ἔδωκε,
1179 1718 1368 1789 ῥᾳδίας
1414 1715 1666 1768 ἐντεῦθεν
1706 1715 1805 1776 τὰς

222 1801 528 1871 ἀποδημίας
578 1802 765 1854 ποιῶν.
812 1802 969 1871 Παρά
1020 1802 1076 1854 δὲ
1133 1801 1231 1871 τὴν
1275 1799 1447 1869 ἀρχὴν
1490 1798 1583 1850 καὶ
1621 1800 1676 1848 ἐν
1726 1797 1805 1849 ἐν).

220 1887 429 1946 πάντας
472 1886 748 1953 συνήγαγε
789 1886 996 1953 χωρίῳ,
1044 1885 1138 1937 καὶ
1175 1884 1236 1936 οὺ
1268 1883 1532 1951 πρότερον
1564 1882 1800 1934 διέσπειο

222 1984 336 2036 ρεν,
377 1967 482 2029 ἕως
520 1968 600 2029 είς
631 1966 799 2019 κακὸν
834 1969 1138 2036 ἐχρήσαντο
1164 1968 1231 2035 τῇ
1266 1964 1489 2035 ὁμονοίᾳ
1516 1966 1565 2016 οἱ
1600 1963 1803 2034 πρῶτοι

222 2049 479 2111 λαϐόντες
506 2049 566 2100 τὸ
592 2048 763 2117 δῶρον
787 2064 799 2077 ⁸
840 2048 977 2100 ἀλλά
1012 2047 1279 2101 πάντοθεν
1313 2048 1461 2116 ἡμᾶς
1507 2048 1802 2115 συνήγαγε,

224 2133 318 2186 καὶ
357 2133 467 2185 ἀπὸ
498 2132 713 2201 φύσεως
751 2131 846 2183 καὶ
879 2131 987 2183 ἀπὸ
1017 2130 1335 2198 συγγενείας
1367 2131 1461 2182 καὶ
1493 2128 1600 2181 ἀπὸ
1630 2127 1804 2195 γλώτ-

226 2232 325 2284 της
345 2215 437 2267 καὶ
468 2215 574 2267 ἀπὸ
596 2213 782 2265 τόπου.
826 2214 937 2267 Καὶ
978 2212 1169 2283 ὥσπερ
1210 2213 1311 2264 οὐκ
1355 2211 1604 2263 ἐϐούλετο
1643 2210 1807 2260 ἐκπε-

208 2301 337 2351 σεῖν
366 2297 514 2367 ἡμᾶς
542 2296 636 2348 τοῦ
672 2296 1002 2366 παραδείσου
1034 2297 1107 2353 (εἱ
1140 2294 1249 2364 γάρ
1287 2293 1556 2353 ἐϐούλετο,
1592 2291 1698 2343 οὐδ’
1741 2289 1806 2341 ἂν

220 2381 337 2433 ἐκεῖ
382 2377 644 2431 κατέθετο
698 2378 755 2430 ὃν
816 2378 1074 2446 ἐποίησεν
1121 2377 1405 2445 ἄνθρωπον
1446 2375 1545 2444 τὴν
1586 2375 1803 2442 ἀρχὴν),

221 2461 338 2515 ἀλλ’
362 2464 389 2514 ό
421 2461 777 2530 παρακούσας
814 2460 985 2523 αἴτιος
1005 2478 1017 2491 ·
1049 2459 1223 2523 οὕτως
1254 2460 1374 2512 οὐδὲ
1399 2456 1809 2525 ἀλλογλώσσους

221 2540 362 2597 εἶναι
394 2542 658 2612 ἠθέλησεν
680 2558 694 2572 ·
735 2543 857 2594 ἐπεὶ
892 2543 998 2596 κᾶν
1037 2542 1097 2606 ἐξ
1128 2543 1302 2611 ἀρχῆς
1347 2539 1507 2593 τοῦτο
1546 2539 1804 2607 ἐποίησε·

224 2627 321 2679 νῦν
355 2626 412 2679 δὲ
450 2626 600 2677 πᾶσα
633 2626 667 2695 ή
694 2626 763 2693 γῆ
801 2624 975 2693 χεῖλος
1000 2625 1058 2675 ἓν
1086 2619 1174 2693 ἦν,
1206 2624 1301 2675 καὶ
1333 2622 1483 2690 φωνὴ
1521 2622 1618 2689 μία
1648 2622 1802 2674 πᾶσι.

224 2709 323 2764 Διά
357 2708 423 2776 δὴ
462 2706 620 2758 τοῦτο
654 2705 774 2758 ούδέ
803 2706 967 2776 ἡνίκα
1000 2707 1098 2775 τὴν
1138 2705 1242 2773 γῆν
1284 2704 1649 2772 ἀφανισθῆναι
1677 2702 1805 2776 ἔδει,

225 2793 343 2845 οὐδὲ
384 2768 507 2842 τότε
552 2789 699 2857 ἡμᾶς
740 2787 799 2851 ἐξ
825 2768 1008 2856 ’ἄλλης
1040 2768 1293 2857 ἐποίησεν
1336 2768 1490 2855 ῦλης,
1522 2768 1641 2836 οὐδὲ
1676 2768 1809 2853 gler-

226 2875 392 2945 έθηκε
420 2873 513 2925 τὸν
545 2872 772 2933 δίκαιον,
801 2870 914 2922 ἀλλ’
946 2870 1106 2937 ἀφεὶς
1134 2870 1296 2923 αὑτὸν
1327 2870 1384 2921 ἐν
1408 2868 1556 2938 μέσῳ
1582 2866 1659 2936 τῷ
1680 2866 1809 2917 κλυ-

231 2958 430 3025 δωνίῳ,
470 2954 660 3023 ὥσπερ
684 2952 804 3005 τινά
837 2952 1112 3021 σπινθῆρα
1142 2955 1241 3021 τῆς
1261 2951 1605 3020 οἰκουμένης,
1637 2949 1809 3019 ἀνῆψε

225 3042 391 3093 πάλιν
415 3038 573 3107 ήμῶν
598 3038 660 3088 τὸ
691 3037 846 3102 γένος
875 3035 1082 3088 ἐκεῖθεν
1112 3036 1219 3088 ἀπὸ
1246 3035 1339 3087 τοῦ
1372 3035 1641 3104 μακαρίου
1663 3035 1807 3089 Νῶε.

222 3123 335 3177 Καὶ
366 3122 425 3187 ἐξ
452 3122 628 3191 ἀρχῆς
660 3120 757 3190 μὲν
804 3119 933 3188 μίαν
967 3120 1222 3188 ἐποίησεν
1270 3120 1466 3190 ἀρχὴν,
1498 3120 1589 3171 τὸν
1644 3119 1810 3189 ἄνδρα

228 3206 534 3272 ἐπιστήσας
565 3206 632 3273 τῇ
664 3202 911 3270 γυναικί·
947 3202 1135 3271 ἐπειδὴ
1163 3201 1219 3254 δὲ
1245 3202 1324 3263 είς
1356 3201 1556 3271 πολλὴν
1592 3199 1813 3265 ἐξώκει-

224 3290 314 3341 λεν
353 3286 581 3349 ἀταξίαν
610 3286 671 3336 τὺ
700 3285 856 3352 γένος
896 3284 1075 3354 ήμῶν,
1110 3285 1205 3336 καὶ
1250 3285 1441 3353 ἐτέρας
1487 3285 1807 3352 κατέστησε,

220 3377 320 3438 τὰς
334 3374 444 3428 τῶν
470 3372 745 3425 δεσποτῶν
768 3369 939 3442 [516],
964 3370 1061 3431 τὰς
1077 3369 1186 3422 τῶν
1210 3370 1510 3439 ἀρχόντων·
1544 3368 1812 3421 καὶτοῦτο

221 3453 277 3505 δὲ
304 3452 370 3504 δι’
396 3451 637 3519 ἀγάπην.
658 3448 873 3519 Ἐπειδὴ
901 3448 1009 3519 γὰρ
1029 3449 1061 3518 ἡ
1084 3447 1251 3501 κακία
1280 3448 1585 3501 διαλυτικδν
1610 3448 1701 3500 καὶ
1720 3449 1811 3498 ἀν-

224 3534 503 3605 αιρετικὸν
537 3531 693 3601 ἡμῶν
726 3530 819 3583 τοῦ
854 3532 1065 3597 γένους,
1099 3531 1289 3599 ὥσπερ
1325 3530 1475 3592 τινάς
1508 3532 1724 3601 ἰατροὺς
1756 3530 1813 3580 ἐν

228 3618 422 3685 μέσαις
445 3618 565 3675 ταῖς
599 3614 816 3665 πόλεσιν
843 3612 1063 3664 ἐκάθισε
1092 3613 1219 3674 τοὺς
1239 3612 1578 3676 δικάζοντας,
1614 3612 1678 3663 ἵν’
1701 3612 1811 3662 ὦσ-

226 3716 332 3769 περ
356 3696 480 3750 τινά
504 3697 691 3766 λοιμὶν
714 3695 814 3762 τῆς
846 3694 1067 3763 ἀγάπης
1103 3698 1202 3764 τὴν
1246 3696 1444 3747 κακίαν
1483 3695 1812 3747 ἀπελαύνον-

224 3800 339 3844 τες,
380 3780 590 3841 πάντας
622 3780 701 3840 εἰς
732 3778 789 3829 ἓν
832 3779 1234 3845 συναγάγωσιν.
1281 3780 1399 3830 Ἵνα
1429 3777 1486 3830 δὲ
1532 3778 1607 3847 μὴ
1654 3778 1812 3846 μόνον

223 3867 284 3917 ἐν
316 3866 437 3924 ταῖς
462 3862 702 3925 πόλεσιν,
757 3860 894 3913 ἀλλά
927 3859 1021 3913 καὶ
1069 3862 1126 3912 ἐν
1172 3861 1373 3931 ἑκάστῃ
1398 3861 1543 3931 οἰκίᾳ
1583 3860 1749 3929 πολλὴ
1776 3864 1808 3931 ἡ

223 3946 449 4016 ὁμόνοια
474 3941 532 4015 ᾗ,
566 3945 656 3996 τὸν
690 3943 789 4011 μὲν
829 3943 995 4011 ἄνδρα
1037 3946 1102 4014 τῇ
1143 3944 1283 4014 ἀρχῇ
1317 3944 1411 3996 καὶ
1452 3947 1518 4013 τῇ
1566 3945 1807 4013 ὑπεροχῇ

222 4029 487 4099 τιμήσας,
535 4027 635 4095 τὴν
670 4025 726 4078 δέ
780 4028 1013 4092 γυναῖκα
1051 4028 1117 4099 τῇ
1150 4026 1414 4095 ἐπιθυμίᾳ
1451 4025 1807 4090 καθοπλίσας,

224 4096 323 4165 καὶ
342 4096 404 4162 τὸ
434 4110 531 4179 τῆς
575 4107 919 4171 παιδοποιίας
953 4107 1010 4161 δὲ
1040 4096 1210 4178 δῶρον
1241 4110 1321 4169 είς
1363 4108 1526 4175 μέσον
1565 4108 1812 4177 ἀμφοτέ-

225 4210 348 4265 ροις
380 4190 662 4253 καταθεὶς,
689 4191 782 4244 καὶ
798 4190 965 4259 ἐτερα
992 4191 1129 4259 μετὰ
1155 4190 1361 4241 τούτων
1388 4192 1681 4257 συναγωγά
1714 4189 1815 4260 τῆς

221 4277 452 4346 ἀγάπης
499 4273 924 4328 κατεσκεύασεν.
971 4272 1107 4325 Ούτε
1151 4272 1262 4343 γὰρ
1313 4272 1491 4327 πάντα
1546 4272 1813 4343 ἐπέτρεψε

222 4361 306 4432 τῷ
350 4358 527 4429 ἀνδρὶ,
562 4356 684 4411 οὕτε
734 4358 913 4410 πάντα
950 4359 1017 4427 τῇ
1048 4358 1288 4423 γυναικὶ,
1329 4356 1464 4408 ἀλλά
1502 4358 1596 4409 καὶ
1638 4354 1813 4407 ταῦτα

221 4445 426 4498 διεῖλεν
467 4442 715 4510 ἑκάστῳ,
754 4444 818 4512 τῇ
861 4442 958 4509 μὲν
985 4439 1085 4510 τὴν
1114 4439 1310 4505 οἰκίαν,
1347 4439 1425 4509 τῷ
1464 4439 1521 4490 δὲ
1552 4438 1649 4509 τὴν
1681 4440 1812 4506 ἀγο-

227 4528 334 4599 ράν
359 4524 693 4594 ἐγχειρίσας,
711 4525 807 4577 καὶ
832 4522 910 4594 τῷ
936 4522 1034 4593 μὲν
1064 4522 1125 4574 τὸ
1147 4522 1389 4593 τρέφειν,
1413 4525 1646 4591 γεωργεῖ
1667 4522 1775 4591 γάρ
1795 4538 1808 4552 .

223 4615 294 4683 τῇ
321 4612 378 4664 δὲ
404 4610 465 4662 τὸ
489 4607 855 4678 περιϐάλλειν,
884 4606 1028 4671 ίστδς
1056 4606 1163 4676 γὰρ
1195 4608 1289 4659 καὶ
1317 4606 1560 4676 ἠλακάτη
1594 4604 1694 4675 τῆς
1716 4622 1814 4673 γυ·-

225 4693 437 4755 ναικόςο
472 4693 637 4754 αὐτὸς
664 4691 773 4761 γὰρ
807 4691 972 4744 ἔδωκε
1005 4693 1071 4760 τῇ
1107 4691 1326 4758 γυναικὶ
1362 4690 1680 4759 ὑφάσματος
1725 4706 1811 4741 σο-

226 4780 381 4847 φίαν.
438 4775 578 4827 Ἀλλ’
630 4774 883 4828 ἀπόλοιτο
934 4775 967 4843 ἡ
1021 4774 1374 4844 φιλαργυρία,
1428 4774 1527 4826 οὐκ
1590 4774 1813 4841 ἀφιεῖσα

224 4860 434 4927 ταύτην
484 4858 767 4925 φαίνεσθαι
809 4857 906 4926 τὴν
965 4856 1257 4924 διάκρισιν.
1333 4857 1395 4909 Ἡ
1428 4858 1538 4926 γὰρ
1586 4856 1811 4925 βλακεία

224 4944 340 4998 τῶν
381 4939 592 4994 πολλῶν
650 4940 745 4993 καὶ⁵
781 4940 907 5001 τοὺς
934 4937 1133 5006 ἄνδρας
1160 4938 1240 4998 είς
1268 4938 1393 5001 τοὺς
1419 4938 1601 4999 ἱστοὺς
1627 4941 1812 4991 ἐπεισ-

223 5030 431 5098 ήγαγε,
456 5023 552 5076 καὶ
572 5021 828 5088 κερκίδας
851 5020 1035 5081 αὐτοῖς
1051 5020 1346 5089 ἐνεχείρισε
1377 5018 1470 5071 καὶ
1489 5019 1697 5090 κρόκην
1719 5022 1812 5073 καὶ

228 5110 528 5177 στήμονας.
572 5101 715 5154 Ἀλλ’
747 5103 897 5171 ὅμως
925 5102 1020 5155 καὶ
1049 5099 1192 5153 οὕτω
1216 5100 1508 5170 διαλάμπει
1537 5102 1637 5170 τῆς
1661 5103 1813 5166 θείας

224 5186 542 5256 οἰκονομίας
574 5185 607 5254 ή
643 5182 893 5254 πρόνοια.
930 5184 1041 5237 Καὶ
1070 5184 1177 5253 γὰρ
1210 5182 1304 5235 καὶ
1330 5184 1427 5251 τῆς
1462 5184 1725 5251 γυναικὸς
1753 5187 1811 5237 ἐν

226 5272 416 5332 ἄλλοις
463 5264 909 5333 ἀναγκαιοτέροις
965 5266 1173 5334 σφόδρα
1229 5265 1497 5335 δεόμεθα,
1550 5268 1644 5319 καὶ
1702 5267 1811 5321 τῶν

228 5352 532 5408 ἐλαττόνων
548 5349 606 5401 ἐν
631 5350 741 5409 τοῖς
767 5348 1049 5415 συνέχουσι
1069 5348 1161 5401 τὸν
1183 5347 1295 5418 βίον
1330 5347 1485 5417 ήμῶν
1506 5347 1779 5420 χρῄζομεν
1796 5368 1809 5379 ο

227 5438 335 5492 καὶ
367 5434 605 5505 τοσαύτη
657 5431 759 5501 τῆς
794 5431 983 5502 χρείας
1017 5432 1166 5483 ἐστὶν
1214 5435 1247 5501 ή
1291 5433 1525 5501 ἀνάγκη,
1577 5433 1658 5484 ὃτι
1710 5433 1811 5486 κάν

228 5522 456 5574 πάντων
498 5514 798 5587 ἀνθρώπων
857 5512 1257 5583 πλουσιώτερος
1364 5531 1465 5577 τις,
1514 5513 1633 5567 ούδέ
1669 5513 1812 5567 οὕτω

302 5680 331 5709 ⁸
347 5672 466 5735 Mli,
504 5678 872 5722 κατεσκεύασεν.

1250 287 1317 341 IN
1361 286 1581 342 EI‘IST.
1620 286 1638 340 1
1677 285 1769 340 AD
1807 284 1963 339 COR.
2008 286 2244 340 HOMII..
2290 285 2524 339 XXXIV.

3380 290 3485 343 299.

1918 396 2119 466 ταύτης
2154 397 2499 466 ἀπήλλακται
2529 396 2981 466 τῆςβυναφείας,
3024 400 3119 452 καὶ
3155 398 3251 453 τοῦ
3280 401 3485 455 δεῖσθαι

1908 479 2002 531 τοῦ
2024 481 2475 550 καταδεεστέρου.
2517 481 2592 531 Οὐ
2614 479 2724 549 γὰρ
2762 481 2825 551 δὴ
2859 481 2970 535 τῶν
3002 481 3273 539 πλουσίων
3304 487 3355 538 οί
3391 490 3488 539 πέ-

1915 578 2072 630 νητες
2094 562 2298 615 δέονται
2324 564 2504 632 μόνον,
2539 563 2671 614 ἀλλά
2709 565 2800 617 καὶ
2824 566 2871 615 οἱ
2903 562 3144 618 πλούσιοι
3174 568 3282 619 τῶν
3316 570 3487 638 πενή-

1911 661 2039 709 των,
2076 643 2167 697 καὶ
2189 639 2335 697 οὗτοι
2371 644 2570 713 μᾶλλον
2598 646 2839 707 ἐκείνων,
2868 646 2899 715 ἢ
2935 648 3128 699 ἐκεῖνοι
3148 647 3374 702 τούτων.

1977 801 2038 856 ε’.
2059 804 2167 856 Και
2203 802 2288 855 ἵνα
2302 805 2458 857 τοῦτο
2476 806 2803 874 σαφέστερον
2831 807 2965 878 ἴδῃς,
2987 810 3318 879 ποιήσωμεν,
3336 812 3382 864 εί
3400 810 3485 865 δο-

1910 886 2015 947 κεῖ,
2042 886 2135 938 δυο
2163 886 2369 949 πόλεις,
2405 888 2505 954 τὴν
2539 886 2639 956 μὲν
2669 888 2941 941 πλουσίων
2972 891 3151 957 μόνον,
3180 893 3278 961 τὴν
3305 894 3360 945 δὲ
3387 910 3486 946 πει

1911 968 2109 1037 νήτωψ
2158 968 2252 1019 καὶ
2306 970 2441 1038 μήτε
2492 971 2549 1019 ἐν
2585 972 2650 1039 τῇ
2691 969 2799 1022 τῶν
2830 971 3206 1027 πλουτούντων
3238 974 3374 1028 έστω
3401 993 3486 1037 τις

1912 1050 2098 1118 πένης,
2141 1052 2277 1117 μήτε
2312 1051 2370 1100 ἐν
2400 1053 2464 1119 τῇ
2505 1050 2615 1114 τῶν
2648 1055 2897 1121 πενήτων
2938 1053 3081 1106 ἔστω
3112 1073 3196 1118 τις
3233 1055 3486 1118 πλούσιος

1912 1129 2072 1200 ἀνὴρ,
2128 1131 2241 1182 ἀλλ’
2289 1132 2687 1202 ἐκκαθάρωμεν
2737 1135 2982 1204 ἀκριϐῶς
3042 1137 3328 1207 ἑκατέρας,
3394 1142 3489 1191 καὶ

1915 1214 2112 1282 ἴδωμεν
2145 1215 2269 1268 ποία
2309 1214 2507 1284 μᾶλλον
2539 1216 2772 1286 ἀρκέσαι
2814 1220 2980 1289 ἑαυτῇ
3011 1219 3322 1289 δυνήσεται.
3362 1222 3488 1274 Ἐάν

1911 1296 2021 1364 γάρ
2067 1295 2317 1366 εὕρωμεν
2345 1296 2443 1366 τὴν
2472 1296 2582 1349 τῶν
2611 1303 2855 1369 πενήτων
2901 1302 3222 1373 δυναμένην,
3264 1303 3490 1374 εύδηλον

1910 1379 1991 1431 ὅτι
2018 1381 2067 1431 οἱ
2095 1380 2337 1432 πλούσιοι
2375 1380 2579 1433 τούτων
2617 1382 2814 1450 μᾶλλον
2846 1384 3147 1452 δεήσονται.
3190 1386 3400 1439 Οὐκοῦν
3430 1390 3488 1441 ἐν

1914 1462 2013 1529 μὲν
2042 1465 2223 1533 ἐκείνῃ
2250 1466 2315 1533 τῇ
2340 1463 2449 1515 τῶν
2477 1465 2725 1533 εὐπόρων
2757 1466 2933 1529 οὐδεὶς
2960 1466 3111 1519 ἔσται
3134 1468 3485 1540 δημιουργὸς,

1911 1545 2010 1595 ούκ
2029 1546 2327 1616 οἰκοδόμος,
2351 1547 2411 1598 ού
2438 1548 2665 1609 τέκτων,
2691 1549 2787 1617 οὐχ
2815 1550 3357 1622 ύποδηματορῤάφος,
3387 1556 3489 1609 οὐκ

1911 1628 2220 1697 ἀρτοποιὸς,
2268 1630 2328 1680 ού
2363 1630 2626 1698 γεωργὸς,
2660 1630 2721 1681 ού
2763 1630 3125 1699 χαλκοτύπος,
3162 1635 3222 1685 οὐ
3279 1653 3489 1706 σχοινοε-

1913 1711 2163 1779 στρόφος.
2196 1711 2296 1762 οὐκ
2322 1711 2448 1763 ἀλλο
2483 1712 2591 1764 τῶν
2635 1713 2891 1765 τοιούτων
2938 1715 3109 1768 οὐδέν.
3152 1716 3246 1779 Τίς
3275 1720 3384 1787 γάρ
3422 1722 3489 1774 ἂν

1910 1792 2085 1844 ἐλοιτο
2130 1792 2237 1845 τῶν
2286 1792 2657 1845 πλουτούντων
2691 1793 2863 1846 ταῦτα
2896 1797 3135 1862 μετιέναι
3163 1801 3313 1863 ποτὲ,
3350 1802 3487 1857 ὃπου

1912 1891 1973 1941 γε
2007 1874 2100 1927 καὶ
2126 1876 2276 1927 αὐτοὶ
2303 1877 2353 1927 οἱ
2377 1874 2546 1928 ταῦτα
2585 1877 3068 1945 μεταχειρίζοντες.
3101 1880 3229 1933 ὅταν
3255 1884 3487 1956 εὐπορή-

1914 1974 2099 2021 σωσιν,
2134 1958 2233 2009 ούκ
2259 1959 2539 2027 ἀνέχονται
2565 1958 2663 2026 τῆς
2689 1958 2796 2009 ἀπὸ
2824 1959 2929 2011 τῶν
2962 1960 3137 2031 ἔργων
3163 1964 3366 2018 τούτων
3394 1983 3489 2021 τα-

1910 2038 2253 2108 λαιπωρίας;
2291 2040 2413 2101 Πῶς
2456 2035 2548 2093 οὖν
2597 2042 2729 2108 ἡμῖν
2760 2042 2792 2110 ἡ
2828 2041 2980 2104 πόλις
3024 2045 3279 2114 στήσεται
3314 2046 3484 2118 αὖτη;

1909 2124 2123 2183 Δόντες,
2149 2124 2335 2191 φησὶν,
2367 2123 2629 2193 ἀργύριον
2658 2125 2706 2175 οἱ
2729 2124 3109 2189 πλουτοῦντες,
3139 2129 3314 2183 ταῦτα
3350 2132 3492 2201 ὠνή-

1912 2219 2092 2254 σονται
2111 2203 2262 2271 παρα
2280 2203 2384 2255 τῶν
2402 2208 2669 2273 πενήτων.
2695 2206 2905 2259 Οὐκοῦν
2918 2208 3016 2260 οὐκ
3033 2210 3353 2279 ἀρκέσουσιν
3374 2216 3490 2267 ἐαυ-

1909 2287 2043 2349 τοῖς,
2083 2284 2219 2350 εἴγε
2252 2285 2478 2338 ἐκείνων
2503 2287 2733 2341 δέονται.
2760 2290 2884 2350 Πῶς
2904 2291 2962 2343 δὲ
2991 2293 3165 2355 οίκίας
3202 2296 3489 2365 οἰκοδομή-

1913 2381 2131 2431 σονται;
2179 2366 2211 2435 ἢ
2249 2368 2343 2419 καὶ
2399 2366 2558 2421 τοῦτο
2600 2369 2933 2438 ὠνήσονται;
2988 2374 3101 2427 ἀλλ’
3133 2376 3233 2429 οὐκ
3272 2378 3340 2431 ἂν
3378 2380 3491 2450 ἔχοι

1911 2447 2068 2501 τοῦτο
2095 2449 2272 2517 φύσις.
2300 2450 2508 2503 Οὐκοῦν
2548 2452 2758 2523 ἀνάγκη
2792 2456 2919 2516 τοὺς
2951 2458 3199 2525 τεχνίτας
3242 2462 3359 2513 ἐκεῖ
3387 2447 3489 2515 κα-

1910 2531 2043 2595 λεῖν,
2069 2534 2165 2586 καὶ
2198 2534 2530 2605 διαφθείρειν
2564 2538 2653 2588 τὸν
2682 2537 2865 2606 νόμον,
2892 2537 2950 2589 δν
2983 2539 3259 2610 ἐθήκαμεν
3297 2543 3354 2609 ἐξ
3390 2547 3491 2616 ἀρα

1913 2619 2013 2685 χῆς
2039 2615 2137 2686 τὴν
2168 2617 2322 2669 πόλιν
2361 2618 2676 2681 οἰκίζοντες·
2715 2621 2995 2690 μέμνησθε
3024 2624 3153 2693 γάρ,
3186 2626 3272 2678 ὅτε
3306 2615 3487 2695 ἐλέγο-

1916 2715 2034 2767 μεν,
2070 2698 2258 2767 μηδεὶς
2283 2700 2422 2750 ἔστω
2446 2701 2610 2770 πένης
2636 2700 2802 2755 ἔνδον.
2841 2704 2978 2755 Ἀλλ’
3011 2705 3117 2757 ίδοὺ
3141 2709 3173 2776 ἡ
3196 2709 3370 2778 χρεία,
3399 2711 3492 2763 καὶ

1917 2781 1989 2852 μὴ
2053 2781 2393 2851 βουλομένων
2453 2782 2601 2852 [517]
2657 2785 2836 2853 ήμῶν,
2868 2788 3124 2841 ἐκάλεσεν
3154 2792 3354 2856 αὐτοὺς
3399 2788 3492 2847 καὶ

1914 2865 2227 2932 εἰσήγαγεν.
2272 2863 2431 2917 ὈΟεν
2464 2864 2639 2935 δῆλον,
2684 2867 2758 2928 ὼς
2813 2867 3069 2922 ἀδύνατον
3125 2875 3294 2941 χωρὶς
3331 2879 3495 2944 πενή-

1914 2964 2020 3000 των
2074 2947 2332 3015 συστῆναι
2385 2946 2559 3000 πὸλιν.
2606 2949 2668 3000 El
2705 2948 2813 3018 γὰρ
2856 2950 3004 3017 μένοι
3032 2954 3063 3021 ὴ
3094 2953 3250 3016 πόλις
3288 2958 3494 3025 μηδένα

1916 3031 2331 3101 παραδεχομένη
2369 3031 2595 3093 τούτων,
2639 3034 2819 3085 οὐκέτι
2856 3035 3006 3086 ἔσται
3052 3036 3225 3102 πόλις,
3251 3038 3365 3090 ἀλλ’
3388 3039 3495 3091 ἀπ-

1914 3112 2134 3166 ολεῖται.
2193 3113 2400 3165 Οὐκοῦν
2438 3115 2537 3165 οὐκ
2567 3116 2791 3183 ἀρκέσει
2822 3118 3009 3187 ἑαυτῇ,
3039 3120 3085 3169 εί
3127 3119 3199 3188 μὴ
3246 3119 3495 3190 καθάπερ

1915 3196 2065 3257 τινάς
2101 3196 2351 3265 σωτῆρας
2380 3199 2505 3258 τοὺς
2534 3197 2769 3265 πένητας
2809 3202 2937 3265 παρ’
2974 3202 3136 3271 ἑαυτῇ
3175 3203 3489 3271 συναγάγοι.

1921 3280 2147 3347 Ἴδωμεν
2183 3279 2236 3330 δὲ
2270 3282 2364 3331 καὶ
2395 3280 2491 3349 τὴν
2517 3280 2625 3332 τῶν
2655 3283 2902 3350 πενήτων
2936 3285 3106 3348 πόλιν,
3142 3289 3189 3338 εἰ
3236 3290 3328 3340 καὶ
3356 3288 3494 3358 αῦτη

1914 3362 2117 3431 ὁμοίως
2148 3361 2339 3424 ἐνδεῶς
2371 3361 2703 3414 διακείσεται
2726 3365 2833 3415 τῶν
2867 3366 3241 3422 πλουτούντων
3268 3372 3496 3442 ἐστερη-

1920 3446 2077 3513 μένη.
2131 3445 2239 3496 Καὶ
2298 3445 2560 3513 πρότερον
2623 3445 3043 3515 διακαθάρωμεν
3091 3451 3167 3519 τῷ
3219 3452 3361 3522 λόγῳ
3406 3455 3496 3505 τὸν

1920 3527 2168 3588 πλοῦτον,
2205 3527 2299 3578 καὶ
2325 3526 2588 3595 δείξωμεν
2615 3528 2774 3579 αὑτὸν
2798 3530 3004 3596 σαφῶς.
3032 3531 3097 3583 Τί
3122 3536 3239 3585 ποτ’
3264 3530 3356 3586 οὖν
3382 3536 3497 3587 ἐστι

1920 3609 2180 3673 πλοῦτος;
2216 3608 2426 3676 Χρυσὸς
2459 3608 2555 3659 καὶ
2585 3609 2843 3677 ἄργυρος,
2876 3613 2969 3661 καὶ
3000 3612 3135 3664 λίθοι
3176 3614 3365 3682 τίμιοι,
3405 3620 3498 3669 καὶ

1920 3693 2109 3760 ἱμάτια
2166 3690 2366 3758 σηρικά
2416 3690 2512 3739 καὶ
2560 3690 2805 3759 ἁλουργά
2856 3692 2950 3743 καὶ
3002 3694 3289 3762 διάχρυσα.
3342 3698 3497 3749 Ἐπεὶ

1918 3770 2009 3824 οὖν
2040 3774 2213 3841 ἐφάνη
2254 3771 2304 3823 τί
2343 3772 2472 3823 ποτέ
2505 3774 2651 3823 ἐστιν
2680 3775 2707 3823 ὁ
2738 3772 2986 3839 πλοῦτος,
3015 3776 3380 3847 ἀπελάσωμεν
3404 3782 3499 3832 αύ-

1919 3856 2008 3907 τδν
2042 3854 2142 3922 τῆς
2164 3855 2272 3907 τῶν
2298 3856 2546 3923 πενήτων
2574 3856 2802 3921 πόλεως,
2840 3858 2887 3908 εί
2919 3857 3206 3928 μέλλοιμεν
3242 3863 3497 3933 καθαρῶς

1922 3938 2075 3989 πόλιν
2114 3939 2361 4005 πενήτων
2384 3940 2579 3997 ποιεῖν,
2618 3940 2711 3990 καὶ
2763 3938 2895 4006 μηδὲ
2920 3941 3049 4009 ὄναρ
3081 3944 3198 3993 ἐκεῖ
3228 3946 3499 4011 φαινέσθω

1921 4020 2160 4088 χρυσίον,
2192 4016 2322 4088 μηδέ
2358 4019 2545 4087 ίμάτια
2566 4020 2807 4071 τοιαῦτα·
2842 4023 2887 4071 εί
2919 4022 2973 4072 δὲ
3004 4022 3201 4089 βούλει,
3236 4026 3373 4095 μηδὲ
3401 4028 3497 4097 ἄρ-

1921 4118 2106 4173 γυρος,
2138 4102 2270 4171 μηδὲ
2326 4102 2392 4152 τά
2437 4100 2494 4165 ἐξ
2546 4100 2787 4171 ἀργύρου
2839 4103 3026 4171 σκεύη.
3070 4105 3135 4156 Τί
3178 4103 3309 4171 οῦνς
3346 4111 3497 4178 παρά

1919 4194 2077 4246 τοῦτο
2108 4192 2303 4254 ἐνδεῶς
2337 4192 2559 4261 ζήσεται
2608 4193 2674 4244 τὰ
2723 4195 2821 4260 τῆς
2864 4194 3069 4256 πόλεως
3116 4196 3340 4267 ταύτης,
3375 4200 3496 4251 εἰπέ

1922 4294 2048 4347 μοι;
2079 4276 2263 4328 Οὐδέν.
2299 4276 2396 4325 Ἂν
2425 4292 2485 4327 τε
2529 4273 2635 4345 γὰρ
2689 4276 2990 4337 οἰκοδομεῖν
3024 4279 3137 4350 δέῃ,
3184 4282 3243 4333 ού
3292 4282 3495 4352 χρυσοῦ

1918 4359 2013 4412 καὶ
2055 4358 2299 4429 ἀργύρου
2328 4358 2409 4409 δεῖ
2459 4358 2552 4409 καὶ
2592 4354 2969 4429 μαργαριτῶν,
3015 4363 3149 4416 ἀλλά
3180 4366 3373 4436 τέχνης
3403 4368 3497 4419 καὶ

1918 4442 2136 4511 χειρῶν,
2165 4442 2364 4511 χειρῶν
2392 4442 2447 4494 δὲ
2470 4442 2564 4510 οὐχ
2590 4441 2796 4506 ἁπλῶς,
2820 4444 2953 4496 ἀλλὰ
2975 4445 3382 4516 τετυλωμένων,
3402 4452 3496 4503 καὶ

1917 4525 2194 4579 δακτύλων
2225 4526 2670 4594 ἀπεσκληκότων,
2695 4529 2787 4579 καὶ
2815 4527 2994 4595 ἰσχύος
3025 4530 3245 4600 πολλῆς,
3287 4535 3380 4587 καὶ
3406 4534 3497 4598 ξύ-

1917 4610 2023 4660 λων
2054 4609 2146 4661 καὶ
2166 4609 2345 4660 λίθων*
2376 4610 2440 4661 ἄν
2463 4626 2521 4660 τε
2546 4612 2791 4677 ὑφαίνειν
2822 4612 2982 4663 πάλιν
3019 4615 3250 4682 ἱμάτιον,
3275 4618 3335 4669 οὐ
3365 4636 3497 4687 χρυο

1920 4691 2013 4742 σοῦ
2044 4691 2204 4742 πάλιν
2239 4693 2369 4758 ἡμῖν
2410 4690 2467 4743 δέ
2514 4695 2607 4746 καὶ
2638 4694 2901 4762 ἀργύρου,
2932 4696 3067 4749 ἀλλά
3094 4699 3293 4768 χειρῶν
3335 4701 3497 4753 πάλιν

1918 4775 2010 4826 καὶ
2048 4774 2241 4843 τέχνης
2289 4775 2381 4825 καὶ
2431 4774 2704 4841 γυναικῶν
2737 4776 3140 4848 ἐργαζομένων.
3190 4783 3254 4834 Τί
3291 4784 3370 4845 δὲ,
3400 4786 3495 4837 ἐάν

1918 4858 2181 4923 γεωργεῖν
2208 4855 2302 4927 δέῃ
2346 4856 2438 4907 καὶ
2470 4856 2730 4909 σκάπτειν
2758 4859 2857 4928 τὴν
2892 4862 3027 4931 γῆν;
3058 4863 3426 4919 πλουτούντων
3458 4868 3491 4937 ἢ

1918 4938 2231 5004 πενομένων
2257 4939 2441 5008 χρεία;
2474 4938 2639 4989 Παντί
2665 4958 2767 4993 που
2791 4942 2971 5011 δῆλον,
2998 4946 3078 4998 ὅτι
3096 4948 3360 5016 πενήτων.
3388 4949 3493 5001 Καὶ

1919 5017 2035 5086 σίδη
2047 5034 2135 5086 ρον
2150 5018 2207 5069 δὲ
2222 5020 2349 5072 ὅταν
2365 5019 2456 5089 δέῃ
2473 5020 2878 5089 χαλκεύειν,καὶ
2899 5026 2959 5078 ἄλ
2968 5026 3027 5078 λο
3043 5043 3094 5077 τι
3115 5027 3223 5079 τῶν
3237 5029 3495 5081 τοιούτων

1917 5103 2112 5163 ποιεῖν,
2144 5100 2234 5151 τοῦ
2261 5100 2323 5169 δή
2335 5117 2436 5168 μου
2470 5103 2661 5159 τούτου
2693 5107 2927 5176 μάλιστα
2959 5111 3090 5177 ἡμῖν
3123 5109 3220 5161 δεῖ.
3256 5110 3364 5163 Ποῦ
3402 5108 3496 5165 οὖν

1916 5182 2221 5251 δεησόμεθα
2250 5183 2357 5265 τῶν
2386 5185 2757 5243 πλουτούντων
2777 5190 2979 5243 λοιπόν·
3007 5193 3146 5264 πλὴν
3174 5197 3221 5247 εί
3259 5197 3331 5265 μὴ
3364 5198 3498 5251 καθ-

1918 5266 2057 5317 ελεῖν
2081 5265 2197 5317 δέον
2227 5264 2325 5336 τὴν
2350 5269 2507 5321 πόλιν
2546 5272 2748 5341 ταύτην
2774 5290 2787 5337 ;
2822 5274 2884 5325 Et
2918 5274 3029 5345 γὰρ
3070 5264 3495 5333 ἐπεισελθόντων

1917 5347 2141 5433 ἐκείνων
2163 5349 2251 5433 εἰς
2270 5350 2367 5433 τὴν
2388 5351 2482 5433 τοῦ
2512 5356 2737 5433 χρυσίου
2769 5357 2862 5408 καὶ
2885 5359 2984 5427 τὴν
3005 5359 3114 5412 τῶν
3141 5362 3497 5433 μαργαριτῶν

1918 5427 2205 5510 ἐμπέσοιεν
2236 5428 2549 5498 ἐπιθυμίαν,
2581 5428 2725 5485 οὗτοι
2753 5434 2803 5485 οἱ
2840 5437 3120 5506 φιλόσοφοι
3143 5427 3497 5510 ’(φίλοσόφους

1919 5510 2026 5580 γὰρ
2063 5507 2173 5575 ἐγὼ
2221 5512 2372 5563 καλῶ
2411 5515 2535 5575 τοὺς
2572 5516 2725 5568 οὐδὲν
2774 5521 3026 5589 περιττὸν
3056 5507 3493 5593 ἐπιζητοῦντας),

1918 5592 2085 5663 ἀργίᾳ
2125 5593 2306 5658 δόντες
2356 5597 2581 5661 ἑαυτοὺς
2633 5600 2725 5652 καὶ
2782 5607 2983 5673 τρυφῇ,
3021 5592 3213 5659 πάντα
3236 5608 3499 5663 ἀπολοῦσι

1918 5674 2121 5731 λοιπόν.
2158 5678 2264 5730 Καὶ
2307 5681 2354 5730 εί
2397 5679 2473 5749 μὴ
2505 5682 2775 5752 χρήσιμος
2818 5687 2846 5738 ό
2876 5686 3125 5753 πλοῦτος,
3166 5693 3319 5760 φησὶ,
3354 5692 3497 5758 τίνος
