4038 6216
244 376 353 434 293

251 497 296 550 si
322 503 507 548 rursus
536 499 742 547 vestem
778 499 982 550 texere,
1013 498 1120 547 non
1147 496 1279 545 auro
1320 493 1509 535 rursus
1551 493 1687 547 opus
1726 486 1828 541 est,

252 600 360 641 non
381 588 627 651 argento,
659 578 754 635 sed
782 576 1029 635 manibus
1046 586 1261 629 rursum
1282 579 1337 627 et
1364 578 1481 625 arte
1502 566 1844 625 mulieribus—

251 689 355 744 que
382 671 750 743 operantibus.
774 666 913 738 Quid
943 682 1069 722 vero
1098 666 1144 721 si
1169 675 1366 720 terram
1389 660 1573 718 colere
1598 669 1843 730 oporteat

251 776 306 819 et
335 763 542 831 fodere,
573 777 655 831 πῃ,
668 760 927 818 divitibus
950 774 1019 814 att
1064 756 1389 829 pauperibus
1431 764 1516 810 est
1542 752 1716 824 epus?
1744 752 1845 806 Pa.

256 856 359 910 lant
388 866 471 912 est
494 849 635 927 quod
662 850 1009 925 pauperibus.
1041 849 1107 904 Et
1132 848 1178 903 si
1204 846 1404 903 ferrum
1434 854 1665 927 tractare
1682 858 1845 914 opor-

257 955 384 1011 teat,
405 925 655 1014 aut—quid
676 943 854 999 simile
884 940 1082 1007 facere,
1116 938 1217 993 hac
1242 938 1476 996 maxime
1508 925 1667 1009 plebe
1690 934 1846 991 nobis

254 1048 387 1107 opus
414 1046 519 1091 est.
546 1034 773 1094 Ubinam
800 1047 929 1103 ergo
950 1031 1203 1087 divitibus
1229 1043 1366 1101 opus
1388 1028 1723 1091 habebimus,
1741 1027 1845 1082 nisi

220 1126 225 1127 ί
253 1129 533 1185 destruere
563 1137 808 1199 oporteat
837 1125 982 1181 hunc
1013 1121 1325 1180 civitatem?
1351 1120 1485 1177 Nam
1529 1119 1576 1175 si
1626 1120 1730 1174 illis
1760 1120 1845 1173 in-

253 1220 477 1293 gressis,
504 1220 557 1276 in
588 1222 703 1276 auri
732 1229 787 1275 et
813 1218 1223 1290 margaritarum
1248 1214 1740 1285 concupiscentiam
1762 1214 1847 1267 iu-

254 1313 487 1369 ciderint
514 1312 568 1367 hi
600 1310 907 1383 philosophi
935 1307 1310 1383 (phil050phos
1352 1308 1495 1361 enim
1546 1320 1680 1360 voco
1728 1318 1846 1367 eos,

254 1403 344 1470 qui
375 1400 507 1456 nihil
538 1399 868 1471 superfluum
896 1397 1195 1470 quaerunt),
1228 1398 1339 1451 otio
1368 1410 1427 1451 se
1457 1394 1650 1449 dantes
1675 1402 1730 1449 et
1756 1407 1851 1448 vo-

258 1494 466 1564 luptati,
496 1492 673 1550 omnia
699 1492 916 1547 demum
938 1490 1188 1560 perdent.
1223 1488 1290 1544 Et
1317 1488 1419 1543 nisi
1446 1487 1608 1543 utiles
1637 1486 1847 1549 sintdi-

256 1586 420 1652 vitiaz,
446 1586 677 1655 inquies,
700 1599 799 1639 cur
827 1598 858 1638 a
882 1581 1111 1637 Domino
1139 1580 1280 1635 datte
1300 1579 1460 1634 sunt?
1486 1578 1555 1632 Et
1582 1576 1848 1632 undenam

258 1679 424 1748 liquet
448 1676 662 1732 divitias
681 1691 713 1731 a
745 1675 856 1730 Deo
875 1672 1031 1729 dari?
1058 1672 1335 1742 Scriptura
1361 1671 1494 1725 dicit
1524 1690 1538 1725 ε
1574 1670 1746 1724 Meum
1777 1680 1851 1723 est

257 1778 521 1836 argentum
543 1775 589 1820 et
618 1781 781 1821 meum
810 1780 995 1818 aurum
1022 1762 1219 1835 (Aggmi
1264 1762 1319 1815 2.
1342 1760 1422 1829 9),
1441 1772 1494 1815 et
1517 1760 1602 1816 cui
1629 1761 1851 1815 voluero

260 1860 399 1913 datio
428 1857 579 1912 illud.
630 1856 750 1923 ilic,
782 1855 889 1910 nisi
920 1869 1034 1909 rem
1065 1862 1277 1921 turpem
1329 1851 1585 1917 facerem,
1634 1850 1853 1920 profuse

262 1965 402 2005 nunc
429 1949 693 2017 risissem,
714 1948 837 2003 illos
864 1947 957 2017 qui
982 1944 1097 2002 hrec
1117 1945 1305 2000 dicunt
1344 1943 1595 2007 irridens,
1628 1944 1752 2015 quia
1779 1944 1854 1999 si-

259 2052 350 2097 cut
377 2042 584 2113 pueruli
616 2040 763 2114 regis
794 2037 1036 2095 fruentes
1063 2051 1271 2103 mensa,
1305 2051 1426 2090 cum
1469 2035 1559 2088 illo
1598 2036 1854 2089 alimento

260 2132 517 2203 quidquid
545 2131 792 2188 inciderit
819 2131 870 2185 in
904 2144 966 2184 os
996 2129 1263 2199 injiciunt.
1293 2126 1383 2181 Sic
1412 2135 1466 2180 et
1491 2126 1543 2181 lii
1566 2141 1689 2180 cum
1720 2126 1859 2179 divi-

264 2227 344 2279 nis
369 2224 663 2293 Scripturis
680 2237 777 2279 sua
800 2236 1014 2292 quoque
1036 2218 1316 2290 colligunt.
1339 2218 1475 2273 Illud
1494 2219 1661 2284 enim,
1684 2218 1857 2272 Meum

263 2302 641 2387 cst‘xargentum,
668 2324 715 2369 et
742 2330 908 2368 meum
939 2323 1010 2368 est
1039 2328 1245 2376 aurum,
1279 2311 1392 2366 seio
1418 2309 1621 2365 dictum
1649 2309 1856 2364 fuissea

266 2408 556 2479 propheta;
587 2406 718 2461 illud
745 2415 895 2470 vero,
924 2404 1021 2459 Cui
1066 2403 1289 2458 voluero
1326 2402 1467 2457 dabo
1510 2401 1706 2471 ipsum,
1752 2416 1857 2455 non

266 2500 337 2556 ibi
358 2500 560 2570 jacere,
586 2498 682 2555 sed
720 2513 750 2553 a
776 2496 1002 2553 ftecihus
1032 2496 1150 2551 istis
1190 2494 1463 2550 inductum
1506 2492 1691 2549 fuisse.
1725 2493 1859 2549 Illud

267 2607 397 2647 vero
422 2607 524 2663 qua
548 2590 617 2646 de
643 2604 805 2645 causa
839 2588 1041 2643 dictum
1073 2588 1143 2641 sit
1186 2586 1385 2643 dicam.
1431 2584 1703 2657 PrOpheta
1751 2585 1861 2653 Ag-

267 2697 435 2753 gzeus,
466 2683 595 2753 quia
618 2680 929 2750 frequenter
955 2677 1158 2733 Judaais
1182 2678 1523 2747 promiserat,
1566 2686 1687 2746 post
1716 2676 1863 2731 redi-

272 2784 383 2828 tum
414 2787 480 2828 ex
515 2770 787 2842 Babylone
815 2784 872 2825 se
902 2768 1159 2839 templum
1200 2778 1545 2823 ostensurum
1592 2767 1645 2820 in
1686 2766 1865 2837 priore

274 2866 463 2931 forma,
496 2879 605 2920 non
636 2863 930 2919 credebant
959 2872 1138 2917 autem
1168 2861 1382 2932 quidam
1411 2860 1633 2927 dicenti,
1674 2868 1726 2915 et
1757 2860 1867 2916 fere

273 2973 389 3014 rem
422 2954 806 3026 impossibilem
846 2953 1250 3018 existimabant,
1291 2952 1435 3023 quod
1464 2951 1519 3006 itt
1546 2954 1783 3007 cinerem
1814 2961 1869 3005 et.

275 3052 547 3124 pulverem
574 3049 789 3106 redacta
817 3047 1033 3112 domus,
1066 3047 1186 3102 talis
1210 3060 1421 3101 rursum
1453 3044 1761 3115 apparitura
1785 3058 1871 3099 cs-

276 3154 391 3207 set;
422 3142 754 3199 illesolvens
780 3138 1213 3196 incredulitatem
1246 3138 1509 3207 ipsorum,
1545 3152 1610 3192 ex
1640 3150 1869 3207 persona

279 3235 373 3290 Dei
415 3234 531 3289 haec
562 3233 710 3298 dicit,
742 3246 807 3288 ae
834 3230 880 3285 si
910 3230 1149 3285 diceret:
1179 3228 1316 3294 Quid
1347 3228 1579 3282 timetis?
1605 3228 1732 3298 quid
1766 3244 1870 3281 non

279 3324 532 3381 creditis?
558 3323 730 3380 Meum
755 3332 828 3378 est
852 3329 1116 3393 argentum
1134 3328 1180 3373 et
1194 3334 1361 3372 meum
1386 3334 1591 3382 aurum,
1623 3332 1723 3372 nec
1738 3332 1874 3386 opus

282 3417 479 3483 habeo,
508 3424 565 3471 ut
592 3414 815 3485 pecunia
849 3413 1057 3468 faenore
1098 3418 1342 3480 accepta,
1375 3409 1458 3463 sic
1502 3407 1675 3462 tndem
1712 3423 1874 3462 exor-

282 3523 424 3564 nem.
458 3508 524 3563 Et
550 3506 695 3578 quod
726 3505 829 3562 hoc
857 3506 950 3569 sit,
981 3502 1258 3573 subjunxit
1293 3519 1306 3555 :
1354 3501 1419 3555 Et
1458 3502 1555 3556 erit
1581 3500 1748 3572 gloria
1777 3501 1873 3553 do-

282 3618 395 3657 nius
437 3602 592 3673 hujus
622 3600 800 3654 ultima
847 3615 1004 3670 supra
1052 3597 1271 3669 primum
1302 3594 1499 3667 (Aggtet'
1527 3594 1582 3649 2.
1626 3594 1759 3664 10).
1798 3594 1876 3649 Ne

281 3708 414 3763 ergo
442 3693 494 3747 in
525 3691 901 3746 vestimentum
942 3691 1149 3759 regium
1199 3688 1333 3743 telas
1371 3704 1688 3743 aranearum
1720 3687 1879 3741 indu-

281 3780 646 3846 camusrl‘iam
673 3782 716 3835 si
742 3779 866 3850 quis
891 3763 1325 3849 deprehendatur
1354 3777 1406 3831 in
1436 3793 1668 3847 purpura
1701 3778 1879 3833 defor-

284 3890 370 3930 tne
422 3875 740 3945 subtcgmen
784 3882 1109 3937 contexens,
1158 3880 1432 3925 extremas
1476 3870 1623 3925 dabit
1666 3886 1874 3941 poenas,

284 3969 457 4023 multo
478 3969 647 4038 magis
690 3966 745 4022 in
785 3965 1156 4035 spiritualibus
1180 3982 1193 4019 :
1220 3979 1393 4035 neque
1434 3965 1578 4018 enim
1609 3964 1733 4017 hinc
1762 3966 1878 4018 leve

286 4072 562 4131 peccatum
589 4062 781 4115 oritur.
804 4058 1018 4130 thuid
1047 4059 1168 4114 dico
1196 4058 1265 4113 de
1295 4057 1568 4112 additione
1595 4068 1650 4111 et
1670 4057 1736 4112 de
1754 4058 1878 4111 sub-

286 4154 587 4209 tractione?
626 4168 691 4207 ex
735 4159 933 4222 puncto
978 4160 1203 4215 tantum,
1239 4158 1293 4205 et
1319 4164 1384 4205 ex
1414 4149 1666 4203 simulata
1710 4150 1876 4203 altera

285 4245 516 4301 lectione
546 4242 710 4297 multa
737 4256 881 4313 smpe
905 4242 1137 4297 absurda
1164 4256 1320 4297 sensa
1350 4250 1470 4297 orta
1497 4252 1640 4295 sunt.

360 4336 415 4393 6.
447 4335 725 4393 Undenatn
743 4349 874 4406 ergo
888 4334 1116 4390 divites?
1130 4334 1338 4404 inquies
1358 4342 1373 4390 ;
1392 4334 1589 4388 dictum
1610 4344 1695 4388 est
1712 4333 1880 4391 enim;

286 4429 497 4486 Divitic
518 4439 567 4484 et
596 4437 877 4501 paupertas
899 4444 932 4480 a
963 4426 1180 4481 Domino
1218 4425 1403 4495 (Eccli.
1439 4427 1527 4480 11.
1570 4425 1679 4496 14).
1714 4426 1883 4481 Inter-

289 4522 599 4593 rogabimus
626 4536 755 4591 ergo
780 4534 876 4575 eos
904 4521 995 4589 qui
1027 4520 1142 4574 hinc
1168 4518 1322 4574 nobis
1342 4517 1639 4588 objiciunt:
1669 4517 1881 4588 Ergone

287 4628 479 4670 omnes
506 4612 705 4667 divitia:
735 4619 791 4667 et
813 4611 992 4667 omnis
1020 4622 1309 4682 paupertas
1336 4627 1364 4665 a
1392 4611 1653 4666 Domino?
1679 4621 1733 4666 et
1758 4613 1880 4681 quis

290 4708 395 4762 hoc
420 4705 651 4761 dixerit?
678 4703 814 4759 Nam
839 4702 1084 4758 videmus
1110 4713 1166 4759 et
1188 4718 1252 4757 ex
1285 4702 1474 4773 rapina
1500 4712 1555 4758 et
1585 4716 1651 4757 ex
1674 4702 1881 4757 malefi-

287 4802 375 4854 cio
403 4784 457 4855 in
485 4796 749 4854 fodiendis
777 4795 1061 4867 sepulcris,
1086 4804 1140 4850 et
1166 4810 1229 4849 ex
1261 4793 1731 4865 praestigiiseane
1759 4794 1885 4848 aliis

290 4889 598 4962 hujusmodi
623 4889 835 4955 causis,
865 4902 1089 4960 magnas
1113 4901 1140 4939 a
1176 4887 1355 4941 multis
1384 4886 1595 4940 corradi
1642 4886 1878 4951 divitias,

289 4994 347 5040 et
372 4982 465 5054 qui
492 4996 585 5037 eas
628 4978 927 5051 possident,
976 4994 1045 5034 ne
1086 4979 1192 5033 vita
1236 4976 1461 5049 quidem
1503 4976 1695 5047 dignos
1734 4990 1878 5032 esse.

182 5135 185 5137 ,
289 5076 429 5144 Quid
456 5089 605 5147 ergo,
634 5073 723 5130 dic
745 5071 899 5140 mihi,
926 5071 1146 5127 hascine
1166 5070 1377 5126 divitias
1402 5084 1433 5124 a
1463 5070 1572 5125 Deo
1596 5083 1718 5123 esse
1738 5068 1884 5123 dicae

290 5168 449 5224 mus?
476 5169 665 5225 Absit:
697 5164 796 5222 sed
817 5162 1126 5221 undenam?
1161 5162 1237 5219 Ex
1270 5172 1511 5233 peccato.
1536 5160 1669 5217 Nam
1702 5175 1881 5217 mere-

292 5260 396 5314 trix
432 5273 630 5329 corpus
670 5273 827 5315 suum
867 5255 1191 5313 contumelia
1229 5254 1494 5320 afficiens,
1539 5248 1787 5315 ditescit;
1826 5262 1884 5306 ut

294 5352 562 5409 formosus
598 5352 916 5410 adolescens
958 5363 1102 5420 sape
1148 5347 1374 5403 formam
1419 5344 1658 5402 vendens
1705 5358 1879 5408 suam,

293 5462 417 5502 cum
446 5444 776 5515 turpitudine
798 5454 987 5502 aurum
1019 5441 1294 5516 possidet;
1326 5448 1383 5495 et
1409 5438 1781 5511 sepulcrorum
1803 5436 1883 5493 ef.

294 5538 492 5601 fossor,
508 5534 737 5605 diruptis
754 5534 1037 5603 sepulcris,
1054 5533 1270 5591 divitias
1286 5531 1431 5603 cogit
1454 5529 1704 5601 injustas,
1728 5531 1883 5585 item-

296 5643 399 5698 que
424 5630 567 5686 latro
589 5626 759 5683 muris
798 5625 1104 5695 perforatis.
1143 5624 1357 5696 Ergone
1380 5638 1415 5680 s
1441 5622 1669 5680 Domino
1690 5634 1883 5677 omnes

290 5719 531 5777 divitize?
555 5717 692 5789 Quid
730 5730 884 5787 ergo,
912 5711 1146 5785 inquies,
1193 5714 1643 5787 respondebimus
1675 5709 1743 5769 ad
1775 5711 1881 5769 hoc

293 5809 524 5869 dictum?
557 5813 708 5868 Disce
736 5809 880 5881 prius
906 5822 1005 5864 nec
1033 5813 1403 5876 paupertatem
1428 5820 1459 5863 α
1492 5806 1605 5866 Deo
1642 5825 1785 5879 esse,
1821 5828 1877 5870 et

612 5910 894 5970 ’l’sraOL.
948 5908 1064 5969 Gtt.
1120 5908 1274 5971 LXI.

1242 362 1310 421 IN
1349 361 1564 419 EPIST.
1606 362 1626 416 Ι
1692 363 1781 416 AI)
1818 360 1977 417 0011.
2018 360 2251 417 ιιοδιιι.
2296 360 2534 417 XXXIV.

3436 364 3536 420 19s

1952 485 2078 531 tunc
2102 475 2168 529 ad
2198 475 2299 532 hoc
2326 474 2528 529 dictum
2559 474 2851 529 vcuicttnts.
2889 474 3022 533 Cum
3050 476 3193 531 enim
3235 476 3356 547 quis
3382 478 3538 547 juve-

1948 570 2031 623 nis
2058 566 2311 639 prodigus
2332 577 2425 622 aut
2453 568 2505 621 in
2536 568 2850 622 meretrices
2878 566 3092 623 divitias
3110 572 3543 640 consumpserit,

1949 666 2039 714 aut
2063 660 2116 714 in
2146 658 2582 729 prmstigiatores,
2634 668 2722 711 aut
2773 658 2825 712 in
2855 657 2989 712 alias
3029 659 3308 729 quaspiam
3336 659 3544 716 similes

1948 749 2288 821 cupiditates,
2323 759 2379 807 et
2406 764 2609 820 pauper
2636 749 2902 815 evaserit;
2936 764 3113 804 nonne
3142 750 3316 821 palam
3339 751 3549 808 esthoc

1949 856 1977 894 a
2010 841 2122 897 Deo
2153 840 2350 895 factum
2392 856 2499 896 non
2552 855 2694 903 esse,
2727 838 2822 894 sed
2858 839 2936 894 ab
2976 840 3142 910 ipsius
3191 840 3550 909 profusione?

1952 932 2183 989 Rursum
2213 933 2258 987 si
2289 933 2410 1003 quis
2439 931 2508 987 ob
2543 933 2827 1003 segnitiem
2873 946 3073 1003 pauper
3103 932 3209 993 fiat.
3243 933 3289 987 si
3328 933 3447 1004 quis
3479 949 3547 991 ex

1952 1026 2158 1082 insania
2216 1027 2268 1080 in
2315 1034 2683 1095 paupertatem
2727 1023 2962 1093 decidat,
2992 1026 3037 1081 si
3069 1026 3187 1096 quis
3219 1026 3544 1096 periculosas

1951 1124 2007 1171 et
2037 1118 2245 1187 iniquas
2266 1131 2356 1172 res
2382 1131 2696 1187 aggressus;
2740 1131 2921 1171 nonne
2956 1118 3305 1187 conspicuum
3328 1133 3548 1189 prorsus

1951 1218 2054 1274 est,
2086 1208 2291 1263 nullum
2318 1222 2507 1263 eorum
2536 1208 2627 1278 qui
2669 1207 2978 1277 hujusmodi
3008 1217 3135 1263 sunt
3177 1209 3232 1265 in
3267 1221 3548 1282 pauperta-

1954 1309 2059 1353 tem
2090 1315 2120 1353 a
2152 1300 2264 1355 Deo
2291 1298 2559 1369 deiectum
2591 1298 2793 1356 fuisse?
2816 1298 3068 1356 Mentitur
3088 1316 3217 1371 ergo
3243 1301 3551 1377 Scriptum?

1957 1389 2137 1456 Absit;
2168 1390 2260 1445 sed
2296 1390 2460 1445 stulte
2489 1400 2654 1461 agunt
2686 1390 2743 1455 ii,
2791 1391 2881 1461 qui
2914 1405 3021 1446 non
3052 1407 3174 1447 cum
3219 1408 3281 1447 ea
3320 1410 3424 1465 qua
3451 1410 3549 1465 par

1953 1491 2098 1538 esset
2122 1483 2468 1538 accuratione
2488 1483 2667 1537 omnia
2696 1499 2816 1554 qua:
2839 1485 3037 1554 scripta
3064 1494 3191 1539 sunt
3213 1488 3548 1543 examinant.

1954 1572 2088 1628 Nam
2115 1573 2165 1628 si
2189 1582 2243 1629 et
2264 1573 2369 1629 hoc
2395 1575 2448 1631 in
2474 1572 2727 1631 confesso
2762 1575 2853 1642 sit,
2882 1574 3026 1646 quod
3068 1576 3349 1649 Scriptura
3395 1580 3549 1635 meit-

1957 1667 2044 1722 tiri
2075 1677 2329 1739 nequeat,
2377 1677 2431 1724 et
2483 1667 2587 1725 hoc
2624 1669 3060 1725 demonstratum
3107 1670 3198 1737 sit,
3249 1671 3391 1743 quod
3443 1687 3549 1727 non

1934 1772 2143 1831 ,omnes
2169 1757 2370 1813 divitia:
2405 1773 2435 1813 a
2478 1759 2590 1814 Deo
2615 1760 2751 1825 sint;
2802 1758 3093 1816 difficultas
3120 1763 3270 1820 venit
3294 1779 3359 1818 ex
3386 1764 3557 1820 imbe~

1956 1848 2180 1905 cillitate
2203 1864 2391 1904 eorum
2422 1851 2513 1920 qui
2546 1866 2652 1905 non
2680 1851 3023 1908 considerate
3052 1852 3253 1923 legunt.
3292 1853 3363 1909 Et
3386 1870 3553 1925 opor-

1960 1950 2099 1997 teret
2117 1941 2333 2012 quidem
2360 1957 2457 1996 vos
2484 1942 2778 2007 dimittere,
2804 1958 2929 1998 cutn
2972 1943 3025 1999 in
3060 1944 3164 2001 hoc
3211 1941 3553 2017 Scripturam

1960 2036 2027 2091 ab
2053 2036 2250 2091 oblatis
2276 2036 2597 2092 criminibus
2638 2036 3009 2105 liberavimus,
3044 2047 3101 2093 ut
3144 2038 3242 2094 has
3269 2040 3429 2095 nobis
3459 2057 3553 2097 ve-

1960 2136 2087 2181 strae
2110 2127 2162 2181 in
2188 2126 2430 2198 legendis
2450 2126 2742 2197 Scripturis
2764 2127 3103 2199 negligentia:
3125 2128 3323 2185 daretis
3347 2144 3554 2201 prunas:

1961 2232 2146 2272 verum
2176 2217 2301 2287 quia
2336 2218 2485 2273 vobis
2511 2217 2806 2273 admodum
2838 2234 3023 2289 parco,
3076 2229 3131 2276 et
3180 2235 3288 2276 non
3339 2236 3553 2291 possum

1962 2307 2190 2379 amplius
2214 2308 2404 2364 videre
2429 2323 2527 2365 vos
2550 2310 2923 2378 conturbatos,
2956 2325 3055 2381 age
3082 2310 3408 2369 solutionem
3439 2312 3561 2369 ail'e-

1963 2415 2164 2467 ramus,
2194 2401 2367 2471 primo
2389 2417 2513 2457 eum
2537 2403 2629 2472 qui
2669 2402 2804 2458 dixit
2844 2415 3230 2475 memorantes,
3260 2416 3315 2462 et
3347 2410 3565 2479 quando

1964 2493 2163 2548 dictum
2191 2492 2373 2560 fuerit,
2396 2502 2451 2549 et
2480 2493 2547 2548 ad
2576 2508 2866 2563 quosnam.
2897 2495 3083 2567 Neque
3113 2500 3255 2555 enim
3282 2501 3423 2556 Deus
3440 2518 3561 2557 cum

1966 2585 2216 2640 omnibus
2239 2585 2488 2642 similiter
2502 2585 2770 2657 loquitur;
2800 2595 2857 2641 ut
2888 2603 3063 2658 neque
3100 2606 3199 2645 nos
3223 2608 3364 2663 cunr
3384 2594 3566 2663 pueris

1966 2684 2163 2731 etcum
2188 2677 2314 2731 viris
2330 2677 2577 2732 similiter
2594 2678 2756 2732 verba
2785 2678 3027 2735 facimus.
3047 2680 3401 2749 Quandouam
3430 2700 3563 2755 ergo

1965 2766 2171 2822 dictum
2218 2778 2335 2835 est,
2366 2778 2421 2825 et
2447 2784 2477 2823 a
2502 2784 2611 2840 quo
2632 2812 2645 2836 ,
2677 2780 2734 2826 et
2762 2770 2827 2824 ad
2852 2773 3153 2841 quosnam?
3186 2776 3226 2828 Λ
3275 2774 3565 2831 Salomone

1970 2855 2228 2915 ittYetcri
2269 2859 2337 2915 ad
2377 2858 2613 2925 Judteos,
2642 2862 2733 2931 qui
2774 2862 2905 2916 nihil
2951 2862 3095 2918 aliud
3130 2864 3374 2920 sciebant
3406 2882 3566 2937 quant

1971 2950 2268 3016 sensibilia,
2290 2960 2344 3006 et
2371 2951 2440 3005 ab
2471 2950 2535 3005 iis
2568 2951 2661 3005 Dei
2694 2951 2948 3007 virtutem
2980 2953 3301 3023 probabant.
3334 2955 3396 3011 Ili
3423 2957 3591 3013 enim:

1972 3052 2100 3100 sunt
2146 3045 2233 3115 qui
2272 3044 2563 3101 dicebant:
2593 3042 2862 3116 Numquid
2906 3054 2954 3100 et
3006 3061 3192 3117 panem
3235 3050 3420 3118 poterit
3450 3052 3574 3105 dare

1976 3134 2147 3207 (Psat.
2179 3138 2268 3192 77.
2290 3135 2509 3205 20)?et,
2533 3136 2680 3204 Quod
2706 3138 2911 3209 signum
2940 3139 3163 3195 ostendis
3189 3138 3332 3195 nobis
3355 3138 3571 3209 (Matth.

1977 3229 2064 3285 l2.
2094 3230 2184 3302 58)
2200 3231 2225 3282 ἳ
2251 3228 2429 3283 Patres
2451 3230 2609 3283 nostri
2632 3230 3070 3285 manducaverunt
3096 3248 3283 3286 manna
3302 3232 3354 3286 in
3377 3233 3575 3288 deserto

1978 3319 2160 3389 (Joan.
2193 3320 2249 3376 6.
2300 3320 2413 3391 51).
2466 3318 2697 3386 Quorum
2728 3320 2855 3375 deus
2886 3331 3051 3376 venter
3078 3321 3340 3394 (Philipp.
3370 3323 3428 3378 ὅ.
3462 3324 3572 3394 i9).

1978 3414 2241 3477 Quoniam
2275 3412 2434 3482 igitur
2473 3428 2541 3467 ex
2586 3413 2650 3467 iis
2691 3413 2838 3467 illum
2884 3414 3229 3482 exercebant,
3258 3414 3391 3471 dicit
3419 3414 3573 3485 ipsis,

1979 3505 2092 3562 Iloc
2120 3521 2334 3575 quoque
2361 3513 2541 3572 potest
2571 3498 2733 3569 licus,
2766 3515 2819 3561 et
2846 3506 3042 3561 divites
3069 3504 3248 3563 facere
3275 3516 3330 3562 et
3360 3522 3576 3579 paupe-

1981 3613 2103 3663 res;
2132 3611 2239 3652 nou
2272 3595 2414 3665 quod
2449 3595 2671 3650 omnino
2703 3596 2820 3666 ipse
2848 3594 3030 3664 faciat,
3074 3597 3171 3653 sed
3208 3598 3350 3669 quod
3383 3601 3575 3671 possit,

1980 3690 2195 3761 quando
2222 3691 2483 3745 voluerit:
2514 3700 2567 3743 ut
2593 3701 2647 3744 et
2673 3690 2889 3759 quando
2912 3690 3130 3759 dixerit,
3158 3691 3259 3757 Qui
3279 3695 3410 3747 mari
3434 3709 3574 3747 com-

1981 3783 2226 3849 minatur,
2259 3790 2305 3836 ct
2332 3782 2551 3835 estsit-crit
2576 3780 2728 3845 illud,
2759 3791 2805 3833 et
2829 3797 3001 3835 attines
3027 3783 3211 3851 ﬂuvios
3239 3783 3292 3836 in
3321 3784 3574 3840 desertum

1981 3876 2215 3946 redigens
2256 3872 2518 3945 (Nahum.
2572 3873 2624 3929 i.
2670 3874 2764 3944 4);
2798 3889 3119 3944 quamquam
3152 3874 3252 3930 ltoc
3280 3890 3574 3945 numquam

1983 3966 2180 4022 factum
2197 3977 2299 4022 est.
2320 3965 2603 4035 Quomodo
2631 3965 2795 4037 igitur
2822 3966 2950 4021 illud
2978 3966 3240 4038 propheta
3270 3967 3438 4024 dicit?
3457 3968 3573 4024 Non

1982 4058 2123 4127 quod
2150 4072 2370 4127 semper
2396 4059 2507 4123 liat,
2537 4057 2631 4113 sed
2660 4057 2803 4129 quod
2837 4059 2953 4125 ipse
2980 4060 3151 4129 possit
3171 4057 3371 4115 facere.
3402 4060 3576 4128 Quam

1984 4163 2113 4219 ergo
2163 4157 2536 4219 paupertatem
2581 4148 2671 4203 dat
2710 4161 2765 4203 et
2805 4164 2939 4218 quas
2984 4149 3241 4203 divitias?
3268 4151 3577 4207 Recordare

1988 4240 2330 4309 patriarchae,
2361 4250 2415 4296 et
2444 4242 2587 4296 scies
2634 4256 2878 4313 quamam
2918 4256 2951 4295 a
2981 4240 3095 4298 Deo
3120 4242 3319 4297 dentur
3345 4243 3573 4303 divitiae.

1985 4333 2115 4386 Nam
2150 4332 2515 4387 Abraltamum
2548 4333 2663 4403 ipse
2692 4331 2913 4387 divitem
2962 4331 3225 4397 reddidit;
3271 4342 3326 4393 et
3358 4344 3479 4404 post
3508 4336 3579 4389 il.

1985 4427 2093 4479 lum
2116 4423 2332 4490 Jobum,
2359 4435 2415 4478 ut
2438 4436 2492 4478 et
2520 4424 2635 4493 ipse
2660 4424 2823 4478 dicit:
2858 4423 2920 4479 Si
2956 4422 3088 4479 bona
3117 4424 3321 4492 quidem
3340 4428 3571 4497 suscepi-

1987 4533 2097 4571 mus
2124 4534 2154 4569 a
2181 4514 2426 4593 Domino,
2470 4514 2608 4570 mala
2633 4526 2799 4571 autem
2828 4534 2930 4571 non
2957 4519 3315 4575 sustinebimus
3339 4518 3484 4593 (Job.
3514 4523 3574 4577 '2.

1988 4610 2117 4682 l0)?
2141 4611 2206 4666 Et
2234 4610 2420 4666 Jacobi
2453 4610 2655 4667 divitia:
2685 4610 2810 4667 inde
2836 4612 3045 4667 initium
3080 4626 3447 4685 sumpserunt.
3481 4616 3576 4671 Est

1985 4714 2165 4759 autem
2191 4714 2246 4759 et
2292 4706 2577 4773 paupertas
2602 4704 2669 4759 ab
2698 4717 2764 4760 eo
2794 4704 3097 4767 laudabilis.
3131 4722 3290 4775 quam
3320 4706 3391 4760 illi
3422 4705 3574 4761 diviti

1989 4810 2113 4852 tunc
2137 4798 2460 4853 conciliabat
2499 4797 2725 4852 dicens:
2758 4796 2821 4853 Si
2864 4798 2938 4851 cis
2978 4802 3230 4871 perfectus
3258 4814 3388 4862 esse,
3419 4802 3579 4853 unde

1985 4904 2098 4958 quat
2119 4887 2294 4955 habes,
2315 4897 2361 4941 et
2378 4887 2446 4943 da
2474 4889 2801 4960 pauperibus,
2822 4897 2869 4942 et
2894 4888 3007 4963 veni
3030 4904 3233 4958 sequere
3251 4902 3329 4941 me
3356 4885 3580 4960 (Matth.

1988 4977 2229 5051 19.2”;
2256 4988 2313 5036 et
2337 4977 2621 5049 discipulis
2646 4994 2861 5036 rursum
2901 4980 3074 5052 legem
3104 4989 3351 5036 statuens
3387 4998 3453 5040 ac
3490 4985 3579 5042 di-

1986 5087 2151 5129 cens:
2177 5071 2355 5127 Nolite
2396 5072 2654 5140 possidere
2678 5089 2885 5139 auram,
2919 5089 3082 5143 neque
3105 5079 3583 5149 argentum,neque

1987 5167 2114 5220 duas
2140 5168 2337 5220 tunicas
2365 5162 2518 5237 (Luc.
2548 5167 2601 5219 υ.
2624 5164 2705 5237 5).
2724 5165 2802 5221 Ne
2818 5167 2997 5235 itaque
3020 5163 3167 5219 dicas
3191 5164 3367 5236 ipsum
3387 5183 3579 5227 omnes

1986 5258 2119 5313 dare
2144 5257 2391 5313 divitias:
2422 5272 2547 5312 nam
2572 5256 2998 5312 demonstratum
3042 5264 3127 5310 est
3158 5265 3217 5313 et
3242 5274 3312 5316 ex
3338 5261 3577 5316 czcdihtts

1988 5362 2043 5405 ct
2062 5364 2128 5405 ex
2153 5348 2357 5418 rapinis
2387 5358 2443 5402 et
2466 5363 2533 5403 ex
2563 5348 2712 5404 mille
2732 5348 2854 5403 aliis
2882 5347 3259 5405 occasionibus
3284 5349 3429 5421 ipsas
3456 5352 3577 5407 col-

1990 5441 2100 5510 ligi.
2122 5438 2227 5495 Sed
2262 5453 2449 5494 rursus
2471 5438 2537 5494 ad
2563 5440 2799 5510 priorem
2827 5438 3187 5509 qurestionem
3210 5455 3388 5498 sermo
3417 5444 3581 5499 redu-

1986 5542 2158 5589 catur.
2186 5530 2243 5587 Si
2274 5531 2418 5587 enim
2438 5530 2508 5587 ad
2543 5531 2674 5586 nihil
2697 5529 2854 5585 nobis
2884 5530 3047 5589 utiles
3074 5533 3268 5588 divites
3295 5543 3441 5601 sunt,
3478 5550 3580 5595 cur

1989 5623 2115 5680 facti
2145 5620 2331 5681 fuere?
2356 5622 2482 5696 quid
2511 5637 2642 5693 ergo
2663 5621 3000 5680 dixerimus?
3027 5624 3180 5695 Quod
3223 5622 3275 5680 hi
3308 5642 3414 5683 non
3447 5645 3575 5699 pro-

1989 5715 2115 5781 sint,
2146 5715 2238 5784 qui
2267 5730 2327 5772 se
2353 5715 2431 5771 sic
2450 5714 2647 5771 divites
2673 5712 2932 5783 reddunt;
2961 5727 3019 5774 ut
3043 5716 3117 5774 illi
3147 5718 3239 5789 qui
3264 5733 3294 5774 a
3321 5721 3431 5777 Deo
3455 5722 3578 5780 iacti

1989 5822 2134 5882 sunt,
2166 5812 2318 5869 valde
2345 5822 2467 5868 sunt
2497 5813 2672 5870 utiles.
2702 5804 2816 5864 Hoc
2845 5810 2913 5867 ab
2944 5808 3158 5865 illorum
3182 5812 3354 5877 gestia
3372 5808 3577 5872 odium.

3147 5899 3221 5963 19
