4038 6216
472 389 582 444 995

478 505 692 562 Etenim
718 499 988 557 Abraham
1015 496 1315 569 peregrinis
1353 502 1410 551 et
1450 493 1639 564 egenis
1666 487 1918 545 omnibus
1946 501 2069 557 pos-

479 594 691 652 sidebat
733 592 970 647 divitias.
1015 589 1113 645 ille
1139 588 1285 645 enim
1315 600 1439 641 cum
1468 582 1814 638 advenissent
1857 587 1986 643 tres,
2016 586 2073 632 ut

476 686 840 749 existimabat,
872 681 1144 747 homines,
1172 678 1345 735 vitulo
1374 685 1605 731 mactato
1628 673 1900 742 tribusque
1924 669 2068 725 simi-

479 779 545 832 lae
566 775 834 835 mensuris
864 770 1127 837 subactis,
1146 770 1200 824 in
1218 769 1463 837 ostioque
1484 764 1679 821 sedens
1697 772 1940 833 tempore
1958 775 2072 814 me-

481 869 710 934 ridiano,
728 866 1013 923 considera
1030 877 1150 918 cum
1168 869 1364 933 quanta
1383 858 1703 914 liberalitate
1718 866 1774 912 et
1792 854 2071 910 alacritate

473 977 568 1016 sua
591 960 844 1016 omnibus
873 954 1225 1026 impenderet,
1250 967 1373 1007 eum
1414 950 1660 1022 pecuniis
1689 950 1848 1003 etiam
1878 959 2070 1015 corpo-

474 1056 553 1109 ris
578 1050 936 1108 ministerium
961 1046 1243 1113 adhibens,
1271 1054 1325 1100 et
1354 1044 1471 1098 haec
1486 1042 1539 1097 in
1564 1048 1711 1095 tanto
1734 1038 1909 1096 senio.
1934 1036 2068 1090 Por-

474 1157 560 1203 tus
585 1153 703 1202 erat
724 1144 994 1214 hospitum
1023 1153 1316 1208 eorumque
1348 1136 1439 1207 qui
1468 1136 1522 1190 in
1542 1132 1867 1189 necessitate
1885 1137 2062 1193 erant,

475 1241 606 1302 nihil
628 1240 727 1294 sibi
746 1237 1018 1308 proprium
1041 1233 1343 1306 possidens,
1369 1245 1469 1286 nec
1494 1230 1656 1284 etiam
1682 1225 1853 1279 ﬁlium
1872 1237 2062 1278 suum:

475 1335 587 1390 Deo
615 1346 849 1402 namque
871 1328 1102 1399 iubente
1134 1326 1281 1381 hunc
1321 1322 1489 1380 etiam
1521 1319 1770 1383 tradidit;
1802 1332 1923 1371 cum
1956 1314 2068 1369 lilio

471 1435 651 1481 autem
672 1423 911 1492 seipsum
940 1418 1113 1485 dedit,
1144 1425 1201 1471 et
1227 1424 1392 1469 totam
1424 1412 1667 1476 domum,
1697 1406 1913 1479 quando
1950 1414 2066 1459 stu-

471 1514 632 1571 debat
664 1510 846 1568 fratris
874 1508 1043 1564 lilium
1070 1505 1300 1576 eripere.
1343 1502 1408 1556 Et
1443 1500 1561 1556 ha:c
1588 1496 1817 1552 faciebat
1837 1509 1949 1549 non
1976 1508 2068 1563 pe-

468 1606 748 1662 cuniarum
778 1613 963 1665 causa,
996 1595 1092 1651 sed
1133 1609 1201 1651 ex
1234 1592 1564 1647 humanitate
1592 1588 1728 1644 sola.
1758 1584 1894 1641 Cum
1922 1584 2065 1639 enim

468 1699 644 1766 ipsum
691 1690 1065 1750 manubiarum
1110 1686 1386 1742 dominum
1436 1682 1679 1737 fecerunt
1723 1677 1815 1748 qui
1852 1675 1921 1731 ab
1947 1675 2067 1741 ipso

468 1765 667 1846 servati
689 1785 921 1851 fuerant,
974 1793 1145 1852 usque
1168 1777 1235 1831 ad
1259 1776 1407 1831 tilum
1449 1769 1799 1842 subtegminis
1820 1774 1876 1823 et
1898 1765 2066 1821 corri-

467 1881 608 1953 giam
638 1875 991 1934 calceamenti
1012 1874 1192 1929 omnia
1213 1866 1501 1925 recusavit.

538 1972 592 2025 7.
623 1968 769 2025 Talis
793 1973 987 2022 eratet
1015 1963 1206 2018 beatus
1235 1957 1340 2014 Job
1364 1974 1378 2011 :
1410 1952 1847 2011 ctenim,0stittm
1876 1964 2061 2011 meum,

469 2062 661 2132 inquit,
689 2057 829 2113 omni
855 2054 1076 2111 uenienti
1113 2058 1354 2121 apertum
1388 2051 1519 2098 erat.
1553 2042 1666 2113 Ego
1705 2055 1845 2094 eram
1889 2038 2066 2092 oculus

468 2128 715 2205 retectum
742 2157 788 2200 et
833 2161 921 2217 pes
965 2140 1305 2202 dandorum;
1352 2149 1444 2206 ego
1473 2147 1613 2186 cram
1655 2139 1801 2201 pater
1829 2128 2064 2196 inﬁrmo-

466 2258 617 2305 rum;
671 2237 799 2310 foris
845 2238 1020 2288 autem
1048 2245 1150 2284 non
1194 2227 1428 2282 manebat
1454 2226 1637 2293 hospes
1663 2218 1808 2289 (Job.
1840 2219 1929 2273 51.
1971 2217 2060 2273 5‘2.

464 2344 510 2390 et
532 2331 626 2387 29.
661 2308 749 2384 l5.
792 2325 920 2397 l6):
950 2319 1153 2379 inflrmi
1181 2328 1384 2383 autem,
1415 2316 1461 2371 si
1489 2312 1706 2385 quando
1731 2323 1866 2379 opus
1897 2308 2064 2363 habe-

468 2426 618 2489 bant,
654 2434 760 2475 non
811 2414 1253 2477 frustrabantur;
1307 2421 1483 2478 neque
1531 2404 1630 2459 sivi
1679 2400 1951 2456 infirmant
1996 2414 2060 2455 ex

468 2515 610 2572 ostio
636 2526 758 2568 meo
785 2510 906 2565 sinu
935 2518 1108 2562 vacuo
1141 2502 1311 2558 exire.
1353 2497 1424 2553 Et
1463 2496 1547 2551 bis
1579 2495 1746 2549 multo
1789 2492 1961 2560 plura,
1994 2505 2065 2545 ne

464 2605 646 2664 omnia
692 2616 837 2659 nunc
877 2606 1277 2658 recenseamus,
1321 2589 1497 2645 facere
1542 2601 1648 2641 non
1676 2582 1977 2647 desinebat,
2010 2580 2063 2634 iu

463 2710 667 2769 egenos
694 2705 885 2748 omnes
928 2686 1145 2744 divitias
1189 2692 1539 2738 consumens.
1585 2676 1678 2729 Vis
1731 2672 1892 2727 etiam
1944 2668 2065 2723 illos

464 2759 662 2845 divites
703 2783 909 2846 videre,
940 2778 1032 2850 qui
1066 2792 1095 2828 a
1125 2775 1237 2829 Deo
1264 2785 1370 2826 non
1403 2768 1542 2823 tales
1572 2766 1695 2821 facti
1721 2772 1863 2828 sunt,
1893 2770 1951 2815 ut
1976 2759 2062 2815 di-

466 2892 589 2933 scas
618 2870 893 2945 quomodo
920 2866 1123 2924 divitiis
1154 2863 1261 2919 sint
1291 2860 1417 2915 usi?
1457 2856 1589 2913 Vide
1622 2856 1770 2911 illum
1808 2853 1898 2923 qui
1940 2865 2062 2905 cum

469 2942 691 3030 Lazaro,
711 2964 801 3035 qui
832 2977 901 3017 nc
930 2958 1098 3015 micas
1116 2954 1331 3025 quidem
1356 2951 1554 3015 dabat;
1583 2947 1706 3003 vide
1729 2942 2061 3005 Achaabum,

470 3076 1931 3117 -,-1-ι-,,-,-ι-..-.--ᾖ-ι--ι.-.------¹--“-““-““““-----““¹“λ

1207 377 1263 435 S.
1302 375 1581 435 JOANNIS
1603 369 2076 431 CBRYSOSTOMI
2117 365 2431 423 ABClllEP.
2472 364 3003 425 CONSTAN’l'lNOP.

3648 374 3757 429 296

2178 486 2267 557 qui
2311 494 2366 540 et
2407 484 2620 540 vineam
2665 486 2877 555 rapuit;
2925 485 3047 543 vide
3073 485 3245 556 Giezi,
3280 491 3400 547 ride
3442 507 3632 549 omnes
3672 492 3764 565 qui

2178 577 2484 647 huiusmodi
2532 576 2704 633 fuere.
2750 576 2884 633 Nam
2914 578 3004 648 qui
3041 579 3189 648 iuste
3237 583 3533 652 possident,
3579 592 3767 654 utpote

2175 669 2265 739 qui
2311 682 2343 722 a
2385 668 2499 724 Deo
2529 668 2857 737 acceperint,
2885 668 3181 725 secundum
3210 672 3301 726 Dei
3349 684 3612 743 praecepta
3660 675 3770 729 im-

2176 759 2420 829 pendunt
2437 759 2816 831 ;quiautemin
2838 760 3170 830 acquirendo
3202 761 3369 817 Deum
3397 763 3764 831 oﬂ'enderunt,

2178 858 2233 905 et
2259 851 2312 904 in
2339 850 2593 918 expensis
2613 864 2825 919 quoque
2855 850 3084 920 idipsum
3113 850 3340 917 faciunt,
3373 854 3426 909 in
3454 856 3767 912 meretrices

2173 950 2229 997 et
2248 940 2508 1011 parasitos
2530 940 2884 1008 insumentes,
2910 952 3004 997 aut
3030 944 3381 1003 sull'odientes
3404 946 3486 1001 vel
3515 947 3767 1003 clauden-

2175 1041 2275 1097 tes,
2311 1033 2363 1087 in
2395 1031 2703 1088 mendicum
2734 1040 2912 1088 autem
2940 1034 3075 1088 nihil
3106 1045 3413 1105 erogantes.
3443 1038 3506 1093 Et
3531 1044 3648 1104 eur,
3678 1040 3766 1093 in-

2171 1124 2343 1192 quies,
2387 1123 2647 1193 permittit
2676 1124 2818 1179 Deus
2846 1134 2905 1179 ut
2932 1125 3065 1193 tales
3108 1125 3357 1182 homines
3395 1129 3503 1184 sint
3528 1128 3766 1184 divites?

2172 1216 2306 1283 Quia
2358 1216 2567 1286 patiens
2606 1225 2709 1282 est,
2741 1216 2866 1287 quia
2896 1217 3011 1271 vult
3039 1231 3140 1272 nos
3166 1217 3235 1273 ad
3265 1220 3635 1287 penitentiam
3663 1219 3765 1275 ad-

2172 1306 2392 1372 dueere,
2413 1309 2535 1376 quia
2562 1308 2867 1376 gehennam
2894 1308 3237 1379 praeparavit,
3263 1309 3385 1379 quia
3414 1310 3554 1364 diem
3576 1312 3768 1365 Statuit

2173 1397 2225 1451 in
2249 1412 2350 1467 qua
2370 1396 2707 1466 iudicaturus
2727 1406 2811 1452 est
2838 1398 3048 1454 orbem.
3066 1398 3123 1456 Si
3153 1409 3333 1455 autem
3362 1401 3545 1455 statim
3569 1401 3766 1457 divites

2173 1488 2451 1558 plecteret,
2480 1487 2769 1543 Zaccbtnus
2800 1504 2907 1543 non
2936 1489 3213 1545 habuisset
3255 1499 3465 1559 tempus
3489 1490 3555 1545 ad
3587 1490 3762 1561 paeni-

2174 1580 2418 1646 tentiam,
2453 1581 2523 1634 ita
2563 1588 2623 1634 ut
2649 1579 2899 1634 redderet
2928 1579 3285 1650 quadruplum
3310 1594 3496 1635 eorum
3524 1596 3644 1649 qua:
3674 1595 3764 1633 ra-

2170 1680 2377 1740 puerat,
2410 1677 2464 1725 et
2491 1669 2773 1724 dimidium
2821 1669 2983 1725 etiam
3026 1669 3293 1727 bonorum
3343 1685 3563 1725 suorum
3594 1670 3763 1725 adde-

2124 1803 2143 1821 .
2170 1770 2289 1815 ret:
2323 1776 2430 1815 non
2479 1760 2758 1815 hlatthazus
2804 1769 3013 1829 tempus
3061 1760 3338 1815 habuisset
3366 1770 3422 1815 ut
3463 1768 3765 1816 mutaretur

2170 1861 2224 1905 et
2245 1852 2392 1906 licret
2420 1849 2712 1918 apostolus,
2735 1850 2779 1902 si
2804 1861 2932 1903 ante
2953 1858 3316 1918 opportunum
3344 1857 3555 1919 tempus
3578 1860 3765 1921 raptus

2170 1940 2395 1998 fuisset:
2428 1954 2533 2011 non
2564 1940 2656 1993 alii
2699 1939 2853 1993 multi
2884 1940 3110 1995 similes.
3146 1940 3437 2010 Propterea
3464 1952 3762 2011 exspectat,

2170 2031 2235 2084 ad
2265 2031 2633 2101 paenitentiam
2657 2045 2844 2086 omnes
2874 2044 3093 2086 vocans.
3114 2029 3171 2087 Si
3198 2044 3330 2085 vero
3354 2031 3645 2098 noluerint,
3666 2032 3761 2088 sed

2174 2123 2227 2177 in
2274 2122 2463 2177 iisdem
2509 2122 2927 2192 permanserint,
2959 2121 3176 2177 audient
3203 2121 3426 2177 Paulum
3456 2122 3761 2178 dicentem:

2171 2216 2321 2281 Quod
2342 2216 2618 2269 secundum
2648 2216 2887 2270 duritiem
2915 2232 3091 2270 eorum
3130 2224 3176 2271 et
3202 2216 3520 2285 impaenitens
3541 2234 3627 2272 cor
3652 2219 3765 2271 the-

2167 2307 2425 2361 saurizent
2448 2306 2544 2361 sibi
2578 2306 2709 2359 iram
2734 2307 2786 2361 in
2814 2306 2896 2360 die
2922 2307 3013 2361 ire
3048 2315 3095 2360 et
3118 2307 3437 2363 reuelationis
3464 2318 3514 2362 et
3531 2307 3662 2379 justi
3675 2310 3766 2379 ju-

2168 2397 2287 2450 dicii
2314 2396 2414 2450 Dei
2440 2397 2619 2461 (Rom.
2643 2396 2699 2450 2.
2723 2396 2801 2468 5).
2825 2396 2997 2464 Quam
3047 2397 3181 2451 iram
3209 2406 3269 2451 ut
3298 2399 3586 2469 fugiamus,
3624 2400 3767 2454 dite-

2168 2503 2291 2541 mur
2317 2488 2522 2542 divitiis
2550 2487 2881 2555 crelestibus,
2920 2496 2977 2543 et
3007 2487 3331 2543 laudabilem
3382 2504 3770 2561 persequamur

2168 2582 2558 2649 paupertatem.
2586 2578 2661 2631 lta
2685 2577 2830 2633 enim
2853 2588 2905 2634 et
2928 2578 3165 2634 cazlestia
3186 2593 3583 2650 consequemur
3596 2581 3762 2647 dona,

2168 2684 2288 2739 qua:
2320 2670 2523 2724 utinam
2555 2683 2654 2723 nos
2696 2682 2887 2723 omnes
2916 2668 3142 2738 adipisci
3174 2670 3473 2741 contingat,
3503 2672 3676 2742 gratia
3712 2682 3769 2726 et

2170 2762 2497 2833 benignitate
2527 2762 2739 2816 Domini
2763 2761 2934 2817 neStri
2960 2761 3093 2817 Jesu
3120 2761 3347 2830 Christi,
3371 2764 3586 2832 quicum
3620 2764 3766 2819 Patri

2171 2866 2382 2921 unaque
2398 2850 2620 2920 Spiritui
2643 2859 2832 2906 sancto
2852 2851 3044 2920 gloria,
3068 2851 3377 2920 imperium,
3410 2851 3605 2919 honor,
3624 2869 3769 2909 nunc

2171 2952 2227 2997 et
2254 2955 2470 3010 semper
2499 2949 2553 2996 et
2584 2939 2637 2993 in
2658 2941 2858 2996 smcula
2889 2940 3236 2995 saeculorum.
3270 2942 3465 2996 Amen.

1812 3151 2162 3217 HOMILIA
2208 3150 2482 3212 XXXV.

473 3327 601 3383 Car.
637 3324 724 3378 14.
754 3336 805 3374 v.
840 3321 892 3374 ι.
919 3310 1291 3383 Persequimini
1312 3308 1593 3369 caritatem,
1619 3297 1935 3358 wnrulamini
1968 3295 2072 3367 spi-

744 3412 977 3476 ritualia,
1004 3407 1165 3477 magis
1189 3415 1357 3459 autem
1386 3411 1439 3456 ut
1467 3394 1796 3470 prophetetis.

546 3514 598 3567 ι.
641 3508 778 3577 Quia
823 3504 967 3561 enim
1011 3516 1133 3556 cum
1177 3497 1523 3553 accuratione
1554 3489 1793 3547 caritatis
1819 3486 2070 3541 virtutem

473 3617 692 3661 omnem
740 3599 845 3653 illis
892 3594 1185 3659 recensuit,
1218 3591 1285 3645 de
1314 3598 1512 3643 czetcro
1560 3585 1806 3637 hortatur
1852 3588 1904 3632 ut
1948 3590 2071 3631 cum

476 3696 755 3753 alacritate
782 3689 928 3745 illam
957 3684 1351 3755 amplectantur
1379 3696 1392 3733 :
1426 3678 1654 3745 ideoque
1679 3670 1912 3735 dicebat,
1946 3665 2076 3721 Prr-

476 3784 763 3858 sequimini.
793 3780 925 3837 Nam
955 3777 1046 3850 qui
1078 3773 1438 3846 persequitur,
1477 3766 1607 3823 illud
1644 3765 1825 3821 solum
1854 3758 2075 3831 respicit

477 3850 623 3947 (μίοά
673 3871 1032 3945 persequitur,
1080 3876 1135 3921 ct
1178 3864 1244 3917 ad
1295 3861 1423 3915 illud
1474 3857 1663 3923 tendit,
1716 3869 1816 3908 nec
1864 3850 2076 3906 desistit

480 3944 656 4025 donec
674 3944 933 4033 accipiat.
963 3958 1068 4025 Qui
1118 3953 1480 4025 persequitur,
1523 3964 1644 4005 cum
1695 3962 1790 4017 per
1839 3944 2075 4013 seipsum

482 4077 588 4116 non
620 4065 817 4127 potest,
852 4068 946 4123 per
975 4065 1068 4105 eos
1108 4047 1199 4118 qui
1230 4055 1354 4100 ante
1399 4044 1550 4099 illum
1597 4051 1740 4104 sunt,
1786 4037 2075 4108 fugientem

482 4126 864 4221 apprehendit,
893 4156 990 4199 eos
1017 4140 1106 4212 qui
1141 4152 1308 4209 prope
1349 4144 1474 4191 sunt
1512 4149 1632 4189 eum
1664 4144 1859 4200 magno
1900 4126 2079 4181 studio

485 4220 801 4307 adhortans,
832 4247 891 4293 ut
919 4234 1201 4290 detineant
1236 4237 1292 4283 ct
1330 4233 1547 4282 servent
1590 4237 1713 4278 eum
1757 4220 1846 4289 qui
1892 4225 2081 4286 captus

487 4337 606 4401 fuit,
635 4333 811 4386 donec
838 4327 929 4381 ille
956 4321 1252 4378 advenerit.
1285 4319 1397 4374 Hoc
1426 4329 1525 4370 nos
1546 4327 1759 4384 quoque
1784 4308 2076 4364 faciamus:

487 4399 607 4478 cum
634 4421 735 4489 ipsi
768 4433 874 4471 non
908 4412 1251 4484 pervenimus
1277 4410 1343 4464 ad
1367 4409 1667 4469 caritatem,
1688 4416 1783 4457 eos
1801 4399 1891 4473 qui
1911 4411 2081 4470 prope

489 4526 613 4570 sunt
637 4512 927 4583 iubeamus
958 4521 1078 4562 eam
1119 4502 1384 4567 detinere,
1413 4502 1583 4555 donec
1614 4496 1989 4568 perveniamus
2016 4490 2081 4546 ad

491 4610 635 4664 illam
659 4625 672 4661 :
703 4604 898 4662 deinde
919 4617 1041 4656 cum
1067 4593 1605 4669 apprehendcrimus,
1640 4606 1707 4644 ne
1735 4588 1870 4643 ultra
1898 4585 2081 4641 dimit-

492 4711 666 4755 tamus
706 4714 821 4751 cam
845 4738 857 4759 ,
890 4709 957 4749 ne
986 4705 1173 4747 rursus
1204 4703 1233 4740 a
1265 4686 1421 4742 nobis
1465 4684 1651 4753 fugiat.
1686 4679 1915 4735 Assidue
1940 4676 2083 4733 enim

492 4807 521 4846 a
550 4791 702 4845 nobis
724 4783 1053 4853 resilit,quia
1080 4795 1186 4836 non
1210 4787 1269 4833 ut
1286 4792 1379 4847 par
1400 4786 1481 4831 est
1504 4776 1593 4830 illa
1617 4774 1835 4837 utimur,
1851 4780 1946 4826 sed
1971 4783 2087 4824 om-

494 4884 580 4937 nia
602 4880 653 4937 ei
681 4876 1034 4949 prmferimus.
1057 4873 1183 4929 ldeo
1201 4869 1384 4927 omnia
1408 4876 1623 4938 oportet
1644 4865 1840 4930 facere,
1861 4872 1919 4918 nt
1940 4863 2085 4916 illam

495 4982 743 5032 accurate
774 4969 1123 5025 retineamus.
1147 4964 1280 5019 Nam
1310 4962 1355 5017 si
1382 4960 1491 5016 hoc
1518 4957 1627 5023 liat,
1658 4972 1765 5010 non
1797 4956 1964 5010 multo
1991 4969 2087 5008 no-

496 5068 579 5122 bis
605 5065 862 5132 deinceps
890 5073 1027 5131 opus
1056 5055 1161 5111 erit
1205 5053 1412 5119 labore,
1447 5053 1554 5105 inzo
1584 5063 1652 5103 ne
1684 5046 1786 5101 levi
1830 5044 2086 5115 quidem;

496 5159 591 5215 sed
621 5160 671 5212 in
698 5153 906 5211 deliciis
952 5156 1256 5211 versantes,
1286 5144 1482 5199 festum
1524 5148 1765 5212 agentes,
1797 5152 1892 5207 per
1920 5152 2058 5206 aagu

498 5260 633 5307 stam
666 5246 878 5303 virtutis
906 5245 1045 5299 viam
1077 5240 1409 5297 incedemas.
1438 5235 1561 5290 ldeo
1594 5238 1689 5300 ait,
1722 5229 2091 5298 Pet-sequimini

502 5355 634 5398 eam.
669 5338 874 5394 Deinde
898 5354 968 5393 ne
994 5342 1266 5407 putarent,
1298 5329 1420 5385 ideo
1450 5328 1621 5396 ipsum
1646 5328 1713 5383 de
1737 5326 1961 5381 caritate
1981 5338 2094 5378 ser-

503 5428 721 5489 monem
752 5428 1049 5490 induxisse,
1082 5434 1140 5480 ut
1184 5422 1509 5480 charismata
1554 5419 1941 5489 exstingueret,
1970 5416 2077 5471 sub

496 5523 673 5599 iungit
710 5520 936 5577 dicens:
966 5516 1317 5573 Emulamim‘
1364 5522 1531 5566 autem
1578 5510 1889 5581 spiritualio,
1936 5525 2093 5577 magi.

504 5630 674 5675 autem
709 5626 763 5671 ut
796 5614 1124 5687 prophetam.
1149 5610 1206 5665 Ξ.
1240 5609 1341 5678 Qui
1362 5607 1497 5663 enim
1524 5605 1745 5673 loquitur
1769 5604 1967 5672 lingua,
1996 5616 2095 5653 non

507 5708 791 5765 hominibus
830 5694 1075 5775 loquitur,
1105 5701 1193 5757 sed
1234 5700 1383 5765 Deo;
1430 5713 1576 5752 nemo
1602 5695 1733 5751 enim
1759 5694 1937 5757 audit;
1970 5690 2098 5762 Spi-

509 5805 614 5860 ritu
646 5817 815 5859 amem
840 5801 1068 5872 loquitur
1111 5794 1390 5869 mysteria:
1417 5794 1470 5851 3.
1494 5792 1581 5863 qui
1608 5801 1775 5846 autem
1805 5786 2094 5859 prophetat,

2165 3293 2453 3347 hominibus
2483 3294 2705 3364 loquitur
2746 3295 2815 3349 ad
2854 3296 3248 3366 atdificationem
3278 3308 3324 3352 et
3361 3298 3767 3353 exhortationem

2167 3395 2214 3437 et
2259 3384 2681 3439 consolationem.
2724 3386 3196 3457 Comparationem
3248 3388 3334 3443 hie
3377 3388 3594 3443 demum
3642 3386 3767 3441 facit

2166 3477 2575 3542 charismatum,
2595 3486 2650 3532 et
2681 3478 2983 3547 linguarum
3010 3480 3277 3533 charisma
3300 3480 3571 3548 deprimit,
3594 3494 3771 3549 neque

2166 3570 2390 3623 onmiuo
2429 3568 2616 3623 inutile
2643 3568 2959 3635 ostendens,
2989 3585 3166 3639 neque
3195 3568 3349 3624 valde
3376 3570 3506 3624 utile
3550 3584 3643 3639 per
3685 3584 3765 3623 se.

2169 3660 2301 3715 Nam
2332 3658 2621 3715 admodum
2653 3661 2707 3716 in
2736 3660 2841 3716 hoc
2884 3661 3330 3726 intumescebant,
3361 3662 3484 3732 quia
3516 3676 3767 3732 magnum

2173 3756 2458 3826 putabatur
2514 3768 2635 3810 esse
2675 3754 2968 3810 charisma.
3015 3755 3267 3827 Magnum
3311 3770 3442 3811 vero
3489 3754 3774 3825 putabatur

2170 3862 2312 3912 esse,
2354 3846 2477 3916 quia
2530 3846 2707 3916 ipsum
2756 3846 2986 3916 primum
3037 3848 3268 3916 apostoli
3319 3856 3663 3918 acceperant,
3709 3856 3765 3901 et

2171 3954 2291 3993 cum
2324 3948 2468 3994 tanta
2488 3938 2748 4009 dignitate
2776 3955 2839 3994 ac
2869 3938 3179 4009 splendore.
3218 3940 3403 4011 Neque
3445 3948 3620 3994 tamen
3652 3938 3771 3994 aliis

2174 4029 2295 4086 ideo
2324 4030 2668 4101 przcsmntius
2698 4039 2832 4086 erat.
2861 4031 2970 4085 Cur
3000 4045 3128 4100 ergo
3156 4040 3280 4085 ante
3319 4030 3423 4085 alia
3456 4029 3587 4085 illud
3616 4043 3774 4085 accc-

2174 4130 2366 4193 perant
2387 4122 2618 4192 apostoli
2639 4122 2662 4176 i
2687 4122 2821 4189 Quia
2853 4136 2951 4192 per
2981 4136 3171 4176 omnes
3197 4121 3345 4177 orbis
3376 4130 3554 4190 partes
3584 4135 3774 4191 perva-

2173 4214 2287 4270 suri
2308 4224 2461 4269 erant
2488 4230 2503 4265 :
2535 4222 2591 4268 et
2630 4213 2769 4268 sicut
2801 4213 2853 4266 in
2898 4221 3142 4281 tempore
3166 4226 3274 4283 quo
3304 4210 3442 4267 facta
3470 4220 3552 4265 est
3589 4210 3773 4278 turris,

2175 4308 2357 4378 lingua
2400 4322 2522 4377 quae
2571 4314 2689 4361 erat
2738 4319 2842 4361 u‘na
2880 4305 3221 4361 dividebatur
3266 4304 3320 4359 in
3369 4304 3566 4358 multas
3613 4302 3768 4373 (Gen.

2177 4401 2305 4470 ll);
2338 4400 2410 4455 ita
2435 4409 2562 4455 tunc
2590 4414 2713 4470 qua:
2742 4407 2899 4454 erant
2930 4396 3134 4460 multae,
3164 4410 3309 4467 saepe
3341 4394 3487 4449 ibant
3514 4393 3577 4447 ad
3611 4408 3775 4447 unum

2178 4494 2488 4559 hominem;
2532 4501 2586 4548 et
2633 4491 2775 4548 idem
2819 4476 2991 4545 homo
3009 4489 3295 4544 Persarum
3327 4497 3383 4544 et
3408 4488 3776 4543 Romanorum

2178 4597 2233 4645 et
2259 4586 2511 4643 Indorum
2537 4596 2592 4642 et
2621 4585 2739 4639 aliis
2768 4582 2952 4638 multis
2982 4582 3303 4652 loquebatur
3331 4579 3543 4649 linguis,
3574 4578 3624 4631 in
3657 4578 3773 4648 ipso

2180 4680 2461 4735 insonante
2504 4676 2706 4747 Spiritu
2756 4691 2771 4729 :
2835 4684 2889 4730 et
2938 4674 3039 4729 hoc
3086 4673 3359 4730 charisma
3411 4669 3779 4745 appellabatur

2180 4769 2449 4827 charisma
2502 4784 2599 4824 seu
2644 4768 2845 4823 donum
2904 4768 3229 4837 linguarum,
3258 4761 3510 4831 quoniam
3567 4770 3780 4831 poterat
3836 4750 3840 4754 ’

2180 4863 2343 4919 simul
2383 4861 2565 4915 multis
2608 4859 2755 4928 loqui
2787 4858 3002 4929 linguis.
3034 4854 3168 4909 Vide
3202 4866 3333 4921 ergo
3372 4851 3643 4921 quomodo
3692 4851 3779 4906 id-

2184 4955 2355 5024 ipsum
2388 4960 2443 5006 et
2470 4950 2722 5020 deprimit
2762 4957 2820 5004 et
2845 4948 3073 5003 extollit.
3110 4944 3242 4999 Nam
3272 4942 3520 5009 dicendo,
3554 4942 3654 5009 Qui
3699 4945 3780 4998 lo-

2182 5046 2354 5105 quitur
2380 5043 2590 5112 linguis,
2622 5058 2722 5095 non
2755 5038 3041 5093 hominibus
3074 5034 3317 5105 loquitur,
3336 5034 3428 5088 sed
3462 5033 3605 5099 Deo;
3634 5051 3782 5089 nemo

2187 5137 2316 5190 enim
2360 5137 2527 5199 audit,
2570 5132 2837 5205 depressit
2869 5127 2993 5182 illud
3014 5168 3028 5191 ,
3055 5125 3350 5181 Ostendeus
3397 5138 3501 5180 nan
3534 5140 3779 5195 magnam

2185 5244 2303 5284 esse
2329 5228 2615 5283 utilitatem
2643 5244 2657 5279 ;
2690 5217 3063 5289 subiungendo
3089 5226 3291 5284 autem,
3318 5216 3522 5286 Spiritu
3556 5217 3781 5287 loquitur

2188 5319 2445 5390 mysteria,
2479 5330 2667 5371 rursus
2694 5310 2907 5373 extulit,
2943 5324 3011 5362 ne
3048 5307 3321 5364 videretur
3350 5322 3476 5363 esse
3520 5319 3779 5377 superva-

2188 5426 2413 5465 -.:meum
2445 5415 2503 5463 et
2545 5403 2755 5468 inutile,
2787 5410 2844 5455 et
2870 5409 3072 5455 temere
3111 5414 3175 5456 ac
3215 5399 3411 5454 frustra
3438 5397 3646 5453 datum.
3680 5391 3782 5456 Qui

2191 5512 2356 5555 autem
2388 5498 2677 5571 prophetat,
2710 5490 2996 5546 hominibus
3049 5491 3272 5560 loquitur
3299 5489 3369 5543 ad
3395 5483 3782 5555 aediﬁcationem;

2190 5604 2235 5649 et
2264 5591 2675 5647 adhortationem
2711 5598 2759 5638 et
2786 5585 3206 5639 consolationem.
3236 5577 3487 5637 Vidistin‘
3516 5574 3780 5629 undenant

2191 5687 2438 5753 ostendat
2485 5681 2643 5751 huius
2691 5678 2817 5735 doni
2868 5678 3265 5742 excellentiam,
3299 5690 3364 5729 ex
3413 5685 3478 5725 eo
3534 5665 3674 5737 quod
3728 5668 3782 5721 in

2196 5792 2479 5839 commune
2529 5772 2808 5840 conferat;
2862 5781 2914 5828 et
2972 5768 3243 5841 quomodo
3287 5764 3341 5819 id
3387 5762 3585 5833 ubique
3635 5775 3779 5832 prte-
