4038 6216
305 319 414 379 επ

304 441 472 510 ponat
494 430 637 505 quod
668 429 725 486 ﬁt
756 428 823 486 ad
871 428 1164 485 multorum
1213 426 1544 483 utilitatem?
1593 426 1671 482 liii
1721 427 1887 492 enim,

304 540 525 598 quaso,
578 539 757 580 annon
811 522 1103 626 loquuntur
1146 519 1496 626 hominibus?
1541 520 1888 626 —Lo.quuntur,

302 619 398 676 sed
445 633 554 674 non
601 616 762 672 talem
804 614 1213 671 aedificationem
1262 622 1319 670 et
1362 612 1793 670 exhortationem
1837 625 1891 669 et

297 711 746 769 consolationem.

371 801 665 874 Prophetic
688 802 879 856 donum
904 800 1040 856 dono
1065 800 1355 872 linguarum
1382 801 1888 873 prastat.—Quam-

297 897 492 953 obretn
532 910 564 951 a
604 894 807 966 Spiritu
849 894 1065 965 quidem
1113 894 1283 950 teneri
1326 904 1382 949 et
1410 894 1597 997 agitari
1755 896 1886 998 utri-

297 1003 406 1057 que
429 1000 717 1043 commune
737 1027 752 1051 ,
786 991 842 1041 et
865 985 914 1039 ei
941 985 1031 1056 qui
1060 986 1349 1055 prephetat
1368 1027 1382 1049 ,
1412 993 1467 1040 et
1491 986 1538 1040 ei
1570 990 1659 1055 qui
1692 986 1888 1056 linguis

298 1079 580 1150 loquitur:
614 1078 668 1133 in
697 1079 800 1133 hoc
825 1086 1003 1133 autem
1032 1086 1251 1147 praistat
1297 1078 1432 1147 ipse,
1482 1094 1675 1149 nempe
1713 1080 1758 1134 is
1796 1081 1884 1149 qui

296 1169 625 1241 prophetat,
654 1168 794 1240 quod
826 1168 895 1223 sit
918 1169 1081 1223 etiam
1114 1168 1262 1223 utilis
1289 1169 1354 1224 iis
1378 1170 1467 1239 qui
1496 1170 1739 1225 audiunt.
1778 1170 1885 1226 Eos

293 1262 441 1319 enim
467 1262 558 1333 qui
585 1262 782 1332 linguis
808 1261 1182 1331 loquebantur,
1215 1276 1321 1316 non
1352 1262 1639 1317 audiebant
1664 1264 1755 1334 qui
1784 1263 1885 1319 do-

294 1368 424 1408 num
457 1368 563 1409 non
596 1352 885 1408 habebant.
922 1351 1059 1419 Quid
1090 1353 1254 1406 vero?
1297 1352 1374 1406 illi
1408 1353 1683 1415 nullumne
1712 1354 1883 1409 aedili-

290 1445 530 1500 cabant?
556 1443 738 1508 Certe,
766 1444 956 1513 inquit,
984 1443 1193 1513 seipsos
1218 1444 1362 1498 solos
1388 1462 1401 1498 :
1429 1454 1481 1499 et
1508 1445 1627 1499 ideo
1654 1446 1881 1515 subjun-

292 1538 410 1607 git,
441 1537 495 1591 4.
530 1535 631 1602 Qui
660 1535 880 1607 loquitur
909 1536 1117 1607 lingua,
1156 1536 1481 1606 semetipsum
1525 1538 1769 1606 wdiﬁcat.
1819 1541 1881 1593 Et

290 1627 587 1698 quomodo,
623 1627 669 1681 si
697 1630 869 1682 nescit
894 1643 1014 1697 quas
1042 1627 1205 1683 dicit?
1238 1628 1345 1683 Sed
1379 1645 1520 1683 nunc
1550 1630 1783 1699 loquitur
1810 1630 1881 1685 de

291 1720 393 1784 iis,
424 1721 517 1791 qui
545 1721 722 1775 sciunt
748 1736 868 1789 quas
896 1720 1118 1783 dicunt,
1160 1720 1249 1790 qui
1278 1721 1378 1790 ipsi
1404 1722 1617 1792 quidem
1663 1723 1875 1787 sciunt,

290 1812 539 1866 nesciunt
566 1822 745 1867 autem
773 1812 894 1867 aliis
926 1814 1230 1869 enuntiare.
1268 1813 1367 1880 Qui
1396 1823 1560 1869 autent
1586 1816 1874 1887 praphelal,

290 1901 577 1956 Ecclesiam
615 1904 859 1970 aediﬁcat.
921 1904 1194 1973 Quantum
1236 1915 1413 1960 autem
1467 1908 1692 1964 interest
1741 1910 1877 1964 inter

289 2008 459 2048 unum
501 2002 556 2049 et
600 1993 935 2060 Ecclesiam,
988 2003 1132 2049 tanta
1163 2005 1245 2051 est
1292 1997 1434 2053 inter
1460 2000 1601 2054 hunc
1630 2011 1683 2056 et
1727 2001 1876 2056 illum

287 2083 612 2140 dill'erentia.
647 2085 897 2140 Vidistin‘
932 2086 1050 2157 ejus
1078 2088 1397 2158 sapientiam
1424 2132 1437 2157 ,
1476 2094 1745 2161 quomodo
1774 2096 1877 2149 de-

289 2193 416 2232 num
458 2192 564 2231 non
606 2177 814 2249 redigat
843 2180 895 2235 in
942 2178 1203 2247 nihilum,
1246 2180 1339 2236 sed
1376 2184 1624 2239 emendat
1674 2185 1875 2242 habere

283 2270 505 2340 quidem
535 2271 768 2335 lucrum,
802 2272 898 2328 sed
948 2288 1191 2343 parvum,
1231 2284 1288 2330 et
1324 2278 1466 2347 quod
1511 2278 1559 2333 ei
1587 2278 1756 2334 solum
1787 2282 1873 2350 qui

288 2361 529 2431 possidet
569 2363 836 2418 sufﬁciat?
869 2366 1071 2421 Deinde
1102 2382 1171 2423 ne
1215 2368 1587 2424 existimarent
1614 2373 1754 2441 quod
1795 2375 1875 2427 eis

286 2452 532 2508 invidens
572 2455 780 2525 linguas
814 2455 1081 2526 deprimat
1112 2458 1319 2529 (plures
1345 2460 1487 2515 enim
1515 2478 1581 2517 ex
1612 2462 1677 2518 iis
1708 2465 1872 2519 liabe-

286 2543 417 2598 bant
442 2544 545 2599 hoc
585 2545 808 2615 donum)
834 2588 848 2610 ,
879 2547 1239 2616 suspicionem
1268 2566 1455 2604 eorum
1484 2554 1758 2622 corrigens
1788 2555 1871 2608 di-

281 2636 353 2689 cit
388 2655 401 2688 :
434 2635 487 2689 5.
530 2634 652 2688 Volo
677 2646 843 2689 autem
869 2654 1043 2699 omnes
1075 2655 1161 2693 vos
1188 2640 1323 2711 loqui
1353 2643 1561 2711 linguis,
1587 2647 1749 2715 magis
1772 2663 1869 2699 au-

284 2733 382 2777 tem
414 2727 734 2793 prophetare.
781 2725 920 2779 Nam
947 2729 1114 2799 major
1148 2739 1222 2783 cst
1256 2733 1345 2800 qui
1376 2732 1689 2801 prophetat,
1717 2752 1870 2804 quam

278 2817 368 2886 qui
396 2816 618 2887 loquitur
651 2816 835 2888 linguis
853 2858 868 2885 ,
898 2819 996 2883 nisi
1031 2822 1161 2889 forte
1188 2822 1575 2892 interpretetur,
1604 2835 1659 2879 ut
1688 2826 1868 2881 Eccle-

279 2911 360 2962 sia
386 2908 773 2977 mdificationem
801 2911 1040 2981 accipiat.
1078 2913 1241 2983 Magis
1270 2925 1451 2971 autem
1478 2927 1531 2973 et
1557 2920 1733 2976 minus
1759 2937 1866 2977 non

279 3010 405 3056 sunt
433 3016 500 3056 ex
530 3003 849 3067 contrariis,
882 3005 975 3059 sed
1004 3020 1068 3060 ex
1101 3006 1163 3059 iis
1195 3022 1313 3073 qua:
1344 3021 1687 3077 exsuperant.

349 3092 405 3144 Ω.
450 3093 809 3159 Quamobrem
850 3095 975 3150 hinc
1005 3112 1217 3167 quoque
1246 3108 1324 3151 est
1356 3099 1698 3170 perspicuum
1726 3106 1866 3174 quod

274 3180 476 3235 donum
535 3198 639 3236 non
692 3185 975 3252 vituperet,
1034 3188 1129 3241 sed
1185 3203 1281 3242 eos
1325 3189 1483 3246 ducat
1512 3196 1578 3247 ad
1621 3194 1859 3261 meliora,

274 3272 567 3327 ostendens
597 3288 649 3329 et
681 3291 839 3343 quam
871 3292 1060 3332 eorum
1102 3296 1285 3333 curam
1327 3293 1509 3350 gerat,
1545 3287 1860 3342 et'animnm

272 3363 342 3416 ab
368 3364 515 3419 omni
561 3366 755 3421 invidia
800 3368 1051 3423 liberum.
1100 3372 1283 3441 Neque
1315 3375 1457 3427 enim
1503 3377 1638 3430 dixit
1670 3397 1682 3430 :
1718 3379 1862 3433 Duos

272 3465 364 3509 aut
392 3468 522 3523 tres,
553 3459 669 3525 sed,
710 3458 809 3513 Vos
835 3478 1005 3516 omnes
1026 3464 1137 3516 volo
1158 3465 1345 3535 linguis
1368 3467 1503 3535 loqui
1525 3486 1544 3522 :
1568 3485 1738 3539 neque
1762 3473 1861 3527 hoc

271 3547 445 3601 solum
473 3591 488 3613 ,
536 3550 630 3605 sed
658 3552 823 3605 etiam
854 3554 1175 3623 prophetare
1215 3574 1228 3608 :
1266 3564 1321 3611 et
1358 3558 1459 3612 hoc
1502 3562 1668 3631 magis
1700 3579 1856 3632 quam

270 3636 440 3701 illud;
475 3640 648 3707 major
679 3650 761 3695 est
787 3643 929 3695 enim
963 3645 1050 3713 qui
1082 3646 1383 3714 prophetat.
1417 3648 1546 3703 Nam
1578 3662 1855 3722 postquam

272 3726 322 3781 id
350 3728 687 3783 confirmavit
712 3740 767 3785 et
796 3732 1204 3799 demonstravit,
1227 3746 1350 3793 tunc
1377 3740 1442 3794 de
1472 3752 1669 3797 caetero
1698 3746 1856 3799 etiam

272 3821 598 3886 pronuntiat,
629 3838 733 3877 non
762 3834 936 3879 tamen
966 3828 1229 3894 absolute,
1258 3830 1351 3886 sed
1377 3848 1497 3887 cum
1520 3834 1816 3903 adjectione
1841 3857 1852 3892 :

269 3909 545 3979 sultjunxit
575 3916 738 3980 enim,
775 3916 893 3971 Nisi
921 3918 1051 3986 forte
1079 3923 1471 3992 interpretetur;
1501 3929 1567 3981 ita
1592 3938 1649 3981 ut
1682 3932 1724 3982 si
1754 3930 1857 3984 hoc

269 4004 475 4068 possit,
524 4005 866 4076 interpretari
899 4011 1039 4078 dico,
1086 4029 1180 4082 par
1218 4019 1287 4071 sit
1317 4023 1607 4092 propheta,
1655 4025 1850 4094 inquit,

265 4093 521 4157 quoniam
553 4107 677 4149 sunt
717 4100 867 4153 multi
892 4104 981 4171 qui
1015 4108 1315 4177 percipiunt
1346 4114 1628 4171 utilitatem
1666 4136 1678 4171 :
1710 4122 1852 4189 quod

268 4180 500 4239 maxime
525 4193 607 4237 est
636 4187 1070 4260 observandum,
1116 4202 1385 4265 quomodo
1417 4206 1517 4259 hoc
1556 4224 1650 4277 per
1676 4213 1853 4266 omnia

267 4280 393 4328 ante
426 4274 528 4329 alia
559 4280 813 4347 requirat.
842 4283 893 4338 6.
928 4284 1082 4340 Nunc
1108 4303 1297 4361 autem,
1329 4300 1511 4363 fratres
1532 4341 1546 4364 ,
1589 4305 1633 4355 si
1674 4321 1853 4361 venero

266 4365 336 4417 ad
370 4382 457 4421 vos
499 4369 689 4441 linguis
716 4374 923 4443 loquens
945 4420 960 4445 ,
988 4384 1110 4451 quid
1146 4387 1281 4440 vobis
1315 4392 1530 4458 prodero
1552 4436 1565 4459 ,
1596 4398 1695 4450 nisi
1718 4400 1853 4454 vobis

265 4458 448 4527 loquar
467 4471 556 4516 aut
579 4465 631 4518 in
654 4470 975 4540 reuelatione,
1003 4486 1091 4528 aut
1117 4478 1167 4531 in
1192 4483 1421 4550 scientia,
1445 4501 1533 4540 aut
1555 4490 1607 4543 in
1636 4497 1852 4564 praphe-

267 4550 358 4616 sia,
388 4562 476 4605 aut
499 4554 551 4607 in
571 4556 801 4613 doctrina
820 4561 847 4613 Ρ
874 4564 939 4617 Et
976 4567 1125 4635 quid,
1169 4570 1357 4642 inquit,
1402 4580 1523 4633 dico
1568 4550 1742 4637 aliast;
1771 4587 1852 4642 Sit

267 4642 434 4708 enim,
460 4644 650 4714 inquit,
677 4651 767 4719 qui
793 4652 984 4723 linguis
1009 4657 1241 4727 loquitur
1259 4664 1452 4723 Pullus
1478 4687 1489 4721 :
1516 4688 1689 4743 neque
1707 4680 1847 4732 enim

264 4734 659 4807 sicaquidquam
694 4742 889 4798 redibit
915 4750 1261 4808 emolumenti
1293 4756 1357 4809 ad
1401 4734 1691 4818 auditores.
1724 4768 1849 4823 liae

261 4833 440 4879 autem
460 4826 608 4892 dicit,
627 4834 916 4892 ostendens
937 4854 996 4893 se
1020 4841 1071 4894 id
1092 4859 1331 4912 quazrere
1354 4853 1491 4920 quod
1515 4856 1585 4909 sit
1600 4858 1678 4911 eis
1695 4861 1848 4916 utile:

264 4931 370 4970 non
394 4930 573 4975 autem
596 4924 722 4979 odio
754 4927 949 4985 habere
979 4947 1071 4988 eos
1118 4939 1206 5006 qui
1251 4941 1517 5001 charisma
1550 4953 1846 5023 possident,

258 5021 383 5063 cum
417 5025 483 5065 ne
514 5013 565 5066 in
593 5019 807 5085 propria
834 5022 1046 5089 quidem
1074 5042 1301 5093 persona
1325 5048 1535 5091 recuset
1563 5045 1849 5101 ostendere

257 5098 310 5150 id
357 5115 478 5158 esse
509 5104 712 5161 inutile.
742 5110 969 5180 Semper
1008 5127 1185 5173 autem
1232 5123 1285 5177 in
1328 5128 1407 5181 sui
1456 5145 1680 5198 persona
1727 5152 1846 5206 qua:

258 5198 385 5241 sunt
412 5196 594 5260 gravia
622 5207 674 5251 et
701 5202 924 5255 molesta
954 5209 1153 5274 agitat,
1186 5214 1323 5267 sicut
1349 5196 1559 5275 dicebat
1600 5223 1651 5275 in
1697 5196 1845 5293 prin-

255 5278 399 5346 eipio
425 5284 667 5349 epistolae
698 5306 711 5343 :
747 5290 873 5357 Quis
898 5305 967 5346 est
1002 5296 1195 5354 Paulus
1214 5303 1239 5354 Ρ
1262 5306 1374 5373 quis
1393 5318 1469 5361 est
1492 5312 1674 5380 Apollo
1692 5278 1717 5368 ἓν
1734 5278 1845 5386 quis

261 5367 459 5438 Cephas
486 5370 560 5441 (Ι.
596 5376 713 5432 Cor.
741 5382 793 5437 3.
822 5384 920 5454 4)?
946 5384 1097 5451 Quod
1127 5367 1340 5459 quidcm
1373 5396 1459 5452 hic
1477 5367 1845 5471 quoque

260 5459 451 5521 dicens
476 5481 491 5519 :
524 5464 605 5521 Ne
627 5470 765 5525 vobis
790 5478 989 5541 quidem
1009 5483 1247 5552 prndero,
1280 5487 1379 5539 nisi
1402 5459 1537 5544 vobis
1559 5459 1737 5563 loquar

259 5554 314 5608 in
341 5557 673 5626 reuelatione,
697 5574 785 5615 aut
813 5567 866 5619 in
898 5575 1187 5643 prophetia,
1214 5588 1301 5631 aut
1330 5581 1381 5634 in
1406 5585 1615 5639 scientia
1633 5627 1647 5652 ,
1677 5601 1766 5643 aut
1792 5594 1845 5647 in

260 5646 511 5702 doctrina.
545 5649 659 5707 Hoc
694 5662 873 5711 autem
919 5661 1034 5717 vult
1079 5666 1387 5737 signiﬁcare
1431 5693 1445 5729 :
1488 5675 1599 5733 Nisi
1634 5646 1839 5752 aliquid

259 5735 470 5810 dixero,
498 5744 645 5815 quod
678 5759 708 5803 a
736 5746 891 5805 vobis
920 5749 1072 5809 facile
1102 5735 1269 5828 possit
1296 5765 1419 5836 capi
1438 5775 1493 5823 ct
1523 5772 1689 5840 possit
1714 5735 1834 5834 tisse

1304 310 1372 368 IN
1408 310 1624 370 EPIST.
1659 311 1700 370 Ι.
1742 312 1833 368 AD
1870 309 2026 369 COR.
2062 316 2293 380 ιιωιιι.
2336 326 2555 389 XXXV.

3478 357 3584 415 998

1996 434 2367 509 manifestum,
2415 446 2511 501 sed
2559 455 2764 507 tantum
2794 457 3084 517 ostendero
3125 480 3212 523 me
3240 466 3442 528 habere
3480 474 3550 529 do

1998 538 2124 580 num
2156 528 2478 634 linguarum,
2513 538 2731 599 abibitis
2760 547 2909 603 nullo
2937 548 3091 610 lucro
3116 554 3258 614 facto
3286 576 3352 619 ex
3388 565 3597 638 linguis.

1995 633 2129 687 quas
2156 622 2403 679 audistis.
2435 627 2573 695 Quid
2600 634 2744 690 enim
2782 638 2917 696 lucri
2954 658 3020 699 es
3065 661 3199 705 voce
3221 692 3235 717 ,
3271 668 3429 726 quam
3461 622 3578 715 iion

1997 705 2328 780 intelligitis?
2351 718 2402 770 7.
2429 718 2616 778 Tamen
2643 730 2886 796 quissine
2905 737 3074 791 animo
3092 751 3208 795 sunt
3226 705 3394 800 uocem
3425 751 3578 804 ulm-

1996 798 2085 863 tia,
2117 803 2222 857 sive
2249 806 2371 861 tibia
2404 811 2509 866 sive
2531 816 2728 872 cithara
2748 862 2763 887 ,
2792 824 2895 879 sire
2914 826 3284 889 distinctionem
3321 842 3579 898 sonituum

1994 890 2239 961 dederint,
2269 904 2518 968 quomodo
2554 910 2741 963 scietur
2781 914 2837 968 id
2873 920 3011 985 quod
3038 923 3239 979 canitur
3260 890 3579 987 aulicitlmri-

1993 990 2137 1036 satur
2158 985 2185 1038 γ
2211 986 2277 1041 Ει
2304 992 2429 1060 quid
2459 994 2579 1050 dico
2603 1040 2616 1062 ,
2662 1000 2869 1072 inquit,
2912 1006 3014 1066 hoc
3042 1015 3181 1083 quod
3221 1018 3273 1072 in
3314 1022 3466 1078 nobis
3496 985 3599 1080 est

1993 1074 2123 1129 nihil
2153 1076 2283 1141 lucri
2312 1082 2522 1150 achrre.
2548 1090 2677 1145 utile
2700 1104 2876 1151 autem
2906 1114 3026 1158 esse
3043 1074 3183 1174 quod
3205 1118 3287 1165 est
3304 1111 3509 1170 clarum
3527 1127 3580 1172 ct

1990 1166 2132 1233 quod
2154 1168 2306 1226 facile
2331 1177 2545 1246 capiunt
2577 1184 2879 1244 auditores?
2906 1192 3036 1249 Nam
3058 1166 3215 1256 etiam
3243 1204 3297 1259 in
3332 1206 3580 1265 inanimis

1988 1347 2103 1403 sive
2124 1350 2346 1423 cithara,
2379 1366 2433 1411 et
2459 1376 2634 1433 neque
2655 1382 2878 1427 numero
2900 1390 3067 1446 neque
3081 1378 3354 1442 harmonia
3375 1405 3546 1449 conve
3560 1424 3575 1435 -

1988 1441 2189 1511 niente,
2234 1448 2327 1502 sed
2358 1454 2576 1512 confuse
2601 1468 2655 1513 et
2684 1468 2884 1521 temere
2923 1441 3160 1537 pulsetur
3176 1488 3228 1533 et
3257 1480 3543 1554 inspiretur
3562 1529 3576 1553 ,

1988 1532 2183 1554 ___..,___
2241 1552 2280 1554 ,κ
2342 1539 2371 1551 ..
2532 1545 2542 1554 ,
2688 1550 2720 1554 __

1987 1532 2187 1588 nullum
2232 1552 2293 1592 es
2338 1539 2402 1593 iis
2454 1545 2542 1613 qui
2596 1550 2821 1608 audiunt
2861 1532 3143 1621 delectabit

1985 1622 2117 1680 Nam
2147 1628 2309 1684 etiam
2338 1633 2391 1688 in
2424 1635 2529 1692 illis
2555 1640 2907 1707 inarticulatis
2946 1656 3121 1727 aliqua
3162 1664 3407 1723 claritate
3438 1686 3573 1743 Opus

1986 1726 2065 1743 ι...
2101 1728 2147 1743 ..-
2181 1722 2256 1743 -με
2283 1722 2409 1743 ιΑ--·
2662 1735 2675 1743 ·
2712 1739 2721 1743 -

1985 1726 2069 1770 est
2098 1728 2151 1773 et
2176 1722 2443 1781 evidentia
2491 1745 2505 1781 :
2537 1743 2591 1788 et
2621 1735 2722 1791 nisi
2748 1756 2814 1795 ex
2844 1758 2959 1805 arte
2990 1722 3284 1821 pulsaveris
3310 1778 3362 1820 et
3390 1722 3569 1827 tibiam

1987 1808 2335 1880 inspiraveris
2355 1861 2370 1882 ,
2400 1823 2532 1880 nihil
2578 1827 2771 1887 fecisti.
2804 1836 2859 1893 Si
2884 1852 3065 1899 autem
3096 1852 3361 1922 exigimus
3384 1861 3453 1917 ab
3486 1864 3572 1920 in-

1987 1903 2180 1960 animis
2211 1917 2267 1961 ut
2312 1919 2453 1968 tanta
2497 1920 2565 1973 sit
2592 1921 2642 1975 in
2669 1925 2748 1979 eis
2776 1928 2990 1989 claritas
3018 1948 3074 1993 et
3098 1903 3374 2005 hat-"monia
3402 1965 3456 2009 et
3483 1959 3571 2013 di-

1988 1996 2229 2065 stiuctio,
2257 2012 2312 2057 et
2336 2006 2387 2060 iu
2417 2007 2525 2064 illis
2556 2028 2661 2069 non
2691 2018 3115 2089 significantibus
3141 2040 3292 2095 sonis
3318 2059 3570 2117 urgemus

1988 2099 2034 2117 ...
2081 2096 2375 2117 ,ηιλμ-ηκ
2523 2115 2531 2117 Α
2662 2108 2665 2111 .

1984 2099 2038 2144 et
2079 2096 2452 2156 contendimus
2482 2115 2537 2160 ut
2566 2108 2811 2180 magnam
2856 2118 3193 2190 imponamus
3222 2096 3570 2205 significatio-

1982 2196 2103 2235 nem
2139 2204 2153 2239 :
2187 2190 2355 2245 multo
2402 2200 2583 2267 magis
2619 2203 2670 2257 iu
2711 2209 2965 2269 animatis
3000 2228 3056 2269 et
3093 2225 3191 2269 rati

1983 2272 2290 2395 hlominibus
2320 2293 2369 2337 et
2414 2289 2466 2340 in
2497 2290 2652 2347 donis
2679 2272 3051 2365 spiritualibusﬁ
3075 2272 3568 2395 βρηρριρῖνοῖοῖιιὲῗ

1983 2363 2012 2395 ἶ,
2060 2370 2197 2395 sum“!
2226 2383 2365 2395 _--.-
2404 2378 2465 2395 _-,
2524 2382 2574 2395 ιη
2720 2389 2743 2395 Α
2819 2392 2857 2395 _

2710 2363 2721 2365 _
3006 2363 3039 2364 γέ
3075 2363 3227 2383 Γς--ν
3270 2363 3323 2388 τι
3355 2363 3386 2377 11
3427 2363 3566 2385 υιιιῑι

1982 2363 2031 2417 id
2060 2370 2197 2435 quod
2226 2383 2371 2429 recte
2397 2378 2683 2449 signiticet.
2715 2389 2769 2443 8.
2811 2392 3011 2451 Etenim
3043 2404 3090 2457 si
3116 2363 3357 2467 incer'tam
3390 2363 3566 2475 ltios-em

1989 2456 2063 2475 Δ-.
2106 2468 2117 2475 -
2162 2460 2176 2475 ο
2358 2467 2370 2475 ⁵

1979 2456 2063 2509 det
2100 2460 2249 2522 tuba.
2280 2467 2391 2532 quis
2416 2475 2618 2539 parabit
2648 2495 2702 2531 se
2723 2483 2792 2534 ad
2818 2484 3052 2545 bellum?
3076 2497 3120 2551 Δ
3148 2514 3565 2572 supervacaneis

3157 2551 3167 2552 κ
3213 2551 3245 2572 σ
3284 2551 3563 2569 μην-...ο

1979 2551 2121 2605 enim
2149 2554 2213 2607 ad
2243 2573 2325 2620 ea,
2360 2577 2480 2631 quae
2508 2579 2631 2621 sunt
2658 2576 2824 2645 magis
2856 2590 3155 2645 necessaria
3186 2605 3238 2648 et
3269 2601 3439 2669 utilia,
3469 2606 3563 2662 de-

1979 2641 2122 2669 Ληιιει
2153 2649 2333 2669 .._-.2_,
2374 2668 2381 2669 ,
2614 2662 2645 2669 -.
2686 2663 2696 2669 .

1976 2641 2123 2697 ducit
2148 2649 2481 2721 orationem;
2512 2669 2564 2711 et
2594 2662 2723 2719 dicit
2748 2641 2891 2737 quod
2916 2641 3126 2734 non

2766 2734 2778 2737 ἡ
3139 2734 3218 2738 ﬁ."
3249 2734 3301 2744 --υ
3330 2734 3532 2755 \neululll

1974 2734 2069 2789 sed
2105 2739 2267 2795 etiam
2307 2745 2357 2799 in
2388 2749 2510 2805 tuba
2544 2756 2739 2813 videris
2770 2760 2871 2818 hoc
2900 2783 3005 2823 usu
3028 2776 3229 2835 venire.
3260 2785 3394 2843 Sunt
3414 2742 3556 2850 enini

1976 2826 2082 2850 nrt-
2124 2847 2179 2850 --γ
2200 2848 2212 2850 -
2402 2840 2411 2850 ·
2498 2842 2511 2850 “
2594 2847 2604 2850 ³

3068 2826 3164 2831 ,η--
3182 2826 3229 2835 ν.
3260 2826 3394 2843 νυ...
3414 2826 3554 2850 VIIII"

1976 2826 2083 2883 illic
2116 2847 2330 2952 quqqtte
2369 2840 2644 2912 rhythmi,
2674 2861 2726 2904 et
2756 2854 2990 2916 indiéant
3015 2868 3305 2939 aliquando
3340 2885 3554 2952 quidem

1976 2935 2162 2952 mnum
2233 2927 2278 2952 Α,
2309 2928 2443 2952 ,‘___
2750 2941 2763 2952 .

3104 2924 3121 2939 -
3167 2924 3303 2933 Πηνν
3380 2924 3535 2944 ιιιυιΙΙ

1973 2935 2163 2977 sonum
2196 2924 2447 2987 bellicum
2470 2973 2485 2996 ,
2516 2936 2801 3007 aliquando
2820 2962 2960 3005 .vero
2984 2970 3089 3011 non
3118 2964 3307 3035 talem;
3341 2924 3405 3029 et
3444 2924 3557 3033 ali;

1975 3014 2178 3035 “HL
2217 3016 2274 3035 Α,
2558 3027 2567 3035 .
2748 3034 2755 3035 κ

3351 3014 3405 3029 ν,
3444 3014 3554 3033 ω,-

1972 3014 2184 3079 quando
2211 3016 2389 3074 educit
2414 3022 2464 3077 in
2492 3027 2679 3094 aciem,
2710 3034 2992 3104 aliquando
3017 3059 3194 3106 autem
3222 3014 3467 3132 reiocat;
3491 3086 3554 3127 ac

2803 3103 2813 3104 ,
3222 3103 3438 3121 ηψπ,
3491 3103 3551 3127 π

1972 3103 2071 3157 nisi
2100 3108 2361 3176 quispiam
2401 3115 2502 3170 hoc
2529 3122 2705 3187 norit.
2740 3125 2789 3179 in
2819 3142 3118 3195 extremum
3153 3149 3294 3204 venit
3333 3111 3551 3222 pericu-

1972 3194 2076 3222 l......
2129 3199 2286 3222 is.--)
2317 3221 2350 3222 ,,
2382 3207 2391 3216 -
2415 3207 2428 3222 ι
2580 3213 2590 3222 .
2670 3214 2718 3222 ,Α

3108 3194 3116 3195 ί
3163 3194 3169 3196 τ
3189 3194 3294 3204 -----
3369 3194 3417 3210 ιιι
3435 3194 3546 3214 qu-

1971 3194 2100 3251 lum.
2129 3199 2286 3265 Quod
2305 3207 2517 3273 quidem
2547 3213 2871 3287 signiﬁcans,
2900 3236 2955 3279 et
2976 3244 3210 3291 errorem
3234 3194 3546 3323 ostendens,

1971 3285 2093 3323 Λίρὶι
2163 3289 2287 3323 n...-.
2337 3298 2533 3323 ..ιη-ιι.
2585 3320 2597 3323 -
2617 3322 2626 3323 ,
2731 3309 2743 3323 .
2797 3314 2806 3323 .
2856 3315 2887 3323 ..
3010 3322 3015 3323 ,

2858 3285 2866 3287 ν
3134 3285 3210 3291 νη-
3237 3285 3493 3306 υυ-υιιυῠιι

1969 3285 2116 3351 dicit,
2163 3289 2287 3353 Quis
2335 3298 2533 3365 parabit
2575 3320 2629 3357 se
2674 3309 2743 3361 ad
2788 3314 3404 3396 bellum?Quamobrem
3448 3285 3547 3405 niZi

1972 3376 2070 3405 ΙιΛΛ
2101 3379 2285 3405 ιιηιοΑ-.
2359 3398 2371 3405 -
2418 3398 2430 3405 .
2675 3399 2705 3405 --

2725 3508 2919 3565 pectat,
2963 3515 3017 3557 ct
3059 3507 3181 3566 ideo
3229 3522 3544 3599 subjungit:

2339 3612 2353 3634 ,
2394 3592 2483 3641 per
2522 3580 2745 3649 linguam
2786 3591 2887 3643 nisi
2919 3602 3238 3667 manifestum
3265 3580 3546 3679 sermoiteirs

3056 3654 3065 3667 Ι
3112 3654 3237 3661 ί--“---
3265 3654 3330 3667 σω
3348 3654 3544 3679 euang".

1965 3654 2203 3711 dederitis
2223 3701 2235 3720 ,
2264 3668 2512 3729 quomodo
2538 3674 2721 3726 scietur
2757 3678 2810 3730 id
2834 3688 2972 3751 quod
2994 3690 3220 3753 dicitur?
3246 3708 3382 3762 eritis
3411 3718 3544 3773 enim

1965 3744 2013 3773 ἶ..
2042 3763 2201 3773 -Α..-.--
2232 3752 2339 3773 1--.,
2360 3772 2367 3773 κ
2416 3767 2427 3773 .
2532 3760 2572 3773 ll

2844 3744 2855 3751 ,
3058 3744 3164 3747 Mc,"
3194 3744 3205 3753 υ
3246 3744 3381 3762 νιιιιο
3411 3744 3470 3768 cu

1963 3744 2013 3797 in
2038 3763 2203 3801 aerem
2228 3752 2498 3821 loquentes.
2530 3760 2639 3816 Hoc
2666 3776 2775 3830 est,
2805 3773 2933 3827 nihil
2962 3777 3240 3848 loquentes
3260 3837 3272 3859 ,
3304 3799 3432 3856 nulli
3461 3744 3544 3861 li:

1964 3850 2208 3905 quentes.
2241 3843 2303 3897 Et
2337 3846 2530 3919 ubique
2556 3870 2665 3909 rem
2700 3866 2932 3920 ostendit
2963 3843 3219 3934 inutilem.
3247 3843 3312 3941 iit
3339 3894 3382 3944 si
3420 3843 3542 3952 inii-

1964 3928 2072 3952 .ztt-
2140 3933 2240 3952 ξ-ςν
2272 3935 2283 3946 '
2550 3946 2562 3952 ·

1964 3928 2107 3998 tilis,
2138 3933 2379 4004 inquies,
2409 3955 2505 3995 cur
2530 3946 2650 4001 data
2683 3952 2804 4005 est?
2836 3955 2902 4011 Ut
2929 3962 3001 4016 sit
3027 3968 3168 4025 utilis
3194 3978 3239 4028 ei
3269 3983 3357 4048 qui
3385 3928 3541 4044 acc:-

3127 4021 3164 4025 --
3199 4021 3239 4028 -.
3385 4021 3541 4044 ηπ-

1964 4021 2037 4089 pit
2070 4040 2083 4075 :
2116 4025 2160 4076 si
2202 4038 2377 4082 autem
2420 4032 2539 4087 aliis
2566 4052 2777 4109 quoque
2804 4045 2978 4104 futura
3009 4068 3089 4110 est
3121 4021 3297 4133 utilis:
3330 4088 3541 4140 οροηει

1964 4113 2094 4140 ηλδῖι
2126 4114 2483 4140 :..IA..___.--9,,
2544 4126 2588 4140 II
2917 4139 2923 4140 ,

1962 4113 2098 4167 adsit
2124 4114 2513 4188 interpretatio.
2543 4126 2668 4183 Haec
2692 4143 2867 4188 autem
2896 4139 3042 4208 dicit,
3077 4163 3170 4206 eos
3200 4113 3336 4213 inter
3361 4113 3421 4219 se
3462 4113 3543 4223 is:

3030 4204 3039 4208 _
3151 4204 3162 4206 ,
3361 4204 3419 4219 ,ν
3462 4204 3538 4223 ,,,-

1962 4204 2130 4259 \icent
2159 4211 2468 4281 concilians,
2504 4226 2560 4269 ut
2608 4229 2661 4272 et
2700 4223 2745 4276 si
2796 4225 2910 4293 ipse
2951 4249 3053 4289 non
3104 4238 3295 4302 habvat
3338 4252 3538 4314 donum

1960 4296 2381 4370 interpretandi,
2424 4320 2697 4379 assumpto
2738 4316 2908 4371 altero
2943 4326 3029 4394 qui
3061 4328 3112 4384 id
3154 4296 3537 4415 halt—eatjvqii-oii

1958 4402 2113 4445 suum
2162 4404 2241 4447 est
2280 4410 2371 4465 per
2425 4398 2571 4454 illurn
2618 4404 2774 4461 faciat
2814 4413 2959 4469 utile.
3014 4419 3301 4493 Propterea
3345 4398 3539 4508 ubique

1961 4484 2189 4508 ,κλει-..Αἶα
2221 4503 2326 4508 _____
2371 4506 2471 4508 __,,
2511 4495 2520 4503 -
2685 4497 2705 4508 Α

1960 4484 2194 4538 ostendit
2221 4503 2332 4541 rem
2362 4506 2481 4545 esse
2508 4495 2896 4571 imperfectam,
2928 4518 2983 4562 ut
3016 4512 3157 4583 ipsos
3186 4523 3263 4576 sic
3292 4542 3391 4582 ιιηει
3419 4484 3535 4587 (ΞΑ-

1959 4578 2103 4648 liget.
2134 4580 2339 4637 Etenim
2368 4587 2454 4654 qui
2487 4588 2536 4639 id
2564 4589 2664 4644 sibi
2696 4594 2965 4655 existimat
2992 4578 3254 4678 sufficere,
3290 4634 3392 4674 non
3429 4633 3535 4681 tam

1958 4674 2008 4727 id
2039 4676 2217 4731 laudat
2251 4696 2406 4749 quam
2436 4683 2686 4753 deprimit
2707 4734 2721 4759 ,
2752 4712 2854 4752 non
2886 4702 3063 4759 sinens
3105 4710 3156 4762 id
3184 4725 3328 4773 recte
3355 4723 3537 4790 splen-

1958 4764 2083 4790 .L.--
2119 4786 2210 4790 ..-η
2257 4774 2266 4783 ι
2316 4785 2323 4790 .
2499 4788 2505 4790 .
2555 4782 2585 4790 Α.
2817 4789 2820 4790 ,

1955 4764 2086 4823 dere
2118 4786 2214 4839 per
2256 4774 2769 4845 interpretationem.
2805 4789 3087 4853 Pulchrum
3121 4804 3263 4861 enim
3307 4764 3415 4867 estr
3434 4816 3535 4872 de-

1957 4872 2083 4911 num
2113 4870 2163 4913 et
2197 4866 2578 4936 necessarium,
2612 4875 2703 4929 sea'
2750 4885 2861 4933 tum
2906 4882 3155 4958 demum,
3200 4896 3247 4952 si
3290 4901 3535 4963 habuerit

1954 4965 2074 5004 eum
2110 4955 2199 5022 qui
2228 4955 2462 5013 declaret
2490 4976 2549 5017 ea
2581 4980 2699 5035 qua:
2727 4970 2993 5032 dicuntur.
3023 4955 3154 5038 Nam
3184 4986 3380 5058 digitus
3400 5011 3535 5065 quo-

1955 5056 2059 5110 que
2086 5060 2169 5097 res
2199 5056 2275 5099 est
2310 5057 2611 5111 necess:uria
2635 5099 2648 5121 ,
2681 5062 2774 5115 sed
2803 5067 3013 5133 quando
3034 5086 3154 5128 eum
3182 5056 3473 5141 abduxeris
3502 5104 3533 5143 s.

1955 5135 2172 5205 reliquis
2197 5177 2211 5201 ,
2253 5154 2355 5194 non
2383 5146 2483 5197 erit
2514 5163 2665 5218 :rquc
2697 5155 2838 5209 utilis
2868 5174 2880 5209 :
2916 5160 3038 5214 tuha
3070 5179 3280 5238 quoque
3309 5180 3394 5228 est
3436 5193 3531 5235 ne-

1952 5229 2180 5280 cessaria
2204 5246 2216 5293 ;
2246 5231 2339 5284 sed
2367 5238 2580 5303 quando
2613 5250 2812 5299 temere
2838 5254 3099 5317 senuerit,
3124 5268 3206 5313 est
3236 5264 3395 5320 etiam
3420 5284 3536 5325 mo-

1955 5316 2087 5369 lesta
2118 5328 2169 5371 et
2201 5323 2397 5389 gravis.
2442 5326 2626 5399 Neque
2665 5335 2805 5387 enim
2848 5352 2935 5393 ars
2966 5350 3283 5420 apparebit,
3318 5357 3419 5411 nisi
3464 5365 3534 5418 sit

1952 5407 2187 5476 subjecta
2232 5418 2487 5482 materia;
2538 5437 2707 5491 neque
2757 5407 3074 5491 informatur
3117 5407 3339 5500 mateiia
3367 5488 3382 5514 ,
3433 5451 3535 5509 nisi

3367 5494 3382 5514 ,
3433 5494 3535 5509 ......

1952 5494 2195 5565 imposita
2241 5502 2309 5555 sit
2357 5505 2547 5563 forma.
2581 5512 2725 5568 Pone
2765 5532 2895 5589 ergo
2936 5538 3119 5581 vocem
3147 5532 3362 5600 quidem
3397 5548 3535 5595 tam-

1950 5604 2107 5657 quam
2135 5592 2453 5666 subjectum,
2477 5602 2771 5663 claritatem
2792 5626 2968 5669 autem
2994 5592 3258 5692 tamquam
3281 5627 3532 5703 formam,

1949 5698 2070 5753 quae
2100 5686 2142 5739 si
2170 5702 2274 5742 non
2305 5690 2481 5762 adsit,
2526 5696 2755 5768 subjecti
2786 5706 2964 5765 nullus
2990 5719 3074 5766 cst
3105 5686 3253 5773 usus.
3289 5721 3375 5777 l0.

1946 5781 2127 5850 multa,
2170 5783 2215 5840 si
2257 5786 2570 5861 contingant,
2620 5808 2805 5864 genera
2853 5799 3144 5870 linguarum
3190 5821 3305 5867 sunt
3344 5817 3397 5872 in
3443 5819 3533 5875 hoc

1966 3561 2019 3615 9.
2054 3562 2138 3617 Ita
2163 3576 2210 3620 et
2236 3585 2320 3622 vos
