4038 6216
504 376 611 436 ιω

508 471 730 537 munde,
760 478 811 523 et
832 466 965 523 nillil
982 468 1089 522 sine
1113 481 1233 523 uoce
1253 475 1347 521 est.
1373 465 1485 519 lloc
1510 472 1617 526 est,
1646 471 1755 515 tam
1781 460 1964 513 multa:
1998 456 2103 510 litt-

507 578 647 636 εδει,
675 572 782 618 tam
808 561 990 619 multa
1013 576 1195 625 voces,
1215 557 1565 631 Scytharum,
1592 554 1880 617 Thracum,
1911 550 2107 606 Roma-

509 672 721 719 norum,
762 655 1073 723 Persarum,
1115 653 1448 717 Maurorum,
1494 648 1775 714 ludorum,
1814 644 2093 717 ﬁgyptio-

508 764 626 804 rum
649 789 667 815 ,
697 748 922 804 aliarum
950 746 1191 817 gentium
1224 741 1712 798 innumerabilium.
1758 740 1845 795 ll.
1886 738 1948 793 Si
1983 752 2104 807 ergo

506 841 731 897 nescier
754 840 993 896 uirtutem
1021 838 1177 900 satis.
1210 853 1297 891 ero
1320 836 1375 890 ei
1392 836 1471 889 cui
1498 833 1678 905 loquar
1701 832 1970 888 barbarus.

576 933 633 988 ὂ.
681 930 762 987 Ne
790 928 1072 985 existimes
1106 927 1251 983 enim
1278 925 1422 997 quod
1452 925 1556 980 hoc
1584 924 1761 980 solum
1791 921 2000 977 accidat
2043 922 2097 976 in

504 1023 658 1078 vobis
679 1062 696 1088 ,
734 1019 948 1092 inquit,
995 1018 1091 1074 sed
1117 1019 1281 1075 etiam
1313 1017 1371 1071 in
1395 1015 1646 1071 omnibus
1676 1015 1779 1069 hoc
1810 1012 1927 1068 fieri
1957 1010 2105 1066 vide-

506 1118 601 1173 ris.
633 1113 995 1184 Quamobrem
1020 1110 1138 1167 hsce
1167 1110 1316 1176 dico,
1358 1124 1470 1166 non
1509 1122 1695 1163 vocem
1744 1107 2055 1175 vituperans
2084 1144 2103 1171 ,

507 1206 605 1265 sed
627 1204 924 1261 ostendens
946 1219 1067 1260 eam
1094 1202 1226 1257 mihi
1258 1216 1381 1258 esse
1411 1200 1677 1265 inutilem,
1710 1197 1969 1269 quamdiu
1994 1211 2113 1253 non.

507 1299 674 1356 fuerit
697 1298 849 1353 clara
868 1304 927 1353 et
948 1295 1258 1351 manifesta.
1288 1292 1493 1348 Deinde
1514 1308 1582 1346 ne
1608 1305 1823 1360 gravem
1847 1303 1910 1342 ac
1935 1287 2106 1342 mole-

506 1402 645 1449 stam
676 1390 868 1447 reddat
892 1387 1316 1450 accusationem,
1348 1390 1595 1453 cumquot
1623 1382 1851 1447 crimen,
1880 1379 2101 1434 dicens:

512 1484 613 1542 Ille
643 1485 767 1539 mihi
811 1481 1089 1545 barbarus,
1123 1488 1171 1533 et
1197 1494 1289 1549 ego
1316 1476 1395 1530 illi
1416 1491 1437 1541 ;
1464 1490 1571 1529 non
1598 1489 1671 1530 ex
1699 1483 1886 1528 natura
1916 1472 2062 1527 vocis
2085 1512 2100 1536 ,

506 1580 601 1635 sed
630 1594 699 1634 es
722 1585 909 1632 mstra
929 1571 1250 1644 ignorantia.
1276 1567 1526 1623 Vidistin'
1551 1565 1821 1637 quomodo
1848 1564 2102 1634 paulatim

506 1668 662 1725 duxit
695 1667 765 1721 ad
811 1664 887 1730 id,
933 1662 1077 1734 quod
1127 1670 1210 1717 est
1253 1667 1537 1729 cognatum
1564 1672 1627 1713 ac
1668 1657 1746 1713 rei
1778 1654 2104 1726 prepriuml

505 1759 662 1828 Quod
691 1756 906 1829 quidem
951 1768 1069 1809 mos
1098 1762 1182 1809 est
1210 1751 1259 1808 ei
1303 1751 1514 1816 facere,
1543 1758 1603 1805 ut
1639 1748 1885 1819 exempla
1917 1746 2104 1817 procul

508 1849 767 1915 attrahat,
797 1858 849 1904 et
881 1846 1095 1902 desinat
1120 1845 1174 1899 in
1206 1842 1258 1898 id
1285 1841 1429 1912 quod
1469 1848 1552 1897 est
1592 1840 1836 1910 subiecto
1876 1838 2104 1906 conjun—

508 1943 648 1999 ctius
671 1949 729 1998 et
752 1939 923 2011 magis
950 1937 1249 2008 proprium.
1274 1933 1410 1991 Nam
1446 1940 1729 2002 postquam
1759 1929 1897 1985 dixit
1935 1928 2003 1984 de
2033 1930 2103 1983 ti-

509 2035 597 2093 bia
643 2041 699 2089 et
745 2032 977 2094 cithara,
1021 2028 1112 2083 ubi
1158 2026 1329 2081 multa
1374 2022 1575 2078 desunt
1602 2029 1658 2077 et
1686 2021 1852 2077 multa
1896 2020 2103 2080 inutilia

510 2132 660 2193 sunt,
690 2122 838 2181 venit
878 2120 947 2176 ad
981 2118 1186 2182 tubam,
1234 2130 1349 2171 rem
1392 2112 1665 2171 utiliorem
1686 2155 1703 2181 ,
1733 2122 1790 2169 et
1816 2112 2013 2169 deinde
2035 2110 2105 2167 ad

510 2218 685 2290 ipsam
723 2227 942 2270 vocem.
983 2209 1057 2265 ita
1105 2208 1266 2263 etiam
1308 2216 1490 2271 antea,
1530 2204 1749 2275 quando
1789 2204 2108 2259 versabatur

510 2307 631 2379 eius
670 2304 845 2361 oratio
871 2302 925 2358 in
964 2316 1032 2357 eo
1058 2307 1118 2354 ut
1150 2298 1462 2354 ostenderet
1486 2310 1593 2351 non
1622 2310 1746 2352 esse
1774 2294 2105 2365 prohibitum

511 2387 770 2473 apostolis
796 2394 1066 2464 accipere.
1090 2406 1213 2447 etim
1231 2390 1486 2460 cmpissct
1507 2388 1742 2458 primum
1762 2384 1833 2439 ah
1854 2383 2106 2455 agricolis

512 2502 569 2548 et
598 2488 911 2562 pastoribus
927 2493 985 2541 et
1004 2483 1285 2546 militibus.
1312 2490 1443 2536 tunc
1466 2477 1690 2534 deduxit
1714 2476 2017 2532 orationem
2036 2475 2104 2530 ad

513 2582 567 2638 ul
592 2578 736 2653 quod
767 2585 850 2633 est
880 2574 1156 2647 proposito
1197 2569 1554 2642 propinquius
1573 2610 1590 2635 ,
1618 2582 1813 2637 nempe
1836 2565 1904 2620 ad
1930 2579 2110 2621 sacer-

512 2672 668 2728 dotes
691 2668 783 2740 qui
823 2674 978 2723 erant
1022 2666 1076 2718 in
1116 2661 1320 2718 Veteri.
1354 2660 1434 2715 Tu
1459 2668 1637 2713 autem
1666 2656 1798 2711 mihi
1825 2655 2105 2713 considera

512 2763 785 2837 quomodo
812 2759 1014 2829 ubique
1043 2754 1280 2809 studium
1320 2752 1564 2824 posuerit
1594 2761 1653 2806 ut
1678 2750 1878 2805 donum
1907 2749 2106 2806 libera-

514 2862 598 2911 ret
622 2852 692 2908 ab
716 2848 1108 2913 accusatione,
1147 2853 1203 2900 et
1241 2844 1449 2899 crimen
1490 2840 1767 2898 conferret
1806 2842 1859 2894 in
1889 2854 1986 2895 eos
2014 2839 2106 2909 qui

514 2949 862 3014 acceperunt.
895 2935 1013 2993 Non
1040 2934 1177 2990 dixit
1205 2933 1349 2990 enim
1382 2950 1396 2987 :
1430 2932 1535 2987 Ero
1557 2930 1821 2986 barbarus
1841 2969 1857 2996 ,
1881 2927 1977 2984 sed
1999 2969 2015 2995 ,
2042 2927 2110 2983 Ei

514 3036 603 3107 qni
639 3034 863 3103 loquitur
904 3026 1173 3085 barbarus.
1205 3024 1273 3080 Et
1302 3038 1489 3079 rursus
1518 3036 1626 3078 non
1667 3021 1803 3076 dixit
1832 3037 1847 3074 :
1876 3019 1978 3089 Qui
2022 3018 2107 3074 lo-

515 3126 699 3198 quitur
718 3165 734 3189 ,
766 3120 1028 3176 barbarus
1050 3159 1067 3185 ,
1096 3113 1191 3172 sed
1214 3156 1229 3182 ,
1267 3114 1368 3181 Qui
1395 3112 1643 3181 loquitur,
1691 3110 1819 3165 mihi
1843 3109 2107 3164 barbam.

515 3215 655 3284 Quid
680 3226 811 3283 ergo
830 3216 1068 3280 oportet,
1090 3204 1283 3276 inquit,
1308 3202 1424 3258 ﬁeri
1444 3202 1469 3256 Ἰ
1491 3200 1607 3257 Non
1627 3201 1805 3256 solum
1832 3200 1978 3256 enim
2000 3214 2110 3255 non

515 3312 731 3376 oportet
759 3303 1093 3369 vituperare,
1140 3294 1235 3351 sed
1271 3294 1433 3351 etiam
1472 3292 1745 3348 adhortari
1783 3302 1839 3347 et
1862 3290 2059 3348 docere
2091 3309 2106 3347 :

517 3394 664 3466 qum!
690 3394 804 3463 ipse
830 3401 1048 3461 quoque
1086 3384 1232 3440 facit.
1263 3384 1556 3455 Postquam
1585 3384 1730 3439 enim
1760 3383 2033 3440 accusavit
2056 3390 2113 3440 et

518 3483 851 3556 increpavit,
899 3490 955 3537 et
993 3477 1184 3535 inutile
1216 3490 1338 3532 esse
1365 3474 1636 3542 ostendit,
1667 3475 1925 3547 deinceps
1949 3476 2110 3532 etiam

517 3580 801 3637 consilium
831 3575 944 3642 dat,
970 3572 1159 3630 dicens
1187 3586 1202 3625 :
1236 3569 1325 3625 i2.
1359 3566 1449 3624 Sic
1477 3576 1524 3622 et
1550 3584 1665 3634 vos,
1692 3569 1934 3641 quoniam
1952 3585 2115 3624 ternu-

518 3673 705 3727 latores
730 3670 847 3724 estis
872 3665 1166 3736 spirituum,
1195 3661 1266 3715 ad
1288 3659 1677 3729 ludiﬁcationem
1708 3658 1951 3715 Ecclesia:
1973 3675 2113 3733 qua-

517 3764 613 3817 rite
630 3771 684 3814 ut
704 3756 988 3813 abundetis.
1015 3752 1263 3809 V'idistin'
1282 3751 1399 3822 ejus
1424 3764 1647 3821 scopum
1673 3765 1891 3821 semper
1913 3759 1969 3806 et
1998 3750 2115 3806 ubi-

517 3869 624 3925 que
652 3866 816 3906 unum
844 3846 1005 3908 esse?
1031 3844 1165 3900 Eam
1192 3858 1292 3897 ceu
1323 3844 1560 3912 regulam
1594 3842 1763 3913 ponit,
1790 3858 1910 3914 qua
1930 3842 2117 3899 multis

519 3945 671 4001 utilis
696 3944 767 3997 sit
806 3949 862 3994 et
901 3935 1198 3991 Ecclesium
1234 3932 1406 4002 juvet.
1452 3931 1638 4002 Neque
1679 3934 1848 4001 dixit,
1879 3934 1950 3990 Ut
1975 3935 2114 3990 dona

521 4032 862 4109 possidentis,
892 4026 987 4084 sed
1022 4025 1089 4082 Ut
1122 4023 1391 4078 abundetis
1408 4040 1431 4090 ;
1451 4024 1553 4079 hoc
1572 4032 1677 4091 est,
1702 4034 1758 4079 ut
1778 4040 1900 4080 cum
1924 4040 2116 4095 magna

519 4127 672 4196 copia
705 4124 793 4179 illa
826 4118 1087 4177 habeatis.
1117 4116 1345 4173 Tantum
1380 4115 1524 4177 enim
1560 4115 1713 4172 abest
1738 4126 1796 4171 ut
1826 4118 1991 4173 nolim
2020 4134 2118 4175 vos

519 4236 585 4276 ea
624 4216 823 4275 habenae
847 4254 864 4278 ,
894 4220 956 4266 ut
982 4210 1143 4265 velim
1182 4210 1343 4264 etiam
1373 4224 1467 4265 vos
1494 4208 1581 4266 eis
1602 4209 1911 4277 abmdare,
1954 4212 2120 4268 modo

518 4327 585 4366 ea
610 4305 908 4365 exerceatis
933 4301 1003 4357 ad
1029 4300 1083 4355 id
1107 4298 1249 4370 quod
1278 4300 1334 4353 in
1361 4315 1649 4357 commune
1672 4312 1757 4360 est
1784 4305 1937 4359 utile.
1968 4304 2116 4374 Quo-

525 4402 688 4459 modo
735 4408 917 4455 autem
967 4395 1071 4451 hoc
1126 4394 1235 4459 liat,
1281 4391 1411 4447 dicit
1453 4400 1508 4448 et
1550 4394 1846 4465 subjungit,
1892 4397 2115 4455 dicens:

524 4496 614 4551 l3.
649 4491 713 4548 Et
745 4490 860 4544 ideo
883 4487 968 4556 qui
1003 4484 1230 4555 loquitur
1254 4483 1471 4555 lingua,
1510 4491 1618 4536 oret
1656 4492 1713 4537 ut
1736 4477 2116 4555 interprete'tur.

523 4587 616 4643 1L
646 4582 795 4639 Nam
814 4581 859 4634 si
887 4594 1027 4633 orent
1061 4577 1259 4646 lingua,
1286 4576 1495 4645 spiritus
1518 4589 1660 4629 incus
1684 4582 1829 4643 orat,
1860 4592 2000 4630 mens
2020 4593 2118 4631 αα-

526 4692 626 4735 tam
650 4693 765 4732 mea
790 4674 900 4729 sine
927 4675 1098 4745 frusta
1125 4677 1217 4722 est.
1246 4668 1335 4723 15.
1369 4668 1509 4735 Quid
1532 4684 1650 4739 ergo
1676 4670 1793 4725 est?
1819 4667 1990 4725 Orabo
2010 4670 2119 4740 api-

524 4773 649 4837 ritu,
675 4768 833 4824 orabo
859 4774 910 4820 et
934 4770 1102 4818 mente
1120 4774 1139 4814 :
1154 4759 1374 4831 psallens
1400 4760 1605 4830 spiritu,
1628 4763 1847 4832 psallam
1866 4776 1915 4818 et
1937 4774 2119 4820 mente.

528 4863 630 4920 liie
666 4856 902 4915 ostendit
928 4854 990 4908 in
1017 4867 1206 4908 eorum
1234 4864 1357 4906 esse
1381 4857 1648 4921 potestate
1673 4861 1732 4906 ut
1757 4852 1958 4909 donum
1981 4855 2125 4911 acci-

526 4958 718 5023 piant:
752 4949 875 5005 Oret
922 4946 1088 5009 enim,
1122 4944 1345 5014 linquit;
1385 4943 1490 5000 hoc
1535 4950 1640 5010 est,
1691 4958 1813 5013 qua:
1853 4960 1948 5001 sua
1998 4957 2125 5004 sunt

527 5040 740 5099 aderat.
768 5041 904 5098 Nam
933 5037 978 5094 si
1008 5036 1293 5107 diligenter
1329 5044 1388 5091 et
1425 5050 1624 5107 magno
1658 5035 1838 5092 studio
1867 5038 2118 5107 petieris,

529 5138 784 5210 accipies.
813 5133 943 5189 Pete
971 5143 1103 5197 ergo
1129 5135 1189 5183 ut
1211 5142 1317 5183 non
1349 5127 1524 5182 solum
1558 5127 1757 5183 habeas
1785 5126 1986 5185 donum
2014 5131 2119 5186 lin-

528 5249 669 5307 gum,
687 5229 781 5286 sed
797 5226 971 5284 etiam
986 5221 1447 5293 interpretationis
1472 5240 1486 5275 :
1509 5232 1568 5277 ut
1586 5222 1661 5277 sis
1682 5223 1933 5279 omnibus
1955 5228 2121 5297 utilis,

530 5338 634 5381 nec
658 5320 861 5377 donum
888 5317 942 5373 in
978 5324 1031 5369 te
1056 5314 1232 5369 solum
1267 5311 1532 5369 includas.
1578 5311 1720 5366 Nam
1758 5316 1802 5369 si
1843 5332 1980 5369 orem
1995 5319 2122 5383 ,rin-

530 5419 665 5486 quit,
693 5414 890 5486 lbtgua,
930 5406 1139 5481 spiritus
1162 5424 1303 5462 meus
1325 5414 1461 5474 orat,
1495 5421 1639 5459 mens
1666 5418 1836 5462 autent
1871 5425 1982 5463 mea
2015 5412 2124 5469 sine

525 5516 561 5582 Ῑ.
578 5518 701 5564 netu
716 5513 815 5562 est.

596 5600 806 5655 Donum
829 5602 1125 5669 linguarum
1152 5592 1417 5665 quodnam
1449 5601 1597 5647 esset.
1616 5622 1689 5633 —-
1711 5590 1957 5650 Vidistin‘
1982 5612 2123 5666 quo-

526 5692 689 5751 modo
721 5690 978 5763 paulatim
1021 5686 1294 5745 extollens
1333 5684 1657 5751 orationem,
1701 5687 1952 5741 ostendat
1996 5704 2121 5745 eum

531 5786 623 5857 qui
652 5791 741 5841 αι
772 5780 1060 5853 ejusmodi,
1103 5792 1209 5836 non
1236 5775 1409 5835 solum
1438 5791 1559 5834 esse
1588 5776 1707 5830 aliis
1735 5776 2005 5837 inutilem.
2028 5781 2122 5838 sed

1264 373 1322 426 3..
1361 368 1640 429 30.38le
1675 358 2158 425 CHRYSOSTOW
2185 357 2496 419 ARCl-IIEP.
2535 358 3074 422 CON‘STANTINOP‘.

2214 455 2376 511 etiam
2405 455 2507 511 sibi
2540 456 2664 529 ipsi,
2696 457 2963 527 siquidem
3010 472 3165 516 mens
3194 458 3315 529 ejus
3342 467 3429 517 est
3454 460 3569 517 sine
3606 462 3803 519 fructu.

2210 548 2342 605 Nam
2382 551 2428 607 si
2468 550 2589 621 quis
2630 552 2878 622 loquatur
2920 550 3097 606 solum
3137 552 3423 609 Persarum
3470 555 3670 626 lingua,
3716 564 3813 614 aut

2209 645 2387 715 aliqua
2437 644 2543 701 alia
2588 645 2789 714 aliena,
2847 646 3054 702 nesciat
3104 658 3284 703 autem
3313 665 3433 720 qua:
3462 651 3614 719 dicit,
3661 660 3812 711 certe

2210 736 2371 790 etiam
2395 736 2497 791 sibi
2539 737 2642 808 ipsi
2662 738 2773 807 jam
2800 738 2910 795 erit
2942 738 3228 805 barbarus,
3261 756 3368 795 nou
3398 742 3487 797 alii
3515 744 3713 810 solum,
3742 761 3812 803 eo

2211 826 2355 897 quod
2383 826 2589 883 nesciat
2620 829 2729 883 vim
2757 830 2926 885 vocis.
2962 830 3130 886 Erant
3156 832 3303 887 enim
3335 833 3630 905 antiquitus
3655 837 3811 893 multi

2213 919 2303 989 qui
2334 920 2597 976 orationis
2625 921 2828 985 donum
2867 922 3141 987 habebant
3186 939 3310 981 cum
3354 925 3569 998 lingua;
3598 939 3655 985 et
3681 945 3809 985 ora-

2211 1011 2343 1068 bant
2368 1012 2612 1085 quidem,
2640 1022 2695 1070 et
2719 1014 2899 1085 lingua
2926 1016 3268 1087 loquebatur,
3294 1027 3386 1074 aut
3406 1019 3691 1077 Persarum
3717 1031 3813 1077 aut

2209 1104 2578 1161 Romanorum
2605 1120 2738 1163 voce
2760 1122 2958 1175 orans;
2987 1123 3142 1166 mens
3165 1119 3346 1167 autem
3372 1112 3647 1170 nesciebat
3665 1115 3812 1185 quod

2209 1198 2510 1257 dicebatur.
2542 1198 2670 1256 Ideo
2693 1201 2927 1265 diccbat.
2957 1202 3021 1258 Si
3042 1220 3182 1259 orent
3207 1206 3406 1277 lingua,
3435 1209 3645 1278 spiritus
3672 1226 3813 1265 meus

2211 1298 2367 1354 orat;
2396 1290 2450 1345 id
2478 1300 2583 1357 est,
2611 1292 2879 1349 charisma
2904 1294 3048 1365 quod
3073 1294 3257 1352 datum
3286 1306 3373 1353 est
3391 1298 3523 1353 mibi
3550 1310 3604 1355 et
3631 1316 3814 1359 movet

2211 1381 2487 1453 linguam;
2518 1399 2661 1439 mens
2690 1396 2864 1442 autern
2891 1403 3005 1441 mea
3034 1388 3145 1442 sine
3175 1389 3343 1459 fructu
3376 1399 3469 1443 est.
3502 1389 3641 1457 Quid
3681 1408 3817 1464 ergo

2211 1474 2474 1543 optimum
2502 1483 2558 1529 et
2587 1475 2721 1530 utile
2756 1476 2884 1530 est?
2917 1484 2969 1532 et
3012 1478 3283 1547 quomodo
3322 1478 3652 1549 faciendum,
3683 1485 3813 1552 quid

2210 1563 2503 1637 petendum
2530 1580 2561 1620 a
2591 1566 2701 1621 Deo
2721 1566 2845 1622 est?
2868 1566 2936 1622 Ut
2958 1576 3013 1622 et
3042 1560 3257 1638 spiritu,
3280 1569 3331 1624 id
3359 1580 3443 1625 est
3462 1570 3812 1640 charismate,

2210 1666 2268 1712 et
2313 1666 2494 1713 mente
2538 1668 2746 1713 oretur.
2788 1657 2859 1714 Et
2912 1658 3039 1714 ideo
3084 1658 3345 1718 dicebat:
3381 1661 3553 1718 Orabo
3600 1666 3811 1735 spirits,

2212 1751 2371 1804 orabo
2409 1759 2460 1804 et
2499 1760 2703 1817 mente;
2741 1751 2965 1819 psallam
3007 1752 3216 1820 spiritu,
3263 1754 3486 1825 psallens
3528 1765 3579 1811 et
3623 1767 3813 1815 tuente.

2215 1841 2359 1898 Idem
2387 1857 2576 1899 rursus
2612 1842 2699 1900 hic
2726 1856 2941 1914 quoque
2971 1842 3237 1914 significat
3267 1861 3284 1898 :
3312 1844 3384 1902 Ut
3412 1854 3467 1901 et
3504 1846 3686 1919 lingua
3730 1850 3816 1903 lo.

2210 1943 2427 2004 quatur,
2459 1943 2513 1991 et
2549 1950 2706 1993 mens
2734 1951 2841 1991 non
2874 1934 3086 2006 ignoret
3122 1949 3188 1991 ea
3227 1950 3349 2007 quae
3376 1936 3648 1994 dicuntur.
3677 1938 3812 1994 Nam

2213 2027 2316 2083 nisi
2345 2028 2447 2083 hoc
2470 2029 2563 2096 sit,
2600 2029 2705 2084 alia
2734 2043 2949 2100 quoque
2970 2028 3078 2085 erit
3111 2027 3381 2086 confusio.
3412 2028 3498 2085 lG.
3534 2030 3739 2085 Etenim
3768 2032 3815 2086 si

2212 2118 2553 2185 benedixeris,
2586 2120 2779 2190 inquit,
2819 2120 3030 2191 spiritu,
3066 2121 3155 2190 qui
3186 2121 3391 2193 supplet
3428 2121 3600 2177 locum
3638 2124 3818 2178 idiotte

2211 2210 2469 2279 quomodo
2508 2209 2669 2277 dicet,
2706 2210 2891 2277 Antea,
2930 2227 3086 2281 super
3126 2219 3269 2266 tuam
3314 2214 3605 2285 gratiarum
3647 2215 3815 2270 actio-

2213 2319 2330 2357 nem
2350 2304 2643 2374 ?quoniam
2679 2304 2805 2374 quid
2845 2304 2989 2359 dicas
3015 2304 3195 2360 nescit.
3234 2305 3324 2360 l7.
3354 2304 3494 2359 Nam
3522 2316 3577 2360 tu
3608 2309 3817 2377 quidem

2214 2393 2337 2449 bene
2363 2394 2559 2465 gratias
2584 2394 2717 2465 agis,
2748 2393 2839 2450 sed
2876 2394 3009 2448 alter
3040 2408 3145 2447 non
3168 2393 3480 2463 aediﬁcatur.
3500 2394 3646 2451 Vide
3674 2412 3816 2466 quo-

2214 2485 2377 2541 modo
2417 2485 2508 2541 hic
2534 2500 2726 2542 rursus
2753 2485 2988 2556 lapidem
3018 2484 3169 2541 ducit
3192 2485 3262 2542 ad
3298 2488 3580 2554 amussim,
3613 2488 3815 2561 ubique

2214 2592 2464 2648 quaerens
2504 2576 2766 2633 Ecclesiae
2793 2577 3229 2634 aediﬁcationem.
3263 2576 3490 2635 ldiotam
3517 2587 3697 2637 autem
3728 2582 3815 2637 di-

2213 2669 2287 2723 cit
2317 2668 2534 2735 laicum,
2563 2677 2620 2724 et
2644 2668 2881 2725 ostendit
2908 2684 3031 2725 eum
3060 2682 3169 2725 non
3193 2683 3419 2742 parvum
3441 2669 3695 2727 damnum
3719 2688 3815 2729 ac-

2213 2759 2419 2829 cipere,
2448 2759 2665 2829 quando
2695 2774 2803 2814 non
2833 2767 3010 2829 potest
3034 2758 3240 2828 dicere,
3264 2760 3459 2815 Amen.
3488 2760 3602 2817 Hoc
3632 2772 3813 2819 autem

2215 2850 2329 2904 vult
2357 2848 2701 2920 significare:
2730 2848 2787 2905 Si
2821 2849 3174 2906 barbarorum
3211 2863 3347 2906 voce
3389 2850 3678 2908 benedieas
3719 2870 3815 2911 ne-

2216 2940 2393 2995 sciens
2422 2939 2552 3010 quid
2578 2939 2751 3008 dicas,
2775 2955 2952 3011 neque
2978 2939 3167 2997 valens
3190 2940 3556 3013 interpretari,
3589 2954 3696 2999 non
3720 2958 3817 3014 po-

2219 3040 2326 3088 test
2371 3032 2540 3086 Iaicus
2580 3032 2935 3102 respondere,
2981 3034 3155 3089 Amen
3188 3048 3204 3085 :
3234 3047 3342 3089 non
3392 3032 3617 3090 audiens
3669 3036 3815 3090 enim

2220 3121 2368 3187 illud,
2403 3121 2457 3175 ln
2480 3121 2677 3176 szeeula
2702 3122 3048 3186 saeculorum,
3071 3121 3217 3193 quod
3246 3133 3331 3179 est
3356 3122 3499 3192 linis,
3530 3139 3636 3179 non
3662 3125 3817 3193 dicit,

2219 3214 2415 3269 Amen.
2460 3211 2665 3269 Deinde
2707 3228 2895 3269 rursus
2934 3228 3057 3269 eum
3104 3213 3417 3281 consolans,
3465 3228 3537 3271 ue
3573 3215 3819 3272 videatur

2218 3302 2423 3358 donum
2444 3302 2599 3358 valde
2616 3303 2949 3374 vilipendere
2970 3322 2985 3358 :
3010 3305 3154 3375 quod
3173 3305 3423 3375 superius
3441 3304 3674 3371 dicebat,
3692 3322 3820 3363 eum

2220 3393 2367 3463 loqui
2411 3393 2690 3463 mysteria,
2734 3402 2789 3449 et
2819 3394 2932 3450 Deo
2958 3394 3128 3465 loqui,
3158 3406 3217 3452 et
3253 3395 3492 3466 seipsum
3523 3397 3816 3465 aedificare,

2219 3493 2276 3541 et
2300 3500 2457 3541 orare
2496 3485 2724 3556 spiritu;
2756 3501 2824 3541 ex
2852 3484 2937 3542 bis
2962 3502 3070 3542 non
3099 3502 3319 3556 parvam
3345 3487 3657 3559 excogitans
3683 3504 3820 3545 con-
3866 3487 3870 3493 ’

2219 3575 2560 3641 solutionem,
2608 3574 2713 3632 hoc
2755 3575 2844 3633 hic
2877 3590 3091 3647 quoque
3133 3575 3282 3643 facit,
3329 3577 3519 3634 dicens
3551 3596 3565 3632 :
3598 3578 3733 3634 Nam
3764 3589 3823 3639 tn

2220 3667 2441 3739 quidem
2464 3668 2605 3724 bene
2623 3668 2824 3739 gratias
2852 3667 3000 3738 agis;
3029 3667 3233 3739 Spiritu
3260 3670 3403 3725 enim
3432 3680 3610 3726 motus
3636 3672 3821 3742 loque-

2222 3759 2332 3825 ris;
2355 3758 2563 3815 sed-ille
2583 3758 2717 3813 nihil
2741 3757 2987 3825 audiens,
3011 3774 3186 3831 neque
3205 3760 3383 3816 sciens
3401 3776 3522 3832 qua:
3540 3762 3824 3832 dicuntur,

2222 3857 2349 3914 stat,
2372 3865 2479 3904 non
2510 3864 2759 3921 magnam
2787 3849 3067 3920 excipiens
3095 3852 3401 3909 utilitatem.

2294 3942 2351 3995 ι.
2384 3940 2585 3997 Deinde
2614 3942 2870 4011 quoniam
2905 3955 3000 3997 eos
3026 3950 3110 3997 est
3137 3941 3432 3997 insectatus
3460 3942 3551 4012 qui
3582 3943 3687 4000 hoc
3719 3943 3821 3999 Ita-

2223 4029 2354 4086 bent
2376 4031 2604 4097 donum,
2634 4040 2907 4101 tamquam
2932 4032 3023 4100 qui
3063 4031 3199 4086 nihil
3231 4046 3480 4102 magnum
3521 4033 3821 4105 baberent;

2226 4135 2297 4177 ne
2323 4121 2572 4175 videatur
2599 4119 2769 4175 veluti
2789 4135 2856 4174 eo
2882 4120 3144 4192 privatus,
3176 4135 3273 4177 eos
3298 4122 3653 4193 vilipendere,
3696 4126 3822 4182 vide

2224 4213 2355 4287 quid
2380 4212 2524 4269 dicat
2556 4231 2569 4268 :
2594 4212 2688 4269 i8.
2710 4211 2916 4268 Gratias
2940 4229 3041 4284 ago
3058 4211 3191 4282 Deo,
3218 4213 3355 4285 quod
3374 4216 3540 4289 magis
3558 4234 3711 4289 quam
3734 4234 3822 4274 vos

2227 4320 2400 4361 omnes
2443 4305 2634 4376 linguis
2677 4305 2878 4376 loquar.
2930 4304 3044 4361 Hoc
3072 4315 3254 4363 autem
3298 4305 3427 4363 facit
3461 4308 3623 4363 etiam
3667 4309 3819 4365 alibi.

2228 4398 2591 4469 Depressurus
2610 4399 2754 4454 enim
2782 4412 2846 4453 ea
2864 4398 3059 4467 quibus
3104 4399 3463 4470 exsuperabat
3487 4399 3818 4467 Judaismus,

2228 4499 2284 4546 et
2297 4499 2615 4546 ostensurus
2633 4503 2695 4543 ea
2711 4486 2843 4541 nihil
2863 4501 3004 4553 esse,
3029 4486 3180 4556 prius
3200 4488 3435 4544 ostendit
3450 4503 3511 4545 se
3526 4489 3832 4557 eahabere,

2229 4588 2284 4633 et
2320 4578 2479 4649 longe
2507 4576 2773 4647 amplius,
2807 4585 2934 4631 tunc
2960 4590 3177 4646 quoque
3204 4590 3266 4630 ea
3294 4576 3549 4632 damnum
3586 4579 3825 4649 appellat

2229 4670 2416 4725 dicens
2447 4687 2461 4723 :
2492 4668 2555 4724 Si
2578 4668 2691 4739 quis
2715 4669 2914 4724 videtur
2948 4668 3136 4723 habere
3163 4667 3408 4736 ﬁduciam
3435 4667 3489 4721 in
3526 4684 3699 4737 carne,
3729 4687 3825 4742 ego

2229 4764 2412 4833 magis,
2444 4762 2768 4817 circumcisus
2798 4771 2972 4817 octavo
3013 4762 3118 4828 die,
3160 4777 3223 4816 ex
3251 4776 3435 4831 genere
3463 4759 3648 4829 Israel,
3691 4763 3824 4818 tribu

2229 4853 2523 4923 ijamin,
2547 4853 2794 4908 llcbrwus
2818 4870 2882 4908 ea:
2909 4853 3160 4919 Hebreis,
3187 4853 3466 4908 secundum
3496 4858 3657 4928 legem
3683 4853 3825 4910 Plia-

2232 4946 2428 5013 risaaus,
2461 4946 2736 4999 secundum
2764 4946 2931 4999 selum
2970 4960 3274 5016 persequens
3306 4944 3608 5013 Eetlesiam,
3636 4963 3821 5003 secum

2231 5040 2353 5093 dum
2383 5038 2638 5109 justitiam
2664 5055 2782 5110 quis
2805 5047 2877 5093 est
2907 5054 2972 5092 ea
2998 5038 3128 5109 lege,
3162 5042 3329 5108 {actus
3369 5041 3827 5111 irrepreltensibilis

2233 5133 2492 5205 (ΡΙιὶΙὶρρι
2525 5134 2578 5188 3.
2608 5133 2780 5203 ινδ).
2826 5130 2895 5186 Et
2948 5138 3075 5186 tunc
3126 5142 3408 5203 postquam
3454 5133 3725 5202 ostendit,
3764 5148 3826 5189 se

2232 5226 2284 5282 in
2313 5226 2395 5281 his
2416 5226 2667 5282 omnibus
2696 5222 2992 5288 abmrdare,
3028 5223 3157 5279 dicit
3180 5244 3203 5281 τη
3234 5226 3346 5281 Sed
3368 5239 3486 5293 qua
3524 5225 3649 5280 milii
3678 5232 3833 5281 erant.

2231 5320 2403 5385 lucra,
2425 5335 2486 5371 sa
2525 5318 2771 5371 damnum
2811 5314 3097 5369 existimaui
3127 5325 3336 5386 propter
3369 5314 3629 5371 Christum
3659 5314 3821 5382 (Ibid.

2230 5427 2277 5466 υ.
2303 5413 2379 5481 7).
2423 5410 2499 5465 Ita
2542 5409 2629 5464 hic
2654 5421 2868 5480 quoque
2894 5405 3041 5473 facit,
3081 5408 3268 5463 dicens
3300 5423 3313 5459 :
3348 5404 3519 5479 Magis
3542 5422 3695 5478 quam
3736 5420 3825 5460 vos

2227 5521 2403 5559 omnes
2446 5502 2635 5575 linguis
2682 5501 2887 5569 loquor.
2913 5500 2991 5558 Ne
3020 5514 3155 5570 ergo
3191 5496 3486 5555 elTeramini
3508 5541 3525 5566 ,
3576 5507 3632 5553 et
3669 5495 3828 5551 vobis

2231 5596 2489 5664 placeatis
2527 5605 2797 5664 tamquam
2842 5591 2945 5646 soli
2982 5591 3191 5646 donum
3225 5587 3519 5657 habentes;
3559 5603 3684 5643 nam
3723 5602 3827 5659 ego

2232 5701 2447 5759 quoque
2477 5685 2529 5740 id
2558 5682 2830 5755 possideo,
2860 5691 2915 5738 et
2942 5684 3113 5753 magis
3141 5696 3301 5751 quam
3333 5697 3453 5739 vos.
3495 5679 3586 5735 19.
3629 5678 3741 5734 Sed
3770 5697 3826 5734 ιη

2237 5776 2471 5837 Ecclesia
2492 5774 2610 5835 volo
2628 5776 2850 5847 quinque
2874 5777 3023 5833 verba
3039 5792 3189 5831 sensu
3216 5792 3325 5833 mea
3351 5776 3510 5848 loqui,
3540 5782 3595 5829 ut
3619 5781 3668 5828 et
3689 5772 3820 5828 alios
