4038 6216
312 351 403 414 δυ,
1331 341 1398 402 fN
1435 345 1652 404 EPIST.
1694 346 1712 404 l
1768 347 1860 404 AD
1898 346 2054 403 core
2088 346 2322 407 ttoutL.
2353 348 2569 408 xxxv.

305 469 591 528 instituam.
613 466 754 537 Quid
784 475 888 535 est,
927 464 1093 523 Sensu
1125 480 1233 519 meo
1272 463 1431 534 loqui,
1473 473 1527 517 ut
1554 471 1601 518 et
1642 462 1771 518 alios
1814 462 1894 516 in-

307 562 556 619 stitium?
589 560 900 632 lntelligens
927 574 1047 628 qua:
1090 555 1236 624 dico,
1271 565 1328 612 et
1366 571 1487 627 quae
1516 570 1737 627 possum
1778 554 1898 611 aliis

311 670 521 727 quoque
554 654 920 724 interpretari,
958 660 1013 708 et
1054 666 1177 706 cum
1201 650 1558 722 intelligentia
1597 649 1796 713 dicere,
1845 658 1899 703 et

312 746 506 803 docere
535 759 630 802 eos
653 744 742 816 qui
770 743 1015 799 audiunt.
1047 743 1212 810 Quam
1232 742 1406 797 decem
1442 741 1604 796 millia
1632 742 1897 795 verborum

310 839 365 891 in
406 837 604 909 lingua.
636 834 853 905 Quare’
894 833 964 891 Ut
1006 834 1159 900 alios,
1207 834 1395 904 inquit,
1439 833 1722 889 instituam.
1762 831 1895 887 Nam

308 928 439 985 illud
468 928 689 994 quidem
717 927 880 982 habet
918 926 1334 982 ostentationem
1376 934 1609 991 tantum,
1655 924 1759 980 hoc
1797 940 1894 979 au-

308 1032 416 1079 tem
442 1020 664 1077 multam
707 1019 1011 1075 utilitatem.
1044 1017 1158 1074 Hoc
1183 1016 1327 1073 enim
1374 1024 1477 1083 est,
1515 1015 1658 1087 quod
1699 1016 1895 1086 ubique

304 1116 531 1188 qnzcrit,
560 1114 702 1185 quod
728 1115 783 1171 in
813 1113 1084 1170 communi
1104 1113 1175 1168 sit
1201 1111 1353 1167 utile.
1383 1110 1544 1181 Atqui
1567 1110 1765 1165 donum
1791 1110 1896 1164 lin-

304 1222 529 1279 gnarum
566 1218 687 1263 erat
728 1221 928 1263 novum
971 1211 1028 1261 et
1069 1190 1327 1266 alienum,
1374 1201 1671 1273 prophetiae
1715 1208 1894 1256 autem

304 1298 505 1356 donum
534 1310 849 1355 consuetum
877 1306 933 1353 et
958 1296 1234 1366 antiquum
1262 1304 1316 1350 et
1346 1293 1526 1349 multis
1551 1292 1660 1363 jam
1686 1290 1889 1359 datum,

304 1391 410 1447 hoc
434 1401 613 1447 autem
641 1400 754 1447 tum
783 1389 1011 1459 primum
1040 1403 1055 1451 ;
1099 1384 1193 1442 sed
1226 1394 1407 1440 tamen
1438 1384 1489 1437 in
1518 1382 1569 1438 id
1606 1397 1712 1437 non
1752 1379 1894 1436 mui-

306 1492 417 1539 tum
448 1482 678 1553 ponebat
702 1479 885 1535 studii.
913 1477 1274 1547 Quamobrem
1298 1490 1397 1531 nec
1423 1490 1489 1529 eo
1513 1488 1640 1530 usus
1658 1482 1761 1539 est,
1785 1487 1895 1527 non

302 1572 445 1644 quod
474 1587 582 1627 non
614 1570 857 1636 haberet,
899 1567 994 1624 sed
1025 1566 1168 1637 quod
1196 1573 1468 1637 quaereret
1495 1578 1616 1634 quae
1641 1573 1766 1617 sunt
1792 1562 1896 1616 uti-

305 1666 439 1720 liora
471 1681 486 1719 :
517 1671 633 1718 erat
658 1664 803 1719 enim
830 1662 968 1716 liber
996 1660 1065 1713 ab
1092 1659 1235 1714 omni
1270 1658 1412 1712 inani
1438 1656 1630 1728 gloria,
1653 1664 1708 1709 et
1729 1668 1892 1709 unum

303 1754 595 1827 spectabat,
627 1762 686 1808 ut
715 1753 965 1807 meliores
990 1750 1243 1805 redderet
1273 1748 1567 1803 auditores.
1609 1746 1903 1814 Propterea

302 1846 463 1903 etiam
507 1853 719 1915 poterat
745 1842 929 1898 videre
955 1840 1098 1912 quod
1126 1839 1225 1894 sibi
1256 1849 1311 1892 et
1340 1838 1460 1892 aliis
1489 1846 1606 1890 erat
1647 1836 1797 1899 utile,
1827 1849 1894 1888 eo

301 1938 441 2011 quod
469 1945 613 1994 esset
640 1936 779 1991 liber
809 1935 877 1989 ab
905 1934 1047 1988 inani
1076 1932 1265 2003 gloria.
1290 1928 1421 1984 Nam
1462 1929 1550 1999 qui
1578 1938 1661 1985 est
1695 1927 1747 1981 in
1777 1927 1895 1995 ejus

302 2030 615 2088 servitutem
642 2028 913 2089 redactus,
965 2041 1071 2080 non
1117 2025 1315 2096 poterit
1344 2023 1551 2087 videre,
1582 2037 1687 2076 non
1718 2020 1891 2074 solum

301 2122 444 2195 quod
470 2122 611 2187 aliis,
630 2120 726 2177 sed
754 2120 912 2175 etiam
939 2116 1083 2187 quod
1108 2116 1209 2170 sibi
1234 2122 1317 2170 est
1339 2115 1492 2169 utile.
1520 2113 1663 2167 Talis
1681 2110 1895 2166 eratSi-

301 2230 452 2279 mon,
480 2213 570 2284 qui
587 2211 839 2283 quoniam
859 2209 924 2264 ad
944 2210 1161 2263 inanem
1182 2206 1388 2276 aspexit
1404 2206 1651 2275 gloriam,
1677 2218 1743 2257 ne
1764 2203 1891 2255 vidit

300 2305 517 2377 quidem
536 2303 678 2376 quod
698 2302 799 2358 sibi
825 2310 941 2357 erat
960 2298 1297 2355 conducibile
1318 2315 1333 2353 :
1360 2297 1495 2351 tales
1521 2305 1676 2351 erant
1698 2294 1889 2357 Judaei,

300 2396 395 2467 qui
437 2405 658 2465 propter
683 2408 802 2449 eam
833 2391 1048 2446 diabolo
1074 2404 1225 2446 suam
1267 2387 1621 2458 propinarunt
1640 2386 1889 2440 salutem.

370 2487 553 2543 Inanis
596 2488 774 2559 gloria'
802 2486 895 2539 uis.
938 2481 1243 2552 PhilosOplu'
1293 2478 1460 2535 Grazci
1504 2487 1894 2549 carpuntur.—

300 2582 435 2638 lliuc
462 2581 626 2637 etiam
656 2590 773 2634 orta
804 2586 932 2631 sunt
968 2575 1132 2641 idola,
1165 2583 1220 2631 et
1247 2574 1457 2629 externi
1490 2570 1797 2642 philosophi
1827 2587 1889 2626 ex

298 2675 403 2731 hoc
429 2674 609 2729 furore
636 2671 839 2727 incitati
868 2669 1004 2738 lapsi
1037 2675 1163 2721 sunt
1188 2665 1253 2721 ad
1290 2664 1429 2719 mala
1459 2663 1729 2734 dogmata.
1760 2662 1893 2717 Vide

297 2776 479 2823 autem
507 2764 666 2835 hujus
707 2763 818 2819 vitii
848 2762 1278 2833 perversitatem.
1310 2759 1414 2815 Per
1440 2759 1543 2813 hoc
1566 2772 1630 2813 ex
1660 2758 1725 2811 iis
1754 2771 1891 2810 non-

298 2857 431 2914 nulli
459 2856 635 2913 elfecti
663 2866 788 2911 sunt
817 2867 1099 2926 pauperes,
1130 2861 1184 2906 et
1217 2850 1303 2904 alii
1334 2849 1571 2905 studium
1592 2856 1894 2920 posuerunt

296 2949 353 3005 in
389 2947 611 3003 divitiis.
660 2945 831 3002 Tanta
882 2953 966 3000 est
1004 2944 1123 3013 ejus
1170 2940 1435 3014 tyrannis,
1483 2949 1541 2995 ut
1586 2940 1894 2994 dominetur

298 3041 459 3097 etiam
505 3039 556 3093 in
598 3037 905 3094 contrariis.
939 3035 1071 3091 Nam
1114 3044 1168 3090 et
1208 3049 1270 3089 ex
1317 3032 1671 3101 temperantia
1700 3031 1893 3101 aliquis

296 3132 440 3189 inani
474 3130 641 3201 gloria
673 3129 926 3194 afﬁcitur,
950 3138 1003 3183 et
1031 3141 1219 3182 rursus
1249 3126 1387 3180 alius
1416 3140 1483 3179 ex
1504 3124 1767 3179 adulterio
1797 3141 1810 3178 :
1838 3133 1894 3180 et

298 3226 387 3282 hic
410 3223 625 3296 quidem
656 3237 721 3277 ex
745 3221 974 3292 justitia,
1001 3220 1140 3273 alius
1180 3232 1245 3272 ex
1280 3216 1559 3286 injustitia,
1589 3229 1654 3270 ex
1687 3215 1893 3270 deliciis

296 3327 355 3373 et
381 3331 451 3373 ex
478 3316 709 3386 jejunio,
741 3330 808 3369 cx
851 3313 1076 3369 lenitate
1102 3317 1160 3367 et
1200 3324 1270 3363 ex
1311 3308 1557 3374 audacia,
1600 3323 1665 3361 ex
1692 3308 1892 3362 divitiis

297 3417 353 3464 et
379 3425 446 3464 ex
476 3415 805 3478 paupertate.
838 3402 1086 3459 Nonnulli
1127 3402 1269 3457 enim
1297 3400 1523 3465 externi,
1560 3414 1678 3454 cum
1707 3400 1893 3455 liceret

297 3500 437 3555 dona
480 3499 766 3569 accipere;
808 3504 866 3551 ut
913 3496 965 3549 in
1012 3492 1366 3549 admiratione
1395 3490 1741 3555 haberentur,
1787 3506 1890 3545 non

297 3591 647 3661 accipiebant.
696 3589 803 3645 Sed
855 3603 960 3642 non
1004 3587 1083 3642 sic
1129 3584 1400 3656 apostoli:
1433 3599 1552 3637 nam
1596 3584 1738 3653 quod
1776 3585 1891 3652 puri

295 3692 475 3739 essent
497 3698 529 3739 a
549 3696 682 3735 vana
704 3680 897 3750 gloria,
915 3676 1263 3732 ostenderunt
1282 3691 1374 3744 per
1396 3689 1456 3729 ea
1477 3689 1595 3745 qua:
1631 3674 1889 3728 fecerunt.

296 3774 509 3831 Etenim
550 3772 766 3843 quando
817 3769 937 3825 illos
971 3769 1103 3823 deos
1126 3767 1411 3829 vocabant,
1441 3776 1496 3822 et
1536 3766 1702 3835 parati
1740 3774 1894 3820 erant

293 3866 360 3921 ad
397 3863 805 3921 sacrificandum
837 3860 967 3931 ipsis
999 3868 1181 3915 tauros
1225 3867 1532 3922 coronatos,
1572 3872 1676 3911 non
1717 3857 1889 3912 solum

296 3957 701 4026 prohibuerunt,
742 3954 835 4010 sed
867 3954 1027 4009 etiam
1068 3968 1163 4007 sua
1206 3952 1527 4006 vestimenta
1572 3950 1889 4005 sciderunt:

294 4059 349 4105 et
375 4047 591 4119 quando
624 4045 873 4102 claudum
912 4050 1273 4106 curaverunt,
1314 4043 1563 4121 omnibus
1601 4056 1695 4095 eos
1726 4040 1891 4094 hianti

293 4154 391 4196 ore
430 4137 771 4208 stupentibus
815 4136 1117 4190 dixerunt:
1154 4133 1290 4202 Quid
1329 4150 1421 4187 nos
1460 4132 1706 4201 aspicitis,
1757 4140 1890 4185 tam-

293 4248 448 4301 quam
476 4230 685 4301 prapria
715 4229 895 4283 virtute
923 4227 1191 4299 fecerimus
1216 4229 1347 4279 hunc
1382 4225 1643 4279 ambulare
1668 4223 1803 4295 (Act.
1833 4225 1889 4279 5.

296 4322 431 4395 12)?
458 4322 522 4377 Et
553 4322 627 4377 illi
658 4320 873 4391 quidem
903 4319 1043 4373 inter
1067 4317 1210 4371 viros
1230 4324 1593 4386 paupertatem
1625 4314 1891 4369 admiran-

295 4424 396 4483 tes,
429 4424 798 4486 paupertatem
845 4412 1147 4482 eligebant;
1198 4409 1249 4463 hi
1296 4425 1424 4464 vero
1474 4408 1644 4478 ipsam
1689 4407 1892 4476 eligunt

291 4507 435 4578 apud
475 4506 717 4562 homines
758 4505 849 4575 qui
889 4512 1258 4574 paupertatem
1290 4510 1552 4571 spernunt
1586 4509 1640 4555 et
1677 4499 1891 4555 divitias

293 4600 532 4658 laudant.
569 4599 635 4653 Et
666 4598 716 4651 hi
768 4596 1007 4667 quidem,
1058 4597 1102 4651 si
1145 4594 1270 4664 quid
1320 4602 1658 4663 acceperant,
1705 4593 1889 4663 egenis

291 4706 452 4761 opem
479 4688 763 4752 ferebant;
793 4688 863 4743 ita
892 4703 998 4743 non
1026 4695 1247 4757 preptcr
1276 4685 1492 4740 inanem
1515 4685 1758 4753 gloriam,
1789 4684 1883 4739 sed

294 4792 512 4854 prepter
565 4782 944 4853 benignitatem
994 4780 1173 4833 omnia
1222 4777 1540 4833 faciebant:
1590 4778 1664 4831 illi
1708 4787 1885 4831 autem

290 4876 448 4950 plane
476 4873 826 4936 contrarium,
858 4880 1131 4941 tamquam
1156 4872 1246 4939 qui
1274 4879 1456 4924 essent
1480 4868 1682 4923 inimici
1711 4878 1764 4922 et
1798 4883 1877 4937 pe

289 4979 399 5025 stes
440 4965 743 5023 communis
791 4976 1017 5028 natura},
1070 4967 1186 5019 haec
1232 4964 1309 5019 sic
1343 4979 1555 5034 quoque
1597 4963 1881 5018 faciebant.

290 5060 421 5115 Nam
446 5058 585 5112 alios
610 5056 826 5127 quidem
868 5055 1064 5110 frustra
1095 5064 1149 5110 et
1196 5064 1395 5109 temere
1423 5069 1613 5109 omnes
1647 5068 1771 5108 suas
1810 5054 1887 5108 fa-

291 5152 519 5208 cultates
564 5151 619 5203 in
664 5163 813 5205 mare
854 5148 1222 5216 demergcbat,
1252 5146 1424 5201 fatuos
1467 5148 1682 5201 imitans
1711 5154 1764 5199 et
1792 5160 1885 5199 eos

290 5243 381 5314 qui
407 5249 531 5295 sunt
562 5242 765 5295 insanae
794 5240 986 5294 mentis
1019 5257 1031 5292 :
1065 5240 1201 5294 alius
1244 5250 1421 5292 autem
1458 5238 1672 5293 sinebat
1697 5253 1883 5292 omnes

288 5348 415 5389 suos
444 5344 602 5402 agros
631 5330 846 5398 depasci
873 5332 941 5387 ab
969 5331 1181 5385 ovibus.
1229 5329 1318 5384 Sic
1356 5331 1533 5382 omnia
1577 5329 1717 5397 apud
1767 5328 1884 5382 illos

288 5425 355 5480 ad
384 5438 575 5478 vanam
610 5420 835 5492 gloriam
865 5422 1200 5490 spectabant.
1235 5419 1341 5473 Sed
1378 5434 1483 5474 non
1517 5419 1593 5484 hi,
1620 5419 1726 5472 imo
1754 5434 1882 5471 vero

287 5531 408 5587 quae
434 5514 700 5569 dabantur
723 5510 1079 5579 accipiebant,
1111 5522 1166 5566 et
1185 5510 1574 5566 distribuebant
1600 5509 1880 5580 egentibus

287 5624 412 5666 cum
445 5617 590 5665 tanta
614 5604 955 5667 liberalitate,
981 5611 1039 5659 ut
1065 5605 1226 5659 etiam
1253 5605 1307 5660 in
1332 5596 1471 5660 fame
1501 5610 1759 5675 perpetua
1780 5601 1877 5657 de—

288 5710 498 5772 gerent.
526 5700 582 5756 Si
617 5707 795 5755 autem
830 5695 1055 5768 gloriam
1085 5706 1378 5761 amassent,
1426 5711 1530 5752 non
1575 5695 1675 5751 hoc
1723 5695 1875 5750 recis-

288 5800 429 5861 scut,
459 5807 651 5864 nempe
680 5800 735 5847 ut
763 5790 1068 5863 acciperent
1108 5796 1160 5843 et
1190 5788 1591 5858 distribuerent,
1623 5790 1875 5845 timentes

3489 359 3596 420 30!

2006 476 2075 516 ne
2098 471 2288 518 eontra
2331 464 2479 535 ipsos
2520 466 2698 537 aliqua
2740 465 2881 525 foret
2909 468 3163 541 suspicio.
3195 469 3328 529 Nam
3368 474 3461 545 qui
3498 489 3594 530 sua

2001 552 2186 621 abjicit
2224 564 2445 625 propter
2471 557 2717 627 gloriam,
2750 559 2917 615 multo
2944 561 3113 633 magis
3138 577 3244 619 non
3274 565 3502 636 accipiet
3527 584 3591 624 ca

2001 658 2121 713 qua
2147 654 2272 700 sunt
2300 645 2548 715 aliorum,
2580 663 2649 705 ne
2675 650 2919 706 videatur
2938 666 3099 723 egere
3123 653 3265 721 aliis,
3292 672 3468 727 neque
3491 672 3588 714 ve-

2002 736 2109 790 niat
2137 736 2189 791 in
2215 738 2599 809 suspicionem.
2629 742 2737 799 llos
2761 754 2942 799 autem
2962 746 3113 801 vides
3138 756 3195 802 et
3222 747 3586 807 ministrantes

1999 838 2054 883 et
2070 829 2474 887 emendicantes
2500 848 2599 904 pro
2619 835 2901 905 egentibus
2930 855 2944 891 :
2972 836 3107 893 adeo
3130 847 3286 893 erant
3306 841 3465 895 etiam
3491 858 3590 913 pa-

2000 918 2172 975 tribus
2222 920 2549 991 quibuslibet
2601 927 2947 983 amantiores.
2999 928 3134 985 Vide
3181 939 3359 986 autem
3401 949 3587 989 eorum

1999 1026 2212 1083 quoque
2239 1014 2386 1085 leges
2416 1016 2743 1085 moderatas,
2785 1020 2936 1075 etab
2979 1019 3123 1076 inani
3167 1022 3338 1092 gloria
3368 1024 3586 1081 liberas.

2002 1100 2259 1159 Habentes
2278 1105 2443 1171 enim,
2466 1107 2658 1177 inquit,
2689 1109 2981 1166 vestimenta
3007 1120 3055 1164 et
3079 1112 3343 1180 alimenta,
3368 1113 3447 1169 his
3470 1131 3589 1169 con-

2001 1194 2125 1247 tenti
2153 1196 2341 1251 erimus
2369 1197 2446 1269 (ι.
2476 1196 2615 1251 Tim.
2647 1198 2701 1255 6.
2727 1198 2786 1269 8)
2818 1217 2830 1251 :
2862 1215 2968 1256 non
3005 1200 3146 1258 sicut
3183 1203 3273 1259 ille
3300 1203 3588 1278 Sinopeus.

1999 1286 2088 1355 qui
2138 1289 2327 1356 pannis
2375 1289 2581 1347 obsitus
2623 1300 2677 1346 et
2716 1292 2917 1347 dolium
2962 1294 3248 1363 habitans,
3288 1313 3411 1353 cum
3456 1299 3588 1355 nihil

2004 1390 2145 1434 esset
2182 1395 2340 1452 Opus,
2391 1385 2588 1445 multos
2634 1387 2848 1456 quidem
2898 1389 3199 1458 stupefecit,
3250 1392 3380 1447 nulli
3407 1402 3587 1447 autem

1998 1470 2217 1539 profuit.
2253 1473 2448 1531 Paulus
2485 1485 2665 1532 autem
2716 1478 2848 1534 nihil
2880 1478 3073 1535 horum
3116 1480 3384 1537 faciebat:
3418 1499 3590 1554 neque

1999 1564 2141 1617 enim
2171 1566 2449 1635 spectabat
2481 1569 2831 1625 ambitionem
2869 1580 2927 1627 et
2973 1573 3192 1628 honoris
3240 1573 3585 1639 desiderunn.

2000 1654 2093 1709 sed
2120 1663 2175 1709 et
2202 1655 2400 1712 decore
2440 1658 2763 1714 induebatur
2794 1663 3054 1730 vestibus,
3093 1673 3147 1721 et
3190 1665 3333 1721 domi
3377 1668 3591 1724 assiduo

1999 1744 2293 1813 habitabat,
2326 1764 2489 1819 seque
2531 1751 2688 1819 plane
2721 1752 3017 1821 perfectum
3055 1756 3371 1813 ostendebat
3398 1759 3449 1813 in
3490 1760 3589 1813 alia

2000 1838 2145 1893 omni
2193 1839 2390 1894 virtute
2425 1841 2609 1911 :quod
2651 1841 2983 1912 deSpiciebat
3024 1844 3278 1915 Cynicus,
3330 1847 3594 1919 intempe-

2002 1936 2181 1983 ranter
2206 1929 2392 1985 vivens
2420 1938 2487 1985 “et
2528 1931 2702 2000 palam
2732 1931 2987 1989 indecore
3032 1948 3091 1989 se
3135 1949 3331 2005 gerens
3374 1936 3476 2009 (α),
3522 1941 3591 1991 ah

2001 2019 2143 2073 inani
2167 2020 2333 2089 gloria
2365 2021 2641 2091 abreptus.
2677 2022 2733 2078 Si
2759 2024 2880 2093 quis
2907 2024 3051 2079 enim
3075 2034 3225 2095 roget
3247 2042 3345 2083 cur
3370 2028 3421 2082 in
3445 2028 3593 2084 dolio

2001 2111 2340 2179 habitaverit,
2372 2115 2578 2170 nullam
2606 2116 2764 2171 aliam
2793 2131 3008 2173 causam
3041 2120 3271 2176 inveniet
3300 2136 3459 2192 quam
3501 2138 3592 2176 va-

1999 2221 2121 2259 nam
2149 2206 2394 2276 gloriam.

2070 2296 2123 2350 5.
2176 2294 2319 2350 Vana
2348 2297 2513 2366 gloria
2541 2315 2675 2352 sava
2700 2300 2888 2354 bellua.
2906 2332 2978 2342 —
3002 2301 3199 2358 Paulus
3222 2314 3401 2359 autem
3429 2305 3590 2361 etiam

1998 2386 2236 2452 domum,
2266 2404 2425 2459 quam
2466 2389 2651 2445 Roma:
2686 2391 2977 2462 incolebat,
3026 2396 3277 2453 mercede
3313 2397 3591 2455 conduxit.

1998 2476 2329 2549 Quamquam
2370 2480 2460 2549 qui
2498 2479 2656 2547 longe
2706 2480 2926 2536 fortiora
2956 2493 3187 2551 poterat,
3224 2487 3393 2541 multo
3421 2489 3592 2558 magis

2002 2572 2102 2625 hoc
2128 2571 2409 2640 potuisset.
2436 2571 2541 2626 Sed
2572 2588 2677 2627 non
2702 2571 2996 2642 aspiciebat
3021 2574 3089 2629 ad
3116 2576 3364 2645 gloriam.
3394 2593 3591 2632 seram

1999 2664 2253 2731 belluam,
2282 2663 2611 2720 horrendum
2637 2665 2961 2732 daemonem,
2986 2676 3192 2735 pestem
3231 2668 3379 2721 orbis
3411 2679 3587 2736 ternr,

2000 2766 2321 2811 venenatam
2348 2758 2607 2825 viperam.
2640 2758 2793 2814 Sicut
2834 2760 2977 2813 enim
3017 2758 3103 2813 illa
3136 2760 3305 2815 bestia
3340 2760 3593 2818 dentibus

1998 2858 2208 2903 uterum
2231 2848 2418 2903 matris
2446 2850 2721 2920 discerpit,
2755 2852 2826 2906 ita
2854 2853 3017 2907 etiam
3044 2852 3148 2909 hoc
3172 2855 3359 2909 vitium
3384 2871 3581 2925 paren-

2000 2948 2104 2993 tem
2130 2939 2407 2994 dilacerat.
2437 2939 2718 2996 Undenam
2746 2957 2875 3011 ergo
2903 2943 3053 2998 vario
3079 2944 3203 3001 huic
3228 2948 3417 3003 morbo
3442 2948 3595 3004 iuve-

2000 3030 2143 3085 neris
2170 3030 2657 3086 medicamentum?
2679 3030 2736 3087 Si
2759 3047 2855 3086 eos
2884 3033 2973 3103 qui
3003 3034 3178 3103 ipsum
3207 3038 3594 3094 coneulcarunt

2000 3124 2051 3175 in
2075 3122 2309 3176 medium
2341 3121 2650 3189 adduxeris,
2683 3131 2736 3177 et
2764 3123 2830 3177 ad
2858 3123 3071 3179 illorum
3104 3125 3390 3196 imaginem
3421 3130 3594 3198 respi-

1997 3213 2166 3278 ciens,
2191 3214 2269 3268 sic
2298 3213 2456 3266 vitam
2483 3215 2876 3283 composueris.
2911 3214 3216 3270 Patriarcba
3244 3217 3387 3272 enim
3416 3219 3589 3274 Abra-

1998 3304 2160 3368 ham;
2194 3305 2289 3361 sed
2330 3320 2487 3360 nemo
2519 3304 2650 3359 mihi
2678 3306 2808 3360 vitio
2842 3315 3016 3361 vertat
3058 3307 3298 3378 ejusdem
3328 3312 3403 3365 rei
3432 3326 3590 3381 repe-

1999 3400 2261 3462 titionem,
2292 3402 2335 3452 si
2359 3414 2503 3467 saepe
2526 3400 2642 3467 ejus
2672 3407 2723 3453 et
2752 3398 2803 3452 in
2826 3398 3076 3455 omnibus
3104 3401 3453 3459 memininus.
3478 3404 3592 3459 Hoc

1998 3491 2138 3544 enim
2180 3499 2263 3545 est
2290 3491 2430 3560 quod
2460 3490 2610 3545 illum
2638 3505 2855 3561 quoque
2885 3491 3060 3545 reddit
3087 3493 3319 3549 maxime
3354 3495 3591 3550 admira-

2000 3582 2182 3657 bilem,
2216 3593 2269 3637 et
2298 3598 2392 3637 eos
2421 3584 2508 3651 qui
2540 3598 2644 3637 non
2678 3584 2850 3652 ipsum
2872 3583 3213 3650 aemulantur,
3238 3586 3384 3641 omni
3414 3588 3594 3657 privat

1992 3656 2171 3729 venia.
2222 3675 2355 3729 Nam
2386 3676 2428 3729 si
2459 3691 2581 3729 eum
2616 3675 2831 3744 quidem
2876 3675 2930 3730 in
2976 3687 3128 3744 parte
3156 3678 3356 3749 aliqua,
3391 3656 3443 3735 in
3487 3682 3589 3735 alia

1998 3775 2174 3820 autem
2207 3775 2358 3835 parte
2387 3766 2548 3819 alium
2593 3780 2652 3819 se
2696 3774 2843 3819 recte
2884 3766 3119 3835 gessisse
3164 3768 3587 3834 ostenderimus.

1996 3857 2193 3911 dixerit
2218 3857 2411 3925 aliquis
2448 3854 2671 3911 dilficile
2695 3871 2816 3911 esse
2852 3856 3062 3911 virtutis
3097 3860 3450 3923 exercitium;
3479 3877 3587 3917 non

1997 3963 2117 4002 esse
2156 3948 2299 4003 enim
2330 3947 2489 4003 facile
2523 3948 2701 4003 omnia
2744 3947 2901 4001 simul
2937 3957 3085 4003 recte
3122 3964 3330 4019 gerere,
3360 3967 3586 4021 quorum

1998 4047 2204 4107 partem
2234 4048 2541 4093 sanctorum
2572 4040 2764 4108 singuli
2790 4049 3075 4109 gesserunt
3105 4058 3118 4095 :
3146 4056 3268 4096 cum
3298 4052 3476 4097 autem
3510 4044 3591 4098 in-

1997 4130 2420 4183 veniatur-unus
2449 4138 2503 4183 et
2532 4129 2673 4184 idem
2714 4130 2893 4183 omnia
2923 4130 3189 4196 obtinere,
3222 4149 3381 4202 quam
3421 4134 3587 4190 habe—

1996 4220 2127 4275 bunt
2156 4220 2553 4275 excusationem
2595 4218 2685 4289 qui
2729 4228 2848 4287 post
2891 4219 3063 4289 legem
3106 4231 3158 4276 et
3205 4224 3430 4292 gratiam
3478 4241 3584 4279 non

1998 4322 2221 4380 possunt
2265 4311 2333 4365 ad
2369 4310 2614 4366 eamdem
2647 4312 2927 4381 pervenire
2967 4326 3299 4378 mensuram,
3328 4314 3395 4368 ad
3426 4330 3586 4385 quam

1996 4405 2085 4473 qui
2118 4404 2333 4458 fuerunt
2369 4414 2495 4458 ante
2526 4404 2696 4473 legem
2738 4413 2792 4457 et
2838 4403 3105 4472 gratiam?
3135 4404 3417 4471 Quomodo
3458 4423 3589 4477 ergo

1995 4494 2083 4548 hic
2133 4493 2437 4563 patriarcha
2489 4494 2627 4549 hanc
2686 4494 2914 4548 belluam
2976 4495 3104 4548 vicit
3156 4506 3207 4549 et
3271 4500 3587 4564 superavit,

1994 4586 2212 4656 quando
2255 4585 2355 4640 fuit
2382 4588 2429 4639 ei
2473 4586 2842 4640 controversia
2892 4599 3013 4639 cum
3064 4586 3173 4639 lilio
3202 4587 3425 4641 fratris?
3454 4589 3584 4643 Nam

1992 4694 2113 4732 cum
2146 4678 2323 4733 minor
2350 4678 2527 4748 portio
2556 4680 2602 4733 c‘i
2631 4676 2929 4746 obtigisset,
2970 4677 3019 4731 ei
3052 4676 3249 4745 primas
3274 4689 3453 4747 partes
3481 4696 3587 4735 non

1993 4778 2137 4823 esset
2164 4777 2506 4838 assequutus,
2550 4784 2655 4823 non
2699 4767 2890 4822 doluit.
2937 4765 3098 4822 Scitis
3136 4779 3315 4823 autem
3348 4770 3490 4839 quod
3534 4772 3586 4825 in

1993 4862 2074 4915 his
2104 4863 2264 4915 rebus
2303 4861 2537 4917 dedecus
2568 4871 2648 4917 est
2676 4861 2828 4929 pejus
2872 4860 3070 4915 damno
3102 4860 3166 4916 iis
3196 4862 3285 4930 qui
3330 4874 3456 4917 sunt
3485 4878 3587 4934 pu-

1992 4953 2095 5006 silli
2126 4952 2312 5018 animi,
2340 4964 2393 5008 ct
2418 4955 2647 5007 maxime
2667 4950 2883 5020 quando
2910 4953 3023 5022 ipse
3050 4953 3285 5006 omnium
3312 4953 3585 5019 dominus,

1992 5046 2129 5100 sicut
2161 5055 2287 5100 tunc
2313 5046 2423 5111 ille,
2468 5054 2522 5101 et
2564 5045 2651 5113 qui
2702 5046 2850 5114 prior
2882 5053 3118 5115 cteperat
3157 5044 3445 5110 honorare,
3476 5064 3587 5103 non

1991 5138 2226 5193 vicissim
2257 5140 2460 5192 honore
2486 5136 2736 5192 afficitur.
2776 5137 2882 5193 Sed
2914 5148 3091 5191 tamen
3122 5136 3253 5191 nihil
3296 5138 3487 5194 horum
3522 5139 3587 5193 il-

1991 5230 2100 5284 lum
2129 5229 2438 5296 momordit,
2484 5229 2578 5283 sed
2622 5238 2820 5285 etcum
2852 5228 3113 5284 secundas
3148 5228 3373 5286 haberet
3401 5241 3583 5302 partes

1992 5322 2087 5379 fuit
2111 5330 2421 5388 contentus,
2454 5330 2508 5377 et
2538 5322 2730 5393 injuria
2772 5321 2995 5376 allectus
3032 5336 3060 5375 a
3086 5321 3287 5391 juvene
3310 5338 3497 5389 senex,
3531 5334 3584 5380 et

1988 5424 2209 5484 patruus
2252 5427 2282 5466 a
2332 5412 2512 5468 fratris
2558 5414 2688 5477 tilio,
2722 5426 2827 5465 non
2877 5414 3185 5469 succensuit
3228 5429 3401 5485 neque
3440 5429 3581 5485 aegre

1989 5507 2127 5571 tulit,
2156 5505 2250 5561 sed
2281 5506 2531 5561 similiter
2554 5520 2676 5560 eum
2704 5504 2919 5559 amabat
2939 5513 2995 5561 et
3014 5506 3259 5562 curabat.
3285 5505 3492 5562 Rursus
3512 5522 3580 5562 ex

1989 5613 2179 5669 magno
2206 5598 2298 5653 illo
2323 5608 2375 5654 et
2408 5598 2628 5655 terribili
2660 5597 2800 5653 bello
2831 5607 2984 5668 parta
3006 5598 3249 5665 victoria,
3274 5599 3435 5670 vique
3459 5614 3583 5669 pro-

2050 5732 2121 5792 (α)
2155 5732 2273 5796 Qum
2300 5732 2379 5781 hic
2413 5732 2475 5780 do
2509 5731 2741 5796 Diogene
2764 5730 2943 5796 Cynico
2965 5730 3209 5796 feruntur,
3235 5731 3360 5796 apud
3386 5729 3586 5796 Dioge-

1988 5808 2104 5844 nem
2116 5795 2354 5847 Laertium
2379 5802 2427 5845 et
2452 5792 2704 5845 sexcentis
2728 5795 2781 5845 in
2799 5792 2905 5844 aliis
2931 5798 3155 5844 veterum
3181 5792 3301 5845 locis
3322 5792 3581 5845 habentur.
