4038 6216
514 311 622 369 303

519 427 748 498 pulsatis
773 432 826 480 et
848 421 1139 498 proﬂigatis
1168 421 1431 487 barbaris,
1463 421 1531 476 de
1553 421 1775 477 victoria
1803 435 1906 475 non
1931 422 2119 476 trium-

520 517 651 587 phat
690 534 785 570 nec
824 514 983 584 erigit
1013 522 1272 583 tropaeum
1300 534 1312 569 :
1345 512 1558 566 volebat
1587 512 1730 566 enim
1763 520 1966 565 tantum
2002 525 2118 565 ser-

519 622 667 668 vare.
716 621 821 661 non
868 621 928 661 se
978 613 1269 659 oswntare.
1320 602 1543 673 Excepit
1593 617 1776 657 rursus
1837 602 2113 670 hos-pius;

518 715 694 771 neque
736 700 822 755 hic
863 698 1009 752 inani
1051 697 1219 766 gloria
1260 695 1539 761 laboravit,
1572 696 1664 749 sed
1695 701 1749 750 et
1779 695 1892 765 ipse
1921 710 2113 748 occur-

517 790 674 846 rebat
714 800 771 845 et
816 788 1095 851 adorabat,
1127 802 1233 841 non
1280 796 1546 855 tamquam
1590 786 1723 840 dans
1768 786 2109 852 beneficium,

516 882 613 938 sed
643 890 913 951 tamquam
957 878 1218 934 beneficio
1257 877 1515 932 affectus:
1547 886 1601 932 et
1642 886 1797 931 vocat
1839 877 2108 941 dominos,

516 973 768 1028 nesciens
795 969 1008 1041 quidem
1038 969 1252 1039 quinam
1282 968 1657 1033 accessissent,
1685 976 1737 1022 et
1766 967 1883 1021 loco
1902 966 2111 1021 ancilla:

514 1065 794 1121 conSIituit
823 1078 1065 1118 uxorem.
1095 1060 1227 1116 Cum
1256 1072 1433 1115 autem
1471 1070 1633 1114 antea
1662 1060 1715 1113 in
1752 1060 1982 1130 Egypto
2012 1060 2108 1113 ad-

515 1153 780 1210 mirabilis
816 1152 1171 1222 apparuisset,
1208 1161 1261 1204 et
1306 1150 1446 1203 hanc
1489 1151 1657 1216 ipsam
1695 1165 1916 1203 uxorem
1956 1164 2109 1204 rece-

513 1248 702 1316 pisset,
738 1255 1049 1314 tantumque
1082 1250 1225 1296 esset
1253 1242 1512 1294 honorem
1553 1249 1936 1307 consequutus,
1969 1239 2108 1308 apud

512 1337 783 1391 neminem
812 1351 870 1389 se
898 1341 1163 1396 ostentat;
1205 1330 1297 1384 sed
1332 1330 1594 1399 indigenae
1624 1331 1839 1399 quidem
1867 1345 1987 1385 eum
2018 1346 2107 1384 re-

511 1444 635 1497 gem
664 1427 1029 1496 appellabant,
1056 1425 1169 1493 ipse
1193 1432 1371 1477 autem
1404 1424 1562 1477 solvit
1590 1424 1819 1493 pretium
1851 1424 2102 1493 sepulcri.

506 1522 643 1575 Cum
670 1528 850 1572 autem
879 1518 1113 1570 mitteret
1140 1515 1421 1580 famulum,
1447 1530 1667 1569 uxorem
1702 1515 1809 1569 filio
1838 1516 2103 1571 adductu-

508 1626 650 1676 rum,
681 1609 813 1662 nihil
846 1609 1006 1677 jussit
1042 1623 1288 1677 magnum
1331 1617 1421 1661 aut
1462 1607 1774 1674 praeclarum
1814 1607 1882 1662 de
1922 1624 1980 1661 sc
2020 1608 2104 1661 di-

506 1717 651 1764 cere,
691 1701 786 1755 sed
831 1700 1003 1754 solum
1037 1714 1289 1770 sponsam
1326 1698 1615 1751 adducere.
1664 1698 1753 1750 Vis
1784 1699 1942 1751 etiam
1976 1715 2104 1753 exa-

504 1793 717 1848 minare
745 1808 839 1847 eos
870 1792 959 1861 qui
983 1801 1132 1844 erant
1157 1790 1256 1844 sub
1280 1790 1471 1858 gratia,
1503 1788 1717 1857 quando
1747 1804 1841 1843 eos
1868 1791 2102 1858 undique

500 1885 912 1941 circumfluebat
951 1898 1141 1952 magna
1172 1882 1435 1934 doctrinm
1469 1880 1660 1948 gloria,
1688 1888 1743 1933 et
1772 1880 1956 1935 videre
1999 1881 2101 1937 hoc

503 1991 719 2046 quoque
751 1974 939 2028 vitium
970 1982 1095 2025 tunc
1126 1971 1354 2039 ejectum
1384 1982 1437 2024 et
1461 1970 1839 2023 eliminatum?

580 2066 736 2119 Pauli
764 2062 1191 2131 lana—Cogita
1224 2061 1349 2114 mihi
1380 2061 1521 2115 hunc
1550 2063 1722 2130 ipsum
1754 2064 1843 2131 qui
1876 2063 1988 2117 hzec
2018 2064 2099 2117 di-

501 2157 598 2222 cit,
636 2154 903 2223 quomodo
946 2168 1160 2224 semper
1201 2162 1368 2207 totum
1418 2154 1531 2208 Deo
1572 2153 1787 2215 tribuat,
1826 2157 2099 2223 quomodo

504 2260 723 2299 suorum
752 2244 966 2314 quidem
993 2254 1333 2314 peccatorum
1356 2243 1571 2296 assidue
1597 2244 1924 2309 meminerit,
1952 2254 2121 2301 recte

499 2346 680 2389 autem
727 2334 991 2390 factorum
1045 2349 1150 2387 non
1198 2334 1347 2386 item.
1379 2332 1485 2387 Sed
1532 2333 1575 2385 si
1609 2332 1821 2401 quando
1849 2345 2098 2403 oporteat

500 2429 773 2497 corrigere
801 2425 1093 2495 discipulos
1124 2434 1173 2479 et
1202 2432 1425 2492 cogatur
1464 2422 1567 2477 hoc
1596 2422 1793 2487 facere,
1829 2440 1948 2478 eam
1980 2443 2093 2479 rem

500 2530 655 2571 vocat
696 2516 1075 2586 insipientiam,
1111 2525 1168 2569 et
1193 2516 1354 2569 Petro
1394 2514 1594 2582 primas
1631 2513 1772 2566 cedit
1802 2530 1816 2564 :
1851 2529 1950 2568 nec
1975 2531 2098 2570 cru-

499 2608 674 2665 bescit
700 2610 911 2676 operari
940 2606 1083 2676 apud
1110 2604 1408 2659 Priscillam
1436 2612 1491 2657 et
1516 2602 1760 2671 Aquilam
1785 2604 1924 2673 (Act.
1961 2607 2051 2676 18)
2077 2627 2090 2663 :

402 2714 405 2717 '
496 2710 554 2754 et
582 2700 775 2767 ubique
802 2710 1025 2751 conatus
1052 2705 1135 2750 est
1161 2710 1219 2748 se
1247 2694 1535 2749 ostendere
1571 2696 1826 2750 lmmilcm
1863 2706 1917 2750 et
1943 2698 2092 2767 abje-

494 2798 663 2853 ctum,
696 2804 806 2841 non
854 2788 909 2841 in
956 2788 1071 2839 foro
1110 2787 1342 2855 superbe
1390 2787 1646 2841 incedens
1693 2803 1866 2858 neque
1911 2793 2094 2846 turbas

492 2878 907 2944 circumferens,
937 2878 1027 2932 sed
1054 2893 1113 2932 se
1140 2878 1381 2931 referens
1403 2879 1454 2931 in
1483 2894 1763 2934 numerum
1792 2896 1977 2935 eorum
2004 2884 2090 2952 qui

498 2981 623 3023 sunt
648 2970 863 3025 obscuri
887 2980 939 3024 et
971 2987 1075 3023 non
1111 2971 1367 3038 insignes.
1402 2970 1467 3023 Et
1505 2970 1625 3025 ideo
1658 2971 1899 3039 dicebat,
1941 2973 2085 3027 Prw.

492 3063 657 3117 tentia
683 3074 848 3116 autent
877 3062 1109 3129 corporis
1134 3070 1208 3112 est
1236 3060 1440 3127 inﬁrma
1464 3060 1539 3126 (2.
1566 3060 1685 3116 Cor.
1727 3064 1813 3118 10.
1848 3064 1958 3134 10),
1990 3065 2091 3119 hoc

491 3164 597 3220 est,
636 3152 1002 3223 despicienda.
1042 3162 1096 3204 et
1130 3166 1248 3219 qua:
1294 3150 1495 3202 nullam
1532 3150 1724 3206 habeat
1761 3153 1952 3208 fastum
1982 3172 1994 3218 ;
2038 3165 2093 3209 ct

493 3259 683 3299 rursus
713 3262 725 3295 :
762 3245 898 3312 Opto
924 3258 1009 3295 vos
1039 3241 1169 3294 nihil
1205 3242 1327 3293 ntali
1353 3245 1537 3310 facere,
1570 3259 1631 3295 ne
1661 3260 1752 3297 nos
1792 3246 1988 3313 probati
2018 3252 2093 3301 vi-

488 3335 706 3388 deamur
734 3332 809 3403 (2.
846 3331 964 3386 Cor.
1005 3331 1088 3385 l3.
1124 3332 1197 3398 7).
1231 3332 1295 3384 lit
1323 3330 1447 3399 quid
1480 3334 1697 3395 mirum,
1736 3335 1779 3387 si
1822 3336 1957 3391 hunc
1989 3338 2086 3393 de-

492 3428 653 3497 spicit
703 3425 975 3496 gloriam?
1008 3423 1106 3491 Qui
1138 3424 1283 3485 enim
1312 3438 1598 3492 supernam
1641 3424 1782 3478 illam
1839 3428 2086 3496 despicit,

499 3528 558 3571 ut
586 3529 638 3572 et
667 3532 888 3587 regnum
936 3524 991 3569 et
1034 3514 1358 3585 gehennam,
1390 3514 1683 3568 secundum
1729 3517 1929 3574 Christi
1977 3521 2088 3588 pla-

484 3611 654 3665 citum
690 3612 866 3679 (optat
915 3605 1058 3660 enim
1087 3621 1208 3660 esse
1258 3606 1541 3660 anathema
1588 3623 1616 3661 a
1664 3607 1879 3663 Christo
1904 3606 2083 3681 [Ro‘m.

494 3700 543 3755 9.
578 3702 611 3755 ὅ
637 3698 657 3771 ]
688 3714 783 3768 pro
828 3698 1026 3753 Christi
1065 3696 1235 3766 gloria
1266 3713 1277 3747 :
1313 3712 1435 3749 nam
1481 3698 1691 3752 etiamsi
1742 3715 1837 3768 pro
1884 3700 2086 3757 Iudaeis

489 3792 596 3846 huc
624 3806 682 3845 se
712 3788 855 3844 dicat
881 3788 1019 3841 velle
1040 3787 1169 3855 pati,
1204 3786 1307 3839 hoc
1336 3786 1485 3850 dicit,
1514 3802 1583 3842 ne
1623 3789 1739 3857 quis
1765 3790 1959 3845 stultus
1990 3808 2085 3860 pu-

490 3891 571 3937 tet
598 3881 772 3948 ipsum
812 3877 1202 3946 promissioncs
1239 3876 1341 3928 illis
1389 3875 1554 3931 factas
1590 3878 1689 3931 sibi
1721 3880 1956 3947 sumere)
1990 3899 2004 3934 :
2038 3884 2084 3938 si

489 3971 582 4025 ille
612 3985 742 4039 ergo
771 3977 989 4037 paratus
1029 3974 1144 4020 erat
1177 3981 1238 4021 ea
1273 3968 1566 4035 prmterire,
1606 3968 1732 4038 quid
1775 3972 2006 4037 miraris,
2039 3974 2082 4027 si

492 4061 727 4116 humana
755 4060 1022 4129 despicit?
1051 4059 1155 4115 Sed
1202 4074 1296 4114 eos
1321 4059 1412 4131 qui
1445 4076 1588 4114 nunc
1616 4070 1742 4115 sunt
1766 4061 2086 4134 demergunt

486 4155 693 4219 omnia,
725 4168 831 4206 non
863 4153 1039 4207 solum
1078 4152 1265 4221 gloria:
1310 4153 1595 4221 cupiditas,
1626 4154 1721 4209 sed
1760 4156 1920 4209 etiam
1952 4171 2084 4209 con-

490 4246 734 4307 trarium,
767 4242 1092 4298 contumelia
1133 4250 1188 4295 et
1228 4253 1406 4296 metus
1450 4242 1702 4298 infamim.
1754 4244 1885 4300 Nam
1936 4256 1991 4300 et
2037 4247 2083 4300 si

484 4336 752 4405 quispiam
785 4335 1103 4399 laudaverit,
1143 4333 1482 4395 intumescis,
1512 4342 1566 4387 et
1607 4334 1652 4386 si
1682 4334 2079 4403 vituperaverit,

484 4428 831 4495 deprimeris.
880 4426 947 4480 Et
991 4426 1128 4480 sicut
1172 4439 1397 4494 corpora
1442 4423 1708 4478 imbecilla
1739 4422 2083 4481 offenduntur

488 4520 572 4574 vel
596 4534 625 4573 a
652 4518 1000 4589 quibuslibet,
1033 4536 1103 4571 na
1129 4518 1289 4570 etiam
1319 4515 1521 4585 pusillae
1543 4523 1598 4570 et
1617 4513 1843 4583 abjecta:
1863 4515 2077 4570 animae.

488 4590 773 4665 Eos\cnim
801 4609 890 4679 qui
925 4618 1048 4662 sunt
1078 4606 1401 4672 huiusmodi,
1433 4621 1537 4661 non
1568 4606 1741 4659 solum
1769 4616 2078 4677 paupertas,

491 4700 587 4756 sed
625 4702 787 4756 etiam
821 4701 1020 4753 divitim
1051 4700 1321 4767 perdunt;
1363 4713 1467 4751 non
1504 4698 1715 4752 tristitia
1746 4700 1942 4764 solum,
1985 4701 2079 4755 sed

487 4791 651 4845 etiam
698 4790 970 4859 gaudium,
1003 4799 1057 4842 et
1100 4804 1217 4856 qutn
1266 4798 1391 4840 sunt
1434 4788 1672 4855 jucunda
1721 4792 1891 4859 magis
1920 4807 2080 4861 quam

488 4899 610 4953 quae
650 4886 839 4937 tristia.
882 4881 1009 4936 Nam
1046 4890 1329 4950 paupertas
1357 4878 1572 4949 quidem
1610 4881 1753 4949 cogit
1791 4896 1911 4937 esse
1950 4893 2083 4937 tem—

488 4986 803 5048 perantem;
834 4975 1032 5029 divitiae
1059 4983 1234 5027 autem
1265 4987 1407 5040 saepe
1436 4970 1670 5026 educunt
1697 4972 1854 5025 etiam
1884 4975 1947 5027 ad
1979 4975 2080 5028 alio

492 5070 636 5141 quod
682 5084 933 5138 magnum
972 5067 1191 5120 malum.
1244 5068 1301 5119 Et
1350 5066 1488 5119 sicut
1527 5064 1619 5133 qui
1658 5062 1977 5132 febricitant,
2016 5066 2083 5121 ab

489 5160 739 5216 onmibus
769 5157 1109 5225 offenduntur
1138 5174 1150 5209 :
1178 5157 1245 5210 ita
1278 5156 1363 5224 qui
1393 5162 1517 5208 sunt
1544 5154 1724 5207 animo
1752 5165 2005 5225 corrupto
2028 5168 2080 5211 et

490 5250 789 5317 depravata
820 5292 834 5312 ,
911 5247 1176 5301 lwduntur
1198 5244 1264 5298 ab
1295 5246 1562 5299 omnibus.

560 5343 613 5394 6.
636 5339 956 5395 Christianus
976 5336 1225 5406 quomodo
1254 5335 1382 5405 aﬁici
1412 5336 1586 5390 debeat
1614 5351 1733 5405 erga
1756 5338 2077 5405 temporalia.

492 5435 675 5488 Anima
718 5432 969 5501 quomodo
1012 5430 1260 5483 curanda.
1294 5427 1519 5481 Diviluut
1564 5430 1703 5482 mala
1747 5429 2081 5482 conditio.—

491 5525 617 5577 llaec
646 5537 777 5591 ergo
802 5537 920 5576 cum
948 5522 1179 5575 sciamus
1199 5562 1214 5588 ,
1247 5536 1314 5575 ne
1359 5519 1623 5591 fugiamus
1669 5531 2033 5590 paupertatem
2062 5561 2077 5585 ,

488 5630 660 5687 neque
686 5613 1013 5667 admiremur
1044 5612 1286 5677 divitias;
1318 5613 1411 5667 scd
1441 5614 1675 5667 animum
1710 5613 1778 5666 ita
1802 5626 2080 5681 compare-

488 5724 605 5765 nus
644 5715 702 5763 ut
737 5706 805 5762 sit
844 5715 998 5777 aptus
1026 5712 1087 5761 bl
1123 5704 1347 5761 idoneus
1376 5703 1442 5760 ad
1470 5705 1665 5760 omnia.
1694 5703 1824 5760 Nam
1852 5704 1939 5775 qui
1971 5702 2071 5757 du-

1264 306 1322 362 8.
1362 305 1639 363 JOANNIS
1675 303 2145 363 CHRYSOSTOMI
2184 303 2509 363 ARCHIEP.
2547 306 3082 368 CONST‘ANTINOP.

3714 328 3817 385 301

2226 435 2371 474 mum
2398 418 2649 487 aedificat,
2683 437 2789 475 non
2818 438 2884 477 eo
2912 434 3141 493 spectat,
3170 437 3227 480 ut
3268 428 3320 482 in
3357 444 3477 485 eam
3518 449 3622 489 non
3662 441 3816 496 cadat

2222 510 2419 578 pluvia,
2441 525 2614 579 neque
2642 520 2698 565 ut
2725 511 2791 565 ad
2818 528 2934 566 eam
2964 529 3069 567 non
3097 517 3276 572 veniat
3304 519 3519 587 radius;
3545 524 3648 582 hoc
3671 532 3814 586 enim

2222 600 2337 653 lieri
2359 601 2571 669 nequit;
2589 602 2684 656 sed
2704 610 2761 655 ut
2776 602 2843 655 ad
2861 604 3040 658 omnia
3062 603 3279 662 ferenda
3300 622 3421 679 apta
3444 614 3512 667 sit
3528 626 3583 670 et
3600 617 3812 676 idonea.

2222 687 2288 741 Et
2313 690 2404 757 qui
2436 706 2626 745 navem
2657 691 2968 759 fabricatur,
3002 708 3109 748 non
3135 695 3185 749 id
3215 708 3367 754 curat
3398 710 3451 756 ut
3482 704 3536 758 in
3563 722 3680 760 eam
3710 726 3817 765 non

2219 777 2516 848 irrumpant
2538 780 2752 848 ﬂuetus,
2778 797 2952 852 neque
2976 792 3035 839 ut
3059 798 3163 839 non
3193 789 3453 845 excitetur
3479 798 3644 851 maris
3681 810 3817 854 tem-

2218 881 2431 938 pestas;
2475 873 2578 927 hoc
2604 874 2746 927 enim
2776 874 2890 928 ﬁeri
2922 876 3140 945 nequit;
3172 878 3268 933 sed
3299 889 3355 934 ut
3385 886 3535 940 navis
3578 890 3815 946 tabulata

2216 970 2335 1032 apta
2366 964 2476 1018 sint
2501 963 2567 1018 ad
2596 965 2797 1019 omnia.
2827 964 3036 1022 Rursus
3065 969 3154 1038 qui
3179 985 3361 1025 curam
3386 977 3524 1043 gerit
3548 984 3811 1050 corporis,

2217 1068 2323 1107 non
2350 1069 2417 1108 eo
2443 1064 2651 1123 spectat
2677 1065 2733 1109 ut
2759 1070 2865 1111 non
2896 1059 2967 1111 sit
2993 1061 3132 1114 aeris
3173 1064 3505 1132 inzequalitas
3534 1079 3588 1123 et
3618 1072 3810 1127 intem-

2216 1144 2411 1210 peries,
2432 1144 2527 1198 sed
2551 1153 2607 1199 ut
2626 1160 2821 1215 corpus
2843 1149 3020 1201 omnia
3044 1148 3163 1204 haec
3184 1150 3339 1207 facile
3364 1153 3517 1210 ferat.
3542 1157 3629 1213 Sic
3651 1163 3812 1217 etiam

2215 1235 2473 1292 faciamus
2501 1240 2553 1293 in
2584 1242 2783 1306 anima,
2804 1252 2860 1295 et
2888 1244 3124 1299 studium
3157 1263 3438 1315 ponamus,
3469 1268 3573 1307 non
3605 1266 3658 1308 ut
3684 1270 3816 1324 pau-

2214 1337 2476 1397 pertatem
2522 1330 2799 1401 fugiamus,
2834 1350 3007 1404 neque
3046 1347 3103 1390 ut
3144 1340 3311 1395 simus
3354 1342 3569 1413 divites,
3618 1348 3714 1401 sed
3756 1359 3817 1404 ut

2212 1423 2634 1493 unumquodque
2662 1439 2728 1478 ex
2763 1426 2826 1480 iis
2854 1427 2923 1479 ita
2955 1436 3247 1485 tractemus
3268 1473 3283 1498 ,
3321 1443 3377 1487 ut
3406 1435 3457 1488 in
3491 1444 3604 1490 tuto
3639 1440 3815 1495 collo.

2210 1526 2417 1566 cemur.
2462 1514 2749 1583 Propterea
2778 1515 2861 1571 his
2888 1517 3148 1581 dimissis,
3178 1528 3231 1575 et
3258 1523 3460 1578 divitiis
3490 1535 3545 1580 et
3577 1542 3813 1597 pauper-

2212 1605 2302 1657 tati
2352 1614 2529 1672 aptam
2583 1606 2882 1661 efliciamus
2932 1610 3186 1663 animam.
3242 1611 3375 1667 Nam
3422 1618 3628 1672 etiamsi
3678 1622 3811 1675 nihil

2210 1697 2426 1750 humani
2459 1697 2701 1761 accidat,
2734 1699 2875 1765 quod
2904 1700 3119 1767 quidem
3153 1713 3209 1756 ut
3243 1705 3526 1771 plurimum
3557 1709 3670 1765 fieri
3704 1728 3811 1768 nou

2209 1795 2421 1855 potest,
2460 1789 2537 1840 sic
2582 1802 2793 1856 quoque
2834 1789 2936 1843 erit
2979 1790 3169 1844 melior
3199 1794 3288 1861 qui
3322 1811 3427 1849 non
3454 1802 3643 1863 quaerit
3670 1802 3814 1855 divi-

2209 1878 2341 1945 tias,
2365 1878 2459 1932 sed
2490 1879 2667 1931 omnia
2701 1877 2855 1932 facile
2884 1888 3060 1949 potest
3084 1879 3227 1936 ferre
3247 1922 3261 1946 ,
3292 1900 3450 1953 quam
3485 1886 3531 1940 is
3557 1889 3645 1957 qui
3668 1905 3816 1946 sem-

2207 1983 2301 2037 per
2330 1979 2413 2023 cst
2443 1968 2612 2023 dives.
2660 1970 2881 2035 Quare?
2930 1970 3168 2026 Primum
3201 1973 3438 2042 quidem,
3472 1981 3560 2048 qui
3593 1991 3675 2036 est
3705 1984 3811 2038 hu-

2199 2060 2432 2128 jusmodi
2456 2102 2469 2122 ,
2492 2079 2556 2114 ex
2589 2075 2647 2114 se
2673 2069 2729 2115 et
2755 2062 2895 2129 apud
2925 2078 2984 2117 se
3012 2064 3172 2119 habet
3197 2068 3336 2136 quod
3366 2070 3438 2123 sit
3467 2072 3518 2125 in
3553 2082 3686 2141 tuto,
3718 2077 3811 2134 ille

2204 2159 2380 2203 autem
2423 2150 2780 2205 extrinsecus.
2825 2153 2893 2207 Et
2929 2154 3071 2209 sicut
3095 2156 3254 2212 miles
3280 2159 3370 2215 ille
3399 2164 3588 2219 melior
3612 2177 3695 2221 cst
3717 2173 3809 2239 qui

2202 2241 2426 2295 confidit
2456 2242 2671 2312 corpori
2699 2253 2754 2297 et
2783 2243 2886 2298 arti
2916 2245 3138 2312 bellicae,
3164 2264 3323 2318 quam
3351 2258 3440 2321 qut
3468 2256 3641 2310 solum
3665 2260 3809 2316 vires

2203 2331 2361 2387 habet
2391 2333 2442 2386 in
2467 2333 2669 2387 armis:
2702 2335 2773 2387 ita
2798 2335 2890 2403 qui
2934 2350 2965 2388 a
3007 2336 3202 2393 virtute
3243 2350 3427 2409 septus
3476 2354 3558 2398 est
3598 2355 3652 2399 ct
3689 2364 3809 2403 mn-

2202 2424 2364 2487 nitus,
2400 2423 2593 2477 melior
2619 2434 2702 2477 est
2732 2438 2798 2477 eo
2837 2425 2926 2493 qui
2967 2427 3194 2481 conlidit
3219 2432 3476 2497 pecuniis.
3512 2433 3761 2491 Secundo
3787 2481 3803 2506 ,

2201 2514 2341 2583 quod
2383 2514 2591 2568 etiamsi
2635 2515 2687 2569 in
2730 2525 3105 2585 paupertatem
3130 2534 3234 2574 non
3266 2520 3530 2586 inciderit,
3557 2526 3670 2581 ﬁeri
3696 2544 3803 2585 non

2200 2613 2376 2673 potest
2403 2615 2461 2659 ut
2488 2605 2605 2675 ipse
2632 2620 2736 2659 non
2766 2608 2835 2659 sit
2860 2608 3123 2663 obnoxius
3148 2614 3536 2679 perturbationi
3565 2636 3577 2670 :
3606 2621 3802 2674 nndtos

2199 2699 2341 2751 enim
2389 2697 2583 2751 ﬂuctus
2623 2705 2677 2751 et
2717 2698 3150 2766 perturbationes
3200 2702 3397 2757 habent
3439 2705 3659 2762 divitiae.
3693 2711 3800 2765 Sed

2200 2802 2306 2840 non
2334 2788 2503 2840 virtus
2535 2806 2547 2841 :
2580 2787 2693 2842 hare
2723 2790 3051 2858 voluptatem
3084 2792 3245 2846 modo
3274 2794 3436 2849 habet
3461 2808 3513 2851 et
3541 2802 3801 2856 securita-

2197 2884 2306 2930 tem
2337 2894 2349 2929 :
2383 2877 2848 2947 inexpugnabilem
2872 2881 3013 2934 enim
3041 2881 3217 2937 reddit
3240 2884 3645 2943 insidiantibus:
3669 2906 3800 2946 con-

2199 2976 2277 3020 tra
2303 2976 2479 3021 autem
2503 2968 2722 3032 divitize,
2751 2981 2804 3022 et
2831 2968 3176 3026 facileinvadi
3200 2986 3421 3042 possunt
3441 2978 3700 3048 etabripi.
3734 2983 3801 3036 Et

2196 3058 2334 3111 sicut
2360 3060 2498 3113 inter
2526 3060 2775 3114 animalia
2803 3064 2947 3116 cervi
2974 3072 3027 3117 et
3057 3064 3267 3132 lepores
3295 3067 3526 3123 maxime
3553 3073 3797 3128 omnium

2199 3149 2352 3204 facile
2381 3149 2499 3218 capi
2533 3159 2765 3217 possunt
2787 3164 3007 3222 propter
3029 3154 3368 3211 timiditatem
3395 3174 3423 3211 a
3452 3171 3636 3215 natura
3668 3165 3800 3221 insi-

2198 3249 2303 3292 tam
2329 3257 2344 3304 ;
2392 3256 2522 3308 aper
2550 3252 2729 3297 autem
2759 3252 2815 3296 et
2846 3252 3029 3299 taurus
3057 3256 3112 3300 et
3141 3246 3225 3301 leo
3258 3264 3361 3302 non
3393 3249 3547 3306 facile
3595 3254 3801 3311 incide-

2194 3332 2300 3385 rint
2330 3334 2381 3385 in
2414 3333 2759 3387 insidiatores
2784 3353 2796 3387 :
2825 3336 2891 3387 ita
2921 3337 3085 3389 etiam
3115 3338 3297 3394 videre
3327 3351 3410 3396 est
3439 3345 3488 3396 in
3516 3344 3795 3414 divitibus,

2195 3431 2248 3473 et
2272 3422 2321 3474 in
2350 3422 2413 3474 iis
2438 3424 2525 3491 qui
2549 3438 2643 3476 sua
2666 3433 2859 3493 sponte
2880 3424 3080 3496 degunt
3106 3428 3159 3481 in
3185 3441 3517 3500 paupertate.
3546 3433 3678 3489 Nam
3708 3437 3797 3494 hic

2193 3510 2408 3579 quidem
2438 3511 2629 3567 similis
2658 3522 2742 3568 est
2771 3514 2911 3569 leoni
2945 3524 2999 3570 et
3028 3525 3200 3586 tauro,
3228 3520 3318 3575 ille
3344 3531 3523 3577 autem
3552 3539 3712 3581 cervo
3737 3539 3797 3584 et

2192 3602 2383 3672 lepori.
2414 3602 2584 3669 Quem
2613 3605 2754 3659 enim
2787 3622 2891 3660 non
2924 3608 3075 3663 timet
3102 3608 3295 3666 dives?
3323 3628 3501 3669 annon
3530 3616 3794 3687 latrones,

2191 3708 2368 3746 annon
2408 3696 2676 3765 principes
2701 3737 2716 3763 ,
2762 3712 2943 3752 annon
2972 3699 3220 3767 invidos,
3273 3718 3451 3760 annon
3496 3708 3795 3766 calumnia-

2193 3785 2376 3838 tores?
2435 3786 2501 3839 Et
2568 3786 2694 3856 quid
2752 3787 2873 3841 dico
2927 3789 3164 3846 latrones
3220 3802 3275 3849 et
3338 3797 3792 3871 calumniatores,

2189 3888 2312 3929 cum
2380 3876 2525 3943 ipsos
2580 3878 2741 3931 etiam
2801 3879 3027 3935 famulos
3080 3880 3273 3937 habeat
3334 3892 3658 3955 suspectos?
3722 3893 3794 3948 Et

2189 3966 2314 4035 quid
2342 3967 2463 4020 dico
2491 3969 2642 4021 vivus
2661 3969 2685 4017 Ἰ
2713 3983 2777 4021 ne
2804 3984 3048 4024 mortuus
3086 3972 3303 4040 quidem
3349 3976 3487 4031 liber
3511 3989 3593 4033 cst
3619 3996 3647 4035 a
3677 3999 3793 4038 ma-

2191 4056 2366 4109 leficio
2394 4057 2679 4119 latronum,
2709 4072 2881 4126 neque
2912 4073 3060 4114 mors
3087 4076 3208 4115 eum
3237 4074 3413 4134 potest
3445 4068 3498 4122 in
3527 4077 3639 4125 tuto
3664 4075 3785 4127 col-

2192 4145 2408 4209 locare;
2441 4145 2534 4199 sed
2566 4156 2619 4200 et
2652 4157 2921 4203 mortuum
2946 4151 3324 4220 deprredantur
3356 4159 3587 4215 malefici
3614 4179 3626 4215 :
3650 4163 3791 4219 adeo

2190 4235 2455 4290 instabilis
2475 4246 2528 4291 et
2550 4237 2753 4294 lubrica
2787 4255 2873 4293 res
2904 4252 3028 4294 sum
3054 4241 3409 4302 divitire.Non
3437 4250 3610 4305 solum
3637 4252 3789 4309 enim

2191 4327 2561 4398 perfodiuntur
2589 4330 2799 4395 domus,
2823 4332 2915 4386 sed
2948 4335 3109 4388 etiam
3136 4338 3384 4405 sepulcra
3419 4357 3785 4411 perrumpun-

2190 4426 2276 4473 tur
2317 4428 2372 4475 et
2414 4419 2594 4472 loculi.
2628 4420 2766 4485 Quid
2798 4436 2927 4490 ergo
2958 4422 3038 4475 his
3068 4423 3183 4478 fieri
3216 4429 3450 4493 potuerit
3495 4433 3745 4491 miserius
3767 4478 3783 4501 ,

2187 4525 2309 4563 eum
2337 4524 2405 4563 ne
2436 4524 2581 4563 mors
2607 4509 2822 4579 quidem
2865 4511 2914 4565 ei
2962 4511 3102 4567 hanc
3128 4515 3366 4583 praebeat
3394 4522 3737 4579 securitatem
3766 4544 3783 4589 ;

2189 4601 2285 4656 sed
2322 4600 2507 4656 infelix
2559 4602 2687 4656 illud
2716 4618 2916 4672 corpus
2941 4646 2956 4671 ,
2992 4620 3059 4660 ne
3089 4606 3195 4661 vita
3222 4610 3441 4679 quidem
3483 4615 3747 4683 privatum
3767 4660 3783 4684 ,

2188 4707 2218 4747 a
2264 4691 2418 4745 malis
2444 4708 2561 4762 quae
2604 4702 2732 4749 sunt
2773 4696 2822 4748 in
2852 4694 2957 4749 vita
3002 4698 3071 4751 sit
3108 4698 3433 4767 liberatum;
3473 4720 3595 4761 cum
3625 4707 3658 4761 ii
3689 4711 3787 4777 qui

2190 4799 2251 4838 ea
2296 4782 2586 4841 admittunt
2631 4787 2926 4853 maleficia,
2971 4792 3132 4843 etiam
3186 4806 3308 4846 cum
3356 4796 3576 4862 pulvere
3616 4809 3669 4854 ct
3709 4803 3790 4855 ci-

2190 4892 2319 4933 nere
2364 4878 2695 4934 contendant
2747 4881 2945 4935 bellum
2994 4896 3211 4949 gerere,
3248 4894 3304 4938 et
3349 4888 3520 4943 multo
3565 4893 3786 4959 gravius

2188 4983 2347 5037 quam
2370 4986 2491 5025 cum
2519 4972 2761 5025 viveret?
2788 4969 2919 5024 Nam
2952 4980 3075 5025 tunc
3100 4971 3315 5041 quidem
3358 4982 3669 5045 penuarimn
3695 4983 3787 5037 iu-

2188 5063 2512 5131 gredientes,
2542 5064 2751 5119 arcuias
2782 5064 2997 5131 quidem
3028 5065 3338 5133 movebant,
3370 5084 3400 5123 a
3431 5087 3660 5143 corpore
3687 5092 3789 5131 au-

2190 5164 2292 5208 tem
2348 5153 2726 5217 abstinebant,
2760 5168 2933 5221 neque
2980 5161 3085 5207 tam
3135 5157 3299 5212 multa
3348 5162 3681 5230 accipiebant
3726 5178 3787 5221 ut

2188 5244 2362 5311 ipsum
2394 5248 2555 5298 etiam
2583 5260 2777 5314 corpus
2810 5244 3071 5301 nudarent
3106 5268 3118 5303 :
3153 5267 3299 5306 nunc
3325 5262 3502 5308 autem
3530 5270 3595 5308 nc
3624 5258 3690 5308 ab
3721 5258 3787 5314 iis

2188 5334 2404 5403 quidem
2453 5336 2725 5390 abstinent
2770 5340 3114 5394 exsecranda:
3142 5358 3335 5396 manus
3362 5359 3549 5398 eorum
3580 5345 3671 5414 qui
3695 5360 3787 5402 se-

2187 5427 2369 5495 pulcra
2418 5426 2679 5481 effodiunt
2703 5466 2718 5491 ,
2751 5428 2844 5481 sed
2880 5430 3051 5498 ipsum
3101 5444 3320 5488 movent
3349 5445 3402 5489 et
3447 5444 3695 5500 versant,
3731 5450 3789 5494 et

2188 5537 2309 5575 cum
2338 5536 2544 5575 summa
2577 5520 2891 5575 crudelitate
2938 5523 3109 5591 ipsum
3154 5529 3477 5582 contumelia
3506 5536 3559 5581 et
3584 5528 3787 5596 probro

2188 5612 2448 5666 afficiunt.
2480 5611 2609 5665 Nam
2644 5625 2923 5681 postquam
2959 5623 3115 5670 terra:
3143 5618 3449 5672 mandatum
3481 5615 3577 5672 fuit
3600 5655 3618 5685 ,
3651 5619 3785 5676 illud

2192 5703 2352 5759 etiam
2384 5702 2606 5759 vestium
2647 5704 2843 5761 amictu
2882 5705 3135 5763 nudatum
3164 5709 3239 5765 sic
3272 5711 3447 5767 sinunt
3478 5709 3780 5781 projectum
