4038 6216
248 407 355 466 ωε

247 522 449 592 facere.
464 518 594 588 Quis
611 526 693 573 est
710 530 839 587 ergo
857 512 1056 571 divitiis
1071 509 1244 583 major
1255 511 1442 577 hostis,
1463 526 1582 581 quae
1596 510 1839 565 vivorum

249 612 465 683 quidem
485 609 712 682 perdunt
726 607 979 671 animam,
1000 612 1328 660 mortuorum
1346 610 1524 657 autem
1541 602 1699 656 etiam
1724 616 1842 655 cor-

252 717 352 774 pus
376 702 571 773 probro
588 709 644 757 et
661 697 984 756 contumelia
1006 694 1265 761 afﬁciunt,
1288 702 1344 748 et
1365 707 1430 748 ne
1463 701 1602 748 terra
1624 692 1840 763 quidem

254 796 355 865 tegi
381 792 734 865 permittunt?
754 789 897 863 quod
923 788 1136 859 quidem
1159 796 1242 842 est
1274 801 1559 841 commune
1578 793 1634 841 et
1668 785 1732 839 iis
1752 784 1839 854 qui

248 897 377 944 sunt
408 885 772 947 condemnati,
808 892 862 939 et
895 898 1075 938 rerum
1130 881 1554 952 turpissimarum
1589 878 1839 933 convicti.

248 979 382 1036 Nam
399 995 525 1035 cum
540 979 608 1034 de
626 978 732 1032 illis
743 976 956 1048 quidem
975 974 1358 1046 pteuaseapitis
1378 972 1672 1039 exegerint,
1688 972 1844 1043 legis-

249 1069 450 1125 latores
473 1069 602 1125 nihil
632 1068 858 1123 ulterius
884 1066 1159 1135 inquirunt
1183 1084 1195 1118 :
1232 1064 1299 1117 ab
1328 1064 1408 1118 his
1433 1073 1610 1118 autem
1645 1063 1842 1117 divitia:

246 1172 373 1234 post
398 1171 623 1218 mortem
648 1174 834 1230 poenas
850 1158 1193 1229 gravissimas
1213 1156 1451 1225 exigunt,
1474 1155 1645 1210 nudos
1680 1170 1844 1225 expo-

248 1266 440 1310 nentes
462 1265 515 1310 et
544 1252 859 1323 insepultos,
886 1248 1242 1320 Spectaculum
1260 1263 1421 1318 grave
1434 1257 1487 1302 et
1520 1247 1841 1303 miserabile.

249 1344 313 1401 Hi
336 1346 476 1400 enim
498 1343 747 1415 graviora
768 1342 962 1407 ferunt,
988 1356 1147 1411 quam
1170 1340 1226 1401 ii.
1251 1341 1337 1410 qui
1359 1341 1407 1395 id
1428 1339 1843 1409 patiunturajn-

248 1435 382 1492 dicis
394 1436 601 1491 calculo
629 1446 683 1490 et
705 1436 803 1489 ira.
827 1432 959 1489 Nam
981 1432 1053 1486 illi
1079 1431 1293 1501 quidem
1319 1445 1439 1485 cum
1472 1445 1577 1485 uno
1603 1440 1655 1485 et
1676 1432 1845 1485 altero

248 1529 339 1585 die
359 1528 655 1584 manserint
672 1525 935 1595 insepulti,
962 1534 1115 1577 terra:
1132 1523 1483 1577 mandantur:
1506 1522 1556 1576 hi
1580 1538 1707 1577 vero
1724 1539 1842 1577 cum

251 1632 411 1677 terrae
453 1620 689 1676 mandati
724 1618 941 1682 fuerint,
988 1628 1111 1671 tunc
1143 1617 1429 1681 nudantur,
1458 1616 1761 1685 probroque
1790 1625 1844 1670 et

248 1712 572 1767 contumelia
594 1710 919 1764 afficiuntur.
942 1708 1094 1776 Quod
1117 1708 1162 1762 si
1186 1722 1290 1761 non
1312 1707 1472 1761 etiam
1495 1718 1649 1777 rapto
1670 1707 1844 1760 loculo

249 1805 508 1863 recedunt
534 1805 801 1865 latrones,
826 1800 893 1855 de
923 1814 987 1856 eo
1015 1815 1119 1854 non
1150 1799 1351 1854 divitiis
1370 1841 1384 1861 ,
1414 1798 1505 1853 sed
1548 1798 1843 1867 paupertati

250 1909 379 1953 sunt
406 1897 670 1953 habendae
698 1896 883 1967 gratia:
914 1913 928 1949 :
963 1895 1075 1964 ipsa
1127 1894 1270 1948 enim
1304 1891 1452 1945 illum
1501 1891 1679 1961 eripit.
1712 1889 1843 1944 Nam

248 1990 296 2044 si
344 1987 469 2045 eum
519 1989 979 2044 commisissemus
1016 1984 1237 2051 divitiis,
1292 1992 1347 2039 et
1398 1999 1502 2037 non
1551 1997 1616 2037 ex
1672 1982 1846 2053 lapide

250 2079 748 2134 construxissemus
776 2092 921 2143 eum,
950 2072 1044 2130 sed
1068 2089 1131 2129 ex
1158 2087 1311 2139 auro,
1335 2088 1456 2126 eum
1484 2087 1697 2143 quoque
1727 2087 1848 2141 per-

250 2170 595 2225 didissemus.
648 2168 798 2222 Adeo
829 2166 992 2220 inﬁda
1045 2178 1133 2219 res
1164 2172 1286 2216 sunt
1334 2162 1556 2228 divitiar,
1611 2173 1843 2217 nectam

250 2272 377 2316 sunt
404 2276 591 2315 eorum
616 2259 707 2329 qui
751 2258 968 2322 habent,
991 2270 1151 2326 quam
1181 2270 1365 2309 eorum
1395 2255 1483 2323 qui
1533 2269 1718 2323 rapere
1747 2270 1841 2323 ag-

250 2354 589 2424 grediuntur.
619 2349 981 2419 Quamobrem
1001 2362 1392 2417 supervacanea
1423 2354 1507 2401 est
1535 2346 1623 2400 illa
1651 2347 1841 2410 oratio,

252 2461 372 2516 qua:
400 2453 629 2500 conatur
655 2441 939 2496 ostendere
967 2440 1183 2494 divitias
1220 2455 1340 2495 esse
1378 2448 1678 2507 expugnatu
1709 2434 1848 2491 diffi-

251 2539 406 2602 ciles,
433 2551 554 2591 cum
601 2548 700 2589 nec
728 2535 779 2588 in
808 2533 896 2587 die
934 2532 1147 2601 quidem
1176 2530 1364 2585 mortis
1392 2529 1486 2583 tuti
1512 2530 1618 2582 sint
1640 2528 1729 2598 qui
1756 2543 1847 2583 eas

253 2628 552 2699 possident.
582 2625 742 2694 Atqui
772 2625 894 2694 quis
921 2638 1026 2677 non
1052 2621 1426 2676 reconciliatur
1455 2635 1575 2674 cum
1610 2628 1842 2682 mortuo,

253 2718 466 2772 etiamsi
484 2718 552 2771 sit
572 2718 698 2781 fera,
720 2715 929 2769 etiamsi
948 2713 1180 2776 daemon,
1199 2710 1410 2765 etiamsi
1431 2710 1652 2779 quilibet
1672 2711 1847 2764 alius?

230 2807 447 2865 sufficit
479 2808 619 2861 enim
656 2804 1022 2876 spectaculum
1050 2803 1115 2857 ad
1145 2801 1467 2857 flectendum
1501 2800 1583 2855 vel
1614 2800 1844 2856 ferreum

255 2900 339 2955 vel
382 2898 584 2954 doloris
632 2906 929 2967 expertem.
987 2895 1273 2964 Ρτονιρτεςι
1326 2908 1445 2947 cum
1488 2894 1607 2963 quis
1656 2893 1845 2947 viderit

252 3000 549 3055 mortuum,
578 2990 783 3045 etiamsi
814 2989 1005 3043 viderit
1028 2988 1297 3042 inimicum
1327 2996 1380 3040 et
1410 2986 1640 3051 hostem,
1674 2988 1847 3057 lacry-

246 3095 433 3139 matur
457 3100 577 3138 cum
603 3082 976 3137 amicissimis:
1010 3090 1065 3134 et
1110 3080 1183 3131 ira
1214 3077 1427 3147 quidem
1486 3079 1849 3146 exstinguitur

260 3190 374 3229 cum
403 3176 528 3238 vita,
563 3174 680 3241 ejus
705 3181 881 3225 autem
909 3170 1083 3224 locum
1114 3167 1256 3223 subit
1284 3167 1672 3222 misericordia.
1707 3169 1772 3222 Et
1794 3169 1847 3223 in

255 3267 523 3337 exquuiis
552 3273 605 3319 et
632 3263 831 3318 funeris
858 3263 1088 3317 elatione
1110 3276 1215 3315 non
1237 3261 1556 3315 discreveris
1574 3261 1845 3315 inimicum

254 3358 322 3412 ab
347 3373 413 3413 eo
441 3356 530 3427 qui
558 3354 860 3425 bujusmodi
896 3370 1000 3408 non
1033 3363 1149 3409 est:
1178 3354 1246 3406 ita
1283 3366 1472 3407 omnes
1506 3368 1845 3407 communem

254 3458 574 3504 reverentur
602 3454 869 3511 naturam,
890 3455 944 3500 et
973 3461 1063 3500 eas
1091 3461 1211 3514 quae
1232 3445 1295 3498 de
1313 3458 1373 3497 ea
1393 3444 1515 3501 latte
1536 3454 1659 3499 sunt
1681 3445 1844 3514 leges.

254 3539 459 3594 Divitiae
490 3548 668 3593 autem
716 3552 783 3591 ne
832 3536 935 3590 hoc
974 3536 1189 3605 quidem
1221 3546 1543 3605 assequutze,
1576 3537 1708 3590 iram
1741 3539 1844 3591 int-

254 3631 473 3684 mittunt
522 3630 573 3683 in
621 3642 715 3682 eos
756 3628 846 3697 qui
904 3627 1052 3698 ipsas
1084 3627 1389 3696 possident;
1422 3627 1515 3682 sed
1545 3636 1598 3681 et
1636 3644 1728 3681 eos
1756 3630 1845 3698 qui

253 3722 395 3776 nulla
423 3719 601 3774 afl’eeti
626 3728 753 3773 sunt
784 3720 977 3787 injuria
1012 3719 1239 3773 reddunt
1290 3719 1533 3773 inimicos
1584 3717 1842 3784 defuncti,

250 3810 514 3882 siquidem
560 3818 829 3863 mortuum
860 3824 1055 3877 corpus
1085 3808 1285 3862 nudare
1313 3820 1394 3861 est
1433 3809 1639 3863 acrium
1671 3810 1845 3863 inimi-

250 3916 436 3957 corum
457 3909 511 3954 et
539 3899 796 3953 hostium.
834 3898 900 3952 Et
927 3908 1113 3953 natura
1149 3899 1362 3969 quidem
1412 3901 1571 3954 etiam
1600 3901 1845 3956 inimicos

249 3995 298 4049 ei
352 4001 481 4047 tunc
524 3988 876 4055 reconciliat;
929 3990 1129 4045 divitia:
1189 4001 1367 4046 autem
1422 3993 1582 4045 etiam
1644 3993 1695 4045 in
1751 4009 1844 4047 eos

247 4086 448 4142 bellum
506 4092 718 4154 gerunt,
767 4098 901 4153 quos
930 4099 997 4136 ne
1028 4094 1252 4153 possunt
1300 4086 1515 4154 quidem
1548 4087 1706 4140 ullius
1734 4088 1841 4141 eri-

249 4179 412 4233 minis
460 4191 752 4238 accusare,
807 4184 863 4229 et
904 4175 957 4228 in
1007 4191 1195 4245 magna
1240 4178 1527 4232 solitudine
1553 4179 1841 4233 crudeliter

246 4270 475 4326 smviunt
530 4268 583 4321 in
633 4280 853 4334 corpus.
928 4267 1089 4337 Atqui
1164 4268 1330 4323 multa
1381 4280 1507 4323 sunt
1564 4271 1672 4325 illic
1719 4287 1840 4341 quze

247 4370 472 4432 possunt
532 4356 808 4413 attrahere
859 4357 925 4413 ad
996 4360 1453 4427 misericordiam,
1503 4362 1604 4417 hoc
1658 4365 1832 4432 ipsum

1276 396 1343 453 IN
1381 395 1597 455 EPIST.
1639 397 1659 453 Ι
1726 395 1817 453 AD
1841 395 1997 454 COR.
2041 398 2271 459 lfOSflL.
2313 404 2559 463 XXXVI.

3425 414 3533 470 306

1945 513 2086 581 quod
2133 516 2202 569 sit
2254 528 2522 571 mortuum
2547 559 2562 582 ,
2612 516 2754 587 quod
2809 518 3111 586 immobile,
3151 522 3295 592 quod
3328 523 3395 579 ad
3427 536 3538 582 tere

1945 618 2057 657 rant
2085 606 2270 661 tendat
2308 618 2361 661 et
2382 608 2803 677 corruptionem,
2833 610 2973 679 quod
3006 626 3165 666 nemo
3195 614 3337 669 adsit
3379 630 3538 685 Opem
3609 619 3612 622 ’

1945 694 2165 751 laturus.
2216 697 2323 754 St-d
2350 699 2483 754 nihil
2513 698 2702 753 horum
2752 700 2945 771 frangit
2984 702 3104 756 illos
3140 707 3500 763 exsecrandos
3524 748 3542 772 ,

1948 800 2168 859 propter
2200 792 2537 864 tyrannidem
2582 808 2700 863 qua:
2745 808 2812 848 ex
2867 794 3111 864 improba
3157 797 3330 851 oritur
3372 801 3543 869 cupi-

1945 880 2130 936 (litate.
2166 885 2334 937 Amor
2363 886 2506 939 enim
2534 883 2807 953 pecuniae,
2842 893 3112 953 tamquam
3142 886 3389 943 immanis
3421 890 3541 959 qui-

1946 973 2068 1029 dam
2124 985 2419 1047 tyrannus,
2471 986 2625 1047 urget
2684 975 2972 1031 inhumana
3026 977 3173 1046 jussa
3234 979 3538 1048 imperans,

1948 1083 2147 1137 eosque
2189 1068 2242 1121 in
2280 1068 2418 1121 feras
2456 1062 2693 1121 mutatos
2716 1108 2731 1132 ,
2766 1068 2836 1121 ita
2867 1067 3015 1123 ducit
3043 1068 3110 1123 ad
3151 1069 3376 1125 loculos.
3403 1071 3537 1125 Nam

1948 1166 2218 1228 tamquam
2254 1159 2379 1215 ferae
2412 1168 2651 1214 mortuos
2693 1158 3044 1226 invadentes,
3099 1175 3168 1215 ne
3213 1176 3242 1215 a
3291 1162 3540 1217 carnibus

1948 1250 2162 1321 quidem
2184 1251 2559 1317 abstinuerint,
2582 1251 2628 1305 si
2644 1252 2882 1305 membra
2908 1251 3012 1305 illis
3034 1262 3215 1307 essent
3236 1254 3404 1308 utilia.
3432 1253 3541 1310 llos

1949 1342 2152 1396 fruetus
2183 1343 2509 1413 percipimus
2557 1357 2625 1397 ex
2659 1342 2860 1396 divitiis
2882 1384 2897 1407 ,
2926 1342 3084 1396 etiam
3144 1354 3264 1414 post
3309 1356 3539 1402 mortem

1950 1432 2148 1502 probro
2168 1434 2558 1488 etcontumelia
2578 1432 2752 1487 affecti
2777 1442 2830 1487 et
2850 1434 3118 1501 sepultura
3141 1436 3352 1505 privati,
3377 1452 3538 1503 quam

1949 1535 2306 1593 assequuntur
2333 1526 2494 1579 etiam
2539 1524 2631 1594 qui
2671 1524 2871 1579 nefaria
2919 1536 3311 1595 perpetrarunt.
3363 1528 3539 1583 Easno

1949 1630 2096 1684 ergo,
2122 1615 2225 1679 die,
2250 1631 2401 1684 rogo,
2426 1615 2603 1669 adhuc
2625 1617 2921 1669 amabimus
2940 1632 3059 1685 qua:
3082 1618 3234 1671 nobis
3259 1629 3382 1673 sunt
3405 1620 3540 1675 adeo

1948 1706 2155 1761 infesta:
2202 1719 2256 1762 et
2307 1708 2576 1761 inimicm?
2603 1707 2949 1776 Nequaquam
2972 1749 2985 1771 ,
3018 1724 3170 1778 rogo,
3206 1726 3563 1785 nequaquam,

1949 1798 2159 1862 fratres,
2192 1800 2285 1853 sed
2320 1800 2610 1869 fugiamus,
2647 1815 2746 1853 nec
2776 1800 2967 1853 faciem
2996 1800 3066 1855 ad
3098 1816 3158 1855 ea
3188 1814 3331 1857 retro
3360 1814 3539 1859 verta-

1951 1906 2099 1955 mus;
2127 1902 2178 1944 et
2211 1893 2254 1946 si
2287 1893 2337 1944 in
2370 1906 2561 1945 manus
2600 1901 2809 1945 nostras
2840 1892 3104 1957 venerint,
3138 1909 3204 1948 ne
3238 1894 3382 1950 intus
3409 1897 3541 1951 reti-

1950 1998 2205 2047 neatnns,
2237 1983 2332 2038 sed
2362 1998 2454 2039 eas
2480 1998 2771 2054 pauperum
2804 1985 3051 2039 manibus
3080 1987 3383 2057 alligemus.
3415 1990 3542 2046 lltcc

1949 2075 2090 2129 enim
2114 2074 2325 2129 vincula
2349 2090 2443 2129 eos
2464 2076 2633 2144 magis
2655 2085 2876 2145 possunt
2897 2076 3154 2143 retinere,
3179 2088 3229 2131 ct
3250 2094 3539 2149 numquam

1950 2165 2204 2235 effugient
2231 2181 2295 2219 ex
2327 2166 2435 2219 illis
2456 2166 2762 2236 penuariis;
2797 2167 3016 2235 ista'qne
3048 2166 3224 2221 infida.-
3246 2169 3314 2223 de
3342 2181 3543 2225 uetere

1951 2267 2166 2311 manent
2217 2256 2440 2323 fideles,
2495 2258 2755 2327 placidae,
2807 2269 3134 2325 mansuetae,
3184 2260 3543 2332 eleemosynte

1948 2348 2168 2402 dextera
2199 2349 2277 2401 sic
2305 2359 2669 2403 commutatae.
2702 2349 2755 2403 Si
2788 2348 3002 2419 quando
3031 2365 3159 2420 ergo
3192 2352 3318 2420 ipsa:
3348 2351 3412 2405 ad
3446 2366 3544 2407 nos

1950 2439 2295 2505 accesserint,
2327 2439 2425 2508 ipsi
2449 2454 2541 2493 eas
2565 2440 2834 2495 tradamus
2861 2459 2873 2494 :
2904 2442 2987 2495 sin
3017 2451 3199 2497 autem
3225 2459 3328 2497 n0n
3358 2443 3545 2501 adfue-

1951 2531 2079 2595 rint,
2112 2547 2178 2585 ne
2204 2545 2525 2599 qua-ramus,
2560 2546 2659 2586 nec
2688 2544 2785 2585 nos
2814 2533 2958 2601 ipsos
2982 2533 3306 2588 suffucemns
3327 2576 3340 2599 ,
3372 2552 3544 2605 neque

1951 2638 2044 2676 eos
2073 2622 2161 2693 qui
2206 2622 2402 2677 habent
2432 2624 2617 2678 beatos
2660 2623 3050 2678 existimemus.
3084 2626 3369 2691 Quomodo
3399 2630 3542 2684 enim

1952 2714 2143 2769 beatus
2190 2714 2275 2769 hic
2321 2713 2748 2769 existimandus?
2792 2715 2890 2768 nisi
2934 2729 3029 2769 eos
3058 2718 3146 2785 qui
3193 2732 3315 2771 cum
3356 2720 3543 2773 bestiis

1953 2812 2190 2874 pugnant
2227 2803 2413 2858 beatos
2443 2803 2645 2859 dixeris
2665 2846 2681 2871 ,
2725 2804 2866 2875 quod
2900 2804 2952 2858 in
2987 2807 3157 2873 pretio
3186 2806 3394 2861 habitas
3423 2808 3543 2862 illas

1954 2896 2151 2949 bestias
2178 2893 2277 2947 sibi
2309 2895 2545 2969 inclusas
2570 2904 2787 2949 servent
2814 2896 2903 2965 qui
2936 2897 3057 2949 talia
3094 2909 3397 2968 proponunt
3425 2916 3543 2954 cer-

1955 2986 2171 3050 tamina,
2202 2985 2298 3053 ipsi
2328 2998 2431 3038 non
2458 2984 2718 3039 audentes
2748 2986 3006 3041 accedere
3038 3004 3135 3043 nec
3168 3002 3416 3058 tangere,
3446 2990 3541 3047 sed

1954 3075 2096 3144 ipsas
2119 3074 2473 3129 formidantes
2501 3082 2555 3129 et
2584 3076 3083 3131 contremiscentes.
3118 3079 3227 3134 Iloc
3260 3082 3429 3151 ipsum
3456 3098 3545 3137 ac-

1952 3166 2082 3220 cidit
2102 3167 2266 3221 etiam
2289 3166 2561 3234 divitibus,
2594 3166 2683 3236 qui
2706 3175 2974 3236 tamquam
3001 3168 3288 3224 immanem
3319 3172 3542 3231 bestiam

1951 3256 2165 3310 divitias
2200 3257 2532 3311 incluserunt
2563 3258 2614 3311 in
2644 3258 2913 3326 penuariis
2934 3298 2948 3323 ,
2988 3270 3041 3313 et
3079 3260 3146 3312 ab
3175 3261 3285 3330 ipsa
3322 3263 3545 3332 singulis

1952 3351 2145 3405 diebus
2188 3351 2410 3405 vulnera
2450 3351 2726 3419 accipiunt
2778 3352 3221 3420 innumerabilia,
3269 3356 3543 3409 contrario

1955 3444 2111 3511 plane
2138 3443 2297 3496 modo
2339 3458 2498 3513 quam
2541 3442 2633 3496 ﬁat
2664 3443 2716 3496 in
2748 3443 2951 3497 bestiis.
2989 3444 3121 3499 Nam
3151 3447 3254 3500 illa:
3284 3448 3496 3517 quidem
3526 3492 3540 3513 ,

1926 3534 2167 3602 quando
2212 3549 2302 3587 cas
2334 3534 2617 3600 eduxeris,
2666 3544 2789 3588 tunc
2834 3535 3056 3588 exitium
3104 3537 3332 3592 afferunt
3363 3541 3426 3592 iis
3453 3542 3542 3610 qni

1952 3625 2057 3679 illis
2087 3634 2375 3679 occurrunt
2406 3643 2420 3679 :
2453 3627 2568 3680 ista:
2611 3636 2787 3678 autem
2834 3640 2953 3678 eum
3005 3628 3205 3682 fuerint
3244 3630 3460 3685 inclusa:
3492 3643 3546 3685 et

1940 3728 2198 3781 'scrvatte,
2233 3729 2357 3772 tunc
2385 3734 2476 3771 eos
2506 3718 2731 3786 perdunt
2762 3718 2850 3786 qui
2880 3720 3021 3787 ipsas
3053 3723 3329 3788 possident
3354 3734 3408 3777 et
3432 3741 3543 3777 ser-

1952 3818 2095 3861 vant.
2126 3808 2228 3863 Sed
2272 3824 2370 3862 nos
2414 3810 2636 3861 bestiam
2668 3809 2803 3861 hanc
2845 3810 3133 3864 reddamus
3180 3825 3534 3870 mansuetam.

1955 3902 2068 3954 Erit
2090 3911 2266 3955 autem
2298 3911 2572 3954 mansueta
2595 3940 2610 3965 ,
2642 3902 2686 3955 si
2719 3914 2839 3955 eam
2868 3918 2971 3954 non
3006 3903 3381 3959 incluserimns
3402 3951 3414 3970 ,
3445 3911 3538 3963 sed

1952 3998 2003 4048 in
2047 3996 2286 4048 omnium
2334 3996 2604 4063 egentium
2655 4008 2845 4048 manus
2895 3995 3299 4052 adduxerimus.
3356 4000 3445 4053 Sic
3489 4010 3541 4055 et

1954 4089 2179 4141 maxima
2228 4088 2365 4140 bona
2395 4087 2518 4140 inde
2564 4087 2953 4155 pereipiennts,
2984 4094 3039 4141 et
3071 4089 3121 4141 in
3154 4077 3259 4142 vita
3293 4093 3541 4159 pra-senti

1953 4189 2065 4232 tuto
2094 4193 2156 4233 ac
2199 4193 2386 4232 secure
2428 4186 2481 4231 et
2510 4192 2630 4229 cum
2670 4176 2805 4229 bona
2838 4191 2932 4245 spe
2976 4179 3251 4242 viventes,
3287 4189 3341 4234 ct
3373 4183 3423 4235 in
3455 4182 3542 4237 die

1953 4272 2129 4325 futuro
2159 4281 2366 4326 stantes
2395 4284 2515 4323 cum
2546 4266 2735 4321 fiducia
2767 4284 2781 4320 :
2813 4282 2973 4335 quam
3003 4268 3162 4324 detur
3190 4273 3341 4326 nobis
3368 4276 3544 4328 omni-

1952 4366 2050 4419 bus
2078 4365 2285 4432 assequi
2316 4364 2483 4433 gratia
2509 4375 2561 4417 et
2593 4361 2935 4431 benignitate,
2964 4369 3067 4415 etc.

1558 4571 1899 4634 HOMILIA
1938 4572 2241 4634 XXXVI.

240 4717 371 4777 CAP.
410 4719 497 4773 14.
530 4734 581 4772 v.
615 4718 705 4775 20.
739 4717 950 4773 Fratres
971 4762 984 4783 ,
1028 4719 1183 4772 nolite
1216 4720 1359 4786 pueri
1405 4718 1531 4788 efﬁci
1559 4720 1836 4786 mentibus,

312 4811 403 4865 sed
443 4810 640 4864 malitia
676 4812 877 4880 parvuli
909 4820 1090 4875 estote,
1141 4812 1387 4865 ruentibus
1421 4821 1585 4864 autem
1616 4814 1840 4883 perfecti

311 4911 488 4957 αιοιε.

315 4994 368 5049 Ι.
404 4992 594 5049 Merito
624 5003 745 5065 post
780 4994 1003 5051 multam
1030 4994 1495 5051 confirmationem
1526 5006 1579 5052 et
1609 4998 1836 5053 demon-

238 5082 557 5139 strationem
585 5084 829 5139 oratione
855 5085 1022 5140 utitur
1046 5086 1445 5141 vehementiore
1475 5096 1530 5141 et
1561 5088 1724 5142 nutlta
1758 5090 1838 5141 in-

236 5174 581 5243 crepatione,
632 5184 690 5228 et
726 5175 971 5230 meminit
1018 5176 1247 5244 exempli
1288 5178 1541 5245 praesenti
1583 5178 1659 5231 rei
1701 5193 1833 5231 con-

236 5264 501 5336 gruentis.
531 5263 746 5320 Pneruli
776 5267 921 5321 enim
962 5266 1026 5321 ad
1072 5282 1233 5337 parva
1261 5266 1475 5336 quidem
1526 5266 1689 5321 hianti
1738 5283 1834 5323 ore

238 5364 457 5427 stupent
498 5363 551 5409 et
580 5355 869 5423 mirantur,
899 5373 1077 5412 rerum
1109 5368 1288 5412 autem
1326 5358 1478 5411 valde
1518 5372 1831 5428 magnarum

239 5464 347 5504 non
376 5456 522 5503 Lauta
555 5456 807 5503 tenentur
848 5448 1221 5505 admiratione.
1267 5450 1526 5519 Quoniam
1572 5466 1701 5520 ergo
1744 5452 1830 5509 isti

237 5556 454 5614 quoque
480 5541 779 5611 linguarum
803 5538 1064 5596 habentes
1091 5543 1313 5607 donum,
1345 5559 1402 5598 se
1433 5551 1601 5598 totum
1632 5544 1832 5601 habere

239 5632 648 5697 existimabant,
694 5629 836 5701 quod
881 5631 1099 5702 quidem
1131 5642 1247 5689 erat
1274 5634 1501 5689 aliorum
1547 5636 1827 5703 ultimum,

242 5732 523 5794 propterea
549 5721 679 5778 dicit
706 5736 724 5778 :
753 5720 927 5777 Nolite
946 5723 1089 5792 pueri
1117 5723 1277 5793 effici;
1306 5725 1407 5779 hoc
1435 5736 1538 5792 est,
1565 5741 1669 5780 non
1702 5727 1830 5780 insi-

244 5815 468 5887 pientes,
500 5814 591 5870 ubi
620 5823 831 5889 oportet
855 5827 979 5872 esse
1005 5814 1306 5885 sapientes;
1338 5817 1432 5871 sed
1460 5817 1566 5871 illic
1594 5819 1743 5889 pueri
1774 5828 1827 5874 et

1947 4720 2248 4791 simplices,
2284 4719 2371 4774 ubi
2414 4731 2496 4777 est
2528 4718 2783 4789 injuslitia
2807 4762 2821 4786 ,
2856 4719 2946 4775 ubi
2996 4720 3165 4774 inanis
3204 4722 3370 4790 gloria
3396 4763 3412 4785 ,
3449 4723 3537 4778 nisi

1948 4822 2144 4866 tumor.
2178 4812 2311 4866 Eum
2342 4813 2480 4865 enim
2506 4852 2521 4876 ,
2554 4811 2641 4880 qui
2676 4812 2804 4865 vitio
2847 4823 2929 4866 est
2978 4812 3181 4875 infans,
3215 4813 3374 4867 etiam
3406 4830 3536 4883 prn-

1943 4905 2156 4961 dentem
2186 4919 2306 4958 esse
2347 4912 2576 4972 oportet.
2607 4903 2757 4958 Sicut
2784 4902 2923 4957 enim
2960 4902 3239 4970 prudentia
3272 4920 3389 4957 cun
3434 4904 3534 4958 im-

1944 4997 2208 5065 probitate
2235 5009 2567 5064 nequaquam
2593 4996 2749 5048 fnerit
2778 4993 3056 5061 prudentia
3085 5011 3099 5049 :
3136 4996 3201 5049 ita
3227 4998 3386 5052 etiam
3409 4998 3535 5051 sint-

1943 5088 2150 5157 plicitas
2180 5101 2301 5140 cum
2334 5086 2565 5140 amentia
2608 5100 2712 5139 non
2745 5082 2903 5138 fuerit
2936 5085 3270 5157 simplicitas.
3318 5086 3449 5141 Nam
3482 5098 3537 5143 et

1943 5176 1996 5230 in
2026 5176 2370 5246 simplicitate
2403 5174 2643 5245 fugienda
2675 5183 2755 5228 est
2784 5178 3016 5230 amentia
3039 5218 3054 5242 ,
3086 5184 3139 5229 et
3170 5177 3219 5229 in
3250 5180 3533 5246 prudentia

1940 5267 2127 5322 vitium
2148 5277 2202 5321 et
2224 5268 2476 5336 nequitia.
2499 5265 2961 5332 Quemadmodum
2985 5267 3127 5321 enim
3150 5283 3325 5339 neque
3352 5287 3532 5324 amara

1940 5366 2110 5427 neque
2140 5357 2314 5411 dulcia
2344 5355 2731 5411 medicamenta
2762 5364 3022 5425 prosunt,
3051 5358 3094 5411 si
3126 5359 3247 5413 talia
3276 5365 3383 5415 sint
3415 5361 3533 5430 plus

1938 5463 2096 5515 quam
2129 5462 2222 5515 par
2249 5447 2355 5501 sit:
2390 5446 2459 5500 ita
2493 5463 2594 5502 nec
2633 5446 2950 5517 simplicitas
2981 5463 3078 5517 per
3125 5464 3220 5515 se,
3265 5466 3364 5505 nec
3405 5468 3529 5520 prn-

1935 5542 2135 5597 dentia.
2169 5540 2529 5607 Quamobrem
2558 5540 2801 5597 Christus
2826 5548 3049 5612 utraque
3067 5540 3263 5614 jubens
3288 5554 3502 5601 content
3519 5577 3531 5588 -

1937 5648 2124 5703 perare
2165 5633 2376 5687 diccbat
2408 5653 2419 5689 :
2458 5634 2633 5687 Estote
2671 5635 2944 5705 prudentes
2991 5638 3119 5689 sicut
3161 5649 3411 5707 serpentes
3434 5680 3450 5705 ,
3483 5650 3531 5694 et

1934 5725 2185 5796 simplices
2208 5725 2337 5779 sicut
2362 5725 2614 5779 columbae
2645 5724 2855 5797 (Matth.
2894 5725 2976 5782 f0.
3010 5728 3121 5797 εδ).
3153 5727 3287 5797 Quid
3316 5740 3396 5784 est
3428 5746 3525 5784 au-

1936 5828 2038 5874 tem
2068 5831 2186 5872 esse
2217 5817 2465 5890 parvulos
2508 5834 2602 5873 seu
2634 5817 2863 5873 infantes
2898 5820 3097 5874 malitia
3127 5836 3219 5876 seu
3252 5820 3422 5881 vitio?
3449 5817 3527 5873 Ne
