4038 6216
464 381 567 437 507

469 508 633 551 nosse
660 490 876 562 quidem
903 483 1029 557 quid
1054 483 1124 539 sit
1151 480 1337 537 vitium
1365 497 1381 534 :
1408 490 1502 533 eos
1528 474 1673 531 enim
1698 473 1815 529 vult
1837 484 1959 526 esse

470 589 569 642 les.
604 560 815 639 Etiideo
853 577 1102 634 dicebat:
1134 570 1357 628 Omnino
1383 570 1515 623 inter
1543 580 1629 620 vos
1668 562 1878 618 auditur
1901 560 2069 633 furni-

472 678 602 733 eatio
632 677 720 745 (t.
757 672 878 728 Cor.
908 671 961 725 5.
994 667 1089 737 1).
1137 664 1253 719 Νοιι
1298 660 1467 726 dixit,
1513 657 1880 726 Perpctratur,
1902 744 1905 745 ν
1930 646 2024 705 sed
2051 688 2065 714 ,

470 744 710 825 Auditur.
755 764 890 820 Rem
928 760 1110 822 enim,
1156 754 1360 825 inquit,
1412 751 1631 806 omnino
1678 746 1863 811 scitis;
1896 744 2067 813 ipsam

469 866 613 919 enim
645 856 935 929 aliquando
959 851 1261 907 audivistis.
1288 846 1518 903 Volebat
1535 845 1678 900 enim
1709 842 1853 911 ipsos
1874 852 1996 893 esse
2016 844 2073 889 et

469 958 617 1013 viros
644 966 700 1011 ct
729 965 925 1022 pueras
944 990 960 1015 ,
1007 946 1100 1002 sed
1132 944 1236 999 hoc
1263 940 1479 1013 quidem
1511 938 1564 994 in
1596 936 1745 1000 vitio,
1777 932 1908 989 illud
1939 945 2071 986 vero

472 1053 525 1106 in
554 1046 856 1119 prudentia.
887 1042 979 1097 Sic
998 1039 1141 1096 enim
1162 1047 1216 1094 et
1236 1036 1338 1103 vir,
1369 1035 1450 1089 vir
1479 1031 1662 1097 fuerit,
1688 1030 1733 1083 si
1760 1026 1921 1083 fuerit
1948 1040 2071 1119 par-

476 1116 636 1197 vulus
664 1157 677 1192 :
712 1134 964 1208 quamdiu
986 1140 1164 1187 autem
1196 1143 1300 1184 non
1332 1126 1491 1181 fuerit
1522 1122 1695 1177 infans
1724 1120 1874 1181 vitio,
1902 1133 1970 1173 ne
1989 1116 2071 1208 vir

469 1232 689 1303 quidem
719 1205 837 1283 erit.
866 1222 999 1279 Nam
1026 1222 1115 1291 qui
1145 1226 1230 1275 est
1254 1216 1550 1273 sceleratus
1574 1254 1591 1279 ,
1624 1226 1733 1267 non
1760 1210 1866 1265 erit
1889 1205 2068 1303 perfe-

470 1295 612 1388 ctus,
645 1319 737 1376 sed
769 1316 1051 1385 insipiens.
1078 1311 1170 1366 2t.
1203 1308 1270 1363 In
1297 1310 1406 1379 lege
1435 1306 1570 1360 enim
1594 1303 1841 1375 scriptum
1865 1308 1940 1354 est
1962 1313 1981 1357 .'
2003 1295 2069 1352 In

469 1415 589 1469 aliis
617 1410 803 1482 linguis
829 1417 875 1462 et
903 1407 956 1460 in
988 1403 1135 1458 labiis
1161 1401 1279 1455 aliis
1304 1401 1486 1469 loquar
1512 1396 1700 1467 populo
1730 1393 1876 1458 huic,
1903 1400 1951 1446 et
1980 1406 2072 1444 nec

471 1507 545 1561 sic
590 1502 861 1559 exaudient
894 1513 993 1563 me,
1038 1494 1161 1548 dicit
1208 1490 1479 1546 Dominus.
1506 1489 1665 1558 Atqui
1710 1499 1974 1555 nusquam
2016 1482 2070 1535 in

471 1598 593 1668 lege
620 1593 880 1662 scriptum
904 1596 1009 1654 est,
1041 1584 1134 1640 scd
1157 1584 1293 1638 sicut
1319 1582 1471 1652 prius
1495 1580 1627 1644 dixi,
1658 1577 1965 1633 universam
1986 1589 2073 1631 ve.

473 1698 645 1743 torem
686 1681 1023 1750 Scripturam
1054 1690 1266 1746 semper
1297 1683 1455 1729 vocat
1486 1671 1656 1743 legem
1684 1679 1738 1725 et
1780 1668 2071 1741 prophetas

471 1788 528 1834 et
577 1774 849 1832 historias.
901 1767 1135 1825 Adducit
1180 1775 1359 1822 autem
1407 1763 1774 1819 testimonium
1825 1775 1891 1815 ex
1934 1758 2070 1814 lsaia

474 1870 764 1942 propheta,
796 1876 985 1919 rursus
1024 1860 1151 1917 doni
1178 1858 1403 1928 gloriam
1431 1855 1737 1910 diminueus
1764 1851 1829 1906 ad
1857 1850 2069 1942 illorum

473 1937 792 2020 utilitatem;
826 1954 925 2010 sed
973 1964 1151 2007 tamen
1179 1950 1352 2019 ipsum
1380 1961 1504 2001 cum
1531 1944 1687 2000 laude
1719 1942 1888 2016 ponit.
1936 1937 2070 1993 Illud

473 2055 617 2111 enim
642 2093 658 2119 ,
694 2048 806 2104 Nec
827 2047 900 2102 sic
919 2088 935 2111 ,
968 2054 1086 2100 erat
1108 2039 1445 2098 ostendentis
1474 2036 1723 2093 sufficere
1749 2031 2071 2090 miraculum

472 2148 541 2203 ad
568 2160 664 2202 eos
687 2138 1065 2215 percellendos
1095 2152 1109 2189 :
1142 2135 1188 2190 si
1219 2142 1399 2187 autem
1425 2144 1534 2184 non
1563 2126 1908 2183 crediderunt
1929 2162 1943 2188 ,
1975 2137 2072 2179 eo-

472 2260 593 2301 rum
620 2242 779 2296 fuisse
795 2237 1029 2306 culpam.
1052 2230 1119 2285 Et
1144 2244 1240 2284 cur
1260 2227 1361 2281 hoc
1386 2223 1513 2279 fecit
1535 2223 1698 2288 Deus,
1716 2219 1761 2275 si
1791 2235 1895 2274 non
1919 2227 2073 2274 erant

474 2329 770 2390 credituri?
799 2327 867 2383 Ut
893 2338 1108 2393 semper
1125 2328 1439 2376 cerneretur
1465 2315 1641 2370 facere
1663 2328 1783 2384 qua:
1806 2325 1898 2366 sua
1924 2318 2067 2365 sunt.

474 2429 608 2483 Cum
638 2437 768 2493 ergo
812 2416 1139 2474 ostendisset
1181 2412 1344 2468 etiam
1388 2423 1455 2464 ex
1504 2405 1785 2477 prophetia
1810 2445 1826 2469 ,
1860 2402 2070 2472 signum

475 2534 584 2575 non
612 2514 765 2571 valde
793 2527 915 2569 esse
942 2509 1094 2574 utile,
1126 2504 1400 2575 subjunxit
1424 2519 1437 2556 :
1468 2500 1559 2555 22.
1594 2498 1776 2567 Itaque
1805 2496 1998 2565 lingat:
2020 2494 2073 2548 in

472 2613 677 2681 signum
716 2614 831 2662 sunt
859 2619 960 2658 non
1000 2598 1256 2670 ﬁdelibus,
1304 2596 1393 2649 sed
1442 2590 1735 2681 inﬁdelibus
1758 2604 1777 2643 :
1805 2585 2074 2658 prophetia

408 2687 425 2695 ’
474 2680 646 2757 autem
671 2715 772 2754 nor.
797 2693 1113 2765 inﬁdelibus,
1141 2688 1231 2745 sed
1260 2685 1515 2755 ﬁdelibus.
1548 2682 1639 2738 25.
1672 2680 1732 2735 Si
1760 2694 1879 2750 ergo
1903 2692 2075 2733 conve-

474 2798 581 2850 niat
607 2792 841 2847 universa
863 2784 1101 2841 Ecclesia
1120 2783 1173 2834 in
1196 2795 1378 2841 unum,
1396 2785 1440 2830 et
1462 2789 1635 2829 omnes
1657 2771 1845 2845 linguis
1868 2770 2077 2841 loquan-

477 2897 581 2949 tur,
632 2885 819 2953 intrent
861 2886 1032 2932 autem
1073 2874 1246 2927 idiota:
1276 2878 1363 2923 aut
1391 2867 1653 2934 inﬁdeles,
1701 2880 1867 2919 nonne
1908 2863 2075 2917 dicent

474 2975 611 3047 quod
642 2968 917 3028 insanitis?
943 2966 1034 3022 24.
1067 2966 1128 3020 Si
1162 2972 1330 3017 autem
1358 2974 1533 3015 omnes
1554 2956 1856 3026 propltetent
1877 2996 1892 3021 ,
1923 2954 2075 3008 intret

476 3076 646 3121 autem
671 3064 782 3133 quis
812 3060 1038 3130 inﬁdelis
1069 3056 1147 3111 vel
1168 3056 1360 3116 idiota,
1393 3049 1707 3105 convincitur
1730 3047 1793 3100 ab
1820 3046 2071 3111 omnibus,

476 3158 791 3231 diiudicatur
817 3155 881 3208 ab
920 3149 1152 3206 omnibus
1176 3163 1195 3201 :
1217 3146 1309 3200 25.
1344 3154 1392 3197 et
1433 3144 1506 3196 sic
1532 3139 1729 3196 occulta
1773 3137 1943 3231 cordis
1967 3138 2077 3208 ejus

479 3253 749 3317 manifesta
790 3248 947 3317 ﬁunt,
982 3251 1029 3298 et
1073 3239 1261 3295 cadens
1301 3237 1354 3291 in
1386 3235 1570 3306 [aciem
1612 3231 1847 3287 adorabit
1874 3230 2074 3296 Deum,

479 3343 817 3415 pronuntians
846 3338 981 3408 quod
1009 3352 1121 3389 vere
1150 3332 1286 3387 Deus
1308 3331 1361 3384 in
1382 3330 1519 3384 vobis
1543 3329 1628 3383 sit.
1658 3326 1875 3411 Multam
1899 3340 1965 3380 ex
1989 3325 2076 3391 iis,

479 3450 601 3507 quae
629 3435 769 3488 dicta
799 3440 943 3491 sunt,
976 3429 1062 3484 hic
1082 3425 1288 3483 videbis
1308 3422 1720 3479 dubitationem.
1750 3419 1805 3476 Si
1828 3419 1971 3475 enim
1998 3418 2080 3474 in-

484 3525 732 3582 ﬁdelibus
761 3526 969 3594 signum
999 3529 1125 3575 sunt
1156 3519 1349 3588 lingua:
1371 3557 1386 3583 ,
1415 3514 1686 3586 quomodo
1708 3513 1837 3567 dicit
1863 3530 1876 3566 :
1908 3511 1963 3567 Si
1995 3511 2078 3567 vi-

482 3621 661 3677 derint
691 3632 785 3671 vos
816 3616 1010 3686 linguis
1034 3614 1314 3682 loquentes
1341 3608 1586 3663 infideles
1607 3648 1621 3671 ,
1665 3607 1843 3660 dicent
1872 3619 1969 3658 vos
1999 3605 2081 3657 in-

481 3710 705 3769 sanire?
732 3721 785 3763 et
813 3709 856 3763 si
892 3704 1170 3776 pr0phetia
1200 3718 1306 3756 non
1338 3699 1660 3758 infidelibus.
1687 3696 1779 3750 sed
1809 3695 2077 3759 fidelibus,

483 3802 754 3874 quomodo
784 3816 848 3854 ex
881 3814 941 3853 ea
965 3797 1315 3852 lucrabantur
1342 3791 1502 3846 etiam
1532 3788 1822 3847 infideles?
1848 3788 1911 3843 Si
1934 3789 2079 3843 enim

482 3898 653 3959 intret,
684 3893 872 3963 inquit,
896 3888 1123 3958 inﬁdelis
1145 3886 1281 3940 vobis
1304 3882 1738 3954 propltetantibus.
1768 3880 2084 3935 convincitur

484 3989 548 4042 ab
580 3989 809 4040 oninibus
829 4026 844 4050 ,
876 3984 1193 4052 dijudicatur
1219 3979 1285 4031 ab
1313 3975 1564 4030 omnibus.
1605 3973 1720 4029 Non
1762 3973 1877 4027 haec
1904 3982 2081 4027 autem

486 4081 685 4141 Solum,
715 4077 807 4130 scd
836 4075 994 4129 etiam
1029 4081 1149 4141 post
1173 4085 1291 4125 eam
1318 4066 1551 4123 secunda
1585 4065 1709 4119 hinc
1738 4065 1907 4119 oritur
1933 4080 2082 4134 quie-

486 4173 591 4227 stin
618 4188 630 4224 :
663 4165 942 4237 apparebit
968 4164 1110 4217 enim
1142 4161 1321 4229 lingua
1364 4172 1551 4212 rursus
1583 4154 1753 4226 major
1782 4154 2081 4225 praphctia.

486 4266 621 4322 Nam
652 4265 699 4317 si
736 4262 931 4329 iingum
962 4264 1088 4313 sunt
1115 4255 1167 4309 in
1195 4253 1404 4324 signum
1433 4248 1771 4312 infidelibus,
1807 4245 2087 4315 prophetia

487 4364 667 4410 autem
698 4351 977 4411 fidelibus,
1024 4346 1074 4399 id
1115 4344 1258 4412 quod
1288 4343 1425 4393 alios
1454 4337 1676 4391 attrahit
1702 4346 1756 4388 et
1780 4334 2051 4403 c0njungit
2071 4374 2085 4397 ,

490 4445 667 4515 majus
688 4449 771 4497 est
797 4454 863 4494 eo
890 4435 1031 4507 quod
1063 4432 1354 4488 familiares
1381 4445 1444 4482 ac
1470 4426 1795 4483 domesticos
1815 4428 2088 4495 componit

487 4549 546 4595 et
575 4537 887 4594 concinnat.
908 4528 1046 4601 Quid
1074 4536 1302 4596 estergo
1319 4522 1460 4594 quod
1479 4522 1678 4576 dictum
1697 4521 1813 4575 est?
1831 4519 1969 4575 Nihil
1988 4518 2089 4575 dif-

492 4632 636 4686 ficile
667 4643 766 4683 nec
792 4626 1080 4679 obscurum
1108 4633 1283 4689 neque
1314 4615 1583 4688 prioribus
1610 4614 1961 4675 contrarium,
1993 4610 2087 4666 scd

492 4720 651 4777 valde
672 4715 1019 4778 conveniens,
1051 4713 1095 4767 si
1122 4709 1481 4765 attendamus.
1511 4707 1645 4762 Nam
1670 4702 1950 4775 prophetia
1972 4702 2091 4771 qui-

491 4816 619 4871 dem
649 4812 889 4881 utrisque
918 4817 1001 4862 est
1044 4814 1199 4875 apta,
1243 4803 1422 4874 lingua
1468 4808 1649 4856 autem
1677 4797 1917 4854 minime.
1969 4793 2094 4851 Ideo

492 4924 620 4963 eum
648 4906 716 4960 de
745 4905 924 4971 lingua
955 4899 1179 4953 dixisset
1208 4911 1325 4950 eam
1354 4909 1475 4949 esse
1504 4893 1559 4947 in
1589 4892 1823 4961 signum,
1851 4886 2091 4952 addidit,

501 4999 626 5053 Non
654 4994 889 5065 ﬁdelibus
910 5034 922 5051 ,
957 4988 1046 5043 scd
1074 4986 1395 5055 inﬁdelibus,
1445 4984 1619 5051 hisque
1659 4982 1711 5035 in
1738 4984 1960 5052 signum,
1992 4978 2097 5034 hoc

495 5101 601 5155 est,
635 5088 699 5143 ad
723 5079 1205 5155 stupefacieudum,
1231 5092 1335 5131 non
1364 5074 1499 5129 adeo
1521 5082 1700 5127 autem
1722 5071 1787 5125 ad
1812 5072 2098 5125 instituen-

508 5184 657 5239 dum.
686 5184 753 5234 At
780 5179 830 5233 in
861 5174 1160 5247 prophetia,
1188 5168 1377 5234 inquit,
1405 5166 1506 5220 hoc
1536 5164 1707 5236 ipsum
1731 5161 1852 5214 fecit
1871 5159 2055 5214 dicens
2079 5175 2094 5213 :

504 5272 785 5344 Pmphetia
813 5280 982 5323 autent
1012 5282 1111 5319 non
1139 5262 1429 5330 inﬁdelibus
1448 5299 1464 5321 ,
1496 5256 1586 5313 sed
1611 5253 1865 5325 ﬁdelibus.
1887 5343 1890 5344 ν
1914 5250 2099 5344 Neque

502 5343 649 5424 enim
678 5361 851 5417 ﬁdelis
879 5375 1012 5430 opus
1042 5355 1205 5410 habet
1235 5364 1289 5406 ut
1320 5353 1530 5420 signum
1560 5348 1734 5402 videat
1756 5386 1771 5409 ,
1804 5343 1896 5399 sed
1926 5343 2099 5397 solum

504 5457 751 5517 doctrina
794 5450 989 5519 indiget
1036 5456 1089 5501 et
1120 5442 1476 5500 institutione.
1509 5436 1790 5507 Quomodo
1817 5450 1947 5505 ergo
1969 5474 1983 5497 ,
2018 5434 2100 5487 in-

505 5553 643 5623 quit,
671 5546 807 5603 dicis
831 5537 1163 5614 prophetiam
1192 5536 1434 5602 utrisque
1455 5545 1576 5585 esse
1604 5529 1809 5589 utilem,
1839 5540 1960 5581 cum
1990 5525 2103 5592 ipse

507 5648 684 5708 dicat,
716 5640 839 5697 Non
868 5635 1196 5706 inﬁdelibus,
1228 5633 1315 5687 sed
1346 5628 1623 5700 ﬁdelibus?
1653 5626 1710 5682 Si
1737 5625 2023 5695 diligenter
2053 5632 2103 5674 rt

510 5748 701 5795 exacte
731 5730 1158 5793 examinaveris,
1204 5726 1344 5781 scies
1381 5723 1524 5793 quod
1568 5721 1780 5777 dicitur.
1813 5719 1930 5775 Non
1961 5718 2105 5773 enim

512 5832 647 5890 dixit
673 5826 1009 5903 prophetiam
1036 5835 1145 5879 non
1165 5833 1287 5877 esse
1312 5816 1497 5874 utilem
1526 5812 1851 5879 inﬁdelibus,
1880 5809 1973 5871 sed
1996 5824 2104 5865 non

1124 345 1126 347 ’
1225 364 1281 421 s.
1323 356 1603 419 JOANNIS
1635 348 2111 415 cnnvsosrout
2148 347 2465 407 ARClllEP.
2507 346 3047 409 consum-rmore.

3666 347 3771 404 308

2176 480 2297 521 esse
2336 467 2389 521 in
2421 467 2664 536 signum,
2697 474 2756 521 ιιι
2793 466 3063 537 linguam,
3094 465 3302 522 scilicet
3342 465 3550 522 inutile.
3582 466 3769 538 Neque

2178 556 2485 613 infidelibus
2516 556 2647 612 utile
2668 555 2796 628 quid
2823 566 2908 612 est
2934 557 3152 628 lingua:
3185 572 3351 613 unum
3377 559 3522 613 enim
3549 568 3631 613 est
3655 557 3771 629 ejus

2175 663 2311 717 opus
2337 665 2399 705 ac
2426 663 2644 717 munus,
2673 650 3086 721 obstupefacere
3116 651 3291 708 solum
3331 667 3396 707 ac
3421 651 3772 709 conturbare.

2177 740 2398 811 Signum
2426 750 2510 797 est
2539 742 2684 798 enim
2714 757 2783 798 ex
2811 742 2876 797 iis
2916 757 3039 814 qua:
3065 750 3191 797 sunt
3220 743 3394 799 media
3427 761 3443 799 :
3471 752 3529 798 ut
3556 743 3773 814 quando

2176 830 2309 887 dicit
2332 850 2343 887 :
2379 830 2488 886 Fac
2511 850 2710 888 mecum
2729 835 2952 905 signum,
2978 845 3031 889 et
3052 835 3221 899 addit,
3249 835 3301 889 in
3324 834 3546 900 bonum;
3574 846 3628 892 et
3656 852 3775 891 rur-

2176 935 2330 988 Sum,
2366 920 2558 978 Factus
2600 941 2713 978 sum
2757 933 3016 994 tamquam
3052 921 3344 996 prodigium
3374 926 3546 981 multis
3586 924 3770 998 (Psal.

2176 1012 2267 1068 85.
2302 1014 2389 1068 17.
2421 1024 2469 1067 et
2500 1014 2590 1071 70.
2623 1014 2703 1086 7),
2736 1015 2837 1070 hoc
2866 1025 2969 1083 est,
2996 1017 3047 1071 in
3080 1018 3313 1087 signum.

2246 1104 2301 1159 2.
2333 1105 2399 1159 Et
2422 1114 2477 1159 ut
2497 1107 2639 1161 scias
2660 1121 2783 1161 eum
2808 1107 2896 1163 hic
2916 1107 3206 1164 adduxisse
3227 1108 3459 1180 signum,
3490 1123 3594 1163 non
3618 1110 3773 1178 quasi

2176 1194 2336 1251 faciat
2365 1197 2562 1267 aliquid
2594 1199 2741 1253 omni
2770 1215 2836 1254 ex
2866 1208 3017 1269 parte
3041 1199 3173 1254 utile
3195 1240 3211 1266 ,
3243 1199 3297 1255 id
3323 1200 3465 1271 quod
3493 1215 3559 1254 ex
3594 1199 3688 1255 illo
3714 1198 3776 1254 ﬁt

2178 1286 2399 1342 inducit.
2423 1288 2561 1355 Quid
2591 1289 2692 1343 hoc
2718 1298 2802 1344 est
2823 1290 3047 1345 autem?
3082 1289 3283 1357 Dicent,
3317 1292 3508 1361 inquit,
3534 1290 3670 1362 quod
3694 1293 3777 1346 in-

2177 1380 2376 1433 sanitis.
2411 1380 2525 1435 Hoc
2550 1391 2730 1439 autem
2761 1381 2913 1447 dicit,
2944 1395 3050 1436 non
3077 1396 3144 1437 ex
3174 1390 3361 1436 natura
3388 1382 3559 1452 signi,
3588 1381 3682 1437 sed
3706 1397 3775 1437 ex

2180 1470 2393 1526 illorum
2418 1473 2676 1527 amentia.
2701 1471 2952 1528 lnfideles
2978 1483 3159 1527 autem
3182 1472 3398 1544 quando
3416 1471 3675 1537 audieris,
3705 1489 3775 1527 ne

2177 1563 2455 1619 existimes
2478 1563 2699 1621 eosdem
2731 1565 2931 1636 ubique
2954 1565 3094 1634 dici,
3123 1565 3219 1621 sed
3243 1566 3531 1637 aliquando
3559 1582 3653 1622 eos
3683 1568 3775 1637 qui

2177 1655 2368 1711 morbo
2389 1657 2633 1712 laborant
2657 1658 2956 1724 iucurabili,
2980 1668 3035 1714 et
3056 1670 3276 1715 manent
3296 1660 3563 1730 ejusmodi
3587 1669 3644 1716 ut
3666 1676 3776 1717 non

2177 1747 2387 1819 possint
2425 1748 2657 1818 corrigi;
2691 1749 2980 1819 aliquando
3009 1758 3189 1805 autem
3217 1751 3380 1807 etiam
3408 1766 3504 1808 eos
3527 1752 3618 1823 qui
3646 1766 3777 1822 pos.

2176 1847 2302 1893 sunt
2332 1840 2527 1893 mutari
2560 1856 2573 1892 :
2613 1840 2804 1908 quales
2852 1837 3072 1893 fuerunt
3115 1848 3358 1911 tempore
3403 1844 3776 1911 apostolorum

2176 1930 2267 1999 qui
2295 1929 2701 1984 admirabantur
2729 1946 2793 1985 ea
2813 1945 2937 2002 quae
2961 1930 3214 1987 dicuntur
3236 1934 3500 2003 magnaiia
3532 1934 3656 2001 Dei;
3683 1950 3780 1991 cu-

2173 2018 2408 2089 jusmodi
2436 2018 2533 2075 fuit
2561 2019 2865 2077 Cornelius.
2892 2022 3005 2078 Hoc
3022 2033 3107 2078 est
3130 2038 3260 2094 ergo
3278 2024 3421 2095 quod
3449 2024 3577 2079 dicit
3601 2043 3616 2079 :
3649 2025 3779 2081 Pro-

2177 2111 2357 2183 phetia
2385 2111 2603 2184 quidem
2650 2123 2735 2169 cst
2781 2122 2835 2169 et
2881 2115 2933 2169 in
2966 2114 3271 2171 infidelibus
3312 2125 3370 2172 et
3407 2118 3459 2171 in
3490 2116 3775 2185 fidelibus;

2179 2204 2414 2277 linguam
2440 2217 2621 2261 autem
2652 2206 2934 2264 audientes
2959 2207 3203 2264 inﬁdeles
3224 2218 3279 2264 et
3300 2209 3635 2280 insipientes,
3666 2225 3778 2267 non

2178 2300 2352 2354 solum
2384 2314 2491 2354 non
2522 2298 2893 2367 lucrifaciunt,
2925 2300 3021 2356 sed
3049 2301 3210 2357 etiam
3241 2316 3338 2356 eos
3367 2302 3456 2372 qui
3485 2302 3781 2373 loquuntur

2180 2392 2403 2447 irrident
2438 2402 2709 2463 tamquam
2742 2394 2959 2448 insanos
2986 2414 2999 2449 :
3030 2405 3112 2448 est
3143 2395 3285 2447 enim
3315 2394 3394 2447 eis
3423 2394 3595 2449 solum
3625 2394 3678 2450 in
3704 2396 3781 2451 si-

2177 2500 2340 2555 gnum
2364 2527 2381 2552 ,
2416 2486 2519 2541 hoc
2560 2496 2682 2551 est,
2725 2495 2782 2540 ut
2813 2486 3183 2542 tantummodo
3210 2487 3613 2557 obstupescunt.
3644 2488 3780 2546 Nam

2180 2577 2225 2632 si
2266 2576 2604 2646 sapuissent,
2648 2578 2809 2633 etiam
2842 2578 3033 2633 lucrati
3081 2587 3265 2635 essent
3307 2589 3528 2650 propter
3568 2580 3779 2652 signum

2179 2669 2322 2741 quod
2346 2670 2446 2726 fuit
2469 2670 2573 2727 illis
2589 2670 2794 2726 datum.
2828 2670 2945 2727 Non
2974 2672 3117 2728 enim
3146 2681 3271 2729 tunc
3296 2682 3459 2729 erant
3482 2675 3659 2729 solum
3687 2674 3782 2745 qui

2180 2763 2457 2820 ebrietatis
2497 2764 2889 2833 insimularent,
2922 2766 3018 2822 sed
3047 2766 3198 2820 multi
3229 2781 3324 2821 eos
3353 2766 3515 2822 etiam
3544 2766 3784 2822 admira-

2182 2857 2379 2914 bantur
2395 2868 2664 2929 tamquam
2688 2860 2779 2913 Dei
2799 2858 3064 2930 magnaiia
3088 2859 3400 2928 loquentes:
3425 2860 3782 2930 quamobrem

2181 2951 2271 3020 qui
2300 2950 2595 3006 irridebint
2625 2960 2782 3006 erant
2823 2950 3159 3021 insipientes.
3193 2950 3261 3005 Et
3296 2950 3418 3006 ideo
3449 2950 3645 3007 Paulus
3672 2967 3783 3007 non

2182 3042 2427 3098 absolute
2452 3042 2586 3098 dixit
2611 3059 2623 3095 :
2655 3041 2836 3096 Dicent
2859 3058 2945 3097 vos
2968 3043 3213 3108 insanire,
3237 3042 3331 3097 sed
3354 3041 3577 3108 addidit,
3609 3043 3787 3098 idiotas

2181 3142 2229 3187 et
2254 3132 2505 3201 inﬁdeles.
2536 3131 2827 3203 Pmphotia
2848 3140 3028 3187 autem
3060 3148 3165 3188 non
3192 3133 3439 3189 absolute
3468 3133 3522 3188 in
3546 3133 3784 3203 signum,

2183 3223 2278 3280 sed
2308 3223 2387 3291 ad
2405 3224 2564 3280 fidem
2595 3234 2652 3280 et
2677 3225 2965 3281 utilitatem
2997 3226 3239 3297 utrisque
3265 3236 3348 3282 est
3377 3235 3500 3295 apta
3531 3236 3583 3281 et
3612 3225 3782 3281 utilis.

2184 3316 2348 3387 idque
2373 3316 2473 3371 etsi
2500 3332 2608 3372 non
2639 3319 2842 3383 statim,
2873 3331 2970 3387 per
2995 3332 3058 3372 ea
3082 3327 3255 3372 tamen
3285 3333 3405 3387 qum
3431 3318 3684 3387 deinceps
3706 3331 3789 3371 se-

2183 3417 2441 3479 quuntur,
2471 3408 2709 3482 apertius
2739 3408 3124 3479 interpretatus
3152 3418 3266 3475 est,
3298 3408 3525 3465 dicens:
3559 3406 3788 3463 Convin-

2185 3502 2316 3555 citur
2344 3502 2409 3554 ab
2439 3499 2690 3554 omnibus.
2724 3499 2785 3555 Si
2812 3500 2955 3555 enim
2998 3516 3171 3555 omnes
3202 3501 3505 3571 prapltetent
3525 3540 3540 3563 ,
3575 3499 3747 3569 inquit
3766 3540 3787 3567 ,

2186 3592 2339 3645 intret
2387 3602 2556 3646 autem
2596 3592 2708 3662 quis
2750 3592 2972 3660 inﬁdelis
3020 3592 3097 3646 vel
3133 3592 3327 3656 idiota,
3371 3592 3683 3645 convincitur
3721 3592 3789 3645 ab

2188 3685 2419 3739 omnibus
2443 3726 2458 3750 ,
2488 3684 2802 3754 dijudicntur
2827 3683 2889 3737 ab
2913 3684 3145 3738 antnibus
3174 3699 3191 3736 :
3220 3691 3266 3737 et
3289 3683 3361 3738 sic
3389 3683 3587 3737 occulta
3616 3681 3792 3738 cordis

2188 3780 2299 3849 ejus
2326 3779 2454 3848 ﬁunt
2478 3778 2767 3847 manifesta,
2791 3786 2836 3830 et
2862 3778 3049 3831 cadem
3064 3776 3119 3830 in
3141 3777 3323 3848 {aciem
3343 3777 3575 3830 adorabit
3597 3774 3787 3841 Deum,

2191 3871 2529 3940 pronuntians
2551 3870 2691 3937 quod
2734 3885 2847 3923 vere
2879 3868 3013 3923 Deus
3051 3869 3104 3922 in
3133 3868 3270 3922 vobis
3306 3867 3392 3922 sit.
3422 3867 3790 3935 Quamobrem

2192 3978 2298 4018 non
2331 3963 2432 4019 hoc
2456 3962 2627 4017 solum
2652 3962 2825 4031 major
2849 3970 2931 4015 est
2961 3960 3262 4030 prophetia,
3291 3959 3434 4029 quod
3461 3959 3564 4013 vim
3593 3956 3794 4013 habeat

2193 4056 2245 4109 in
2272 4056 2531 4125 utrisque,
2555 4054 2649 4109 sed
2675 4056 2835 4107 etiam
2860 4052 2998 4122 quod
3022 4068 3087 4107 ex
3113 4049 3417 4106 infidelibus
3438 4063 3532 4103 eos
3553 4047 3795 4103 attrahat

2192 4150 2281 4218 qui
2310 4157 2435 4201 sunt
2462 4145 2903 4213 impudentiores.
2926 4143 3110 4211 Neque
3133 4142 3276 4195 enim
3306 4139 3444 4193 idem
3475 4148 3594 4194 erat
3622 4140 3792 4193 mira-

2194 4238 2376 4291 culum
2407 4234 2622 4305 quando
2642 4232 2960 4303 Sapphiram
2983 4232 3236 4298 convicit,
3266 4230 3406 4300 quod
3430 4230 3647 4301 quidem
3673 4239 3795 4285 erat

2195 4328 2492 4400 prophetim
2516 4343 2530 4392 ;
2563 4335 2615 4382 et
2642 4325 2853 4396 quando
2882 4323 3072 4395 linguis
3096 4322 3414 4394 loquebatur
3434 4324 3626 4379 Petrus
3651 4340 3665 4374 :
3695 4321 3792 4376 sed

2197 4432 2323 4478 tunc
2350 4420 2563 4492 quidem
2595 4419 2809 4473 fuerunt
2851 4431 3038 4472 omnes
3067 4414 3327 4481 coerciti;
3370 4413 3585 4484 quando
3610 4422 3791 4466 autem

2195 4516 2517 4589 loquebatur
2543 4513 2762 4582 linguis,
2787 4511 2948 4564 etiam
2981 4524 3079 4578 pro
3101 4508 3272 4562 deliro
3291 4514 3375 4560 est
3400 4505 3632 4559 habitus.
3656 4502 3791 4556 Cum

2197 4627 2329 4682 ergo
2359 4609 2586 4664 dixisset
2629 4605 2864 4672 linguam
2895 4614 3001 4654 non
3038 4599 3304 4673 profuisse
3325 4637 3340 4661 ,
3384 4604 3439 4650 et
3468 4595 3571 4649 hoc
3616 4594 3793 4665 ipsum

2200 4720 2387 4760 rursus
2416 4704 2795 4758 extenuasset,
2826 4708 2892 4747 eo
2918 4690 3059 4762 quod
3088 4690 3299 4758 culpam
3328 4688 3381 4742 in
3408 4686 3624 4743 Judzeos
3656 4701 3793 4742 eon-

2200 4775 2448 4861 tulisset,
2480 4789 2781 4863 procedens
2805 4782 3042 4841 ostendit
3068 4780 3122 4835 id
3150 4782 3312 4836 etiam
3353 4778 3571 4835 latdere.
3603 4778 3673 4835 Et
3697 4793 3796 4833 cur

2202 4888 2385 4944 datum
2413 4884 2534 4941 est?
2565 4882 2634 4939 Ut
2680 4878 2934 4951 procedat
2961 4889 3082 4930 cum
3122 4872 3561 4942 interpretatione
3600 4888 3616 4926 :
3668 4884 3795 4925 nam

2203 4979 2406 5048 absque
2427 4975 2519 5031 illo
2541 4975 2703 5030 etiam
2730 4969 3060 5026 contrarium
3085 4964 3266 5020 evenit
3292 4965 3433 5036 apud
3460 4964 3795 5035 insipientes.

2207 5069 2289 5133 Si,
2321 5069 2463 5124 enim
2486 5107 2501 5131 ,
2531 5066 2703 5136 inquit
2722 5105 2737 5130 ,
2768 5077 2939 5117 omnes
2967 5058 3239 5129 loquantur
3262 5056 3475 5131 linguis,
3504 5057 3799 5129 ingredian—

2206 5170 2288 5214 tur
2315 5168 2488 5213 autem
2512 5154 2745 5226 inﬁdeles
2776 5162 2820 5207 et
2845 5150 3036 5213 idiotis,
3066 5149 3233 5203 dicent
3262 5167 3348 5205 vos
3374 5150 3634 5214 insanire,-
3660 5146 3800 5202 sicut

2208 5254 2366 5310 etiam
2398 5248 2626 5321 apostoli
2655 5243 2945 5301 existimati
2976 5250 3099 5295 sunt
3128 5242 3262 5297 ebrii
3294 5259 3307 5297 :
3335 5240 3592 5297 dicebant
3615 5235 3760 5293 enim
3780 5274 3798 5299 ,

2212 5347 2383 5402 Musio
2410 5344 2461 5397 hi
2491 5351 2609 5396 sunt
2636 5336 2815 5408 repleti
2845 5332 2995 5404 (Act.
3028 5332 3085 5388 2.
3115 5334 3230 5402 15).
3258 5331 3363 5389 Sed
3404 5349 3511 5387 non
3553 5338 3637 5386 est
3664 5325 3799 5397 signi

2212 5440 2386 5508 culpa,
2408 5449 2591 5489 rerum
2610 5432 2827 5485 illorum
2851 5424 3099 5480 ruditalis
3118 5434 3173 5479 et
3194 5423 3484 5494 iniustitiae.
3513 5420 3801 5488 Propterea

2211 5529 2438 5598 adjecit,
2476 5524 2661 5577 ldiota:
2687 5530 2732 5572 et
2762 5518 2991 5587 inﬁdeles
3021 5532 3039 5571 :
3067 5531 3237 5586 quare
3281 5515 3493 5569 illorum
3517 5508 3804 5578 imperitiae

2213 5632 2264 5677 ct
2294 5617 2626 5674 infidelitatis
2654 5621 2737 5666 cst
2759 5610 3103 5667 existimatio.
3126 5608 3258 5664 Nam
3282 5613 3341 5662 ut
3369 5604 3518 5675 prius
3542 5601 3675 5668 dixi,
3698 5616 3802 5656 non

2215 5715 2268 5768 iu
2316 5713 2383 5767 iis
2422 5724 2541 5781 quin
2571 5705 2768 5761 dantur
2793 5703 2923 5758 vitio
2942 5743 2959 5769 ,
3003 5699 3100 5757 sed
3127 5700 3181 5755 in
3208 5699 3273 5754 iis
3301 5709 3421 5766 qua:
3445 5706 3554 5748 non
3579 5693 3805 5748 multum

2210 5807 2403 5883 juvant
2425 5846 2441 5875 ,
2469 5810 2696 5861 conatur
2723 5797 2925 5856 donum
2953 5808 3157 5871 ponere
3178 5834 3196 5865 ,
3224 5799 3285 5849 ut
3311 5802 3410 5848 eos
3430 5787 3721 5864 reprimat,
3752 5798 3804 5846 ct
