4014 6208
188 315 290 373 ευτ

179 431 270 481 κα)
297 427 427 482 οὐδ’
448 427 638 493 οὕτως
666 430 1138 484 είσακούσονταί
1157 449 1300 499 μου,
1325 431 1490 500 λέγει
1520 431 1762 499 Κύριος.

179 511 370 564 Καίτοι
392 526 458 578 γε
479 509 715 579 οὐδαμοῦ
739 512 795 562 ἒν
825 509 904 581 τῷ
929 513 1076 582 νόμῳ
1098 514 1434 584 γέγραπται,
1460 512 1599 577 ἀλλ’,
1626 514 1765 582 ὅπερ

175 591 345 660 ἔφθην
385 590 580 651 είπὼν.
627 593 806 645 πᾶσαν
837 593 937 665 τὴν
983 595 1228 649 Παλαιὰν
1281 596 1370 648 ἀεὶ
1413 594 1578 664 νόμον
1611 593 1767 648 καλεῖ

177 674 268 726 καὶ
296 674 423 734 τοὺς
455 675 740 742 προφήτας
772 676 868 728 καὶ¹
894 677 994 739 τάς
1019 677 1280 746 ἱστορίας.
1309 675 1556 747 Παράγει
1584 675 1641 728 δέ
1665 675 1764 744 τὴν

180 755 490 827 μαρτυρίαν
532 756 639 808 ἀπὸ
675 756 907 811 Ἡσαΐου
946 758 1042 812 τοῦ
1080 761 1382 829 προφήτου,
1431 758 1592 811 πάλιν
1627 758 1762 809 ὐποο

175 839 504 908 τεμνόμενος
529 838 626 891 τοῦ
660 841 998 910 χαρίσματος
1034 843 1134 912 τὴν
1157 841 1337 907 δόξαν,
1365 840 1502 910 πρὸς
1530 840 1594 895 16
1622 838 1764 892 ἐκεί-

176 937 279 971 νων
313 922 586 991 χρήσιμον
612 939 626 953 ο
666 922 783 975 ἀλλ’
815 923 966 992 ὅμως
1007 923 1103 975 καὶ
1151 922 1296 976 οὕτω
1333 923 1451 992 μετ’
1482 921 1762 990 ἐγκωμίου

173 1003 389 1072 τίθησιν
439 1004 593 1058 αὑτό.
636 1006 710 1058 Τὸ
741 1006 872 1076 γὰρ,
910 1008 1065 1062 Οὐδὲ
1109 1007 1283 1071 οὕτω,
1327 1004 1635 1066 δεικνύντος
1671 998 1761 1073 ἦν,

174 1087 253 1138 δτι
280 1088 470 1141 ίκανὺν
502 1083 570 1160 ἦν
600 1090 798 1153 αὐτοὺς
832 1091 1099 1160 ἐκπλῆξαι
1142 1089 1204 1142 16
1236 1088 1450 1158 θαῦμα·
1484 1087 1532 1140 εί
1574 1087 1631 1139 δὲ
1663 1086 1763 1138 οὐκ

175 1169 530 1239 ἐπείσθησαν,
575 1169 802 1225 ἐκείνων
834 1173 895 1225 τὸ
923 1171 1196 1241 ἔγκλημα.
1234 1171 1345 1225 Καὶ
1379 1171 1524 1233 τίνος
1574 1169 1762 1221 ἕνεκεν

173 1253 305 1306 αὐτὸ
332 1253 590 1324 ἐποίησεν
612 1257 641 1308 ὀ
674 1256 830 1320 Θεὸς,
859 1257 908 1308 εί
943 1255 1016 1327 μὴ
1042 1254 1270 1323 ἔμελλον
1304 1253 1614 1316 πείθεσθαι;
1643 1251 1761 1304 Ἵνα

173 1334 239 1386 τά
280 1334 449 1388 αὑτοῦ
483 1337 760 1407 πανταχοῦ
796 1337 1052 1407 φαίνηται
1102 1336 1293 1390 ποιῶν.
1347 1334 1538 1400 Δείξας
1579 1333 1762 1386 τοίνυν

175 1416 266 1467 καὶ
311 1417 421 1470 ἀπὸ
474 1418 572 1488 τῆς
610 1420 967 1490 προφητείας,
1010 1419 1092 1470 δτι
1133 1419 1192 1472 06
1245 1417 1452 1489 σφόδρα
1491 1416 1763 1486 χρήσιμον

173 1497 234 1550 16
258 1501 508 1567 σημεῖον,
541 1502 818 1570 ἐπήγαγεν
845 1516 860 1532 ο
901 1501 1083 1555 Ὥστε
1126 1504 1184 1554 αὶ
1217 1499 1492 1569 γλῶσσαι
1533 1497 1620 1561 είς
1651 1510 1762 1560 ση-

172 1579 342 1646 μεῖόν
365 1585 543 1645 εἰσιν,
570 1584 642 1635 οὐ
671 1581 798 1646 τοῖς
834 1584 1253 1644 πιστεύουσιν,
1291 1581 1454 1635 ἀλλὰ
1478 1578 1602 1644 τοῖς
1627 1577 1763 1630 ἀπί-

174 1677 346 1728 στοις
373 1679 387 1692 ·
417 1662 456 1728 ἡ
500 1661 570 1715 δὲ
600 1665 934 1732 προφητεία
965 1666 1038 1718 οὐ
1084 1665 1211 1730 τοῖς
1262 1663 1562 1725 ἀπίστοις,
1601 1656 1764 1714 ἀλλὰ

174 1742 298 1810 τοῖς
324 1744 747 1801 πιστεύουσιν.
781 1746 924 1800 Ἐὰν
944 1741 1059 1800 οὖν
1083 1745 1354 1813 συνέλθῃ
1377 1746 1415 1812 ἡ
1435 1741 1764 1808 Ἐκκλησία

173 1824 289 1892 ὅλη
311 1826 411 1879 ἐπὶ
448 1828 510 1881 τὸ
543 1829 712 1890 αὐτὸ,
736 1827 836 1883 καί
873 1828 1097 1897 πάντες
1136 1830 1446 1899 γλώσσαις
1466 1823 1760 1888 λαλῶσιν,

171 1907 498 1963 εἰσέλθωσι
555 1909 625 1963 δὲ
658 1910 882 1965 ιδιῶται
926 1913 964 1980 ἢ
1015 1912 1280 1976 ἄπιστοι,
1320 1912 1432 1965 οὐκ
1494 1907 1760 1976 ἐροῦσιν,

173 1990 262 2042 ὅτι
312 1990 656 2056 Matr-atras;
714 1993 850 2047 Ἐὰν
881 1993 949 2048 δὲ
1006 1993 1231 2060 πάντες
1285 1990 1760 2059 προφητεύωσιν,

170 2070 424 2140 εἰσέλθῃ
453 2072 522 2126 δέ
545 2090 637 2139 τις
661 2073 920 2140 ἄπιστος
958 2075 995 2142 ἦ
1021 2075 1277 2141 ἰδιώτης,
1304 2073 1616 2141 ἐλέγχεται
1641 2068 1761 2124 ὑπὸ

171 2153 442 2216 πάντων,
472 2155 857 2223 ἀνακρίνεται
891 2157 1009 2210 ὑπὸ
1044 2155 1322 2210 πάντων·
1367 2153 1466 2208 καί
1509 2152 1663 2205 οὕτω
1691 2150 1764 2203 τὰ

170 2236 410 2305 κρυπτὰ
451 2237 565 2307 τῆς
605 2238 855 2306 καρδίας
895 2239 1084 2294 αὐτοῦ
1121 2237 1350 2308 φανερὰ
1387 2237 1636 2306 γίνεται,
1663 2230 1763 2285 καί

172 2319 383 2374 πεσὼν
409 2319 510 2373 ἐπὶ
551 2321 883 2389 πρόσωπον
910 2319 1329 2390 προσκυνήσει
1372 2319 1453 2382 τῷ
1496 2315 1618 2380 Θεῷ
1646 2315 1763 2369 ἀπ·-

170 2403 508 2473 ογγέλλων,
543 2403 634 2458 ὅτι
665 2405 810 2472 Θεὸς
849 2404 1036 2470 ὅντως
1077 2404 1148 2458 ἐν
1188 2403 1351 2473 ὑμῖν,
1370 2402 1524 2455 ἐστι.
1556 2395 1762 2467 Πολλὴν

171 2470 410 2539 ἐνταῦθα
450 2487 514 2540 ἐκ
555 2486 664 2539 τῶν
703 2470 1012 2559 εἰρημένων
1045 2485 1146 2558 τὴν
1180 2470 1523 2556 ἐπαπδρησιν
1553 2481 1654 2534 ῖδοι
1678 2496 1763 2541 τις

170 2568 257 2622 ἄν.
289 2569 355 2622 Et
389 2569 500 2640 γάρ
532 2572 644 2632 τοῖς
670 2569 919 2632 ἀπίστοις
964 2569 1188 2639 σημεῖόν
1235 2572 1373 2621 είσιν
1409 2567 1467 2619 al
1497 2563 1761 2633 γλῶσσαι,

171 2651 290 2714 πῶς
309 2651 482 2718 λέγει.
525 2651 652 2704 Ἐὰν
686 2651 868 2704 ἴδωσιν
899 2653 1045 2721 ὑμᾶς
1067 2651 1342 2719 γλώσσαις
1376 2646 1678 2706 λαλοῦντας
1711 2645 1763 2696 οί

169 2732 414 2793 ἄπιστοι,
443 2730 677 2802 ἐροῦσιν,
704 2732 786 2785 δτι
816 2732 1141 2797 Matr-edas;
1175 2731 1270 2784 καὶ
1300 2732 1349 2784 εί
1369 2733 1679 2802 προφητεία
1700 2731 1760 2784 06

169 2815 283 2877 τοῖς
331 2813 606 2878 ἀπίστοις,
659 2812 796 2867 ἀλλὰ
833 2815 944 2877 τοῖς
981 2812 1325 2877 πιστεύουσι,
1376 2812 1492 2875 πῶς
1570 2814 1663 2867 καὶ
1711 2814 1761 2865 οί

169 2896 396 2950 ἄπιστοι
424 2896 484 2962 ἐξ
519 2895 692 2966 αὐτῆς
733 2894 1117 2967 κερδανοῦσινς
1182 2895 1324 2950 Ἐὰν
1351 2895 1459 2967 γάρ
1492 2894 1760 2964 εἰσέλθῃ,

170 2979 363 3048 φησὶν,
396 2977 655 3044 ἄπιστος
681 2978 1184 3047 προφητευόντων
1213 2975 1382 3046 ὑμῶν
1401 3017 1414 3041 ,
1451 2977 1763 3047 ἐλέγχεται

169 3060 293 3116 ὑπὸ
319 3061 586 3128 πάντων,
619 3060 718 3115 καί
746 3062 1151 3130 ἀνακρίνεται.
1186 3062 1299 3130 Οὐχ
1323 3059 1461 3131 αὕτη
1489 3060 1547 3114 δέ
1581 3061 1760 3132 μόνον,

169 3143 315 3196 ἀλλά
345 3143 442 3196 καὶ
476 3142 615 3213 μετὰ
648 3142 850 3213 ταύτην
879 3143 1107 3213 δευτέρα
1135 3143 1297 3213 ἑτέρα
1323 3142 1550 3213 ζήτησις
1579 3143 1764 3197 ἐντεῦ-

165 3227 265 3280 θεν
299 3225 499 3296 φύεται
527 3239 540 3254 ⁸
577 3229 824 3294 φανεῖται
848 3226 1014 3297 γὰρὴ
1052 3225 1270 3294 γλῶττα
1303 3225 1467 3279 πάλιν
1497 3225 1598 3294 τῆς
1631 3243 1764 3296 προ-

168 3309 410 3380 φητείας
443 3308 664 3379 μείζων.
699 3311 760 3363 Εἰ
780 3309 889 3380 γάρ
916 3311 970 3363 al
999 3309 1245 3376 γλῶσσαι
1277 3309 1357 3371 είς
1390 3310 1616 3376 σημεῖον
1653 3311 1765 3371 τοῖς

173 3391 452 3456 ἀπίστοις,
479 3392 513 3463 ή
548 3391 602 3444 δὲ
632 3391 936 3462 προφητεία
959 3393 1072 3454 τοῖς
1102 3392 1335 3454 πιστοῖς,
1360 3390 1422 3442 16
1446 3390 1574 3452 τοὺς
1601 3389 1760 3443 ἀλλο-

170 3475 365 3544 τρίους
415 3473 778 3543 ἐφελκόμενον
820 3471 971 3545 [554]
1002 3473 1098 3526 καὶ
1138 3471 1396 3537 οἰκειοῦν,
1445 3471 1631 3542 μεῖζον
1667 3469 1763 3524 τοῦ

179 3557 542 3625 ρυθμίζοντος
585 3557 712 3618 τοὺς
754 3557 1008 3619 οἰκείους.
1047 3557 1110 3608 Τί
1149 3551 1242 3609 οὖν
1299 3557 1416 3608 ἐστι
1450 3555 1511 3608 16
1544 3555 1766 3626 εἰρημέ-

175 3654 304 3703 νον;
337 3637 505 3690 Οὐδὲν
535 3636 793 3690 δύσκολον
827 3638 946 3689 οὐδὲ
979 3637 1187 3704 ἀσαφὲς
1215 3637 1335 3689 οὐδὲ
1369 3637 1611 3689 ἐναντίον
1653 3638 1766 3698 τοῖς

175 3718 514 3789 ἔμπροσθεν,
554 3717 690 3771 ἀλλά
732 3719 826 3770 καὶ
858 3719 1063 3788 σφόδρα
1107 3717 1422 3788 συμϐαῖνον,
1467 3721 1563 3770 ἐὰν
1595 3732 1766 3787 προσ-

175 3801 421 3869 ἑχωμεν.
465 3800 529 3852 ’Π
565 3799 663 3871 μὲν
706 3800 812 3872 γάρ
850 3800 1156 3871 προφητεία
1211 3797 1542 3868 ἀμφοτέροις
1577 3799 1768 3867 ἐπιτή-

179 3883 381 3950 δειοςκ
415 3885 451 3954 ή
498 3883 554 3935 δέ
593 3883 811 3951 γλῶττα
849 3884 1051 3938 οὐκέτι.
1095 3882 1292 3952 Διόπερ
1336 3880 1502 3934 εἰπὼν
1537 3881 1630 3933 ἐπὶ
1669 3881 1767 3950 τῆς

178 3965 454 4037 γλώττης,
482 3968 585 4032 Είς
626 3968 878 4037 σημεῖόν
921 3968 1073 4030 ἐστι,
1120 3965 1479 4036 προσέθηκεν,
1531 3966 1612 4018 Οὐ
1641 3963 1767 4028 τοῖς

179 4052 606 4116 πιστεύουσιν,
634 4050 794 4105 ἀλλὰ
817 4051 939 4116 τοῖς
973 4051 1272 4115 ἀπίστοις,
1306 4048 1402 4101 καί
1429 4048 1661 4113 τούτοις
1681 4049 1768 4111 είς

181 4132 460 4201 σημεῖον,
485 4132 780 4194 τουτέστιν,
805 4136 882 4194 είς
911 4132 1190 4202 ἔκπληξιν,
1221 4133 1323 4184 οὑκ
1351 4132 1430 4192 είς
1465 4131 1767 4201 κατήχησιν

179 4215 461 4270 τοσοῦτον.
503 4215 662 4269 Ἀλλὰ
711 4214 807 4268 καὶ
848 4216 940 4267 ἐπὶ
984 4214 1082 4284 τῆς
1128 4213 1484 4285 προφητείας,
1525 4213 1678 4282 φησὶ,
1707 4213 1768 4264 16

184 4299 320 4353 a616
338 4297 497 4352 τοῦτο
514 4299 789 4368 ἐποίησεν,
811 4294 1000 4361 εἰπὼν,
1017 4297 1085 4350 ἰι
1113 4297 1181 4349 δὲ
1201 4295 1531 4363 προφητεία
1549 4297 1621 4348 οὐ
1642 4294 1768 4360 τοῖς

183 4382 487 4447 ἀπίστοις,
516 4381 677 4435 ἀλλὰ
705 4379 829 4445 τοῖς
856 4379 1269 4432 πιστεύουσιν.
1294 4376 1430 4430 υύδὲ
1448 4375 1555 4446 γὰρ
1580 4377 1769 4445 χρείαν

185 4465 303 4533 ἔχει
339 4463 368 4516 ὁ
397 4463 586 4526 πιστὸς
611 4464 834 4532 σημεῖον
870 4461 1019 4524 ίδεῖν,
1048 4461 1184 4516 ἀλλά
1223 4459 1570 4521 διδασκαλίας
1594 4459 1766 4512 δεῖται

188 4550 357 4618 μόνον
390 4547 484 4600 καὶ
511 4546 886 4616 κατηχήσεως.
925 4545 1050 4609 Πῶς
1086 4541 1180 4598 οὖν
1219 4545 1283 4598 σὺ
1333 4544 1533 4611 λέγεις,
1580 4544 1766 4612 φησὶν,

187 4629 522 4698 ἀμφοτέροις
556 4629 826 4697 χρήσιμον
865 4627 1007 4680 εἶναι
1055 4629 1153 4698 τὴν
1199 4624 1554 4698 προφητείαν,
1603 4625 1769 4678 αὐτοῦ

186 4711 465 4781 λέγοντος,
491 4711 574 4764 Οὐ
607 4710 728 4776 τοῖς
751 4712 1053 4776 ἀπίστοις,
1097 4711 1261 4767 ἀλλὰ
1290 4709 1414 4773 τοῖς
1452 4709 1772 4764 πιστεύου-

187 4810 336 4857 cur;
376 4789 502 4844 Ἐὰν
548 4792 791 4864 ἀκριϐῶς
841 4793 1122 4866 ἐξετάσῃς,
1173 4792 1298 4865 εἴσῃ
1341 4792 1400 4845 16
1457 4791 1768 4863 λεγόμενον.

189 4876 329 4929 Οὐδὲ
353 4872 461 4942 γὰρ
488 4867 660 4933 εἶπεν,
690 4875 770 4928 ὃτι
808 4877 909 4928 οὑκ
941 4874 1057 4928 ἔστι
1101 4876 1424 4945 χρήσιμοςή
1466 4874 1773 4945 προφητεία

187 4961 304 5021 τοῖς
331 4956 605 5021 ἀπίστοις,
654 4957 794 5021 ἀλλ’,
836 4959 952 5012 06x
998 4958 1146 5012 ἐστιν
1197 4960 1277 5020 είς
1320 4959 1566 5026 σημεῖον,
1613 4957 1689 5021 ὡς
1739 4959 1772 5027 ἠ

189 5042 434 5112 γλῶττα,
466 5038 741 5108 ἀνωφελὲς
791 5043 1053 5111 δηλονότι.
1112 5043 1248 5096 Οὐδέ
1278 5045 1388 5105 τοῖς
1429 5042 1676 5104 ἀπίστοις
1720 5059 1773 5093 τι

189 5123 524 5199 χρήσιμονὴ
559 5121 806 5190 γλῶττα’
839 5125 896 5177 ἓν
930 5125 1038 5194 γὰρ
1070 5126 1240 5191 αὐτῆς
1277 5127 1392 5176 ἐστι
1425 5123 1484 5175 16
1513 5123 1690 5194 ἔργον,
1714 5123 1775 5175 16

191 5204 467 5275 ἐκπλῆξαι
499 5203 659 5273 μόνον
695 5206 790 5259 καὶ
826 5207 1146 5278 θορυϐῆσαι.
1179 5207 1252 5259 Τὸ
1277 5206 1385 5275 γάρ
1420 5207 1643 5272 σημεῖον
1667 5205 1774 5257 τῶν

195 5289 386 5361 μέσων
415 5285 560 5338 ἐστίν
581 5300 597 5315 ·
622 5285 696 5348 ὡς
721 5287 848 5339 ὅταν
865 5289 1021 5359 λέγῃ,
1046 5290 1312 5356 Ποίησον
1335 5285 1462 5356 μετ’
1482 5285 1628 5354 ἐμοῦ
1667 5299 1777 5354 ση-

189 5373 386 5445 μεῖον,
433 5368 528 5422 καὶ
577 5367 956 5439 προστίθησιν,
1003 5375 1090 5437 είς
1122 5371 1380 5440 ἀγαθόν’
1435 5368 1530 5420 καὶ
1577 5366 1775 5433 πάλιν,

207 5453 544 5523 Ἐγενήθην
587 5451 728 5504 ὡσεί
774 5450 949 5519 τέρας
980 5453 1105 5519 τοῖς
1153 5451 1428 5518 πολλοῖς,
1471 5447 1770 5518 τουτέστιν,

196 5539 276 5598 εἰς
309 5537 550 5606 σημεῖον.
1061 5553 1063 5555 ί

267 5618 336 5689 ῥ’.
381 5619 488 5670 Καὶ
521 5617 608 5670 ἵνα
639 5613 836 5686 μάθῃς,
861 5615 943 5668 ὅτι
978 5613 1036 5667 16
1067 5621 1289 5687 σημεῖον
1322 5615 1553 5670 ἐνταῦθα
1586 5613 1684 5684 οὺχ
1703 5613 1777 5679 ὡς

1176 321 1240 375 IN
1285 319 1502 376 EPIST.
1546 319 1564 373 Ι
1604 318 1698 374 AD
1731 316 1890 374 ςοιι.
1936 316 2170 374 HOMIL.
2208 318 2445 402 ξιχχνι.

3344 321 3451 376 508

1867 432 2044 502 πάντη
2087 433 2360 503 χρήσιμόν
2404 451 2458 486 τι
2495 432 2685 488 ποιοῦν
2733 435 3077 506 παρήγαγεν,
3111 438 3356 509 ἐπήγαγε
3387 439 3452 492 16

1865 513 1926 577 ἐξ
1958 513 2126 565 αὑτοῦ
2164 517 2472 584 γινόμενον.
2510 516 2574 569 Τί
2613 517 2669 571 δὲ
2713 513 2782 589 ἦν
2815 518 3005 586 τοῦτο;
3049 521 3308 589 Ἐροῦσι,
3345 540 3453 593 φη-

1867 594 1975 660 σὶν,
2024 594 2115 649 ὅτι
2165 598 2487 653 Mair-£008.
2542 598 2710 652 Τοῦτο
2735 599 2792 653 δέ
2819 601 2881 653 o6
2912 601 3062 673 παρά
3101 603 3202 673 τὴν
3229 602 3324 655 τοῦ
3352 621 3452 674 ση-

1868 677 2022 747 μείου
2065 679 2246 746 φύσιν,
2280 681 2416 734 ἀλλά
2455 682 2606 753 παρὰ
2636 682 2734 752 τὴν
2782 685 2967 737 ἄνοιαν
2997 684 3241 738 ἐκείνων.
3299 686 3449 738 Ἀπί-

1865 775 2028 821 στους
2061 759 2119 813 δὲ
2169 762 2300 814 ὅταν
2346 762 2607 834 ἀκούσῃς,
2647 765 2721 835 μὴ
2754 765 2879 829 τοὺς
2920 766 3114 828 αὐτοὺς
3170 766 3454 835 πανταχοῦ

1865 839 2054 909 νόμιζε
2089 841 2362 908 λέγεσθαι,
2412 845 2548 898 ἀλλά
2579 846 2710 898 ποτέ
2743 847 2842 915 μέν
2865 848 2992 910 τοὺς
3028 847 3094 899 τὰ
3141 847 3332 900 ἀνίατα
3361 862 3452 899 νο-

1866 921 2093 985 σοῦντας
2124 925 2218 976 καὶ
2243 926 2606 997 ἀδιορθώτους
2637 929 2922 998 μένοντας,
2960 929 3089 982 ποτέ
3118 929 3174 982 δέ
3203 930 3330 992 τοὺς
3356 931 3453 982 καὶ

1867 1004 2262 1073 μεταϐαλέσθαι
2310 1007 2659 1076 δυναμένους,
2691 1006 2793 1062 οἷοι
2833 1007 2974 1079 ἦσαν
3029 1014 3120 1064 ἐπὶ
3168 1011 3281 1064 τῶν
3312 1012 3451 1064 ἀπο-

1865 1086 2065 1139 στόλων
2093 1088 2142 1140 οί
2177 1088 2548 1158 θαυμάζοντες
2576 1090 2644 1144 τὰ
2671 1091 2938 1160 λεγόμενα
2979 1092 3072 1144 τοῦ
3107 1093 3244 1145 Θεοῦ
3281 1110 3452 1162 μεγα-

1862 1167 1978 1220 λεῖα
1998 1185 2012 1198 ·
2037 1166 2140 1223 οἷοι
2167 1171 2263 1225 ἐπὶ
2288 1172 2380 1224 τοῦ
2415 1172 2737 1243 Κορνηλίου.
2788 1176 2854 1226 Ὃ
2881 1175 3060 1227 τοίνυν
3089 1174 3258 1242 λέγει,
3291 1175 3454 1229 τοῦτό

1864 1252 2014 1304 ἐστιν
2036 1268 2050 1283 ⁸
2083 1254 2220 1323 δτιή
2255 1255 2353 1322 μὲν
2383 1255 2690 1326 προφητεία
2723 1257 2816 1309 καὶ
2847 1259 2904 1310 ἐν
2939 1258 3051 1320 τοῖς
3077 1258 3328 1320 ἀπίστοις
3357 1259 3452 1311 καὶ

1865 1335 1923 1386 ἐν
1947 1337 2058 1397 τοῖς
2099 1340 2308 1399 πιστοῖς
2345 1339 2516 1408 ίσχύει
2542 1356 2554 1368 °
2587 1339 2684 1409 τὴν
2719 1339 2776 1393 δέ
2811 1339 3059 1407 γλῶτταν
3085 1339 3372 1402 ἀκούοντες
3399 1341 3450 1392 οί

1862 1417 2078 1470 ἄπιστοι
2108 1419 2201 1470 καὶ
2233 1420 2470 1491 ἀνόητοι,
2500 1422 2560 1474 06
2599 1421 2757 1491 μόνον
2792 1423 2853 1474 o6
2886 1421 3282 1491 κερδαίνουσιν,
3312 1419 3455 1473 ἀλλά

1862 1497 1956 1549 καὶ
1993 1500 2390 1564 καταγελῶσιν,
2419 1501 2496 1564 ὡς
2520 1503 2884 1572 μαινομένων,
2908 1503 3016 1556 τῶν
3038 1501 3447 1572 φθεγγομένων.

1863 1578 1974 1631 Καὶ
2005 1580 2113 1648 γάρ
2139 1581 2220 1639 είς
2253 1584 2478 1649 σημεῖόν
2505 1585 2655 1636 ἐστιν
2700 1586 2886 1647 αὐτοῖς
2915 1585 3104 1654 μόνον·
3150 1584 3447 1648 τουτέστιν,

1863 1661 1943 1723 είς
1967 1660 2028 1712 16
2076 1661 2476 1732 ἐκπλήττεσθαι
2521 1665 2745 1728 ἁπλῶς·
2781 1667 2858 1728 ὡς
2886 1666 2941 1719 οῖ
2966 1683 3029 1732 γε
3071 1665 3197 1719 νοῦν
3234 1665 3454 1734 ἔχοντες

1863 1743 1959 1796 καὶ
1981 1742 2315 1814 ἐκέρδαινον,
2350 1746 2415 1798 δι’
2445 1745 2474 1798 ὃ
2502 1747 2659 1816 ἐδόθη
2690 1747 2752 1800 16
2778 1751 3027 1817 σημεῖον.
3054 1749 3130 1801 Οὐ
3155 1747 3262 1818 γάρ
3289 1749 3455 1817 μόνον

1863 1825 1910 1878 οί
1966 1825 2136 1897 μέθην
2184 1826 2363 1880 αὐτῶν
2419 1829 2855 1900 κατηγοροῦντες
2911 1824 3050 1898 ἦσαν
3108 1828 3253 1890 τότε,
3308 1827 3450 1881 άλλά

1865 1907 2049 1961 πολλοὶ
2080 1909 2175 1962 καὶ
2220 1909 2530 1981 ἐθαύμαζον
2574 1911 2793 1974 αὐτοὺς,
2827 1911 2903 1974 ὠς
2935 1910 3005 1964 τά
3053 1909 3315 1981 μεγαλεῖα
3348 1907 3448 1961 τοῦ

1863 1989 2001 2043 Θεοῦ
2051 1991 2466 2062 διηγουμένους’
2515 1991 2655 2046 ὥστε
2701 1995 2749 2047 οἱ
2800 1993 3084 2060 γελῶντες,
3133 1993 3183 2045 οί
3228 1990 3446 2060 ἀνόητοι

1861 2069 2024 2142 ἦσαν.
2071 2075 2162 2127 Διὸ
2204 2076 2298 2128 καὶ
2327 2075 2540 2139 Παῦλος
2581 2077 2679 2146 οὐχ
2725 2076 2910 2141 ἁπλῶς
2946 2070 3120 2138 εἶπεν,
3166 2067 3451 2142 Ἐροῦσιν

1846 2153 1954 2206 ’ὅτι
1982 2157 2305 2216 Mair-£003.
2338 2157 2474 2212 ἀλλὰ
2516 2158 2879 2230 προσέθηκεν,
2926 2157 3140 2212 ’διῶται
3171 2156 3270 2210 καί
3306 2154 3444 2209 ἀπι-

1863 2250 2018 2288 στοι.
2063 2235 2126 2287 Ἦ
2152 2236 2209 2288 δὲ
2240 2239 2544 2308 προφητεία
2573 2240 2671 2293 οὐκ
2700 2243 2779 2303 είς
2811 2243 3037 2310 σημεῖον
3069 2237 3278 2302 ἀπλῶς.
3308 2236 3452 2292 ἀλλὰ

1863 2316 1959 2369 καὶ
2001 2319 2082 2380 είς
2111 2318 2292 2370 πίστιν
2321 2320 2414 2371 καὶ
2453 2323 2534 2383 είς
2580 2321 2850 2390 ὠφέλειαν
2885 2322 3220 2394 ἀμφοτέροις
3250 2322 3445 2393 ἐπιτη-

1863 2397 1982 2452 δεία
2035 2399 2129 2452 καὶ
2179 2401 2469 2470 χρήσιμος.
2519 2404 2628 2455 Καὶ
2658 2404 2815 2458 τοῦτο
2868 2407 2918 2458 εί
2965 2407 3059 2460 καὶ
3106 2404 3182 2476 μὴ
3219 2403 3444 2468 εὐθέως,

1861 2481 2000 2535 ἀλλά
2040 2482 2129 2536 διά
2160 2482 2266 2537 τῶν
2308 2482 2436 2553 ἑξῆς
2481 2486 2812 2556 σαφέστερον
2843 2489 3208 2560 ἡρμήνευσεν,
3240 2486 3448 2540 εἰπών’

1875 2566 2218 2634 Ἐλέγχεται
2250 2566 2370 2621 ὑπὸ
2419 2565 2680 2621 πάντων.
2726 2570 2859 2621 Ἐὰν
2899 2569 3009 2636 γὰρ
3042 2567 3263 2633 πάντες
3299 2583 3446 2635 προ-

1862 2648 2189 2714 φητεύωσι,
2225 2649 2409 2717 φησὶν,
2453 2649 2698 2718 είσέλθῃ
2727 2649 2794 2702 δέ
2823 2648 2975 2721 [555]
3005 2666 3096 2714 τις
3121 2648 3377 2710 ἄπιστος
3402 2647 3450 2716 ἡ

1865 2727 2135 2794 ἰδιώτης,
2196 2730 2504 2799 ἐλέγχεται
2558 2731 2678 2786 ὑπὸ
2746 2731 3008 2794 πάντων,
3066 2729 3444 2797 ἀνακρίνεται

1861 2811 1982 2864 ὑπὸ
2028 2813 2290 2875 πάντων,
2344 2815 2440 2866 καί
2481 2815 2634 2866 οὕτω
2677 2815 2749 2869 τὰ
2783 2817 3016 2883 κρυπτὰ
3048 2814 3158 2883 τῆς
3197 2811 3446 2880 καρδίας

1861 2890 2047 2946 αὑτοῦ
2074 2893 2303 2961 φανερὰ
2339 2895 2585 2958 γίνεται,
2613 2895 2713 2947 καί
2742 2897 2950 2949 πεσὼν
2993 2897 3092 2949 ἐπί
3120 2894 3451 2964 πρόσωπον

1863 2975 2277 3043 προσκυνήσει
2306 2973 2384 3040 τῷ
2423 2975 2565 3040 Θεῷ.
2601 2976 3000 3046 ἀπαγγέλλων
3027 2977 3116 3030 ὅτι
3156 2977 3301 3042 Θεὸς
3342 2974 3443 3030 δν-

1864 3074 1978 3123 τως
2033 3058 2102 3111 ἐν
2151 3058 2292 3128 ὑμῖν
2323 3058 2513 3113 ἐστιν.
2557 3060 2720 3112 Ὥστε
2753 3061 2814 3112 06
2842 3059 3016 3127 τούτῳ
3052 3058 3211 3129 μόνον
3244 3059 3447 3128 μείζων

1864 3141 1897 3210 ἡ
1931 3143 2237 3211 προφητεία
2264 3141 2341 3212 τῷ
2374 3143 2430 3194 ἐν
2477 3143 2762 3213 ἑκατέροις
2813 3141 3039 3212 ἰσχύειν,
3073 3139 3209 3193 ἀλλά
3240 3141 3335 3192 καὶ
3363 3140 3446 3210 τῷ

1862 3223 1992 3285 τοὺς
2053 3225 2570 3296 ἀναισχυντοτέρους
2628 3225 2736 3281 τῶν
2791 3226 3035 3279 ἀπίστων
3097 3222 3437 3292 ἐφέλκεσθαι.

1864 3307 1999 3359 Οὑδέ
2050 3307 2160 3378 γὰρ
2207 3307 2268 3358 τὺ
2304 3308 2454 3360 αὐτὸ
2503 3307 2688 3375 θαῦμα
2739 3304 2828 3377 ἦν,
2860 3309 2948 3360 ὅτε
2981 3307 3080 3378 τὴν
3124 3305 3438 3375 Σάπφειραν

1863 3387 2108 3459 ἤλεγξεν,
2163 3389 2301 3459 ὅπερ
2352 3388 2688 3458 προφητείας
2751 3385 2841 3458 ἦν,
2909 3389 3003 3441 καὶ
3035 3389 3124 3440 ὅτε
3172 3385 3445 3456 γλώσσαις

1865 3470 2044 3524 ἐλάλει
2071 3471 2276 3541 Πέτρος
2297 3488 2311 3500 ο
2338 3470 2476 3523 ἀλλά
2504 3470 2623 3524 τότε
2658 3470 2756 3540 μὲν
2784 3470 2983 3532 πάντες
3015 3469 3442 3537 συνεστάλησαν.

1864 3554 1952 3605 ὅτε
1999 3550 2056 3603 δὲ
2102 3551 2376 3619 γλώσσαις
2420 3550 2620 3612 ἐλάλει,
2674 3552 2767 3604 καὶ
2823 3551 3229 3622 παραπαίοντος
3284 3549 3443 3603 ἔλαϐε

1864 3635 2040 3698 δόξαν.
2082 3632 2268 3686 Εἰπὼν
2301 3633 2503 3696 τοίνυν,
2543 3634 2624 3685 ὅτι
2671 3634 2771 3686 οὐκ
2799 3633 3047 3703 ὠφέλησε
3072 3631 3308 3700 γλῶττα,
3347 3631 3443 3683 καὶ

1866 3715 2268 3785 ὑποτεμόμενος
2330 3715 2493 3768 πάλιν
2537 3714 2670 3767 αὐτὸ
2705 3715 2862 3767 τοῦτο
2892 3714 2970 3782 τῷ
2995 3715 3056 3767 16
3090 3714 3336 3785 ἔγκλημα
3364 3715 3444 3774 είς

1864 3797 1994 3857 τοὺς
2058 3793 2348 3856 Ἰουδαίους
2396 3793 2745 3864 περιτρέψαι,
2804 3791 3010 3863 προῖὼν
3056 3791 3324 3844 δείκνυσιν
3362 3792 3444 3845 δτι

1867 3877 1962 3931 καὶ
2004 3876 2249 3947 βλάπτει.
2308 3876 2415 3929 Καὶ
2446 3877 2609 3941 τίνος,
2641 3876 2825 3945 φησὶν,
2870 3874 3056 3927 ἕνεκεν
3089 3872 3280 3944 ἐδόθη;
3327 3874 3446 3925 Ἵνα

1871 3961 2011 4030 μετὰ
2040 3961 2335 4030 ἑρμηνείας
2369 3961 2533 4030 προΐῃ
2619 3960 2695 4022 ὠς
2739 3958 2930 4011 τούτου
2978 3957 3167 4028 χωρὶς,
3197 3957 3291 4010 καὶ
3318 3955 3444 4009 τού-

1868 4043 2079 4096 ναντίον
2104 4043 2346 4095 ἐκϐαίνει
2371 4043 2518 4112 παρὰ
2543 4043 2655 4103 τοῖς
2678 4041 2941 4110 ἀνοήτοις.
2977 4042 3112 4095 Ἐὰν
3134 4040 3263 4112 γὰρ,
3289 4040 3442 4111 φησὶ,

1871 4123 2176 4195 γλώσσαις
2199 4123 2422 4189 πάντες
2446 4122 2743 4185 λαλῶσιν.
2771 4124 3084 4177 εἰσέλθωσι
3115 4122 3183 4176 δὲ
3204 4122 3446 4176 ἄπιστοι

1869 4208 1907 4274 ἢ
1940 4206 2181 4269 ίὸιῶται,
2202 4206 2467 4274 ἐροῦσιν,
2495 4205 2583 4258 ὅτι
2605 4207 2902 4259 Μαίνεσθε
2920 4217 2934 4230 ⁸
2960 4203 3213 4273 καθάπερ
3240 4200 3332 4258 οὖν
3351 4206 3446 4256 καὶ

1869 4291 1918 4342 οί
1970 4289 2257 4342 ἀπόστολοι
2291 4288 2596 4358 μεθυόντων
2624 4287 2928 4359 ἐλάμϐανον
2955 4287 3237 4340 ὑπόνοιανο
3271 4283 3446 4342 οὗτοι

1870 4371 1999 4442 γάρ,
2025 4372 2177 4440 φησὶ,
2209 4372 2505 4437 γλεύκους
2525 4369 2968 4440 μεμεστωμένοι
3001 4370 3179 4424 είσίν.
3220 4368 3356 4421 Ἀλλ’
3386 4369 3451 4421 06

1869 4451 1965 4504 τοῦ
1988 4452 2213 4521 σημείου
2246 4451 2572 4522 κατηγορία,
2607 4453 2742 4506 ἀλλά
2772 4453 2869 4523 τῆς
2902 4453 3126 4505 ἐκείνων
3159 4450 3446 4514 ἰδιωτείας.

1872 4534 1971 4587 Διά
2002 4532 2159 4588 τοῦτο
2195 4535 2554 4605 προσέθηκεν,
2598 4532 2844 4588 Ἰδιῶται
2876 4533 2973 4586 καί
3014 4533 3276 4596 ἄπιστοι,
3310 4533 3452 4587 ὥστε

1872 4616 1973 4685 τῆς
2013 4616 2235 4669 ἐκείνων
2281 4617 2538 4687 ἀπειρίας
2586 4618 2618 4687 ἠ
2671 4615 2940 4686 ὑπόληψις
2999 4615 3094 4666 καὶ
3169 4614 3446 4675 ἀπιστίας.

1874 4700 2052 4767 Ὅπερ
2079 4700 2189 4767 γὰρ
2221 4700 2392 4768 ἔφθην
2416 4701 2606 4762 είπὼν,
2631 4700 2733 4751 οὐκ
2761 4701 2819 4750 ὲν
2843 4699 2956 4760 τοῖς
2981 4695 3451 4764 διαϐεϐλημένοις,

1873 4780 1990 4836 ἀλλ’
2019 4782 2076 4832 ἐν
2093 4782 2206 4842 τοῖς
2230 4782 2291 4832 οὐ
2317 4781 2524 4850 σφόδρα
2541 4779 2812 4848 ὠφελοῦσι
2843 4777 3134 4839 σπουδάζει
3149 4775 3454 4841 κατατάξαι

1872 4864 1936 4918 16
1961 4862 2228 4933 χάρισμα,
2262 4861 2354 4913 καὶ
2379 4861 2555 4926 τοῦτο,
2584 4861 2725 4915 ὥστε
2754 4861 3104 4916 καταστεῖλαι
3133 4859 3329 4922 αὐτοὺς
3358 4862 3456 4915 καὶ

1875 4947 1957 5009 είς
1981 4945 2227 5015 ἀνάγκην
2260 4943 2487 5014 ἀγαγεῖν
2515 4944 2609 5000 τοῦ
2637 4947 2728 5000 τὸν
2757 4946 3126 5018 ἐρμηνεύοντα
3149 4943 3448 5014 ἐπιζητεῖν.

1887 5031 2105 5100 Ἐπειδὴ
2144 5029 2252 5101 γάρ
2291 5030 2352 5082 06
2392 5031 2527 5101 πρὸς
2559 5031 2716 5085 τοῦτο
2740 5030 2946 5103 ἐώρων,
2982 5030 3117 5084 ἀλλά
3163 5027 3299 5097 πρὸς
3329 5027 3451 5079 ἐπί-

1875 5114 2043 5182 δειξιν
2071 5115 2220 5185 αὐτῷ
2250 5114 2345 5168 καὶ
2370 5115 2680 5186 φιλοτιμίαν
2708 5116 3002 5185 ἐκέχρηντο
3026 5115 3074 5165 ut
3105 5109 3312 5170 πολλοὶ,
3344 5109 3455 5162 ἀπὸ

1873 5198 2066 5252 τούτου
2098 5199 2332 5270 μάλιστα
2362 5197 2585 5266 ἀπάγει,
2613 5196 2825 5258 δεικνὺς
2860 5197 2943 5248 ὅτι
2966 5196 3044 5256 είς
3081 5191 3236 5256 δόξαν
3270 5208 3453 5260 παρα-

1877 5279 2227 5342 ϐλὰπτονται.
2261 5280 2458 5351 μανίας
2499 5279 2767 5350 ὑπόληψιν
2810 5275 3100 5344 κτώμενοι.
3156 5275 3266 5327 Καὶ
3295 5274 3461 5328 τοῦτο

1882 5363 2118 5433 μάλιστά
2166 5365 2335 5428 ἐστιν,
2383 5363 2412 5416 6
2445 5361 2684 5432 συνεχῶς
2715 5360 2984 5429 ἐπιχειρεῖ
3026 5355 3458 5432 κατασκευάζειν

1877 5447 1905 5496 ὁ
1945 5446 2176 5509 Παῦλος.
2223 5446 2352 5497 ὅταν
2388 5444 2529 5506 τινὸς
2559 5442 2794 5510 ἀπάγειν
2826 5440 3106 5512 βούληται,
3137 5442 3216 5503 είς
3247 5438 3387 5491 αὐτὰ
3415 5436 3454 5493 ἃ

1880 5528 2143 5598 ἐπιθυμεῖ
2168 5526 2437 5579 δείκνυσιν
2467 5523 2631 5579 αὑτὸν
2674 5521 3214 5593 παραϐλατιτόμενον.
3248 5518 3356 5572 Καὶ
3387 5518 3458 5572 σὺ

1879 5611 2060 5666 τοίνυν
2101 5609 2244 5665 οὕτω
2277 5606 2453 5662 ποιεῖ·
2504 5605 2569 5662 ἂν
2595 5606 2787 5679 ἡδονῆς
2812 5605 3127 5678 ἀπαγάγῃς,
3155 5600 3325 5666 δεῖξον
3371 5599 3455 5655 ὅτι
