4038 6216
238 326 344 384 809

236 442 611 501 necessitatem
638 434 828 492 afferat
866 428 1176 501 requirendi
1215 428 1333 497 ejus
1378 427 1468 498 qui
1503 427 1827 494 interprete-

238 546 343 592 tur.
370 532 505 589 Nam
529 528 783 601 quoniam
822 540 929 581 non
959 536 1025 579 eo
1055 511 1399 591 spectabant,
1418 512 1527 571 sed
1551 515 1616 569 ad
1642 522 1829 569 osten-

238 630 493 685 tationem
518 624 812 696 gloriaque
839 628 895 673 ct
920 616 1142 673 honoris
1166 612 1514 683 cupiditatem
1548 607 1697 663 multi
1727 604 1830 662 hoc

236 722 380 779 dono
421 715 732 775 utebantur,
770 713 839 768 ab
879 724 948 766 eo
990 720 1223 763 maxime
1258 701 1509 760 abducit,
1538 696 1830 753 ostendens

235 828 330 871 eos
357 813 412 867 in
442 808 609 881 gloria
640 816 699 863 et
724 801 1121 861 existimatione
1161 808 1412 866 magnum
1440 790 1695 847 damnum
1734 802 1829 881 ae-

236 877 468 977 cipere;
498 908 565 956 ut
597 898 688 969 qui
733 897 785 951 in
818 892 1042 950 insania:
1087 885 1451 957 suspicionem
1477 882 1717 938 veniant.
1761 877 1831 932 Et

237 976 338 1053 hoc
382 1002 467 1051 est
513 990 779 1054 maxime,
827 984 971 1057 quod
1008 979 1230 1059 assidue
1275 976 1556 1033 adstruere
1602 981 1831 1028 conatur

237 1087 469 1151 Paulus;
497 1081 713 1153 quando
738 1078 852 1133 vult
876 1075 945 1130 ab
972 1062 1149 1142 aliqua
1180 1084 1241 1124 re
1263 1066 1532 1123 abducere
1549 1108 1562 1129 ,
1593 1062 1831 1119 ostendit

234 1194 354 1238 eum
384 1174 509 1233 ιωᾶί
528 1180 581 1230 in
609 1173 675 1227 iis
703 1172 834 1241 ipsis
861 1182 981 1239 quae
1004 1162 1292 1221 desident.
1324 1160 1393 1215 Et
1420 1167 1475 1214 tu
1502 1169 1719 1229 quoque
1746 1154 1831 1209 fac

236 1268 480 1324 similiter
506 1282 519 1319 :
548 1264 595 1319 si
624 1278 656 1318 a
683 1261 958 1331 voluptate
987 1255 1254 1319 abducas,
1285 1248 1513 1308 ostende
1552 1262 1667 1304 rem
1709 1260 1831 1303 esse

235 1360 519 1424 acerbam;
548 1356 595 1412 si
622 1354 692 1410 ab
725 1351 871 1408 inani
899 1348 1071 1421 gloria
1112 1342 1394 1404 abstrabas
1413 1384 1431 1409 ,
1458 1338 1686 1397 ostende
1712 1352 1827 1393 rem

234 1467 353 1509 esse
382 1449 596 1521 plenam
622 1445 889 1502 dedecore
917 1451 973 1497 et
1000 1438 1241 1495 infamia.
1281 1436 1373 1491 Sic
1410 1434 1573 1490 etiam
1600 1430 1829 1487 faciebat

234 1542 449 1599 Paulus.
480 1538 682 1594 Divites
708 1534 853 1591 enim
877 1531 1116 1586 avellens
1136 1528 1205 1583 ab
1228 1540 1413 1581 amore
1432 1522 1698 1595 pecuniis,
1722 1536 1828 1575 non

235 1635 364 1689 dixit
388 1632 564 1689 solum
586 1626 776 1684 noxias
796 1639 916 1681 esse
942 1621 1179 1691 divitias,
1209 1616 1306 1681 sed
1330 1617 1495 1674 etiam
1525 1614 1748 1685 injicere
1774 1613 1828 1667 in

236 1724 558 1781 tentationes
585 1737 600 1775 :
634 1733 759 1774 nam
782 1717 879 1781 ait,
914 1714 1015 1782 Qui
1042 1712 1214 1767 uolunt
1238 1709 1419 1764 diuites
1444 1722 1571 1772 esse,
1599 1704 1829 1759 incidunt

235 1820 286 1873 in
313 1815 639 1872 tentationcm
672 1813 750 1883 (I.
784 1809 920 1865 Tim.
950 1808 1005 1862 ti.
1036 1805 1117 1879 9).
1161 1802 1299 1871 Quia
1339 1801 1486 1858 enim
1513 1798 1830 1856 videbantur

234 1911 462 1966 liberare
489 1922 518 1963 a
564 1901 978 1968 tentationibus,
1009 1902 1090 1955 eis
1117 1896 1305 1953 tribuit
1339 1892 1669 1950 contrarium
1713 1890 1829 1961 ejus

233 2002 373 2075 quod
400 1997 783 2057 existimabant
808 1993 1026 2050 divites.
1054 1990 1160 2045 Alii
1200 1998 1441 2045 externae
1478 1998 1699 2055 operam
1729 1981 1829 2075 da-

226 2073 359 2161 bant
387 2088 701 2161 sapientiai,
750 2095 1022 2157 tamquam
1055 2081 1155 2136 hac
1186 2080 1397 2134 ratione
1432 2076 1627 2147 dogma
1664 2073 1830 2128 stabi-

234 2187 467 2242 lientes:
513 2178 750 2237 ostendit
795 2190 914 2233 eam
957 2188 1063 2230 non
1111 2171 1287 2227 solum
1331 2168 1480 2224 cruci
1525 2182 1631 2222 non
1668 2180 1826 2235 opem

233 2275 371 2332 ferre
390 2315 407 2341 ,
438 2271 535 2329 sed
566 2270 730 2327 etiam
759 2282 880 2325 eam
908 2262 1208 2322 exinanire.
1236 2258 1515 2331 Urgebant
1538 2266 1593 2311 ut
1614 2255 1825 2328 judica-

233 2375 418 2422 rentur
442 2362 585 2435 apud
624 2362 791 2429 alios,
820 2358 1192 2416 existimantes
1222 2353 1498 2425 indignum
1531 2364 1652 2405 esse
1676 2348 1825 2419 judi-

231 2460 339 2517 cari
369 2456 511 2529 apud
555 2470 719 2525 suos,
763 2469 828 2511 ac
873 2452 919 2511 si
961 2449 1169 2508 externi
1197 2456 1382 2505 essent
1423 2444 1821 2515 sapientiores:

230 2551 464 2607 ostendit
491 2562 614 2605 esse
642 2558 799 2616 turpe
841 2544 973 2601 foris
1005 2541 1256 2614 iudicari.
1290 2538 1635 2596 Accedebant
1670 2536 1737 2591 ad
1762 2549 1824 2590 ea

230 2659 347 2718 quae
371 2652 527 2699 erant
542 2640 700 2695 idolis
723 2637 1013 2702 immolata,
1040 2644 1311 2703 tamquam
1332 2630 1622 2702 perfectam
1644 2638 1827 2685 osten-

232 2746 403 2792 tantes
429 2732 707 2789 scientiam
734 2748 749 2787 ε
778 2728 1015 2785 ostendit
1036 2727 1140 2782 hoc
1161 2740 1281 2782 esse
1302 2722 1631 2795 imperfecta:
1651 2721 1826 2777 scien-

232 2828 317 2882 tia:
336 2868 353 2892 ,
387 2823 597 2880 nescire
622 2821 1000 2878 administrare
1030 2832 1094 2874 ea
1122 2831 1243 2888 quae
1278 2822 1405 2871 sunt
1429 2813 1822 2885 proximorum.

230 2919 307 2974 Ita
334 2918 422 2974 hic
444 2931 680 2988 quoque,
710 2914 965 2985 quoniam
985 2912 1288 2982 linguarum
1315 2907 1825 2976 donumstupentes

229 3010 653 3073 admirabantur,
676 3006 901 3077 gloriam
927 3010 1193 3067 amantes,
1218 2999 1456 3057 ostendit
1481 2998 1585 3054 hoc
1608 2997 1821 3066 quidem

228 3118 324 3159 eos
353 3101 587 3156 maxime
623 3098 890 3154 dedecore
919 3094 1139 3150 afficere
1160 3133 1175 3158 ,
1216 3106 1324 3147 non
1372 3090 1546 3146 solum
1593 3101 1690 3143 eos
1718 3086 1825 3156 pri-

230 3206 361 3249 vaus
388 3190 557 3262 gloria
583 3230 597 3253 ,
629 3189 725 3244 sed
757 3189 918 3245 etiam
963 3186 1083 3241 illos
1113 3184 1166 3240 in
1199 3182 1421 3239 insania:
1464 3180 1823 3250 suspicionem

228 3282 544 3352 conjiciens.
581 3282 650 3335 At
689 3294 795 3334 non
836 3279 1019 3334 statim
1066 3278 1169 3331 hoc
1195 3274 1363 3340 dixit;
1405 3270 1501 3329 sed
1528 3286 1650 3327 cum
1682 3271 1825 3340 prius
1852 3280 1869 3297 ‘

232 3374 511 3429 innumera
536 3371 792 3435 dixisset,
822 3369 1039 3439 quando
1066 3366 1241 3423 eﬂecit
1282 3374 1341 3419 ut
1368 3363 1526 3419 facile
1550 3364 1825 3432 excipere-

232 3478 316 3523 tur
348 3475 609 3538 grataque
638 3472 791 3529 esset
818 3463 1013 3526 oratio,
1045 3471 1170 3518 tunc
1196 3456 1470 3527 subiungit
1496 3455 1547 3511 id
1575 3454 1716 3526 quod
1744 3462 1827 3509 est

229 3558 544 3615 admirabile
569 3566 623 3612 et
647 3564 847 3626 praeter
872 3554 1203 3623 opinionem.
1234 3550 1330 3604 Est
1357 3558 1535 3604 autem
1567 3545 1684 3602 haec
1713 3560 1826 3600 me-

229 3651 417 3707 ditatio
447 3652 546 3720 ipsi
574 3646 870 3703 familiaris.
905 3645 1040 3699 Eum
1068 3645 1212 3699 enim
1239 3642 1330 3712 qui
1372 3640 1580 3695 firmam
1606 3647 1825 3693 senten-

233 3742 357 3797 tiam
403 3750 489 3796 est
518 3739 880 3796 Iabefacturus
914 3744 969 3790 et
1005 3735 1059 3788 in
1102 3734 1436 3789 contrarium
1465 3741 1825 3787 conversurus

230 3834 460 3890 ﬁrmiter
507 3832 882 3901 stabiliterque
937 3834 1255 3897 conceptam
1312 3825 1655 3894 opinionem,
1718 3837 1824 3876 non

228 3933 439 3995 oportet
469 3924 649 3979 statim
677 3922 857 3977 dicere
882 3919 1212 3975 contrarium
1247 3935 1261 3971 :
1290 3924 1435 3972 esset
1456 3916 1600 3970 enim
1632 3913 1829 3968 ridicu-

229 4017 317 4072 lus
336 4015 478 4086 apud
501 4030 618 4081 eos,
660 4028 797 4084 quos
821 4010 1091 4067 contraria
1120 4008 1513 4080 praeoccupavit
1539 4004 1823 4061 sententia.

228 4109 363 4165 Nam
393 4109 534 4179 quod
560 4116 643 4163 est
668 4108 826 4161 valde
853 4104 1168 4159 admirabile
1191 4112 1247 4158 et
1273 4111 1469 4171 prmtcr
1492 4102 1823 4169 Opinionem,

231 4216 339 4255 non
368 4200 524 4254 facile
551 4197 757 4251 admitti
784 4194 982 4265 poterit
1012 4194 1080 4247 ab
1108 4194 1288 4255 initio;
1319 4191 1412 4245 sed
1439 4198 1671 4257 oportet,
1704 4202 1825 4242 cum

232 4309 331 4364 per
359 4292 459 4345 alia
505 4292 651 4359 prius
680 4295 823 4342 recte
854 4285 1140 4341 suffoderis
1169 4292 1221 4337 et
1249 4284 1532 4352 irrepseris
1550 4322 1565 4346 ,
1593 4280 1671 4334 sic
1698 4293 1827 4334 con-

230 4392 443 4440 vertere
470 4383 523 4436 in
551 4380 900 4435 contrarium.

307 4478 360 4531 5.
393 4474 480 4530 Sic
510 4484 658 4529 certe
686 4471 808 4527 fecit
842 4468 1003 4525 etiam
1040 4468 1316 4523 disserens
1350 4465 1418 4521 de
1460 4463 1825 4519 mammonio.

233 4569 367 4624 Nam
398 4568 649 4637 quoniam
683 4564 835 4619 multi
866 4562 1105 4616 animum
1132 4559 1458 4615 adhibebant
1488 4558 1830 4613 matrimonio

234 4672 506 4729 tamquam
546 4659 626 4713 rei
692 4659 743 4710 in
772 4670 872 4725 qua
912 4663 1055 4708 esset
1088 4654 1242 4722 quies
1281 4664 1335 4707 et
1376 4654 1673 4714 recreans;
1718 4652 1830 4721 ipse

231 4762 414 4807 autem
439 4750 651 4803 volebat
676 4745 985 4809 ostendere,
1018 4758 1125 4799 mn
1159 4746 1307 4814 iungi
1340 4744 1624 4799 matrimon
1652 4759 1681 4797 ε)
1712 4758 1831 4797 esse

235 4843 471 4913 quietem
502 4854 564 4890 ac
611 4839 1025 4899 recreationcm,
1068 4836 1110 4889 si
1148 4835 1326 4888 statim
1358 4839 1571 4899 uenies.
1606 4838 1617 4887 ‘.
1643 4851 1707 4889 oc
1747 4835 1830 4889 di—

236 4938 425 4995 xisset.
457 4945 563 4986 non
613 4930 827 4985 fecisset
851 4939 910 4984 ut
953 4933 1053 4985 Lac
1083 4942 1187 4983 iam
1236 4930 1391 4981 t‘nri‘e.
1420 4934 1827 4983 autaut-retur:

237 5040 380 5082 nunc
403 5032 581 5078 autem
608 5038 728 5077 cum
756 5031 877 5091 post
905 5024 1069 5076 multa
1089 5021 1189 5074 hoc
1210 5021 1491 5089 posuisset
1533 5036 1633 5083 υςιῖη
1656 5030 1831 5074 .rtunc

239 5124 521 5177 incussus,
558 5113 711 5166 facile
746 5113 997 5179 perculsit
1040 5112 1330 5166 auditores.
1376 5110 1482 5164 iiec
1514 5128 1558 5155 η
1600 5124 1671 5162 te:
1710 5110 1834 5163 fecit

239 5214 294 5267 in
323 5207 645 5277 virginitate.
674 5204 807 5257 Nam
841 5220 960 5258 cum
987 5216 1140 5259 antea
1169 5206 1335 5259 muita
1366 5203 1556 5259 dixisw
1577 5220 1612 5268 i,
1641 5212 1694 5257 et
1716 5219 1835 5256 rur-

240 5320 334 5361 sus
361 5310 567 5372 postca,
594 5311 717 5352 tunc
743 5299 873 5353 dicit
905 5319 917 5353 :
958 5298 1108 5352 Vobis
1134 5316 1286 5364 parco
1316 5316 1333 5350 :
1354 5310 1425 5362 et,
1467 5296 1593 5350 Volo
1616 5312 1699 5349 vos
1728 5312 1835 5348 esse

242 5399 350 5451 sine
381 5392 724 5450 sollicitudine
752 5392 828 5459 (i.
870 5390 988 5445 Cor.
1024 5394 1073 5445 7.
1107 5393 1195 5446 9-8.
1233 5393 1349 5460 32).
1385 5392 1497 5447 Hoc
1525 5391 1649 5445 facit
1673 5391 1831 5443 etiam

244 5506 296 5543 tn
329 5487 541 5556 linguis,
585 5482 877 5537 ostendens
917 5499 1013 5539 eas
1043 5500 1147 5537 non
1194 5485 1366 5538 solum
1396 5486 1609 5553 privare
1642 5482 1829 5551 gloria,

246 5579 340 5635 sed
367 5594 460 5633 eos
488 5576 671 5642 etiam,
701 5575 789 5643 qui
820 5574 921 5629 hoc
949 5575 1145 5629 donum
1178 5576 1395 5639 habent,
1428 5578 1624 5645 probro
1650 5590 1710 5630 ac
1742 5575 1834 5628 dc-

246 5671 440 5726 decore
466 5668 679 5723 afficere
718 5667 855 5735 apud
886 5668 1147 5721 infideles.
1181 5668 1464 5735 Prophetia
1494 5676 1669 5721 autem
1702 5681 1833 5720 con-

246 5770 324 5815 tra
355 5760 553 5829 probro
583 5774 646 5813 ac
672 5757 936 5812 dedecore
973 5767 1127 5813 vacat
1162 5760 1300 5827 apud
1350 5759 1610 5823 iuiidelrs,
1641 5771 1691 5812 et
1724 5777 1829 5813 ma-

591 5859 860 5916 Pnaou
909 5860 1022 5918 Gn.
1080 5861 1226 5921 [Χῖ.

1235 312 1298 368 IN
1340 292 1556 368 EPIST.
1600 310 1617 364 l
1681 308 1774 362 ao
1814 305 1970 362 con.
2018 303 2247 390 IlOMlL.
2291 304 2531 361 xxxvi.

3431 299 3541 357 3l0

1936 420 2326 494 ximamghabet
2349 422 2581 497 gloriam»
2602 432 2656 477 et
2680 424 2983 479 utilitatem.
3006 423 3140 479 Nam
3170 426 3224 482 in
3251 427 3535 500 prophetia

1938 525 2097 567 nemo
2120 512 2262 568 dicet
2291 527 2388 568 eos
2418 514 2673 580 insanire,
2715 518 2816 570 nec
2857 515 3103 571 irridebit
3142 532 3237 574 eos
3275 520 3367 590 qui
3405 535 3534 589 pro-

1938 602 2179 673 phetarit,
2208 604 2301 660 sed
2327 615 2513 661 contra
2543 621 2638 662 eos
2677 606 2915 676 stupebit
2949 617 3004 663 et
3028 597 3402 665 adtnirabitur.
3436 609 3535 666 Ar-

1935 706 2159 768 guuntur
2186 699 2330 755 enim
2371 716 2434 753 ac
2470 701 2840 755 convincuntur
2882 701 2944 755 ab
2983 702 3256 767 omnibus;
3291 700 3396 759 hoc
3424 714 3532 769 est,

1935 803 1998 844 ea
2045 804 2165 859 qua:
2220 789 2382 846 habet
2430 791 2484 847 in
2526 791 2692 847 corde
2737 791 2791 847 in
2837 792 3070 849 medium
3115 793 3455 850 addueuntur
3477 807 3537 853 et

1935 881 2292 937 Ostenduntur
2316 884 2593 939 omnibus.
2614 883 2733 939 Non
2761 897 2889 941 sunt
2915 894 3094 942 autem
3124 888 3293 959 paria,
3325 888 3535 959 ingres-

1935 988 2055 1029 sum
2081 975 2385 1055 quempiam
2411 975 2617 1042 videre,
2646 976 2795 1031 illum
2820 978 3038 1048 quidem
3068 979 3283 1036 Persice
3305 980 3531 1052 loquen-

1938 1074 2067 1132 tem,
2102 1064 2243 1121 hunc
2266 1074 2445 1122 autem
2464 1065 2707 1138 Syrisce;
2726 1077 2782 1124 et
2805 1069 3108 1140 ingressum
3128 1072 3319 1130 audire
3332 1087 3534 1129 arcana

1934 1156 2053 1227 ejus
2082 1160 2298 1222 mentis,
2330 1157 2446 1214 sive
2474 1168 2684 1214 tentans
2701 1170 2756 1216 et
2779 1160 2920 1215 malo
2944 1164 3147 1226 animo,
3179 1164 3294 1219 sive
3320 1165 3551 1221 sincere.

1934 1257 1990 1305 et
2014 1248 2155 1305 bono
2174 1252 2355 1305 animo
2376 1253 2448 1306 sit
2474 1252 2744 1322 ingressus
2771 1267 2786 1317 ;
2816 1261 2871 1308 et
2895 1251 3036 1323 quod
3073 1252 3179 1309 hoc
3218 1254 3437 1325 quidem
3464 1256 3536 1312 ab

1936 1341 2029 1397 illo
2053 1352 2261 1414 gestum
2291 1343 2382 1410 sit,
2416 1344 2485 1399 de
2532 1345 2625 1400 illo
2664 1353 2845 1401 autem
2892 1346 2963 1401 sit
2989 1345 3390 1403 consultatum:
3430 1351 3534 1404 hoc

1933 1434 2076 1488 enim
2107 1442 2189 1490 est
2214 1435 2308 1490 illo
2332 1436 2503 1492 multo
2526 1437 2820 1493 terribilius
2844 1446 2900 1494 et
2927 1438 3132 1493 utilius.
3163 1438 3454 1510 Propterea
3478 1441 3533 1497 in

1934 1524 2129 1594 linguis
2157 1525 2377 1595 quidem
2422 1527 2556 1582 dicit
2586 1543 2681 1583 vos
2707 1529 2976 1585 insanire:
3001 1529 3097 1586 sed
3121 1518 3225 1587 hoc
3246 1547 3313 1588 ex
3343 1547 3403 1589 se
3425 1547 3531 1586 non

1932 1614 2084 1681 dicit,
2114 1630 2296 1671 verum
2319 1631 2384 1673 ex
2417 1617 2629 1673 illorum
2650 1619 2855 1688 judicio
2883 1638 2896 1675 :
2928 1622 3116 1678 Dicent
3137 1624 3301 1691 enim,
3332 1626 3530 1696 inquit,

1932 1708 2069 1779 quod
2094 1709 2348 1764 insanitis.
2395 1709 2493 1764 Hic
2526 1719 2705 1766 autem
2738 1712 2906 1767 utitur
2929 1720 2985 1767 et
3013 1728 3197 1770 rerum
3238 1718 3528 1784 sententia,

1933 1810 1987 1857 ct
2014 1816 2203 1857 eorum
2243 1802 2333 1871 qui
2355 1801 2632 1871 juvantur.
2661 1801 2986 1859 Conuincitur
3033 1803 3205 1868 enim,-
3247 1806 3443 1877 inquit,
3469 1812 3534 1865 ab

1933 1893 2186 1960 omnibus,
2219 1892 2537 1963 diiudicatur
2565 1895 2628 1950 ab
2654 1896 2887 1951 omnibus
2915 1913 2933 1952 .'
2963 1907 3010 1952 et
3039 1898 3113 1952 sic
3140 1899 3340 1953 occulta
3363 1901 3534 1957 cordis

1931 1990 2044 2057 ejus
2071 1986 2341 2059 manifesta
2364 1987 2515 2054 ﬁunt,
2541 1998 2591 2043 et
2611 1989 2683 2043 ita
2699 1990 2884 2045 cadens
2906 1989 2996 2045 ille
3016 1990 3068 2045 in
3095 1992 3276 2063 faciem
3296 1992 3532 2046 adorabit

1931 2076 2120 2141 Deum,
2150 2079 2488 2146 pronuntians
2516 2081 2652 2150 quod
2681 2096 2793 2135 uere
2814 2080 2957 2137 Deus
2985 2082 3037 2136 in
3065 2082 3204 2138 vobis
3228 2084 3315 2139 sit.
3346 2083 3533 2140 Vidcn‘

1931 2169 2075 2239 quod
2106 2168 2211 2226 hoc
2238 2170 2455 2240 quidem
2487 2172 2560 2226 sit
2589 2166 2984 2228 indubitatum?
3008 2174 3142 2231 Nam
3169 2176 3275 2231 illic
3308 2177 3529 2247 quidem

1930 2262 2000 2318 de
2022 2277 2090 2318 eo
2117 2262 2260 2333 quod
2300 2261 2363 2317 tit
2388 2263 2701 2335 ambigitur,
2742 2277 2799 2322 et
2826 2267 3092 2339 quispiam
3130 2279 3199 2325 ex
3229 2268 3534 2326 infidelibus

1930 2353 1985 2408 id
2014 2353 2361 2425 adscripserit
2400 2355 2661 2411 insaniae:
2692 2357 2783 2414 hie
2811 2367 2993 2416 autem
3023 2360 3158 2415 nihil
3202 2361 3307 2418 erit
3344 2361 3532 2433 hujus-

1929 2443 2100 2514 modi,
2123 2444 2219 2503 sed
2245 2455 2300 2501 et
2337 2443 2693 2503 adtnirabitur
2716 2458 2773 2504 et
2797 2449 3066 2515 adorabit,
3100 2451 3259 2508 factis
3298 2453 3529 2524 primum

1928 2535 2215 2603 conﬁtens,
2238 2534 2435 2591 deinde
2457 2537 2619 2592 etiam
2640 2538 2840 2595 verbis.
2860 2539 2950 2596 Sic
2972 2542 3136 2595 etiam
3171 2542 3531 2601 Nabuchodo-

1928 2643 2094 2686 nosor
2118 2629 2286 2687 Deum
2312 2630 2559 2687 adoravit
2580 2630 2804 2688 dicens:
2843 2631 2910 2687 In
2936 2633 3142 2688 ueritate
3183 2633 3323 2690 Deus
3362 2648 3526 2691 uester

1928 2723 2039 2793 ipse
2065 2730 2139 2777 est
2158 2719 2300 2777 Deus
2324 2723 2556 2778 revolans
2586 2726 2852 2796 mysteria,
2872 2726 3114 2795 quoniam
3145 2726 3356 2797 potuisti
3384 2744 3526 2782 retrea-

1922 2815 2039 2869 lere
2066 2813 2359 2885 mysterium
2385 2814 2527 2870 istud
2546 2814 2710 2888 (Dan.
2739 2817 2794 2871 2.
2836 2818 2950 2888 47).
2980 2808 3228 2874 Vidistin‘
3256 2819 3363 2875 vim
3398 2834 3527 2890 pro-

1931 2906 2148 2975 phetiae,
2180 2903 2451 2977 quomodo
2496 2904 2732 2963 ferocem
2778 2908 2928 2963 illum
2972 2913 3261 2968 mutaverit
3287 2923 3342 2968 et
3372 2914 3525 2969 insti-

1932 2999 2095 3055 tuerit
2113 3007 2167 3054 et
2184 2999 2251 3055 ad
2278 2998 2437 3057 ﬁdem
2465 2999 2746 3058 deduxerit
2760 3002 2783 3057 ‘t
2797 3001 2892 3058 26.
2912 3001 3050 3071 Quid
3070 3018 3189 3074 ergo
3199 3007 3295 3069 est,
3303 3007 3485 3075 fratres
3504 3009 3533 3060 Ρ

1930 3091 2060 3146 Cum
2086 3094 2383 3160 convenitis,
2430 3096 2775 3166 unusquisque
2816 3105 3036 3151 uestrum
3077 3097 3329 3167 psalmum
3360 3100 3526 3162 habet,

1931 3183 2216 3239 doctrinam
2244 3184 2413 3250 habet,
2462 3184 2693 3257 linguam
2742 3184 2907 3252 habet,
2959 3187 3313 3242 reuelationem
3357 3188 3525 3251 habet,

1930 3277 2395 3347 interpretationem
2427 3278 2575 3332 habet
2612 3294 2631 3332 :
2665 3281 2835 3334 omnia
2871 3280 2939 3333 ad
2960 3280 3350 3350 cdi/icationem
3377 3282 3525 3351 ﬁant.

1933 3369 2180 3424 Vidistin’
2232 3368 2628 3425 Cbristianismi
2678 3370 3090 3426 fundamentum
3142 3380 3198 3426 et
3244 3368 3534 3441 regulam?

1930 3460 2079 3517 Sicut
2102 3462 2245 3517 enim
2272 3470 2356 3517 est
2376 3462 2601 3517 artificis
2638 3462 2875 3517 officium
2908 3461 3195 3527 aedificare,
3250 3462 3321 3517 ita
3362 3463 3527 3517 etiam

1931 3552 2222 3607 Christiani
2273 3553 2536 3623 proximis
2583 3569 2681 3623 per
2720 3556 2902 3609 omnia
2950 3554 3234 3625 prodesse.
3262 3553 3528 3621 Quoniam

1932 3654 2109 3701 autem
2142 3645 2196 3701 in
2222 3646 2423 3701 donum
2452 3646 2608 3702 valde
2633 3657 2715 3703 est
2744 3649 3007 3711 invectus,
3034 3662 3103 3702 ne
3132 3646 3380 3702 videatur
3406 3663 3529 3703 esse

1931 3744 2428 3807 supervacaneum;
2457 3748 2647 3792 eorum
2689 3740 2831 3792 cnim
2876 3738 3070 3793 fastum
3109 3739 3299 3792 volens
3347 3738 3530 3808 depri‘

1933 3845 2109 3894 ntere,-
2151 3830 2255 3885 hoc
2277 3830 2450 3884 solum
2480 3829 2633 3885 fecit:
2658 3845 2849 3885 rursus
2870 3831 3043 3901 ipsum
3070 3845 3190 3885 cum
3214 3831 3333 3886 aliis
3359 3846 3531 3886 annn-

1934 3931 2122 3984 mcrat,
2157 3921 2379 3976 dicens:
2410 3920 2678 3975 Paulinum
2712 3921 2880 3987 habet,
2911 3922 3195 3976 doctrinam
3224 3921 3390 3988 habet,
3432 3922 3533 3975 lin-

1932 4029 2088 4082 guam
2121 4012 2536 4067 habet.'Etenim
2568 4014 2804 4081 psalmos
2832 4014 2961 4068 olim
2989 4013 3258 4072 faciebam
3298 4028 3364 4069 ex
3404 4014 3533 4067 cha-

1933 4102 2153 4155 rismate
2188 4116 2281 4154 seu
2308 4100 2472 4163 dono,
2503 4109 2583 4153 et.
2599 4100 2867 4156 docebant
2907 4116 2975 4155 ex
3003 4103 3152 4157 dono
3178 4123 3190 4157 :
3220 4103 3315 4156 sed
3352 4112 3531 4157 tamen

1936 4192 2052 4246 haec
2080 4190 2280 4256 omnia,
2334 4190 2522 4259 inquit,
2580 4188 2647 4243 ad
2694 4199 2859 4243 unum
2891 4191 3195 4260 aspiciant,
3242 4207 3435 4262 nempe
3466 4192 3531 4246 ad

1936 4282 2168 4352 proximi
2195 4282 2587 4337 correctionem
2616 4299 2629 4334 :
2662 4281 2796 4335 nihil
2842 4281 2933 4337 liat
2973 4290 3181 4338 temere
3208 4292 3262 4339 et
3295 4283 3533 4338 inconsi-

1936 4374 2141 4431 derate.
2171 4375 2227 4431 Si
2254 4375 2395 4432 enim
2422 4391 2530 4430 non
2558 4376 2771 4430 accedis
2800 4376 3017 4433 fratrem
3038 4378 3421 4445 aediﬁcaturus,
3439 4393 3536 4433 cur

1936 4470 2183 4524 accedis?
2204 4469 2315 4524 Non
2347 4482 2534 4539 magna
2567 4484 2596 4522 a
2625 4485 2711 4522 me
2742 4470 2969 4524 habetur
2992 4474 3129 4526 ratio
3150 4472 3534 4527 chari'matnm

1937 4562 2253 4616 differentia:
2281 4580 2293 4613 :
2323 4575 2489 4615 unum
2524 4566 2610 4613 est
2653 4558 2783 4612 mihi
2830 4576 2997 4621 curae,
3042 4569 3095 4614 et
3139 4570 3301 4616 unum
3349 4572 3431 4615 est
3482 4564 3533 4617 in

1938 4654 2079 4723 quod
2109 4669 2288 4709 meum
2322 4667 2465 4724 pono
2488 4650 2746 4713 studium,
2780 4666 2975 4721 nempe
3006 4661 3063 4705 ut
3102 4654 3280 4707 omnia
3311 4653 3441 4708 ﬁant
3468 4656 3534 4708 ad

1939 4745 2370 4800 aediﬁcationem.
2404 4744 2475 4797 lta
2516 4744 2682 4797 etiam
2715 4743 2803 4813 qui
2850 4759 3071 4813 parvum
3120 4745 3281 4800 habet
3310 4746 3533 4810 donum,

1940 4839 2178 4910 eumqui
2210 4852 2458 4908 magnum
2500 4836 2659 4892 habet
2687 4838 2962 4907 superabit
2988 4854 3051 4894 ac
3091 4841 3534 4909 prmiérrehetnr,

1941 4934 1985 4987 si
2016 4933 2117 4987 hoc
2144 4932 2300 4987 adsit.
2334 4930 2623 4997 Propterea
2646 4932 2789 4985 enim
2819 4940 2943 4985 sunt
2968 4931 3125 4996 dona,
3164 4943 3219 4987 ut
3253 4935 3537 5002 unusquis-

1941 5039 2044 5093 que
2076 5022 2387 5077 azdiiieetur.
2419 5020 2475 5075 Si
2506 5018 2607 5076 hoc
2637 5022 2781 5076 enim
2822 5037 2925 5075 non
2971 5021 3167 5075 factum
3212 5021 3388 5088 fuerit,
3437 5026 3540 5077 erit

1942 5118 2139 5169 donum
2162 5115 2207 5169 ei
2228 5114 2313 5181 qui
2334 5114 2554 5183 accepit,
2576 5114 2641 5168 ad
2662 5114 3182 5168 condemnationem.
3206 5115 3340 5181 Quid
3366 5116 3532 5181 enim,

1943 5207 2027 5261 die
2050 5205 2200 5268 mibi,
2236 5204 2455 5273 prodest
2483 5204 2851 5274 prOphetare?
2880 5204 3005 5274 quid
3036 5217 3161 5260 vero
3184 5216 3427 5262 mortuos
3446 5222 3537 5262 ex-

1943 5301 2131 5361 citare,
2174 5313 2293 5351 cum
2341 5298 2518 5351 nullus
2548 5298 2617 5351 sit
2646 5297 2736 5366 qui
2765 5297 3035 5353 lucretur?
3066 5300 3119 5352 Si
3152 5299 3235 5354 hic
3265 5312 3346 5356 est
3379 5316 3540 5369 porro

1944 5391 2205 5445 donorum
2237 5389 2377 5452 finis,
2412 5388 2538 5442 licet
2564 5396 2740 5442 autem
2769 5389 2927 5443 etiam
2959 5389 3068 5444 alio
3086 5389 3247 5444 modo
3276 5390 3377 5445 hoc
3404 5408 3535 5444 cnn~

1947 5484 2104 5539 ﬁcere
2129 5482 2330 5551 absque
2366 5480 2542 5545 donis,
2573 5496 2641 5535 ne
2672 5490 2890 5550 propter
2921 5482 3066 5550 signa
3101 5482 3343 5536 efferaris
3374 5496 3428 5539 et
3454 5486 3539 5537 in-

1947 5578 2202 5642 solescas,
2246 5590 2420 5645 neque
2449 5584 2500 5628 te
2529 5575 2782 5629 miserum
2812 5589 2930 5629 esse
2973 5576 3272 5641 cxiStimes,
3300 5577 3441 5645 quod
3464 5580 3542 5632 sis

1946 5668 2357 5725 charismatibus
2387 5669 2644 5736 privatus.
2677 5666 2765 5720 Ἦ.
2802 5668 2921 5720 Sive
2948 5667 3123 5737 lingua
3151 5669 3261 5735 quis
3298 5669 3542 5739 loquitur,

1954 5761 2224 5816 secundum
2258 5758 2383 5811 duos
2413 5798 2425 5819 ,
2468 5768 2555 5811 aut
2596 5768 2647 5811 ut
2680 5764 2891 5811 multum
2932 5767 3030 5811 tres
3070 5767 3115 5811 et
3156 5774 3247 5822 per
3277 5768 3465 5830 partes,
3498 5762 3545 5814 et

3113 5857 3191 5913 ‘20
