4038 6216
522 283 614 335 ﬁll

520 412 652 449 unus
680 395 1052 461 interpretetur.
1096 390 1187 445 98.
1220 391 1280 441 Si
1304 398 1470 440 autem
1510 404 1610 439 non
1638 385 1786 453 fuerit
1822 385 2067 450 interpr-rs
2093 422 2105 439 ,

520 498 683 542 taceat
708 490 760 540 in
785 487 1014 548 ecclesia,
1043 485 1135 539 sibi
1159 492 1325 535 autem
1354 481 1589 548 loquatur
1612 489 1654 531 et
1695 477 1820 531 Deo.
1864 476 2000 542 Quid
2028 473 2109 527 di-

518 580 614 643 cis,
646 576 870 647 qureso?
898 590 1018 630 cum
1047 572 1115 629 de
1153 571 1348 642 linguis
1377 583 1482 624 tam
1528 570 1692 623 multa
1724 568 1947 632 dixeris,
1972 563 2110 634 quod

518 669 568 722 id
596 670 664 722 sit
691 668 896 733 inutile,
920 665 1062 735 quod
1085 677 1562 733 supervacaneum,
1588 661 1691 715 nisi
1717 659 1910 713 habeat
1940 657 2108 711 inter-

516 770 745 829 pretem,
779 774 961 812 rursus
1004 757 1160 825 iubes
1201 755 1345 825 loqui
1381 752 1619 823 linguis?
1648 751 1763 807 Non
1802 750 1987 820 juheo,
2032 749 2112 801 iu-

517 852 651 919 quit,
686 849 778 904 sed
813 862 911 902 nec
951 846 1212 916 prohibeo
1241 863 1255 908 ;
1288 856 1345 900 ut
1380 845 1594 915 quando
1620 843 1769 908 dicit,
1806 841 1866 896 Si
1890 841 2002 910 quis
2025 854 2111 891 vos

514 952 656 995 vocat
683 940 987 1007 inﬁdelium,
1015 947 1061 991 et
1088 938 1239 991 vultis
1261 940 1335 990 ire
1356 937 1431 1005 (l.
1456 934 1575 990 Cor.
1606 934 1693 989 lo.
1722 932 1837 1000 2'7),
1873 947 1977 985 non
2012 930 2111 984 hoc

514 1032 645 1084 dicit
675 1030 847 1099 legem
878 1029 1057 1085 ferens
1079 1038 1137 1083 ut
1165 1043 1278 1094 eas,
1313 1027 1405 1081 sed
1434 1041 1607 1095 neque
1629 1024 1896 1085 retinens;
1932 1022 2000 1075 ita
2025 1021 2112 1073 hic

515 1123 701 1189 etiam,
734 1120 845 1175 Sibi
873 1131 1039 1174 autent
1070 1121 1309 1189 loquatur
1336 1127 1384 1171 et
1414 1116 1546 1171 Deo.
1580 1116 1636 1171 Si
1667 1132 1771 1169 non
1805 1122 1998 1184 potest,
2028 1113 2110 1167 in-

513 1213 646 1279 qttil,
683 1220 880 1276 tacere,
907 1210 1001 1265 sed
1028 1219 1107 1264 est
1129 1210 1264 1262 adeo
1288 1209 1506 1262 honoris
1534 1217 1586 1261 et
1610 1205 1785 1260 inanis
1814 1204 1997 1274 gloriae
2018 1215 2110 1257 cu-

514 1305 690 1372 pidus,
729 1302 870 1372 apud
918 1317 978 1355 se
1018 1301 1285 1369 loquatur.
1323 1299 1500 1364 Quare
1538 1297 1641 1352 hoc
1688 1298 1804 1366 ipso
1845 1296 1987 1365 quod
2032 1296 2109 1350 sic

514 1396 777 1465 permisit,
812 1393 1099 1462 prohibuit,
1137 1403 1193 1445 ut
1219 1393 1306 1460 qui
1332 1390 1534 1460 pudore
1560 1389 1822 1446 atl‘ecerit.

584 1488 638 1540 4.
669 1485 822 1553 Quod
838 1486 999 1539 etiam
1033 1482 1162 1539 facit
1183 1484 1306 1538 alibi
1334 1483 1607 1539 disserens
1632 1481 1698 1538 de
1718 1482 2106 1538 consuetudine

513 1593 633 1633 cum
666 1592 852 1643 uxore,
886 1586 939 1630 et
968 1575 1153 1630 dicens
1183 1594 1194 1628 :
1231 1575 1344 1629 Hoc
1369 1584 1536 1629 autem
1567 1576 1679 1628 dico
1700 1584 1904 1645 prapter
1931 1576 2107 1630 incon-

513 1669 774 1722 tineutiam
797 1677 1010 1720 vestram
1038 1666 1112 1737 (l.
1143 1664 1260 1720 Cor.
1292 1666 1369 1733 7).
1400 1664 1504 1720 Sed
1536 1666 1751 1731 quando
1776 1665 1843 1721 de
1868 1667 2101 1735 prophe-

512 1763 581 1816 tia
626 1760 965 1828 loquelmtur,
998 1773 1102 1811 non
1134 1758 1211 1811 sic
1242 1756 1374 1811 dixit
1402 1774 1415 1821 ;
1462 1756 1556 1809 sed
1586 1756 1901 1824 quomodo?
1928 1756 2103 1827 Impe-

507 1852 678 1906 rando
707 1860 760 1903 et
786 1850 957 1918 legem
987 1847 1209 1901 ferendo
1239 1864 1252 1899 :
1284 1846 1555 1913 Propheta:
1580 1855 1749 1899 autem
1774 1847 1874 1900 duo
1901 1857 1987 1899 aut
2006 1857 2102 1900 tres

510 1944 804 2010 loquantur.
838 1939 905 1992 Et
932 1952 1191 2005 nusquam
1220 1936 1304 1990 hic
1321 1936 1509 2004 qumrit
1537 1937 1903 2006 interpretem,
1930 1954 2102 2008 neque

509 2046 571 2084 os
596 2030 827 2085 obstruit
858 2029 1216 2099 prophetanti,
1247 2029 1385 2083 sicut
1408 2028 1535 2093 illic,
1568 2028 1750 2083 dicens
1778 2048 1790 2082 :
1822 2029 1882 2084 Si
1912 2047 2011 2084 non
2038 2034 2101 2085 sit

509 2124 776 2191 interpres,
816 2130 997 2173 taceat.
1049 2120 1230 2189 Neque
1271 2120 1414 2173 enim
1455 2118 1650 2172 sufficit
1698 2120 1743 2173 is
1786 2121 1875 2188 qui
1922 2120 2099 2190 lingua

509 2215 761 2279 loquitur.
798 2213 1157 2279 Quamobrem
1207 2212 1251 2265 si
1297 2212 1417 2280 quis
1448 2211 1639 2265 habeat
1684 2220 1968 2281 utrumque
2002 2212 2099 2267 do-

508 2321 664 2369 num,
697 2305 978 2372 loquatur;
1008 2303 1052 2357 si
1081 2311 1257 2355 autem
1288 2318 1391 2355 non
1418 2302 1609 2356 haheat
1629 2344 1641 2367 ,
1675 2303 1786 2356 vult
1814 2313 1992 2357 autem
2018 2303 2097 2356 lo-

507 2396 617 2464 qui,
648 2409 766 2448 cum
816 2394 1111 2462 interprete
1152 2392 1253 2447 hoc
1298 2392 1473 2446 faciat.
1524 2393 1792 2463 Propheta
1835 2394 1981 2448 enim
2018 2404 2100 2448 est

507 2486 792 2553 interpres,
828 2484 919 2539 sed
961 2485 1074 2550 Dci,
1109 2494 1162 2538 tu
1194 2493 1373 2537 autem
1415 2484 1665 2536 hominis.
1716 2484 1778 2537 Si
1802 2495 1969 2537 autem
1998 2501 2098 2538 non

504 2576 566 2628 sit
612 2576 880 2643 interpres,
931 2583 1113 2627 taceat.
1164 2572 1301 2625 Nihil
1346 2573 1488 2626 enim
1534 2586 1933 2639 supervacaneo
1983 2574 2097 2628 ﬁeri

504 2674 737 2733 oportet,
786 2664 916 2717 nihil
965 2664 1033 2716 ad
1069 2664 1414 2717 ambitionem
1468 2671 1521 2717 et
1572 2663 1791 2719 honoris
1840 2664 2095 2720 studium.

505 2759 613 2810 Sibi
636 2766 802 2809 autem
832 2757 1067 2825 loquatur
1097 2766 1141 2808 et
1167 2754 1308 2820 Deo;
1337 2756 1436 2809 hoc
1465 2764 1567 2819 cst,
1592 2756 1643 2809 in
1668 2766 1867 2822 mente,
1895 2767 1947 2812 et
1974 2772 2097 2813 scn-

500 2848 602 2899 sim
631 2856 683 2901 et
705 2848 905 2916 absque
930 2848 1178 2916 strepitu,
1208 2846 1251 2899 si
1282 2846 1431 2900 velit.
1472 2845 1587 2900 Non
1613 2855 1694 2900 est
1724 2848 1866 2901 enim
1894 2848 1995 2902 hoc
2016 2849 2095 2902 le-

501 2956 619 3007 gem
663 2940 903 3003 ferentis,
952 2939 1048 2993 sed
1096 2938 1233 2992 forte
1274 2938 1451 3007 potius
1489 2936 1748 3006 pudorem
1788 2938 2095 2995 incutientis

499 3048 596 3102 per
622 3032 1048 3097 concessionem,
1080 3031 1219 3084 sicut
1260 3029 1473 3099 quando
1503 3030 1651 3098 dicit,
1701 3030 1763 3085 Si
1789 3032 1901 3098 quis
1930 3043 2095 3086 autem

501 3126 675 3188 esurit,
708 3126 843 3178 domi
859 3124 1179 3193 comedat(l.
1213 3122 1331 3177 Cor.
1362 3124 1450 3177 ‘ll.
1484 3123 1611 3194 54);
1639 3132 1830 3179 etcum
1852 3126 2095 3180 videatur

501 3218 818 3283 concedere,
865 3232 930 3269 eo
974 3217 1090 3283 ipso
1135 3215 1282 3269 illum
1332 3217 1499 3285 tangit
1543 3217 1739 3270 acrius.
1792 3216 1906 3271 Non
1950 3219 2091 3272 enim

504 3310 643 3372 ideo,
688 3309 877 3377 inquit,
910 3308 1229 3372 convenitis,
1274 3317 1331 3362 ut
1370 3322 1464 3361 vos
1496 3308 1635 3362 dona
1680 3308 1881 3363 habere
1911 3320 2093 3365 Osten-

499 3398 659 3461 datis,
693 3398 785 3452 sed
818 3408 873 3451 ut
898 3412 992 3451 eos
1031 3400 1119 3468 qui
1158 3397 1380 3452 audiunt
1413 3397 1727 3453 tediiicetis:
1760 3401 1900 3469 quod
1930 3402 2090 3455 etiam

499 3492 633 3544 dixit
662 3490 836 3553 initio,
886 3488 1070 3543 Omnia
1098 3491 1167 3543 ad
1196 3491 1589 3557 azdiﬁcationem
1636 3492 1784 3557 ﬁant.
1832 3492 1923 3544 29.
1964 3492 2094 3547 Pra-

501 3583 664 3649 p/tt’ltl?
690 3590 859 3634 autent
888 3581 990 3633 duo
1031 3590 1121 3635 aut
1159 3590 1257 3633 tres
1297 3582 1488 3646 dicant,
1528 3592 1572 3635 et
1597 3584 1763 3636 catteri
1791 3584 2089 3654 diiudicent.

499 3673 769 3740 Nusquam
817 3671 1103 3741 plurimum
1137 3673 1313 3740 posuit
1350 3673 1487 3727 sicut
1531 3674 1581 3726 in
1618 3674 1828 3743 linguis.
1866 3676 1933 3730 Et
1967 3678 2091 3746 quid

502 3766 620 3830 hoc,
657 3766 905 3834 inquies?
935 3780 1107 3834 neque
1152 3765 1292 3819 enim
1325 3764 1680 3819 sufficientem
1714 3768 1946 3822 ostendit
1972 3784 2093 3825 esse

502 3858 858 3924 pr0phetiam,
892 3857 935 3910 si
966 3858 1084 3911 aliis
1114 3858 1375 3926 permittit
1396 3858 1677 3927 judicium.
1714 3858 1825 3914 lmo
1856 3877 1986 3915 vero
2013 3873 2094 3917 est

500 3947 655 3999 valde
684 3946 997 4001 sufficiens:
1035 3962 1207 4015 neque
1254 3948 1396 4001 enim
1448 3948 1572 4002 huic
1616 3950 1753 4003 sicut
1791 3951 1867 4004 illi
1904 3966 1966 4005 os
1994 3952 2091 4007 ob-

499 4040 713 4102 struxit,
743 4049 795 4093 et
819 4040 1086 4094 silentium
1119 4040 1329 4103 indixit,
1361 4042 1402 4094 si
1434 4057 1536 4095 non
1561 4044 1628 4097 sit
1653 4046 1739 4114 qui
1771 4045 2093 4115 interprete-

501 4144 619 4194 tur;
650 4146 823 4199 neque
849 4131 987 4184 sicut
1012 4130 1079 4186 de
1111 4130 1203 4185 illo
1230 4130 1383 4197 dixit,
1418 4131 1479 4187 Si
1505 4151 1603 4187 non
1634 4137 1695 4187 sit
1720 4136 1984 4206 interpres,
2011 4149 2091 4191 ta—

501 4230 605 4272 rcat
638 4234 655 4271 :
687 4224 755 4270 ita
786 4219 853 4270 de
881 4219 981 4271 hoc
1006 4236 1241 4287 quoque,
1266 4220 1321 4273 Si
1352 4237 1459 4274 non
1489 4224 1553 4275 sit
1581 4225 1669 4291 qui
1704 4224 1997 4291 discernat,
2028 4244 2093 4282 ne

504 4311 824 4381 prophetet;
869 4310 961 4365 sed
1004 4311 1177 4365 solum
1219 4313 1411 4365 muniit
1452 4312 1775 4368 auditorem.
1813 4316 1924 4371 lloc
1950 4320 2091 4373 enim

500 4405 633 4459 dixit
670 4404 733 4458 ad
764 4418 858 4460 eos
894 4404 1192 4459 monendos
1222 4412 1279 4458 ut
1317 4413 1593 4469 caverent,
1630 4421 1696 4460 ne
1732 4406 1869 4462 inter
1894 4424 1987 4463 eos
2016 4411 2095 4464 in-

498 4505 745 4552 curreret
785 4505 935 4551 vates
972 4511 1034 4549 ac
1064 4496 1351 4550 divinator.
1386 4496 1518 4550 Nam
1551 4497 1712 4552 etiam
1746 4498 1795 4552 in
1830 4500 2095 4571 principio

501 4593 605 4646 hoc
626 4590 782 4659 jussit
804 4604 1006 4661 .cavere
1028 4629 1040 4651 ,
1074 4588 1287 4658 quando
1331 4589 1679 4645 divinationis
1716 4600 1770 4647 et
1800 4594 2095 4662 pr0plietiae

500 4684 679 4738 attulit
708 4681 1101 4745 diﬂ‘ercntiam;
1136 4689 1191 4735 et
1215 4695 1355 4734 nunc
1387 4680 1561 4749 ipsum
1596 4680 1746 4748 jubet
1786 4684 2095 4741 discernere

501 4787 555 4830 et
584 4776 949 4839 considerare,
974 4790 1039 4829 ne
1066 4774 1192 4843 quid
1225 4774 1425 4842 irrepat
1450 4771 1795 4827 diabolicum.
1827 4776 1915 4830 30.
1945 4777 2095 4843 Quod

501 4868 544 4919 si
571 4867 657 4918 alii
684 4869 953 4918 revelatum
996 4866 1061 4916 sit
1090 4866 1299 4930 sedenti,
1333 4867 1473 4934 prior
1511 4874 1693 4919 taceat.
1743 4866 1832 4919 51.
1879 4866 2095 4923 Potestis

502 4960 635 5011 enim
668 4972 836 5009 omnes
865 4971 953 5024 per
984 4954 1211 5025 singulos
1240 4957 1562 5024 prapltetare,
1593 4966 1650 5010 ut
1688 4972 1858 5011 omnes
1899 4959 2097 5011 discant

502 5060 547 5102 et
568 5065 737 5101 omnes
759 5048 1104 5100 exhortentur.
1140 5046 1277 5112 Quid
1302 5056 1382 5101 est
1403 5047 1546 5117 quod
1567 5048 1768 5103 dictum
1799 5058 1879 5103 est
1902 5050 1923 5102 ?
1944 5048 1995 5104 Si
2024 5059 2093 5117 te,

504 5141 696 5210 inquit,
725 5140 1079 5209 prophetante
1108 5148 1159 5195 et
1186 5139 1459 5209 loquente,
1487 5141 1705 5197 alterius
1727 5143 1947 5211 spiritus
1973 5157 2094 5197 eum

503 5233 839 5296 excitaverit,
876 5242 991 5288 tace
1018 5232 1087 5289 de
1114 5242 1337 5289 eastern.
1378 5233 1530 5301 Quod
1554 5236 1699 5289 enim
1728 5237 1862 5291 dixit
1896 5237 1962 5292 de
1990 5237 2095 5291 lin-

508 5327 646 5395 guis,
679 5325 890 5381 hochic
916 5340 1131 5396 quoque
1154 5326 1321 5395 exigit
1348 5336 1403 5380 ut
1433 5327 1524 5380 fiat
1557 5327 1849 5397 sigillatim,
1886 5329 1981 5385 scd
2011 5328 2097 5383 hic

506 5417 738 5471 divinius
767 5433 780 5469 :
810 5431 916 5471 non
967 5416 1101 5471 dixit
1135 5417 1303 5482 enim,
1334 5416 1639 5487 Sigillatim,
1668 5419 1783 5486 sed,
1828 5421 1889 5476 Si
1914 5422 2004 5476 alii
2034 5423 2098 5475 sit

504 5509 799 5563 revelatum.
831 5506 971 5577 Quid
1002 5508 1143 5561 enim
1175 5508 1349 5562 adhuc
1375 5522 1511 5577 Opus
1530 5518 1694 5575 esset,
1720 5525 1840 5565 cum
1869 5512 1955 5567 hic
1980 5528 2100 5567 mo-

506 5612 693 5655 ventur
740 5601 806 5654 ad
852 5598 1217 5669 prophetiam,
1261 5600 1413 5654 illum
1454 5600 1673 5658 dicere?
1715 5603 1783 5657 At
1822 5614 2098 5675 oporteret

509 5692 797 5762 utrosque?
826 5690 933 5748 Sed
958 5705 1043 5747 res
1072 5700 1213 5747 esset
1242 5692 1469 5749 absurda
1502 5703 1550 5749 et
1576 5695 1813 5751 confusa.
1849 5701 1910 5753 At
1944 5700 2060 5769 prio
2085 5730 2094 5740 -

1224 272 1277 321 Si.
1323 263 1600 322 JUANNIS
1638 261 2113 319 CIIRYSUSTUMI
2155 259 2469 314 AltClllEP.
2512 259 3051 315 CONSTANTINOP.

3711 254 3807 307 δη

2226 379 2375 431 rem?
2404 378 2465 431 Et
2497 378 2597 432 hoc
2627 393 2838 448 quoque
2869 377 3180 431 absurdum.
3207 376 3495 444 Propterea
3524 371 3689 437 enim,
3719 371 3811 426 illo

2218 474 2449 539 dioentc,
2478 476 2622 529 hunc
2663 476 2917 529 movehat’
2947 473 3199 542 Spiritus,
3230 483 3285 525 ut
3312 471 3397 524 hic
3426 482 3637 537 quoque
3656 466 3805 519 dice-

2218 578 2300 622 ret
2324 569 2542 636 aliquid.
2580 569 2779 623 Deinde
2806 566 3089 621 consolans
3111 580 3254 623 eum,
3276 564 3362 618 cui
3384 576 3445 617 os
3467 561 3565 615 fuit
3593 560 3805 613 obstru-

2216 666 2383 723 ctum,
2410 658 2539 713 dicit
2569 676 2582 711 :
2614 657 2835 712 Potestis
2855 657 2987 710 enim
3010 671 3180 709 omnes
3198 653 3459 724 sigillatim
3483 651 3800 722 prophetare,

2217 758 2271 801 ut
2296 765 2467 803 omnes
2492 751 2685 804 discant
2716 760 2762 803 et
2788 765 2960 803 omnes
2978 748 3316 801 consolentur.
3348 745 3509 799 Vides
3536 743 3806 814 quomodo

2215 854 2401 895 rursus
2426 841 2581 895 all‘ert
2619 857 2855 905 causam,
2904 849 3124 911 propter
3153 853 3311 907 quam
3345 837 3469 891 facit
3498 836 3717 891 omnia?
3746 836 3803 890 Si

2215 933 2357 986 enim
2385 949 2530 1000 eum,
2560 934 2649 1003 qui
2684 935 2877 1004 linguis
2914 934 3171 1003 loquitur,
3204 932 3426 985 omnino
3451 931 3696 999 prohibet
3720 930 3803 983 di-

2214 1039 2360 1091 cere,
2388 1026 2602 1095 quando
2647 1041 2752 1080 non
2787 1026 2950 1081 habet
2990 1028 3356 1096 interpretem,
3394 1033 3609 1093 pr0pter
3640 1024 3802 1076 iniui-

2216 1118 2418 1173 litatem
2450 1139 2461 1174 :
2493 1121 2686 1175 merito
2715 1121 2875 1175 etiam
2916 1120 3277 1189 prophetiam,
3325 1119 3371 1173 si
3416 1118 3519 1172 hoc
3560 1133 3668 1172 non
3710 1116 3803 1169 ba-

2216 1206 2355 1272 beat,
2386 1210 2481 1265 sed
2531 1209 2900 1265 confusionem
2951 1210 3107 1264 faciat
3146 1219 3202 1265 et
3246 1208 3706 1264 conturbationem
3750 1216 3804 1259 et

2215 1300 2495 1356 tumultum
2523 1302 2909 1372 importunum,
2933 1301 3085 1371 jubet
3100 1301 3370 1356 cohibere.
3391 1298 3477 1353 3%.
3507 1298 3572 1350 Et
3593 1297 3803 1366 spiritus

2214 1392 2575 1462 prapltetarum
2623 1394 2881 1463 prapltetis
2918 1394 3127 1462 subjecti
3170 1401 3309 1446 sunt.
3361 1388 3604 1444 Vidistin’
3642 1404 3800 1457 quam

2210 1484 2557 1539 vehementer
2580 1495 2634 1541 et
2665 1485 2977 1540 terribiliter
2998 1498 3119 1538 eum
3144 1484 3347 1551 pudore
3369 1479 3646 1536 affecerit?
3670 1478 3799 1532 Nam

2212 1591 2279 1630 ne
2304 1576 2595 1630 contendat
2620 1574 2784 1629 homo
2812 1584 2864 1630 et
2905 1574 3223 1629 seditionem
3252 1574 3436 1641 agitet,
3484 1560 3656 1641 ipsum
3702 1570 3800 1623 do—

2210 1681 2335 1719 num
2363 1666 2599 1721 ostendit
2627 1665 2817 1735 subjici
2851 1683 2864 1718 :
2891 1666 3135 1734 spiritum
3158 1665 3300 1719 enim
3329 1663 3414 1717 hic
3443 1674 3595 1717 vocat
3613 1678 3802 1733 opera-

2210 1761 2428 1814 tionem.
2454 1760 2509 1815 Si
2539 1770 2716 1815 autem
2746 1759 2964 1828 spiritus
2988 1760 3283 1828 subjicitur,
3311 1758 3477 1811 multo
3503 1759 3669 1825 magis
3694 1772 3799 1809 non

2208 1867 2417 1922 :equum
2449 1863 2531 1909 est
2561 1863 2617 1908 ut
2660 1864 2736 1919 tu,
2783 1854 2874 1923 qui
2923 1852 3186 1921 possides,
3234 1850 3549 1905 contendas.
3598 1848 3800 1902 Deinde

2208 1941 2442 1995 ostendit
2470 1943 2613 2011 quod
2645 1942 2745 1997 hoe
2772 1957 2984 2012 quoque
3010 1943 3074 1995 sit
3106 1942 3213 1995 Deo
3243 1950 3542 2008 acceptum,
3576 1937 3799 2005 subjun-

2206 2049 2338 2104 gens
2362 2045 2416 2089 et
2448 2035 2636 2090 dicens
2679 2054 2691 2089 :
2722 2036 2810 2090 55.
2857 2034 2979 2087 Νοη
3017 2035 3150 2086 enint
3180 2032 3505 2087 dissensionis
3530 2041 3601 2084 est
3641 2029 3797 2089 Deus,

2205 2127 2294 2181 sed
2318 2126 2477 2195 pacis,
2512 2128 2641 2180 sicut
2660 2137 2706 2180 et
2732 2128 2783 2179 in
2812 2125 3043 2180 omnibus
3063 2125 3284 2177 ecclesiis
3307 2134 3595 2177 sanctorum
3620 2126 3796 2175 doceo.

2209 2217 2456 2271 Vidistin’
2484 2227 2616 2285 quot
2664 2217 2839 2271 modis
2878 2232 3000 2270 eum
3056 2215 3107 2268 in
3159 2213 3431 2268 silentium
3471 2212 3715 2274 deduxit,
3746 2221 3799 2266 et

2205 2324 2323 2363 eum
2356 2309 2445 2377 qui
2467 2309 2619 2361 alteri
2646 2307 2788 2362 cedit
2808 2308 3118 2361 consolatus
3144 2306 3262 2360 est?
3288 2320 3379 2373 per
3401 2319 3562 2357 unum
3582 2304 3798 2372 quidem

2207 2401 2365 2470 idque
2398 2401 2745 2469 prmcipuum,
2777 2416 2843 2455 nc
2870 2400 3123 2455 videlicet
3149 2400 3215 2454 al)
3246 2406 3348 2452 hoc
3370 2397 3508 2450 facto
3534 2396 3795 2450 dissolva-

2206 2500 2290 2545 tur
2320 2510 2332 2545 :
2361 2490 2581 2545 Potestis
2604 2493 2760 2557 enim,
2790 2491 2983 2561 inquit,
3013 2507 3099 2560 per
3123 2490 3347 2561 singulos
3377 2503 3547 2541 omnes
3574 2486 3796 2556 praplte-

2204 2592 2352 2646 tare;
2385 2598 2476 2651 per
2502 2583 2728 2636 alterum
2756 2596 2906 2648 vero,
2951 2597 3017 2636 ex
3047 2595 3112 2636 eo
3138 2579 3281 2650 quod
3312 2578 3441 2636 illud
3470 2577 3679 2647 spiritui
3715 2577 3795 2628 vi-

2202 2672 2392 2726 deatur
2436 2692 2449 2726 :
2495 2674 2723 2739 Spiritus
2769 2674 2902 2726 enim
2943 2674 3305 2742 prapltetarum
3341 2670 3601 2740 prapltetis
3636 2668 3797 2739 subji-

2202 2765 2405 2817 ciuntur
2436 2780 2453 2816 :
2484 2774 2738 2834 prmterea
2770 2780 2834 2820 ex
2882 2780 2981 2830 eo,
3014 2764 3155 2833 quod
3203 2765 3497 2817 secundum
3544 2763 3637 2818 Dei
3675 2779 3797 2817 scu-

2204 2856 2422 2908 tculiam
2455 2856 2561 2919 sit;
2601 2854 2720 2908 Non
2761 2856 2897 2909 enim
2931 2865 3003 2909 est
3030 2856 3378 2917 dissensionis,
3409 2855 3599 2923 inquit,
3636 2855 3793 2921 Deus,

2201 2944 2290 2996 sed
2320 2946 2457 3014 pacis
2483 2961 2500 2997 :
2528 2954 2717 3014 quarto
2747 2946 3001 3015 denique,
3029 2961 3095 2999 co
3126 2946 3266 3015 quod
3293 2946 3380 3000 lex
3413 2946 3675 3015 ejusmodi
3702 2963 3796 3015 per

2200 3036 2385 3090 orbem
2422 3037 2727 3091 universum
2763 3038 2959 3107 ubique
2986 3037 3245 3103 obtineat,
3269 3053 3369 3091 nec
3392 3037 3624 3091 alienum
3649 3038 3796 3105 quid-

2201 3140 2359 3191 quam
2392 3140 2613 3195 usquam
2646 3129 2749 3181 illis
2782 3129 3075 3196 imperetur
3108 3145 3120 3181 :
3158 3128 3247 3182 Sic
3290 3129 3442 3194 enim,
3476 3130 3569 3191 ait,
3600 3130 3649 3180 in
3681 3144 3793 3180 om-

2200 3219 2347 3271 nibus
2376 3219 2599 3271 ecclesiis
2628 3228 2920 3272 sanctorum
2959 3220 3132 3273 doceo.
3168 3218 3305 3286 Quid
3347 3233 3474 3288 ergo
3519 3218 3602 3272 bis
3632 3218 3795 3273 rebus

2203 3308 2362 3364 fuerit
2391 3310 2557 3379 magis
2586 3309 2955 3364 horrendum?
3001 3310 3210 3364 Etenim
3254 3310 3495 3363 Ecclesia
3531 3318 3655 3362 tunc
3680 3318 3796 3362 erat

2201 3401 2412 3465 caalum,
2441 3400 2640 3470 Spiritu
2667 3411 2855 3455 sancto
2881 3402 3057 3455 omnia
3091 3410 3330 3471 regente,
3360 3410 3414 3454 et
3436 3415 3792 3468 unumquem-

2200 3507 2305 3561 que
2325 3507 2391 3545 ex
2418 3492 2480 3545 iis
2514 3492 2603 3562 qui
2636 3504 2901 3561 praeerant
2932 3502 3183 3547 movente
3224 3501 3279 3546 et
3327 3506 3357 3544 a
3406 3492 3515 3545 Deo
3556 3491 3793 3545 afflatum

2201 3582 2479 3637 reddente.
2527 3583 2633 3637 Sed
2680 3598 2823 3637 nunc
2869 3582 3081 3636 illorum
3132 3581 3394 3635 donorum
3440 3580 3682 3650 symbola
3729 3595 3793 3635 ac

2200 3679 2350 3741 signa
2392 3682 2595 3727 tantum
2648 3682 2912 3728 tenemus.
2954 3674 3085 3727 Nam
3127 3687 3269 3727 nunc
3299 3687 3511 3743 quoque
3553 3672 3659 3727 duo
3702 3682 3794 3726 aut

2202 3773 2311 3820 tres
2334 3765 2584 3830 dicimus,
2614 3775 2669 3820 et
2698 3765 2951 3829 vicissim,
2980 3775 3033 3821 et
3059 3766 3165 3819 alio
3196 3774 3403 3821 tacente
3425 3767 3559 3818 alius
3586 3764 3791 3835 incipit;

2200 3856 2295 3911 sed
2327 3856 2442 3911 haec
2484 3868 2610 3912 sunt
2660 3866 2865 3912 tantum
2914 3858 3128 3912 illorum
3162 3859 3311 3928 signa
3339 3869 3390 3912 et
3421 3870 3787 3913 monumenta.

2201 3950 2491 4018 Propterea
2532 3950 2748 4019 quando
2796 3950 3156 4018 inccperimus
3196 3950 3409 4014 dicere,
3458 3950 3681 4018 populus
3708 3964 3794 4003 re-

2198 4042 2452 4110 spondet,
2481 4042 2683 4111 Spiritu
2726 4052 2813 4095 tuo
2838 4060 2851 4095 :
2884 4042 3177 4097 ostendens
3202 4041 3346 4111 quod
3376 4041 3503 4097 olim
3538 4043 3615 4097 sic
3644 4042 3791 4097 dice-

2200 4133 2350 4199 bant,
2382 4126 2487 4187 noii
2530 4148 2622 4186 sua
2657 4134 2787 4187 moti
2819 4133 3102 4203 sapientia,
3147 4133 3239 4188 sed
3285 4134 3506 4204 Spiritu.
3539 4134 3643 4190 Sed
3685 4150 3790 4188 non

2200 4240 2342 4279 nunc
2362 4242 2376 4290 ;
2399 4224 2465 4279 de
2489 4239 2574 4279 me
2590 4224 2699 4293 jam
2725 4226 2932 4293 loquor.

2272 4318 2325 4371 5.
2348 4316 2453 4371 Sed
2481 4317 2718 4371 Ecclesia
2744 4324 2885 4371 nunc
2904 4326 2987 4371 est
3016 4317 3206 4369 similis
3234 4315 3464 4379 mulieri,
3493 4330 3610 4384 quae
3642 4334 3678 4390 a.
3703 4332 3794 4369 ve-

2204 4408 2302 4461 teri
2334 4409 2685 4476 prosperitate
2714 4408 2913 4462 excidit
2935 4447 2948 4468 ,
2980 4416 3034 4461 et
3059 4408 3242 4461 multis
3266 4408 3317 4459 in
3348 4408 3477 4461 locis
3506 4413 3617 4465 sola
3649 4421 3794 4468 tenet

2202 4500 2443 4571 symbola
2468 4503 2700 4571 antiqua:
2727 4501 2867 4555 illius
2894 4498 3181 4562 felicitatis,
3207 4506 3259 4552 et
3294 4501 3567 4555 monilium
3598 4520 3793 4561 aureo.-

2202 4608 2321 4647 rum
2352 4592 2569 4663 quidem
2598 4592 2741 4645 solas
2766 4587 3001 4645 ostendit
3029 4587 3211 4644 thecas
3239 4599 3289 4644 et
3317 4592 3525 4648 arculas
3547 4636 3559 4656 ,
3593 4594 3793 4651 divitiis

2202 4695 2381 4739 autem
2412 4694 2494 4737 est
2524 4685 2727 4751 privata
2759 4700 2771 4735 :
2807 4682 2853 4736 ei
2886 4697 3026 4737 nunc
3068 4683 3305 4739 Ecclesia
3334 4697 3416 4741 est
3444 4688 3653 4744 similis.
3686 4690 3789 4745 Ne-

2202 4790 2307 4843 que
2352 4775 2453 4828 hoc
2495 4774 2667 4828 solum
2709 4772 2829 4828 dico
2870 4784 3090 4844 propter
3128 4776 3299 4840 dona;
3344 4792 3450 4831 non
3481 4780 3621 4833 enim
3650 4793 3795 4835 esset

2201 4878 2383 4934 grave,
2415 4864 2458 4918 si
2498 4864 2597 4919 hoc
2634 4864 2807 4919 solum
2844 4876 3016 4931 esset;
3058 4866 3152 4921 sed
3193 4867 3352 4919 etiam
3387 4876 3607 4935 propter
3632 4869 3793 4923 vitam

2204 4965 2258 5010 et
2287 4958 2556 5012 virtutem.
2603 4956 2734 5011 Nam
2777 4968 2832 5011 et
2873 4957 3154 5011 viduarum
3195 4971 3469 5018 numerus.
3502 4966 3558 5012 ct
3598 4960 3796 5014 chorus

2202 5050 2467 5121 virginum
2514 5062 2640 5105 tunc
2684 5065 2933 5120 magnum
2967 5057 3342 5103 ornamentum
3375 5050 3650 5120 przebebat
3697 5054 3796 5107 Ec—

2204 5143 2381 5199 clesiis
2410 5161 2422 5196 :
2454 5158 2595 5197 nunc
2638 5151 2815 5196 autem
2857 5142 2924 5195 ab
2964 5140 3027 5193 iis
3078 5139 3318 5194 Ecclesia
3366 5142 3577 5197 deserta
3621 5152 3706 5198 est
3746 5153 3800 5195 et

2204 5237 2511 5299 exinanita,
2558 5243 2615 5290 et
2660 5234 2775 5289 sola
2825 5241 3044 5285 manent
3086 5232 3256 5301 signa.
3305 5232 3438 5288 Nam
3483 5244 3610 5289 sunt
3655 5250 3797 5287 nunc

2204 5344 2417 5398 quoque
2444 5326 2639 5391 vidum,
2680 5333 2805 5379 sunt
2846 5333 2900 5376 et
2924 5323 3201 5394 .virgines;
3239 5326 3333 5380 sed
3363 5341 3439 5381 ea:
3467 5340 3575 5380 non
3600 5325 3799 5379 habent

2207 5422 2353 5476 illum
2381 5430 2651 5484 ornatum,
2674 5432 2830 5486 quem
2856 5416 3051 5473 habere
3081 5428 3355 5488 oporteret
3383 5434 3475 5472 eas
3502 5432 3621 5486 qum
3647 5431 3707 5471 se
3732 5418 3797 5472 ad

2208 5515 2323 5569 haec
2352 5522 2606 5584 pararunt
2636 5510 2950 5565 certamina.
2984 5511 3255 5565 Eximium
3291 5511 3437 5566 enim
3464 5508 3687 5578 virginis
3717 5519 3799 5565 est

2208 5606 2461 5660 indicium
2486 5646 2500 5671 ,
2532 5602 2673 5671 quod
2700 5601 2767 5657 de
2798 5602 2863 5658 iis
2894 5612 3098 5657 tantum
3125 5616 3246 5672 qua!
3272 5610 3398 5657 sunt
3430 5599 3520 5654 Dei
3548 5598 3621 5657 sit
3643 5599 3793 5655 solli-

2210 5701 2335 5766 rita,
2373 5710 2426 5752 ct
2464 5698 2528 5752 ad
2569 5697 2732 5751 Deum
2776 5694 3098 5769 precandum
3140 5694 3405 5753 indivulse
3440 5692 3675 5749 assideat
3707 5703 3796 5751 εει
