4038 6216
220 332 332 392 3M

235 453 458 519 ἐαυτῷ
494 453 561 505 δὲ
588 455 843 507 λαλείτω
891 452 987 506 καί
1037 452 1114 517 τῷ
1169 453 1309 519 Θεῷ.
1344 457 1407 510 Et
1440 455 1514 527 μὴ
1544 454 1803 524 καρτερεῖ

225 544 403 613 σιγᾷν,
455 541 642 610 φησὶν,
686 539 802 594 ἀλλ’
836 541 1010 603 οὕτως
1053 541 1171 593 ἐστὶ
1201 542 1483 614 φιλότιμος
1515 544 1610 597 καὶ
1644 542 1800 595 κενό-

221 630 391 694 δοξος,
445 628 563 682 καθ’
613 627 799 681 ἐαυτὸν
841 628 1177 697 φθεγγέσθω.
1234 629 1397 683 Ὥστε
1436 629 1586 699 αὐτῷ
1631 628 1805 698 τούτῳ

226 714 465 784 μάλιστα
485 714 563 784 τῷ
593 712 764 779 οὕτως
795 714 1083 785 ἐπιτρέψαι
1115 715 1386 769 ἐκώλυσεν
1410 716 1695 787 ἐντρέψας.

293 912 359 967 δ’.
392 910 544 985 [358]
572 913 637 966 '0
658 912 750 967 καὶ
775 911 1010 983 ἀλλαχοῦ
1028 915 1174 966 ποιεῖ
1196 912 1440 987 περὶτῆς
1461 914 1598 984 πρὸς
1619 913 1803 983 γυναῖ-

224 1020 297 1054 κα
330 1000 549 1077 όμιλίας
569 1000 974 1071 διαλεγόμενος,
997 1002 1091 1054 καὶ
1124 1002 1319 1069 λέγων·
1351 1003 1531 1058 Τοῦτο
1559 1001 1627 1055 δὲ
1649 1000 1805 1071 λέγω

224 1088 322 1142 διὰ
353 1086 470 1156 τὴν
495 1087 801 1155 ἀκρασίαν
827 1087 1010 1157 ὑμῶν.
1053 1088 1196 1140 Ἀλλ’
1224 1088 1322 1157 οὐχ
1352 1088 1442 1141 ὅτε
1496 1089 1627 1157 περὶ
1672 1105 1805 1157 προ-

224 1173 452 1244 φητείας
481 1174 684 1242 ἔλεγεν.
710 1173 883 1237 οὕτως
927 1170 1100 1238 εἶπεν,
1127 1173 1265 1227 ἀλλά
1296 1176 1442 1238 πῶςς
1492 1175 1803 1227 Ἐπιτακτι-

223 1260 335 1322 κῶς
390 1260 487 1314 καὶ
542 1259 939 1330 ωμοθετικῶς·
992 1260 1295 1329 Προφῆται
1326 1262 1394 1314 δὲ
1430 1261 1540 1315 δύο
1570 1261 1609 1329 ἢ
1647 1261 1804 1327 τρεῖς

221 1346 620 1401 λαλείτωσαν.
656 1346 768 1401 Καὶ
821 1346 1059 1416 οὐδαμοῦ
1122 1350 1214 1400 τὸν
1273 1348 1519 1418 ἑρμηνέα
1568 1347 1803 1401 ἐνταῦθα

224 1435 544 1508 ζητεῖ,-οὐὸἐ
574 1434 918 1505 ἐπιστομίζει
948 1436 1040 1489 τὸν
1079 1436 1515 1506 προφητεύοντα,
1551 1436 1802 1506 καθάπερ

224 1526 341 1578 ἐκεῖ
369 1525 562 1592 λέγων,
629 1523 771 1579 Ἐὰν
806 1522 894 1592 μὴ
948 1518 987 1594 ᾗ
1045 1523 1496 1591 διερμηνευτής,
1556 1522 1797 1593 σιγάτω.

224 1611 355 1665 Οὐδέ
390 1611 499 1682 γὰρ
525 1611 807 1680 αὐτάρκης
848 1612 877 1663 6
926 1613 992 1681 τῇ
1048 1610 1261 1680 γλώττῃ
1296 1610 1491 1664 λαλῶν.
1524 1610 1720 1680 Διόπερ
1751 1613 1800 1664 εί

227 1697 326 1767 μέν
355 1713 439 1759 τις
473 1696 760 1767 ἀμφότερα
789 1696 900 1767 ἔχει
928 1696 995 1750 τά
1017 1698 1356 1767 χαρίσματα,
1390 1697 1640 1750 λαλείτω’
1672 1698 1799 1750 εἰδὲ

221 1785 320 1837 οὐκ
347 1784 482 1854 ἔχει,
528 1784 671 1837 θέλει
699 1785 755 1837 δὲ
785 1784 1139 1853 φθέγγεσθαι.
1170 1785 1311 1853 μετά
1343 1784 1437 1837 τοῦ
1469 1783 1799 1854 ἑρμηνεύον-

104 1912 107 1915 ς
220 1889 312 1937 τος
340 1873 499 1927 τοῦτο
520 1874 765 1927 ποιείτω.
794 1875 904 1927 Καὶ
929 1874 1039 1944 γάρ
1075 1876 1103 1926 ό
1142 1873 1426 1944 προφήτης
1459 1874 1800 1944 ἑρμηνευτής

222 1962 390 2022 ἐστιν.
428 1960 562 2013 ἀλλὰ
601 1958 693 2014 τόῦ
720 1960 876 2025 Θεοῦ,
919 1962 982 2013 σὺ
1012 1960 1069 2013 δέ
1101 1961 1192 2014 τοῦ
1219 1960 1527 2032 ἀνθρώπου.
1566 1962 1701 2015 Ἐὰν
1735 1960 1803 2014 δὲ

217 2048 302 2118 μὴ
331 2042 374 2118 ᾗ
402 2048 857 2116 διερμηνευτής,
887 2048 1131 2115 σιγάτω.
1167 2048 1331 2101 Οὐδὲν
1360 2050 1470 2118 7&9
1506 2049 1588 2101 δεῖ
1614 2066 1801 2118 περιτ-

221 2136 329 2199 τῶς
390 2135 656 2204 γίνεσθαι,
719 2136 837 2188 οὐδέ
880 2135 1016 2206 πρὸς
1067 2135 1397 2207 φιλοτιμίαν.
1462 2135 1688 2200 Ἐαυτῷ
1735 2137 1804 2188 δὲ

220 2226 476 2278 λαλείτω
506 2224 604 2278 καί
638 2224 719 2289 τῷ
759 2222 899 2289 Θεῷ·
929 2224 1201 2283 τουτέστι.
1258 2225 1401 2278 κατὰ
1453 2224 1715 2287 διάνοιαν,
1766 2223 1798 2294 ἢ

223 2311 401 2381 ἠρέμα
436 2312 529 2364 καὶ
553 2311 816 2381 ἀψοφητὶ,
849 2310 903 2364 εἴ
926 2329 991 2380 γε
1016 2310 1287 2371 βούλεται.
1312 2313 1385 2365 Οὐ
1414 2312 1521 2383 γάρ
1545 2311 1609 2381 δὴ
1642 2328 1802 2379 νομο-

224 2398 504 2461 θετοῦντος
552 2397 710 2450 τοῦτό
761 2399 932 2461 ἐστιν,
989 2398 1126 2451 ἀλλὰ
1157 2400 1296 2469 τάχα
1329 2400 1421 2453 καὶ
1451 2400 1801 2469 ἐντρέποντος

225 2485 424 2553 μᾶλλον
450 2485 537 2537 διὰ
582 2486 679 2554 τῆς
720 2486 1144 2555 συγχωρήσεως,
1180 2485 1368 2556 ὥσπερ
1392 2486 1519 2539 ὅταν
1551 2484 1709 2558 λέγῃ,
1735 2485 1802 2537 El

221 2568 288 2620 δέ
314 2585 399 2632 τις
423 2566 619 2631 πεινᾷ,
664 2567 733 2619 ἐν
778 2568 922 2631 οἴκῳ
959 2568 1228 2621 ἐσθιέτω·
1269 2570 1361 2621 καὶ
1395 2568 1565 2621 δοκῶν
1593 2584 1802 2635 συγχω-

224 2654 355 2724 ρεῖν,
384 2652 710 2724 δριμύτερον
762 2654 911 2724 αὐτῷ
964 2655 1140 2724 τούτῳ
1195 2655 1555 2708 καθάπτεται.
1590 2656 1665 2708 Οὐ
1693 2656 1801 2724 7&9

221 2738 311 2791 διὰ
334 2740 491 2791 τοῦτο
521 2740 870 2811 συνέρχεσθε,
895 2742 1083 2811 φησιν,
1105 2743 1194 2795 ἵνα
1214 2742 1424 2811 δείξητε
1454 2743 1534 2795 ὅτι
1558 2743 1801 2813 χάρισμα

222 2829 397 2893 ἔχετε,
430 2824 545 2878 ἀλλ’
574 2826 661 2879 ἵνα
688 2826 1010 2896 οίκοδομῆτε
1034 2830 1159 2892 τοὺς
1190 2830 1506 2892 ἀκούοντας·
1547 2831 1683 2898 ὅπερ
1710 2830 1802 2881 καὶ

221 2913 524 2984 ἀρχόμενος
571 2909 713 2977 εἷπε,
748 2915 951 2967 Πάντα
980 2906 1131 2983 πρὸς
1168 2916 1492 2985 οἰκοδομὴν
1523 2916 1797 2985 γινέσθω.

222 3001 525 3070 Προφῆται
558 3000 626 3053 δὲ
649 3001 757 3055 δύο
789 3004 825 3067 ἢ
856 3002 1010 3068 τρεῖς
1053 3005 1449 3066 λαλείτωσαν,
1481 3004 1573 3055 καί
1608 3006 1661 3055 οί
1693 3004 1799 3055 ἄλ-

221 3090 319 3144 λοι
357 3088 847 3156 διακρινέτωσαν.
908 3090 1162 3159 Οὐδαμοῦ
1213 3090 1274 3142 τὸ
1326 3091 1579 3143 πλεῖστον
1628 3108 1802 3161 προσ-

223 3178 387 3247 έθηκε
408 3177 661 3247 καθάπερ
690 3177 780 3229 ἐπὶ
796 3176 908 3230 τῶν
928 3177 1203 3246 γλωττῶν.
1224 3179 1335 3232 Καὶ
1354 3180 1405 3232 τί
1426 3179 1584 3232 τοῦτό
1606 3197 1801 3249 φησιν;

222 3266 344 3318 οὐδέ
375 3264 484 3335 γάρ
529 3263 628 3333 τὴν
678 3265 1015 3335 προφητείαν
1060 3265 1308 3337 αὐτάρκη
1341 3267 1632 3329 δείκνυσιν,
1663 3267 1800 3333 εἴγε

222 3350 403 3414 ἄλλοις
425 3349 712 3420 ἐπιτρέπει
736 3350 836 3421 τὴν
866 3352 1066 3422 κρίσιν.
1097 3352 1311 3423 Σφόδρα
1342 3353 1441 3422 μὲν
1467 3348 1560 3406 οὖν
1590 3352 1800 3422 αὐτάρ-

223 3453 347 3508 κης·
380 3436 501 3488 οὐδὲ
537 3438 646 3507 γὰρ
677 3439 1037 3510 ἐπεστόμισεν
1068 3440 1233 3493 αὐτὸν
1272 3440 1525 3512 καθάπερ
1570 3442 1799 3505 ἐκεῖνον,

222 3525 323 3579 οὐκ
364 3523 515 3586 δντος
573 3526 991 3595 ἐρμηνεύοντος·
1042 3526 1163 3579 οὐδὲ
1218 3526 1407 3597 ὥσπερ
1456 3528 1543 3579 ἐπ’
1592 3528 1802 3581 ἐκείνου

223 3608 397 3676 εἶπεν,
439 3612 582 3665 Ἐὰν
608 3611 694 3679 μὴ
723 3607 764 3681 ᾖ
811 3615 844 3666 ό
893 3612 1344 3681 διερμηνευτὴς,
1378 3612 1623 3681 σιγάτω,
1660 3616 1803 3667 οὕτω

222 3702 319 3753 καὶ
350 3698 445 3752 ἐπὶ
471 3698 684 3763 τούτου,
722 3700 848 3753 Ἐάν
885 3700 959 3769 μὴ
1084 3702 1112 3753 6
1142 3700 1451 3769 διακρίνων,
1486 3700 1561 3770 μὴ
1592 3718 1804 3772 προφηο

221 3786 447 3849 τευέτω,
490 3785 607 3839 ἀλλ’
651 3784 989 3855 ἠσφαλίσατο
1023 3784 1183 3855 μόνον
1208 3787 1299 3838 τὸν
1325 3788 1622 3857 ἀκροατήν.
1660 3788 1805 3859 Πρὸς

221 3874 331 3943 γάρ
353 3871 453 3944 τὴν
482 3871 590 3926 τῶν
619 3870 923 3925 ἀκουόντων
949 3872 1319 3944 πληροφορίαν
1361 3873 1520 3926 τοῦτο
1559 3874 1801 3945 εἴρηκεν,

222 3960 364 4015 ὥστε
397 3959 471 4030 μὴ
494 3960 876 4031 παρεμπεσεῖν
905 3959 1110 4029 μεταξύ
1142 3959 1357 4029 μάντιν.
1386 3959 1557 4013 Τοῦτο
1576 3962 1683 4031 7&9
1708 3962 1803 4013 καὶ

220 4047 526 4119 ἀρχόμενος
571 4046 935 4115 φυλάττεσθαι
981 4047 1252 4110 ἐκέλευεν,
1283 4048 1372 4101 ὅτε
1416 4048 1677 4116 μαντείας
1708 4050 1805 4102 καὶ

222 4134 561 4204 προφητείας
586 4132 850 4202 διαίρεσιν
875 4133 1159 4202 είσήγαγε,
1193 4135 1287 4188 καὶ
1315 4134 1410 4187 νῦν
1440 4135 1573 4188 αὐτὸ
1593 4137 1804 4207 διακρί-

220 4239 332 4274 νειν
363 4219 574 4273 κελεύει
619 4221 711 4273 καὶ
766 4222 1009 4283 σκοπεῖν,
1054 4220 1195 4273 ὥστε
1255 4223 1413 4291 μήτι
1448 4224 1802 4293 παρεισδῦναι

219 4308 544 4365 διαϐολικόν.
584 4307 726 4361 Ἐὰν
750 4307 819 4360 δὲ
850 4308 1018 4371 ἄλλῳ
1039 4309 1447 4379 ἀποκαλυφθῇ
1470 4312 1801 4380 καθημένῳ,

220 4399 254 4451 ό
285 4394 516 4464 πρῶτος
554 4394 795 4463 σιγάτω.
833 4396 1105 4448 Δύνασθε
1140 4396 1247 4464 γὰρ
1283 4396 1419 4451 καθ’
1440 4397 1549 4450 ἕνα
1581 4398 1802 4463 πάντες

220 4486 642 4557 προφητεύειν,
673 4487 773 4539 ἵνα
803 4485 1026 4551 πάντες
1051 4486 1421 4553 μανθάνωσι,
1456 4489 1555 4541 καὶ
1580 4488 1802 4555 πάντες

220 4571 709 4641 παρακαλῶνται.
749 4571 814 4623 Τί
845 4571 974 4623 ποτέ
1000 4573 1114 4624 ἐστι
1144 4574 1301 4626 τοῦτο
1353 4574 1414 4627 τὸ
1472 4576 1798 4646 είρημένον;

222 4662 285 4713 El
320 4657 759 4727 προφητεύοντός
812 4674 928 4724 σου,
986 4659 1140 4728 φησὶ,
1170 4660 1265 4711 καὶ
1306 4661 1700 4731 φθεγγομένου,
1742 4666 1802 4716 τὸ

221 4745 441 4815 πνεῦμα
468 4742 563 4796 τοῦ
599 4744 793 4814 ἐτέρου
839 4745 1158 4817 διεγείρειεν
1205 4746 1388 4811 αὐτὸν,
1434 4748 1560 4815 σίγα
1592 4750 1797 4803 λοιπόν.

222 4834 403 4902 Ὅπερ
427 4830 538 4900 γάρ
563 4825 719 4884 εἶπεν
753 4832 845 4885 ἐπὶ
872 4832 978 4885 τῶν
1003 4833 1283 4899 γλωττῶν,
1308 4834 1470 4889 τοῦτο
1505 4838 1598 4889 καὶ
1618 4838 1802 4891 ἐνταῦ-

222 4920 290 4974 θα
321 4920 548 4973 ἀπαιτεῖ
574 4918 635 4970 τὸ
680 4919 784 4971 ἀνά
842 4918 1028 4988 μέρος,
1063 4919 1199 4971 ἀλλά
1244 4920 1495 4993 θειότερα
1544 4923 1797 4975 ἐνταῦθα’

222 5008 283 5061 οὐ
305 5008 413 5078 7&9
438 5004 611 5070 εἴπεν,
646 5006 777 5059 Ἀνά
809 5006 995 5077 μέρος,
1022 5008 1158 5071 ἀλλ’,
1206 5009 1341 5062 Ἐὰν
1379 5010 1546 5077 ἄλλῳ
1574 5013 1802 5067 ἀποκα-

219 5092 447 5163 λυφθῇ.
471 5093 537 5146 Τί
556 5091 664 5163 7&9
681 5093 847 5163 ἐχρῆν
879 5093 1083 5157 λοιπὸν,
1110 5095 1302 5146 τούτου
1327 5097 1647 5167 κινουμένου
1667 5099 1803 5169 πρὸς

222 5179 580 5252 προφητείαν,
602 5180 807 5233 ἐκεῖνον
832 5178 1013 5246 λέγειν
1036 5196 1049 5244 ;
1080 5176 1219 5232 Ἀλλ’
1236 5182 1580 5255 ἀμφοτέρους
1596 5187 1765 5257 ἐχρῆν
1786 5205 1799 5253 ;

236 5267 377 5321 Ἀλλ’
402 5267 625 5330 ἄτοπον,
653 5265 747 5319 καὶ
768 5265 1031 5336 σύγχυσιν
1048 5265 1190 5336 ἔχον.
1208 5268 1368 5322 Ἀλλά
1384 5270 1477 5322 τὸν
1507 5272 1799 5343 πρότερον;

232 5352 395 5408 Ἀλλά
417 5354 511 5406 καὶ
539 5350 697 5407 τοῦτο
710 5352 928 5406 ἄτοπον.
950 5352 1049 5404 Διά
1066 5353 1175 5423 γὰρ
1191 5354 1369 5421 τοῦτο,
1386 5356 1635 5424 λέγοντος
1657 5361 1803 5413 ἐκεί-

222 5458 338 5505 νου,
368 5438 559 5494 τοῦτον
584 5438 755 5491 ἐκίνει
778 5438 838 5491 τὸ
864 5438 1111 5509 Πνεῦμα,
1133 5441 1219 5493 ἵνα
1252 5458 1303 5493 τι
1341 5443 1435 5496 καὶ
1471 5439 1623 5508 οὗτος
1651 5448 1799 5517 εἴπῃ.

224 5523 359 5582 Εἶτα
394 5526 884 5599 παραμυθούμενος
904 5528 998 5579 τὸν
1018 5530 1493 5600 ἐπιστομισθέντα,
1524 5534 1673 5602 φησί·
1699 5537 1805 5589 Δύ-

223 5616 410 5669 νασθε
428 5616 537 5683 γὰρ
558 5616 687 5672 καθ’
713 5614 823 5668 ἕνα
847 5613 1067 5681 πάντες
1083 5620 1500 5685 προφητεύειν,
1527 5622 1625 5676 ἵνα
1651 5622 1801 5676 πάν-

227 5718 318 5769 τες
350 5700 720 5771 μανθάνωσι,
755 5699 853 5757 καί
876 5699 1099 5769 πάντες
1127 5706 1605 5771 παρακαλῶνται.
1638 5709 1802 5781 Ὁρᾷς

1258 338 1320 391 IN
1360 339 1572 394 EPIST.
1618 340 1639 393 ι
1678 338 1771 392 AD
1801 335 1959 392 con.
2003 301 2239 394 lionlL.
2279 342 2520 398 χχχιιι.

3370 343 3478 398 διε

1913 453 2030 516 πῶς
2071 455 2235 509 πάλιν
2273 457 2369 527 τὴν
2412 459 2591 512 αίτίαν
2650 458 2798 531 [559]
2838 459 3040 527 τίθησι,
3084 458 3151 511 δι’
3187 459 3253 527 ἢν
3299 460 3473 514 πάντα

1908 544 2089 601 ποιεῖς
2131 543 2191 595 El
2226 543 2334 613 7&9
2366 545 2455 597 τὸν
2483 544 2757 612 γλώσσαις
2803 545 3069 599 λαλοῦντα
3103 544 3334 598 καθόλου
3362 562 3474 598 κω·

1905 626 2021 680 λύει
2050 628 2250 696 λέγειν,
2282 631 2408 684 ὅταν
2432 632 2675 703 ἑρμηνέα
2707 634 2780 702 μὴ
2813 634 2932 705 ἔχῃ,
2960 634 3049 686 διὰ
3084 632 3145 685 τὸ
3174 632 3472 701 ἀνωφελὲς,

1906 714 2131 779 εἰκότως
2160 715 2251 769 καὶ
2279 719 2635 788 προφητείαν,
2664 720 2730 771 ἂν
2765 720 2839 789 μὴ
2868 719 3024 772 τοῦτο
3048 719 3166 791 ἔχῃ,
3192 718 3325 771 άλλά
3354 718 3477 785 σύγ·

1906 819 2060 871 χυσιν
2086 806 2212 873 ποιῇ
2250 806 2343 857 καὶ
2373 806 2618 876 ταραχὴν
2661 807 2755 859 καὶ
2806 806 3033 877 θόρυϐον
3064 806 3307 877 ἄκαιρον,
3339 820 3473 859 κατ-

1907 888 2047 957 έχειν
2075 889 2305 942 κελεύει.
2330 892 2435 945 Καὶ
2468 894 2779 961 πνεύματα
2808 892 3126 962 προφητῶν
3146 893 3475 961 προφήταις

1905 975 2334 1032 ὑποτάσσεται.
2380 975 2532 1043 Εἶδες
2574 981 2690 1044 πῶς
2724 982 3013 1052 ἐνέτρεψεν
3057 980 3219 1033 αὐτὸν
3246 982 3476 1041 εὐτόνως

1905 1062 2000 1113 καὶ
2028 1064 2275 1134 φοϐερῶς
2299 1064 2443 1129 ;”Ἰνα
2473 1067 2582 1138 7&9
2609 1066 2682 1137 μὴ
2709 1068 3011 1138 φιλονεικῇ,
3050 1067 3185 1138 μηδέ
3210 1066 3475 1136 στασιάζῃ

1903 1148 2255 1218 ὸάνθρωπος,
2308 1152 2441 1205 αὐτὸ
2487 1153 2546 1205 τὸ
2580 1153 2824 1224 χάρισμα
2871 1154 3141 1206 δείκνυσιν
3175 1153 3476 1206 ὑποτασσό-

1907 1251 2085 1304 μενον·
2126 1237 2344 1308 πνεῦμα
2383 1238 2492 1308 γάρ
2517 1239 2750 1292 ἐνταῦθα
2779 1239 2877 1309 τὴν
2900 1239 3187 1309 ἐνέργειαν
3208 1239 3380 1307 λέγει.
3414 1239 3477 1291 El

1902 1321 1958 1373 δέ
1984 1321 2046 1374 τὸ
2077 1323 2293 1394 πνεῦμα
2337 1325 2723 1390 ὑποτάσσεται,
2768 1325 2950 1395 πολλῴ
2988 1324 3185 1394 μᾶλλον
3222 1324 3284 1375 σύ
3314 1326 3342 1377 ὀ
3380 1341 3477 1376 κε-

1904 1409 2175 1477 κτημένος
2200 1411 2301 1462 οὐκ
2332 1412 2396 1464 ἂν
2418 1412 2534 1482 εῖης
2563 1412 2769 1474 δίκαιος
2797 1411 3138 1478 φιλονεικεῖν.
3190 1406 3321 1463 Εἶτα
3371 1409 3478 1472 δεί-

1904 1512 2094 1547 κνυσιν
2122 1497 2203 1551 ὃτι
2236 1498 2333 1551 καὶ
2357 1498 2435 1567 τῷ
2464 1496 2582 1568 Θεῷ
2628 1498 2787 1551 τοῦτο
2812 1498 2979 1560 δοκεῖ,
3005 1497 3229 1563 ἐπάγων
3275 1497 3367 1548 καὶ
3390 1495 3477 1547 λέ-
3500 1531 3503 1535 ›

1902 1596 2035 1647 γων·
2060 1583 2141 1633 Οὐ
2172 1582 2291 1651 γάρ
2304 1585 2477 1636 ἐστιν
2491 1584 2942 1649 ἀκαταστασίας
2972 1588 3002 1636 o'
3025 1584 3183 1647 Θεὸς.
3210 1583 3370 1636 ἀλλὰ
3395 1584 3477 1635 ει-

1894 1664 2111 1733 ρήνης,
2134 1667 2215 1733 ὡς
2232 1668 2303 1720 ἐν
2328 1668 2552 1733 πάσαις
2576 1668 2706 1734 ταῖς
2736 1670 3130 1736 Ἐκκλησίαις
3149 1668 3267 1721 τῶν
3295 1668 3479 1737 ἁγίων

1902 1752 2184 1807 διδάσκω.
2228 1751 2380 1817 Εἶδες
2418 1755 2484 1807 δι’
2528 1756 2667 1807 ὅσων
2719 1756 2926 1825 ἤγαγεν
2974 1756 3137 1808 αὐτὸν
3182 1757 3261 1813 είς
3299 1755 3475 1823 σιγὴν,

1904 1840 1997 1891 καὶ
2027 1840 2455 1912 παρεμυθήσατο
2479 1842 2693 1912 θατέρῳ
2720 1842 3195 1913 παραχωροῦντας
3237 1842 3306 1894 δι’
3358 1842 3476 1903 ἐνὸς

1907 1928 2007 1995 μὲν
2032 1926 2130 1979 καὶ
2160 1928 2399 1997 πρώτου,
2433 1928 2527 1981 τοῦ
2582 1930 2656 2000 μὴ
2698 1929 2988 1982 ἐκλύεσθαι
3033 1928 3223 1981 τούτου
3256 1928 3478 1997 γινομέ-

1904 2030 2018 2068 νου’
2046 2014 2318 2068 Δύνασθε
2345 2014 2475 2085 7&9,
2506 2016 2660 2084 φησὶ,
2693 2016 2821 2069 καθ’
2852 2015 2961 2068 ἕνα
2989 2016 3211 2081 πάντες
3248 2028 3478 2086 προέβη·-

1904 2102 2119 2155 τεύειν·
2149 2101 2216 2154 δι’
2242 2103 2429 2173 ἐτέρου
2466 2102 2523 2155 δὲ
2552 2102 2644 2155 τοῦ
2677 2101 2771 2155 καὶ
2796 2101 2874 2172 τῷ
2896 2102 3176 2173 Πνεύματι
3205 2102 3363 2154 τοῦτο
3390 2101 3477 2155 δοο

1903 2193 2020 2241 κεῖν
2043 2204 2057 2219 ’
2093 2191 2412 2259 Πνεύματα
2436 2190 2545 2261 γὰρ
2578 2189 2903 2259 προφητῶν
2932 2188 3270 2261 προφήταις
3322 2194 3473 2245 ὐποο

1903 2277 2211 2331 τάσσεται·
2249 2278 2385 2346 πρὸς
2425 2279 2633 2341 τούτοις
2678 2278 2755 2348 τῷ
2787 2278 2928 2330 κατὰ
2956 2281 3181 2350 γνώμην
3214 2280 3305 2332 τοῦ
3340 2278 3475 2331 Θεοῦ

1901 2364 2060 2419 τοῦτο
2095 2364 2265 2417 εἶναι’
2318 2368 2399 2419 Οὺ
2435 2367 2549 2435 γάρ
2585 2369 2760 2421 ἐστιν
2787 2368 3260 2433 ἀκαταστασίας,
3292 2369 3474 2435 φησὶν,

1903 2457 1935 2507 ό
1968 2454 2133 2518 Θεὸς,
2154 2452 2333 2507 ’ἀλλὰ
2368 2455 2637 2521 είρηνης·
2674 2454 2767 2506 καὶ
2802 2457 3061 2526 τετάρτῳ,
3093 2456 3170 2525 τῷ
3206 2456 3476 2523 πανταχοῦ

1902 2543 1999 2613 τῆς
2023 2542 2347 2612 οἰκουμένης
2368 2543 2553 2595 τοῦτον
2588 2544 2811 2613 κρατεῖν
2843 2542 2932 2595 τὸν
2964 2544 3145 2613 νόμον,
3173 2545 3267 2595 καὶ
3313 2542 3477 2612 μηδὲν

1904 2632 2054 2696 ξένον
2094 2631 2278 2693 αὐτοῖς
2317 2630 2722 2684 ἐπιτάττεσθαι.
2754 2633 2917 2684 Οῦτω
2972 2632 3082 2700 γὰρ
3130 2632 3199 2682 ἐν
3230 2630 3474 2693 πάσαις,

1903 2721 2058 2787 φησὶ,
2088 2719 2218 2783 ταῖς
2259 2720 2649 2786 Ἐκκλησίαις
2690 2720 2810 2773 τῶν
2840 2722 3024 2788 ἁγίων
3071 2718 3355 2770 διδάσκω.
3413 2716 3478 2767 Τί

1901 2806 2082 2857 τοίνυν
2116 2804 2555 2875 φρικωδέστερον
2605 2805 2812 2858 τούτων
2859 2808 3055 2873 γένοιτ’
3100 2806 3165 2859 ἂν
3195 2805 3303 2857 τῶν
3335 2821 3478 2875 πρα-

1903 2892 2171 2963 γμάτων;
2212 2891 2325 2946 Καὶ
2352 2892 2461 2963 7&9
2508 2892 2735 2961 οὐρανὸς
2783 2894 2816 2961 ή
2860 2893 3152 2961 Ἐκκλησία
3206 2892 3347 2953 τότε,
3386 2890 3479 2941 τοῦ

1906 2980 2224 3049 ΙΙνεύματος
2253 2980 2431 3032 πάντα
2461 2978 2919 3048 δημαγωγοῦντος
2945 2978 3168 3030 καὶτῶν
3198 2977 3481 3045 προεστώ-

1904 3088 2009 3121 των
2035 3070 2266 3121 ἐκαστον
2291 3068 2587 3131 κινοῦντος,
2635 3068 2728 3119 καὶ
2772 3066 2956 3119 ἔνθουν
2989 3067 3285 3127 ποιοῦντος.
3320 3064 3479 3115 Ἀλλά

1904 3154 1999 3207 νῦν
2026 3155 2094 3209 τὰ
2122 3154 2367 3225 σύμϐολα
2403 3154 2707 3224 κατέχομεν
2734 3154 2843 3205 τῶν
2872 3152 3229 3224 χαρισμάτων
3253 3150 3479 3202 ἐκείνων

1907 3244 2088 3313 μόνον.
2138 3244 2249 3296 Καὶ
2296 3244 2404 3312 γὰρ
2435 3242 2530 3295 καὶ
2562 3242 2657 3295 νῦν
2708 3242 2801 3294 δύο
2842 3242 2875 3312 ἢ
2917 3244 3063 3311 τρεῖς
3100 3240 3352 3307 λέγομεν,
3387 3239 3482 3290 καὶ

1903 3329 2007 3383 ἀνά
2052 3330 2237 3399 μέρος,
2290 3332 2385 3383 καὶ
2424 3329 2612 3400 ἐτέρου
2666 3329 2927 3397 σιγῶντος
2981 3328 3166 3398 ἕτερος
3215 3328 3476 3396 ἄρχεται·

1904 3416 2040 3469 ἀλλὰ
2086 3418 2290 3486 σημεῖα
2338 3416 2517 3469 ταῦτα
2549 3418 2710 3487 μόνον
2750 3417 2897 3468 ἐστὶν
2926 3417 3150 3467 ἐκείνων
3205 3415 3297 3467 καὶ
3349 3414 3480 3465 ὐπο-

1907 3504 2187 3573 μνήματα.
2212 3505 2300 3556 Διὸ
2324 3504 2545 3556 ἐπειδὰν
2570 3502 2868 3573 ἀρξώμεθα
2895 3504 3094 3570 λέγειν,
3122 3504 3149 3554 6
3174 3502 3301 3563 λαὸς
3334 3502 3482 3552 ἀντι-

1906 3592 2222 3660 φθέγγεται,
2271 3594 2362 3661 Τῷ
2410 3592 2691 3662 Πνεύματί
2732 3609 2847 3656 σου,
2900 3592 3116 3653 δεικνὺς
3161 3591 3241 3642 ὅτι
3280 3590 3341 3641 τὸ
3382 3607 3482 3642 πα-

1904 3680 2054 3733 λαιὸν
2079 3679 2252 3742 οὕτως
2279 3679 2600 3747 ἐλεγον,ούκ
2623 3680 2799 3748 οίκείᾳ
2834 3680 3018 3749 σοφίᾳ,
3048 3678 3183 3733 άλλά
3212 3677 3287 3746 τῷ
3316 3677 3482 3731 Πνεύ-

1908 3785 2037 3837 ματι
2076 3766 2406 3837 κινούμενοι.
2444 3766 2587 3819 Ἀλλ’
2612 3766 2733 3835 οὐχὶ
2764 3764 2879 3818 νῦν·
2930 3766 2993 3817 τὸ
3050 3763 3289 3835 ἐμαυτοῦ
3340 3764 3482 3832 λέγω

1905 3857 2064 3917 τέως.

1974 4057 2035 4101 ε’.
2070 4049 2207 4101 Ἀλλ’
2224 4048 2399 4101 ἔοικεν
2416 4050 2447 4117 ἡ
2476 4046 2771 4119 Ἐκκλησία
2789 4047 2882 4101 νῦν
2899 4049 3117 4115 γυναικὶ
3132 4048 3227 4118 τῆς
3248 4044 3481 4109 παλαιᾶς

1905 4136 2205 4206 εὐημερίας
2248 4134 2578 4204 ἐκπεσούοῃ,
2628 4135 2722 4186 καὶ
2771 4135 2841 4186 τά
2888 4134 3131 4201 σύμϐολα
3176 4135 3479 4204 κατεχούσῃ

1906 4222 2174 4292 πολλαχοῦ
2214 4222 2374 4291 μόνον
2404 4222 2503 4292 τῆς
2528 4221 2763 4291 ἀρχαίας
2798 4219 3106 4290 εὐπραγίας
3127 4220 3362 4289 ἐκείνης,
3388 4224 3479 4273 καὶ

1904 4311 2001 4372 τὰς
2054 4312 2152 4379 μὲν
2184 4310 2360 4380 θήκας
2389 4309 2497 4362 τῶν
2541 4308 2777 4379 χρυσίων
2814 4308 3231 4378 ἐπιδεικνυμένῃ
3284 4308 3379 4360 καὶ
3412 4308 3479 4361 τὰ

1905 4396 2155 4460 κιϐώτια,
2181 4396 2271 4448 τὸν
2303 4396 2360 4449 δέ
2390 4396 2616 4448 πλοῦτον
2646 4394 2995 4467 ἀφῃρημένη·
3032 4396 3203 4466 ταύτῃ
3239 4396 3481 4465 προσέοι-

1906 4502 1999 4537 κεν
2054 4486 2087 4554 ή
2139 4484 2435 4554 Ἐκκλησία
2470 4483 2583 4536 νῦν.
2638 4483 2745 4533 Καὶ
2789 4482 2851 4533 οὐ
2891 4483 3246 4553 χαρισμάτων
3297 4484 3479 4535 ἕνεκεν

1902 4572 2060 4625 τοῦτο
2090 4571 2234 4639 λέγω
2254 4586 2267 4599 ⁸
2300 4570 2419 4622 οὐδέ
2458 4570 2564 4638 γὰρ
2599 4563 2665 4638 ἦν
2696 4568 2889 4632 δεινὸν,
2927 4572 2975 4622 εἰ
3007 4570 3169 4624 τοῦτο
3197 4566 3265 4639 ἦν
3297 4572 3476 4639 μόνον’

1904 4659 2037 4712 ἀλλὰ
2093 4660 2185 4711 καὶ
2235 4657 2352 4727 βίου
2389 4657 2483 4709 καὶ
2519 4656 2738 4725 ἀρετῆς.
2789 4658 2897 4709 Καὶ
2938 4658 3048 4725 7&9
3093 4660 3121 4711 6
3155 4652 3263 4709 τῶν
3295 4656 3479 4725 χηρῶν

1904 4745 2157 4817 ἀριθμὸς,
2204 4746 2297 4797 καὶ
2336 4747 2363 4797 6
2403 4744 2510 4795 τῶν
2546 4742 2831 4814 παρθένων
2864 4745 3024 4815 χορὸς
3066 4745 3185 4797 τότε
3237 4745 3337 4813 μὲν
3365 4740 3479 4813 εἶχε

1904 4837 2105 4905 κόσμον
2140 4836 2259 4896 ταῖς
2301 4830 2649 4900 Ἐκκλησίαις
2703 4831 2908 4885 πολύν·
2945 4831 3039 4883 νῦν
3078 4832 3133 4884 δέ
3188 4832 3477 4901 ἠρήμωται

1904 4926 1996 4976 καὶ
2040 4921 2359 4983 κεκένωται,
2414 4918 2509 4971 καὶ
2542 4919 2611 4972 τά
2643 4918 2885 4988 σύμϐολα
2941 4918 3091 4986 μένει
3141 4919 3322 4988 μόνον.
3359 4922 3481 4973 Εἰσὶ

1907 5010 2004 5078 μὲν
2027 5010 2133 5078 γὰρ
2163 5010 2327 5078 χῆραι
2365 5006 2456 5057 καὶ
2480 5003 2598 5068 νῦν,
2635 5006 2741 5057 εἰσὶ
2771 5006 2862 5056 καὶ
2891 5004 3174 5074 παρθένοι,
3221 5007 3332 5059 ἀλλ’
3382 5007 3480 5059 οὐκ

1904 5099 2118 5166 ἔχουσιν
2166 5090 2324 5148 αὗται
2352 5092 2443 5143 τὸν
2484 5092 2686 5162 κόσμον
2718 5094 2946 5156 ἐκεῖνον,
2981 5092 3038 5144 ὃν
3080 5092 3177 5153 τάς
3208 5092 3480 5144 ἀποδυσαο

1907 5186 2071 5254 μένας
2105 5182 2239 5252 πρὸς
2264 5180 2332 5233 τὰ
2360 5178 2582 5232 τοιαῦτα
2617 5178 2971 5250 παλαίσματα
3032 5178 3176 5247 ἔχειν
3206 5180 3332 5248 χρή.
3370 5180 3481 5231 Καὶ

1903 5271 2011 5338 7&9
2043 5271 2141 5339 τῆς
2188 5266 2459 5338 παρθένου
2496 5266 2557 5318 τὸ
2581 5266 2857 5337 ἐξαίρετον
2888 5264 3038 5337 [540]
3070 5263 3380 5335 γνώρισμα,
3421 5267 3482 5323 τὸ

1904 5361 1970 5414 τὰ
2006 5359 2099 5411 τοῦ
2134 5357 2268 5411 Θεοῦ
2323 5357 2597 5425 μεριμνᾷν
2654 5357 2813 5425 μόνα,
2856 5353 2949 5406 καὶ
2998 5353 3061 5405 τὸ
3117 5354 3481 5424 εὐπρόσεδρον

1903 5445 2348 5515 ἀπερισπάστως
2375 5442 2470 5494 καὶ
2490 5442 2589 5513 τῆς
2612 5442 2785 5511 χήρας
2806 5440 2904 5509 οὐχ
2932 5438 3077 5493 οὕτω
3105 5440 3165 5493 τὸ
3192 5440 3267 5510 μὴ
3293 5440 3478 5492 δεῦτέ-

1906 5550 2020 5603 ροις
2052 5531 2309 5599 ὁμιλῆσαι
2352 5528 2555 5599 γάμοις
2603 5529 2799 5597 δεῖγμα
2838 5526 3037 5594 γένοιτ’
3072 5528 3156 5587 ἂν,
3188 5528 3262 5589 ὡς
3288 5526 3476 5586 τᾶλλα,

1902 5621 1969 5673 τὰ
2000 5620 2095 5688 τῆς
2113 5615 2436 5686 φιλοξενίας,
2457 5616 2525 5668 τά
2551 5615 2648 5683 τῆς
2678 5612 3067 5685 φιλοπτωχίας,
3099 5613 3167 5664 τὰ
3196 5613 3295 5680 τῆς
3340 5613 3485 5681 φιλοα

1906 5707 2199 5778 καρτερίας
2241 5708 2338 5775 τῆς
2391 5707 2448 5757 ἐν
2495 5703 2703 5771 εὐχαῖς,
2736 5702 2914 5756 πάντα
2959 5702 3025 5756 τὰ
3069 5701 3223 5767 ἄλλα,
3256 5698 3291 5751 ἀ
3344 5701 3482 5769 μετά
