4038 6216
521 360 632 418 3Ιό
1188 363 1246 417 S.
1283 359 1569 416 JOANNIS
1604 358 2094 416 (IIIRYSOSTOMI
2131 356 2447 414 ARCIIIEP.
2485 359 3028 415 CONSTANTINOP.
3673 359 3780 414 5“

523 474 725 545 πολλῆς
763 475 985 531 ἀπαιτεῖ
1019 476 1119 547 τῆς
1173 478 1458 548 ἀκριϐείας
1517 480 1546 530 ὁ
1598 477 1806 540 Παῦλος
1845 474 2092 544 Τιμοθέῳ
2199 503 2329 551 των,
2359 486 2538 540 κυνῶν
2587 486 3080 558 ἀναισχυντότερον
3125 484 3469 555 διακείμεθα,
3501 485 3620 539 οὐδὲ
3652 486 3785 556 δσην

521 558 770 630 γράφων.

596 723 726 778 ’ἰδοι
758 742 842 788 τις
876 725 942 779 ἀν
972 728 1066 780 καὶ
1114 729 1213 792 τάς
1265 731 1322 782 ἐν
1365 730 1529 800 γάμῳ
1561 723 1758 796 πολλὴν
1788 724 2095 776 ἐπιδεικνυ-

524 808 698 880 μένας
730 810 861 880 παρ’
905 811 1038 880 ήμῖν
1086 812 1185 883 τὴν
1234 812 1588 882 κοσμιότητα.
1635 807 1775 864 Ἀλλ’
1826 809 1887 860 οὐ
1938 804 2098 859 τοῦτο

523 891 687 961 μόνον
718 893 835 944 ἐστὶ
875 891 936 944 τὸ
979 892 1332 964 ζητούμενον.
1365 893 1480 947 ἀλλ’
1511 895 1542 962 ή
1593 891 1723 960 περὶ
1753 890 1880 952 τοὺς
1905 886 2086 957 δεομέι

439 994 444 1000 ·
522 989 648 1036 νους
681 973 816 1044 μετὰ
849 974 1083 1045 σπουδῆς
1114 975 1400 1047 θεραπεία,
1440 975 1508 1029 δι’
1540 969 1608 1045 ἦς
1638 975 1692 1027 αἰ
1721 973 1950 1041 ἀρχαῖαι
1989 969 2093 1039 μά-

523 1055 678 1108 λιστα
734 1054 1057 1127 ἀπέλαμπον
1103 1060 1382 1125 γυναῖκες,
1425 1056 1523 1126 οὐχ
1555 1055 1630 1118 ὡς
1677 1056 1734 1109 αἰ
1768 1051 1963 1106 πολλαὶ
1987 1050 2098 1104 τῶν

523 1136 638 1192 νῦν.
668 1137 804 1190 Τότε
832 1138 934 1209 μέν
962 1140 1070 1212 γὰρ
1097 1141 1220 1194 ἀντὶ
1249 1139 1452 1212 χρυσοῦ
1487 1139 1576 1193 τδν
1606 1138 1717 1192 ἀπὸ
1741 1137 1844 1206 τῆς
1870 1136 2100 1203 ἐλεημο-

526 1221 694 1292 σύνης
740 1221 1080 1290 περιέκειντο
1131 1222 1521 1291 καλλωπισμόν
1544 1237 1558 1252 ο
1613 1220 1731 1275 νυνὶ
1778 1219 1837 1274 δέ
1878 1218 2100 1288 ἀφεῖσαι

522 1303 703 1366 τοῦτο,
742 1305 947 1374 σχοινία
983 1307 1162 1376 χρυσᾶ
1191 1306 1302 1360 ἀπὺ
1330 1307 1428 1376 τῆς
1463 1305 1651 1377 σειρᾶς
1678 1303 1788 1356 τῶν
1817 1299 2102 1372 ἁμαρτιῶν

523 1385 876 1456 πεπλεγμένα
907 1389 1243 1458 πανταχόθεν
1283 1387 1646 1460 περίκεινται.
1677 1387 1856 1452 ,Εἴπω
1885 1385 1980 1438 καὶ
2008 1383 2102 1436 άλ-

523 1468 624 1537 λην
647 1467 823 1539 θήκην
851 1472 1232 1542 κεκενωμένην
1261 1469 1357 1524 τοῦ
1392 1470 1647 1542 πατρῴου
1683 1468 1934 1539 κόσμους
1965 1466 2102 1518 Συνι-

524 1551 696 1622 ῄεσαν
736 1551 798 1602 τὺ
839 1551 1071 1605 παλαιὸν
1118 1553 1381 1616 ἅπαντες,
1429 1553 1523 1606 καὶ
1569 1551 1878 1622 ὐπέψαλλον
1923 1551 2098 1618 κοινῇ.

525 1631 698 1685 Τοῦτο
731 1632 990 1702 ποιοῦμεν
1044 1634 1138 1687 καὶ
1192 1634 1322 1688 νῦν·
1371 1633 1507 1688 ἀλλὰ
1558 1633 1678 1688 τότε
1717 1632 1817 1704 μὲν
1842 1633 1900 1685 ἐν
1929 1631 2103 1686 ἅπασι

528 1714 628 1784 μία
661 1715 807 1786 ψυχὴ
849 1711 917 1785 ἦν
965 1717 1062 1770 καὶ
1107 1716 1302 1786 καρδία
1351 1715 1470 1785 μία’
1509 1715 1630 1768 νυνὶ
1659 1714 1717 1767 δέ
1754 1713 1874 1767 οὐδὲ
1910 1715 1967 1768 ἐν
2007 1714 2106 1784 μιᾷ

527 1797 674 1869 ψυχῇ
703 1799 800 1869 τήν
828 1799 1078 1873 ὁμόνοιαν
1111 1799 1324 1869 ἐκείνην
1356 1800 1454 1854 ῖδοι
1481 1817 1566 1862 τις
1593 1799 1682 1861 ἀν,
1714 1798 1851 1852 ἀλλά
1885 1796 2052 1859 πολὺς
2075 1797 2105 1848 6

529 1880 765 1950 πόλεμος
813 1882 1110 1953 πανταχοῦ.
1168 1883 1407 1955 Εἰρήνην
1454 1883 1549 1936 καὶ
1600 1881 1696 1934 νῦν
1738 1882 1903 1935 πᾶσιν
1934 1882 1963 1933 6
2005 1877 2105 1948 τῆς

541 1963 871 2035 Ἐκκλησίας
920 1964 1199 2035 προεστὼς
1241 1966 1554 2035 ἐπεύχεται,
1604 1963 1680 2025 ὼς
1718 1964 1797 2026 εἰς
1844 1962 2106 2031 πατρῴαν

527 2046 708 2100 οἰκίαν
735 2046 1088 2101 εἰσιών·άλλά
1116 2048 1214 2118 τῆς
1241 2047 1464 2117 εἰρήνης
1496 2044 1702 2114 ταύτης
1730 2043 1794 2097 τδ
1817 2043 1914 2113 μὲν
1940 2044 2109 2113 ὄνομα

529 2129 689 2195 πολὺ,
731 2130 791 2182 τὸ
820 2129 877 2182 δὲ
905 2134 1138 2200 πρᾶγμα
1166 2127 1426 2198 οὐδαμοῦ.
1457 2127 1590 2182 Τότε
1619 2128 1716 2181 καὶ
1740 2128 1794 2179 αἰ
1823 2125 1991 2179 οἰκίαι
2017 2127 2110 2177 ἐκ-

531 2211 753 2281 κλησίαι
785 2208 946 2283 ἦσαν*
979 2212 1097 2266 νυνί
1123 2211 1180 2263 δὲ
1209 2211 1304 2263 καὶ
1345 2213 1378 2278 ἡ
1410 2209 1677 2281 ἐκκλησία
1706 2209 1876 2272 οἰκία,
1907 2207 2108 2278 μᾶλλον

519 2294 589 2348 -δὶ
615 2296 710 2348 καὶ
737 2295 916 2358 οἰκίας
953 2295 1134 2366 πάσης
1163 2293 1382 2365 χείρων.
1415 2294 1504 2346 Ἑν
1537 2293 1684 2364 οἰκίᾳ
1715 2291 1814 2364 μὲν
1847 2291 1957 2364 γὰρ
1981 2291 2110 2344 πολ-

521 2377 632 2450 )th
662 2379 757 2432 καὶ
785 2377 1038 2443 εὐταξίαν
1078 2377 1173 2432 τδοι
1214 2395 1298 2441 τις
1331 2378 1395 2432 ἀν
1421 2394 1435 2409 ·
1471 2377 1567 2431 καὶ
1599 2375 1710 2449 γὰρ
1743 2379 1776 2446 ή
1809 2375 1975 2446 κυρία
2008 2375 2112 2444 τῆς

532 2463 711 2524 οἰκίας
743 2461 839 2516 ἐπὶ
879 2462 972 2515 τοῦ
1020 2460 1208 2533 θρόνου
1243 2461 1478 2534 κάθηται
1512 2460 1651 2532 μετά
1697 2458 2111 2530 εὐσχημοσύνης

540 2545 776 2616 ἁπάσης,
810 2545 904 2599 καὶ
931 2545 987 2598 αἰ
1013 2544 1396 2615 θεραπαινίδες
1424 2541 1564 2614 μετὰ
1589 2546 1688 2613 τῆς
1709 2541 1939 2611 ἡσυχίας
1961 2540 2114 2608 ὑφαί-

531 2645 706 2694 νουσι,
735 2627 831 2681 καὶ
859 2627 968 2682 τῶν
1015 2627 1242 2681 οἰκετῶν
1273 2626 1512 2690 ’ἕκαστος
1549 2624 1610 2677 τδ
1643 2623 1937 2693 ἐπιταχθὲν
1976 2624 2112 2693 μετά

536 2715 725 2784 χεῖρας
752 2711 888 2782 ἔχει.
918 2710 1187 2765 Ἐνταῦθα
1214 2710 1272 2762 δέ
1321 2708 1492 2770 πολὺς
1529 2707 1558 2760 6
1599 2705 1852 2779 θόρυϐος,
1881 2705 2050 2776 πολλὴ
2079 2707 2111 2775 ἡ

539 2794 823 2863 σύγχυσις,
873 2794 969 2845 καὶ
1017 2790 1314 2860 καπηλείου
1363 2789 1515 2844 οὐδὲν
1558 2789 1830 2859 διενήνοχε
1862 2787 1933 2842 τὰ
1981 2789 2112 2858 παρ’

538 2877 688 2946 ἡμῖν’
722 2872 972 2937 τοσοῦτος
1003 2873 1034 2926 6
1058 2874 1252 2940 γέλως,
1273 2871 1510 2941 τοσαύτη
1535 2872 1570 2940 ἡ
1597 2871 1832 2942 ταραχὴ,
1861 2869 2114 2942 καθάπερ

539 2959 598 3010 ἐν
630 2956 952 3025 βαλανείοις,
985 2955 1236 3026 καθάπερ
1266 2955 1324 3009 ἐν
1347 2955 1575 3027 ἀγοραῖς
1603 2954 1938 3026 κραζόντων,
1956 2953 2117 3022 θορυ-

539 3041 779 3094 ϐούντων
805 3040 1079 3094 ἁπάντων.
1144 3039 1256 3094 Καὶ
1283 3037 1460 3092 ταῦτα
1504 3037 1739 3092 ἐνταῦθα
1784 3036 1943 3106 μόνον
1969 3053 1983 3067 ο
2041 3036 2118 3098 ὼς

539 3122 777 3193 ἀλλαχοῦ
801 3122 921 3177 οὐδέ
951 3124 1272 3193 προσειπεῖν
1312 3121 1403 3175 τὸν
1435 3119 1661 3192 πλησίον
1704 3117 1913 3184 ἔξεστιν
1943 3120 2001 3170 ἐν
2025 3120 2116 3172 ἐκ·-

538 3207 762 3278 κλησίᾳ,
793 3204 896 3259 κᾶν
926 3205 1138 3274 χρόνιόν
1170 3221 1254 3268 τις
1278 3203 1529 3275 ἀπολάϐη
1555 3203 1649 3256 τὸν
1680 3200 1854 3270 φίλον,
1876 3199 1992 3255 ἀλλ’
2014 3199 2119 3265 ἔξω

538 3290 713 3345 ταῦτα
750 3289 981 3358 γίνεται,
1013 3288 1108 3342 καὶ
1139 3286 1286 3356 μάλα
1314 3286 1558 3348 εἰκότως.
1591 3285 1666 3339 Οὐ
1703 3284 1811 3354 γὰρ
1850 3286 2116 3356 κουρεῖον,

541 3373 664 3426 οὐδέ
689 3371 1110 3442 μυροπωλεῖονὴ
1140 3368 1423 3437 ἐκκλησία,
1456 3367 1577 3422 οὐδὲ
1610 3369 1969 3438 ἐργαστήριον
2000 3368 2120 3421 ἐτε-

539 3472 640 3526 ρον
663 3454 770 3507 τῶν
793 3455 878 3506 ἐπ’
905 3453 1132 3523 ἀγορᾶς,
1165 3450 1301 3504 ἀλλά
1321 3451 1484 3515 τόπος
1511 3451 1782 3520 ἀγγέλων,
1805 3450 1966 3512 τόπος
1983 3451 2122 3521 ἀρχ-

542 3537 812 3607 αγγέλων,
855 3534 1099 3605 βασιλεία
1145 3532 1303 3595 Θεοῦ,
1343 3534 1505 3597 αὐτὸς
1548 3536 1577 3588 6
1618 3532 1863 3604 οὐρανός.
1911 3533 2124 3603 Ὥσπερ

537 3617 640 3677 οὖν
666 3621 718 3674 εί
746 3636 832 3683 τις
868 3619 959 3672 τὸν
983 3617 1211 3688 οὐρανὸν
1257 3616 1562 3680 διαστείλας
1593 3618 1709 3668 ἐκεῖ
1736 3631 1796 3667 σε
1838 3616 2121 3687 εἰσήγαγε,

531 3705 652 3761 -κάν
687 3703 777 3759 τὸν
806 3703 1038 3774 πατέρα,
1065 3702 1170 3756 κᾶν
1191 3701 1283 3754 τὸν
1314 3700 1541 3769 ἀδελφὸν
1570 3696 1729 3763 εἶδες,
1759 3700 1859 3754 οὐκ
1889 3699 1956 3754 ἂν
1985 3699 2125 3752 ἐτόλ-

535 3805 732 3860 ,μησας
765 3784 1101 3856 φθέγξασθαι
1127 3802 1139 3814 ·
1197 3783 1370 3847 οὕτως
1397 3781 1518 3836 οὐδέ
1554 3780 1790 3836 ἐνταῦθα
1819 3782 2006 3854 ἕτερόν
2049 3800 2124 3849 τι,

547 3870 691 3942 πλὴν
715 3869 826 3924 τῶν
872 3865 1258 3939 πνευματικῶν
1300 3863 1638 3933 φθέγγεσθαι
1681 3863 1818 3918 ἔδει·
1889 3866 1984 3918 καὶ
2019 3866 2128 3936 γὰρ

533 3955 644 4009 ’καὶ
667 3953 736 4007 τά
767 3951 1000 4006 ἐνταῦθα
1033 3949 1279 4020 οὐρανός.
1343 3949 1405 4000 Εἰ
1445 3947 1502 4000 δὲ
1549 3947 1822 4011 ἀπιστεῖς,
1867 3947 1943 4000 ῐδε
1993 3949 2130 4019 πρὸς

546 4035 780 4105 ταυτηνί
812 4033 911 4105 τὴν
965 4030 1270 4103 τράπεζαν,
1329 4029 1709 4101 ἀναμνήσθητι
1761 4030 1904 4094 τίνος
1943 4030 2130 4085 ἕνεκεν

551 4121 772 4192 ἔστηκε,
803 4119 894 4173 καὶ
919 4118 1005 4172 διὰ
1042 4117 1114 4170 τί·
1141 4115 1395 4187 ἐννόησον
1420 4115 1504 4179 τίς
1539 4115 1568 4167 6
1602 4113 1910 4187 προϐαίνων
1940 4115 2132 4170 ἐνταῦ-

553 4203 642 4268 θα,
676 4201 862 4272 φρίξον
894 4202 986 4255 καὶ
1015 4200 1121 4270 πρὸ
1147 4197 1241 4253 τοῦ
1294 4199 1509 4268 καιροῦ.
1539 4198 1649 4250 Καὶ
1681 4196 1791 4267 γὰρ
1819 4200 1914 4250 καὶ
1944 4197 2133 4268 θρόνον

551 4305 638 4352 τις
671 4285 796 4342 ἰδὼν
823 4286 983 4354 μόνον
1013 4283 1296 4353 βασιλέως,
1330 4281 1618 4334 ἀνίσταται
1648 4282 1713 4350 τῇ
1745 4279 1916 4349 ψυχῇ.
1960 4295 2132 4349 προσ-

553 4370 725 4425 δοκῶν
767 4367 866 4438 τὴν
913 4366 1088 4432 ἔξοδον
1118 4363 1212 4418 τοῦ
1250 4362 1536 4434 βασιλέως.
1591 4362 1701 4414 Καὶ
1730 4362 1795 4413 σὺ
1827 4361 2008 4414 τοίνυν
2037 4362 2133 4414 καὶ

556 4453 664 4523 πρὸ
710 4450 804 4504 τοῦ
838 4447 1027 4519 καιροῦ
1080 4446 1171 4500 τοῦ
1205 4445 1511 4518 φρικώδους
1564 4444 1753 4515 φρίξον
1788 4444 2021 4509 ἐκείνου,
2055 4443 2134 4496 δι-

556 4531 846 4603 ανάστηθι,
873 4533 966 4584 καὶ
995 4531 1122 4601 πρὶν
1146 4529 1271 4583 ἰδεῖν
1289 4530 1357 4582 τά
1378 4528 1856 4600 παραπετάσματα
1879 4525 2139 4580 ἀναστελ-

558 4617 765 4687 λόμενα
794 4614 886 4668 καὶ
938 4615 1026 4667 τὸν
1059 4613 1219 4684 χορὸν
1265 4611 1375 4665 τῶν
1423 4611 1671 4681 ἀγγέλων
1707 4609 1859 4681 [541]
1911 4608 2138 4678 προϐαί-

559 4717 740 4765 νοντα,
802 4697 938 4767 πρὸς
1001 4698 1160 4750 αὐτὸν
1221 4696 1478 4750 ἀνάϐαινε
1537 4695 1625 4748 τὸν
1683 4693 1934 4764 οὐρανόν.
1995 4692 2138 4744 Ἀλλ’

560 4785 747 4853 ἀγνοεῖ
783 4782 955 4835 ταῦτα
983 4784 1010 4834 6
1036 4780 1300 4852 ἀμύητος⁸
1329 4780 1522 4833 οὐκοῦν
1552 4778 1852 4845 ἀναγκαῖον
1880 4775 1975 4828 καὶ
2008 4776 2140 4844 πρὸς

562 4871 770 4922 ἐκεῖνον
791 4868 964 4920 εἰπεῖν
985 4867 1165 4936 ἕτερα.
1195 4865 1332 4918 Οὐδὲ
1351 4865 1459 4934 γάρ
1484 4862 1621 4934 πρὸς
1655 4861 1842 4914 τοῦτον
1867 4861 2142 4929 ἀπορήσο-

571 4967 668 5019 μεν
697 4951 804 5002 τῶν
852 4949 1166 5016 δυναμένων
1215 4947 1375 5001 αὐτὸν
1408 4945 1765 5015 διαναστῆσαι
1812 4943 1906 4995 καὶ
1957 4945 2142 4993 πεῖσαι

569 5030 850 5084 πέτεσθαι.
892 5034 962 5084 Σὺ
1006 5032 1184 5085 τοίνυν
1212 5033 1240 5084 6
1274 5031 1446 5084 ταῦτα
1476 5027 1709 5097 ἀγνοῶν,
1746 5029 1874 5080 ὅταν
1905 5025 2145 5095 ἀκούσης

569 5113 663 5169 τοῦ
701 5117 975 5185 προφήτου
1011 5116 1276 5181 Λέγοντος,
1322 5113 1464 5167 Τάδε
1499 5112 1660 5181 λέγει
1695 5112 1926 5177 Κύριος·
1977 5110 2145 5163 Ἀπό-

570 5199 747 5263 στηθι
769 5193 873 5263 τῆς
893 5195 1024 5263 γῆς.
1041 5198 1288 5259 ἀνάϐηθι
1310 5197 1407 5248 καὶ
1431 5195 1610 5258 αὐτὸς
1629 5197 1716 5256 εὶς
1730 5195 1835 5245 τὸν
1863 5192 2144 5258 οὐρανὸν,

572 5279 823 5350 ἐννόησον
847 5279 928 5340 τίς
952 5279 1097 5329 ἐστιν
1120 5279 1147 5329 6
1170 5277 1234 5328 δι’
1259 5277 1468 5328 ἐκείνου
1496 5292 1576 5326 σοι
1607 5274 2009 5341 διαλεγόμενος.
2037 5273 2148 5324 Νῦν

570 5366 650 5430 δέ,
695 5361 860 5434 μίμου
912 5361 1013 5431 μὲν
1051 5356 1562 5428 γελωτοποιοῦντος,
1595 5356 1690 5408 καὶ
1737 5356 2148 5424 πορνευομένης

560 5447 832 5522 ’γυναικὸς
872 5446 963 5499 καὶ
991 5443 1423 5514 ἀσχημονούσης,
1454 5440 1680 5509 θέατρον
1715 5435 1967 5522 τοσοῦτον
2002 5436 2144 5522 *κάθ-

556 5518 722 5605 -ητω,
757 5529 958 5601 πολλὴν
991 5528 1229 5599 παρέχον
1265 5525 1363 5594 τὴν
1397 5523 1627 5593 ήσυχίαν
1660 5523 1772 5582 τοῖς
1795 5518 2151 5605 λεγομένοις,

577 5599 673 5672 καὶ
711 5611 884 5668 ταῦτα
915 5599 1135 5673 οὐδενὸς
1171 5606 1486 5668 κελεύοντος
1513 5606 1693 5673 σιγᾷν,
1723 5603 1818 5656 καὶ
1846 5600 1969 5654 οὔτε
2007 5599 2160 5670 θόρυ-

575 5698 671 5762 ϐος
699 5695 824 5751 οὐτε
858 5693 1095 5768 κραυγὴ,
1123 5693 1222 5762 οὐχ
1248 5693 1275 5745 6
1302 5689 1481 5760 τυχὼν
1512 5686 1693 5757 θροῦς·
1719 5683 1853 5737 Θεοῦ
1876 5683 1932 5746 δὲ
1962 5684 2024 5734 ἐκ
2050 5681 2158 5734 τῶν

567 5783 826 5854 ¹οὐρανῶν
858 5778 1230 5854 φθεγγομένου
1276 5778 1403 5850 περὶ
1447 5773 1690 5848 φρικτῶν
1712 5771 1864 5826 οῦτω
1894 5770 2157 5843 πραγμά-

2202 573 2322 634 ταῖς
2364 571 2595 639 πόρναις
2623 570 2861 639 γυναιξὶ,
2905 568 3174 636 τοσαύτην
3199 566 3277 638 τῷ
3303 567 3424 638 Θεῷ
3454 567 3784 638 παρέχοντες

2203 654 2302 725 τὴν
2325 653 2478 707 αἰδὼ.

2272 852 2346 910 ς’.
2387 843 2676 915 Ἐφρίξατε
2723 842 2901 898 ταῦτα
2939 841 3308 906 ἀκούσαντιςς
3352 839 3562 896 Οὐκοῦν
3607 839 3788 912 πολλῷ

2203 927 2401 998 μᾶλλον
2463 925 2638 980 ταῦτα
2703 925 2988 989 ποιοῦντες
3058 925 3306 995 φρίξατε.
3371 926 3436 977 Ὃ
3491 922 3620 994 περὶ
3676 923 3788 976 τῶν

2201 1009 2592 1081 ὐπερορὼντων
2623 1018 2752 1074 τοὺς
2786 1009 3026 1076 πένητας
3048 1004 3200 1062 εἶπεν
3232 1010 3260 1062 6
3289 1006 3524 1072 Παῦλος,
3551 1006 3646 1061 καὶ
3687 1006 3787 1076 μό-

2201 1109 2307 1147 νων
2349 1092 2694 1162 ἑστιωμένων
2714 1110 2727 1123 ο
2760 1092 2858 1160 Μὴ
2891 1091 3002 1160 γὰρ
3039 1093 3234 1157 οἰκίας
3256 1092 3368 1143 οὐκ
3395 1089 3567 1156 ἔχετε
3596 1091 3683 1154 εις
3720 1088 3788 1142 τὸ

2199 1175 2428 1231 ἐσθίειν
2451 1175 2548 1229 καί
2576 1176 2809 1238 air-scr;
2835 1173 3009 1244 ἢτῆς
3029 1173 3363 1240 ἐκκλησίας
3383 1172 3490 1225 τοῦ
3503 1171 3664 1225 Ὀεοῦ
3682 1186 3786 1223 κα-

2201 1259 2567 1329 ταφρονεῖτε,
2600 1260 2705 1314 καί·
2743 1259 3177 1327 καταισχύνετε
3213 1255 3354 1321 τοὺς
3378 1257 3466 1325 μὴ
3500 1255 3786 1324 ἔχονταοῖ

2201 1342 2320 1397 δότε
2349 1343 2518 1412 κάμοὶ
2554 1344 2684 1414 περὶ
2710 1341 2820 1395 τῶν
2853 1340 3229 1411 θορυϐούντων
3255 1337 3492 1392 ἐνταῦθα
3525 1337 3620 1391 καί¹
3663 1335 3784 1387 δια-

2202 1423 2508 1495 λεγομένων
2534 1426 2728 1479 εἰπεῖν·
2767 1424 2842 1496 μὴ
2875 1423 2984 1494 γὰρ
3034 1423 3135 1476 οὐκ
3173 1422 3325 1491 ἔχετε
3371 1418 3551 1481 οἰκίας
3598 1419 3681 1480 εἰς
3721 1416 3784 1469 τδ

2205 1506 2495 1581 φλυαρεῖνς
2525 1509 2557 1576 ἡ
2589 1508 2690 1578 τῆς
2733 1507 3030 1576 ἐκκλησίας
3068 1504 3166 1558 τοῦ
3201 1503 3338 1557 Θεοῦ
3369 1501 3788 1571 καταφρονεῖτε,

2204 1592 2299 1647 καὶ
2322 1591 2662 1662 διαφθείρετε
2704 1591 2802 1642 καὶ
2837 1591 2966 1653 τοὺς
3017 1589 3315 1658 σωφρονεῖν
3348 1586 3444 1639 καὶ
3482 1581 3788 1655 ἡσυχάζειν

2208 1674 2565 1746 βουλομένους
2585 1692 2600 1741 ;
2644 1672 2808 1726 Ἀλλά
2838 1672 2942 1743 ἡδὺ
2980 1672 3074 1724 καὶ
3102 1671 3256 1740 φίλον
3282 1670 3418 1740 ἡμῖν
3437 1669 3553 1730 τοῖς
3581 1662 3789 1746 γνωρί-

2211 1745 2331 1828 μοις
2359 1755 2732 1824 διαλέγεσθαι;
2764 1757 2838 1808 Οὐ
2896 1753 3093 1808 κωλύω
3136 1750 3317 1814 τοῦτο,
3355 1749 3471 1803 ἀλλ’
3515 1750 3574 1801 ἐν
3616 1745 3788 1815 οἰκίᾳ,

2207 1838 2322 1892 ἀλλ’
2351 1839 2411 1892 ἐν
2447 1838 2644 1907 ἀγορᾷ,
2668 1837 2784 1892 ἀλλ’
2815 1837 2874 1888 ἐν
2922 1835 3224 1905 βαλανείοις
3268 1832 3503 1901 γινέσθω
3528 1845 3541 1858 ·
3588 1831 3622 1898 ἡ
3677 1830 3788 1896 γὰρ

2208 1919 2478 1991 ἐκκλησία
2496 1921 2555 1972 οὐ
2577 1918 2887 1984 διαλέξεως,
2908 1917 3045 1970 ἀλλά
3062 1913 3410 1977 διδασκαλίας
3428 1912 3628 1982 χωρίον
3649 1909 3790 1963 ἐστε.

2208 2003 2344 2058 Νυνὶ
2367 2003 2425 2055 δὲ
2454 2005 2552 2071 τῆς
2578 2002 2787 2070 ἀγορᾶς
2833 1999 2985 2053 οὐδὲν
3015 2000 3324 2070 διενήνοχεν
3342 2013 3357 2027 ·
3395 1996 3443 2048 εἰ
3472 1995 3530 2047 δὲ
3561 1993 3638 2064 μὴ
3669 1993 3795 2044 τολ-

2213 2086 2390 2158 μηρὸν
2419 2085 2614 2149 εἰπεῖν,
2641 2083 2785 2154 τάχα
2811 2081 2932 2136 οὐδέ
2965 2083 3066 2151 τῆς
3095 2081 3300 2150 σκηνῆς
3321 2097 3334 2109 ·
3371 2075 3514 2130 οῦτω
3541 2075 3650 2128 τῶν
3677 2073 3796 2126 ἐκεῖ

2211 2157 2625 2240 πορνευομένων
2657 2164 2935 2233 γυναικῶν
2994 2162 3390 2230 ἀσελγέστερον
3445 2158 3502 2211 αἱ
3556 2157 3794 2240 ἐνταυοα

2212 2237 2601 2321 συλλεγόμεναι
2624 2245 3081 2311 καλλωπίζονται.
3118 2244 3211 2297 Διὸ
3238 2241 3303 2312 δὴ
3331 2240 3559 2301 πολλοὺς
3582 2237 3678 2290 καί
3703 2239 3763 2321 ἐν
3776 2265 3793 2276 ο

2209 2332 2384 2386 ταῦθα
2411 2319 2732 2398 ἐφέλκονται
2759 2328 2866 2380 τῶν
2894 2327 3214 2394 ἀκολάστων
3233 2339 3246 2354 ·
3279 2325 3375 2376 καὶ
3408 2322 3472 2376 άν
3508 2337 3566 2375 τε
3594 2319 3795 2398 πειρᾶ-

2210 2416 2301 2470 ταί
2323 2433 2407 2478 τις
2505 2413 2760 2484 βούληται
2783 2412 3017 2479 γυναῖκα
3033 2406 3386 2477 διαφθείρειν,
3403 2405 3596 2484 οὐδεὶςέ
3615 2397 3796 2484 οἶμαι,

2211 2497 2311 2567 τῆς
2340 2481 2664 2564 ἐκκλησίας
2685 2491 3122 2562 ἐπιτηδειότερος
3150 2487 3298 2558 αὐτῷ
3327 2487 3491 2549 τόπος
3537 2481 3684 2567 εἶναιΔ
3704 2483 3794 2567 6o-

2213 2563 2315 2631 κεῖ.
2359 2579 2460 2632 "Av
2485 2563 2545 2629 τε
2574 2574 2893 2646 ὠνήσασθαί
2923 2590 2978 2626 τι
3011 2572 3107 2626 καὶ
3139 2569 3408 2641 πρίασθαι
3435 2567 3553 2640 δέῃ,
3595 2563 3799 2636 μᾶλλον

2213 2662 2312 2731 τῆς
2331 2660 2537 2730 ἀγορᾶς
2564 2658 2834 2730 χρήσιμος
2856 2657 2890 2727 ἡ
2921 2653 3189 2725 ἐκκλησία
3223 2653 3494 2721 φαίνεται.
3532 2646 3798 2731 Ἐνταῦθα

2213 2730 2323 2816 γάρ
2350 2744 2446 2797 καὶ
2480 2743 2609 2813 περὶ
2649 2739 2858 2794 τούτων
2911 2737 3132 2800 πλείους
3173 2735 3417 2805 γίνονται
3469 2732 3641 2800 λόγοι,
3669 2732 3704 2801 ἡ
3735 2730 3800 2816 ἐν

2214 2813 2398 2890 αὐτοῖς
2421 2828 2533 2888 τοῖς
2582 2822 2992 2894 ἐργαστηρίοις.
3025 2822 3127 2873 Ἂν
3159 2836 3216 2872 τε
3267 2815 3453 2878 κακῶς
3504 2816 3677 2868 εἰπεῖν
3703 2813 3801 2865 καὶ

2214 2909 2446 2964 ἀκοῦσαι
2495 2905 2791 2977 βούλωνταί
2829 2919 2999 2967 τινες,
3043 2903 3137 2955 καὶ
3189 2898 3351 2952 τοῦτο
3399 2896 3522 2966 δψει
3563 2894 3800 2949 ἐνταῦθα

2220 2991 2441 3063 μᾶλλον,
2473 2990 2506 3061 ἡ
2535 2989 2628 3042 ἐπὶ
2680 2989 2781 3058 τῆς
2825 2987 3033 3056 ἀγορᾶς
3064 2985 3170 3049 ἐξω
3201 2980 3520 3052 συμϐαῖνον·
3556 2978 3659 3063 κάν
3690 2977 3801 3063 τῶν

2219 3061 2512 3129 πολιτικῶν
2534 3091 2586 3127 τι
2615 3071 2882 3142 βουληθῇς
2909 3067 3142 3124 ἀκοῦσαι
3172 3065 3536 3138 πραγμάτων,
3569 3061 3675 3116 κάν
3693 3061 3802 3114 τῶν

2218 3158 2278 3212 ἐν
2318 3157 2538 3223 οἰκίαις,
2565 3154 2669 3209 κάν
2697 3154 2806 3209 τῶν
2837 3154 2895 3206 ἐν
2925 3150 3291 3224 στρατοπέδῳ,
3336 3146 3412 3219 μή
3457 3145 3679 3217 βαδίσῃς
3722 3143 3803 3205 ei;

2219 3239 2592 3308 δικαστήριον,
2623 3237 2759 3308 μηδὲ
2788 3234 3022 3308 καθίσῃς
3049 3234 3108 3287 ἐν
3146 3231 3366 3304 ἰατρείῳ
3387 3248 3400 3260 ·
3441 3229 3546 3282 εἰσὶ
3578 3226 3691 3298 γάρ
3719 3225 3805 3277 ἐν·

2221 3321 2414 3386 ταῦθα,
2445 3321 2581 3374 εἰσὶν
2606 3321 2655 3373 οἰ
2683 3319 2902 3372 πάντων
2928 3315 3323 3386 ἀκριϐέστερον
3364 3311 3538 3365 ταῦτα
3585 3310 3802 3363 ἅπαντα

2223 3402 2690 3472 καταγγέλλοντες
2722 3401 2818 3454 καλ⁵
2857 3399 3039 3453 πάντα
3074 3396 3276 3468 μᾶλλόν
3307 3396 3426 3447 ἐστι
3451 3393 3521 3445 τὰ
3549 3390 3804 3472 ἐνταῦθα,

2222 3487 2256 3556 ἡ
2282 3471 2567 3555 ἐκκλησία.
2619 3483 2778 3552 Τάχα
2821 3481 3030 3551 σφόδρα
3080 3476 3420 3547 καθηψάμην
3454 3473 3646 3543 ὑμῶν·
3707 3471 3809 3524 οὐκ

2223 3555 2404 3640 ἔγωγε
2436 3565 2612 3640 οἶμαι.
2637 3569 2811 3622 Ὅταν
2837 3568 2946 3638 γὰρ
2974 3567 3090 3629 τοῖς
3134 3564 3322 3624 αὐτοῖς
3349 3557 3674 3640 ἐπιμένητε,
3711 3555 3810 3640 τιό-

2228 3635 2319 3708 θεν
2341 3635 2580 3723 εἴσομαι,
2602 3652 2685 3705 ὅτι
2704 3635 2963 3704 καθίκετο
2989 3646 3144 3717 ὐμῶν
3171 3645 3240 3700 τὰ
3263 3642 3531 3715 εἰρημένα
3551 3635 3815 3723 ;-οὐκοῦν

2227 3738 2334 3790 τῶν
2392 3734 2575 3789 αὐτῶν
2620 3736 2917 3803 ἀναγκαῖον
2956 3729 3202 3801 ἀψασθαι
3240 3714 3423 3780 πάλιν.
3480 3721 3668 3776 Ταῦτα
3717 3714 3814 3773 οῦν

2229 3819 2460 3882 ἀνεκτά;
2496 3818 2672 3872 ταῦτα
2697 3815 2954 3887 φορητά;
3005 3809 3346 3881 Κοπτόμεθα
3392 3805 3516 3860 καθ’
3571 3803 3817 3871 ἑκάστην

2230 3904 2449 3974 ἡμέραν
2513 3901 2610 3954 καὶ
2660 3897 3045 3969 διασπώμεθα,
3097 3894 3194 3974 ἵνα
3249 3909 3303 3944 τι
3353 3888 3819 3974 χρήσιμον-,μα-

2233 3965 2415 4048 θόντες
2443 3981 2730 4052 ἀπέλθητε·
2763 3980 2859 4034 καὶ
2883 3965 3063 4038 οὐδεὶς
3084 3976 3112 4028 ὐ
3122 3973 3238 4046 μῶν
3261 3990 3314 4026 τι
3353 3967 3505 4043 [542]
3536 3965 3809 4052 κερδάνας

2231 4071 2474 4131 ἄπεισιν,
2520 4048 2655 4119 ἀλλά
2707 4065 2802 4119 και
2857 4060 3076 4132 βλασεις
3124 4056 3409 4129 μειζόνως.
3452 4050 3564 4105 Καὶ
3593 4048 3702 4119 γὰρ
3737 4049 3820 4111 εἰς

2235 4155 2410 4224 κρῖμα
2439 4147 2791 4220 συνέρχεσθε,
2821 4147 3094 4217 πρόφασιν
3128 4141 3314 4224 οὐκέτι
3345 4137 3472 4210 περὶ
3495 4135 3604 4224 ⁸τῆς
3640 4134 3822 4224 ἀμαρ-

2235 4215 2352 4299 τίας
2404 4215 2641 4304 ἔχοντες,
2690 4231 2785 4284 καὶ
2835 4215 2961 4291 τοὺς
2996 4222 3440 4304 ἐπιεικεστέρους
3491 4215 3819 4304 ὲκκᾉρούετε,

2237 4298 2355 4380 ταῖς
2404 4298 2698 4387 ὑμετέραις
2765 4310 3060 4380 φλυαρίαις
3114 4303 3475 4387 ἐνοχλοῦντες-
3531 4298 3822 4387 πάντοθεν.

2250 4401 2408 4454 Ἀλλὰ
2438 4381 2521 4461 τίς
2550 4381 2587 4451 δ’
2604 4396 2713 4450 τῶν
2748 4394 2959 4448 πολλῶν
2987 4391 3144 4458 λόγος
3168 4407 3182 4454 ;
3206 4388 3320 4440 Οὐκ
3346 4383 3528 4438 ἀκούω
3551 4381 3661 4435 τῶν
3689 4383 3826 4434 ἀνα-

2239 4481 2682 4553 γινωσκομένων,
2721 4477 2911 4546 φησὶν,
2944 4473 3066 4527 οὐδέ
3107 4467 3228 4525 οἶδα
3268 4468 3397 4553 τινα.
3423 4466 3541 4519 ἐστὶ
3574 4464 3829 4553 $561576-

2244 4547 2399 4638 μενα.
2446 4547 2667 4632 Ἐπειδὴ
2711 4558 2986 4630 θορυϐεῖς,
3041 4553 3231 4638 ἐπειδὴ
3262 4547 3828 4638 πράσσεις-ἐπειδὴ

2247 4630 2381 4719 μετὰ
2406 4647 2583 4717 ψυχῆς
2606 4630 2896 4697 εὐλάϐειαν
2925 4638 3156 4709 ἐχούσης
3184 4637 3245 4689 οὐ
3275 4632 3578 4719 παραγίνη.
3598 4630 3665 4719 Τί
3695 4634 3825 4719 φηςι

2242 4709 2342 4785 οὐκ
2369 4709 2518 4793 οἶδας
2541 4709 2671 4782 ’τίνα
2718 4725 2833 4778 ἐστὶ
2872 4724 2940 4777 τὰ
2975 4721 3283 4790 λεγόμενας
3319 4716 3396 4769 Δι’
3430 4715 3566 4768 αὐτὸ
3601 4713 3702 4783 μὲν
3736 4709 3830 4765 οὐν

2243 4815 2401 4867 τοῦτο
2428 4811 2715 4884 προσέχειν
2751 4807 2940 4878 ἐχρῆν.
2979 4807 3041 4858 Εἰ
3067 4805 3123 4857 δέ
3154 4803 3275 4854 οὐδέ
3298 4801 3360 4884 τύ
3396 4798 3606 4884 ἀσαφὲς
3630 4797 3832 4864 διεγείο

2251 4914 2326 4964 ρει
2361 4912 2453 4947 σου
2472 4874 2577 4962 ’τὴν
2601 4874 3022 4959 ᾧυχὴῆἺπολλῷ
3055 4885 3276 4954 μᾶλλον,
3302 4883 3349 4934 εἰ
3389 4881 3535 4949 σαφῆ
3562 4874 3652 4964 ἦν,
3687 4895 3832 4964 παρ-

2249 4980 2499 5047 έδραμες.
2536 4960 2638 5027 -Διά
2670 4973 2776 5042 γὰρ
2805 4970 2964 5025 τοῦτο
2997 4967 3122 5021 οὐτε
3157 4966 3301 5036 σαφῆ
3337 4964 3513 5017 πάντα
3545 4960 3716 5020 ἐστὶν,
3749 4961 3833 5011 ἵνα

2365 5041 2711 5130 ῥαθυμήσῃς,
2741 5041 2864 5107 οὔτε
2894 5051 3104 5120 ἀσαφῆ,
3139 5051 3226 5102 ἴνα
3263 5049 3337 5117 μὴ
3370 5041 3645 5130 ἀπογνῷς.
3675 5042 3838 5130 Καὶὸ

2255 5145 2349 5211 μὲ)
2373 5139 2625 5210 εὐνοῦχος
2655 5140 2861 5200 ἐκεῖνος
2907 5136 3002 5188 καὶ
3031 5131 3303 5201 βάρϐαρος
3330 5126 3483 5178 οὐδὲν
3515 5121 3726 5174 τούτων
3756 5118 3835 5173 εἷ-

2253 5204 2370 5286 πεν,
2397 5204 2653 5273 ἀλλά-καὶ
2687 5218 2957 5271 τοσούτων
2993 5212 3334 5283 πραγμάτων
3360 5204 3837 5286 ὅχλῳλκυκλούμε-

2255 5283 2367 5364 νος,
2399 5305 2490 5355 καὶ
2522 5305 2577 5363 ἐν
2609 5301 2713 5368 ὀδῷ
2737 5301 2832 5358 ῶν,
2870 5295 3071 5364 βιϐλίον
3104 5292 3241 5360 μετὰ
3274 5291 3460 5358 χεῖρας
3489 5283 3602 5356 εἶχε
3633 5288 3728 5336 καὶ
3747 5283 3835 5332 ἀν-

2259 5385 2542 5450 εγίνωσκε,
2573 5383 2671 5434 ούκ
2689 5366 2850 5441 εἰδὼς
2883 5378 3026 5444 ἆπερ
3051 5374 3384 5442 ἀνεγίνωσκε
3410 5388 3422 5399 ·
3477 5370 3540 5420 σὺ
3573 5368 3629 5418 δὲ
3662 5366 3755 5416 κιιί⁸
3779 5366 3837 5415 ἐν

2259 5467 2596 5521 διδασκάλων
2627 5463 2862 5531 εὐπορίᾳ
2908 5458 3006 5524 ὣν,
3042 5466 3134 5511 καὶ
3165 5457 3386 5523 ἐτέρους
3417 5454 3556 5520 ἔχων
3580 5447 3707 5508 τοὺς
3738 5446 3839 5496 ὐπ-

2262 5549 2759 5615 αναγινώσκοντας,
2803 5544 3029 5614 σκήψεις
3063 5538 3340 5610 προϐάλλῃ
3379 5552 3492 5615 μοι*
3506 5529 3599 5615 καὶ
3619 5529 3840 5615 προφά-

2266 5652 2398 5697 σεις.
2434 5635 2548 5686 Οὐκ
2569 5627 2724 5686 οἶσθα
2751 5628 2817 5681 τὰ
2845 5629 3149 5697 λεγόμενα;
3199 5619 3408 5675 Οὐκοῦν
3439 5610 3705 5697 εὖξαιῖνα
3738 5612 3843 5697 μά·

2268 5693 2402 5789 θῃςν·
2459 5715 2656 5786 μᾶλλον
2686 5713 2741 5767 δέ
2768 5693 3049 5782 ἀμήχανον
3093 5708 3270 5789 πάντα
3309 5698 3544 5789 ἀγνοεῖν.
3570 5693 3705 5789 ,ἰθαλ
3732 5693 3841 5789 γὲρ

2270 5775 2440 5856 πολλὰ
2459 5775 2693 5856 ἀὐτόθεν
2718 5775 2833 5851 ἐστίι
2865 5775 3142 5859 κατάδηλα
3178 5786 3273 5839 καὶ
3300 5779 3447 5850 σαφῆ
3468 5796 3482 5810 ο
3522 5775 3723 5850 μᾶλλον
3756 5775 3839 5840 δέ,
