4038 6216
286 385 396 442 313

290 501 468 556 viduae
508 514 614 556 non
665 508 773 554 tam
822 496 983 554 fuerit
1020 495 1271 553 indicium
1316 493 1459 565 quod
1498 489 1746 547 secundis
1773 504 1881 542 non

292 595 651 663 conjuugatur
689 592 909 661 nuptiis,
939 605 1096 661 quam
1143 589 1259 643 haec
1300 586 1424 654 alia,
1456 599 1649 653 nempe
1686 582 1882 638 caritas

290 684 344 738 in
380 697 662 753 pauperes,
697 682 1059 753 hospitalitas,
1102 680 1158 734 in
1203 678 1451 750 precibus
1492 674 1797 737 assiduitas,
1828 680 1879 727 et

289 776 391 830 alia
413 776 615 841 omnia,
640 791 760 846 quae
780 774 1121 831 exactissime
1143 772 1310 842 exigit
1335 769 1530 825 Paulus
1551 768 1791 825 scribens
1812 764 1879 818 ad

290 866 631 922 Timotheum
660 867 736 935 (1.
766 864 901 920 Tim.
932 865 1010 936 5).

362 955 701 1027 Eleemoryna
722 969 968 1026 quantum
990 962 1361 1010 ornamentum.
1388 982 1455 991 —
1477 951 1689 1007 Videris
1717 948 1876 1005 etiam

288 1061 403 1113 eas,
436 1063 556 1117 quae
580 1056 707 1102 sunt
726 1046 929 1115 iunctio
960 1044 1322 1107 matrimonio,
1355 1042 1495 1111 apud
1526 1057 1624 1096 nos
1655 1041 1875 1096 multam

286 1136 575 1192 ostendere
613 1137 951 1192 honestatem
979 1153 994 1192 :
1026 1135 1121 1190 sed
1147 1150 1251 1189 non
1282 1143 1363 1189 est
1395 1136 1495 1187 hoc
1524 1133 1700 1189 solum
1734 1136 1874 1204 quod

284 1228 545 1296 quaeritur
568 1271 583 1295 ,
614 1228 708 1285 sed
738 1228 965 1299 diligens
980 1242 1107 1282 cura
1124 1236 1177 1283 et
1192 1227 1428 1283 studium
1445 1242 1753 1298 egenorum,
1782 1244 1875 1297 per

284 1318 428 1385 quod
460 1319 647 1386 priscae
673 1318 926 1375 mulieres
954 1318 1109 1374 valde
1134 1318 1578 1388 resplendehant:
1605 1334 1710 1373 non
1738 1319 1875 1373 sicut

286 1410 467 1463 multa:
496 1426 563 1465 ex
589 1410 654 1464 iis
678 1425 798 1480 qua:
822 1418 947 1464 sunt
972 1410 1171 1465 nostris
1198 1410 1550 1477 temporibus.
1583 1409 1713 1464 Nam
1748 1420 1874 1465 tunc

281 1499 499 1567 quidem
555 1514 653 1568 pro
704 1514 838 1553 auro
885 1500 1242 1570 eleemosynte
1299 1499 1654 1555 induebantur
1713 1517 1873 1556 orna-

282 1598 499 1653 mento;
548 1606 688 1645 nunc
726 1599 906 1646 autem
941 1591 1042 1645 hoc
1069 1592 1326 1659 dimisso,
1360 1592 1572 1647 funibus
1598 1595 1775 1649 aureis
1804 1611 1871 1649 ex

278 1690 470 1736 catena
518 1691 863 1751 peccatorum
909 1684 1174 1739 contextis
1218 1684 1560 1740 amiciuntur.
1618 1685 1871 1741 Dicamne

281 1772 442 1825 etiam
493 1772 651 1827 aliam
693 1773 907 1829 thecam
950 1783 1268 1830 ornamento
1305 1775 1477 1844 patrio
1505 1775 1869 1831 exinanitam?

277 1859 679 1917 Conveniebant
708 1864 834 1917 ohin
859 1878 1070 1931 omnes,
1096 1875 1150 1920 et
1170 1865 1468 1935 psallebant
1491 1867 1864 1922 communiter.

278 1948 393 2005 Hoc
414 1966 555 2006 nunc
575 1968 789 2024 quoque
817 1954 1071 2020 facimus;
1104 1955 1199 2010 sed
1230 1965 1356 2012 tunc
1378 1957 1591 2027 quidem
1616 1958 1667 2013 in
1697 1959 1869 2012 omni-

273 2040 378 2097 bus
409 2056 514 2098 una
545 2052 662 2099 erat
689 2045 866 2099 anima
897 2054 952 2100 et
984 2060 1081 2100 cor
1105 2059 1305 2111 unum;
1336 2061 1481 2103 nunc
1506 2058 1683 2102 autem
1714 2064 1781 2104 ne
1811 2052 1864 2104 in

274 2146 379 2186 una
416 2133 629 2203 quidem
654 2134 832 2189 anima
858 2135 1003 2189 illam
1030 2136 1370 2191 concordiam
1402 2136 1599 2193 videris
1637 2150 1691 2194 et
1727 2154 1865 2193 con-

275 2237 514 2291 sensum,
539 2224 633 2279 sed
661 2224 856 2297 ubique
878 2242 1126 2296 magnum
1149 2234 1232 2281 est
1253 2225 1474 2282 bellum.
1502 2227 1693 2283 Pacem
1722 2244 1865 2283 nunc

268 2316 415 2386 quod
443 2327 693 2385 precatur
716 2319 967 2375 omnibus
992 2320 1038 2374 is
1060 2320 1150 2390 qui
1174 2326 1369 2391 prmest
1394 2320 1666 2386 Ecclesiae,
1694 2330 1751 2376 ut
1771 2322 1861 2391 qui

272 2406 327 2461 in
357 2405 576 2463 domum
617 2410 913 2481 ingreditur
939 2421 1251 2481 paternam;
1281 2412 1374 2467 sed
1402 2412 1558 2482 hujus
1589 2414 1734 2483 pacis
1766 2430 1862 2468 no-

272 2512 397 2552 men
423 2499 637 2569 quidem
668 2509 750 2556 est
776 2500 1044 2573 frequens,
1078 2518 1166 2557 res
1190 2512 1369 2562 autem
1396 2519 1682 2575 nusquam.
1712 2504 1861 2561 Tunc

270 2589 432 2643 etiam
475 2591 665 2646 domus
706 2602 862 2646 erant
901 2594 1173 2659 ecclesiae;
1206 2609 1348 2649 nunc
1374 2604 1551 2651 autem
1582 2597 1743 2652 etiam
1773 2611 1862 2652 ec-

268 2680 434 2736 clesia
465 2691 547 2736 est
575 2682 788 2748 domus,
821 2683 904 2737 vel
949 2684 1127 2753 potius
1171 2684 1360 2752 quavis
1398 2686 1559 2741 domo
1602 2686 1854 2742 deterior.

266 2771 401 2827 Nam
431 2773 484 2828 in
515 2772 675 2828 domo
705 2773 918 2844 quidem
950 2774 1085 2830 bene
1114 2776 1460 2831 constitutum
1485 2778 1683 2835 videris
1712 2779 1859 2833 ordi-

269 2880 391 2919 nem
420 2883 433 2919 :
457 2865 671 2921 domina
694 2867 892 2940 quippe
912 2867 1104 2923 domus
1129 2868 1283 2925 sedet
1313 2871 1365 2923 in
1395 2870 1531 2925 solio
1558 2888 1678 2928 cum
1709 2873 1855 2927 omni

266 2956 566 3026 honestate,
600 2962 862 3018 modestia
891 2974 948 3019 et
976 2964 1194 3032 decore,
1219 2974 1273 3020 et
1298 2964 1506 3022 ancillae
1527 2974 1713 3022 texunt
1733 2983 1853 3022 cum

261 3053 497 3120 silentio,
528 3064 582 3111 et
616 3056 811 3127 singuli
847 3073 912 3112 ex
946 3058 1158 3113 famulis
1185 3058 1239 3113 in
1290 3061 1536 3117 manibus
1567 3060 1763 3117 habent
1792 3064 1844 3117 id

258 3146 406 3215 quod
434 3156 517 3201 est
540 3147 619 3201 eis
646 3148 974 3203 mandatum.
1006 3149 1103 3205 llic
1128 3160 1309 3205 autem
1338 3153 1535 3209 multus
1555 3164 1639 3209 cst
1662 3158 1855 3211 tumul-

263 3243 351 3290 tus
370 3278 386 3303 ,
414 3252 603 3306 magna
630 3238 894 3308 confusio,
926 3248 980 3293 et
1004 3255 1034 3295 a
1060 3256 1298 3311 caupona
1327 3242 1457 3296 nihil
1484 3254 1665 3300 nostra
1696 3247 1851 3303 diﬁ'e-

263 3336 391 3381 ruut
422 3344 435 3380 :
468 3337 643 3383 tantus
688 3338 772 3385 est
814 3333 976 3396 risus,
1026 3340 1171 3386 tanta
1216 3334 1566 3402 perturbatio,
1613 3338 1751 3391 sicut
1797 3340 1851 3393 in

260 3415 489 3483 balneis,
522 3420 662 3475 sicut
687 3422 739 3477 in
772 3420 888 3477 foro
917 3423 1273 3479 clamantibus
1293 3426 1539 3482 omnibus
1568 3435 1622 3482 et
1653 3429 1850 3483 tumul-

260 3509 555 3565 tuantibus.
598 3511 666 3566 Et
696 3511 811 3566 hinc
842 3512 927 3568 hic
950 3513 1123 3568 solum
1154 3530 1314 3570 :nam
1356 3516 1481 3572 alibi
1530 3533 1597 3573 ne
1636 3519 1853 3589 propin-

263 3613 428 3667 quum
454 3602 669 3671 quidem
697 3602 822 3657 licet
846 3602 1047 3673 alloqui
1078 3604 1129 3659 in
1157 3606 1383 3661 ecclesia
1409 3649 1423 3674 ,
1454 3624 1522 3664 ne
1551 3609 1595 3664 si
1618 3612 1848 3666 amicum

258 3690 474 3759 quidem
507 3693 665 3763 longo
698 3700 939 3763 tempore
975 3695 1250 3751 absentem
1279 3702 1569 3768 exceperit,
1600 3702 1694 3757 sed
1738 3703 1849 3759 inec

258 3780 389 3838 (oris
407 3784 573 3849 ﬁunt;
603 3792 658 3840 et
678 3784 889 3839 merito.
915 3784 1028 3840 Non
1047 3787 1189 3842 enim
1212 3790 1438 3845 ecclesia
1459 3802 1539 3846 est
1564 3795 1843 3863 tonstrina,

258 3886 434 3944 neque
464 3876 814 3946 unguentaria
843 3877 1053 3932 officina
1075 3920 1089 3943 ,
1125 3894 1299 3949 neque
1331 3881 1436 3935 ulla
1466 3882 1568 3937 alia
1596 3885 1845 3954 opiﬁcum

256 3965 349 4033 qui
380 3967 579 4021 suntin
610 3968 726 4023 foro
748 3968 989 4033 taberna,
1021 3972 1115 4025 sed
1148 3970 1295 4025 locus
1325 3976 1663 4042 angelorum,
1696 3978 1845 4032 locus

254 4058 720 4129 arehangelorum,
746 4075 968 4132 regnum
994 4062 1108 4127 Dei,
1136 4064 1307 4133 ipsum
1331 4065 1541 4121 caelum.
1566 4066 1845 4134 Quomodo

254 4164 386 4219 ergo
434 4154 478 4205 si
530 4153 651 4222 quis
707 4164 759 4210 te
811 4155 866 4209 in
917 4155 1105 4209 caelum
1158 4158 1581 4227 introduxisset,
1634 4162 1843 4217 etiamsi

255 4250 461 4310 patrem
489 4243 721 4313 videres,
751 4246 961 4302 etiamsi
990 4245 1209 4301 fratrem
1232 4288 1247 4313 ,
1278 4265 1346 4305 ne
1371 4252 1600 4307 auderes
1626 4253 1842 4322 quidem

253 4334 401 4403 loqui
432 4353 445 4389 :
473 4335 545 4391 ita
576 4336 664 4394 hic
692 4353 797 4393 non
827 4337 969 4393 aliud
997 4337 1141 4407 loqui
1170 4346 1443 4407 oporteret
1468 4352 1665 4409 praeter
1686 4344 1844 4412 Spiri-

253 4428 451 4494 tualia;
499 4443 621 4483 nam
648 4430 735 4485 hic
760 4444 972 4500 quoque
996 4436 1079 4485 est
1104 4428 1315 4484 caalum.
1340 4429 1492 4497 Quod
1517 4429 1561 4483 si
1591 4445 1695 4487 non
1722 4447 1845 4487 cre-

249 4518 359 4583 dis,
385 4520 568 4589 aspice
587 4523 655 4577 ad
678 4522 815 4579 hanc
838 4537 1098 4588 mensam,
1124 4521 1411 4577 recordare
1436 4530 1652 4589 propter
1681 4538 1841 4592 quam

250 4621 468 4663 cauum
499 4620 555 4665 et
592 4615 937 4682 quamobrem
970 4618 1056 4671 hic
1081 4625 1216 4678 stet;
1262 4613 1432 4683 cogita
1479 4613 1600 4683 quis
1640 4615 1709 4669 sit
1752 4618 1841 4686 qui

253 4696 359 4754 huc
388 4702 662 4770 procedat.
683 4705 1000 4775 obstupesce
1027 4708 1186 4762 etiam
1209 4713 1335 4759 aute
1364 4713 1596 4775 tempus.
1626 4705 1840 4763 Etenim

251 4793 297 4847 si
347 4794 468 4865 quis
513 4795 684 4851 solum
722 4798 914 4854 viderit
953 4799 1092 4869 regis
1136 4797 1351 4864 solium,
1393 4798 1575 4854 animo
1611 4800 1843 4869 assurgit

251 4897 573 4957 exspectans
602 4892 740 4962 regis
764 4892 985 4945 exitum.
1034 4892 1098 4944 Et
1129 4898 1182 4942 tu
1213 4904 1343 4960 ergo
1372 4891 1533 4947 etiam
1558 4902 1683 4947 ante
1713 4891 1839 4947 illud

253 4984 467 5048 tempus
492 4980 815 5051 stupendum
844 4995 1123 5045 venerare,
1149 4988 1204 5033 et
1231 4979 1555 5051 obstupesce
1580 4992 1635 5038 et
1661 4997 1841 5038 assur-

254 5081 343 5134 se,
372 5078 659 5141 antequam
685 5072 867 5129 videas
896 5086 1132 5143 expansa
1162 5071 1328 5124 aulaea
1355 5113 1369 5137 ,
1414 5082 1470 5127 et
1513 5085 1840 5141 praeeuntem

252 5157 480 5213 chorum
502 5164 833 5233 angelorum,
863 5164 916 5218 in
942 5163 1112 5233 ipsum
1137 5161 1326 5217 caelum
1353 5164 1600 5218 ascende.
1631 5167 1701 5218 At
1728 5166 1842 5221 haec

255 5252 470 5321 ignorat
512 5254 602 5321 qui
648 5257 920 5327 mysteriis
948 5271 1056 5311 non
1084 5264 1165 5310 est
1194 5254 1434 5310 initiatus
1466 5270 1481 5313 :
1514 5271 1736 5312 necesse
1760 5267 1844 5313 est

254 5356 386 5411 ergo
409 5340 489 5395 illi
511 5343 672 5395 etiam
698 5345 798 5400 alia
824 5346 1025 5403 dicere.
1053 5347 1237 5418 Neque
1266 5346 1409 5402 enim
1440 5344 1594 5403 nobis
1616 5347 1844 5404 deerunt

255 5434 359 5488 alia
400 5447 522 5504 qua:
567 5431 715 5485 illum
762 5433 1071 5501 doceamus,
1109 5452 1228 5508 qure
1274 5435 1480 5507 possint
1526 5434 1740 5491 efﬁcere
1788 5447 1845 5493 ut

255 5532 461 5595 surgat,
494 5531 547 5577 et
574 5521 895 5592 persuadere
927 5535 982 5577 ut
1009 5527 1190 5581 volare
1217 5537 1459 5583 conetur.
1491 5525 1566 5580 Tu
1598 5542 1726 5596 ergo
1750 5529 1841 5597 qui

256 5613 376 5669 hac
419 5615 650 5685 ignoras,
680 5613 895 5683 quando
934 5615 1165 5669 audieris
1209 5620 1521 5689 prophetam
1552 5618 1838 5685 dicentem,

256 5706 385 5761 H:ec
417 5707 548 5762 dicit
591 5707 865 5772 Dominus,
899 5707 1107 5765 liecedc
1136 5718 1332 5765 a'terru
1356 5755 1369 5779 ,
1405 5716 1516 5781 ipse
1547 5727 1759 5781 quoque
1789 5713 1839 5766 in

257 5800 445 5857 caelum
475 5806 704 5859 ascende
781 5802 949 5871 Cogita
976 5803 1219 5876 quisnam
1251 5807 1316 5859 sit
1344 5807 1431 5875 qui
1462 5822 1555 5876 per
1585 5805 1729 5861 illum
1763 5814 1837 5862 te~

1287 379 1352 436 IN
1392 376 1603 435 EPIST.
1644 376 1663 431 l
1726 375 1815 429 AD
1853 373 2010 430 GOR.
2052 374 2283 432 llOMIL.
2332 374 2568 433 XXXVI.

3471 380 3575 435 δη

1994 504 2115 543 cum
2154 488 2408 559 loquitur.
2454 488 2604 544 Nunc
2644 496 2824 544 autem
2865 486 3137 545 histrionis
3163 489 3376 561 quidem
3409 492 3573 546 risum

1988 579 2283 647 moventis,
2321 590 2377 633 et
2417 582 2701 636 scortautis
2741 594 2804 635 ac
2846 581 3073 650 turpiter
3102 582 3311 651 agentis
3335 584 3574 640 mulieris

1988 680 2191 726 tantum
2222 672 2372 729 sedet
2399 672 2782 743 spectaculum,
2806 674 2870 728 iis
2894 690 3012 745 qua:
3043 674 3293 731 dicuntur
3318 691 3577 748 magnum

1986 764 2235 834 prazbens
2263 766 2559 833 silentium,
2592 764 2751 836 idque
2780 781 2900 820 cum
2934 767 3108 821 nullus
3128 767 3315 836 jubeat
3344 778 3524 826 tacere
3550 809 3571 833 .

1984 864 2037 909 et
2055 870 2227 925 nerine
2248 865 2330 913 est
2346 858 2625 920 tumultus,
2641 872 2814 928 neque
2834 860 3056 923 clamor,
3081 874 3179 914 nec
3191 858 3329 913 ullus
3348 861 3571 915 omnino

1983 947 2237 1016 strepitus
2267 967 2281 1003 :
2313 949 2422 1003 Deo
2448 958 2628 1004 autem
2658 964 2689 1003 e
2713 950 2858 1004 caelis
2884 950 3134 1019 loquente
3153 949 3221 1005 de
3246 950 3406 1005 rebus
3431 951 3570 1007 adeo

1982 1038 2261 1107 stupendis
2286 1053 2347 1093 ac
2376 1039 2709 1105 reverendis,
2744 1040 2965 1094 canibus
2992 1056 3176 1096 sumus
3208 1042 3565 1112 impudentio-

1981 1141 2090 1193 res,
2124 1143 2190 1181 ne
2217 1128 2327 1182 Deo
2355 1129 2569 1197 quidem
2599 1138 2796 1182 tantam
2827 1127 3143 1186 exhibentes
3169 1133 3522 1189 reverentiam
3545 1173 3565 1202 ,

1980 1230 2231 1288 quantam
2264 1220 2653 1274 meretricibus.

2051 1314 2103 1369 6.
2150 1314 2310 1370 iiisne
2338 1316 2531 1372 auditis
2562 1318 2952 1372 exhorruistis?
2979 1318 3142 1373 Multo
3169 1320 3339 1389 magis
3359 1319 3463 1374 hoc
3491 1318 3567 1374 fa-

1978 1404 2202 1473 cientes,
2231 1406 2464 1462 horrele.
2496 1407 2649 1473 Quod
2675 1408 2742 1463 de
2770 1409 2834 1462 iis
2854 1411 2943 1479 qui
2975 1424 3233 1479 pauperes
3263 1409 3567 1479 despiciunt

1978 1503 2030 1548 et
2056 1496 2154 1549 soli
2187 1497 2493 1563 comedunt,
2531 1498 2664 1551 dixit
2694 1499 2918 1563 Paulus,
2954 1500 3135 1553 Annon
3165 1500 3357 1553 habetis
3388 1500 3565 1554 domos

1975 1584 2044 1636 ad
2071 1586 2432 1640 comedendum
2457 1598 2503 1641 et
2530 1588 2794 1642 bibendum
2811 1590 2836 1642 ἶ)
2874 1608 2939 1644 an
2978 1592 3237 1645 ecclesiam
3265 1589 3363 1643 Dei
3390 1600 3563 1645 conte-

1975 1676 2164 1739 mnitis,
2191 1685 2238 1729 et
2276 1693 2360 1730 eos
2402 1680 2487 1747 qui
2533 1696 2633 1732 non
2673 1681 2853 1734 habent
2885 1682 3078 1750 pudore
3104 1682 3297 1752 amcitia
3326 1682 3404 1753 (ἰ.
3439 1681 3557 1738 Cor.

1976 1769 2060 1822 ll.
2089 1766 2225 1838 22)?
2267 1769 2396 1823 mihi
2431 1786 2644 1840 quoque
2676 1774 2952 1829 concedite
2988 1783 3047 1829 ut
3080 1775 3254 1829 dicam
3282 1775 3349 1831 de
3377 1776 3440 1829 iis
3470 1775 3561 1843 qui

1974 1856 2059 1910 hic
2090 1858 2236 1913 cient
2266 1860 2522 1913 tumultus
2552 1870 2603 1914 et
2635 1860 2923 1931 loquuntur
2953 1880 2965 1915 :
2998 1864 3187 1917 Annon
3221 1864 3429 1918 habetis
3456 1863 3561 1920 do-

1972 1965 2087 2005 mos
2118 1951 2183 2005 ad
2224 1952 2565 2022 nugandum?
2604 1969 2670 2007 an
2714 1954 2805 2007 Dei
2846 1955 3127 2010 ecclesiam
3156 1956 3461 2025 despicitis,
3501 1967 3558 2013 et

1971 2058 2064 2097 eos
2108 2045 2268 2098 etiam
2308 2046 2654 2114 corrumpitis
2698 2047 2786 2116 qui
2832 2048 3014 2101 volunt
3058 2062 3178 2103 esse
3224 2048 3452 2103 modesti
3501 2059 3558 2105 et

1969 2132 2172 2202 quieti?
2214 2136 2281 2189 At
2311 2135 2464 2190 vobis
2497 2146 2581 2191 est
2618 2151 2781 2193 suave
2821 2148 2875 2193 et
2909 2137 3202 2208 jucundum
3230 2140 3428 2212 alloqui
3459 2155 3557 2197 eos

1967 2225 2054 2292 qui
2082 2236 2202 2279 sunt
2225 2226 2374 2283 vobis
2396 2231 2540 2283 noti?
2569 2229 2682 2285 Non
2714 2232 2813 2287 hoc
2846 2233 3120 2301 prohibeo,
3145 2234 3241 2289 sed
3266 2234 3433 2302 domi,
3456 2233 3553 2292 sed

1968 2312 2019 2366 in
2058 2312 2206 2379 foro,
2248 2315 2342 2371 sed
2379 2320 2430 2371 in
2465 2320 2671 2376 balneis
2696 2322 2785 2376 ﬁat
2816 2341 2828 2378 :
2859 2325 3088 2380 ecclesia
3133 2327 3274 2381 enim
3320 2343 3429 2382 non
3472 2337 3557 2383 est

1965 2404 2214 2475 colloquii
2236 2405 2402 2473 locus,
2428 2408 2523 2464 scd
2550 2410 2827 2466 doctrinm.
2854 2413 3005 2468 Nunc
3026 2424 3202 2470 autem
3228 2416 3358 2471 nihil
3375 2416 3557 2475 diﬁ'ert

1966 2510 1995 2549 a
2028 2495 2175 2563 foro;
2220 2506 2275 2551 et
2312 2499 2356 2551 si
2397 2514 2502 2553 non
2542 2502 2611 2554 sit
2652 2501 2796 2556 dictu
2840 2504 3116 2571 audacius,
3148 2506 3284 2563 forte
3317 2524 3493 2581 neque
3522 2524 3553 2564 ι

1963 2602 2123 2644 scena
2157 2606 2171 2642 :
2204 2590 2335 2646 adeo
2365 2591 2449 2657 iis,
2471 2608 2588 2662 qua:
2618 2592 2723 2647 illic
2754 2604 3073 2659 scorlantur,
3100 2598 3345 2654 lascivius
3366 2610 3423 2655 et
3451 2600 3551 2654 im-

1964 2681 2208 2751 pudicius
2248 2694 2505 2739 ornantur
2537 2702 2656 2756 quae
2688 2686 2775 2742 hic
2804 2688 3147 2743 conveniunt.
3192 2690 3318 2746 Ideo
3354 2692 3550 2748 multos

1958 2789 2172 2843 quoque
2219 2777 2516 2843 impudicos
2571 2780 2656 2834 hic
2706 2781 2978 2836 attrahunt
3020 2799 3031 2835 :
3070 2791 3125 2837 et
3171 2783 3214 2837 si
3263 2784 3380 2853 quis
3433 2792 3551 2839 ten-

1962 2873 2057 2932 tet,
2091 2875 2181 2920 aut
2212 2869 2337 2921 velit
2362 2883 2709 2941 corrumpere
2737 2874 3039 2941 mulierem,
3071 2875 3267 2939 nullus;
3296 2885 3351 2930 ut
3382 2885 3508 2945 puto
3533 2914 3547 2941 ,

1960 2957 2009 3013 ei
2040 2958 2248 3013 videtur
2288 2959 2438 3015 locus
2465 2960 2642 3030 aptior
2667 2963 2922 3029 ecclesia;
2964 2976 3018 3019 et
3065 2967 3108 3020 si
3156 2967 3283 3037 quid
3316 2967 3549 3022 vendere

1959 3059 2051 3105 aut
2087 3065 2269 3107 emere
2310 3061 2590 3123 oporteat,
2628 3055 2853 3109 ecclesia
2894 3056 3103 3110 videtur
3142 3073 3262 3113 esse
3304 3060 3370 3113 ad
3418 3058 3544 3113 illud

1958 3143 2295 3199 commodior
2314 3186 2329 3212 ,
2360 3160 2519 3216 quam
2548 3144 2744 3201 forum.
2776 3147 2871 3201 llic
2896 3147 3036 3202 enim
3068 3147 3135 3221 de
3162 3149 3226 3202 iis
3252 3150 3403 3217 plura
3431 3152 3546 3204 col-

1960 3236 2138 3308 loquia
2161 3238 2388 3293 miscent
2407 3254 2565 3307 quam
2589 3239 2641 3293 in
2663 3241 2794 3310 ipsis
2818 3239 3066 3296 officinis.
3096 3240 3165 3295 Et
3185 3242 3227 3294 si
3258 3243 3347 3310 qui
3378 3242 3547 3297 velint

1958 3328 2280 3383 maledicere
2307 3338 2362 3382 et
2390 3329 2673 3383 maledicta
2704 3331 2911 3404 audire,
2947 3332 3048 3387 hoc
3075 3346 3287 3402 queque
3316 3333 3401 3386 hic
3425 3348 3512 3386 ma
3529 3363 3544 3372 -

1955 3420 2038 3489 gis
2071 3417 2272 3476 videbit
2310 3420 2622 3490 contingere
2642 3462 2656 3485 ,
2698 3436 2857 3491 quam
2885 3422 2937 3475 iu
2968 3423 3121 3477 foro:
3154 3434 3208 3478 et
3237 3424 3281 3477 si
3306 3423 3545 3481 volueris

1956 3527 2043 3567 res
2082 3512 2268 3566 audire
2307 3512 2525 3579 civiles,
2555 3520 2608 3567 et
2636 3528 2754 3583 quae
2784 3514 2836 3567 in
2868 3513 3071 3569 aedibus
3101 3514 3232 3569 ﬁunt
3257 3525 3312 3569 et
3339 3531 3460 3584 qua:
3490 3516 3540 3569 iu

1953 3605 2167 3670 castris,
2208 3619 2275 3659 ne
2313 3618 2405 3658 eas
2449 3605 2514 3659 ad
2552 3603 2807 3674 judiciale
2849 3604 3040 3671 forum,
3071 3619 3241 3673 neque
3267 3606 3542 3674 sedeasJu

1953 3694 2165 3750 oflicina
2192 3695 2553 3761 medicorum;
2593 3706 2718 3751 sunt
2746 3697 2887 3750 enim
2915 3696 3003 3766 qui
3032 3695 3279 3752 omnibus
3317 3712 3539 3751 accura-

1953 3787 2058 3841 tius
2088 3785 2173 3840 hic
2198 3787 2376 3840 omnia
2410 3786 2524 3840 htec
2552 3787 2871 3841 annuntiant
2895 3805 2909 3841 :
2936 3796 2991 3841 et
3030 3785 3115 3841 hic
3154 3787 3304 3841 locus
3330 3787 3553 3857 quidvis.
3582 3805 3584 3807 '

1954 3880 2131 3950 potius
2161 3887 2265 3944 est,
2297 3894 2457 3949 quam
2487 3877 2737 3933 ecclesia.
2772 3877 2880 3933 Vos
2907 3876 3134 3932 fortasse
3161 3878 3314 3933 valde
3346 3879 3492 3948 tetigi
3519 3897 3539 3933 νε

1951 3987 2058 4026 non
2103 3986 2204 4040 ego
2244 3970 2458 4040 quidem
2504 3970 2757 4025 arbitror.
2805 3969 3028 4037 Quando
3068 3969 3209 4023 enim
3251 3970 3302 4023 in
3346 3969 3541 4033 iisdem

1950 4063 2330 4132 perseveratis,
2370 4062 2636 4118 undenam
2678 4063 2842 4118 sciam
2886 4061 3027 4133 quod
3068 4078 3187 4132 qua:
3228 4062 3371 4127 dicta
3415 4073 3541 4117 sunt

1949 4170 2045 4209 vos
2074 4153 2398 4223 tetigerunt?
2439 4154 2669 4209 Necesse
2698 4163 2782 4209 est
2815 4169 2944 4223 ergo
2979 4169 3166 4208 rursus
3197 4153 3386 4218 eadem
3420 4163 3538 4215 tan-

1947 4262 2095 4318 gere.
2149 4246 2399 4301 Hteccine
2446 4255 2572 4299 sunt
2618 4246 2953 4300 tolerabilia?
2999 4245 3236 4308 haeccine
3279 4245 3496 4301 ferenda
3516 4246 3545 4300 ?-

1951 4339 2202 4405 Qumidie
2226 4338 2579 4408 defatigamur
2604 4346 2658 4392 et
2686 4336 3063 4407 discerpimur,
3094 4347 3151 4391 ut
3179 4337 3308 4392 utile
3338 4337 3538 4409 aliquid

1948 4432 2125 4488 edocti
2146 4430 2430 4488 discedatis
2456 4448 2468 4483 :
2495 4445 2652 4485 nemo
2681 4438 2861 4485 autem
2886 4439 3120 4484 vestrum
3144 4430 3344 4509 aliquid
3369 4430 3539 4485 lucra-

1947 4532 2034 4577 tus
2062 4523 2285 4589 recedit,
2308 4522 2402 4578 sed
2433 4523 2623 4593 majori
2648 4522 2808 4578 etiam
2834 4523 3031 4578 damno
3050 4521 3288 4588 aﬂ'ectus.
3320 4520 3531 4576 Etenim

1948 4614 2000 4668 iu
2034 4615 2290 4685 judicium
2337 4614 2654 4678 convenitis,
2686 4628 2807 4667 eum
2854 4613 3058 4682 peccati
3108 4612 3287 4680 utique
3332 4610 3535 4665 nullam

1948 4706 2190 4761 habeatis
2218 4706 2575 4768 occasionem,
2608 4711 2663 4757 et
2691 4703 2940 4757 meliores
2968 4701 3284 4765 etmitiores
3313 4704 3537 4772 expelli-

1948 4798 2014 4851 tis
2043 4809 2136 4851 eos
2158 4795 2349 4850 vestris
2374 4796 2527 4864 nugis
2555 4794 2788 4865 undique
2812 4794 3056 4848 molestia
3084 4793 3398 4858 efficientes.
3428 4793 3533 4850 Sed

1946 4888 2072 4959 quid
2111 4895 2195 4943 est
2230 4886 2371 4956 quod
2411 4887 2606 4941 dicitur
2631 4904 2658 4940 a
2689 4888 2907 4942 multis?
2954 4887 3068 4942 Non
3114 4886 3291 4951 audio,
3325 4887 3532 4956 inquit,

1947 4997 2067 5053 quae
2090 4981 2365 5052 leguntur,
2400 4997 2577 5053 neque
2606 4982 2719 5037 scio
2748 4996 2807 5037 ea
2832 4997 2952 5053 qua:
2978 4981 3248 5035 dicuntur.
3277 4980 3411 5046 Quia
3446 4989 3532 5032 tu-

1948 5074 2229 5131 multuaris
2250 5115 2265 5141 ,
2301 5075 2482 5129 turbas
2510 5089 2694 5129 moves
2718 5116 2731 5137 ,
2766 5090 2938 5143 neque
2964 5072 3173 5127 accedis
3203 5087 3323 5125 cum
3352 5071 3531 5123 animo

1948 5180 2112 5223 sensu
2143 5166 2355 5236 pietatis
2386 5164 2629 5231 praedito.
2673 5162 2811 5232 Quid
2854 5162 3028 5217 dicis?
3070 5161 3244 5215 nescis
3284 5176 3531 5229 quit-nam

1951 5257 2064 5313 hac
2107 5258 2245 5311 dicta
2292 5255 2390 5310 sibi
2427 5254 2631 5309 velint?
2676 5257 2833 5326 Atqui
2877 5260 3096 5321 propter
3133 5250 3235 5304 hoc
3276 5249 3449 5319 ipsum
3479 5257 3531 5304 te

1949 5350 2230 5423 oportebat
2250 5348 2545 5404 attendere.
2574 5349 2628 5410 Si
2657 5356 2831 5401 autem
2862 5359 2928 5399 ne
2954 5343 3005 5397 id
3030 5342 3262 5414 quidem,
3288 5342 3428 5415 quod
3451 5350 3545 5403 est,

1949 5444 2258 5506 obscurum,
2308 5448 2454 5494 tuum
2499 5440 2693 5495 excitat
2741 5440 3017 5503 animum,
3061 5437 3228 5491 multo
3272 5436 3442 5505 magis
3488 5438 3532 5488 si

1950 5541 2130 5587 essent
2162 5532 2303 5585 clara
2333 5547 2396 5586 ac
2434 5531 2707 5586 manifesta
2736 5570 2750 5594 ,
2794 5542 2855 5583 ea
2900 5538 3359 5597 prietercurrcres.
3408 5525 3535 5579 ideo

1950 5625 2091 5679 enim
2120 5640 2290 5693 neque
2317 5624 2493 5679 omnia
2523 5630 2645 5677 sunt
2666 5620 2920 5691 dilucida,
2952 5635 3016 5673 ne
3046 5620 3117 5672 sis
3149 5618 3325 5687 piger;
3357 5631 3534 5683 neque

1951 5715 2199 5781 obscura,
2244 5732 2308 5770 ne
2351 5715 2620 5785 desperes.
2669 5713 2736 5767 Et
2781 5713 2869 5767 ille
2915 5710 3126 5781 quidem
3168 5707 3447 5763 eunuchus
3476 5715 3530 5759 ct

1954 5807 2204 5867 barbarus
2235 5808 2364 5864 nihil
2396 5823 2459 5864 ex
2493 5809 2555 5861 iis
2582 5806 2712 5864 dixit
2734 5848 2748 5874 ,
2787 5804 2878 5862 sed
2908 5812 2959 5859 et
2990 5812 3255 5858 tantorum
3290 5798 3529 5872 negotio
