  <div class='ocr_page' id='page_1' title='image "/cluster/home/n/w/nwhite01/storage/ocr_20150623/61/nnc1.0022379681/323.png"; bbox 0 0 4038 6216; ppageno 0'>
   <div class='ocr_carea' id='block_1_1' title="bbox 470 401 574 455">
    <p class='ocr_par' dir='ltr' id='par_1_1' title="bbox 470 401 574 455">
     <span class='ocr_line' id='line_1_1' title="bbox 470 401 574 455; baseline 0 0"><span class='ocrx_word' id='word_1_1' title='bbox 470 401 574 455; x_wconf 77' lang='grc'><strong>515</strong></span> 
     </span>
    </p>
   </div>
   <div class='ocr_carea' id='block_1_2' title="bbox 472 506 2072 575">
    <p class='ocr_par' dir='ltr' id='par_1_2' title="bbox 472 506 2072 575">
     <span class='ocr_line' id='line_1_2' title="bbox 472 506 2072 575; baseline -0.011 0"><span class='ocrx_word' id='word_1_2' title='bbox 472 533 591 575; x_wconf 85' lang='lat' dir='ltr'><strong>rum</strong></span> <span class='ocrx_word' id='word_1_3' title='bbox 644 513 1007 575; x_wconf 79' lang='lat' dir='ltr'><strong>circumdatus</strong></span> <span class='ocrx_word' id='word_1_4' title='bbox 1051 511 1391 567; x_wconf 89' lang='lat' dir='ltr'><strong>multitudine</strong></span> <span class='ocrx_word' id='word_1_5' title='bbox 1424 552 1439 575; x_wconf 91' lang='lat'><strong>,</strong></span> <span class='ocrx_word' id='word_1_6' title='bbox 1489 509 1651 565; x_wconf 86' lang='lat' dir='ltr'><strong>etiam</strong></span> <span class='ocrx_word' id='word_1_7' title='bbox 1700 522 1824 564; x_wconf 89' lang='lat' dir='ltr'><strong>eum</strong></span> <span class='ocrx_word' id='word_1_8' title='bbox 1893 506 1947 560; x_wconf 94' lang='lat' dir='ltr'><strong>in</strong></span> <span class='ocrx_word' id='word_1_9' title='bbox 1989 506 2072 559; x_wconf 88' lang='lat' dir='ltr'><strong>via</strong></span> 
     </span>
    </p>
   </div>
   <div class='ocr_carea' id='block_1_3' title="bbox 472 599 2075 672">
    <p class='ocr_par' dir='ltr' id='par_1_3' title="bbox 472 599 2075 672">
     <span class='ocr_line' id='line_1_3' title="bbox 472 599 2075 672; baseline -0.01 -5"><span class='ocrx_word' id='word_1_10' title='bbox 472 619 653 672; x_wconf 89' lang='lat' dir='ltr'><strong>esset.</strong></span> <span class='ocrx_word' id='word_1_11' title='bbox 701 608 893 663; x_wconf 90' lang='lat' dir='ltr'><strong>librum</strong></span> <span class='ocrx_word' id='word_1_12' title='bbox 949 605 1184 662; x_wconf 76' lang='lat' dir='ltr'><strong>habebat</strong></span> <span class='ocrx_word' id='word_1_13' title='bbox 1240 605 1293 659; x_wconf 92' lang='lat' dir='ltr'><strong>in</strong></span> <span class='ocrx_word' id='word_1_14' title='bbox 1344 603 1589 655; x_wconf 80' lang='lat' dir='ltr'><strong>manibus</strong></span> <span class='ocrx_word' id='word_1_15' title='bbox 1631 609 1688 654; x_wconf 91' lang='lat' dir='ltr'><strong>et</strong></span> <span class='ocrx_word' id='word_1_16' title='bbox 1737 599 1965 669; x_wconf 86' lang='lat' dir='ltr'><strong>legebat,</strong></span> <span class='ocrx_word' id='word_1_17' title='bbox 2018 606 2075 651; x_wconf 90' lang='lat' dir='ltr'><strong>tu</strong></span> 
     </span>
    </p>
   </div>
   <div class='ocr_carea' id='block_1_4' title="bbox 474 688 2077 769">
    <p class='ocr_par' dir='ltr' id='par_1_4' title="bbox 474 688 2077 769">
     <span class='ocr_line' id='line_1_4' title="bbox 474 688 2077 769; baseline -0.013 -8"><span class='ocrx_word' id='word_1_18' title='bbox 474 712 674 769; x_wconf 85' lang='lat' dir='ltr'><strong>autem,</strong></span> <span class='ocrx_word' id='word_1_19' title='bbox 716 715 838 756; x_wconf 91' lang='lat' dir='ltr'><strong>cum</strong></span> <span class='ocrx_word' id='word_1_20' title='bbox 885 708 939 754; x_wconf 93' lang='lat' dir='ltr'><strong>et</strong></span> <span class='ocrx_word' id='word_1_21' title='bbox 971 698 1062 753; x_wconf 86' lang='lat' dir='ltr'><strong>tibi</strong></span> <span class='ocrx_word' id='word_1_22' title='bbox 1106 697 1177 751; x_wconf 86' lang='lat' dir='ltr'><strong>sit</strong></span> <span class='ocrx_word' id='word_1_23' title='bbox 1220 694 1375 764; x_wconf 91' lang='lat' dir='ltr'><strong>copia</strong></span> <span class='ocrx_word' id='word_1_24' title='bbox 1428 692 1732 753; x_wconf 91' lang='lat' dir='ltr'><strong>doctorum,</strong></span> <span class='ocrx_word' id='word_1_25' title='bbox 1778 699 1831 743; x_wconf 88' lang='lat' dir='ltr'><strong>et</strong></span> <span class='ocrx_word' id='word_1_26' title='bbox 1878 688 2077 742; x_wconf 89' lang='lat' dir='ltr'><strong>habeas</strong></span> 
     </span>
    </p>
   </div>
   <div class='ocr_carea' id='block_1_5' title="bbox 473 778 2078 863">
    <p class='ocr_par' dir='ltr' id='par_1_5' title="bbox 473 778 2078 863">
     <span class='ocr_line' id='line_1_5' title="bbox 473 778 2078 863; baseline -0.007 -19"><span class='ocrx_word' id='word_1_27' title='bbox 473 795 563 863; x_wconf 83' lang='lat' dir='ltr'><strong>qui</strong></span> <span class='ocrx_word' id='word_1_28' title='bbox 615 792 705 847; x_wconf 91' lang='lat' dir='ltr'><strong>tibi</strong></span> <span class='ocrx_word' id='word_1_29' title='bbox 753 793 951 862; x_wconf 84' lang='lat' dir='ltr'><strong>legant,</strong></span> <span class='ocrx_word' id='word_1_30' title='bbox 993 787 1124 842; x_wconf 91' lang='lat' dir='ltr'><strong>mihi</strong></span> <span class='ocrx_word' id='word_1_31' title='bbox 1166 784 1541 840; x_wconf 87' lang='lat' dir='ltr'><strong>excusationes</strong></span> <span class='ocrx_word' id='word_1_32' title='bbox 1571 779 1777 850; x_wconf 78' lang='lat' dir='ltr'><strong>profers</strong></span> <span class='ocrx_word' id='word_1_33' title='bbox 1814 790 1866 833; x_wconf 91' lang='lat' dir='ltr'><strong>et</strong></span> <span class='ocrx_word' id='word_1_34' title='bbox 1895 778 2078 833; x_wconf 64' lang='lat' dir='ltr'><strong>obteru</strong></span> 
     </span>
    </p>
   </div>
   <div class='ocr_carea' id='block_1_6' title="bbox 475 869 2073 948">
    <p class='ocr_par' dir='ltr' id='par_1_6' title="bbox 475 869 2073 948">
     <span class='ocr_line' id='line_1_6' title="bbox 475 869 2073 948; baseline -0.01 -8"><span class='ocrx_word' id='word_1_35' title='bbox 475 894 582 941; x_wconf 90' lang='lat' dir='ltr'><strong>tus.</strong></span> <span class='ocrx_word' id='word_1_36' title='bbox 629 882 816 939; x_wconf 85' lang='lat' dir='ltr'><strong>Nescis</strong></span> <span class='ocrx_word' id='word_1_37' title='bbox 853 896 917 937; x_wconf 89' lang='lat' dir='ltr'><strong>ea</strong></span> <span class='ocrx_word' id='word_1_38' title='bbox 966 894 1086 948; x_wconf 73' lang='lat' dir='ltr'><strong>qua:</strong></span> <span class='ocrx_word' id='word_1_39' title='bbox 1137 876 1427 931; x_wconf 85' lang='lat' dir='ltr'><strong>dicuntur?</strong></span> <span class='ocrx_word' id='word_1_40' title='bbox 1477 872 1582 927; x_wconf 89' lang='lat' dir='ltr'><strong>Ora</strong></span> <span class='ocrx_word' id='word_1_41' title='bbox 1616 885 1747 941; x_wconf 87' lang='lat' dir='ltr'><strong>ergo</strong></span> <span class='ocrx_word' id='word_1_42' title='bbox 1777 880 1834 924; x_wconf 89' lang='lat' dir='ltr'><strong>ut</strong></span> <span class='ocrx_word' id='word_1_43' title='bbox 1874 869 2073 925; x_wconf 87' lang='lat' dir='ltr'><strong>discas.</strong></span> 
     </span>
    </p>
   </div>
   <div class='ocr_carea' id='block_1_7' title="bbox 477 959 2077 1037">
    <p class='ocr_par' dir='ltr' id='par_1_7' title="bbox 477 959 2077 1037">
     <span class='ocr_line' id='line_1_7' title="bbox 477 959 2077 1037; baseline -0.011 -6"><span class='ocrx_word' id='word_1_44' title='bbox 477 978 590 1031; x_wconf 84' lang='lat' dir='ltr'><strong>ltno</strong></span> <span class='ocrx_word' id='word_1_45' title='bbox 636 989 765 1030; x_wconf 90' lang='lat' dir='ltr'><strong>vero</strong></span> <span class='ocrx_word' id='word_1_46' title='bbox 813 971 930 1027; x_wconf 85' lang='lat' dir='ltr'><strong>fieri</strong></span> <span class='ocrx_word' id='word_1_47' title='bbox 979 985 1085 1025; x_wconf 91' lang='lat' dir='ltr'><strong>non</strong></span> <span class='ocrx_word' id='word_1_48' title='bbox 1134 975 1309 1037; x_wconf 83' lang='lat' dir='ltr'><strong>potest</strong></span> <span class='ocrx_word' id='word_1_49' title='bbox 1339 973 1395 1019; x_wconf 88' lang='lat' dir='ltr'><strong>ut</strong></span> <span class='ocrx_word' id='word_1_50' title='bbox 1421 963 1605 1019; x_wconf 88' lang='lat' dir='ltr'><strong>omnia</strong></span> <span class='ocrx_word' id='word_1_51' title='bbox 1632 963 1866 1032; x_wconf 88' lang='lat' dir='ltr'><strong>ignores.</strong></span> <span class='ocrx_word' id='word_1_52' title='bbox 1914 959 2077 1014; x_wconf 76' lang='lat' dir='ltr'><strong>Multa</strong></span> 
     </span>
    </p>
   </div>
   <div class='ocr_carea' id='block_1_8' title="bbox 472 1052 2077 1131">
    <p class='ocr_par' dir='ltr' id='par_1_8' title="bbox 472 1052 2077 1131">
     <span class='ocr_line' id='line_1_8' title="bbox 472 1052 2077 1131; baseline -0.01 -9"><span class='ocrx_word' id='word_1_53' title='bbox 472 1068 616 1123; x_wconf 87' lang='lat' dir='ltr'><strong>enim</strong></span> <span class='ocrx_word' id='word_1_54' title='bbox 650 1073 776 1121; x_wconf 88' lang='lat' dir='ltr'><strong>sunt</strong></span> <span class='ocrx_word' id='word_1_55' title='bbox 804 1079 868 1119; x_wconf 88' lang='lat' dir='ltr'><strong>ex</strong></span> <span class='ocrx_word' id='word_1_56' title='bbox 892 1076 950 1117; x_wconf 92' lang='lat' dir='ltr'><strong>se</strong></span> <span class='ocrx_word' id='word_1_57' title='bbox 976 1068 1159 1131; x_wconf 89' lang='lat' dir='ltr'><strong>aperta</strong></span> <span class='ocrx_word' id='word_1_58' title='bbox 1184 1067 1239 1115; x_wconf 88' lang='lat' dir='ltr'><strong>et</strong></span> <span class='ocrx_word' id='word_1_59' title='bbox 1275 1057 1537 1122; x_wconf 86' lang='lat' dir='ltr'><strong>dilucida;</strong></span> <span class='ocrx_word' id='word_1_60' title='bbox 1572 1056 1681 1109; x_wconf 93' lang='lat' dir='ltr'><strong>imo</strong></span> <span class='ocrx_word' id='word_1_61' title='bbox 1711 1069 1841 1110; x_wconf 89' lang='lat' dir='ltr'><strong>vero</strong></span> <span class='ocrx_word' id='word_1_62' title='bbox 1866 1052 2077 1109; x_wconf 90' lang='lat' dir='ltr'><strong>etiamsi</strong></span> 
     </span>
    </p>
   </div>
   <div class='ocr_carea' id='block_1_9' title="bbox 472 1144 2077 1226">
    <p class='ocr_par' dir='ltr' id='par_1_9' title="bbox 472 1144 2077 1226">
     <span class='ocr_line' id='line_1_9' title="bbox 472 1144 2077 1226; baseline -0.007 -15"><span class='ocrx_word' id='word_1_63' title='bbox 472 1159 655 1214; x_wconf 90' lang='lat' dir='ltr'><strong>omnia</strong></span> <span class='ocrx_word' id='word_1_64' title='bbox 720 1158 1031 1226; x_wconf 75' lang='lat' dir='ltr'><strong>ignorares,</strong></span> <span class='ocrx_word' id='word_1_65' title='bbox 1077 1153 1157 1207; x_wconf 91' lang='lat' dir='ltr'><strong>sic</strong></span> <span class='ocrx_word' id='word_1_66' title='bbox 1205 1166 1417 1222; x_wconf 90' lang='lat' dir='ltr'><strong>quoque</strong></span> <span class='ocrx_word' id='word_1_67' title='bbox 1478 1154 1755 1218; x_wconf 90' lang='lat' dir='ltr'><strong>oporteret</strong></span> <span class='ocrx_word' id='word_1_68' title='bbox 1817 1154 1870 1201; x_wconf 92' lang='lat' dir='ltr'><strong>te</strong></span> <span class='ocrx_word' id='word_1_69' title='bbox 1922 1144 2077 1214; x_wconf 88' lang='lat' dir='ltr'><strong>quie-</strong></span> 
     </span>
    </p>
   </div>
   <div class='ocr_carea' id='block_1_10' title="bbox 480 1239 2076 1316">
    <p class='ocr_par' dir='ltr' id='par_1_10' title="bbox 480 1239 2076 1316">
     <span class='ocr_line' id='line_1_10' title="bbox 480 1239 2076 1316; baseline -0.01 -10"><span class='ocrx_word' id='word_1_70' title='bbox 480 1266 656 1315; x_wconf 82' lang='lat' dir='ltr'><strong>scere,</strong></span> <span class='ocrx_word' id='word_1_71' title='bbox 704 1257 762 1305; x_wconf 89' lang='lat' dir='ltr'><strong>ut</strong></span> <span class='ocrx_word' id='word_1_72' title='bbox 797 1264 903 1303; x_wconf 93' lang='lat' dir='ltr'><strong>non</strong></span> <span class='ocrx_word' id='word_1_73' title='bbox 943 1246 1180 1316; x_wconf 89' lang='lat' dir='ltr'><strong>expellas</strong></span> <span class='ocrx_word' id='word_1_74' title='bbox 1224 1258 1320 1299; x_wconf 91' lang='lat' dir='ltr'><strong>eos</strong></span> <span class='ocrx_word' id='word_1_75' title='bbox 1369 1242 1459 1312; x_wconf 86' lang='lat' dir='ltr'><strong>qui</strong></span> <span class='ocrx_word' id='word_1_76' title='bbox 1497 1239 1781 1296; x_wconf 90' lang='lat' dir='ltr'><strong>attendunt</strong></span> <span class='ocrx_word' id='word_1_77' title='bbox 1812 1256 1825 1291; x_wconf 74' lang='grc' dir='ltr'><em>τ</em></span> <span class='ocrx_word' id='word_1_78' title='bbox 1859 1249 1916 1291; x_wconf 89' lang='lat' dir='ltr'><strong>ut</strong></span> <span class='ocrx_word' id='word_1_79' title='bbox 1954 1251 2076 1291; x_wconf 89' lang='lat' dir='ltr'><strong>cum</strong></span> 
     </span>
    </p>
   </div>
   <div class='ocr_carea' id='block_1_11' title="bbox 474 1328 2074 1409">
    <p class='ocr_par' dir='ltr' id='par_1_11' title="bbox 474 1328 2074 1409">
     <span class='ocr_line' id='line_1_11' title="bbox 474 1328 2074 1409; baseline -0.011 -11"><span class='ocrx_word' id='word_1_80' title='bbox 474 1343 588 1398; x_wconf 87' lang='lat' dir='ltr'><strong>Deo</strong></span> <span class='ocrx_word' id='word_1_81' title='bbox 613 1350 890 1409; x_wconf 83' lang='lat' dir='ltr'><strong>acceptum</strong></span> <span class='ocrx_word' id='word_1_82' title='bbox 921 1338 1081 1393; x_wconf 82' lang='lat' dir='ltr'><strong>fuerit</strong></span> <span class='ocrx_word' id='word_1_83' title='bbox 1111 1345 1257 1389; x_wconf 91' lang='lat' dir='ltr'><strong>tuum</strong></span> <span class='ocrx_word' id='word_1_84' title='bbox 1288 1332 1559 1388; x_wconf 79' lang='lat' dir='ltr'><strong>silentium</strong></span> <span class='ocrx_word' id='word_1_85' title='bbox 1600 1340 1656 1387; x_wconf 92' lang='lat' dir='ltr'><strong>et</strong></span> <span class='ocrx_word' id='word_1_86' title='bbox 1696 1328 1868 1400; x_wconf 92' lang='lat' dir='ltr'><strong>pudor</strong></span> <span class='ocrx_word' id='word_1_87' title='bbox 1912 1338 2034 1382; x_wconf 87' lang='lat' dir='ltr'><strong>tuus</strong></span> <span class='ocrx_word' id='word_1_88' title='bbox 2057 1368 2074 1395; x_wconf 92' lang='lat'><strong>,</strong></span> 
     </span>
    </p>
   </div>
   <div class='ocr_carea' id='block_1_12' title="bbox 471 1421 2077 1503">
    <p class='ocr_par' dir='ltr' id='par_1_12' title="bbox 471 1421 2077 1503">
     <span class='ocr_line' id='line_1_12' title="bbox 471 1421 2077 1503; baseline -0.01 -15"><span class='ocrx_word' id='word_1_89' title='bbox 471 1434 591 1503; x_wconf 87' lang='lat' dir='ltr'><strong>ipse</strong></span> <span class='ocrx_word' id='word_1_90' title='bbox 633 1446 694 1486; x_wconf 82' lang='lat' dir='ltr'><strong>ea</strong></span> <span class='ocrx_word' id='word_1_91' title='bbox 735 1446 854 1501; x_wconf 83' lang='lat' dir='ltr'><strong>quae</strong></span> <span class='ocrx_word' id='word_1_92' title='bbox 893 1438 1019 1484; x_wconf 89' lang='lat' dir='ltr'><strong>sunt</strong></span> <span class='ocrx_word' id='word_1_93' title='bbox 1047 1426 1277 1482; x_wconf 89' lang='lat' dir='ltr'><strong>obscura</strong></span> <span class='ocrx_word' id='word_1_94' title='bbox 1326 1424 1516 1481; x_wconf 90' lang='lat' dir='ltr'><strong>reddat</strong></span> <span class='ocrx_word' id='word_1_95' title='bbox 1556 1422 1810 1478; x_wconf 88' lang='lat' dir='ltr'><strong>dilucida.</strong></span> <span class='ocrx_word' id='word_1_96' title='bbox 1861 1421 1930 1475; x_wconf 82' lang='lat' dir='ltr'><strong>At</strong></span> <span class='ocrx_word' id='word_1_97' title='bbox 1968 1433 2077 1473; x_wconf 91' lang='lat' dir='ltr'><strong>non</strong></span> 
     </span>
    </p>
   </div>
   <div class='ocr_carea' id='block_1_13' title="bbox 478 1508 2080 1595">
    <p class='ocr_par' dir='ltr' id='par_1_13' title="bbox 478 1508 2080 1595">
     <span class='ocr_line' id='line_1_13' title="bbox 478 1508 2080 1595; baseline -0.012 -14"><span class='ocrx_word' id='word_1_98' title='bbox 478 1534 628 1595; x_wconf 82' lang='lat' dir='ltr'><strong>potes</strong></span> <span class='ocrx_word' id='word_1_99' title='bbox 658 1522 857 1580; x_wconf 75' lang='lat' dir='ltr'><strong>silere?</strong></span> <span class='ocrx_word' id='word_1_100' title='bbox 887 1521 981 1577; x_wconf 77' lang='lat' dir='ltr'><strong>Exi</strong></span> <span class='ocrx_word' id='word_1_101' title='bbox 1005 1533 1156 1588; x_wconf 84' lang='lat' dir='ltr'><strong>ergo,</strong></span> <span class='ocrx_word' id='word_1_102' title='bbox 1188 1532 1255 1572; x_wconf 91' lang='lat' dir='ltr'><strong>ne</strong></span> <span class='ocrx_word' id='word_1_103' title='bbox 1281 1516 1402 1570; x_wconf 88' lang='lat' dir='ltr'><strong>aliis</strong></span> <span class='ocrx_word' id='word_1_104' title='bbox 1430 1528 1643 1584; x_wconf 89' lang='lat' dir='ltr'><strong>quoque</strong></span> <span class='ocrx_word' id='word_1_105' title='bbox 1668 1512 1922 1566; x_wconf 84' lang='lat' dir='ltr'><strong>damnum</strong></span> <span class='ocrx_word' id='word_1_106' title='bbox 1950 1508 2080 1563; x_wconf 77' lang='lat' dir='ltr'><strong>aﬂ‘e-</strong></span> 
     </span>
    </p>
   </div>
   <div class='ocr_carea' id='block_1_14' title="bbox 474 1608 2080 1674">
    <p class='ocr_par' dir='ltr' id='par_1_14' title="bbox 474 1608 2080 1674">
     <span class='ocr_line' id='line_1_14' title="bbox 474 1608 2080 1674; baseline -0.011 -4"><span class='ocrx_word' id='word_1_107' title='bbox 474 1631 583 1672; x_wconf 85' lang='lat' dir='ltr'><strong>ras.</strong></span> <span class='ocrx_word' id='word_1_108' title='bbox 634 1614 845 1670; x_wconf 85' lang='lat' dir='ltr'><strong>Etenim</strong></span> <span class='ocrx_word' id='word_1_109' title='bbox 882 1612 934 1664; x_wconf 89' lang='lat' dir='ltr'><strong>in</strong></span> <span class='ocrx_word' id='word_1_110' title='bbox 967 1608 1199 1665; x_wconf 88' lang='lat' dir='ltr'><strong>ecclesia</strong></span> <span class='ocrx_word' id='word_1_111' title='bbox 1239 1620 1401 1661; x_wconf 90' lang='lat' dir='ltr'><strong>unam</strong></span> <span class='ocrx_word' id='word_1_112' title='bbox 1445 1612 1660 1674; x_wconf 84' lang='lat' dir='ltr'><strong>Oportet</strong></span> <span class='ocrx_word' id='word_1_113' title='bbox 1705 1615 1920 1671; x_wconf 82' lang='lat' dir='ltr'><strong>semper</strong></span> <span class='ocrx_word' id='word_1_114' title='bbox 1958 1613 2080 1654; x_wconf 91' lang='lat' dir='ltr'><strong>esse</strong></span> 
     </span>
    </p>
   </div>
   <div class='ocr_carea' id='block_1_15' title="bbox 476 1692 2076 1773">
    <p class='ocr_par' dir='ltr' id='par_1_15' title="bbox 476 1692 2076 1773">
     <span class='ocr_line' id='line_1_15' title="bbox 476 1692 2076 1773; baseline -0.01 -12"><span class='ocrx_word' id='word_1_115' title='bbox 476 1724 685 1773; x_wconf 83' lang='lat' dir='ltr'><strong>vocent,</strong></span> <span class='ocrx_word' id='word_1_116' title='bbox 710 1722 775 1762; x_wconf 90' lang='lat' dir='ltr'><strong>ac</strong></span> <span class='ocrx_word' id='word_1_117' title='bbox 800 1706 844 1759; x_wconf 91' lang='lat' dir='ltr'><strong>si</strong></span> <span class='ocrx_word' id='word_1_118' title='bbox 874 1718 1037 1758; x_wconf 89' lang='lat' dir='ltr'><strong>unum</strong></span> <span class='ocrx_word' id='word_1_119' title='bbox 1060 1702 1130 1756; x_wconf 87' lang='lat' dir='ltr'><strong>sit</strong></span> <span class='ocrx_word' id='word_1_120' title='bbox 1154 1715 1370 1771; x_wconf 89' lang='lat' dir='ltr'><strong>corpus.</strong></span> <span class='ocrx_word' id='word_1_121' title='bbox 1406 1698 1697 1769; x_wconf 89' lang='lat' dir='ltr'><strong>Propterea</strong></span> <span class='ocrx_word' id='word_1_122' title='bbox 1723 1704 1777 1750; x_wconf 91' lang='lat' dir='ltr'><strong>et</strong></span> <span class='ocrx_word' id='word_1_123' title='bbox 1807 1694 1896 1765; x_wconf 90' lang='lat' dir='ltr'><strong>qui</strong></span> <span class='ocrx_word' id='word_1_124' title='bbox 1930 1692 2076 1763; x_wconf 88' lang='lat' dir='ltr'><strong>legit,</strong></span> 
     </span>
    </p>
   </div>
   <div class='ocr_carea' id='block_1_16' title="bbox 476 1788 2083 1870">
    <p class='ocr_par' dir='ltr' id='par_1_16' title="bbox 476 1788 2083 1870">
     <span class='ocr_line' id='line_1_16' title="bbox 476 1788 2083 1870; baseline -0.011 -13"><span class='ocrx_word' id='word_1_125' title='bbox 476 1805 624 1858; x_wconf 77' lang='lat' dir='ltr'><strong>Solus</strong></span> <span class='ocrx_word' id='word_1_126' title='bbox 666 1800 937 1870; x_wconf 90' lang='lat' dir='ltr'><strong>loquitur;</strong></span> <span class='ocrx_word' id='word_1_127' title='bbox 971 1806 1024 1851; x_wconf 88' lang='lat' dir='ltr'><strong>et</strong></span> <span class='ocrx_word' id='word_1_128' title='bbox 1054 1797 1099 1851; x_wconf 91' lang='lat' dir='ltr'><strong>is</strong></span> <span class='ocrx_word' id='word_1_129' title='bbox 1122 1796 1212 1865; x_wconf 87' lang='lat' dir='ltr'><strong>qui</strong></span> <span class='ocrx_word' id='word_1_130' title='bbox 1241 1793 1608 1864; x_wconf 86' lang='lat' dir='ltr'><strong>episcopatum</strong></span> <span class='ocrx_word' id='word_1_131' title='bbox 1638 1788 1866 1851; x_wconf 86' lang='lat' dir='ltr'><strong>obtinet,</strong></span> <span class='ocrx_word' id='word_1_132' title='bbox 1898 1792 2083 1840; x_wconf 91' lang='lat' dir='ltr'><strong>manet</strong></span> 
     </span>
    </p>
   </div>
   <div class='ocr_carea' id='block_1_17' title="bbox 478 1874 2081 1960">
    <p class='ocr_par' dir='ltr' id='par_1_17' title="bbox 478 1874 2081 1960">
     <span class='ocr_line' id='line_1_17' title="bbox 478 1874 2081 1960; baseline -0.014 -9"><span class='ocrx_word' id='word_1_133' title='bbox 478 1896 693 1953; x_wconf 88' lang='lat' dir='ltr'><strong>silentio</strong></span> <span class='ocrx_word' id='word_1_134' title='bbox 716 1892 949 1958; x_wconf 85' lang='lat' dir='ltr'><strong>sedens;</strong></span> <span class='ocrx_word' id='word_1_135' title='bbox 988 1900 1041 1947; x_wconf 93' lang='lat' dir='ltr'><strong>et</strong></span> <span class='ocrx_word' id='word_1_136' title='bbox 1071 1892 1115 1943; x_wconf 94' lang='lat' dir='ltr'><strong>is</strong></span> <span class='ocrx_word' id='word_1_137' title='bbox 1144 1887 1233 1960; x_wconf 90' lang='lat' dir='ltr'><strong>qui</strong></span> <span class='ocrx_word' id='word_1_138' title='bbox 1260 1884 1460 1959; x_wconf 85' lang='lat' dir='ltr'><strong>psallit,</strong></span> <span class='ocrx_word' id='word_1_139' title='bbox 1493 1882 1643 1938; x_wconf 90' lang='lat' dir='ltr'><strong>solus</strong></span> <span class='ocrx_word' id='word_1_140' title='bbox 1684 1880 1895 1951; x_wconf 87' lang='lat' dir='ltr'><strong>psallit;</strong></span> <span class='ocrx_word' id='word_1_141' title='bbox 1938 1885 1995 1932; x_wconf 91' lang='lat' dir='ltr'><strong>et</strong></span> <span class='ocrx_word' id='word_1_142' title='bbox 2033 1874 2081 1930; x_wconf 93' lang='lat' dir='ltr'><strong>si</strong></span> 
     </span>
    </p>
   </div>
   <div class='ocr_carea' id='block_1_18' title="bbox 480 1976 2080 2056">
    <p class='ocr_par' dir='ltr' id='par_1_18' title="bbox 480 1976 2080 2056">
     <span class='ocr_line' id='line_1_18' title="bbox 480 1976 2080 2056; baseline -0.014 -12"><span class='ocrx_word' id='word_1_143' title='bbox 480 2002 669 2044; x_wconf 89' lang='lat' dir='ltr'><strong>omnes</strong></span> <span class='ocrx_word' id='word_1_144' title='bbox 696 1983 1077 2056; x_wconf 89' lang='lat' dir='ltr'><strong>respondendo</strong></span> <span class='ocrx_word' id='word_1_145' title='bbox 1097 1987 1373 2044; x_wconf 89' lang='lat' dir='ltr'><strong>resonent,</strong></span> <span class='ocrx_word' id='word_1_146' title='bbox 1398 1993 1500 2032; x_wconf 91' lang='lat' dir='ltr'><strong>vox</strong></span> <span class='ocrx_word' id='word_1_147' title='bbox 1525 1976 1694 2029; x_wconf 77' lang='lat' dir='ltr'><strong>fertur</strong></span> <span class='ocrx_word' id='word_1_148' title='bbox 1717 1983 1986 2041; x_wconf 84' lang='lat' dir='ltr'><strong>tamquam</strong></span> <span class='ocrx_word' id='word_1_149' title='bbox 2014 1984 2080 2024; x_wconf 86' lang='lat' dir='ltr'><strong>ex</strong></span> 
     </span>
    </p>
   </div>
   <div class='ocr_carea' id='block_1_19' title="bbox 479 2060 2085 2147">
    <p class='ocr_par' dir='ltr' id='par_1_19' title="bbox 479 2060 2085 2147">
     <span class='ocr_line' id='line_1_19' title="bbox 479 2060 2085 2147; baseline -0.015 -12"><span class='ocrx_word' id='word_1_150' title='bbox 479 2096 590 2135; x_wconf 89' lang='lat' dir='ltr'><strong>uno</strong></span> <span class='ocrx_word' id='word_1_151' title='bbox 620 2094 744 2146; x_wconf 93' lang='lat' dir='ltr'><strong>ore;</strong></span> <span class='ocrx_word' id='word_1_152' title='bbox 773 2086 829 2134; x_wconf 94' lang='lat' dir='ltr'><strong>et</strong></span> <span class='ocrx_word' id='word_1_153' title='bbox 857 2079 947 2147; x_wconf 88' lang='lat' dir='ltr'><strong>qui</strong></span> <span class='ocrx_word' id='word_1_154' title='bbox 972 2074 1037 2129; x_wconf 89' lang='lat' dir='ltr'><strong>ad</strong></span> <span class='ocrx_word' id='word_1_155' title='bbox 1063 2072 1317 2143; x_wconf 86' lang='lat' dir='ltr'><strong>populum</strong></span> <span class='ocrx_word' id='word_1_156' title='bbox 1344 2067 1509 2123; x_wconf 83' lang='lat' dir='ltr'><strong>verba</strong></span> <span class='ocrx_word' id='word_1_157' title='bbox 1538 2064 1685 2124; x_wconf 89' lang='lat' dir='ltr'><strong>facit.</strong></span> <span class='ocrx_word' id='word_1_158' title='bbox 1715 2062 1865 2117; x_wconf 90' lang='lat' dir='ltr'><strong>solus</strong></span> <span class='ocrx_word' id='word_1_159' title='bbox 1905 2060 2085 2129; x_wconf 78' lang='lat' dir='ltr'><strong>loqui-</strong></span> 
     </span>
    </p>
   </div>
   <div class='ocr_carea' id='block_1_20' title="bbox 482 2149 2086 2236">
    <p class='ocr_par' dir='ltr' id='par_1_20' title="bbox 482 2149 2086 2236">
     <span class='ocr_line' id='line_1_20' title="bbox 482 2149 2086 2236; baseline -0.017 -9"><span class='ocrx_word' id='word_1_160' title='bbox 482 2181 593 2227; x_wconf 89' lang='lat' dir='ltr'><strong>tur.</strong></span> <span class='ocrx_word' id='word_1_161' title='bbox 623 2169 852 2236; x_wconf 79' lang='lat' dir='ltr'><strong>Quando</strong></span> <span class='ocrx_word' id='word_1_162' title='bbox 878 2175 1057 2220; x_wconf 85' lang='lat' dir='ltr'><strong>autem</strong></span> <span class='ocrx_word' id='word_1_163' title='bbox 1087 2160 1243 2217; x_wconf 89' lang='lat' dir='ltr'><strong>multi</strong></span> <span class='ocrx_word' id='word_1_164' title='bbox 1269 2159 1337 2215; x_wconf 92' lang='lat' dir='ltr'><strong>de</strong></span> <span class='ocrx_word' id='word_1_165' title='bbox 1362 2155 1549 2212; x_wconf 90' lang='lat' dir='ltr'><strong>multis</strong></span> <span class='ocrx_word' id='word_1_166' title='bbox 1574 2164 1627 2210; x_wconf 93' lang='lat' dir='ltr'><strong>et</strong></span> <span class='ocrx_word' id='word_1_167' title='bbox 1654 2150 1885 2207; x_wconf 83' lang='lat' dir='ltr'><strong>diversis</strong></span> <span class='ocrx_word' id='word_1_168' title='bbox 1911 2149 2086 2203; x_wconf 86' lang='lat' dir='ltr'><strong>disce-</strong></span> 
     </span>
    </p>
   </div>
   <div class='ocr_carea' id='block_1_21' title="bbox 482 2238 2085 2333">
    <p class='ocr_par' dir='ltr' id='par_1_21' title="bbox 482 2238 2085 2333">
     <span class='ocr_line' id='line_1_21' title="bbox 482 2238 2085 2333; baseline -0.016 -15"><span class='ocrx_word' id='word_1_169' title='bbox 482 2268 659 2333; x_wconf 86' lang='lat' dir='ltr'><strong>plant,</strong></span> <span class='ocrx_word' id='word_1_170' title='bbox 692 2275 788 2313; x_wconf 90' lang='lat' dir='ltr'><strong>cur</strong></span> <span class='ocrx_word' id='word_1_171' title='bbox 818 2256 970 2311; x_wconf 93' lang='lat' dir='ltr'><strong>vobis</strong></span> <span class='ocrx_word' id='word_1_172' title='bbox 997 2252 1195 2311; x_wconf 77' lang='lat' dir='ltr'><strong>frustm</strong></span> <span class='ocrx_word' id='word_1_173' title='bbox 1226 2249 1529 2306; x_wconf 88' lang='lat' dir='ltr'><strong>molestiam</strong></span> <span class='ocrx_word' id='word_1_174' title='bbox 1555 2240 1947 2303; x_wconf 78' lang='lat' dir='ltr'><strong>exhibeamus?</strong></span> <span class='ocrx_word' id='word_1_175' title='bbox 1973 2238 2085 2294; x_wconf 86' lang='lat' dir='ltr'><strong>Nisi</strong></span> 
     </span>
    </p>
   </div>
   <div class='ocr_carea' id='block_1_22' title="bbox 485 2328 2088 2409">
    <p class='ocr_par' dir='ltr' id='par_1_22' title="bbox 485 2328 2088 2409">
     <span class='ocr_line' id='line_1_22' title="bbox 485 2328 2088 2409; baseline -0.017 0"><span class='ocrx_word' id='word_1_176' title='bbox 485 2353 630 2409; x_wconf 91' lang='lat' dir='ltr'><strong>enim</strong></span> <span class='ocrx_word' id='word_1_177' title='bbox 656 2362 857 2405; x_wconf 87' lang='lat' dir='ltr'><strong>temere</strong></span> <span class='ocrx_word' id='word_1_178' title='bbox 884 2362 983 2402; x_wconf 92' lang='lat' dir='ltr'><strong>nos</strong></span> <span class='ocrx_word' id='word_1_179' title='bbox 1007 2344 1251 2401; x_wconf 84' lang='lat' dir='ltr'><strong>molestia</strong></span> <span class='ocrx_word' id='word_1_180' title='bbox 1278 2342 1495 2398; x_wconf 83' lang='lat' dir='ltr'><strong>afficere</strong></span> <span class='ocrx_word' id='word_1_181' title='bbox 1526 2334 1806 2408; x_wconf 83' lang='lat' dir='ltr'><strong>putaretis,</strong></span> <span class='ocrx_word' id='word_1_182' title='bbox 1836 2330 1991 2385; x_wconf 89' lang='lat' dir='ltr'><strong>nobis</strong></span> <span class='ocrx_word' id='word_1_183' title='bbox 2020 2328 2088 2383; x_wconf 90' lang='lat' dir='ltr'><strong>de</strong></span> 
     </span>
    </p>
   </div>
   <div class='ocr_carea' id='block_1_23' title="bbox 489 2421 2090 2509">
    <p class='ocr_par' dir='ltr' id='par_1_23' title="bbox 489 2421 2090 2509">
     <span class='ocr_line' id='line_1_23' title="bbox 489 2421 2090 2509; baseline -0.016 -11"><span class='ocrx_word' id='word_1_184' title='bbox 489 2450 654 2500; x_wconf 88' lang='lat' dir='ltr'><strong>tantis</strong></span> <span class='ocrx_word' id='word_1_185' title='bbox 702 2443 863 2497; x_wconf 91' lang='lat' dir='ltr'><strong>rebus</strong></span> <span class='ocrx_word' id='word_1_186' title='bbox 905 2436 1269 2509; x_wconf 86' lang='lat' dir='ltr'><strong>loquentibus,</strong></span> <span class='ocrx_word' id='word_1_187' title='bbox 1299 2433 1369 2489; x_wconf 91' lang='lat' dir='ltr'><strong>de</strong></span> <span class='ocrx_word' id='word_1_188' title='bbox 1410 2432 1476 2488; x_wconf 90' lang='lat' dir='ltr'><strong>iis</strong></span> <span class='ocrx_word' id='word_1_189' title='bbox 1516 2443 1637 2500; x_wconf 78' lang='lat' dir='ltr'><strong>qua:</strong></span> <span class='ocrx_word' id='word_1_190' title='bbox 1680 2424 1811 2481; x_wconf 87' lang='lat' dir='ltr'><strong>nihil</strong></span> <span class='ocrx_word' id='word_1_191' title='bbox 1860 2421 2090 2477; x_wconf 89' lang='lat' dir='ltr'><strong>attinent</strong></span> 
     </span>
    </p>
   </div>
   <div class='ocr_carea' id='block_1_24' title="bbox 488 2511 2090 2605">
    <p class='ocr_par' dir='ltr' id='par_1_24' title="bbox 488 2511 2090 2605">
     <span class='ocr_line' id='line_1_24' title="bbox 488 2511 2090 2605; baseline -0.017 -11"><span class='ocrx_word' id='word_1_192' title='bbox 488 2552 595 2596; x_wconf 85' lang='lat' dir='ltr'><strong>non</strong></span> <span class='ocrx_word' id='word_1_193' title='bbox 646 2530 1027 2605; x_wconf 89' lang='lat' dir='ltr'><strong>loqueremini.</strong></span> <span class='ocrx_word' id='word_1_194' title='bbox 1078 2528 1371 2598; x_wconf 78' lang='lat' dir='ltr'><strong>PrOpterea</strong></span> <span class='ocrx_word' id='word_1_195' title='bbox 1396 2537 1504 2579; x_wconf 91' lang='lat' dir='ltr'><strong>non</strong></span> <span class='ocrx_word' id='word_1_196' title='bbox 1536 2522 1589 2576; x_wconf 92' lang='lat' dir='ltr'><strong>in</strong></span> <span class='ocrx_word' id='word_1_197' title='bbox 1614 2520 1722 2574; x_wconf 90' lang='lat' dir='ltr'><strong>vita</strong></span> <span class='ocrx_word' id='word_1_198' title='bbox 1752 2515 1926 2572; x_wconf 88' lang='lat' dir='ltr'><strong>solum</strong></span> <span class='ocrx_word' id='word_1_199' title='bbox 1949 2554 1965 2580; x_wconf 92' lang='lat'><strong>,</strong></span> <span class='ocrx_word' id='word_1_200' title='bbox 1993 2511 2090 2568; x_wconf 91' lang='lat' dir='ltr'><strong>sed</strong></span> 
     </span>
    </p>
   </div>
   <div class='ocr_carea' id='block_1_25' title="bbox 488 2604 2086 2695">
    <p class='ocr_par' dir='ltr' id='par_1_25' title="bbox 488 2604 2086 2695">
     <span class='ocr_line' id='line_1_25' title="bbox 488 2604 2086 2695; baseline -0.019 -11"><span class='ocrx_word' id='word_1_201' title='bbox 488 2638 544 2684; x_wconf 91' lang='lat' dir='ltr'><strong>et</strong></span> <span class='ocrx_word' id='word_1_202' title='bbox 572 2629 625 2682; x_wconf 91' lang='lat' dir='ltr'><strong>in</strong></span> <span class='ocrx_word' id='word_1_203' title='bbox 654 2628 767 2695; x_wconf 86' lang='lat' dir='ltr'><strong>ipsa</strong></span> <span class='ocrx_word' id='word_1_204' title='bbox 796 2637 976 2677; x_wconf 89' lang='lat' dir='ltr'><strong>rerutn</strong></span> <span class='ocrx_word' id='word_1_205' title='bbox 1003 2617 1402 2675; x_wconf 87' lang='lat' dir='ltr'><strong>existimatione</strong></span> <span class='ocrx_word' id='word_1_206' title='bbox 1434 2627 1625 2685; x_wconf 88' lang='lat' dir='ltr'><strong>magna</strong></span> <span class='ocrx_word' id='word_1_207' title='bbox 1652 2618 1737 2667; x_wconf 89' lang='lat' dir='ltr'><strong>est</strong></span> <span class='ocrx_word' id='word_1_208' title='bbox 1766 2604 2043 2679; x_wconf 88' lang='lat' dir='ltr'><strong>perversio</strong></span> <span class='ocrx_word' id='word_1_209' title='bbox 2073 2619 2086 2654; x_wconf 91' lang='lat'><strong>:</strong></span> 
     </span>
    </p>
   </div>
   <div class='ocr_carea' id='block_1_26' title="bbox 488 2696 2093 2789">
    <p class='ocr_par' dir='ltr' id='par_1_26' title="bbox 488 2696 2093 2789">
     <span class='ocr_line' id='line_1_26' title="bbox 488 2696 2093 2789; baseline -0.019 -13"><span class='ocrx_word' id='word_1_210' title='bbox 488 2721 555 2777; x_wconf 87' lang='lat' dir='ltr'><strong>ad</strong></span> <span class='ocrx_word' id='word_1_211' title='bbox 584 2735 646 2774; x_wconf 80' lang='lat' dir='ltr'><strong>ea</strong></span> <span class='ocrx_word' id='word_1_212' title='bbox 673 2716 872 2789; x_wconf 89' lang='lat' dir='ltr'><strong>quippe</strong></span> <span class='ocrx_word' id='word_1_213' title='bbox 898 2728 1017 2785; x_wconf 60' lang='lat' dir='ltr'><strong>quae</strong></span> <span class='ocrx_word' id='word_1_214' title='bbox 1041 2722 1165 2772; x_wconf 87' lang='lat' dir='ltr'><strong>sunt</strong></span> <span class='ocrx_word' id='word_1_215' title='bbox 1192 2707 1465 2779; x_wconf 83' lang='lat' dir='ltr'><strong>superﬂua</strong></span> <span class='ocrx_word' id='word_1_216' title='bbox 1497 2702 1715 2761; x_wconf 84' lang='lat' dir='ltr'><strong>inhiatis</strong></span> <span class='ocrx_word' id='word_1_217' title='bbox 1740 2741 1756 2767; x_wconf 90' lang='lat'><strong>,</strong></span> <span class='ocrx_word' id='word_1_218' title='bbox 1783 2696 2093 2753; x_wconf 86' lang='lat' dir='ltr'><strong>veritatem-</strong></span> 
     </span>
    </p>
   </div>
   <div class='ocr_carea' id='block_1_27' title="bbox 489 2788 1983 2891">
    <p class='ocr_par' dir='ltr' id='par_1_27' title="bbox 489 2788 1983 2891">
     <span class='ocr_line' id='line_1_27' title="bbox 489 2788 1983 2891; baseline -0.018 -24"><span class='ocrx_word' id='word_1_219' title='bbox 489 2830 595 2891; x_wconf 86' lang='lat' dir='ltr'><strong>que</strong></span> <span class='ocrx_word' id='word_1_220' title='bbox 622 2788 974 2874; x_wconf 88' lang='lat' dir='ltr'><strong>dimittentes,</strong></span> <span class='ocrx_word' id='word_1_221' title='bbox 1008 2804 1230 2861; x_wconf 90' lang='lat' dir='ltr'><strong>umbras</strong></span> <span class='ocrx_word' id='word_1_222' title='bbox 1255 2810 1310 2857; x_wconf 90' lang='lat' dir='ltr'><strong>et</strong></span> <span class='ocrx_word' id='word_1_223' title='bbox 1336 2800 1543 2853; x_wconf 88' lang='lat' dir='ltr'><strong>somnia</strong></span> <span class='ocrx_word' id='word_1_224' title='bbox 1576 2788 1983 2865; x_wconf 87' lang='lat' dir='ltr'><strong>persequimini.</strong></span> 
     </span>
    </p>
   </div>
   <div class='ocr_carea' id='block_1_28' title="bbox 565 2883 2094 2961">
    <p class='ocr_par' dir='ltr' id='par_1_28' title="bbox 565 2883 2094 2961">
     <span class='ocr_line' id='line_1_28' title="bbox 565 2883 2094 2961; baseline -0.02 0"><span class='ocrx_word' id='word_1_225' title='bbox 565 2906 868 2961; x_wconf 75' lang='lat' dir='ltr'><strong>Diuitiarum</strong></span> <span class='ocrx_word' id='word_1_226' title='bbox 895 2900 1111 2955; x_wconf 83' lang='lat' dir='ltr'><strong>vanitas.</strong></span> <span class='ocrx_word' id='word_1_227' title='bbox 1138 2899 1415 2952; x_wconf 81' lang='lat' dir='ltr'><strong>—-Annon</strong></span> <span class='ocrx_word' id='word_1_228' title='bbox 1439 2891 1626 2947; x_wconf 90' lang='lat' dir='ltr'><strong>umbra</strong></span> <span class='ocrx_word' id='word_1_229' title='bbox 1658 2898 1711 2942; x_wconf 90' lang='lat' dir='ltr'><strong>et</strong></span> <span class='ocrx_word' id='word_1_230' title='bbox 1737 2883 1944 2941; x_wconf 90' lang='lat' dir='ltr'><strong>somnia</strong></span> <span class='ocrx_word' id='word_1_231' title='bbox 1970 2886 2094 2934; x_wconf 84' lang='lat' dir='ltr'><strong>sunt</strong></span> 
     </span>
    </p>
   </div>
   <div class='ocr_carea' id='block_1_29' title="bbox 495 2969 2096 3068">
    <p class='ocr_par' dir='ltr' id='par_1_29' title="bbox 495 2969 2096 3068">
     <span class='ocr_line' id='line_1_29' title="bbox 495 2969 2096 3068; baseline -0.021 -12"><span class='ocrx_word' id='word_1_232' title='bbox 495 2999 675 3056; x_wconf 84' lang='lat' dir='ltr'><strong>omnia</strong></span> <span class='ocrx_word' id='word_1_233' title='bbox 708 2993 1015 3068; x_wconf 69' lang='lat' dir='ltr'><strong>prmsentia,</strong></span> <span class='ocrx_word' id='word_1_234' title='bbox 1048 2999 1102 3046; x_wconf 94' lang='lat' dir='ltr'><strong>et</strong></span> <span class='ocrx_word' id='word_1_235' title='bbox 1132 2988 1318 3046; x_wconf 90' lang='lat' dir='ltr'><strong>umbra</strong></span> <span class='ocrx_word' id='word_1_236' title='bbox 1341 2983 1611 3041; x_wconf 88' lang='lat' dir='ltr'><strong>deteriora</strong></span> <span class='ocrx_word' id='word_1_237' title='bbox 1639 2980 1663 3033; x_wconf 83' lang='lat'><strong>?</strong></span> <span class='ocrx_word' id='word_1_238' title='bbox 1690 2978 1899 3033; x_wconf 89' lang='lat' dir='ltr'><strong>Etenim</strong></span> <span class='ocrx_word' id='word_1_239' title='bbox 1921 2969 2096 3041; x_wconf 89' lang='lat' dir='ltr'><strong>prius-</strong></span> 
     </span>
    </p>
   </div>
   <div class='ocr_carea' id='block_1_30' title="bbox 499 3064 2093 3164">
    <p class='ocr_par' dir='ltr' id='par_1_30' title="bbox 499 3064 2093 3164">
     <span class='ocr_line' id='line_1_30' title="bbox 499 3064 2093 3164; baseline -0.02 -17"><span class='ocrx_word' id='word_1_240' title='bbox 499 3108 658 3164; x_wconf 87' lang='lat' dir='ltr'><strong>quam</strong></span> <span class='ocrx_word' id='word_1_241' title='bbox 690 3064 1024 3161; x_wconf 79' lang='lat' dir='ltr'><strong>appareant,</strong></span> <span class='ocrx_word' id='word_1_242' title='bbox 1065 3082 1362 3145; x_wconf 89' lang='lat' dir='ltr'><strong>recedunt;</strong></span> <span class='ocrx_word' id='word_1_243' title='bbox 1394 3087 1447 3133; x_wconf 89' lang='lat' dir='ltr'><strong>et</strong></span> <span class='ocrx_word' id='word_1_244' title='bbox 1485 3076 1798 3148; x_wconf 85' lang='lat' dir='ltr'><strong>priusquam</strong></span> <span class='ocrx_word' id='word_1_245' title='bbox 1829 3064 2047 3120; x_wconf 88' lang='lat' dir='ltr'><strong>avolent</strong></span> <span class='ocrx_word' id='word_1_246' title='bbox 2077 3101 2093 3127; x_wconf 88' lang='lat'><strong>,</strong></span> 
     </span>
    </p>
   </div>
   <div class='ocr_carea' id='block_1_31' title="bbox 1183 385 3010 448">
    <p class='ocr_par' dir='ltr' id='par_1_31' title="bbox 1183 385 3010 448">
     <span class='ocr_line' id='line_1_31' title="bbox 1183 385 3010 448; baseline -0.003 -1"><span class='ocrx_word' id='word_1_247' title='bbox 1183 392 1237 448; x_wconf 75' lang='lat'><strong>5.</strong></span> <span class='ocrx_word' id='word_1_248' title='bbox 1279 390 1558 447; x_wconf 76' lang='lat' dir='ltr'><strong>JOANNIS</strong></span> <span class='ocrx_word' id='word_1_249' title='bbox 1596 385 2076 446; x_wconf 74' lang='lat' dir='ltr'><strong>CllRYSOSTOMI</strong></span> <span class='ocrx_word' id='word_1_250' title='bbox 2105 389 2429 446; x_wconf 42' lang='lat' dir='ltr'><strong>&#39;ARCHIEP.</strong></span> <span class='ocrx_word' id='word_1_251' title='bbox 2470 386 3010 445; x_wconf 73' lang='lat' dir='ltr'><strong>CONSTANTINOP.</strong></span> 
     </span>
    </p>
   </div>
   <div class='ocr_carea' id='block_1_32' title="bbox 3669 386 3775 445">
    <p class='ocr_par' dir='ltr' id='par_1_32' title="bbox 3669 386 3775 445">
     <span class='ocr_line' id='line_1_32' title="bbox 3669 386 3775 445; baseline -0.019 0"><span class='ocrx_word' id='word_1_252' title='bbox 3669 386 3775 445; x_wconf 76' lang='lat' dir='ltr'><strong>3l6</strong></span> 
     </span>
    </p>
   </div>
   <div class='ocr_carea' id='block_1_33' title="bbox 2181 500 3772 575">
    <p class='ocr_par' dir='ltr' id='par_1_33' title="bbox 2181 500 3772 575">
     <span class='ocr_line' id='line_1_33' title="bbox 2181 500 3772 575; baseline -0.003 -14"><span class='ocrx_word' id='word_1_253' title='bbox 2181 520 2429 575; x_wconf 78' lang='lat' dir='ltr'><strong>magnam</strong></span> <span class='ocrx_word' id='word_1_254' title='bbox 2470 504 2729 561; x_wconf 88' lang='lat' dir='ltr'><strong>exhibent</strong></span> <span class='ocrx_word' id='word_1_255' title='bbox 2771 503 3269 574; x_wconf 88' lang='lat' dir='ltr'><strong>perturbationem,</strong></span> <span class='ocrx_word' id='word_1_256' title='bbox 3303 510 3359 556; x_wconf 91' lang='lat' dir='ltr'><strong>et</strong></span> <span class='ocrx_word' id='word_1_257' title='bbox 3390 500 3648 573; x_wconf 83' lang='lat' dir='ltr'><strong>majorem</strong></span> <span class='ocrx_word' id='word_1_258' title='bbox 3688 505 3772 558; x_wconf 88' lang='lat' dir='ltr'><strong>illa</strong></span> 
     </span>
    </p>
   </div>
   <div class='ocr_carea' id='block_1_34' title="bbox 2182 590 3778 668">
    <p class='ocr_par' dir='ltr' id='par_1_34' title="bbox 2182 590 3778 668">
     <span class='ocr_line' id='line_1_34' title="bbox 2182 590 3778 668; baseline -0.001 -16"><span class='ocrx_word' id='word_1_259' title='bbox 2182 598 2474 668; x_wconf 82' lang='lat' dir='ltr'><strong>voluptate.</strong></span> <span class='ocrx_word' id='word_1_260' title='bbox 2504 595 2574 652; x_wconf 88' lang='lat' dir='ltr'><strong>Et</strong></span> <span class='ocrx_word' id='word_1_261' title='bbox 2600 596 2647 652; x_wconf 86' lang='lat' dir='ltr'><strong>si</strong></span> <span class='ocrx_word' id='word_1_262' title='bbox 2674 594 2762 651; x_wconf 85' lang='lat' dir='ltr'><strong>hic</strong></span> <span class='ocrx_word' id='word_1_263' title='bbox 2790 595 3209 651; x_wconf 81' lang='lat' dir='ltr'><strong>innumerabiles</strong></span> <span class='ocrx_word' id='word_1_264' title='bbox 3238 605 3488 667; x_wconf 85' lang='lat' dir='ltr'><strong>acceptas</strong></span> <span class='ocrx_word' id='word_1_265' title='bbox 3528 590 3778 651; x_wconf 65' lang='lat' dir='ltr'><strong>infoderit</strong></span> 
     </span>
    </p>
   </div>
   <div class='ocr_carea' id='block_1_35' title="bbox 2182 686 3769 758">
    <p class='ocr_par' dir='ltr' id='par_1_35' title="bbox 2182 686 3769 758">
     <span class='ocr_line' id='line_1_35' title="bbox 2182 686 3769 758; baseline -0.001 -14"><span class='ocrx_word' id='word_1_266' title='bbox 2182 689 2437 758; x_wconf 86' lang='lat' dir='ltr'><strong>pecunias</strong></span> <span class='ocrx_word' id='word_1_267' title='bbox 2454 731 2470 756; x_wconf 95' lang='lat'><strong>,</strong></span> <span class='ocrx_word' id='word_1_268' title='bbox 2492 702 2616 745; x_wconf 90' lang='lat' dir='ltr'><strong>eum</strong></span> <span class='ocrx_word' id='word_1_269' title='bbox 2644 702 2751 744; x_wconf 87' lang='lat' dir='ltr'><strong>nox</strong></span> <span class='ocrx_word' id='word_1_270' title='bbox 2784 686 3101 757; x_wconf 70' lang='lat' dir='ltr'><strong>prteterierit</strong></span> <span class='ocrx_word' id='word_1_271' title='bbox 3120 726 3137 753; x_wconf 90' lang='lat'><strong>,</strong></span> <span class='ocrx_word' id='word_1_272' title='bbox 3167 687 3292 742; x_wconf 88' lang='lat' dir='ltr'><strong>hinc</strong></span> <span class='ocrx_word' id='word_1_273' title='bbox 3318 687 3493 743; x_wconf 90' lang='lat' dir='ltr'><strong>nudus</strong></span> <span class='ocrx_word' id='word_1_274' title='bbox 3518 688 3725 744; x_wconf 85' lang='lat' dir='ltr'><strong>recedit</strong></span> <span class='ocrx_word' id='word_1_275' title='bbox 3756 706 3769 751; x_wconf 86' lang='lat'><strong>;</strong></span> 
     </span>
    </p>
   </div>
   <div class='ocr_carea' id='block_1_36' title="bbox 2181 781 3780 854">
    <p class='ocr_par' dir='ltr' id='par_1_36' title="bbox 2181 781 3780 854">
     <span class='ocr_line' id='line_1_36' title="bbox 2181 781 3780 854; baseline 0.002 -16"><span class='ocrx_word' id='word_1_276' title='bbox 2181 791 2235 838; x_wconf 90' lang='lat' dir='ltr'><strong>et</strong></span> <span class='ocrx_word' id='word_1_277' title='bbox 2262 783 2478 839; x_wconf 91' lang='lat' dir='ltr'><strong>merito.</strong></span> <span class='ocrx_word' id='word_1_278' title='bbox 2506 782 2721 839; x_wconf 86' lang='lat' dir='ltr'><strong>Namet</strong></span> <span class='ocrx_word' id='word_1_279' title='bbox 2745 781 2834 854; x_wconf 88' lang='lat' dir='ltr'><strong>qui</strong></span> <span class='ocrx_word' id='word_1_280' title='bbox 2868 782 2924 837; x_wconf 93' lang='lat' dir='ltr'><strong>in</strong></span> <span class='ocrx_word' id='word_1_281' title='bbox 2952 782 3159 837; x_wconf 83' lang='lat' dir='ltr'><strong>somnis</strong></span> <span class='ocrx_word' id='word_1_282' title='bbox 3187 791 3313 837; x_wconf 77' lang='lat' dir='ltr'><strong>sunt</strong></span> <span class='ocrx_word' id='word_1_283' title='bbox 3335 783 3561 851; x_wconf 80' lang='lat' dir='ltr'><strong>divites,</strong></span> <span class='ocrx_word' id='word_1_284' title='bbox 3593 799 3715 840; x_wconf 91' lang='lat' dir='ltr'><strong>cum</strong></span> <span class='ocrx_word' id='word_1_285' title='bbox 3746 799 3780 841; x_wconf 90' lang='lat' dir='ltr'><strong>e</strong></span> 
     </span>
    </p>
   </div>
   <div class='ocr_carea' id='block_1_37' title="bbox 2181 873 3781 945">
    <p class='ocr_par' dir='ltr' id='par_1_37' title="bbox 2181 873 3781 945">
     <span class='ocr_line' id='line_1_37' title="bbox 2181 873 3781 945; baseline -0.001 -15"><span class='ocrx_word' id='word_1_286' title='bbox 2181 876 2345 930; x_wconf 90' lang='lat' dir='ltr'><strong>cubili</strong></span> <span class='ocrx_word' id='word_1_287' title='bbox 2375 875 2733 941; x_wconf 80' lang='lat' dir='ltr'><strong>surrexerint,</strong></span> <span class='ocrx_word' id='word_1_288' title='bbox 2760 873 2894 929; x_wconf 92' lang='lat' dir='ltr'><strong>nihil</strong></span> <span class='ocrx_word' id='word_1_289' title='bbox 2920 873 3119 931; x_wconf 78' lang='lat' dir='ltr'><strong>habent</strong></span> <span class='ocrx_word' id='word_1_290' title='bbox 3134 889 3200 929; x_wconf 91' lang='lat' dir='ltr'><strong>ex</strong></span> <span class='ocrx_word' id='word_1_291' title='bbox 3222 873 3289 928; x_wconf 88' lang='lat' dir='ltr'><strong>iis</strong></span> <span class='ocrx_word' id='word_1_292' title='bbox 3314 889 3433 945; x_wconf 86' lang='lat' dir='ltr'><strong>quae</strong></span> <span class='ocrx_word' id='word_1_293' title='bbox 3460 875 3781 931; x_wconf 83' lang='lat' dir='ltr'><strong>videbantur</strong></span> 
     </span>
    </p>
   </div>
   <div class='ocr_carea' id='block_1_38' title="bbox 2183 965 3782 1037">
    <p class='ocr_par' dir='ltr' id='par_1_38' title="bbox 2183 965 3782 1037">
     <span class='ocr_line' id='line_1_38' title="bbox 2183 965 3782 1037; baseline 0 -16"><span class='ocrx_word' id='word_1_294' title='bbox 2183 966 2382 1023; x_wconf 90' lang='lat' dir='ltr'><strong>habere</strong></span> <span class='ocrx_word' id='word_1_295' title='bbox 2412 967 2746 1022; x_wconf 85' lang='lat' dir='ltr'><strong>dormientes</strong></span> <span class='ocrx_word' id='word_1_296' title='bbox 2776 986 2790 1022; x_wconf 87' lang='lat'><strong>:</strong></span> <span class='ocrx_word' id='word_1_297' title='bbox 2822 966 2893 1022; x_wconf 89' lang='lat' dir='ltr'><strong>ita</strong></span> <span class='ocrx_word' id='word_1_298' title='bbox 2922 966 3087 1021; x_wconf 91' lang='lat' dir='ltr'><strong>etiam</strong></span> <span class='ocrx_word' id='word_1_299' title='bbox 3126 965 3274 1021; x_wconf 88' lang='lat' dir='ltr'><strong>avari</strong></span> <span class='ocrx_word' id='word_1_300' title='bbox 3304 975 3361 1021; x_wconf 92' lang='lat' dir='ltr'><strong>et</strong></span> <span class='ocrx_word' id='word_1_301' title='bbox 3386 967 3478 1036; x_wconf 91' lang='lat' dir='ltr'><strong>qui</strong></span> <span class='ocrx_word' id='word_1_302' title='bbox 3508 966 3661 1037; x_wconf 90' lang='lat' dir='ltr'><strong>plura</strong></span> <span class='ocrx_word' id='word_1_303' title='bbox 3684 967 3782 1022; x_wconf 87' lang='lat' dir='ltr'><strong>ha—</strong></span> 
     </span>
    </p>
   </div>
   <div class='ocr_carea' id='block_1_39' title="bbox 2184 1056 3781 1129">
    <p class='ocr_par' dir='ltr' id='par_1_39' title="bbox 2184 1056 3781 1129">
     <span class='ocr_line' id='line_1_39' title="bbox 2184 1056 3781 1129; baseline 0 -16"><span class='ocrx_word' id='word_1_304' title='bbox 2184 1057 2342 1113; x_wconf 90' lang='lat' dir='ltr'><strong>bendi</strong></span> <span class='ocrx_word' id='word_1_305' title='bbox 2389 1058 2640 1114; x_wconf 86' lang='lat' dir='ltr'><strong>laborant</strong></span> <span class='ocrx_word' id='word_1_306' title='bbox 2680 1056 3012 1129; x_wconf 87' lang='lat' dir='ltr'><strong>cupiditate;</strong></span> <span class='ocrx_word' id='word_1_307' title='bbox 3047 1056 3157 1113; x_wconf 87' lang='lat' dir='ltr'><strong>imo</strong></span> <span class='ocrx_word' id='word_1_308' title='bbox 3203 1071 3334 1112; x_wconf 91' lang='lat' dir='ltr'><strong>vero</strong></span> <span class='ocrx_word' id='word_1_309' title='bbox 3380 1072 3489 1112; x_wconf 90' lang='lat' dir='ltr'><strong>non</strong></span> <span class='ocrx_word' id='word_1_310' title='bbox 3535 1058 3606 1112; x_wconf 86' lang='lat' dir='ltr'><strong>ita</strong></span> <span class='ocrx_word' id='word_1_311' title='bbox 3638 1100 3653 1123; x_wconf 92' lang='lat'><strong>,</strong></span> <span class='ocrx_word' id='word_1_312' title='bbox 3684 1057 3781 1113; x_wconf 86' lang='lat' dir='ltr'><strong>sed</strong></span> 
     </span>
    </p>
   </div>
   <div class='ocr_carea' id='block_1_40' title="bbox 2185 1148 3781 1223">
    <p class='ocr_par' dir='ltr' id='par_1_40' title="bbox 2185 1148 3781 1223">
     <span class='ocr_line' id='line_1_40' title="bbox 2185 1148 3781 1223; baseline -0.001 -18"><span class='ocrx_word' id='word_1_313' title='bbox 2185 1150 2365 1223; x_wconf 76' lang='lat' dir='ltr'><strong>longe</strong></span> <span class='ocrx_word' id='word_1_314' title='bbox 2385 1150 2560 1221; x_wconf 85' lang='lat' dir='ltr'><strong>pejus.</strong></span> <span class='ocrx_word' id='word_1_315' title='bbox 2595 1148 2729 1205; x_wconf 87' lang='lat' dir='ltr'><strong>Nam</strong></span> <span class='ocrx_word' id='word_1_316' title='bbox 2771 1150 2863 1219; x_wconf 88' lang='lat' dir='ltr'><strong>qui</strong></span> <span class='ocrx_word' id='word_1_317' title='bbox 2894 1150 2948 1203; x_wconf 93' lang='lat' dir='ltr'><strong>in</strong></span> <span class='ocrx_word' id='word_1_318' title='bbox 2982 1149 3190 1205; x_wconf 89' lang='lat' dir='ltr'><strong>somnis</strong></span> <span class='ocrx_word' id='word_1_319' title='bbox 3218 1148 3437 1219; x_wconf 88' lang='lat' dir='ltr'><strong>quidem</strong></span> <span class='ocrx_word' id='word_1_320' title='bbox 3469 1157 3552 1204; x_wconf 92' lang='lat' dir='ltr'><strong>est</strong></span> <span class='ocrx_word' id='word_1_321' title='bbox 3577 1148 3735 1205; x_wconf 85' lang='lat' dir='ltr'><strong>dives</strong></span> <span class='ocrx_word' id='word_1_322' title='bbox 3764 1190 3781 1217; x_wconf 94' lang='lat'><strong>,</strong></span> 
     </span>
    </p>
   </div>
   <div class='ocr_carea' id='block_1_41' title="bbox 2186 1240 3787 1314">
    <p class='ocr_par' dir='ltr' id='par_1_41' title="bbox 2186 1240 3787 1314">
     <span class='ocr_line' id='line_1_41' title="bbox 2186 1240 3787 1314; baseline -0.003 -15"><span class='ocrx_word' id='word_1_323' title='bbox 2186 1258 2361 1314; x_wconf 90' lang='lat' dir='ltr'><strong>neque</strong></span> <span class='ocrx_word' id='word_1_324' title='bbox 2391 1242 2551 1298; x_wconf 86' lang='lat' dir='ltr'><strong>habet</strong></span> <span class='ocrx_word' id='word_1_325' title='bbox 2581 1241 2842 1311; x_wconf 89' lang='lat' dir='ltr'><strong>pecunias</strong></span> <span class='ocrx_word' id='word_1_326' title='bbox 2865 1255 3002 1310; x_wconf 91' lang='lat' dir='ltr'><strong>quas</strong></span> <span class='ocrx_word' id='word_1_327' title='bbox 3033 1241 3087 1295; x_wconf 91' lang='lat' dir='ltr'><strong>in</strong></span> <span class='ocrx_word' id='word_1_328' title='bbox 3124 1240 3331 1296; x_wconf 90' lang='lat' dir='ltr'><strong>visione</strong></span> <span class='ocrx_word' id='word_1_329' title='bbox 3358 1255 3418 1295; x_wconf 90' lang='lat' dir='ltr'><strong>se</strong></span> <span class='ocrx_word' id='word_1_330' title='bbox 3445 1240 3667 1310; x_wconf 86' lang='lat' dir='ltr'><strong>putabat</strong></span> <span class='ocrx_word' id='word_1_331' title='bbox 3692 1240 3787 1296; x_wconf 91' lang='lat' dir='ltr'><strong>ba-</strong></span> 
     </span>
    </p>
   </div>
   <div class='ocr_carea' id='block_1_42' title="bbox 2186 1332 3789 1405">
    <p class='ocr_par' dir='ltr' id='par_1_42' title="bbox 2186 1332 3789 1405">
     <span class='ocr_line' id='line_1_42' title="bbox 2186 1332 3789 1405; baseline -0.002 -15"><span class='ocrx_word' id='word_1_332' title='bbox 2186 1335 2317 1390; x_wconf 89' lang='lat' dir='ltr'><strong>bere</strong></span> <span class='ocrx_word' id='word_1_333' title='bbox 2335 1375 2352 1401; x_wconf 91' lang='lat'><strong>,</strong></span> <span class='ocrx_word' id='word_1_334' title='bbox 2372 1350 2548 1405; x_wconf 85' lang='lat' dir='ltr'><strong>neque</strong></span> <span class='ocrx_word' id='word_1_335' title='bbox 2576 1334 2685 1389; x_wconf 90' lang='lat' dir='ltr'><strong>alio</strong></span> <span class='ocrx_word' id='word_1_336' title='bbox 2715 1333 2969 1403; x_wconf 86' lang='lat' dir='ltr'><strong>quopiam</strong></span> <span class='ocrx_word' id='word_1_337' title='bbox 2992 1333 3135 1388; x_wconf 89' lang='lat' dir='ltr'><strong>malo</strong></span> <span class='ocrx_word' id='word_1_338' title='bbox 3158 1332 3227 1387; x_wconf 90' lang='lat' dir='ltr'><strong>ab</strong></span> <span class='ocrx_word' id='word_1_339' title='bbox 3258 1332 3362 1387; x_wconf 90' lang='lat' dir='ltr'><strong>hac</strong></span> <span class='ocrx_word' id='word_1_340' title='bbox 3394 1332 3601 1388; x_wconf 89' lang='lat' dir='ltr'><strong>visione</strong></span> <span class='ocrx_word' id='word_1_341' title='bbox 3629 1347 3789 1388; x_wconf 84' lang='lat' dir='ltr'><strong>acce-</strong></span> 
     </span>
    </p>
   </div>
   <div class='ocr_carea' id='block_1_43' title="bbox 2185 1424 3785 1499">
    <p class='ocr_par' dir='ltr' id='par_1_43' title="bbox 2185 1424 3785 1499">
     <span class='ocr_line' id='line_1_43' title="bbox 2185 1424 3785 1499; baseline -0.002 -18"><span class='ocrx_word' id='word_1_342' title='bbox 2185 1437 2301 1499; x_wconf 88' lang='lat' dir='ltr'><strong>pto,</strong></span> <span class='ocrx_word' id='word_1_343' title='bbox 2321 1428 2529 1497; x_wconf 79' lang='lat' dir='ltr'><strong>surgit:</strong></span> <span class='ocrx_word' id='word_1_344' title='bbox 2558 1427 2661 1482; x_wconf 92' lang='lat' dir='ltr'><strong>iste</strong></span> <span class='ocrx_word' id='word_1_345' title='bbox 2684 1436 2891 1492; x_wconf 92' lang='lat' dir='ltr'><strong>autem,</strong></span> <span class='ocrx_word' id='word_1_346' title='bbox 2912 1426 3155 1495; x_wconf 90' lang='lat' dir='ltr'><strong>pecuniis</strong></span> <span class='ocrx_word' id='word_1_347' title='bbox 3178 1425 3395 1497; x_wconf 90' lang='lat' dir='ltr'><strong>quidem</strong></span> <span class='ocrx_word' id='word_1_348' title='bbox 3418 1434 3503 1481; x_wconf 91' lang='lat' dir='ltr'><strong>est</strong></span> <span class='ocrx_word' id='word_1_349' title='bbox 3522 1424 3785 1495; x_wconf 85' lang='lat' dir='ltr'><strong>privatus,</strong></span> 
     </span>
    </p>
   </div>
   <div class='ocr_carea' id='block_1_44' title="bbox 2188 1515 3777 1589">
    <p class='ocr_par' dir='ltr' id='par_1_44' title="bbox 2188 1515 3777 1589">
     <span class='ocr_line' id='line_1_44' title="bbox 2188 1515 3777 1589; baseline -0.003 -15"><span class='ocrx_word' id='word_1_350' title='bbox 2188 1519 2421 1589; x_wconf 87' lang='lat' dir='ltr'><strong>peccatis</strong></span> <span class='ocrx_word' id='word_1_351' title='bbox 2447 1527 2629 1573; x_wconf 90' lang='lat' dir='ltr'><strong>autem</strong></span> <span class='ocrx_word' id='word_1_352' title='bbox 2667 1532 2788 1588; x_wconf 80' lang='lat' dir='ltr'><strong>qua:</strong></span> <span class='ocrx_word' id='word_1_353' title='bbox 2816 1530 2884 1572; x_wconf 85' lang='lat' dir='ltr'><strong>ex</strong></span> <span class='ocrx_word' id='word_1_354' title='bbox 2916 1516 3157 1585; x_wconf 87' lang='lat' dir='ltr'><strong>pecuniis</strong></span> <span class='ocrx_word' id='word_1_355' title='bbox 3182 1526 3299 1571; x_wconf 88' lang='lat' dir='ltr'><strong>orta</strong></span> <span class='ocrx_word' id='word_1_356' title='bbox 3325 1524 3452 1573; x_wconf 87' lang='lat' dir='ltr'><strong>sunt</strong></span> <span class='ocrx_word' id='word_1_357' title='bbox 3487 1515 3727 1584; x_wconf 88' lang='lat' dir='ltr'><strong>repletus</strong></span> <span class='ocrx_word' id='word_1_358' title='bbox 3759 1555 3777 1581; x_wconf 88' lang='lat'><strong>,</strong></span> 
     </span>
    </p>
   </div>
   <div class='ocr_carea' id='block_1_45' title="bbox 2188 1606 3790 1679">
    <p class='ocr_par' dir='ltr' id='par_1_45' title="bbox 2188 1606 3790 1679">
     <span class='ocr_line' id='line_1_45' title="bbox 2188 1606 3790 1679; baseline -0.001 -16"><span class='ocrx_word' id='word_1_359' title='bbox 2188 1608 2448 1675; x_wconf 88' lang='lat' dir='ltr'><strong>discedit;</strong></span> <span class='ocrx_word' id='word_1_360' title='bbox 2480 1616 2677 1663; x_wconf 87' lang='lat' dir='ltr'><strong>etcum</strong></span> <span class='ocrx_word' id='word_1_361' title='bbox 2706 1622 2828 1679; x_wconf 81' lang='lat' dir='ltr'><strong>quae</strong></span> <span class='ocrx_word' id='word_1_362' title='bbox 2856 1622 2923 1664; x_wconf 85' lang='lat' dir='ltr'><strong>ex</strong></span> <span class='ocrx_word' id='word_1_363' title='bbox 2957 1607 3157 1662; x_wconf 88' lang='lat' dir='ltr'><strong>divitiis</strong></span> <span class='ocrx_word' id='word_1_364' title='bbox 3183 1606 3341 1673; x_wconf 79' lang='lat' dir='ltr'><strong>ﬁunt,</strong></span> <span class='ocrx_word' id='word_1_365' title='bbox 3366 1606 3574 1661; x_wconf 80' lang='lat' dir='ltr'><strong>visione</strong></span> <span class='ocrx_word' id='word_1_366' title='bbox 3601 1620 3790 1676; x_wconf 89' lang='lat' dir='ltr'><strong>appre-</strong></span> 
     </span>
    </p>
   </div>
   <div class='ocr_carea' id='block_1_46' title="bbox 2190 1696 3787 1764">
    <p class='ocr_par' dir='ltr' id='par_1_46' title="bbox 2190 1696 3787 1764">
     <span class='ocr_line' id='line_1_46' title="bbox 2190 1696 3787 1764; baseline -0.004 -9"><span class='ocrx_word' id='word_1_367' title='bbox 2190 1700 2438 1755; x_wconf 91' lang='lat' dir='ltr'><strong>henderit</strong></span> <span class='ocrx_word' id='word_1_368' title='bbox 2465 1740 2479 1764; x_wconf 97' lang='lat'><strong>,</strong></span> <span class='ocrx_word' id='word_1_369' title='bbox 2506 1699 2647 1754; x_wconf 87' lang='lat' dir='ltr'><strong>mala</strong></span> <span class='ocrx_word' id='word_1_370' title='bbox 2675 1698 2800 1754; x_wconf 90' lang='lat' dir='ltr'><strong>inde</strong></span> <span class='ocrx_word' id='word_1_371' title='bbox 2821 1707 2939 1754; x_wconf 88' lang='lat' dir='ltr'><strong>orta</strong></span> <span class='ocrx_word' id='word_1_372' title='bbox 2971 1714 3080 1753; x_wconf 88' lang='lat' dir='ltr'><strong>non</strong></span> <span class='ocrx_word' id='word_1_373' title='bbox 3111 1697 3257 1753; x_wconf 89' lang='lat' dir='ltr'><strong>videt</strong></span> <span class='ocrx_word' id='word_1_374' title='bbox 3288 1698 3425 1752; x_wconf 90' lang='lat' dir='ltr'><strong>ultra</strong></span> <span class='ocrx_word' id='word_1_375' title='bbox 3458 1697 3510 1751; x_wconf 92' lang='lat' dir='ltr'><strong>in</strong></span> <span class='ocrx_word' id='word_1_376' title='bbox 3538 1696 3745 1752; x_wconf 82' lang='lat' dir='ltr'><strong>visione</strong></span> <span class='ocrx_word' id='word_1_377' title='bbox 3772 1737 3787 1761; x_wconf 93' lang='lat'><strong>,</strong></span> 
     </span>
    </p>
   </div>
   <div class='ocr_carea' id='block_1_47' title="bbox 2190 1788 3792 1861">
    <p class='ocr_par' dir='ltr' id='par_1_47' title="bbox 2190 1788 3792 1861">
     <span class='ocr_line' id='line_1_47' title="bbox 2190 1788 3792 1861; baseline -0.003 -13"><span class='ocrx_word' id='word_1_378' title='bbox 2190 1792 2285 1848; x_wconf 90' lang='lat' dir='ltr'><strong>sed</strong></span> <span class='ocrx_word' id='word_1_379' title='bbox 2319 1792 2372 1846; x_wconf 93' lang='lat' dir='ltr'><strong>in</strong></span> <span class='ocrx_word' id='word_1_380' title='bbox 2403 1792 2519 1861; x_wconf 89' lang='lat' dir='ltr'><strong>ipsa</strong></span> <span class='ocrx_word' id='word_1_381' title='bbox 2564 1806 2749 1846; x_wconf 89' lang='lat' dir='ltr'><strong>rerum</strong></span> <span class='ocrx_word' id='word_1_382' title='bbox 2779 1790 3012 1846; x_wconf 85' lang='lat' dir='ltr'><strong>veritate</strong></span> <span class='ocrx_word' id='word_1_383' title='bbox 3046 1807 3059 1843; x_wconf 92' lang='lat'><strong>:</strong></span> <span class='ocrx_word' id='word_1_384' title='bbox 3092 1799 3147 1845; x_wconf 93' lang='lat' dir='ltr'><strong>et</strong></span> <span class='ocrx_word' id='word_1_385' title='bbox 3170 1789 3267 1845; x_wconf 85' lang='lat' dir='ltr'><strong>fuit</strong></span> <span class='ocrx_word' id='word_1_386' title='bbox 3294 1789 3513 1860; x_wconf 87' lang='lat' dir='ltr'><strong>quidem</strong></span> <span class='ocrx_word' id='word_1_387' title='bbox 3542 1788 3792 1859; x_wconf 82' lang='lat' dir='ltr'><strong>voluptas</strong></span> 
     </span>
    </p>
   </div>
   <div class='ocr_carea' id='block_1_48' title="bbox 2192 1879 3793 1950">
    <p class='ocr_par' dir='ltr' id='par_1_48' title="bbox 2192 1879 3793 1950">
     <span class='ocr_line' id='line_1_48' title="bbox 2192 1879 3793 1950; baseline -0.002 -14"><span class='ocrx_word' id='word_1_388' title='bbox 2192 1883 2245 1936; x_wconf 92' lang='lat' dir='ltr'><strong>in</strong></span> <span class='ocrx_word' id='word_1_389' title='bbox 2272 1882 2477 1936; x_wconf 92' lang='lat' dir='ltr'><strong>somnis</strong></span> <span class='ocrx_word' id='word_1_390' title='bbox 2502 1898 2517 1948; x_wconf 86' lang='lat'><strong>;</strong></span> <span class='ocrx_word' id='word_1_391' title='bbox 2548 1880 2693 1950; x_wconf 89' lang='lat' dir='ltr'><strong>quod</strong></span> <span class='ocrx_word' id='word_1_392' title='bbox 2715 1888 2897 1934; x_wconf 90' lang='lat' dir='ltr'><strong>autem</strong></span> <span class='ocrx_word' id='word_1_393' title='bbox 2923 1894 2991 1935; x_wconf 88' lang='lat' dir='ltr'><strong>ex</strong></span> <span class='ocrx_word' id='word_1_394' title='bbox 3018 1879 3293 1949; x_wconf 85' lang='lat' dir='ltr'><strong>voluptate</strong></span> <span class='ocrx_word' id='word_1_395' title='bbox 3314 1882 3555 1935; x_wconf 81' lang='lat' dir='ltr'><strong>nascitur</strong></span> <span class='ocrx_word' id='word_1_396' title='bbox 3585 1879 3793 1949; x_wconf 81' lang='lat' dir='ltr'><strong>suppli-</strong></span> 
     </span>
    </p>
   </div>
   <div class='ocr_carea' id='block_1_49' title="bbox 2191 1967 3794 2040">
    <p class='ocr_par' dir='ltr' id='par_1_49' title="bbox 2191 1967 3794 2040">
     <span class='ocr_line' id='line_1_49' title="bbox 2191 1967 3794 2040; baseline -0.002 -13"><span class='ocrx_word' id='word_1_397' title='bbox 2191 1972 2335 2027; x_wconf 92' lang='lat' dir='ltr'><strong>cium</strong></span> <span class='ocrx_word' id='word_1_398' title='bbox 2368 2012 2382 2036; x_wconf 91' lang='lat'><strong>,</strong></span> <span class='ocrx_word' id='word_1_399' title='bbox 2411 1985 2519 2026; x_wconf 91' lang='lat' dir='ltr'><strong>non</strong></span> <span class='ocrx_word' id='word_1_400' title='bbox 2560 1970 2745 2040; x_wconf 90' lang='lat' dir='ltr'><strong>utique</strong></span> <span class='ocrx_word' id='word_1_401' title='bbox 2768 1967 2969 2025; x_wconf 89' lang='lat' dir='ltr'><strong>accidit</strong></span> <span class='ocrx_word' id='word_1_402' title='bbox 2996 1968 3048 2023; x_wconf 92' lang='lat' dir='ltr'><strong>in</strong></span> <span class='ocrx_word' id='word_1_403' title='bbox 3071 1968 3278 2024; x_wconf 90' lang='lat' dir='ltr'><strong>somnis</strong></span> <span class='ocrx_word' id='word_1_404' title='bbox 3300 2009 3315 2034; x_wconf 84' lang='lat'><strong>,</strong></span> <span class='ocrx_word' id='word_1_405' title='bbox 3349 1968 3445 2023; x_wconf 91' lang='lat' dir='ltr'><strong>sed</strong></span> <span class='ocrx_word' id='word_1_406' title='bbox 3476 1969 3530 2023; x_wconf 86' lang='lat' dir='ltr'><strong>in</strong></span> <span class='ocrx_word' id='word_1_407' title='bbox 3562 1968 3675 2037; x_wconf 87' lang='lat' dir='ltr'><strong>ipsa</strong></span> <span class='ocrx_word' id='word_1_408' title='bbox 3699 1982 3794 2023; x_wconf 89' lang='lat' dir='ltr'><strong>ex-</strong></span> 
     </span>
    </p>
   </div>
   <div class='ocr_carea' id='block_1_50' title="bbox 2194 2055 3795 2138">
    <p class='ocr_par' dir='ltr' id='par_1_50' title="bbox 2194 2055 3795 2138">
     <span class='ocr_line' id='line_1_50' title="bbox 2194 2055 3795 2138; baseline -0.003 -21"><span class='ocrx_word' id='word_1_409' title='bbox 2194 2055 2456 2138; x_wconf 82' lang='lat' dir='ltr'><strong>perientia</strong></span> <span class='ocrx_word' id='word_1_410' title='bbox 2482 2077 2497 2126; x_wconf 88' lang='lat'><strong>;</strong></span> <span class='ocrx_word' id='word_1_411' title='bbox 2529 2062 2640 2116; x_wconf 92' lang='lat' dir='ltr'><strong>imo</strong></span> <span class='ocrx_word' id='word_1_412' title='bbox 2667 2075 2799 2116; x_wconf 90' lang='lat' dir='ltr'><strong>vero</strong></span> <span class='ocrx_word' id='word_1_413' title='bbox 2821 2060 2983 2115; x_wconf 87' lang='lat' dir='ltr'><strong>etiam</strong></span> <span class='ocrx_word' id='word_1_414' title='bbox 3012 2067 3139 2114; x_wconf 90' lang='lat' dir='ltr'><strong>ante</strong></span> <span class='ocrx_word' id='word_1_415' title='bbox 3182 2057 3315 2113; x_wconf 92' lang='lat' dir='ltr'><strong>illud</strong></span> <span class='ocrx_word' id='word_1_416' title='bbox 3355 2058 3680 2129; x_wconf 90' lang='lat' dir='ltr'><strong>supplicium</strong></span> <span class='ocrx_word' id='word_1_417' title='bbox 3707 2057 3795 2112; x_wconf 90' lang='lat' dir='ltr'><strong>hic</strong></span> 
     </span>
    </p>
   </div>
   <div class='ocr_carea' id='block_1_51' title="bbox 2192 2149 3796 2226">
    <p class='ocr_par' dir='ltr' id='par_1_51' title="bbox 2192 2149 3796 2226">
     <span class='ocr_line' id='line_1_51' title="bbox 2192 2149 3796 2226; baseline -0.004 -15"><span class='ocrx_word' id='word_1_418' title='bbox 2192 2170 2407 2226; x_wconf 89' lang='lat' dir='ltr'><strong>quoque</strong></span> <span class='ocrx_word' id='word_1_419' title='bbox 2434 2163 2706 2210; x_wconf 88' lang='lat' dir='ltr'><strong>extremas</strong></span> <span class='ocrx_word' id='word_1_420' title='bbox 2731 2154 2823 2207; x_wconf 90' lang='lat' dir='ltr'><strong>dat</strong></span> <span class='ocrx_word' id='word_1_421' title='bbox 2844 2167 3060 2221; x_wconf 64' lang='lat' dir='ltr'><strong>poenas,</strong></span> <span class='ocrx_word' id='word_1_422' title='bbox 3093 2160 3151 2207; x_wconf 91' lang='lat' dir='ltr'><strong>ut</strong></span> <span class='ocrx_word' id='word_1_423' title='bbox 3177 2152 3269 2224; x_wconf 89' lang='lat' dir='ltr'><strong>qui</strong></span> <span class='ocrx_word' id='word_1_424' title='bbox 3300 2151 3356 2205; x_wconf 93' lang='lat' dir='ltr'><strong>in</strong></span> <span class='ocrx_word' id='word_1_425' title='bbox 3378 2149 3685 2221; x_wconf 84' lang='lat' dir='ltr'><strong>colligendo</strong></span> <span class='ocrx_word' id='word_1_426' title='bbox 3711 2158 3796 2205; x_wconf 86' lang='lat' dir='ltr'><strong>at-</strong></span> 
     </span>
    </p>
   </div>
   <div class='ocr_carea' id='block_1_52' title="bbox 2196 2239 3797 2312">
    <p class='ocr_par' dir='ltr' id='par_1_52' title="bbox 2196 2239 3797 2312">
     <span class='ocr_line' id='line_1_52' title="bbox 2196 2239 3797 2312; baseline -0.005 -11"><span class='ocrx_word' id='word_1_427' title='bbox 2196 2257 2401 2301; x_wconf 89' lang='lat' dir='ltr'><strong>teratur</strong></span> <span class='ocrx_word' id='word_1_428' title='bbox 2449 2243 2932 2301; x_wconf 87' lang='lat' dir='ltr'><strong>innumerabilibus</strong></span> <span class='ocrx_word' id='word_1_429' title='bbox 2972 2243 3141 2298; x_wconf 90' lang='lat' dir='ltr'><strong>animi</strong></span> <span class='ocrx_word' id='word_1_430' title='bbox 3174 2241 3618 2312; x_wconf 58' lang='lat' dir='ltr'><strong>(egritudinibus,</strong></span> <span class='ocrx_word' id='word_1_431' title='bbox 3645 2239 3797 2295; x_wconf 80' lang='lat' dir='ltr'><strong>solli-</strong></span> 
     </span>
    </p>
   </div>
   <div class='ocr_carea' id='block_1_53' title="bbox 2194 2333 3795 2402">
    <p class='ocr_par' dir='ltr' id='par_1_53' title="bbox 2194 2333 3795 2402">
     <span class='ocr_line' id='line_1_53' title="bbox 2194 2333 3795 2402; baseline -0.004 -9"><span class='ocrx_word' id='word_1_432' title='bbox 2194 2336 2545 2401; x_wconf 88' lang='lat' dir='ltr'><strong>citudinibus,</strong></span> <span class='ocrx_word' id='word_1_433' title='bbox 2575 2336 3032 2402; x_wconf 88' lang='lat' dir='ltr'><strong>accusationibus,</strong></span> <span class='ocrx_word' id='word_1_434' title='bbox 3064 2335 3370 2402; x_wconf 91' lang='lat' dir='ltr'><strong>calumniis,</strong></span> <span class='ocrx_word' id='word_1_435' title='bbox 3401 2333 3717 2389; x_wconf 89' lang='lat' dir='ltr'><strong>tumultibus</strong></span> <span class='ocrx_word' id='word_1_436' title='bbox 3740 2341 3795 2387; x_wconf 89' lang='lat' dir='ltr'><strong>et</strong></span> 
     </span>
    </p>
   </div>
   <div class='ocr_carea' id='block_1_54' title="bbox 2196 2424 3801 2502">
    <p class='ocr_par' dir='ltr' id='par_1_54' title="bbox 2196 2424 3801 2502">
     <span class='ocr_line' id='line_1_54' title="bbox 2196 2424 3801 2502; baseline -0.007 -15"><span class='ocrx_word' id='word_1_437' title='bbox 2196 2429 2716 2502; x_wconf 86' lang='lat' dir='ltr'><strong>perturbationibus.</strong></span> <span class='ocrx_word' id='word_1_438' title='bbox 2749 2427 2819 2483; x_wconf 90' lang='lat' dir='ltr'><strong>Ut</strong></span> <span class='ocrx_word' id='word_1_439' title='bbox 2848 2442 2979 2497; x_wconf 85' lang='lat' dir='ltr'><strong>ergo</strong></span> <span class='ocrx_word' id='word_1_440' title='bbox 3007 2436 3059 2482; x_wconf 92' lang='lat' dir='ltr'><strong>et</strong></span> <span class='ocrx_word' id='word_1_441' title='bbox 3089 2442 3121 2481; x_wconf 93' lang='lat' dir='ltr'><strong>a</strong></span> <span class='ocrx_word' id='word_1_442' title='bbox 3148 2427 3374 2481; x_wconf 91' lang='lat' dir='ltr'><strong>somniis</strong></span> <span class='ocrx_word' id='word_1_443' title='bbox 3405 2424 3723 2489; x_wconf 84' lang='lat' dir='ltr'><strong>liberemur,</strong></span> <span class='ocrx_word' id='word_1_444' title='bbox 3747 2432 3801 2477; x_wconf 77' lang='lat' dir='ltr'><strong>et</strong></span> 
     </span>
    </p>
   </div>
   <div class='ocr_carea' id='block_1_55' title="bbox 2198 2514 3803 2590">
    <p class='ocr_par' dir='ltr' id='par_1_55' title="bbox 2198 2514 3803 2590">
     <span class='ocr_line' id='line_1_55' title="bbox 2198 2514 3803 2590; baseline -0.004 -15"><span class='ocrx_word' id='word_1_445' title='bbox 2198 2536 2227 2575; x_wconf 89' lang='lat' dir='ltr'><strong>a</strong></span> <span class='ocrx_word' id='word_1_446' title='bbox 2261 2521 2417 2575; x_wconf 90' lang='lat' dir='ltr'><strong>malis</strong></span> <span class='ocrx_word' id='word_1_447' title='bbox 2463 2535 2585 2590; x_wconf 79' lang='lat' dir='ltr'><strong>qua:</strong></span> <span class='ocrx_word' id='word_1_448' title='bbox 2629 2534 2739 2573; x_wconf 91' lang='lat' dir='ltr'><strong>non</strong></span> <span class='ocrx_word' id='word_1_449' title='bbox 2776 2528 2902 2573; x_wconf 89' lang='lat' dir='ltr'><strong>sunt</strong></span> <span class='ocrx_word' id='word_1_450' title='bbox 2937 2519 2989 2571; x_wconf 92' lang='lat' dir='ltr'><strong>in</strong></span> <span class='ocrx_word' id='word_1_451' title='bbox 3037 2517 3300 2584; x_wconf 88' lang='lat' dir='ltr'><strong>somniis,</strong></span> <span class='ocrx_word' id='word_1_452' title='bbox 3334 2530 3433 2587; x_wconf 88' lang='lat' dir='ltr'><strong>pro</strong></span> <span class='ocrx_word' id='word_1_453' title='bbox 3479 2514 3705 2570; x_wconf 88' lang='lat' dir='ltr'><strong>avaritia</strong></span> <span class='ocrx_word' id='word_1_454' title='bbox 3747 2525 3803 2570; x_wconf 86' lang='lat' dir='ltr'><strong>et</strong></span> 
     </span>
    </p>
   </div>
   <div class='ocr_carea' id='block_1_56' title="bbox 2198 2608 3802 2683">
    <p class='ocr_par' dir='ltr' id='par_1_56' title="bbox 2198 2608 3802 2683">
     <span class='ocr_line' id='line_1_56' title="bbox 2198 2608 3802 2683; baseline -0.002 -18"><span class='ocrx_word' id='word_1_455' title='bbox 2198 2611 2354 2683; x_wconf 89' lang='lat' dir='ltr'><strong>plura</strong></span> <span class='ocrx_word' id='word_1_456' title='bbox 2380 2610 2609 2665; x_wconf 87' lang='lat' dir='ltr'><strong>habendi</strong></span> <span class='ocrx_word' id='word_1_457' title='bbox 2636 2609 2929 2679; x_wconf 90' lang='lat' dir='ltr'><strong>cupiditate</strong></span> <span class='ocrx_word' id='word_1_458' title='bbox 2957 2608 3358 2678; x_wconf 83' lang='lat' dir='ltr'><strong>eleemosynam</strong></span> <span class='ocrx_word' id='word_1_459' title='bbox 3390 2608 3671 2678; x_wconf 79' lang='lat' dir='ltr'><strong>eligamus,</strong></span> <span class='ocrx_word' id='word_1_460' title='bbox 3705 2619 3802 2675; x_wconf 91' lang='lat' dir='ltr'><strong>pro</strong></span> 
     </span>
    </p>
   </div>
   <div class='ocr_carea' id='block_1_57' title="bbox 2200 2698 3803 2773">
    <p class='ocr_par' dir='ltr' id='par_1_57' title="bbox 2200 2698 3803 2773">
     <span class='ocr_line' id='line_1_57' title="bbox 2200 2698 3803 2773; baseline -0.004 -16"><span class='ocrx_word' id='word_1_461' title='bbox 2200 2704 2388 2773; x_wconf 84' lang='lat' dir='ltr'><strong>rapina</strong></span> <span class='ocrx_word' id='word_1_462' title='bbox 2418 2700 2826 2773; x_wconf 82' lang='lat' dir='ltr'><strong>benignitatem.</strong></span> <span class='ocrx_word' id='word_1_463' title='bbox 2876 2700 2968 2757; x_wconf 91' lang='lat' dir='ltr'><strong>Sic</strong></span> <span class='ocrx_word' id='word_1_464' title='bbox 3021 2700 3165 2755; x_wconf 88' lang='lat' dir='ltr'><strong>enim</strong></span> <span class='ocrx_word' id='word_1_465' title='bbox 3201 2699 3491 2771; x_wconf 72' lang='lat' dir='ltr'><strong>prmsentia</strong></span> <span class='ocrx_word' id='word_1_466' title='bbox 3534 2707 3591 2753; x_wconf 91' lang='lat' dir='ltr'><strong>et</strong></span> <span class='ocrx_word' id='word_1_467' title='bbox 3626 2698 3803 2752; x_wconf 84' lang='lat' dir='ltr'><strong>futura</strong></span> 
     </span>
    </p>
   </div>
   <div class='ocr_carea' id='block_1_58' title="bbox 2200 2791 3799 2864">
    <p class='ocr_par' dir='ltr' id='par_1_58' title="bbox 2200 2791 3799 2864">
     <span class='ocr_line' id='line_1_58' title="bbox 2200 2791 3799 2864; baseline -0.003 -14"><span class='ocrx_word' id='word_1_468' title='bbox 2200 2794 2343 2850; x_wconf 89' lang='lat' dir='ltr'><strong>bona</strong></span> <span class='ocrx_word' id='word_1_469' title='bbox 2368 2809 2724 2864; x_wconf 86' lang='lat' dir='ltr'><strong>assequemur</strong></span> <span class='ocrx_word' id='word_1_470' title='bbox 2751 2834 2767 2861; x_wconf 93' lang='lat'><strong>,</strong></span> <span class='ocrx_word' id='word_1_471' title='bbox 2795 2793 2966 2864; x_wconf 87' lang='lat' dir='ltr'><strong>gratia</strong></span> <span class='ocrx_word' id='word_1_472' title='bbox 2997 2802 3053 2849; x_wconf 88' lang='lat' dir='ltr'><strong>et</strong></span> <span class='ocrx_word' id='word_1_473' title='bbox 3088 2792 3421 2862; x_wconf 76' lang='lat' dir='ltr'><strong>benignitate</strong></span> <span class='ocrx_word' id='word_1_474' title='bbox 3458 2791 3669 2845; x_wconf 90' lang='lat' dir='ltr'><strong>Domini</strong></span> <span class='ocrx_word' id='word_1_475' title='bbox 3699 2803 3799 2845; x_wconf 84' lang='lat' dir='ltr'><strong>no-</strong></span> 
     </span>
    </p>
   </div>
   <div class='ocr_carea' id='block_1_59' title="bbox 2203 2882 3806 2953">
    <p class='ocr_par' dir='ltr' id='par_1_59' title="bbox 2203 2882 3806 2953">
     <span class='ocr_line' id='line_1_59' title="bbox 2203 2882 3806 2953; baseline -0.002 -14"><span class='ocrx_word' id='word_1_476' title='bbox 2203 2886 2303 2939; x_wconf 89' lang='lat' dir='ltr'><strong>stri</strong></span> <span class='ocrx_word' id='word_1_477' title='bbox 2325 2883 2455 2939; x_wconf 83' lang='lat' dir='ltr'><strong>Jesu</strong></span> <span class='ocrx_word' id='word_1_478' title='bbox 2485 2884 2691 2939; x_wconf 87' lang='lat' dir='ltr'><strong>Christi</strong></span> <span class='ocrx_word' id='word_1_479' title='bbox 2716 2924 2733 2950; x_wconf 89' lang='lat'><strong>,</strong></span> <span class='ocrx_word' id='word_1_480' title='bbox 2764 2884 2983 2953; x_wconf 88' lang='lat' dir='ltr'><strong>quicum</strong></span> <span class='ocrx_word' id='word_1_481' title='bbox 3010 2882 3157 2937; x_wconf 88' lang='lat' dir='ltr'><strong>Patri</strong></span> <span class='ocrx_word' id='word_1_482' title='bbox 3187 2898 3401 2946; x_wconf 83' lang='lat' dir='ltr'><strong>unaque</strong></span> <span class='ocrx_word' id='word_1_483' title='bbox 3431 2882 3653 2951; x_wconf 90' lang='lat' dir='ltr'><strong>Spiritui</strong></span> <span class='ocrx_word' id='word_1_484' title='bbox 3680 2896 3806 2936; x_wconf 56' lang='lat' dir='ltr'><strong>sane</strong></span> 
     </span>
    </p>
   </div>
   <div class='ocr_carea' id='block_1_60' title="bbox 2204 2972 3805 3046">
    <p class='ocr_par' dir='ltr' id='par_1_60' title="bbox 2204 2972 3805 3046">
     <span class='ocr_line' id='line_1_60' title="bbox 2204 2972 3805 3046; baseline -0.003 -15"><span class='ocrx_word' id='word_1_485' title='bbox 2204 2988 2295 3034; x_wconf 91' lang='lat' dir='ltr'><strong>cto</strong></span> <span class='ocrx_word' id='word_1_486' title='bbox 2325 2975 2519 3046; x_wconf 88' lang='lat' dir='ltr'><strong>gloria,</strong></span> <span class='ocrx_word' id='word_1_487' title='bbox 2549 2975 2837 3044; x_wconf 92' lang='lat' dir='ltr'><strong>imperium</strong></span> <span class='ocrx_word' id='word_1_488' title='bbox 2862 3015 2876 3038; x_wconf 90' lang='lat'><strong>,</strong></span> <span class='ocrx_word' id='word_1_489' title='bbox 2907 2973 3082 3027; x_wconf 88' lang='lat' dir='ltr'><strong>honor</strong></span> <span class='ocrx_word' id='word_1_490' title='bbox 3105 3013 3121 3033; x_wconf 88' lang='lat'><strong>.</strong></span> <span class='ocrx_word' id='word_1_491' title='bbox 3154 2988 3297 3028; x_wconf 90' lang='lat' dir='ltr'><strong>nunc</strong></span> <span class='ocrx_word' id='word_1_492' title='bbox 3321 2980 3376 3028; x_wconf 90' lang='lat' dir='ltr'><strong>et</strong></span> <span class='ocrx_word' id='word_1_493' title='bbox 3401 2987 3637 3042; x_wconf 90' lang='lat' dir='ltr'><strong>semper,</strong></span> <span class='ocrx_word' id='word_1_494' title='bbox 3663 2982 3718 3028; x_wconf 91' lang='lat' dir='ltr'><strong>et</strong></span> <span class='ocrx_word' id='word_1_495' title='bbox 3750 2972 3805 3029; x_wconf 91' lang='lat' dir='ltr'><strong>in</strong></span> 
     </span>
    </p>
   </div>
   <div class='ocr_carea' id='block_1_61' title="bbox 2206 3066 3001 3123">
    <p class='ocr_par' dir='ltr' id='par_1_61' title="bbox 2206 3066 3001 3123">
     <span class='ocr_line' id='line_1_61' title="bbox 2206 3066 3001 3123; baseline -0.005 0"><span class='ocrx_word' id='word_1_496' title='bbox 2206 3068 2403 3123; x_wconf 56' lang='lat' dir='ltr'><strong>sarcula</strong></span> <span class='ocrx_word' id='word_1_497' title='bbox 2425 3066 2767 3122; x_wconf 59' lang='lat' dir='ltr'><strong>saeculorum.</strong></span> <span class='ocrx_word' id='word_1_498' title='bbox 2804 3066 3001 3120; x_wconf 84' lang='lat' dir='ltr'><strong>Amen.</strong></span> 
     </span>
    </p>
   </div>
   <div class='ocr_carea' id='block_1_62' title="bbox 500 3164 3788 3229">
    <p class='ocr_par' dir='ltr' id='par_1_62' title="bbox 500 3164 3788 3229">
     <span class='ocr_line' id='line_1_62' title="bbox 500 3164 3788 3229; baseline -0.012 -8"><span class='ocrx_word' id='word_1_499' title='bbox 500 3164 3788 3229; x_wconf 69' lang='lat'><strong>___________________.___...———————————————————</strong></span> 
     </span>
    </p>
   </div>
   <div class='ocr_carea' id='block_1_63' title="bbox 1700 3252 2432 3342">
    <p class='ocr_par' dir='ltr' id='par_1_63' title="bbox 1700 3252 2432 3342">
     <span class='ocr_line' id='line_1_63' title="bbox 1700 3252 2432 3342; baseline -0.029 -8"><span class='ocrx_word' id='word_1_500' title='bbox 1700 3262 2055 3342; x_wconf 75' lang='lat' dir='ltr'><strong>HOMILIA</strong></span> <span class='ocrx_word' id='word_1_501' title='bbox 2097 3252 2432 3323; x_wconf 83' lang='lat' dir='ltr'><strong>xxxvn.</strong></span> 
     </span>
    </p>
   </div>
   <div class='ocr_carea' id='block_1_64' title="bbox 503 3414 2093 3503">
    <p class='ocr_par' dir='ltr' id='par_1_64' title="bbox 503 3414 2093 3503">
     <span class='ocr_line' id='line_1_64' title="bbox 503 3414 2093 3503; baseline -0.026 1"><span class='ocrx_word' id='word_1_502' title='bbox 503 3448 632 3503; x_wconf 69' lang='lat' dir='ltr'><strong>Car.</strong></span> <span class='ocrx_word' id='word_1_503' title='bbox 680 3442 768 3498; x_wconf 78' lang='lat' dir='ltr'><strong>M.</strong></span> <span class='ocrx_word' id='word_1_504' title='bbox 802 3456 853 3491; x_wconf 92' lang='lat' dir='ltr'><strong>v.</strong></span> <span class='ocrx_word' id='word_1_505' title='bbox 881 3438 969 3495; x_wconf 67' lang='lat' dir='ltr'><strong>5L</strong></span> <span class='ocrx_word' id='word_1_506' title='bbox 1009 3433 1247 3488; x_wconf 75' lang='lat' dir='ltr'><strong>Mulieres</strong></span> <span class='ocrx_word' id='word_1_507' title='bbox 1286 3437 1465 3484; x_wconf 73' lang='lat' dir='ltr'><strong>vestra:</strong></span> <span class='ocrx_word' id='word_1_508' title='bbox 1498 3425 1549 3477; x_wconf 88' lang='lat' dir='ltr'><strong>in</strong></span> <span class='ocrx_word' id='word_1_509' title='bbox 1600 3414 1825 3475; x_wconf 85' lang='lat' dir='ltr'><strong>ecclesiis</strong></span> <span class='ocrx_word' id='word_1_510' title='bbox 1872 3416 2093 3465; x_wconf 83' lang='lat' dir='ltr'><strong>taceant.</strong></span> 
     </span>
    </p>
   </div>
   <div class='ocr_carea' id='block_1_65' title="bbox 576 3503 2096 3601">
    <p class='ocr_par' dir='ltr' id='par_1_65' title="bbox 576 3503 2096 3601">
     <span class='ocr_line' id='line_1_65' title="bbox 576 3503 2096 3601; baseline -0.024 -10"><span class='ocrx_word' id='word_1_511' title='bbox 576 3534 697 3590; x_wconf 81' lang='lat' dir='ltr'><strong>Non</strong></span> <span class='ocrx_word' id='word_1_512' title='bbox 726 3532 857 3585; x_wconf 86' lang='lat' dir='ltr'><strong>enim</strong></span> <span class='ocrx_word' id='word_1_513' title='bbox 886 3526 1191 3601; x_wconf 79' lang='lat' dir='ltr'><strong>permittitur</strong></span> <span class='ocrx_word' id='word_1_514' title='bbox 1214 3524 1285 3576; x_wconf 87' lang='lat' dir='ltr'><strong>cis</strong></span> <span class='ocrx_word' id='word_1_515' title='bbox 1309 3517 1468 3591; x_wconf 80' lang='lat' dir='ltr'><strong>loqui,</strong></span> <span class='ocrx_word' id='word_1_516' title='bbox 1490 3514 1577 3570; x_wconf 81' lang='lat' dir='ltr'><strong>sed</strong></span> <span class='ocrx_word' id='word_1_517' title='bbox 1607 3509 1837 3565; x_wconf 79' lang='lat' dir='ltr'><strong>subditas</strong></span> <span class='ocrx_word' id='word_1_518' title='bbox 1864 3520 1990 3568; x_wconf 79' lang='lat' dir='ltr'><strong>esse,</strong></span> <span class='ocrx_word' id='word_1_519' title='bbox 2022 3503 2096 3556; x_wconf 85' lang='lat' dir='ltr'><strong>si-</strong></span> 
     </span>
    </p>
   </div>
   <div class='ocr_carea' id='block_1_66' title="bbox 576 3620 1019 3687">
    <p class='ocr_par' dir='ltr' id='par_1_66' title="bbox 576 3620 1019 3687">
     <span class='ocr_line' id='line_1_66' title="bbox 576 3620 1019 3687; baseline -0.014 -7"><span class='ocrx_word' id='word_1_520' title='bbox 576 3635 658 3687; x_wconf 83' lang='lat' dir='ltr'><strong>cut</strong></span> <span class='ocrx_word' id='word_1_521' title='bbox 687 3634 732 3679; x_wconf 79' lang='lat' dir='ltr'><strong>et</strong></span> <span class='ocrx_word' id='word_1_522' title='bbox 765 3626 845 3677; x_wconf 73' lang='lat' dir='ltr'><strong>lex</strong></span> <span class='ocrx_word' id='word_1_523' title='bbox 873 3620 1019 3674; x_wconf 81' lang='lat' dir='ltr'><strong>dicit.</strong></span> 
     </span>
    </p>
   </div>
   <div class='ocr_carea' id='block_1_67' title="bbox 577 3689 2099 3779">
    <p class='ocr_par' dir='ltr' id='par_1_67' title="bbox 577 3689 2099 3779">
     <span class='ocr_line' id='line_1_67' title="bbox 577 3689 2099 3779; baseline -0.022 -5"><span class='ocrx_word' id='word_1_524' title='bbox 577 3720 629 3773; x_wconf 80' lang='lat' dir='ltr'><strong>l.</strong></span> <span class='ocrx_word' id='word_1_525' title='bbox 662 3717 797 3771; x_wconf 85' lang='lat' dir='ltr'><strong>Cum</strong></span> <span class='ocrx_word' id='word_1_526' title='bbox 826 3728 975 3779; x_wconf 83' lang='lat' dir='ltr'><strong>eum,</strong></span> <span class='ocrx_word' id='word_1_527' title='bbox 1004 3708 1094 3779; x_wconf 92' lang='lat' dir='ltr'><strong>qui</strong></span> <span class='ocrx_word' id='word_1_528' title='bbox 1126 3723 1189 3762; x_wconf 85' lang='lat' dir='ltr'><strong>ex</strong></span> <span class='ocrx_word' id='word_1_529' title='bbox 1222 3703 1418 3775; x_wconf 81' lang='lat' dir='ltr'><strong>linguis</strong></span> <span class='ocrx_word' id='word_1_530' title='bbox 1451 3699 1727 3754; x_wconf 89' lang='lat' dir='ltr'><strong>oriebatur</strong></span> <span class='ocrx_word' id='word_1_531' title='bbox 1759 3736 1774 3761; x_wconf 97' lang='lat'><strong>,</strong></span> <span class='ocrx_word' id='word_1_532' title='bbox 1810 3689 2099 3747; x_wconf 90' lang='lat' dir='ltr'><strong>tumultum</strong></span> 
     </span>
    </p>
   </div>
   <div class='ocr_carea' id='block_1_68' title="bbox 504 3782 2105 3882">
    <p class='ocr_par' dir='ltr' id='par_1_68' title="bbox 504 3782 2105 3882">
     <span class='ocr_line' id='line_1_68' title="bbox 504 3782 2105 3882; baseline -0.02 -16"><span class='ocrx_word' id='word_1_533' title='bbox 504 3814 855 3882; x_wconf 77' lang='lat' dir='ltr'><strong>amputasset,</strong></span> <span class='ocrx_word' id='word_1_534' title='bbox 885 3812 939 3859; x_wconf 92' lang='lat' dir='ltr'><strong>et</strong></span> <span class='ocrx_word' id='word_1_535' title='bbox 965 3815 1085 3856; x_wconf 92' lang='lat' dir='ltr'><strong>eum</strong></span> <span class='ocrx_word' id='word_1_536' title='bbox 1115 3800 1204 3868; x_wconf 88' lang='lat' dir='ltr'><strong>qui</strong></span> <span class='ocrx_word' id='word_1_537' title='bbox 1229 3812 1291 3853; x_wconf 75' lang='lat' dir='ltr'><strong>ex</strong></span> <span class='ocrx_word' id='word_1_538' title='bbox 1317 3792 1634 3866; x_wconf 82' lang='lat' dir='ltr'><strong>pr0pltetiis,</strong></span> <span class='ocrx_word' id='word_1_539' title='bbox 1665 3797 1721 3844; x_wconf 92' lang='lat' dir='ltr'><strong>et</strong></span> <span class='ocrx_word' id='word_1_540' title='bbox 1746 3787 1918 3856; x_wconf 82' lang='lat' dir='ltr'><strong>legem</strong></span> <span class='ocrx_word' id='word_1_541' title='bbox 1952 3782 2105 3837; x_wconf 89' lang='lat' dir='ltr'><strong>tulis-</strong></span> 
     </span>
    </p>
   </div>
   <div class='ocr_carea' id='block_1_69' title="bbox 506 3878 2100 3966">
    <p class='ocr_par' dir='ltr' id='par_1_69' title="bbox 506 3878 2100 3966">
     <span class='ocr_line' id='line_1_69' title="bbox 506 3878 2100 3966; baseline -0.018 -11"><span class='ocrx_word' id='word_1_542' title='bbox 506 3878 624 3966; x_wconf 28' lang='lat' dir='ltr'><strong>seti,</strong></span> <span class='ocrx_word' id='word_1_543' title='bbox 658 3916 724 3954; x_wconf 89' lang='lat' dir='ltr'><strong>ne</strong></span> <span class='ocrx_word' id='word_1_544' title='bbox 756 3906 897 3954; x_wconf 87' lang='lat' dir='ltr'><strong>esset</strong></span> <span class='ocrx_word' id='word_1_545' title='bbox 928 3892 1175 3949; x_wconf 88' lang='lat' dir='ltr'><strong>confusio</strong></span> <span class='ocrx_word' id='word_1_546' title='bbox 1195 3931 1210 3955; x_wconf 92' lang='lat'><strong>,</strong></span> <span class='ocrx_word' id='word_1_547' title='bbox 1252 3898 1305 3943; x_wconf 90' lang='lat' dir='ltr'><strong>ttt</strong></span> <span class='ocrx_word' id='word_1_548' title='bbox 1333 3887 1423 3958; x_wconf 87' lang='lat' dir='ltr'><strong>qui</strong></span> <span class='ocrx_word' id='word_1_549' title='bbox 1467 3884 1662 3954; x_wconf 86' lang='lat' dir='ltr'><strong>linguis</strong></span> <span class='ocrx_word' id='word_1_550' title='bbox 1694 3878 2054 3949; x_wconf 87' lang='lat' dir='ltr'><strong>loquebantur</strong></span> <span class='ocrx_word' id='word_1_551' title='bbox 2084 3913 2100 3940; x_wconf 96' lang='lat'><strong>,</strong></span> 
     </span>
    </p>
   </div>
   <div class='ocr_carea' id='block_1_70' title="bbox 508 3971 2103 4049">
    <p class='ocr_par' dir='ltr' id='par_1_70' title="bbox 508 3971 2103 4049">
     <span class='ocr_line' id='line_1_70' title="bbox 508 3971 2103 4049; baseline -0.018 -1"><span class='ocrx_word' id='word_1_552' title='bbox 508 3997 608 4049; x_wconf 88' lang='lat' dir='ltr'><strong>hoc</strong></span> <span class='ocrx_word' id='word_1_553' title='bbox 632 3992 868 4047; x_wconf 88' lang='lat' dir='ltr'><strong>vicissim</strong></span> <span class='ocrx_word' id='word_1_554' title='bbox 895 3990 1135 4042; x_wconf 86' lang='lat' dir='ltr'><strong>facerent</strong></span> <span class='ocrx_word' id='word_1_555' title='bbox 1165 4023 1180 4049; x_wconf 92' lang='lat'><strong>,</strong></span> <span class='ocrx_word' id='word_1_556' title='bbox 1212 3991 1268 4037; x_wconf 92' lang='lat' dir='ltr'><strong>et</strong></span> <span class='ocrx_word' id='word_1_557' title='bbox 1300 3989 1356 4033; x_wconf 90' lang='lat' dir='ltr'><strong>ut</strong></span> <span class='ocrx_word' id='word_1_558' title='bbox 1387 3976 1478 4047; x_wconf 88' lang='lat' dir='ltr'><strong>qui</strong></span> <span class='ocrx_word' id='word_1_559' title='bbox 1510 3971 1909 4046; x_wconf 83' lang='lat' dir='ltr'><strong>propltetabant</strong></span> <span class='ocrx_word' id='word_1_560' title='bbox 1934 4009 1951 4035; x_wconf 91' lang='lat'><strong>,</strong></span> <span class='ocrx_word' id='word_1_561' title='bbox 1980 3980 2103 4022; x_wconf 91' lang='lat' dir='ltr'><strong>cum</strong></span> 
     </span>
    </p>
   </div>
   <div class='ocr_carea' id='block_1_71' title="bbox 508 4055 2103 4150">
    <p class='ocr_par' dir='ltr' id='par_1_71' title="bbox 508 4055 2103 4150">
     <span class='ocr_line' id='line_1_71' title="bbox 508 4055 2103 4150; baseline -0.018 -12"><span class='ocrx_word' id='word_1_562' title='bbox 508 4087 648 4144; x_wconf 81' lang='lat' dir='ltr'><strong>alter</strong></span> <span class='ocrx_word' id='word_1_563' title='bbox 676 4082 986 4150; x_wconf 80' lang='lat' dir='ltr'><strong>incepisset,</strong></span> <span class='ocrx_word' id='word_1_564' title='bbox 1024 4080 1265 4130; x_wconf 83' lang='lat' dir='ltr'><strong>tacerent</strong></span> <span class='ocrx_word' id='word_1_565' title='bbox 1296 4090 1307 4125; x_wconf 93' lang='lat'><strong>:</strong></span> <span class='ocrx_word' id='word_1_566' title='bbox 1342 4067 1584 4141; x_wconf 86' lang='lat' dir='ltr'><strong>procedit</strong></span> <span class='ocrx_word' id='word_1_567' title='bbox 1606 4064 1821 4119; x_wconf 90' lang='lat' dir='ltr'><strong>demum</strong></span> <span class='ocrx_word' id='word_1_568' title='bbox 1842 4060 2015 4125; x_wconf 89' lang='lat' dir='ltr'><strong>etiam</strong></span> <span class='ocrx_word' id='word_1_569' title='bbox 2036 4055 2103 4111; x_wconf 91' lang='lat' dir='ltr'><strong>ad</strong></span> 
     </span>
    </p>
   </div>
   <div class='ocr_carea' id='block_1_72' title="bbox 512 4158 2107 4248">
    <p class='ocr_par' dir='ltr' id='par_1_72' title="bbox 512 4158 2107 4248">
     <span class='ocr_line' id='line_1_72' title="bbox 512 4158 2107 4248; baseline -0.019 -16"><span class='ocrx_word' id='word_1_570' title='bbox 512 4175 970 4248; x_wconf 85' lang='lat' dir='ltr'><strong>perturbationem</strong></span> <span class='ocrx_word' id='word_1_571' title='bbox 994 4184 1113 4240; x_wconf 68' lang='lat' dir='ltr'><strong>qua:</strong></span> <span class='ocrx_word' id='word_1_572' title='bbox 1139 4167 1312 4221; x_wconf 92' lang='lat' dir='ltr'><strong>oritur</strong></span> <span class='ocrx_word' id='word_1_573' title='bbox 1334 4179 1400 4219; x_wconf 88' lang='lat' dir='ltr'><strong>ex</strong></span> <span class='ocrx_word' id='word_1_574' title='bbox 1430 4158 1747 4216; x_wconf 85' lang='lat' dir='ltr'><strong>mulieribus</strong></span> <span class='ocrx_word' id='word_1_575' title='bbox 1778 4196 1792 4220; x_wconf 91' lang='lat'><strong>,</strong></span> <span class='ocrx_word' id='word_1_576' title='bbox 1822 4159 2107 4222; x_wconf 88' lang='lat' dir='ltr'><strong>amputans</strong></span> 
     </span>
    </p>
   </div>
   <div class='ocr_carea' id='block_1_73' title="bbox 510 4243 2109 4337">
    <p class='ocr_par' dir='ltr' id='par_1_73' title="bbox 510 4243 2109 4337">
     <span class='ocr_line' id='line_1_73' title="bbox 510 4243 2109 4337; baseline -0.019 -10"><span class='ocrx_word' id='word_1_577' title='bbox 510 4243 693 4327; x_wconf 77' lang='lat' dir='ltr'><strong>earum</strong></span> <span class='ocrx_word' id='word_1_578' title='bbox 726 4268 1087 4337; x_wconf 90' lang='lat' dir='ltr'><strong>importunam</strong></span> <span class='ocrx_word' id='word_1_579' title='bbox 1119 4257 1369 4330; x_wconf 88' lang='lat' dir='ltr'><strong>loquendi</strong></span> <span class='ocrx_word' id='word_1_580' title='bbox 1405 4255 1704 4309; x_wconf 89' lang='lat' dir='ltr'><strong>libertatem</strong></span> <span class='ocrx_word' id='word_1_581' title='bbox 1728 4249 1919 4319; x_wconf 87' lang='lat' dir='ltr'><strong>:idque</strong></span> <span class='ocrx_word' id='word_1_582' title='bbox 1949 4243 2109 4299; x_wconf 86' lang='lat' dir='ltr'><strong>valde</strong></span> 
     </span>
    </p>
   </div>
   <div class='ocr_carea' id='block_1_74' title="bbox 511 4344 2107 4432">
    <p class='ocr_par' dir='ltr' id='par_1_74' title="bbox 511 4344 2107 4432">
     <span class='ocr_line' id='line_1_74' title="bbox 511 4344 2107 4432; baseline -0.015 -17"><span class='ocrx_word' id='word_1_583' title='bbox 511 4371 830 4432; x_wconf 86' lang='lat' dir='ltr'><strong>opportune.</strong></span> <span class='ocrx_word' id='word_1_584' title='bbox 863 4358 995 4412; x_wconf 84' lang='lat' dir='ltr'><strong>Nam</strong></span> <span class='ocrx_word' id='word_1_585' title='bbox 1023 4355 1067 4409; x_wconf 90' lang='lat' dir='ltr'><strong>si</strong></span> <span class='ocrx_word' id='word_1_586' title='bbox 1102 4354 1165 4407; x_wconf 92' lang='lat' dir='ltr'><strong>iis</strong></span> <span class='ocrx_word' id='word_1_587' title='bbox 1188 4394 1202 4419; x_wconf 94' lang='lat'><strong>,</strong></span> <span class='ocrx_word' id='word_1_588' title='bbox 1232 4351 1323 4421; x_wconf 89' lang='lat' dir='ltr'><strong>qui</strong></span> <span class='ocrx_word' id='word_1_589' title='bbox 1354 4349 1554 4404; x_wconf 89' lang='lat' dir='ltr'><strong>habent</strong></span> <span class='ocrx_word' id='word_1_590' title='bbox 1582 4344 1908 4401; x_wconf 86' lang='lat' dir='ltr'><strong>charismata</strong></span> <span class='ocrx_word' id='word_1_591' title='bbox 1938 4381 1954 4407; x_wconf 90' lang='lat'><strong>,</strong></span> <span class='ocrx_word' id='word_1_592' title='bbox 2000 4353 2107 4394; x_wconf 90' lang='lat' dir='ltr'><strong>non</strong></span> 
     </span>
    </p>
   </div>
   <div class='ocr_carea' id='block_1_75' title="bbox 514 4431 2107 4522">
    <p class='ocr_par' dir='ltr' id='par_1_75' title="bbox 514 4431 2107 4522">
     <span class='ocr_line' id='line_1_75' title="bbox 514 4431 2107 4522; baseline -0.013 -17"><span class='ocrx_word' id='word_1_593' title='bbox 514 4431 839 4522; x_wconf 85' lang='lat' dir='ltr'><strong>permittitur</strong></span> <span class='ocrx_word' id='word_1_594' title='bbox 875 4459 1079 4503; x_wconf 85' lang='lat' dir='ltr'><strong>temere</strong></span> <span class='ocrx_word' id='word_1_595' title='bbox 1108 4444 1250 4515; x_wconf 91' lang='lat' dir='ltr'><strong>loqui</strong></span> <span class='ocrx_word' id='word_1_596' title='bbox 1284 4486 1299 4510; x_wconf 92' lang='lat'><strong>,</strong></span> <span class='ocrx_word' id='word_1_597' title='bbox 1334 4456 1510 4512; x_wconf 90' lang='lat' dir='ltr'><strong>neque</strong></span> <span class='ocrx_word' id='word_1_598' title='bbox 1540 4437 1755 4509; x_wconf 89' lang='lat' dir='ltr'><strong>quando</strong></span> <span class='ocrx_word' id='word_1_599' title='bbox 1792 4435 1998 4499; x_wconf 87' lang='lat' dir='ltr'><strong>velint,</strong></span> <span class='ocrx_word' id='word_1_600' title='bbox 2026 4431 2107 4486; x_wconf 83' lang='lat' dir='ltr'><strong>id-</strong></span> 
     </span>
    </p>
   </div>
   <div class='ocr_carea' id='block_1_76' title="bbox 512 4524 2106 4614">
    <p class='ocr_par' dir='ltr' id='par_1_76' title="bbox 512 4524 2106 4614">
     <span class='ocr_line' id='line_1_76' title="bbox 512 4524 2106 4614; baseline -0.014 -17"><span class='ocrx_word' id='word_1_601' title='bbox 512 4557 617 4614; x_wconf 87' lang='lat' dir='ltr'><strong>que</strong></span> <span class='ocrx_word' id='word_1_602' title='bbox 648 4557 769 4596; x_wconf 89' lang='lat' dir='ltr'><strong>cum</strong></span> <span class='ocrx_word' id='word_1_603' title='bbox 804 4547 1118 4595; x_wconf 90' lang='lat' dir='ltr'><strong>moveantur</strong></span> <span class='ocrx_word' id='word_1_604' title='bbox 1142 4553 1171 4589; x_wconf 89' lang='lat' dir='ltr'><strong>a</strong></span> <span class='ocrx_word' id='word_1_605' title='bbox 1194 4534 1399 4606; x_wconf 88' lang='lat' dir='ltr'><strong>Spirittt</strong></span> <span class='ocrx_word' id='word_1_606' title='bbox 1428 4575 1442 4599; x_wconf 93' lang='lat'><strong>,</strong></span> <span class='ocrx_word' id='word_1_607' title='bbox 1472 4532 1642 4586; x_wconf 88' lang='lat' dir='ltr'><strong>multo</strong></span> <span class='ocrx_word' id='word_1_608' title='bbox 1680 4527 1853 4597; x_wconf 80' lang='lat' dir='ltr'><strong>magis</strong></span> <span class='ocrx_word' id='word_1_609' title='bbox 1884 4525 1988 4579; x_wconf 81' lang='lat' dir='ltr'><strong>illis</strong></span> <span class='ocrx_word' id='word_1_610' title='bbox 2026 4524 2106 4577; x_wconf 84' lang='lat' dir='ltr'><strong>in-</strong></span> 
     </span>
    </p>
   </div>
   <div class='ocr_carea' id='block_1_77' title="bbox 512 4621 2109 4698">
    <p class='ocr_par' dir='ltr' id='par_1_77' title="bbox 512 4621 2109 4698">
     <span class='ocr_line' id='line_1_77' title="bbox 512 4621 2109 4698; baseline -0.014 -7"><span class='ocrx_word' id='word_1_611' title='bbox 512 4632 854 4691; x_wconf 90' lang='lat' dir='ltr'><strong>considerate</strong></span> <span class='ocrx_word' id='word_1_612' title='bbox 900 4640 955 4685; x_wconf 91' lang='lat' dir='ltr'><strong>et</strong></span> <span class='ocrx_word' id='word_1_613' title='bbox 995 4644 1129 4685; x_wconf 90' lang='lat' dir='ltr'><strong>vane</strong></span> <span class='ocrx_word' id='word_1_614' title='bbox 1172 4626 1517 4698; x_wconf 77' lang='lat' dir='ltr'><strong>negantibus.</strong></span> <span class='ocrx_word' id='word_1_615' title='bbox 1573 4621 1865 4691; x_wconf 85' lang='lat' dir='ltr'><strong>Propterea</strong></span> <span class='ocrx_word' id='word_1_616' title='bbox 1918 4630 2109 4686; x_wconf 86' lang='lat' dir='ltr'><strong>magna</strong></span> 
     </span>
    </p>
   </div>
   <div class='ocr_carea' id='block_1_78' title="bbox 510 4708 2109 4800">
    <p class='ocr_par' dir='ltr' id='par_1_78' title="bbox 510 4708 2109 4800">
     <span class='ocr_line' id='line_1_78' title="bbox 510 4708 2109 4800; baseline -0.014 -18"><span class='ocrx_word' id='word_1_617' title='bbox 510 4740 725 4800; x_wconf 86' lang='lat' dir='ltr'><strong>quoque</strong></span> <span class='ocrx_word' id='word_1_618' title='bbox 750 4737 872 4778; x_wconf 91' lang='lat' dir='ltr'><strong>cum</strong></span> <span class='ocrx_word' id='word_1_619' title='bbox 902 4723 1223 4775; x_wconf 85' lang='lat' dir='ltr'><strong>auctoritate</strong></span> <span class='ocrx_word' id='word_1_620' title='bbox 1250 4717 1565 4790; x_wconf 87' lang='lat' dir='ltr'><strong>nugantinm</strong></span> <span class='ocrx_word' id='word_1_621' title='bbox 1600 4728 1694 4769; x_wconf 88' lang='lat' dir='ltr'><strong>ora</strong></span> <span class='ocrx_word' id='word_1_622' title='bbox 1726 4708 1959 4765; x_wconf 89' lang='lat' dir='ltr'><strong>obstruit</strong></span> <span class='ocrx_word' id='word_1_623' title='bbox 1988 4723 2005 4772; x_wconf 87' lang='lat'><strong>;</strong></span> <span class='ocrx_word' id='word_1_624' title='bbox 2055 4714 2109 4760; x_wconf 92' lang='lat' dir='ltr'><strong>et</strong></span> 
     </span>
    </p>
   </div>
   <div class='ocr_carea' id='block_1_79' title="bbox 512 4798 2108 4891">
    <p class='ocr_par' dir='ltr' id='par_1_79' title="bbox 512 4798 2108 4891">
     <span class='ocr_line' id='line_1_79' title="bbox 512 4798 2108 4891; baseline -0.018 -13"><span class='ocrx_word' id='word_1_625' title='bbox 512 4798 630 4891; x_wconf 81' lang='lat' dir='ltr'><strong>lege</strong></span> <span class='ocrx_word' id='word_1_626' title='bbox 668 4831 850 4874; x_wconf 85' lang='lat' dir='ltr'><strong>secum</strong></span> <span class='ocrx_word' id='word_1_627' title='bbox 890 4820 1166 4881; x_wconf 81' lang='lat' dir='ltr'><strong>assumpta</strong></span> <span class='ocrx_word' id='word_1_628' title='bbox 1202 4852 1217 4877; x_wconf 89' lang='lat'><strong>,</strong></span> <span class='ocrx_word' id='word_1_629' title='bbox 1246 4825 1433 4865; x_wconf 91' lang='lat' dir='ltr'><strong>eorum</strong></span> <span class='ocrx_word' id='word_1_630' title='bbox 1470 4808 1548 4862; x_wconf 91' lang='lat' dir='ltr'><strong>sic</strong></span> <span class='ocrx_word' id='word_1_631' title='bbox 1575 4820 1669 4863; x_wconf 84' lang='lat' dir='ltr'><strong>ora</strong></span> <span class='ocrx_word' id='word_1_632' title='bbox 1709 4803 1946 4859; x_wconf 88' lang='lat' dir='ltr'><strong>obturat.</strong></span> <span class='ocrx_word' id='word_1_633' title='bbox 1990 4798 2108 4852; x_wconf 83' lang='lat' dir='ltr'><strong>Non</strong></span> 
     </span>
    </p>
   </div>
   <div class='ocr_carea' id='block_1_80' title="bbox 513 4891 2107 4970">
    <p class='ocr_par' dir='ltr' id='par_1_80' title="bbox 513 4891 2107 4970">
     <span class='ocr_line' id='line_1_80' title="bbox 513 4891 2107 4970; baseline -0.016 -2"><span class='ocrx_word' id='word_1_634' title='bbox 513 4914 687 4968; x_wconf 83' lang='lat' dir='ltr'><strong>solum</strong></span> <span class='ocrx_word' id='word_1_635' title='bbox 733 4910 877 4966; x_wconf 92' lang='lat' dir='ltr'><strong>enim</strong></span> <span class='ocrx_word' id='word_1_636' title='bbox 923 4907 1009 4961; x_wconf 90' lang='lat' dir='ltr'><strong>hic</strong></span> <span class='ocrx_word' id='word_1_637' title='bbox 1033 4902 1226 4960; x_wconf 86' lang='lat' dir='ltr'><strong>suadet</strong></span> <span class='ocrx_word' id='word_1_638' title='bbox 1256 4942 1271 4965; x_wconf 90' lang='lat'><strong>,</strong></span> <span class='ocrx_word' id='word_1_639' title='bbox 1304 4915 1480 4970; x_wconf 87' lang='lat' dir='ltr'><strong>neque</strong></span> <span class='ocrx_word' id='word_1_640' title='bbox 1514 4897 1788 4961; x_wconf 88' lang='lat' dir='ltr'><strong>consulit,</strong></span> <span class='ocrx_word' id='word_1_641' title='bbox 1820 4893 1915 4949; x_wconf 92' lang='lat' dir='ltr'><strong>sed</strong></span> <span class='ocrx_word' id='word_1_642' title='bbox 1945 4891 2107 4946; x_wconf 87' lang='lat' dir='ltr'><strong>etiam</strong></span> 
     </span>
    </p>
   </div>
   <div class='ocr_carea' id='block_1_81' title="bbox 514 4983 2111 5070">
    <p class='ocr_par' dir='ltr' id='par_1_81' title="bbox 514 4983 2111 5070">
     <span class='ocr_line' id='line_1_81' title="bbox 514 4983 2111 5070; baseline -0.015 -11"><span class='ocrx_word' id='word_1_643' title='bbox 514 5004 863 5059; x_wconf 78' lang='lat' dir='ltr'><strong>vehementer</strong></span> <span class='ocrx_word' id='word_1_644' title='bbox 892 5002 1120 5070; x_wconf 89' lang='lat' dir='ltr'><strong>imperat</strong></span> <span class='ocrx_word' id='word_1_645' title='bbox 1150 5036 1166 5061; x_wconf 84' lang='lat'><strong>,</strong></span> <span class='ocrx_word' id='word_1_646' title='bbox 1201 4996 1387 5066; x_wconf 84' lang='lat' dir='ltr'><strong>legens</strong></span> <span class='ocrx_word' id='word_1_647' title='bbox 1422 4989 1697 5058; x_wconf 90' lang='lat' dir='ltr'><strong>antiquam</strong></span> <span class='ocrx_word' id='word_1_648' title='bbox 1731 4986 1814 5039; x_wconf 89' lang='lat' dir='ltr'><strong>his</strong></span> <span class='ocrx_word' id='word_1_649' title='bbox 1852 4985 1919 5037; x_wconf 92' lang='lat' dir='ltr'><strong>de</strong></span> <span class='ocrx_word' id='word_1_650' title='bbox 1948 4983 2111 5037; x_wconf 90' lang='lat' dir='ltr'><strong>rebus</strong></span> 
     </span>
    </p>
   </div>
   <div class='ocr_carea' id='block_1_82' title="bbox 516 5074 2115 5167">
    <p class='ocr_par' dir='ltr' id='par_1_82' title="bbox 516 5074 2115 5167">
     <span class='ocr_line' id='line_1_82' title="bbox 516 5074 2115 5167; baseline -0.018 -16"><span class='ocrx_word' id='word_1_651' title='bbox 516 5098 713 5167; x_wconf 79' lang='lat' dir='ltr'><strong>legem.</strong></span> <span class='ocrx_word' id='word_1_652' title='bbox 744 5092 877 5151; x_wconf 86' lang='lat' dir='ltr'><strong>Nam</strong></span> <span class='ocrx_word' id='word_1_653' title='bbox 904 5106 1024 5147; x_wconf 90' lang='lat' dir='ltr'><strong>cum</strong></span> <span class='ocrx_word' id='word_1_654' title='bbox 1059 5091 1285 5145; x_wconf 76' lang='lat' dir='ltr'><strong>dixisset</strong></span> <span class='ocrx_word' id='word_1_655' title='bbox 1318 5104 1332 5142; x_wconf 89' lang='lat'><strong>:</strong></span> <span class='ocrx_word' id='word_1_656' title='bbox 1366 5082 1612 5139; x_wconf 74' lang='lat' dir='ltr'><strong>Mulieres</strong></span> <span class='ocrx_word' id='word_1_657' title='bbox 1641 5086 1817 5131; x_wconf 73' lang='lat' dir='ltr'><strong>vestrae</strong></span> <span class='ocrx_word' id='word_1_658' title='bbox 1864 5074 1917 5127; x_wconf 83' lang='lat' dir='ltr'><strong>in</strong></span> <span class='ocrx_word' id='word_1_659' title='bbox 1956 5074 2115 5126; x_wconf 83' lang='lat' dir='ltr'><strong>eccle-</strong></span> 
     </span>
    </p>
   </div>
   <div class='ocr_carea' id='block_1_83' title="bbox 512 5165 2115 5252">
    <p class='ocr_par' dir='ltr' id='par_1_83' title="bbox 512 5165 2115 5252">
     <span class='ocr_line' id='line_1_83' title="bbox 512 5165 2115 5252; baseline -0.017 -7"><span class='ocrx_word' id='word_1_660' title='bbox 512 5165 599 5245; x_wconf 80' lang='lat' dir='ltr'><strong>siis</strong></span> <span class='ocrx_word' id='word_1_661' title='bbox 622 5194 841 5252; x_wconf 82' lang='lat' dir='ltr'><strong>taceant,</strong></span> <span class='ocrx_word' id='word_1_662' title='bbox 868 5192 953 5247; x_wconf 87' lang='lat' dir='ltr'><strong>et,</strong></span> <span class='ocrx_word' id='word_1_663' title='bbox 986 5180 1107 5237; x_wconf 89' lang='lat' dir='ltr'><strong>Non</strong></span> <span class='ocrx_word' id='word_1_664' title='bbox 1136 5179 1442 5251; x_wconf 86' lang='lat' dir='ltr'><strong>permittitur</strong></span> <span class='ocrx_word' id='word_1_665' title='bbox 1466 5176 1535 5229; x_wconf 86' lang='lat' dir='ltr'><strong>eis</strong></span> <span class='ocrx_word' id='word_1_666' title='bbox 1558 5170 1731 5242; x_wconf 83' lang='lat' dir='ltr'><strong>loqui,</strong></span> <span class='ocrx_word' id='word_1_667' title='bbox 1755 5168 1844 5252; x_wconf 76' lang='lat' dir='ltr'><strong>sed</strong></span> <span class='ocrx_word' id='word_1_668' title='bbox 1865 5165 2115 5235; x_wconf 77' lang='lat' dir='ltr'><strong>subjectus</strong></span> 
     </span>
    </p>
   </div>
   <div class='ocr_carea' id='block_1_84' title="bbox 514 5249 2114 5348">
    <p class='ocr_par' dir='ltr' id='par_1_84' title="bbox 514 5249 2114 5348">
     <span class='ocr_line' id='line_1_84' title="bbox 514 5249 2114 5348; baseline -0.015 -13"><span class='ocrx_word' id='word_1_669' title='bbox 514 5298 619 5335; x_wconf 81' lang='lat' dir='ltr'><strong>esse</strong></span> <span class='ocrx_word' id='word_1_670' title='bbox 648 5322 663 5346; x_wconf 94' lang='lat'><strong>,</strong></span> <span class='ocrx_word' id='word_1_671' title='bbox 696 5249 974 5348; x_wconf 80' lang='lat' dir='ltr'><strong>subiunxit</strong></span> <span class='ocrx_word' id='word_1_672' title='bbox 1008 5291 1021 5328; x_wconf 92' lang='lat'>:</span> <span class='ocrx_word' id='word_1_673' title='bbox 1051 5249 1199 5327; x_wconf 78' lang='lat' dir='ltr'><strong>Sicut</strong></span> <span class='ocrx_word' id='word_1_674' title='bbox 1227 5278 1273 5324; x_wconf 79' lang='lat' dir='ltr'><strong>et</strong></span> <span class='ocrx_word' id='word_1_675' title='bbox 1309 5269 1389 5323; x_wconf 76' lang='lat' dir='ltr'><strong>lea:</strong></span> <span class='ocrx_word' id='word_1_676' title='bbox 1423 5268 1567 5320; x_wconf 83' lang='lat' dir='ltr'><strong>dicit.</strong></span> <span class='ocrx_word' id='word_1_677' title='bbox 1609 5265 1679 5320; x_wconf 83' lang='lat' dir='ltr'><strong>Et</strong></span> <span class='ocrx_word' id='word_1_678' title='bbox 1726 5249 1817 5318; x_wconf 72' lang='lat' dir='ltr'><strong>ubi</strong></span> <span class='ocrx_word' id='word_1_679' title='bbox 1849 5259 1953 5314; x_wconf 85' lang='lat' dir='ltr'><strong>hoc</strong></span> <span class='ocrx_word' id='word_1_680' title='bbox 1983 5257 2114 5311; x_wconf 84' lang='lat' dir='ltr'><strong>dicit</strong></span> 
     </span>
    </p>
   </div>
   <div class='ocr_carea' id='block_1_85' title="bbox 513 5352 2111 5427">
    <p class='ocr_par' dir='ltr' id='par_1_85' title="bbox 513 5352 2111 5427">
     <span class='ocr_line' id='line_1_85' title="bbox 513 5352 2111 5427; baseline -0.016 0"><span class='ocrx_word' id='word_1_681' title='bbox 513 5374 599 5427; x_wconf 84' lang='lat' dir='ltr'><strong>lex</strong></span> <span class='ocrx_word' id='word_1_682' title='bbox 632 5376 655 5425; x_wconf 68' lang='grc' dir='ltr'><strong>ζ’</strong></span> <span class='ocrx_word' id='word_1_683' title='bbox 686 5370 764 5423; x_wconf 77' lang='lat' dir='ltr'><strong>Ad</strong></span> <span class='ocrx_word' id='word_1_684' title='bbox 788 5369 952 5422; x_wconf 81' lang='lat' dir='ltr'><strong>virum</strong></span> <span class='ocrx_word' id='word_1_685' title='bbox 974 5376 1116 5422; x_wconf 81' lang='lat' dir='ltr'><strong>tuum</strong></span> <span class='ocrx_word' id='word_1_686' title='bbox 1146 5361 1406 5419; x_wconf 76' lang='lat' dir='ltr'><strong>conversio</strong></span> <span class='ocrx_word' id='word_1_687' title='bbox 1430 5369 1538 5423; x_wconf 88' lang='lat' dir='ltr'><strong>tua,</strong></span> <span class='ocrx_word' id='word_1_688' title='bbox 1570 5367 1619 5412; x_wconf 81' lang='lat' dir='ltr'><strong>et</strong></span> <span class='ocrx_word' id='word_1_689' title='bbox 1639 5358 1747 5426; x_wconf 87' lang='lat' dir='ltr'><strong>ipse</strong></span> <span class='ocrx_word' id='word_1_690' title='bbox 1773 5355 1863 5411; x_wconf 79' lang='lat' dir='ltr'><strong>tibi</strong></span> <span class='ocrx_word' id='word_1_691' title='bbox 1883 5352 2111 5407; x_wconf 62' lang='lat' dir='ltr'><strong>dentium</strong></span> 
     </span>
    </p>
   </div>
   <div class='ocr_carea' id='block_1_86' title="bbox 516 5448 2117 5535">
    <p class='ocr_par' dir='ltr' id='par_1_86' title="bbox 516 5448 2117 5535">
     <span class='ocr_line' id='line_1_86' title="bbox 516 5448 2117 5535; baseline -0.014 -14"><span class='ocrx_word' id='word_1_692' title='bbox 516 5468 649 5521; x_wconf 85' lang='lat' dir='ltr'><strong>bitur</strong></span> <span class='ocrx_word' id='word_1_693' title='bbox 702 5464 721 5535; x_wconf 91' lang='lat'><strong>(</strong></span> <span class='ocrx_word' id='word_1_694' title='bbox 749 5462 877 5516; x_wconf 85' lang='lat' dir='ltr'><strong>Gen.</strong></span> <span class='ocrx_word' id='word_1_695' title='bbox 905 5463 960 5521; x_wconf 80' lang='lat'><strong>3,</strong></span> <span class='ocrx_word' id='word_1_696' title='bbox 995 5460 1059 5515; x_wconf 89' lang='lat' dir='ltr'><strong>l6</strong></span> <span class='ocrx_word' id='word_1_697' title='bbox 1097 5460 1136 5532; x_wconf 92' lang='lat'><strong>).</strong></span> <span class='ocrx_word' id='word_1_698' title='bbox 1169 5454 1419 5530; x_wconf 76' lang='lat' dir='ltr'><strong>Vidistin’</strong></span> <span class='ocrx_word' id='word_1_699' title='bbox 1464 5451 1613 5511; x_wconf 82' lang='lat' dir='ltr'><strong>Pauli</strong></span> <span class='ocrx_word' id='word_1_700' title='bbox 1666 5448 1983 5518; x_wconf 86' lang='lat' dir='ltr'><strong>sapientiam</strong></span> <span class='ocrx_word' id='word_1_701' title='bbox 2010 5488 2025 5513; x_wconf 93' lang='lat'><strong>,</strong></span> <span class='ocrx_word' id='word_1_702' title='bbox 2059 5453 2117 5499; x_wconf 88' lang='lat' dir='ltr'><strong>et</strong></span> 
     </span>
    </p>
   </div>
   <div class='ocr_carea' id='block_1_87' title="bbox 516 5540 2114 5631">
    <p class='ocr_par' dir='ltr' id='par_1_87' title="bbox 516 5540 2114 5631">
     <span class='ocr_line' id='line_1_87' title="bbox 516 5540 2114 5631; baseline -0.017 -15"><span class='ocrx_word' id='word_1_703' title='bbox 516 5569 770 5631; x_wconf 88' lang='lat' dir='ltr'><strong>quantum</strong></span> <span class='ocrx_word' id='word_1_704' title='bbox 795 5553 1080 5610; x_wconf 78' lang='lat' dir='ltr'><strong>adduxerit</strong></span> <span class='ocrx_word' id='word_1_705' title='bbox 1113 5548 1507 5612; x_wconf 90' lang='lat' dir='ltr'><strong>testimonium,</strong></span> <span class='ocrx_word' id='word_1_706' title='bbox 1527 5541 1670 5614; x_wconf 90' lang='lat' dir='ltr'><strong>quod</strong></span> <span class='ocrx_word' id='word_1_707' title='bbox 1700 5556 1804 5594; x_wconf 89' lang='lat' dir='ltr'><strong>non</strong></span> <span class='ocrx_word' id='word_1_708' title='bbox 1827 5540 2000 5593; x_wconf 89' lang='lat' dir='ltr'><strong>solum</strong></span> <span class='ocrx_word' id='word_1_709' title='bbox 2020 5551 2114 5593; x_wconf 88' lang='lat' dir='ltr'><strong>eas</strong></span> 
     </span>
    </p>
   </div>
   <div class='ocr_carea' id='block_1_88' title="bbox 512 5642 2113 5724">
    <p class='ocr_par' dir='ltr' id='par_1_88' title="bbox 512 5642 2113 5724">
     <span class='ocr_line' id='line_1_88' title="bbox 512 5642 2113 5724; baseline -0.017 -15"><span class='ocrx_word' id='word_1_710' title='bbox 512 5656 699 5724; x_wconf 89' lang='lat' dir='ltr'><strong>iubeat</strong></span> <span class='ocrx_word' id='word_1_711' title='bbox 722 5661 899 5706; x_wconf 86' lang='lat' dir='ltr'><strong>tacere</strong></span> <span class='ocrx_word' id='word_1_712' title='bbox 925 5689 942 5716; x_wconf 96' lang='lat'><strong>,</strong></span> <span class='ocrx_word' id='word_1_713' title='bbox 983 5645 1077 5701; x_wconf 88' lang='lat' dir='ltr'><strong>sed</strong></span> <span class='ocrx_word' id='word_1_714' title='bbox 1119 5646 1279 5699; x_wconf 89' lang='lat' dir='ltr'><strong>etiam</strong></span> <span class='ocrx_word' id='word_1_715' title='bbox 1306 5653 1486 5697; x_wconf 87' lang='lat' dir='ltr'><strong>tacere</strong></span> <span class='ocrx_word' id='word_1_716' title='bbox 1509 5652 1632 5691; x_wconf 88' lang='lat' dir='ltr'><strong>cum</strong></span> <span class='ocrx_word' id='word_1_717' title='bbox 1673 5642 1818 5688; x_wconf 87' lang='lat' dir='ltr'><strong>metu</strong></span> <span class='ocrx_word' id='word_1_718' title='bbox 1846 5675 1863 5700; x_wconf 94' lang='lat'><strong>,</strong></span> <span class='ocrx_word' id='word_1_719' title='bbox 1910 5642 2113 5687; x_wconf 90' lang='lat' dir='ltr'><strong>etcum</strong></span> 
     </span>
    </p>
   </div>
   <div class='ocr_carea' id='block_1_89' title="bbox 521 5721 2115 5810">
    <p class='ocr_par' dir='ltr' id='par_1_89' title="bbox 521 5721 2115 5810">
     <span class='ocr_line' id='line_1_89' title="bbox 521 5721 2115 5810; baseline -0.017 -10"><span class='ocrx_word' id='word_1_720' title='bbox 521 5721 671 5799; x_wconf 84' lang='lat' dir='ltr'><strong>tanto</strong></span> <span class='ocrx_word' id='word_1_721' title='bbox 714 5752 880 5810; x_wconf 89' lang='lat' dir='ltr'><strong>metu,</strong></span> <span class='ocrx_word' id='word_1_722' title='bbox 910 5754 1034 5797; x_wconf 91' lang='lat' dir='ltr'><strong>cum</strong></span> <span class='ocrx_word' id='word_1_723' title='bbox 1087 5745 1290 5807; x_wconf 88' lang='lat' dir='ltr'><strong>quanto</strong></span> <span class='ocrx_word' id='word_1_724' title='bbox 1336 5731 1587 5789; x_wconf 89' lang='lat' dir='ltr'><strong>ancillam</strong></span> <span class='ocrx_word' id='word_1_725' title='bbox 1636 5733 1849 5797; x_wconf 90' lang='lat' dir='ltr'><strong>oportet</strong></span> <span class='ocrx_word' id='word_1_726' title='bbox 1902 5721 2115 5780; x_wconf 83' lang='lat' dir='ltr'><strong>silere?</strong></span> 
     </span>
    </p>
   </div>
   <div class='ocr_carea' id='block_1_90' title="bbox 520 5813 2111 5909">
    <p class='ocr_par' dir='ltr' id='par_1_90' title="bbox 520 5813 2111 5909">
     <span class='ocr_line' id='line_1_90' title="bbox 520 5813 2111 5909; baseline -0.021 -12"><span class='ocrx_word' id='word_1_727' title='bbox 520 5834 809 5909; x_wconf 76' lang='lat' dir='ltr'><strong>Propterea</strong></span> <span class='ocrx_word' id='word_1_728' title='bbox 832 5849 953 5891; x_wconf 90' lang='lat' dir='ltr'><strong>cum</strong></span> <span class='ocrx_word' id='word_1_729' title='bbox 974 5834 1086 5905; x_wconf 70' lang='lat' dir='ltr'><strong>ipse</strong></span> <span class='ocrx_word' id='word_1_730' title='bbox 1108 5826 1351 5893; x_wconf 87' lang='lat' dir='ltr'><strong>dixisset,</strong></span> <span class='ocrx_word' id='word_1_731' title='bbox 1383 5823 1499 5879; x_wconf 81' lang='lat' dir='ltr'><strong>Non</strong></span> <span class='ocrx_word' id='word_1_732' title='bbox 1527 5817 1832 5893; x_wconf 78' lang='lat' dir='ltr'><strong>permittitur</strong></span> <span class='ocrx_word' id='word_1_733' title='bbox 1854 5813 1924 5869; x_wconf 80' lang='lat' dir='ltr'><strong>eis</strong></span> <span class='ocrx_word' id='word_1_734' title='bbox 1955 5815 2111 5883; x_wconf 76' lang='lat' dir='ltr'><strong>loqur,</strong></span> 
     </span>
    </p>
   </div>
   <div class='ocr_carea' id='block_1_91' title="bbox 2201 3389 3810 3469">
    <p class='ocr_par' dir='ltr' id='par_1_91' title="bbox 2201 3389 3810 3469">
     <span class='ocr_line' id='line_1_91' title="bbox 2201 3389 3810 3469; baseline -0.008 -11"><span class='ocrx_word' id='word_1_735' title='bbox 2201 3416 2310 3458; x_wconf 92' lang='lat' dir='ltr'><strong>non</strong></span> <span class='ocrx_word' id='word_1_736' title='bbox 2338 3397 2637 3469; x_wconf 78' lang='lat' dir='ltr'><strong>subiunxit,</strong></span> <span class='ocrx_word' id='word_1_737' title='bbox 2658 3394 2765 3451; x_wconf 90' lang='lat' dir='ltr'><strong>Sed</strong></span> <span class='ocrx_word' id='word_1_738' title='bbox 2785 3402 2984 3458; x_wconf 86' lang='lat' dir='ltr'><strong>tacere,</strong></span> <span class='ocrx_word' id='word_1_739' title='bbox 3006 3393 3101 3448; x_wconf 86' lang='lat' dir='ltr'><strong>sed</strong></span> <span class='ocrx_word' id='word_1_740' title='bbox 3132 3407 3230 3461; x_wconf 91' lang='lat' dir='ltr'><strong>pro</strong></span> <span class='ocrx_word' id='word_1_741' title='bbox 3256 3399 3436 3447; x_wconf 90' lang='lat' dir='ltr'><strong>tacere</strong></span> <span class='ocrx_word' id='word_1_742' title='bbox 3463 3391 3641 3461; x_wconf 88' lang='lat' dir='ltr'><strong>posuit</strong></span> <span class='ocrx_word' id='word_1_743' title='bbox 3664 3389 3810 3460; x_wconf 84' lang='lat' dir='ltr'><strong>quod</strong></span> 
     </span>
    </p>
   </div>
   <div class='ocr_carea' id='block_1_92' title="bbox 2203 3482 3813 3560">
    <p class='ocr_par' dir='ltr' id='par_1_92' title="bbox 2203 3482 3813 3560">
     <span class='ocr_line' id='line_1_92' title="bbox 2203 3482 3813 3560; baseline -0.009 -12"><span class='ocrx_word' id='word_1_744' title='bbox 2203 3504 2287 3548; x_wconf 90' lang='lat' dir='ltr'><strong>est</strong></span> <span class='ocrx_word' id='word_1_745' title='bbox 2312 3491 2543 3560; x_wconf 88' lang='lat' dir='ltr'><strong>amplius</strong></span> <span class='ocrx_word' id='word_1_746' title='bbox 2572 3529 2587 3553; x_wconf 96' lang='lat'><strong>,</strong></span> <span class='ocrx_word' id='word_1_747' title='bbox 2625 3500 2820 3555; x_wconf 91' lang='lat' dir='ltr'><strong>nempe</strong></span> <span class='ocrx_word' id='word_1_748' title='bbox 2847 3484 3059 3553; x_wconf 89' lang='lat' dir='ltr'><strong>subjici.</strong></span> <span class='ocrx_word' id='word_1_749' title='bbox 3087 3482 3145 3538; x_wconf 90' lang='lat' dir='ltr'><strong>Si</strong></span> <span class='ocrx_word' id='word_1_750' title='bbox 3178 3483 3281 3538; x_wconf 90' lang='lat' dir='ltr'><strong>hoc</strong></span> <span class='ocrx_word' id='word_1_751' title='bbox 3310 3492 3491 3538; x_wconf 88' lang='lat' dir='ltr'><strong>autem</strong></span> <span class='ocrx_word' id='word_1_752' title='bbox 3525 3482 3668 3551; x_wconf 90' lang='lat' dir='ltr'><strong>apud</strong></span> <span class='ocrx_word' id='word_1_753' title='bbox 3694 3497 3813 3549; x_wconf 85' lang='lat' dir='ltr'><strong>ma-</strong></span> 
     </span>
    </p>
   </div>
   <div class='ocr_carea' id='block_1_93' title="bbox 2206 3572 3809 3650">
    <p class='ocr_par' dir='ltr' id='par_1_93' title="bbox 2206 3572 3809 3650">
     <span class='ocr_line' id='line_1_93' title="bbox 2206 3572 3809 3650; baseline -0.011 -8"><span class='ocrx_word' id='word_1_754' title='bbox 2206 3588 2341 3643; x_wconf 91' lang='lat' dir='ltr'><strong>ritos</strong></span> <span class='ocrx_word' id='word_1_755' title='bbox 2372 3625 2388 3649; x_wconf 93' lang='lat'><strong>,</strong></span> <span class='ocrx_word' id='word_1_756' title='bbox 2428 3580 2603 3637; x_wconf 90' lang='lat' dir='ltr'><strong>multo</strong></span> <span class='ocrx_word' id='word_1_757' title='bbox 2633 3578 2805 3650; x_wconf 85' lang='lat' dir='ltr'><strong>magis</strong></span> <span class='ocrx_word' id='word_1_758' title='bbox 2845 3575 2986 3647; x_wconf 90' lang='lat' dir='ltr'><strong>apud</strong></span> <span class='ocrx_word' id='word_1_759' title='bbox 3018 3576 3271 3631; x_wconf 91' lang='lat' dir='ltr'><strong>doctores</strong></span> <span class='ocrx_word' id='word_1_760' title='bbox 3314 3583 3369 3629; x_wconf 91' lang='lat' dir='ltr'><strong>et</strong></span> <span class='ocrx_word' id='word_1_761' title='bbox 3415 3583 3598 3644; x_wconf 88' lang='lat' dir='ltr'><strong>patres</strong></span> <span class='ocrx_word' id='word_1_762' title='bbox 3623 3614 3639 3637; x_wconf 88' lang='lat'><strong>,</strong></span> <span class='ocrx_word' id='word_1_763' title='bbox 3672 3579 3729 3628; x_wconf 87' lang='lat' dir='ltr'><strong>et</strong></span> <span class='ocrx_word' id='word_1_764' title='bbox 3754 3572 3809 3626; x_wconf 91' lang='lat' dir='ltr'><strong>in</strong></span> 
     </span>
    </p>
   </div>
   <div class='ocr_carea' id='block_1_94' title="bbox 2208 3665 3811 3737">
    <p class='ocr_par' dir='ltr' id='par_1_94' title="bbox 2208 3665 3811 3737">
     <span class='ocr_line' id='line_1_94' title="bbox 2208 3665 3811 3737; baseline -0.01 -4"><span class='ocrx_word' id='word_1_765' title='bbox 2208 3674 2479 3733; x_wconf 87' lang='lat' dir='ltr'><strong>communi</strong></span> <span class='ocrx_word' id='word_1_766' title='bbox 2525 3680 2668 3729; x_wconf 84' lang='lat' dir='ltr'><strong>coetu</strong></span> <span class='ocrx_word' id='word_1_767' title='bbox 2696 3670 2965 3726; x_wconf 84' lang='lat' dir='ltr'><strong>ecclesiae.</strong></span> <span class='ocrx_word' id='word_1_768' title='bbox 3011 3670 3083 3723; x_wconf 83' lang='lat' dir='ltr'><strong>At</strong></span> <span class='ocrx_word' id='word_1_769' title='bbox 3124 3668 3169 3721; x_wconf 88' lang='lat' dir='ltr'><strong>si</strong></span> <span class='ocrx_word' id='word_1_770' title='bbox 3211 3680 3319 3721; x_wconf 92' lang='lat' dir='ltr'><strong>non</strong></span> <span class='ocrx_word' id='word_1_771' title='bbox 3357 3666 3648 3737; x_wconf 88' lang='lat' dir='ltr'><strong>loquantur</strong></span> <span class='ocrx_word' id='word_1_772' title='bbox 3676 3706 3691 3731; x_wconf 90' lang='lat'><strong>,</strong></span> <span class='ocrx_word' id='word_1_773' title='bbox 3724 3665 3811 3718; x_wconf 90' lang='lat' dir='ltr'><strong>in-</strong></span> 
     </span>
    </p>
   </div>
   <div class='ocr_carea' id='block_1_95' title="bbox 2208 3756 3813 3843">
    <p class='ocr_par' dir='ltr' id='par_1_95' title="bbox 2208 3756 3813 3843">
     <span class='ocr_line' id='line_1_95' title="bbox 2208 3756 3813 3843; baseline -0.009 -17"><span class='ocrx_word' id='word_1_774' title='bbox 2208 3772 2365 3843; x_wconf 90' lang='lat' dir='ltr'><strong>quies</strong></span> <span class='ocrx_word' id='word_1_775' title='bbox 2390 3809 2405 3833; x_wconf 91' lang='lat'><strong>,</strong></span> <span class='ocrx_word' id='word_1_776' title='bbox 2440 3782 2543 3823; x_wconf 89' lang='lat' dir='ltr'><strong>nec</strong></span> <span class='ocrx_word' id='word_1_777' title='bbox 2572 3766 2948 3834; x_wconf 88' lang='lat' dir='ltr'><strong>interrogent,</strong></span> <span class='ocrx_word' id='word_1_778' title='bbox 2975 3776 3210 3832; x_wconf 87' lang='lat' dir='ltr'><strong>quanam</strong></span> <span class='ocrx_word' id='word_1_779' title='bbox 3237 3760 3306 3816; x_wconf 92' lang='lat' dir='ltr'><strong>de</strong></span> <span class='ocrx_word' id='word_1_780' title='bbox 3331 3774 3495 3815; x_wconf 88' lang='lat' dir='ltr'><strong>causa</strong></span> <span class='ocrx_word' id='word_1_781' title='bbox 3526 3758 3759 3843; x_wconf 72' lang='lat' dir='ltr'><strong>aderunt</strong></span> <span class='ocrx_word' id='word_1_782' title='bbox 3784 3756 3813 3812; x_wconf 65' lang='grc' dir='ltr'>ἓ</span> 
     </span>
    </p>
   </div>
   <div class='ocr_carea' id='block_1_96' title="bbox 2211 3820 3807 3928">
    <p class='ocr_par' dir='ltr' id='par_1_96' title="bbox 2211 3820 3807 3928">
     <span class='ocr_line' id='line_1_96' title="bbox 2211 3820 3807 3928; baseline -0.009 -9"><span class='ocrx_word' id='word_1_783' title='bbox 2211 3820 2279 3920; x_wconf 47' lang='lat' dir='ltr'><strong>{lt</strong></span> <span class='ocrx_word' id='word_1_784' title='bbox 2305 3860 2527 3916; x_wconf 88' lang='lat' dir='ltr'><strong>audiant</strong></span> <span class='ocrx_word' id='word_1_785' title='bbox 2545 3856 2764 3928; x_wconf 91' lang='lat' dir='ltr'><strong>quidem</strong></span> <span class='ocrx_word' id='word_1_786' title='bbox 2783 3820 2913 3924; x_wconf 54' lang='lat' dir='ltr'><strong>qua:</strong></span> <span class='ocrx_word' id='word_1_787' title='bbox 2933 3820 3185 3923; x_wconf 74' lang='lat' dir='ltr'><strong>oportet,</strong></span> <span class='ocrx_word' id='word_1_788' title='bbox 3213 3865 3277 3906; x_wconf 88' lang='lat' dir='ltr'><strong>ea</strong></span> <span class='ocrx_word' id='word_1_789' title='bbox 3303 3859 3486 3906; x_wconf 87' lang='lat' dir='ltr'><strong>autem</strong></span> <span class='ocrx_word' id='word_1_790' title='bbox 3512 3850 3583 3904; x_wconf 87' lang='lat' dir='ltr'><strong>de</strong></span> <span class='ocrx_word' id='word_1_791' title='bbox 3605 3820 3807 3919; x_wconf 71' lang='lat' dir='ltr'><strong>quibus</strong></span> 
     </span>
    </p>
   </div>
   <div class='ocr_carea' id='block_1_97' title="bbox 2210 3938 3810 4014">
    <p class='ocr_par' dir='ltr' id='par_1_97' title="bbox 2210 3938 3810 4014">
     <span class='ocr_line' id='line_1_97' title="bbox 2210 3938 3810 4014; baseline -0.011 -4"><span class='ocrx_word' id='word_1_792' title='bbox 2210 3954 2480 4014; x_wconf 88' lang='lat' dir='ltr'><strong>dubitant,</strong></span> <span class='ocrx_word' id='word_1_793' title='bbox 2506 3967 2538 4005; x_wconf 88' lang='lat' dir='ltr'><strong>a</strong></span> <span class='ocrx_word' id='word_1_794' title='bbox 2566 3947 2773 4004; x_wconf 88' lang='lat' dir='ltr'><strong>maritis</strong></span> <span class='ocrx_word' id='word_1_795' title='bbox 2804 3945 2950 4001; x_wconf 91' lang='lat' dir='ltr'><strong>domi</strong></span> <span class='ocrx_word' id='word_1_796' title='bbox 2977 3944 3212 3999; x_wconf 89' lang='lat' dir='ltr'><strong>discant.</strong></span> <span class='ocrx_word' id='word_1_797' title='bbox 3245 3940 3314 3995; x_wconf 87' lang='lat' dir='ltr'><strong>Et</strong></span> <span class='ocrx_word' id='word_1_798' title='bbox 3339 3940 3462 3995; x_wconf 93' lang='lat' dir='ltr'><strong>ideo</strong></span> <span class='ocrx_word' id='word_1_799' title='bbox 3489 3938 3765 4010; x_wconf 87' lang='lat' dir='ltr'><strong>subiunxit</strong></span> <span class='ocrx_word' id='word_1_800' title='bbox 3794 3956 3810 3993; x_wconf 90' lang='lat'><strong>:</strong></span> 
     </span>
    </p>
   </div>
   <div class='ocr_carea' id='block_1_98' title="bbox 2211 4032 3812 4113">
    <p class='ocr_par' dir='ltr' id='par_1_98' title="bbox 2211 4032 3812 4113">
     <span class='ocr_line' id='line_1_98' title="bbox 2211 4032 3812 4113; baseline -0.011 -12"><span class='ocrx_word' id='word_1_801' title='bbox 2211 4047 2302 4102; x_wconf 80' lang='grc'><strong>55.</strong></span> <span class='ocrx_word' id='word_1_802' title='bbox 2330 4046 2390 4100; x_wconf 85' lang='lat' dir='ltr'><strong>Si</strong></span> <span class='ocrx_word' id='word_1_803' title='bbox 2421 4042 2545 4113; x_wconf 84' lang='lat' dir='ltr'><strong>quid</strong></span> <span class='ocrx_word' id='word_1_804' title='bbox 2566 4052 2735 4095; x_wconf 83' lang='lat' dir='ltr'><strong>autem</strong></span> <span class='ocrx_word' id='word_1_805' title='bbox 2770 4039 2943 4092; x_wconf 84' lang='lat' dir='ltr'><strong>volunt</strong></span> <span class='ocrx_word' id='word_1_806' title='bbox 2985 4036 3177 4089; x_wconf 83' lang='lat' dir='ltr'><strong>discere</strong></span> <span class='ocrx_word' id='word_1_807' title='bbox 3202 4075 3217 4099; x_wconf 94' lang='lat'><strong>,</strong></span> <span class='ocrx_word' id='word_1_808' title='bbox 3250 4032 3388 4086; x_wconf 87' lang='lat' dir='ltr'><strong>domi</strong></span> <span class='ocrx_word' id='word_1_809' title='bbox 3414 4032 3549 4086; x_wconf 81' lang='lat' dir='ltr'><strong>uiros</strong></span> <span class='ocrx_word' id='word_1_810' title='bbox 3578 4047 3699 4086; x_wconf 85' lang='lat' dir='ltr'><strong>suos</strong></span> <span class='ocrx_word' id='word_1_811' title='bbox 3726 4032 3812 4085; x_wconf 84' lang='lat' dir='ltr'><strong>in-</strong></span> 
     </span>
    </p>
   </div>
   <div class='ocr_carea' id='block_1_99' title="bbox 2213 4121 3814 4206">
    <p class='ocr_par' dir='ltr' id='par_1_99' title="bbox 2213 4121 3814 4206">
     <span class='ocr_line' id='line_1_99' title="bbox 2213 4121 3814 4206; baseline -0.01 -15"><span class='ocrx_word' id='word_1_812' title='bbox 2213 4143 2484 4206; x_wconf 85' lang='lat' dir='ltr'><strong>terrogent.</strong></span> <span class='ocrx_word' id='word_1_813' title='bbox 2508 4133 2624 4187; x_wconf 85' lang='lat' dir='ltr'><strong>Non</strong></span> <span class='ocrx_word' id='word_1_814' title='bbox 2651 4131 2848 4195; x_wconf 89' lang='lat' dir='ltr'><strong>solum,</strong></span> <span class='ocrx_word' id='word_1_815' title='bbox 2879 4127 3069 4197; x_wconf 89' lang='lat' dir='ltr'><strong>inquit,</strong></span> <span class='ocrx_word' id='word_1_816' title='bbox 3100 4139 3205 4180; x_wconf 90' lang='lat' dir='ltr'><strong>non</strong></span> <span class='ocrx_word' id='word_1_817' title='bbox 3238 4124 3342 4178; x_wconf 90' lang='lat' dir='ltr'><strong>illis</strong></span> <span class='ocrx_word' id='word_1_818' title='bbox 3368 4122 3512 4193; x_wconf 90' lang='lat' dir='ltr'><strong>loqui</strong></span> <span class='ocrx_word' id='word_1_819' title='bbox 3542 4121 3814 4192; x_wconf 89' lang='lat' dir='ltr'><strong>permitti-</strong></span> 
     </span>
    </p>
   </div>
   <div class='ocr_carea' id='block_1_100' title="bbox 2214 4214 3812 4295">
    <p class='ocr_par' dir='ltr' id='par_1_100' title="bbox 2214 4214 3812 4295">
     <span class='ocr_line' id='line_1_100' title="bbox 2214 4214 3812 4295; baseline -0.011 -9"><span class='ocrx_word' id='word_1_820' title='bbox 2214 4240 2321 4295; x_wconf 91' lang='lat' dir='ltr'><strong>tur,</strong></span> <span class='ocrx_word' id='word_1_821' title='bbox 2353 4227 2447 4283; x_wconf 89' lang='lat' dir='ltr'><strong>sed</strong></span> <span class='ocrx_word' id='word_1_822' title='bbox 2478 4241 2577 4281; x_wconf 91' lang='lat' dir='ltr'><strong>nec</strong></span> <span class='ocrx_word' id='word_1_823' title='bbox 2604 4222 2806 4295; x_wconf 89' lang='lat' dir='ltr'><strong>aliquid</strong></span> <span class='ocrx_word' id='word_1_824' title='bbox 2837 4222 3169 4290; x_wconf 88' lang='lat' dir='ltr'><strong>interrogare</strong></span> <span class='ocrx_word' id='word_1_825' title='bbox 3193 4218 3243 4271; x_wconf 90' lang='lat' dir='ltr'><strong>in</strong></span> <span class='ocrx_word' id='word_1_826' title='bbox 3262 4215 3511 4271; x_wconf 77' lang='lat' dir='ltr'><strong>ecclesia.</strong></span> <span class='ocrx_word' id='word_1_827' title='bbox 3544 4214 3600 4269; x_wconf 91' lang='lat' dir='ltr'><strong>Si</strong></span> <span class='ocrx_word' id='word_1_828' title='bbox 3628 4222 3812 4269; x_wconf 88' lang='lat' dir='ltr'><strong>autem</strong></span> 
     </span>
    </p>
   </div>
   <div class='ocr_carea' id='block_1_101' title="bbox 2214 4304 3814 4391">
    <p class='ocr_par' dir='ltr' id='par_1_101' title="bbox 2214 4304 3814 4391">
     <span class='ocr_line' id='line_1_101' title="bbox 2214 4304 3814 4391; baseline -0.011 -13"><span class='ocrx_word' id='word_1_829' title='bbox 2214 4340 2320 4379; x_wconf 89' lang='lat' dir='ltr'><strong>non</strong></span> <span class='ocrx_word' id='word_1_830' title='bbox 2350 4329 2564 4391; x_wconf 90' lang='lat' dir='ltr'><strong>oportet</strong></span> <span class='ocrx_word' id='word_1_831' title='bbox 2590 4318 2947 4387; x_wconf 87' lang='lat' dir='ltr'><strong>interrogare,</strong></span> <span class='ocrx_word' id='word_1_832' title='bbox 2981 4311 3155 4367; x_wconf 89' lang='lat' dir='ltr'><strong>multo</strong></span> <span class='ocrx_word' id='word_1_833' title='bbox 3179 4310 3352 4380; x_wconf 88' lang='lat' dir='ltr'><strong>magis</strong></span> <span class='ocrx_word' id='word_1_834' title='bbox 3376 4306 3624 4363; x_wconf 86' lang='lat' dir='ltr'><strong>absolute</strong></span> <span class='ocrx_word' id='word_1_835' title='bbox 3658 4304 3814 4361; x_wconf 81' lang='lat' dir='ltr'><strong>nefas</strong></span> 
     </span>
    </p>
   </div>
   <div class='ocr_carea' id='block_1_102' title="bbox 2214 4396 3815 4484">
    <p class='ocr_par' dir='ltr' id='par_1_102' title="bbox 2214 4396 3815 4484">
     <span class='ocr_line' id='line_1_102' title="bbox 2214 4396 3815 4484; baseline -0.012 -14"><span class='ocrx_word' id='word_1_836' title='bbox 2214 4424 2296 4471; x_wconf 78' lang='lat' dir='ltr'><strong>est</strong></span> <span class='ocrx_word' id='word_1_837' title='bbox 2318 4413 2484 4484; x_wconf 92' lang='lat' dir='ltr'><strong>loqui.</strong></span> <span class='ocrx_word' id='word_1_838' title='bbox 2516 4411 2584 4466; x_wconf 88' lang='lat' dir='ltr'><strong>Et</strong></span> <span class='ocrx_word' id='word_1_839' title='bbox 2610 4424 2707 4465; x_wconf 93' lang='lat' dir='ltr'><strong>cur</strong></span> <span class='ocrx_word' id='word_1_840' title='bbox 2732 4422 2824 4461; x_wconf 90' lang='lat' dir='ltr'><strong>eas</strong></span> <span class='ocrx_word' id='word_1_841' title='bbox 2850 4406 2917 4460; x_wconf 91' lang='lat' dir='ltr'><strong>ad</strong></span> <span class='ocrx_word' id='word_1_842' title='bbox 2942 4414 3141 4459; x_wconf 89' lang='lat' dir='ltr'><strong>tantam</strong></span> <span class='ocrx_word' id='word_1_843' title='bbox 3165 4400 3373 4470; x_wconf 87' lang='lat' dir='ltr'><strong>redegit</strong></span> <span class='ocrx_word' id='word_1_844' title='bbox 3394 4396 3815 4467; x_wconf 73' lang='lat' dir='ltr'><strong>subieCtionem?</strong></span> 
     </span>
    </p>
   </div>
   <div class='ocr_carea' id='block_1_103' title="bbox 2217 4488 3819 4577">
    <p class='ocr_par' dir='ltr' id='par_1_103' title="bbox 2217 4488 3819 4577">
     <span class='ocr_line' id='line_1_103' title="bbox 2217 4488 3819 4577; baseline -0.012 -13"><span class='ocrx_word' id='word_1_845' title='bbox 2217 4510 2509 4577; x_wconf 86' lang='lat' dir='ltr'><strong>Propterea</strong></span> <span class='ocrx_word' id='word_1_846' title='bbox 2538 4502 2682 4574; x_wconf 92' lang='lat' dir='ltr'><strong>quod</strong></span> <span class='ocrx_word' id='word_1_847' title='bbox 2707 4500 2904 4556; x_wconf 91' lang='lat' dir='ltr'><strong>mulier</strong></span> <span class='ocrx_word' id='word_1_848' title='bbox 2929 4511 3016 4551; x_wconf 89' lang='lat' dir='ltr'><strong>res</strong></span> <span class='ocrx_word' id='word_1_849' title='bbox 3042 4504 3125 4550; x_wconf 88' lang='lat' dir='ltr'><strong>est</strong></span> <span class='ocrx_word' id='word_1_850' title='bbox 3151 4492 3412 4548; x_wconf 85' lang='lat' dir='ltr'><strong>imbecilla</strong></span> <span class='ocrx_word' id='word_1_851' title='bbox 3438 4500 3492 4547; x_wconf 92' lang='lat' dir='ltr'><strong>et</strong></span> <span class='ocrx_word' id='word_1_852' title='bbox 3517 4488 3733 4546; x_wconf 89' lang='lat' dir='ltr'><strong>mobilis</strong></span> <span class='ocrx_word' id='word_1_853' title='bbox 3759 4499 3819 4545; x_wconf 87' lang='lat' dir='ltr'><strong>et</strong></span> 
     </span>
    </p>
   </div>
   <div class='ocr_carea' id='block_1_104' title="bbox 2218 4586 3817 4661">
    <p class='ocr_par' dir='ltr' id='par_1_104' title="bbox 2218 4586 3817 4661">
     <span class='ocr_line' id='line_1_104' title="bbox 2218 4586 3817 4661; baseline -0.011 -6"><span class='ocrx_word' id='word_1_854' title='bbox 2218 4601 2371 4656; x_wconf 86' lang='lat' dir='ltr'><strong>levis.</strong></span> <span class='ocrx_word' id='word_1_855' title='bbox 2422 4598 2548 4653; x_wconf 85' lang='lat' dir='ltr'><strong>ideo</strong></span> <span class='ocrx_word' id='word_1_856' title='bbox 2589 4596 2671 4650; x_wconf 86' lang='lat' dir='ltr'><strong>eis</strong></span> <span class='ocrx_word' id='word_1_857' title='bbox 2708 4593 2931 4648; x_wconf 87' lang='lat' dir='ltr'><strong>maritos</strong></span> <span class='ocrx_word' id='word_1_858' title='bbox 2958 4588 3199 4661; x_wconf 72' lang='lat' dir='ltr'><strong>prmfecit</strong></span> <span class='ocrx_word' id='word_1_859' title='bbox 3236 4586 3527 4650; x_wconf 88' lang='lat' dir='ltr'><strong>doctores,</strong></span> <span class='ocrx_word' id='word_1_860' title='bbox 3556 4591 3817 4653; x_wconf 86' lang='lat' dir='ltr'><strong>utrosque</strong></span> 
     </span>
    </p>
   </div>
   <div class='ocr_carea' id='block_1_105' title="bbox 2212 4671 3815 4763">
    <p class='ocr_par' dir='ltr' id='par_1_105' title="bbox 2212 4671 3815 4763">
     <span class='ocr_line' id='line_1_105' title="bbox 2212 4671 3815 4763; baseline -0.012 -16"><span class='ocrx_word' id='word_1_861' title='bbox 2212 4693 2426 4763; x_wconf 90' lang='lat' dir='ltr'><strong>iuvans.</strong></span> <span class='ocrx_word' id='word_1_862' title='bbox 2456 4688 2591 4744; x_wconf 83' lang='lat' dir='ltr'><strong>Nam</strong></span> <span class='ocrx_word' id='word_1_863' title='bbox 2618 4694 2674 4742; x_wconf 92' lang='lat' dir='ltr'><strong>et</strong></span> <span class='ocrx_word' id='word_1_864' title='bbox 2702 4684 2822 4740; x_wconf 90' lang='lat' dir='ltr'><strong>illas</strong></span> <span class='ocrx_word' id='word_1_865' title='bbox 2848 4680 3081 4737; x_wconf 90' lang='lat' dir='ltr'><strong>reddidit</strong></span> <span class='ocrx_word' id='word_1_866' title='bbox 3110 4678 3403 4739; x_wconf 76' lang='lat' dir='ltr'><strong>modestae,</strong></span> <span class='ocrx_word' id='word_1_867' title='bbox 3423 4683 3478 4733; x_wconf 92' lang='lat' dir='ltr'><strong>et</strong></span> <span class='ocrx_word' id='word_1_868' title='bbox 3508 4673 3610 4729; x_wconf 89' lang='lat' dir='ltr'><strong>hos</strong></span> <span class='ocrx_word' id='word_1_869' title='bbox 3629 4671 3815 4729; x_wconf 80' lang='lat' dir='ltr'><strong>reddi-</strong></span> 
     </span>
    </p>
   </div>
   <div class='ocr_carea' id='block_1_106' title="bbox 2216 4766 3814 4856">
    <p class='ocr_par' dir='ltr' id='par_1_106' title="bbox 2216 4766 3814 4856">
     <span class='ocr_line' id='line_1_106' title="bbox 2216 4766 3814 4856; baseline -0.013 -15"><span class='ocrx_word' id='word_1_870' title='bbox 2216 4787 2513 4856; x_wconf 87' lang='lat' dir='ltr'><strong>ditgnavos</strong></span> <span class='ocrx_word' id='word_1_871' title='bbox 2538 4790 2592 4837; x_wconf 92' lang='lat' dir='ltr'><strong>et</strong></span> <span class='ocrx_word' id='word_1_872' title='bbox 2620 4778 2901 4839; x_wconf 91' lang='lat' dir='ltr'><strong>sollicitos,</strong></span> <span class='ocrx_word' id='word_1_873' title='bbox 2925 4772 3090 4844; x_wconf 91' lang='lat' dir='ltr'><strong>utqui</strong></span> <span class='ocrx_word' id='word_1_874' title='bbox 3115 4787 3201 4839; x_wconf 88' lang='lat' dir='ltr'><strong>ea,</strong></span> <span class='ocrx_word' id='word_1_875' title='bbox 3227 4785 3348 4840; x_wconf 76' lang='lat' dir='ltr'><strong>qua:</strong></span> <span class='ocrx_word' id='word_1_876' title='bbox 3386 4766 3694 4832; x_wconf 84' lang='lat' dir='ltr'><strong>audierant,</strong></span> <span class='ocrx_word' id='word_1_877' title='bbox 3722 4779 3814 4822; x_wconf 78' lang='lat' dir='ltr'><strong>es-</strong></span> 
     </span>
    </p>
   </div>
   <div class='ocr_carea' id='block_1_107' title="bbox 2218 4855 3819 4939">
    <p class='ocr_par' dir='ltr' id='par_1_107' title="bbox 2218 4855 3819 4939">
     <span class='ocr_line' id='line_1_107' title="bbox 2218 4855 3819 4939; baseline -0.012 -5"><span class='ocrx_word' id='word_1_878' title='bbox 2218 4855 2340 4934; x_wconf 85' lang='lat' dir='ltr'><strong>sent</strong></span> <span class='ocrx_word' id='word_1_879' title='bbox 2410 4873 2757 4932; x_wconf 82' lang='lat' dir='ltr'><strong>exactissime</strong></span> <span class='ocrx_word' id='word_1_880' title='bbox 2826 4866 2971 4939; x_wconf 87' lang='lat' dir='ltr'><strong>apud</strong></span> <span class='ocrx_word' id='word_1_881' title='bbox 3045 4880 3138 4920; x_wconf 91' lang='lat' dir='ltr'><strong>eas</strong></span> <span class='ocrx_word' id='word_1_882' title='bbox 3216 4857 3537 4931; x_wconf 87' lang='lat' dir='ltr'><strong>deposituri.</strong></span> <span class='ocrx_word' id='word_1_883' title='bbox 3612 4855 3819 4914; x_wconf 82' lang='lat' dir='ltr'><strong>Deinde</strong></span> 
     </span>
    </p>
   </div>
   <div class='ocr_carea' id='block_1_108' title="bbox 2218 4949 3818 5039">
    <p class='ocr_par' dir='ltr' id='par_1_108' title="bbox 2218 4949 3818 5039">
     <span class='ocr_line' id='line_1_108' title="bbox 2218 4949 3818 5039; baseline -0.014 -15"><span class='ocrx_word' id='word_1_884' title='bbox 2218 4970 2472 5039; x_wconf 89' lang='lat' dir='ltr'><strong>quoniam</strong></span> <span class='ocrx_word' id='word_1_885' title='bbox 2504 4966 2555 5021; x_wconf 79' lang='lat' dir='ltr'><strong>id</strong></span> <span class='ocrx_word' id='word_1_886' title='bbox 2582 4970 2903 5020; x_wconf 87' lang='lat' dir='ltr'><strong>ornamento</strong></span> <span class='ocrx_word' id='word_1_887' title='bbox 2917 4959 3018 5014; x_wconf 92' lang='lat' dir='ltr'><strong>sibi</strong></span> <span class='ocrx_word' id='word_1_888' title='bbox 3042 4956 3157 5011; x_wconf 92' lang='lat' dir='ltr'><strong>fore</strong></span> <span class='ocrx_word' id='word_1_889' title='bbox 3176 4951 3447 5008; x_wconf 89' lang='lat' dir='ltr'><strong>ducebant</strong></span> <span class='ocrx_word' id='word_1_890' title='bbox 3462 4949 3603 5019; x_wconf 90' lang='lat' dir='ltr'><strong>quod</strong></span> <span class='ocrx_word' id='word_1_891' title='bbox 3625 4949 3818 5018; x_wconf 85' lang='lat' dir='ltr'><strong>loque-</strong></span> 
     </span>
    </p>
   </div>
   <div class='ocr_carea' id='block_1_109' title="bbox 2218 5040 3816 5128">
    <p class='ocr_par' dir='ltr' id='par_1_109' title="bbox 2218 5040 3816 5128">
     <span class='ocr_line' id='line_1_109' title="bbox 2218 5040 3816 5128; baseline -0.015 -12"><span class='ocrx_word' id='word_1_892' title='bbox 2218 5070 2409 5116; x_wconf 90' lang='lat' dir='ltr'><strong>rentur</strong></span> <span class='ocrx_word' id='word_1_893' title='bbox 2431 5059 2663 5128; x_wconf 89' lang='lat' dir='ltr'><strong>publice,</strong></span> <span class='ocrx_word' id='word_1_894' title='bbox 2693 5068 3000 5112; x_wconf 89' lang='lat' dir='ltr'><strong>sermonem</strong></span> <span class='ocrx_word' id='word_1_895' title='bbox 3019 5050 3109 5105; x_wconf 89' lang='lat' dir='ltr'><strong>ille</strong></span> <span class='ocrx_word' id='word_1_896' title='bbox 3128 5043 3347 5102; x_wconf 89' lang='lat' dir='ltr'><strong>deducit</strong></span> <span class='ocrx_word' id='word_1_897' title='bbox 3377 5042 3428 5096; x_wconf 92' lang='lat' dir='ltr'><strong>in</strong></span> <span class='ocrx_word' id='word_1_898' title='bbox 3459 5040 3816 5107; x_wconf 88' lang='lat' dir='ltr'><strong>contrarium,</strong></span> 
     </span>
    </p>
   </div>
   <div class='ocr_carea' id='block_1_110' title="bbox 2220 5130 3815 5221">
    <p class='ocr_par' dir='ltr' id='par_1_110' title="bbox 2220 5130 3815 5221">
     <span class='ocr_line' id='line_1_110' title="bbox 2220 5130 3815 5221; baseline -0.014 -12"><span class='ocrx_word' id='word_1_899' title='bbox 2220 5153 2409 5209; x_wconf 89' lang='lat' dir='ltr'><strong>dicens</strong></span> <span class='ocrx_word' id='word_1_900' title='bbox 2439 5169 2453 5204; x_wconf 89' lang='lat'><strong>:</strong></span> <span class='ocrx_word' id='word_1_901' title='bbox 2484 5149 2658 5221; x_wconf 85' lang='lat' dir='ltr'><strong>Turpe</strong></span> <span class='ocrx_word' id='word_1_902' title='bbox 2686 5157 2759 5203; x_wconf 87' lang='lat' dir='ltr'><strong>est</strong></span> <span class='ocrx_word' id='word_1_903' title='bbox 2784 5146 2921 5201; x_wconf 87' lang='lat' dir='ltr'><strong>enim</strong></span> <span class='ocrx_word' id='word_1_904' title='bbox 2944 5139 3145 5197; x_wconf 81' lang='lat' dir='ltr'><strong>mulieri</strong></span> <span class='ocrx_word' id='word_1_905' title='bbox 3166 5135 3307 5206; x_wconf 82' lang='lat' dir='ltr'><strong>loqui</strong></span> <span class='ocrx_word' id='word_1_906' title='bbox 3331 5135 3385 5187; x_wconf 84' lang='lat' dir='ltr'><strong>in</strong></span> <span class='ocrx_word' id='word_1_907' title='bbox 3417 5132 3649 5186; x_wconf 82' lang='lat' dir='ltr'><strong>ecclesia.</strong></span> <span class='ocrx_word' id='word_1_908' title='bbox 3679 5130 3815 5186; x_wconf 83' lang='lat' dir='ltr'><strong>Nam</strong></span> 
     </span>
    </p>
   </div>
   <div class='ocr_carea' id='block_1_111' title="bbox 2221 5224 3816 5318">
    <p class='ocr_par' dir='ltr' id='par_1_111' title="bbox 2221 5224 3816 5318">
     <span class='ocr_line' id='line_1_111' title="bbox 2221 5224 3816 5318; baseline -0.014 -16"><span class='ocrx_word' id='word_1_909' title='bbox 2221 5247 2452 5318; x_wconf 89' lang='lat' dir='ltr'><strong>primum</strong></span> <span class='ocrx_word' id='word_1_910' title='bbox 2478 5244 2693 5314; x_wconf 91' lang='lat' dir='ltr'><strong>quidem</strong></span> <span class='ocrx_word' id='word_1_911' title='bbox 2724 5242 2829 5296; x_wconf 89' lang='lat' dir='ltr'><strong>hoc</strong></span> <span class='ocrx_word' id='word_1_912' title='bbox 2852 5231 3196 5293; x_wconf 85' lang='lat' dir='ltr'><strong>confirmavit</strong></span> <span class='ocrx_word' id='word_1_913' title='bbox 3221 5243 3250 5281; x_wconf 91' lang='lat' dir='ltr'><strong>a</strong></span> <span class='ocrx_word' id='word_1_914' title='bbox 3282 5227 3401 5297; x_wconf 84' lang='lat' dir='ltr'><strong>lege</strong></span> <span class='ocrx_word' id='word_1_915' title='bbox 3431 5224 3526 5280; x_wconf 90' lang='lat' dir='ltr'><strong>Dei</strong></span> <span class='ocrx_word' id='word_1_916' title='bbox 3556 5241 3573 5290; x_wconf 82' lang='lat'><strong>;</strong></span> <span class='ocrx_word' id='word_1_917' title='bbox 3616 5224 3816 5280; x_wconf 85' lang='lat' dir='ltr'><strong>deinde</strong></span> 
     </span>
    </p>
   </div>
   <div class='ocr_carea' id='block_1_112' title="bbox 2220 5319 3814 5398">
    <p class='ocr_par' dir='ltr' id='par_1_112' title="bbox 2220 5319 3814 5398">
     <span class='ocr_line' id='line_1_112' title="bbox 2220 5319 3814 5398; baseline -0.019 0"><span class='ocrx_word' id='word_1_918' title='bbox 2220 5359 2249 5398; x_wconf 91' lang='lat' dir='ltr'><strong>a</strong></span> <span class='ocrx_word' id='word_1_919' title='bbox 2272 5338 2540 5397; x_wconf 87' lang='lat' dir='ltr'><strong>communi</strong></span> <span class='ocrx_word' id='word_1_920' title='bbox 2565 5338 2774 5392; x_wconf 91' lang='lat' dir='ltr'><strong>ratione</strong></span> <span class='ocrx_word' id='word_1_921' title='bbox 2794 5340 2850 5387; x_wconf 92' lang='lat' dir='ltr'><strong>et</strong></span> <span class='ocrx_word' id='word_1_922' title='bbox 2870 5321 3259 5385; x_wconf 88' lang='lat' dir='ltr'><strong>consuetudine</strong></span> <span class='ocrx_word' id='word_1_923' title='bbox 3277 5336 3291 5373; x_wconf 91' lang='lat'><strong>:</strong></span> <span class='ocrx_word' id='word_1_924' title='bbox 3306 5319 3445 5374; x_wconf 90' lang='lat' dir='ltr'><strong>sicut</strong></span> <span class='ocrx_word' id='word_1_925' title='bbox 3464 5320 3627 5374; x_wconf 84' lang='lat' dir='ltr'><strong>etiam</strong></span> <span class='ocrx_word' id='word_1_926' title='bbox 3648 5329 3814 5387; x_wconf 80' lang='lat' dir='ltr'><strong>quan-</strong></span> 
     </span>
    </p>
   </div>
   <div class='ocr_carea' id='block_1_113' title="bbox 2221 5415 3818 5491">
    <p class='ocr_par' dir='ltr' id='par_1_113' title="bbox 2221 5415 3818 5491">
     <span class='ocr_line' id='line_1_113' title="bbox 2221 5415 3818 5491; baseline -0.02 0"><span class='ocrx_word' id='word_1_927' title='bbox 2221 5438 2291 5491; x_wconf 89' lang='lat' dir='ltr'><strong>do</strong></span> <span class='ocrx_word' id='word_1_928' title='bbox 2319 5438 2399 5491; x_wconf 89' lang='lat' dir='ltr'><strong>eis</strong></span> <span class='ocrx_word' id='word_1_929' title='bbox 2424 5436 2493 5489; x_wconf 88' lang='lat' dir='ltr'><strong>de</strong></span> <span class='ocrx_word' id='word_1_930' title='bbox 2523 5446 2678 5486; x_wconf 91' lang='lat' dir='ltr'><strong>coma</strong></span> <span class='ocrx_word' id='word_1_931' title='bbox 2705 5424 2941 5486; x_wconf 87' lang='lat' dir='ltr'><strong>dicebat,</strong></span> <span class='ocrx_word' id='word_1_932' title='bbox 2962 5422 3145 5474; x_wconf 81' lang='lat' dir='ltr'><strong>Annon</strong></span> <span class='ocrx_word' id='word_1_933' title='bbox 3173 5418 3267 5472; x_wconf 80' lang='lat' dir='ltr'><strong>hoc</strong></span> <span class='ocrx_word' id='word_1_934' title='bbox 3288 5431 3377 5471; x_wconf 75' lang='lat' dir='ltr'><strong>vos</strong></span> <span class='ocrx_word' id='word_1_935' title='bbox 3402 5416 3517 5485; x_wconf 84' lang='lat' dir='ltr'><strong>ipsa</strong></span> <span class='ocrx_word' id='word_1_936' title='bbox 3544 5415 3690 5468; x_wconf 78' lang='lat' dir='ltr'><strong>docet</strong></span> <span class='ocrx_word' id='word_1_937' title='bbox 3718 5423 3818 5462; x_wconf 79' lang='lat' dir='ltr'><strong>na-</strong></span> 
     </span>
    </p>
   </div>
   <div class='ocr_carea' id='block_1_114' title="bbox 2224 5497 3817 5599">
    <p class='ocr_par' dir='ltr' id='par_1_114' title="bbox 2224 5497 3817 5599">
     <span class='ocr_line' id='line_1_114' title="bbox 2224 5497 3817 5599; baseline -0.019 -17"><span class='ocrx_word' id='word_1_938' title='bbox 2224 5542 2341 5582; x_wconf 77' lang='lat' dir='ltr'><strong>tura</strong></span> <span class='ocrx_word' id='word_1_939' title='bbox 2362 5530 2435 5599; x_wconf 90' lang='lat' dir='ltr'><strong>(l.</strong></span> <span class='ocrx_word' id='word_1_940' title='bbox 2468 5526 2587 5579; x_wconf 74' lang='lat' dir='ltr'><strong>Cor.</strong></span> <span class='ocrx_word' id='word_1_941' title='bbox 2622 5523 2710 5577; x_wconf 85' lang='lat' dir='ltr'><strong>ll.</strong></span> <span class='ocrx_word' id='word_1_942' title='bbox 2744 5516 2864 5585; x_wconf 68' lang='lat' dir='ltr'><strong>ll)?</strong></span> <span class='ocrx_word' id='word_1_943' title='bbox 2894 5514 2963 5567; x_wconf 85' lang='lat' dir='ltr'><strong>Et</strong></span> <span class='ocrx_word' id='word_1_944' title='bbox 2984 5512 3180 5581; x_wconf 83' lang='lat' dir='ltr'><strong>ubique</strong></span> <span class='ocrx_word' id='word_1_945' title='bbox 3206 5511 3324 5581; x_wconf 90' lang='lat' dir='ltr'><strong>eius</strong></span> <span class='ocrx_word' id='word_1_946' title='bbox 3351 5510 3513 5565; x_wconf 88' lang='lat' dir='ltr'><strong>talem</strong></span> <span class='ocrx_word' id='word_1_947' title='bbox 3535 5497 3817 5562; x_wconf 87' lang='lat' dir='ltr'><strong>inveneris</strong></span> 
     </span>
    </p>
   </div>
   <div class='ocr_carea' id='block_1_115' title="bbox 2224 5600 3819 5683">
    <p class='ocr_par' dir='ltr' id='par_1_115' title="bbox 2224 5600 3819 5683">
     <span class='ocr_line' id='line_1_115' title="bbox 2224 5600 3819 5683; baseline -0.02 -7"><span class='ocrx_word' id='word_1_948' title='bbox 2224 5622 2462 5683; x_wconf 89' lang='lat' dir='ltr'><strong>modum,</strong></span> <span class='ocrx_word' id='word_1_949' title='bbox 2492 5632 2599 5671; x_wconf 91' lang='lat' dir='ltr'><strong>non</strong></span> <span class='ocrx_word' id='word_1_950' title='bbox 2630 5629 2697 5668; x_wconf 86' lang='lat' dir='ltr'><strong>ex</strong></span> <span class='ocrx_word' id='word_1_951' title='bbox 2729 5607 2928 5664; x_wconf 90' lang='lat' dir='ltr'><strong>divinis</strong></span> <span class='ocrx_word' id='word_1_952' title='bbox 2953 5604 3248 5676; x_wconf 88' lang='lat' dir='ltr'><strong>Scripturis</strong></span> <span class='ocrx_word' id='word_1_953' title='bbox 3272 5645 3288 5671; x_wconf 93' lang='lat'><strong>,</strong></span> <span class='ocrx_word' id='word_1_954' title='bbox 3321 5602 3417 5657; x_wconf 90' lang='lat' dir='ltr'><strong>sed</strong></span> <span class='ocrx_word' id='word_1_955' title='bbox 3448 5616 3513 5657; x_wconf 90' lang='lat' dir='ltr'><strong>ex</strong></span> <span class='ocrx_word' id='word_1_956' title='bbox 3540 5600 3653 5665; x_wconf 81' lang='lat' dir='ltr'><strong>ipsa</strong></span> <span class='ocrx_word' id='word_1_957' title='bbox 3681 5605 3819 5647; x_wconf 83' lang='lat' dir='ltr'><strong>eon-</strong></span> 
     </span>
    </p>
   </div>
   <div class='ocr_carea' id='block_1_116' title="bbox 2222 5689 3818 5777">
    <p class='ocr_par' dir='ltr' id='par_1_116' title="bbox 2222 5689 3818 5777">
     <span class='ocr_line' id='line_1_116' title="bbox 2222 5689 3818 5777; baseline -0.021 -9"><span class='ocrx_word' id='word_1_958' title='bbox 2222 5714 2505 5769; x_wconf 87' lang='lat' dir='ltr'><strong>suetudiue</strong></span> <span class='ocrx_word' id='word_1_959' title='bbox 2535 5705 2739 5777; x_wconf 81' lang='lat' dir='ltr'><strong>pudore</strong></span> <span class='ocrx_word' id='word_1_960' title='bbox 2757 5699 3101 5755; x_wconf 76' lang='lat' dir='ltr'><strong>efficientem.</strong></span> <span class='ocrx_word' id='word_1_961' title='bbox 3122 5698 3389 5752; x_wconf 64' lang='lat' dir='ltr'><strong>Prmterea</strong></span> <span class='ocrx_word' id='word_1_962' title='bbox 3409 5693 3479 5747; x_wconf 86' lang='lat' dir='ltr'><strong>ab</strong></span> <span class='ocrx_word' id='word_1_963' title='bbox 3496 5689 3562 5743; x_wconf 87' lang='lat' dir='ltr'><strong>iis</strong></span> <span class='ocrx_word' id='word_1_964' title='bbox 3582 5696 3818 5754; x_wconf 82' lang='lat' dir='ltr'><strong>quoque,</strong></span> 
     </span>
    </p>
   </div>
   <div class='ocr_carea' id='block_1_117' title="bbox 2223 5777 3821 5877">
    <p class='ocr_par' dir='ltr' id='par_1_117' title="bbox 2223 5777 3821 5877">
     <span class='ocr_line' id='line_1_117' title="bbox 2223 5777 3821 5877; baseline -0.016 -20"><span class='ocrx_word' id='word_1_965' title='bbox 2223 5822 2342 5877; x_wconf 72' lang='lat' dir='ltr'><strong>qua:</strong></span> <span class='ocrx_word' id='word_1_966' title='bbox 2372 5801 2611 5859; x_wconf 89' lang='lat' dir='ltr'><strong>omnium</strong></span> <span class='ocrx_word' id='word_1_967' title='bbox 2635 5792 2889 5864; x_wconf 90' lang='lat' dir='ltr'><strong>opinione</strong></span> <span class='ocrx_word' id='word_1_968' title='bbox 2916 5791 3161 5849; x_wconf 88' lang='lat' dir='ltr'><strong>feruntur</strong></span> <span class='ocrx_word' id='word_1_969' title='bbox 3192 5828 3208 5854; x_wconf 90' lang='lat'><strong>,</strong></span> <span class='ocrx_word' id='word_1_970' title='bbox 3238 5796 3296 5842; x_wconf 90' lang='lat' dir='ltr'><strong>et</strong></span> <span class='ocrx_word' id='word_1_971' title='bbox 3320 5796 3438 5854; x_wconf 74' lang='lat' dir='ltr'><strong>qua:</strong></span> <span class='ocrx_word' id='word_1_972' title='bbox 3468 5777 3669 5848; x_wconf 89' lang='lat' dir='ltr'><strong>ubique</strong></span> <span class='ocrx_word' id='word_1_973' title='bbox 3691 5781 3821 5831; x_wconf 74' lang='lat' dir='ltr'><strong>sunt</strong></span> 
     </span>
    </p>
   </div>
  </div>
