4038 6216
262 535 365 591 κᾶν
398 540 609 592 ἅπαντα
663 541 880 611 άγνοῇς,
931 540 1024 593 καὶ
1050 540 1222 603 οὕτως
1252 541 1547 610 ἡσυχάζειν
1579 542 1707 607 ἔδει,
1745 543 1832 595 ἵνα

266 618 339 689 μὴ
366 623 488 683 τοὺς
514 623 877 691 προσέχοντας
902 623 1227 694 ἐκκρούσῃς,
1253 625 1339 676 ἵνα
1364 641 1456 676 σου
1481 626 1578 695 τὴν
1601 624 1832 695 ἡσυχίαν

264 704 355 753 καὶ
380 703 475 772 τὴν
511 703 643 756 αίδὼ
683 704 1086 775 ἀποδεξάμενος
1123 709 1150 758 ὁ
1197 706 1347 770 Θεὸς,
1392 708 1485 761 καὶ
1529 706 1597 758 τά
1646 708 1829 777 ἀσαφῆ

262 787 461 855 ποιήσῃ
483 787 633 853 δῆλα.
674 788 811 839 Ἀλλ’
840 789 899 840 ού
926 789 1150 841 δύνασαι
1185 790 1375 860 σιγᾷν;
1433 790 1641 843 Οὐκοῦν
1669 790 1827 856 ἔξιθι,

263 864 349 919 ἵνα
380 868 453 937 μὴ
509 869 601 921 καὶ
654 870 863 940 ἑτέροις
906 873 1036 942 γένῃ
1076 872 1271 942 βλάϐη.
1324 873 1433 924 Καὶ
1463 874 1572 941 γάρ
1612 872 1741 941 μίαν
1771 873 1829 925 ἐν

260 949 525 1020 ἐκκλησίᾳ
553 951 635 1003 δεῖ
673 953 854 1023 φωνὴν
896 951 1032 1007 εἶναι
1078 956 1185 1016 ἀεὶ,
1224 954 1472 1026 καθάπερ
1516 955 1633 1018 ἐνὸς
1675 956 1830 1019 ὄντος

155 1057 163 1060 ν
263 1031 532 1101 σώματος.
554 1034 650 1085 Διά
680 1034 835 1087 τοῦτο
867 1037 959 1088 καὶ
985 1040 1011 1089 ὀ
1034 1037 1423 1103 ἀναγινώσκων
1459 1038 1616 1107 μόνος
1661 1038 1829 1105 φθέτ’

260 1131 414 1180 γεται
439 1133 450 1143 ·
482 1117 577 1169 καὶ
607 1117 768 1179 αὐτὸς
810 1119 838 1169 ό
882 1118 982 1188 τὴν
1032 1119 1338 1188 ἐπισκοπὴν
1388 1119 1526 1188 ἔχων
1573 1119 1829 1188 ἀνέχεται

262 1200 383 1266 σιγῇ
416 1200 749 1269 καθήμενος·
803 1202 897 1254 καὶ
943 1204 970 1255 ό
1001 1202 1215 1269 ψάλλων
1265 1204 1455 1271 ψάλλει
1498 1204 1685 1273 μόνος·
1724 1206 1828 1258 κᾶν

259 1284 455 1343 πάντες
482 1282 783 1352 ύπηχῶσιν,
812 1285 887 1346 ὼς
926 1284 983 1351 ἐξ
1033 1285 1151 1347 ἐνὸς
1188 1287 1455 1355 στόματος
1488 1289 1519 1348 ἠ
1553 1286 1702 1357 φωνὴ
1733 1288 1829 1355 φέ-

258 1379 436 1431 ρεται·
470 1366 561 1417 καὶ
602 1369 628 1419 ὁ
658 1366 861 1436 ὁμιλῶν
891 1368 1070 1438 ὁμιλεῖ
1100 1368 1279 1435 μόνος.
1324 1371 1490 1421 Ὅταν
1539 1370 1595 1422 δὲ
1640 1369 1829 1422 πολλοὶ

257 1445 348 1496 καὶ
397 1447 567 1499 πολλά
615 1450 708 1501 καὶ
751 1450 981 1520 διάφορα
1027 1450 1406 1516 διαλέγωνται,
1468 1451 1608 1513 τίνος
1640 1450 1828 1505 ἕνεκεν

255 1528 575 1599 ἐνοχλοῦμεν
632 1534 794 1601 ἡμεῖς
830 1534 992 1603 είκῆ;
1046 1533 1179 1586 Οὐδὲ
1214 1533 1322 1603 γὰρ
1360 1536 1408 1586 εί
1448 1534 1522 1604 μὴ
1576 1534 1701 1604 είκῆ
1737 1538 1826 1587 ἐν·

252 1612 431 1678 οχλεῖν
457 1615 603 1681 ἡμᾶς
623 1614 863 1683 ἡγεῖσθε,
899 1617 1028 1685 περὶ
1075 1616 1408 1686 τηλικούτων
1439 1617 1826 1687 φθεγγομένων

256 1693 431 1760 ἡμῶν,
458 1696 587 1765 περὶ
620 1696 729 1750 τῶν
762 1697 915 1750 οὐδὲν
945 1698 1012 1751 ἂν
1057 1699 1445 1769 προσηκόντων
1477 1702 1634 1769 ὑμεῖς
1663 1701 1825 1753 διελέ⁹

256 1775 433 1841 γεσθε.
474 1779 573 1831 Διά
618 1780 789 1834 ταῦτα
821 1782 922 1834 ούκ
950 1783 1006 1834 ἐν
1049 1779 1127 1850 τῷ
1162 1781 1262 1849 βίῳ
1312 1782 1472 1850 μόνον
1509 1783 1658 1850 ὑμῖν,
1686 1783 1825 1837 ἀλλά

254 1856 348 1909 καὶ
377 1860 435 1910 ἐν
460 1860 595 1931 αὐτῇ
626 1861 734 1915 τῶν
764 1864 1102 1934 πραγμάτων
1128 1865 1195 1933 τῇ
1222 1862 1389 1933 ψήφῳ
1432 1863 1602 1933 πολλὴ
1638 1866 1670 1932 ἡ
1701 1865 1821 1916 δια-

256 1944 494 2013 στροφή·
550 1945 646 1999 καὶ
690 1952 820 2019 περὶ
873 1949 940 2000 τὰ
989 1948 1220 2017 περιττά
1254 1949 1547 2017 κεχήνατε,
1599 1949 1695 2001 καὶ
1726 1949 1826 2017 τὴν

252 2023 506 2094 ἀλήθειαν
533 2029 781 2099 ἀφέντες,
844 2030 943 2094 τὰς
982 2032 1139 2095 σκιὰς
1170 2030 1264 2084 καὶ
1306 2032 1374 2084 τά
1420 2031 1671 2100 ὀνείρατα
1699 2030 1825 2083 διώ-

254 2125 399 2164 κετε.

324 2263 392 2314 ’Ἡ
426 2263 488 2313 ού
520 2262 647 2317 σκιά
678 2264 773 2316 καὶ
801 2264 1053 2334 ὀνείρατα
1088 2264 1155 2317 τά
1184 2265 1430 2335 παρόντα
1459 2265 1698 2328 ἅπαντα,
1738 2267 1827 2319 καὶ

254 2346 411 2406 σκιᾶς
437 2347 631 2415 χείρω;
671 2347 777 2399 Καὶ
810 2346 920 2417 γὰρ
962 2348 1091 2417 πρὶν
1121 2348 1153 2417 ἦ
1202 2347 1459 2416 φανῆναι,
1494 2347 1822 2415 ἁφίπταται,

252 2426 345 2478 καὶ
374 2428 501 2497 πρὶν
530 2428 864 2497 ἁποπτῆναι,
893 2430 1060 2483 πολὺν
1093 2431 1324 2501 παρέχει
1357 2431 1448 2484 τὸν
1479 2430 1709 2501 θόρυϐον
1732 2437 1826 2485 καὶ

253 2508 473 2561 πλείονα
506 2511 603 2581 τῆς
632 2511 843 2581 ἡδονῆς.
896 2512 1015 2586 Κᾷν
1045 2514 1220 2583 μυρία
1246 2531 1331 2576 τις
1361 2513 1599 2569 ἐνταῦθα
1644 2515 1826 2568 λαϐὼν

252 2591 526 2663 κατορύξῃ
543 2595 818 2663 χρήματα,
846 2596 946 2664 τῆς
973 2597 1168 2659 νυκτὸς
1201 2596 1599 2667 παρελθούσης,
1623 2604 1825 2666 γυμνὸς

253 2673 469 2726 ἄπεισιν
499 2676 769 2737 ἐντεῦθεν,
794 2678 886 2730 καὶ
907 2677 1050 2746 μάλα
1075 2680 1317 2740 εἰκότως·
1352 2681 1473 2731 ἐπεὶ
1504 2680 1597 2732 καὶ
1623 2682 1671 2732 οἱ
1691 2680 1825 2749 ὄναρ

254 2750 628 2817 πλουτοῦντες,
661 2755 991 2819 ἀναστάντες
1019 2756 1126 2808 ἀπὸ
1158 2756 1256 2825 τῆς
1287 2758 1468 2824 εύνῆς,
1505 2757 1657 2810 οὐδὲν
1676 2758 1827 2829 έχου-

1244 424 1310 480 IN
1352 424 1566 482 EPIST.
1604 424 1622 480 1
1662 423 1752 480 AD
1787 423 1950 481 COR.
1990 423 2225 481 "OM"...
2261 429 2527 484 XXXV".

3414 430 3515 485 διο

1938 558 2021 593 σιν
2048 535 2122 595 ὧν
2148 542 2292 612 ἔχειν
2318 546 2534 600 ἐδόκουν
2561 546 2932 607 καθεύδοντες·
2970 545 3112 598 οὕτω
3148 547 3238 596 καὶ
3263 547 3309 595 οἱ
3336 545 3513 596 πλεῖον⁴

1934 622 2240 685 εκτοῦντες·
2284 628 2486 695 μᾶλλον
2515 630 2571 681 δὲ
2622 630 2721 697 οὐχ
2750 627 2943 689 οὕτως,
2996 626 3132 678 ἀλλὰ
3184 627 3277 677 καὶ
3334 626 3517 693 πολλῷ

1934 706 2131 772 χεῖρον,
2171 706 2227 759 '0
2270 709 2367 777 μὲν
2395 709 2505 779 γὰρ
2528 710 2665 777 ὄναρ
2694 709 2960 771 πλουτῶν,
2997 707 3120 759 οὔτε
3148 708 3216 759 τά
3251 708 3515 779 χρήματα

1933 784 2082 857 [545]
2116 786 2249 857 ἔχει,
2292 790 2438 860 άπερ
2466 790 2825 859 ,ἐφαντάζετο
2865 791 3031 859 ἔχειν,
3094 790 3216 841 οὕτε
3274 790 3400 842 ἄλλο
3449 807 3503 841 τι

1933 870 2139 924 κακὸνει
2169 872 2275 923 ἀπὸ
2306 874 2403 942 τῆς
2424 876 2732 941 φαντασίας
2761 874 2966 942 ταύτης
2998 874 3177 925 λαϐὼν
3200 874 3510 926 ἀνίσταται·

1929 948 2080 1014 οὗτος
2110 952 2167 1005 δέ
2197 955 2305 1006 τῶν
2334 957 2430 1025 μὲν
2462 959 2765 1027 χρημάτων
2786 957 3100 1026 ἐστέρηται,
3123 956 3231 1007 τῶν
3256 957 3310 1007 δὲ
3342 957 3514 1024 ἁμαρ-

1928 1034 2187 1104 τημάτων
2217 1036 2326 1089 τῶν
2355 1040 2418 1090 ἐκ
2463 1039 2570 1093 τῶν
2598 1042 2902 1109 χρημάτων
2933 1038 3268 1108 ἐμπλησθεὶς
3302 1038 3507 1097 ἄπεισι,

1932 1117 2024 1169 καὶ
2071 1118 2128 1168 ἐν
2173 1118 2251 1187 τῷ
2299 1120 2510 1191 πλούτῳ
2546 1120 2907 1189 φαντασθείς,
2936 1121 3005 1174 τὰ
3036 1124 3102 1173 ἐκ
3141 1121 3235 1173 τοῦ
3279 1121 3510 1172 πλούτου

1931 1198 2076 1252 κακὰ
2103 1200 2202 1269 οὐχ
2225 1203 2326 1271 ὁρᾷ
2353 1204 2407 1255 ἐν
2444 1204 2714 1272 φαντασίᾳ
2737 1204 2950 1270 λοιπὸν,
3002 1205 3117 1255 ἀλλ’
3149 1206 3206 1256 ἐν
3236 1204 3374 1272 αὐτῇ
3404 1204 3511 1255 τῶν

1930 1284 2270 1350 πραγμάτων
2304 1288 2368 1353 τῇ
2405 1286 2666 1357 ἀληθείᾳ·
2717 1288 2813 1338 καὶ
2863 1288 2896 1356 ἡ
2943 1287 3043 1356 μὲν
3079 1287 3238 1355 ἡδονὴ
3290 1287 3513 1352 γέγονεν

1928 1363 1987 1414 ἐν
2015 1364 2266 1434 ὀνείροις,
2306 1366 2337 1434 ἡ
2375 1366 2430 1417 δὲ
2455 1369 2518 1419 ἐκ
2547 1369 2645 1437 τῆς
2678 1368 2868 1438 ἡδονῆς
2900 1368 3123 1430 κόλασις
3156 1368 3340 1419 οὐκέτι
3372 1367 3510 1434 όναρ

1931 1446 2239 1515 συμϐαίνει,
2274 1449 2389 1501 ἀλλ’
2426 1451 2484 1501 ἐν
2518 1452 2655 1519 αὐτῇ
2704 1454 2769 1522 τῇ
2812 1452 2996 1521 πείρᾳ,
3054 1450 3253 1519 μᾶλλον
3305 1450 3361 1501 δὲ
3418 1450 3510 1501 καὶ

1932 1527 2035 1596 πρὸ
2064 1528 2163 1595 τῆς
2202 1530 2477 1594 κολάσεως
2505 1533 2717 1601 ἐκείνης
2748 1533 2842 1585 καὶ
2884 1532 3116 1584 ἐνταῦθα
3153 1531 3245 1600 τὴν
3274 1532 3514 1600 ἐσχάτην

1927 1609 2065 1662 τίνει
2110 1612 2284 1681 δίκην,
2318 1616 2376 1666 ἐν
2411 1615 2558 1685 αύτῷ
2587 1615 2665 1683 τῷ
2699 1615 2980 1682 συλλέγειν
3020 1615 3219 1684 μυρίας
3248 1631 3509 1684 προστρι-

1929 1692 2153 1761 ϐόμενος
2185 1695 2441 1765 ἀθυμίας,
2484 1699 2789 1766 φροντίδας,
2834 1696 3193 1766 κατηγορίας,
3236 1696 3508 1757 διαϐολάς,

1929 1772 2212 1843 θορύϐους,
2242 1780 2508 1847 ταραχάς.
2537 1780 2633 1832 "lv‘
2654 1776 2746 1832 οὖν
2771 1781 2862 1831 καὶ
2888 1780 2994 1831 τῶν
3022 1779 3313 1847 ὀνειράτων
3346 1776 3510 1829 ἁπαλ-

1926 1855 2183 1925 λαγῶμεν
2230 1861 2323 1913 καὶ
2370 1862 2479 1913 τῶν
2512 1862 2697 1914 κακῶν
2728 1861 2835 1913 τῶν
2880 1861 2977 1913 οὐκ
3011 1863 3067 1912 ἐν
3101 1862 3356 1929 ὀνείροις,
3392 1862 3512 1913 ἀντὶ

1928 1938 2238 2003 πλεονεξίας
2300 1942 2674 2013 ἐλεημοσύνην
2741 1942 3017 2013 ἑλώμεθα,
3074 1944 3196 1994 ἀντὶ
3252 1945 3511 2013 ἁρπαγῆς

1929 2021 2361 2090 φιλανθρωπίαν.
2418 2025 2573 2078 Οῦτω
2613 2026 2721 2095 γὰρ
2762 2027 2854 2078 καὶ
2914 2024 3023 2077 τῶν
3077 2024 3360 2093 παρόντων
3417 2025 3510 2075 καὶ

1929 2102 2037 2155 τῶν
2070 2104 2375 2171 μελλόντων
2428 2108 2828 2178 ἐπιτευξόμεθα
2884 2108 3126 2174 ἀγαθῶν,
3175 2107 3353 2176 χάριτι
3416 2109 3511 2159 καὶ

1930 2186 2310 2257 φιλανθρωπίᾳ
2327 2188 2421 2240 τοῦ
2458 2192 2665 2260 Κυρίου
2697 2190 2854 2260 ἡμῶν
2893 2190 3067 2259 Ἰησοῦ
3100 2189 3360 2259 Χριστοῦ,
3389 2188 3510 2255 μεθ’

1924 2261 1985 2319 οὗ
2009 2267 2088 2337 τῷ
2131 2270 2304 2338 Πατρὶ
2334 2270 2449 2339 ἅμα
2481 2273 2558 2341 τῷ
2594 2275 2734 2342 ἁγίῳ
2783 2271 3059 2341 ιΙνεύματι
3094 2272 3241 2337 δόξα,
3286 2272 3507 2339 κράτος,

1925 2349 2078 2417 τιμὴ,
2108 2350 2202 2403 νῦν
2232 2351 2323 2404 καὶ
2349 2353 2457 2415 ἀεὶ,
2496 2356 2591 2408 καὶ
2612 2358 2689 2419 είς
2722 2356 2845 2419 τοὺς
2892 2355 3093 2417 αἰῶνας
3128 2354 3236 2406 τῶν
3281 2354 3507 2408 αἰώνων.

1936 2430 2128 2501 Ἀμήν.

1999 2773 2024 2801 ⁸
2050 2772 2202 2835 Marg.
2231 2774 2403 2833 Savil.,
2425 2776 2587 2826 καλόν.

1730 3196 1970 3250 OMIAIA
2025 3198 2148 3251 AZ'.

254 3351 324 3402 Al
374 3349 655 3419 γυναῖκες
694 3353 861 3419 ὑμῶν·
904 3352 973 3405 ἐν
1028 3353 1159 3418 ταῖς
1181 3355 1534 3422 ἐκκλησίαις
1568 3354 1824 3423 σιγάτω-

324 3448 466 3487 σαν.
534 3436 617 3488 Οὐ
670 3436 782 3504 γὰρ
843 3435 1263 3505 ἐπιτέτραπται
1318 3428 1530 3503 αὑταῖς
1592 3436 1830 3500 λαλεῖν,

324 3518 464 3573 ἀλλ’
504 3517 983 3586 ὑποτάσσεσθαι,
1038 3519 1236 3587 καθὼς
1283 3521 1381 3574 καὶ
1433 3522 1466 3573 ό
1510 3519 1697 3589 νόμος
1729 3517 1830 3573 λέ-

330 3617 435 3668 γει.

326 3689 395 3736 α’.
416 3684 727 3754 Περικόψας
741 3686 831 3738 τὸν
848 3686 1074 3756 θόρυϐον
1090 3688 1179 3739 τὸν
1196 3687 1304 3739 ἀπὸ
1321 3686 1427 3739 τῶν
1442 3687 1720 3754 γλωττῶν,
1740 3686 1834 3739 καὶ

254 3767 347 3819 τὸν
378 3766 487 3820 ἀπὸ
505 3766 615 3818 τῶν
640 3768 1006 3837 προφητειῶν,
1040 3770 1132 3823 καὶ
1165 3769 1557 3839 νομοθετήσας,
1582 3768 1722 3821 ὥστε
1758 3768 1833 3839 μὴ

258 3849 519 3920 σύγχυσιν
548 3850 815 3917 γίνεσθαι,
850 3849 977 3912 τούς
1000 3868 1060 3903 τε
1087 3850 1362 3919 γλώσσαις
1395 3851 1695 3913 λαλοῦντας
1727 3849 1833 3903 ἀνά

260 3932 427 4003 μέρος
454 3932 610 3986 τοῦτο
634 3935 827 3997 ποιεῖν,
854 3933 982 3997 τούς
1010 3951 1070 3985 τε
1109 3933 1552 4003 προφητεύοντας
1588 3930 1831 4002 ἀρξαμέ-

257 4032 350 4066 νου
376 4016 561 4083 ἐτέρου
586 4017 764 4085 σιγᾷν,
789 4016 973 4069 λοιπὸν
1000 4016 1092 4068 καὶ
1118 4016 1211 4069 ἐπὶ
1231 4016 1328 4085 τὴν
1356 4016 1597 4087 ταραχὴν
1615 4015 1714 4085 τὴν
1728 4012 1837 4067 ἀπὸ

255 4095 367 4148 τῶν
398 4097 674 4165 γυναικῶν
701 4098 997 4169 γινομένην
1028 4096 1131 4167 ὁδῷ
1174 4099 1411 4167 πρόεισι,
1461 4099 1559 4167 τὴν
1604 4097 1835 4166 ἄκαιρον

256 4179 439 4232 αὐτῶν
482 4180 762 4234 ἐκκόπτων
807 4181 1140 4251 παρρησίαν,
1174 4183 1269 4233 καὶ
1302 4179 1507 4250 σφόδρα
1536 4179 1830 4250 εὐκαίρως.

261 4262 325 4314 El
359 4262 467 4333 γὰρ
494 4265 603 4325 τοῖς
626 4261 695 4314 τά
744 4263 1059 4333 χαρίσματα
1086 4262 1301 4333 ἔχουσιν
1335 4264 1522 4325 άπλῶς
1554 4263 1654 4315 οὐκ
1684 4262 1834 4331 ἐφίε-

258 4362 349 4397 ται
378 4345 575 4411 λαλεῖν,
617 4346 727 4399 οὐδ’
769 4347 861 4398 ὅτε
918 4344 1220 4416 βούλονται,
1255 4346 1350 4397 καὶ
1389 4345 1562 4398 ταῦτα
1593 4344 1697 4397 ὑπὸ
1740 4342 1835 4396 τοῦ

260 4427 580 4497 Πνεύματος
603 4436 963 4499 κινουμένοις,
996 4429 1176 4498 πολλῷ
1209 4430 1409 4497 μᾶλλον
1442 4428 1678 4491 ἐκείναις
1708 4428 1835 4497 είκῆ

260 4512 630 4583 φλυαρούσαις
662 4516 757 4566 καὶ
789 4515 989 4585 μάτην.
1021 4514 1118 4567 Διά
1143 4516 1302 4567 τοῦτο
1332 4515 1426 4568 καὶ
1457 4513 1833 4585 μετά’πολλῆς

259 4597 359 4664 τῆς
391 4596 677 4658 αύθεντίας
702 4598 1044 4666 ἐπιστομίζει
1078 4597 1177 4668 τὴν
1208 4599 1477 4667 φλυαρίαν
1508 4597 1706 4662 αὐτῶν,
1744 4598 1837 4649 καὶ

260 4678 352 4730 τὸν
384 4679 547 4748 νόμον
578 4678 696 4749 μεθ’
727 4680 921 4733 ἑαυτοῦ
972 4679 1174 4742 λαϐὼν,
1223 4680 1395 4744 οὕτως
1443 4681 1622 4733 αὐτῶν
1662 4680 1837 4748 ἀπορ-

263 4759 460 4827 ράπτει
485 4760 555 4813 τά
584 4762 843 4830 στόματα.
864 4763 937 4815 Οὐ
968 4764 1076 4833 γάρ
1100 4765 1357 4833 παραινεῖ
1389 4762 1547 4831 μόνον
1577 4760 1833 4823 ἐνταῦθα,

258 4845 381 4901 ούδέ
417 4844 794 4918 συμϐουλεύει,
824 4846 960 4903 ἀλλά
1003 4848 1096 4900 καὶ
1123 4848 1402 4901 ἐπιτάττει
1430 4846 1699 4917 σφοδρῶς,
1736 4863 1838 4899 πα-

259 4932 412 4985 λαιὸν
435 4932 575 5002 ὺπέρ
603 4935 807 4986 τούτων
846 4934 1236 5001 ἀναγινώσκων
1268 4932 1449 5001 νόμον.
1478 4930 1664 4984 Είπὼν
1706 4929 1837 4999 γάρ,

257 5015 339 5066 ὅτι
364 5016 434 5067 Al
477 5013 757 5081 γυναῖκες
798 5014 965 5082 ὑμῶν
990 5015 1060 5067 ἐν
1088 5014 1217 5080 ταῖς
1249 5014 1610 5081 ἐκκλησίαις
1665 5010 1838 5080 σιγά-

261 5110 483 5159 τωσαν,
517 5098 631 5157 καὶ,
694 5100 815 5150 Οὐκ
871 5098 1290 5165 ἐπιτέτραπται
1348 5097 1556 5161 αὐταῖς
1603 5095 1838 5159 λαλεῖν,

258 5180 403 5231 ἀλλ’
431 5179 889 5241 ὑποτάττεσθαι,
916 5182 1186 5249 ἐπήγαγε,
1211 5180 1419 5244 Καθὼς
1453 5178 1553 5231 καί
1589 5181 1621 5229 ό
1655 5178 1839 5244 νόμος

258 5258 444 5325 λέγει.
476 5262 588 5313 Καὶ
621 5262 724 5314 ποῦ
752 5262 911 5315 τοῦτο
935 5264 962 5314 ὁ
1000 5263 1165 5329 νόμος
1195 5260 1380 5326 λέγει;
1414 5260 1569 5326 Πρὸς
1602 5259 1711 5310 τὸν
1736 5258 1840 5309 ἅν-

258 5340 375 5407 ὄρα
404 5356 521 5392 σου
550 5344 588 5407 ἠ
631 5343 987 5412 ἀποστροφή
1027 5358 1166 5405 σου,
1199 5342 1299 5396 καὶ
1341 5343 1523 5407 αὐτός
1570 5357 1686 5394 σου
1732 5357 1837 5392 κυ-

253 5422 509 5492 ριεύσει.
550 5418 702 5485 Εἶδες
761 5426 975 5479 Παύλου
1025 5425 1238 5493 σοφίαν,
1294 5425 1491 5495 ἡλίκην
1545 5423 1839 5492 παρήγαγε

264 5502 594 5574 μαρτυρίαν.
619 5506 681 5555 οὗ
711 5510 869 5576 σιγᾷν
894 5508 1081 5570 αὑταῖς
1124 5507 1449 5561 κελεύουσαν
1483 5504 1661 5574 μόνον,
1703 5504 1839 5556 ἀλλά

261 5589 357 5641 καὶ
394 5586 532 5656 μετά
583 5586 747 5653 φόϐου
798 5592 978 5657 σιγᾷν,
1030 5590 1123 5642 καὶ
1174 5589 1311 5658 μετά
1349 5587 1513 5656 φόϐου
1557 5584 1835 5647 τοσούτου,

266 5671 389 5741 μεθ’
416 5673 540 5725 ὅσου
566 5671 662 5741 τὴν
685 5670 879 5739 δούλην
914 5674 1207 5742 ἡσυχάζειν
1239 5674 1341 5743 χρὴ
1371 5689 1384 5735 ς
1415 5670 1505 5723 Διὸ
1535 5670 1626 5720 καὶ
1674 5669 1835 5731 αὐτὸς

262 5753 453 5819 εἰπὼν,
505 5755 585 5808 ὅτι
619 5756 736 5808 Οίνι
769 5754 1183 5823 ἐπιτέτραπται
1225 5755 1431 5820 αὑταῖς
1460 5752 1689 5818 λαλεῖν,
1731 5752 1829 5804 οὐκ

1934 3359 2228 3427 ἐπήγαγεν,
2272 3359 2455 3412 Ἀλλά
2494 3360 2673 3429 σιγᾷν,
2721 3358 2857 3412 ἀλλὰ
2888 3361 2946 3412 τὺ
3003 3360 3163 3413 πλέον
3204 3360 3353 3431 1544]
3400 3364 3519 3416 ἀντὶ

1931 3439 2026 3491 τοῦ
2060 3442 2217 3510 σιγᾷν
2247 3440 2480 3505 τέθεικε,
2520 3441 2582 3493 τὸ
2610 3441 3033 3495 ὑποτάττεσθαι.
3089 3444 3151 3496 Ei
3182 3444 3237 3496 δὲ
3287 3445 3379 3496 ἐπὶ
3421 3446 3517 3498 άν-

1933 3521 2076 3591 δρῶν
2101 3521 2277 3586 τοῦτο,
2314 3522 2495 3594 πολλῷ
2526 3523 2726 3593 μᾶλλον
2768 3524 2861 3578 ἐπὶ
2901 3524 3010 3577 τῶν
3050 3526 3390 3579 διδασκάλων
3424 3531 3520 3579 καὶ

1937 3604 2188 3673 πατέρων
2205 3607 2298 3657 καὶ
2320 3604 2415 3657 τοῦ
2445 3606 2627 3660 κοινοῦ
2652 3606 2751 3675 τῆς
2781 3606 3077 3674 ἐκκλησίας
3105 3607 3383 3673 συλλόγου.
3412 3610 3520 3661 Καὶ

1935 3687 1981 3736 εἰ
2013 3685 2150 3755 μηδέ
2181 3686 2530 3754 φθέγξονται,
2587 3690 2741 3758 φησὶ,
2794 3689 2930 3758 μηδέ
2969 3691 3328 3758 ἐρωτήσουσι,
3376 3689 3519 3753 τίνος

1934 3768 2119 3819 ἕνεκεν
2148 3768 2243 3819 καὶ
2265 3768 2629 3837 παρέσοντᾱις
2657 3772 2774 3822 Ἶνα
2811 3770 3052 3823 ἀκούωσι
3096 3772 3194 3838 μὲν
3224 3770 3260 3824 ὃ.
3298 3772 3424 3842 χρὴ.
3453 3773 3519 3825 τὰ

1936 3849 1992 3901 δέ
2022 3848 2473 3919 ἀμφιϐαλλόμενα
2509 3850 2660 3920 παρά
2688 3851 2796 3903 τῶν
2822 3852 3036 3921 ἀνδρῶν
3068 3853 3208 3904 οἴκοι
3247 3853 3517 3922 μανθανέ-

1936 3947 2135 3984 τωσαν.
2175 3932 2265 3983 Διὸ
2292 3932 2387 3984 καὶ
2432 3932 2734 4002 ἐπήγαγεν·
2770 3936 2842 3987 El
2880 3932 2946 3985 δέ
2975 3950 3027 3985 τι
3073 3933 3287 4000 μαθεῖν
3304 3936 3519 3988 ηθέλουο

1937 4031 2061 4078 σιν,
2087 4015 2156 4068 ἐν
2203 4016 2345 4081 οἴκῳ
2382 4014 2524 4080 τοὺς
2554 4015 2745 4082 ἰδίους
2777 4016 3002 4084 ἄνδρας
3030 4015 3515 4083 ἐπερωτάτωσαν.

1939 4099 2013 4151 Ού
2046 4098 2153 4169 γὰρ
2185 4098 2248 4169 δὴ
2304 4098 2463 4170 μόνον
2515 4099 2698 4152 λαλεῖν
2731 4100 2922 4162 αὐταῖς
2949 4099 3050 4151 οὐκ
3072 4098 3303 4167 ἐφίεται,
3333 4098 3517 4168 φησὶν,

1940 4180 2147 4241 ἁπλῶς,
2178 4181 2294 4232 ἀλλ’
2323 4180 2442 4232 οὐδὲ
2466 4182 2678 4250 ἐρωτᾷν
2713 4198 2766 4233 τι
2800 4183 2858 4233 ἐν
2891 4180 3177 4251 ἐκκλησίᾳ.
3209 4181 3271 4232 Εἰ
3300 4180 3356 4232 δὲ
3385 4181 3515 4250 ἐρωο

1936 4263 2037 4333 τᾷν
2069 4262 2128 4314 ού
2175 4262 2301 4332 χρὴ,
2342 4261 2525 4333 πολλῷ
2565 4261 2765 4328 μᾶλλον
2794 4262 2983 4324 ἁπλῶς
3009 4262 3195 4315 λαλεῖν
3236 4262 3298 4313 ού
3334 4261 3517 4332 θέμις.

1940 4347 2046 4399 Καὶ
2072 4345 2123 4397 τί
2150 4345 2348 4413 δήποτε
2382 4346 2439 4397 ἐν
2467 4344 2709 4415 τοσαύτῃ
2735 4344 3074 4414 κατέστησεν
3105 4344 3277 4407 αὑτὰς
3317 4344 3521 4396 ὑποτα-

1939 4433 2042 4501 γῇ;
2069 4429 2190 4480 Ὅτι
2224 4426 2615 4498 ἀσθενέστερόν
2650 4427 2766 4491 πώς
2813 4429 2962 4481 ἐστιν
2995 4431 3027 4497 ἡ
3071 4426 3208 4495 γυνὴ
3249 4428 3342 4479 καὶ
3372 4427 3521 4496 εὑρί-

1941 4528 2130 4563 πιστον
2160 4511 2255 4562 καὶ
2292 4510 2516 4579 κοῦφον.
2552 4510 2651 4563 Διά
2677 4510 2740 4580 δὴ
2772 4509 2930 4562 τοῦτο
2962 4511 3087 4571 τοὺς
3112 4509 3306 4576 ἄνδρας
3332 4508 3523 4568 αὐταῖς

1942 4594 2208 4663 ἐπέστησε
2238 4592 2613 4654 διδασκάλους,
2643 4593 2985 4659 ἀμφοτέρους
3014 4589 3261 4658 ὠφελῶν.
3280 4588 3525 4651 Ἐκείνας

1941 4696 2001 4731 τε
2030 4678 2135 4747 γὰρ
2170 4677 2406 4749 κοσμίας
2433 4674 2826 4736 κατεσκεύασε,
2858 4674 3081 4737 τούτους
3112 4690 3172 4726 τε
3198 4672 3525 4739 ἐναγωνίους

1942 4761 2219 4830 ἐποίησεν,
2254 4762 2349 4815 ἅτε
2392 4759 2685 4829 μέλλοντας
2720 4758 2855 4827 μετά
2880 4756 3081 4825 πολλῆς
3111 4756 3211 4825 τῆς
3238 4754 3523 4825 ἀγμιϐείας

1943 4845 2085 4913 ἅπερ
2108 4844 2348 4913 ἥκουσαν
2376 4845 2495 4903 ταῖς
2526 4840 2740 4908 γυναιξὶ
2774 4839 3339 4911 παρακατατίθεσθαι.
3391 4834 3524 4889 Εἶτα

1943 4926 2131 4996 ἐπειδὴ
2195 4922 2634 4985 καλλωπίζεσθαι
2692 4923 2944 4976 ἐντεῦθεν
2990 4921 3241 4990 ἐνόμιζον
3307 4922 3372 4972 ἐκ
3430 4920 3525 4972 τοῦ

1944 5008 2277 5078 φθέγγεσθαι
2303 5005 2562 5076 δημοσία,
2593 5007 2757 5059 πάλιν
2796 5009 2875 5069 εἰς
2904 5006 2964 5057 τὸ
2994 5003 3239 5056 ἐναντίον
3268 5004 3524 5074 περιάγει

1943 5092 2054 5159 τὸν,
2075 5092 2251 5159 λόγον,
2306 5088 2501 5154 λέγων·
2569 5091 2828 5157 Λίσχρὸν
2862 5087 2971 5156 γάρ
3004 5087 3135 5139 ἐστι
3189 5086 3427 5155 γυναικὶ
3460 5087 3526 5137 ἐν

1940 5173 2240 5241 ἐκκλησίᾳ
2270 5170 2507 5225 λαλεῖν.
2552 5173 2775 5243 Πρῶτον
2810 5171 2910 5239 μὲν
2935 5169 3043 5239 γὰρ
3073 5168 3178 5220 ἀπὸ
3219 5168 3313 5220 τοῦ
3359 5167 3525 5236 νόμου

1941 5256 2100 5308 τοῦτο
2133 5254 2505 5307 κατεσκεύασε
2537 5255 2631 5306 τοῦ
2659 5254 2818 5316 Θεοῦ,
2862 5252 3054 5304 ἔπειτα
3083 5251 3189 5303 ἀπὸ
3214 5250 3395 5303 κοινοῦ
3436 5253 3525 5302 )0-

1944 5337 2140 5407 γισμοῦ
2189 5337 2281 5388 καὶ
2336 5339 2435 5405 τῆς
2486 5338 2795 5406 συνηθείας,
2840 5335 3027 5405 ὥσπερ
3064 5338 3175 5395 καὶ,
3208 5335 3368 5403 ἡνίκα
3397 5335 3527 5403 περὶ

1948 5421 2122 5489 κόμης
2168 5419 2360 5480 αὑταῖς
2407 5419 2697 5485 διελέγετο,
2745 5418 2950 5485 ἔλεγεν·
2986 5421 3063 5470 ’Ἡ
3104 5416 3245 5469 οὺδέ
3285 5416 3437 5482 twn)
3486 5419 3522 5483 ἡ

1944 5505 2127 5572 φύσις
2164 5500 2314 5569 ὑμᾶς
2341 5502 2647 5564 διδάσκει;
2700 5502 2811 5555 Καὶ
2844 5500 3119 5568 πανταχοῦ
3160 5500 3399 5552 τοιοῦτον
3432 5499 3522 5550 εύ-

1948 5601 2060 5653 ροις
2088 5584 2153 5636 ἂν
2188 5584 2357 5636 αὐτοῦ
2386 5585 2475 5635 τὸν
2522 5585 2719 5654 τρόπον
2767 5584 2917 5645 ὄντα,
2947 5584 3045 5633 οὐκ
3087 5582 3196 5634 ἀπὸ
3228 5581 3334 5633 τῶν
3366 5581 3521 5633 θείων

1944 5665 2173 5735 ι’ραφῶν
2223 5666 2407 5736 μόνον,
2456 5666 2590 5718 ἀλλὰ
2628 5666 2719 5717 καὶ
2754 5665 2861 5718 ἀπὸ
2890 5665 2987 5733 τῆς
3020 5666 3199 5725 κοινῆς
3228 5664 3517 5731 συνηθείας

1944 5748 2288 5817 ἐντρέποντα.
2337 5748 2477 5817 Πρὸς
2522 5748 2725 5811 τούτοις
2756 5750 2809 5802 δὲ
2848 5749 2939 5801 καὶ
2990 5747 3094 5800 ἀπὸ
3122 5747 3230 5799 τῶν
3271 5751 3402 5802 πᾶσι
3431 5748 3518 5800 δοε-
