4038 6216
304 401 412 459 51⁸1

306 512 359 567 in
392 527 493 569 usu
512 554 531 581 ,
562 511 827 584 pudorem
854 512 1047 568 incutit
1076 529 1101 565 ιν
1120 512 1261 581 quod
1292 511 1378 568 hic
1399 528 1616 585 quoque
1637 512 1857 569 adhibet
1881 553 1897 579 ,

303 603 528 661 dicens:
556 604 648 662 36.
684 606 762 660 An
808 622 843 658 a
873 605 1011 659 vobis
1060 604 1261 660 verbum
1288 603 1385 660 Dei
1415 608 1656 676 processit
1687 644 1704 670 ,
1732 615 1823 660 aut
1847 606 1902 661 in

303 707 392 748 ros
414 696 552 751 solos
577 696 803 769 pervenit
824 695 851 750 2
880 694 1095 750 Etenim
1121 704 1349 752 caeteras
1388 694 1612 751 adduxit
1633 695 1901 751 Ecclesias

304 782 445 840 hanc
480 786 655 857 legem
676 795 960 842 servantes
983 828 1000 854 ,
1028 794 1084 842 et
1112 802 1142 840 a
1172 788 1409 843 novitate
1430 787 1717 842 tumultum
1743 802 1899 844 rese-

302 890 454 941 rans.
478 886 537 934 et
558 878 848 933 multorum
880 878 1094 934 calculo
1121 889 1327 949 gratam
1373 888 1430 934 et
1470 888 1747 949 acceptam
1777 879 1904 936 red-

302 967 440 1025 dens
480 970 801 1024 orationem.
842 969 1205 1038 Quamobrem
1233 970 1361 1025 alibi
1393 986 1607 1042 quoque
1640 971 1898 1029 dicebat:

304 1058 406 1126 Qui
434 1060 574 1115 vobis
595 1060 648 1115 in
679 1062 974 1115 memoriam
995 1063 1246 1116 revocavit
1273 1063 1379 1115 vias
1408 1078 1545 1116 meas
1571 1062 1625 1115 in
1650 1061 1854 1117 Christo
1882 1106 1898 1131 ,

300 1152 432 1207 sicut
463 1146 647 1222 ubique
671 1156 725 1207 in
754 1153 984 1209 omnibus
1011 1152 1255 1234 Ecclesiis
1276 1154 1433 1208 doceo
1455 1155 1530 1224 (1.
1549 1152 1670 1210 Cor.
1697 1157 1753 1211 4.
1785 1142 1899 1225 ΓΙ);

304 1250 359 1297 et
388 1257 579 1297 rursus
602 1284 619 1310 ,
651 1242 773 1297 Non
800 1253 876 1299 est
904 1245 1038 1298 enim
1065 1243 1209 1299 Deus
1234 1245 1585 1308 dissensionis,
1616 1246 1706 1300 sed
1734 1249 1898 1318 pacis,

300 1332 433 1387 sicut
455 1342 502 1387 et
519 1334 571 1387 in
596 1335 828 1389 omnibus
849 1334 1092 1389 Ecclesiis
1109 1345 1402 1391 sanctorum
1422 1334 1585 1408 (Ibid.
1604 1338 1692 1392 is.
1708 1338 1826 1409 33);
1845 1349 1903 1394 et

301 1419 389 1476 hic
419 1439 433 1475 :
463 1423 545 1476 An
568 1441 607 1477 α
635 1425 774 1478 vobis
807 1425 1009 1479 verbum
1034 1424 1135 1481 Dei
1163 1428 1442 1496 processit,
1472 1438 1563 1481 aut
1589 1428 1658 1482 ad
1684 1444 1771 1484 vos
1810 1447 1899 1485 so-

298 1515 379 1567 los
415 1517 694 1584 pervenit?
722 1516 837 1573 Hoc
875 1525 960 1572 est
984 1559 998 1583 ,
1030 1533 1207 1588 neque
1235 1534 1330 1575 vos
1361 1520 1518 1589 primi
1545 1560 1560 1585 ,
1591 1536 1767 1589 neque
1796 1522 1897 1576 soli

300 1606 489 1662 ﬁdeles
514 1648 527 1672 ,
558 1608 651 1663 sed
682 1618 827 1664 totus
852 1609 1000 1663 orbis
1032 1618 1209 1665 terrae.
1239 1611 1393 1680 Quod
1416 1614 1578 1667 etiam
1610 1613 1680 1667 ad
1705 1614 1897 1668 Colos-

300 1710 489 1752 senses
530 1698 810 1764 scribens,
865 1698 1113 1766 dicebat,
1146 1700 1292 1755 Sicut
1323 1703 1596 1769 fructi/ient
1634 1713 1681 1757 et
1723 1707 1899 1759 crescit

300 1790 354 1843 in
384 1798 491 1843 toto
522 1790 715 1844 mundo
758 1788 977 1861 (Coloss.
1013 1792 1064 1847 1.
1094 1792 1186 1864 6),
1223 1791 1451 1862 loquens
1495 1793 1564 1849 de
1592 1796 1891 1865 evangelio.

301 1880 355 1935 ιιι
381 1893 563 1937 autem
596 1882 725 1937 facit
754 1884 916 1938 etiam
949 1884 1187 1940 aliterad
1215 1883 1654 1941 exhortationem
1691 1887 1899 1943 audito-

298 1987 417 2027 rum
440 2014 456 2040 ,
511 1983 567 2027 ut
610 1974 825 2040 quando
854 1973 1023 2040 dicit,
1056 1988 1245 2030 eorum
1282 1990 1405 2031 esse
1443 1977 1614 2046 prima
1636 2018 1652 2044 ,
1694 1987 1747 2033 et
1780 1994 1899 2033 ma-

298 2065 493 2120 nifesta
534 2067 803 2121 omnibus.
828 2064 961 2121 Nam
1006 2066 1074 2121 ad
1119 2066 1629 2125 TbeSSalonicenses
1658 2070 1899 2126 scribens

296 2156 513 2213 dicebat
539 2175 553 2211 :
585 2159 630 2211 Α
665 2157 802 2212 vobis
828 2159 962 2213 enim
988 2160 1214 2213 resanuit
1240 2176 1406 2213 sermo
1435 2158 1552 2226 Dei,
1586 2170 1632 2214 et
1665 2162 1719 2217 in
1759 2165 1897 2217 omni

298 2247 411 2303 loco
436 2248 565 2318 ﬁdes
585 2258 751 2303 vestra
777 2248 846 2302 ad
874 2247 1042 2302 Deum
1071 2249 1193 2303 exiit
1227 2246 1274 2320 (1
1312 2247 1495 2304 Thess.
1542 2250 1594 2306 1.
1627 2250 1722 2321 8);
1751 2261 1805 2307 et
1829 2253 1895 2307 ad

298 2338 575 2396 Romanos
620 2354 808 2393 rursus
855 2338 1101 2395 scribens
1129 2357 1142 2391 :
1175 2338 1336 2395 Fides
1365 2352 1530 2395 vestra
1560 2344 1897 2397 annuntiatur

296 2434 352 2488 in
380 2442 483 2487 toto
520 2434 712 2487 mundo
734 2430 913 2502 (Rom.
960 2433 1013 2488 1.
1042 2433 1122 2504 8).
1153 2433 1328 2489 Ambo
1370 2434 1514 2488 enim
1543 2433 1816 2489 sufﬁciunt
1842 2445 1897 2489 et

299 2524 367 2577 ad
398 2522 793 2578 exhortandum
819 2531 874 2578 et
902 2523 1283 2591 excitandum,
1318 2523 1522 2578 laudari
1550 2525 1618 2579 ab
1657 2525 1815 2592 aliis,
1842 2534 1899 2581 et

296 2614 432 2670 alios
476 2614 677 2669 habere
722 2614 898 2669 socios
946 2616 1250 2670 sententias.
1282 2614 1348 2669 Et
1395 2613 1517 2670 ideo
1562 2614 1648 2670 hic
1682 2631 1896 2687 quoque

295 2703 429 2760 dicit
458 2720 472 2756 :
508 2706 586 2758 An
612 2721 643 2756 a
674 2704 811 2757 vobis
837 2719 1001 2757 sermo
1027 2703 1124 2760 Dei
1146 2705 1409 2774 processit,
1431 2714 1521 2759 aut
1542 2706 1613 2759 ad
1640 2718 1739 2760 vos
1757 2707 1896 2762 solos

297 2796 566 2868 pervenit?
594 2796 779 2867 Neque
804 2797 970 2863 enim,
1003 2796 1194 2869 inquit,
1228 2798 1331 2853 hoc
1358 2798 1639 2869 potueritis
1665 2800 1850 2856 dicere
1876 2820 1892 2860 :

296 2891 406 2947 Nos
432 2888 634 2947 fuimus
659 2892 914 2947 doctores
953 2890 1181 2947 aliorum
1207 2932 1221 2956 ,
1250 2900 1304 2947 et
1336 2906 1443 2946 non
1473 2908 1685 2963 arquum
1715 2906 1798 2949 εει
1837 2902 1896 2949 ut

296 2985 365 3041 ab
391 2984 512 3039 aliis
537 2983 849 3051 discamus;
879 2999 1087 3054 neque,
1110 2982 1271 3039 Fides
1298 2982 1386 3040 hic
1412 2985 1591 3041 solum
1619 2989 1808 3053 stetit,
1838 2995 1895 3061 et

296 3091 405 3130 non
450 3085 664 3145 oportet
709 3075 777 3132 ab
818 3075 939 3132 aliis
982 3076 1227 3151 exempla
1275 3092 1513 3133 sumere.
1564 3077 1753 3134 Viden‘
1797 3095 1895 3149 per

294 3181 459 3237 quam
486 3167 651 3222 multa
690 3169 769 3222 eis
798 3168 1059 3237 pudorem
1108 3168 1376 3225 incussit?
1428 3169 1601 3242 legem
1628 3168 1890 3238 adduxit,

294 3258 374 3313 rei
405 3258 639 3313 ostendit
668 3258 1053 3330 turpitudinem
1079 3300 1094 3324 ,
1128 3269 1352 3315 cmteras
1387 3260 1662 3317 Ecclesias
1693 3262 1746 3316 iu
1775 3277 1891 3319 me-

292 3347 387 3405 dio
413 3352 611 3419 posuit.

366 3440 421 3494 3.
466 3442 705 3511 Deinde,
748 3442 892 3514 quod
921 3452 1005 3499 est
1046 3445 1286 3500 omnium
1333 3445 1684 3507 fortissimum
1712 3489 1726 3512 .
1760 3449 1891 3506 ulti-

290 3547 439 3589 mum
465 3534 619 3605 ponit
644 3533 829 3591 dicens
858 3553 874 3591 :
907 3534 1049 3591 Deus
1087 3535 1203 3593 haec
1230 3536 1392 3593 etiam
1440 3553 1582 3594 nunc
1609 3540 1764 3609 jubet
1790 3557 1885 3611 per

290 3633 399 3680 me:
435 3626 526 3680 ἣν.
558 3625 621 3681 Si
650 3627 761 3696 quis
794 3627 940 3682 enim
980 3626 1179 3682 videtur
1204 3627 1455 3699 propheta
1486 3645 1593 3688 esse
1618 3640 1705 3683 aut
1730 3633 1888 3702 spiri-

290 3714 447 3771 tualis
468 3757 487 3784 ,
517 3728 789 3787 cognoscat
809 3735 924 3786 qua:
957 3718 1126 3774 scribo
1165 3718 1304 3775 vobis
1327 3762 1343 3786 ,
1374 3722 1497 3792 quia
1534 3720 1746 3777 Domini
1771 3734 1888 3779 sunt

290 3811 558 3866 mandata.
589 3812 682 3868 38.
714 3813 777 3868 Si
818 3815 928 3884 quis
953 3823 1124 3869 autem
1155 3816 1390 3887 ignorat,
1422 3819 1638 3891 ignoret.
1681 3820 1748 3876 Et
1790 3835 1888 3881 Cur

289 3902 394 3961 hoc
421 3904 740 3975 subjunxit?
768 3904 1075 3964 Ostendens
1101 3921 1161 3963 se
1190 3923 1365 3981 neque
1392 3910 1502 3965 vim
1529 3911 1755 3981 auerre,
1786 3930 1886 3971 nec

286 3998 659 4054 contendere:
688 4001 831 4069 quod
861 4001 1080 4071 quidem
1106 4011 1190 4057 est
1208 4003 1420 4074 signum
1447 4021 1555 4062 non
1581 4022 1769 4065 eorum
1793 4011 1885 4081 qui

285 4102 386 4143 sua
433 4090 619 4144 volunt
659 4092 1031 4159 constituere,
1064 4092 1163 4149 sed
1192 4108 1381 4150 eorum
1422 4098 1515 4168 qui
1556 4106 1801 4171 spectant
1829 4102 1882 4160 id

284 4178 430 4248 quod
470 4188 555 4235 est
591 4180 712 4236 aliis
740 4182 889 4237 utile.
934 4171 1298 4251 Quamobrem
1327 4186 1463 4242 dicit
1491 4190 1659 4245 etiam
1704 4192 1832 4249 alibi
1864 4213 1877 4250 :

284 4268 350 4325 Si
373 4271 487 4342 quis
512 4281 679 4326 autem
718 4282 791 4328 est
828 4277 1172 4332 contentiosus
1192 4318 1207 4342 ,
1238 4293 1331 4333 nos
1358 4279 1511 4335 talem
1552 4285 1882 4339 consuetudi-

283 4378 400 4417 nem
430 4376 534 4415 non
558 4364 801 4421 habemus
852 4367 930 4438 (1.
973 4366 1093 4423 Cor.
1139 4370 1228 4424 11.
1280 4370 1397 4444 16).
1432 4372 1503 4428 At
1547 4390 1656 4431 non
1685 4376 1883 4450 ubique

283 4451 393 4508 hoc
419 4453 544 4508 facit
562 4496 577 4519 ,
610 4456 703 4511 sed
737 4456 826 4512 ulti
853 4458 958 4512 non
988 4458 1061 4513 ita
1091 4473 1283 4530 magna
1310 4462 1666 4519 admittuntur
1691 4481 1879 4536 pecca-

268 4550 335 4598 .ta
358 4585 375 4609 ,
405 4552 462 4599 et
505 4552 636 4601 tunc
673 4549 852 4619 potius
883 4548 1088 4620 pudore
1114 4550 1375 4607 afficiens.
1408 4553 1541 4609 Nam
1572 4557 1787 4625 quando
1814 4558 1882 4615 de

282 4633 407 4689 aliis
431 4633 701 4705 loquitur,
733 4654 839 4694 non
867 4641 946 4696 sic
972 4639 1131 4709 dicit,
1161 4642 1257 4699 sed
1286 4645 1593 4715 quomodo?
1622 4645 1707 4701 Ne
1744 4664 1878 4703 erre-

284 4728 350 4781 tis
380 4742 401 4782 :
448 4743 610 4797 neque
658 4732 994 4801 fornicatores
1017 4773 1033 4799 ,
1080 4750 1241 4803 neque
1290 4735 1469 4791 molles
1521 4754 1734 4809 regnum
1778 4738 1880 4797 Dei

280 4818 610 4889 possidebunt
635 4819 817 4893 (Ibid.
850 4824 903 4878 6.
933 4822 1039 4895 9);
1074 4834 1130 4881 et
1166 4841 1356 4881 rursus
1384 4845 1397 4881 :
1430 4827 1565 4883 Ecce
1616 4848 1707 4904 ego
1739 4830 1878 4887 Pau-

280 4912 365 4966 lus
386 4910 503 4966 dico
530 4915 669 4969 vobis
692 4956 707 4981 ,
737 4915 874 4985 quod
903 4917 948 4970 si
971 4918 1410 4974 circumcidamini
1434 4961 1451 4987 ,
1477 4920 1712 4978 Christus
1736 4925 1875 4984 vobis

282 5001 417 5058 nihil
441 5003 671 5072 proderit
700 5004 841 5077 (Gal.
870 5006 924 5063 Β.
956 5006 1035 5080 2).
1067 5009 1165 5065 ilic
1202 5021 1383 5067 autem
1411 5014 1669 5084 quoniam
1697 5016 1766 5073 de
1794 5018 1872 5073 si—

279 5095 449 5153 lentio
472 5094 732 5167 agebatur
755 5140 773 5166 ,
804 5114 910 5156 non
938 5101 1228 5158 admodum
1256 5104 1609 5163 Vehementer
1637 5109 1872 5166 insecta-
1902 5122 1911 5135 ‘

276 5200 388 5256 tur,
418 5189 519 5243 hoc
545 5190 663 5259 ipso
684 5204 779 5247 eos
802 5194 973 5265 magis
996 5195 1295 5251 attrahens.
1329 5197 1534 5254 Deinde
1558 5201 1699 5271 quod
1726 5216 1872 5258 sem-

278 5297 380 5354 per
419 5280 556 5336 solet
598 5280 811 5349 facere,
858 5283 925 5339 ad
958 5288 1109 5357 prius
1153 5298 1531 5360 argumentum
1556 5331 1571 5356 .
1618 5293 1761 5350 unde
1799 5294 1871 5353 ad

273 5375 393 5443 hac
439 5371 665 5429 dicenda
711 5374 987 5447 digressus
1030 5387 1155 5446 est,
1201 5382 1492 5439 revertitur
1518 5381 1745 5441 dicens:
1775 5386 1865 5443 59.

273 5462 493 5536 Itaque,
527 5466 711 5537 fratres
738 5468 869 5535 mei,
897 5469 1211 5549 wmulantiini
1254 5473 1575 5543 prophetiam
1596 5514 1624 5541 ν
1641 5488 1690 5530 et
1730 5477 1869 5547 loqui

270 5557 465 5629 linguis
509 5557 668 5612 nolite
696 5560 980 5628 prohibere.
1016 5558 1115 5616 Est
1154 5563 1299 5619 enim
1326 5581 1451 5622 nios
1494 5567 1611 5637 ejus
1641 5583 1747 5625 non
1779 5585 1865 5627 so-

270 5650 385 5707 lum
431 5665 593 5725 agere
640 5651 692 5707 id
718 5693 735 5721 ,
767 5652 915 5724 quod
944 5666 1028 5711 est
1073 5657 1447 5728 propositum,
1481 5658 1576 5715 sed
1609 5660 1769 5716 etiam
1796 5679 1864 5719 ex

270 5741 368 5809 ilio
397 5740 448 5798 id
482 5743 625 5814 quod
654 5743 1166 5819 quomodocumque
1195 5747 1245 5804 ei
1274 5749 1489 5807 videtur
1516 5750 1861 5823 conjunctum

269 5836 547 5908 corrigere
570 5877 585 5904 ,
614 5844 671 5893 et
714 5852 904 5895 rursus
927 5828 1107 5897 redire
1156 5839 1221 5898 ad
1266 5843 1605 5914 propositum
1626 5886 1640 5915 ,
1675 5861 1742 5901 tte
1784 5848 1859 5903 vi-

1238 398 1305 458 ts
1346 399 1563 460 EPIST.
1607 403 1627 458 t
1692 400 1785 457 so
1822 399 1984 458 con.
2028 369 2257 461 notus.
2302 406 2568 466 xxxvu.

3505 424 3611 481 518

2013 513 2204 570 deatur
2226 517 2478 575 excidere
2523 521 2592 576 ab
2616 534 2954 594 argumento.
3011 527 3224 585 Etenim
3275 536 3491 603 quando
3530 539 3610 595 lo-

2010 607 2279 677 quebatur
2315 609 2384 666 de
2407 613 2698 669 concordia
2727 616 2779 671 in
2808 619 3043 685 mensis;
3068 636 3192 677 cum
3218 623 3495 695 digressus
3514 646 3609 688 es»

2006 706 2092 754 set
2112 698 2179 753 ad
2202 702 2645 761 communionem
2672 706 2725 761 in
2751 710 3045 779 mysteriis,
3067 721 3123 767 et
3138 728 3233 770 eos
3255 714 3380 771 inde
3398 721 3608 790 pudore

2005 788 2291 873 admissa,
2312 793 2381 849 ad
2407 794 2589 866 priora
2620 812 2807 854 rursus
2826 803 3135 871 revertitur,
3163 804 3347 864 dicens
3369 788 3606 879 {Quam-

2006 870 2177 937 obrem
2243 892 2593 943 convenientes
2652 894 2722 943 ad
2784 892 3147 950 comedendum
3171 939 3188 963 ,
3243 914 3330 955 vos
3393 903 3605 962 invicem

2006 984 2294 1044 exspectate
2318 976 2396 1048 (1.
2428 976 2548 1034 Cor.
2584 981 2673 1037 11.
2699 981 2816 1053 55).
2845 982 2922 1039 Ita
2956 986 3043 1042 hic
3066 1004 3282 1061 quoque
3301 1035 3317 1060 ,
3341 1008 3461 1051 cum
3493 998 3604 1055 dis-

2006 1066 2264 1123 seruisset
2310 1064 2381 1126 de
2422 1072 2614 1128 ordine
2658 1074 2997 1132 observando
3042 1080 3096 1134 in
3128 1082 3317 1153 donis,
3360 1097 3415 1143 et
3458 1091 3601 1160 quod
3640 1082 3643 1085 ⁷

2006 1170 2181 1227 neque
2229 1174 2465 1218 mmrore
2496 1163 2641 1219 afﬁci
2672 1175 2922 1236 oporteat
2968 1170 3023 1223 in
3058 1173 3356 1232 minoribus
3379 1221 3395 1247 ,
3429 1196 3604 1253 neque

2007 1254 2215 1305 tumere
2241 1261 2461 1322 propter
2490 1256 2715 1326 majora,
2746 1268 2799 1313 et
2828 1259 3023 1317 deinde
3050 1264 3328 1336 digressus
3360 1284 3506 1331 esset
3535 1277 3603 1332 ad

2004 1339 2325 1396 modestiam
2353 1345 2675 1402 mulieribus
2703 1351 3117 1409 convenientem
3138 1398 3155 1424 ,
3185 1367 3240 1414 et
3265 1375 3385 1416 eam
3412 1365 3605 1421 contir-

2006 1441 2227 1517 masset,
2262 1434 2401 1489 redit
2426 1436 2492 1491 ad
2520 1440 2853 1510 propositum
2875 1483 2890 1508 ,
2922 1459 3111 1501 rursus
3136 1448 3321 1506 dicens
3346 1470 3359 1505 :
3394 1452 3602 1525 Itaque,

2004 1525 2191 1591 fratres
2220 1525 2352 1590 mei,
2400 1530 2716 1584 wmnlamini
2759 1536 3112 1605 prophetiam,
3146 1548 3191 1593 et
3233 1541 3371 1614 loqui
3414 1546 3602 1618 linguis

2004 1614 2162 1670 nolite
2190 1618 2475 1686 prohibere.
2526 1621 2772 1678 Vidistiu’
2802 1629 3077 1696 quomodo
3122 1632 3189 1686 ad
3236 1634 3397 1692 tinem
3430 1614 3603 1710 usque

2002 1708 2297 1763 servaverit
2322 1708 2701 1781 differentiam,
2729 1725 2784 1770 et
2820 1720 3095 1786 quomodo
3131 1723 3359 1781 alterum
3383 1708 3602 1800 quidem

2002 1798 2251 1854 ostendat
2295 1802 2448 1857 valde
2501 1808 2907 1876 necessarium,
2957 1813 3189 1871 alterum
3248 1798 3429 1878 autem
3494 1842 3601 1883 non

2004 1890 2173 1985 item?
2199 1892 2556 1961 Quamobrem
2588 1898 2657 1954 de
2683 1900 2773 1955 illo
2794 1904 3011 1973 quidem
3038 1907 3189 1976 dicit,
3214 1910 3605 1985 Entulamim';

2003 1980 2070 2038 de
2091 1983 2193 2040 hoc
2217 1995 2420 2054 autem,
2454 1988 2632 2045 Nolite
2673 1994 2957 2062 prohibere.
2993 2000 3197 2058 Deinde
3244 2012 3517 2078 tamquam
3548 1980 3601 2068 in

2002 2090 2215 2132 summo
2239 2080 2419 2135 omnia
2451 2084 2729 2155 corrigens
2750 2128 2765 2154 ,
2795 2088 3071 2162 subjungit
3107 2094 3295 2152 dicens
3321 2118 3335 2154 :
3364 2100 3454 2155 40.
3485 2102 3607 2157 0m-

2002 2166 2089 2219 nia
2116 2178 2284 2223 autem
2311 2172 2521 2229 honeste
2558 2185 2605 2230 et
2633 2178 2910 2234 secundum
2957 2184 3188 2240 ordinem
3219 2190 3384 2257 fiant;
3414 2209 3603 2253 rursus

2003 2254 2123 2311 illos
2149 2267 2374 2331 tangens
2404 2266 2494 2334 qui
2522 2265 2707 2323 volunt
2736 2278 2936 2328 temere
2958 2287 3018 2329 se
3043 2254 3299 2335 indecore
3318 2272 3526 2351 gerere.
3549 2296 3603 2343 et

2004 2345 2232 2404 insania:
2277 2351 2379 2405 sibi
2426 2362 2613 2412 notam
2646 2358 2860 2415 inurere
2884 2402 2899 2429 ,
2940 2378 3041 2421 nec
3070 2345 3452 2439 congruentem
3503 2379 3603 2435 sibi

2002 2447 2219 2493 servant
2259 2441 2525 2497 ordinem.

2075 2526 2215 2583 Ordo
2239 2542 2403 2587 rectus
2433 2551 2629 2608 semper
2670 2542 2968 2598 servandus.
3009 2547 3253 2607 Avaritia:
3283 2558 3507 2615 morbus.
3529 2592 3598 2604 -—

2001 2617 2143 2677 Nihil
2173 2624 2316 2679 enim
2339 2642 2492 2698 atque
2515 2630 2746 2687 aedificat
2776 2642 2833 2689 ut
2859 2634 2994 2692 ordo
3025 2650 3236 2710 rectus,
3268 2655 3327 2701 ut
3368 2664 3472 2718 pax
3495 2693 3510 2717 ,
3543 2666 3601 2711 ut

2000 2714 2197 2770 caritas
2218 2757 2235 2783 ,
2266 2717 2409 2774 sicut
2436 2721 2598 2776 etiam
2629 2725 2900 2781 contraria
2926 2725 3251 2788 dissolvunt.
3275 2714 3393 2793 Non
3424 2714 3598 2799 solum

1999 2814 2179 2861 autem
2211 2808 2263 2862 iu
2289 2812 2678 2882 spiritualibus,
2713 2816 2807 2873 sed
2829 2819 2990 2875 etiam
3017 2821 3069 2877 in
3091 2824 3209 2880 aliis
3231 2830 3478 2888 omnibus
3499 2832 3601 2893 hoc

1998 2895 2216 2953 videris.
2245 2898 2380 2956 Nam
2406 2903 2520 2961 sive
2545 2905 2603 2962 in
2641 2908 2845 2976 choro,
2867 2912 2982 2967 sive
3021 2914 3075 2969 in
3120 2918 3362 2989 navigio,
3408 2923 3521 2981 sive
3546 2927 3599 2983 in

1997 3001 2180 3057 curru,
2212 2990 2328 3048 sive
2358 2995 2412 3048 in
2444 2997 2639 3054 castris
2669 2999 2915 3057 ordinem
2942 3006 3264 3075 confundas.
3296 3022 3352 3068 et
3378 3016 3600 3087 majori-

1997 3077 2099 3135 bus
2120 3094 2222 3137 suo
2245 3082 2367 3140 loco
2392 3086 2582 3157 ejectis
2625 3088 2679 3144 in
2709 3089 2925 3148 illorum
2960 3095 3209 3154 ordinem
3259 3077 3481 3161 minora.
3514 3111 3595 3164 in-

1995 3168 2239 3242 duxeris,
2282 3179 2463 3233 omnis
2491 3184 2797 3254 corrumpis
2818 3225 2833 3250 ,
2878 3194 2936 3241 et
2970 3188 3048 3243 sic
3077 3193 3257 3247 omnia
3303 3210 3395 3251 sus
3424 3198 3599 3272 deque

1997 3270 2298 3325 vertuntur.
2344 3267 2531 3340 Neque
2576 3288 2677 3329 nos
2701 3289 2831 3345 ergo
2860 3277 3103 3334 ordinem
3152 3267 3594 3363 corrumpamus,

1996 3369 2362 3455 nequecaput
2396 3362 2533 3419 infra
2581 3374 2922 3436 statuamus,
2973 3386 3149 3442 neque
3194 3378 3363 3445 pedes
3412 3362 3596 3455 supra.

1997 3446 2110 3504 Hoc
2138 3465 2303 3521 porro
2335 3453 2426 3521 tit,
2472 3457 2689 3526 quando
2713 3468 2915 3516 rectam
2959 3464 3176 3534 quidem
3222 3446 3492 3529 rationem
3519 3494 3600 3532 tn-

1997 3540 2149 3598 ferne
2202 3543 2601 3617 dejecerimus,
2658 3554 3125 3624 concupiscentias
3172 3571 3386 3632 autem,
3438 3568 3590 3638 iram,

1995 3634 2503 3695 cxcandescentiam
2553 3650 2609 3697 ct
2662 3644 2990 3714 voluptatem
3045 3649 3237 3706 rationi
3293 3634 3591 3724 prmt’ecvri;

1997 3739 2114 3781 mus
2146 3744 2159 3781 :
2191 3731 2334 3785 unde
2366 3746 2592 3801 magnus
2619 3735 2832 3790 exsistit
2854 3736 3069 3803 ﬂuctus,
3096 3745 3283 3812 ingens
3310 3752 3591 3816 perturba-

1992 3814 2068 3870 tio
2088 3856 2105 3881 ,
2138 3826 2193 3873 et
2222 3817 2555 3879 intoleranda
2588 3832 2880 3895 tempesms
2900 3867 2916 3894 ,
2956 3842 3079 3883 cum
3110 3814 3593 3908 omnia'occupent

1993 3907 2248 3965 tenebrae.
2280 3907 2349 3965 Et
2376 3910 2421 3966 si
2448 3912 2548 3977 vis.
2570 3916 2803 3984 primum
2822 3918 3161 3975 excutiamus
3177 3922 3441 3997 eam’qum
3463 3907 3590 3990 hinc

1989 3999 2171 4055 evenit
2200 4001 2584 4072 turpitudinem
2602 4045 2619 4072 ,
2654 4016 2947 4078 posteaque
2973 4008 3229 4069 damnum
3259 4014 3387 4075 hinc
3409 4036 3589 4079 emero

1988 4106 2144 4161 gens.
2166 4091 2449 4160 Quomodo
2479 4110 2610 4167 ergo
2644 4095 2748 4153 hoc
2783 4100 2941 4157 nobis
2969 4112 3155 4159 notum
3180 4106 3282 4162 erit
3318 4118 3377 4165 et
3414 4115 3590 4171 mani-

1988 4183 2229 4239 festum?
2267 4185 2614 4243 Adducamus
2661 4189 2715 4243 in
2760 4190 2998 4245 medium
3039 4191 3313 4252 hominem
3342 4205 3420 4257 sic
3459 4206 3592 4261 atre-

1986 4282 2154 4345 ctum,
2184 4272 2399 4349 captum
2425 4293 2611 4335 amore
2632 4281 2951 4349 meretricis,
2974 4292 3031 4340 et
3047 4286 3135 4355 qui
3159 4287 3276 4357 ejus
3301 4291 3592 4353 inhonesto

1986 4375 2236 4425 teneatur
2264 4369 2568 4439 desiderio;
2616 4381 2670 4428 et
2697 4378 2824 4429 tunc
2853 4374 3156 4433 videbimus
3185 4398 3347 4451 quam
3389 4384 3491 4443 hoc
3518 4392 3591 4448 sit

1986 4458 2291 4516 ridiculum.
2315 4460 2452 4531 Quid
2481 4462 2624 4519 enim
2648 4467 2961 4534 possitesse
2988 4469 3078 4525 illo
3107 4475 3331 4542 turpius,
3362 4479 3452 4547 qui
3480 4490 3589 4538 stat

1984 4550 2053 4607 ad
2082 4552 2226 4610 fores
2255 4553 2449 4610 domus
2487 4557 2828 4626 meretricia,
2854 4567 2909 4614 et
2949 4560 3193 4631 pulsatur
3214 4579 3244 4617 a
3272 4572 3582 4638 meretrice,

1984 4641 2185 4716 ﬂetque
2209 4652 2265 4701 et
2291 4645 2477 4716 ejulat,
2522 4650 2830 4719 probroque.
2853 4648 3019 4706 afﬁcit
3048 4666 3200 4709 suam
3228 4657 3587 4718 existimatio-

1983 4737 2154 4792 nem?
2189 4735 2246 4794 Si
2276 4739 2358 4794 vis
2396 4748 2575 4797 autem
2616 4741 2779 4796 etiam
2809 4740 2992 4799 videre
3028 4744 3316 4817 damnum,
3361 4755 3585 4813 veniant

1985 4826 2076 4883 tibi
2106 4829 2158 4883 in
2187 4838 2425 4887 mentem
2457 4840 2705 4901 sumptus
2740 4834 3015 4902 pecuniae,
3056 4836 3125 4893 de
3152 4844 3413 4898 extremis
3442 4849 3577 4915 peri-

1980 4919 2123 4987 cula,
2152 4920 2352 4977 bellum
2383 4921 2525 4990 quod
2564 4924 2769 4993 geritur
2793 4925 3053 4983 adversus
3075 4930 3272 4986 rivales
3297 4941 3353 4987 et
3379 4935 3579 4993 adver-

1977 5014 2152 5068 sarios
2175 5022 2478 5080 amatores,
2508 5015 2730 5072 vulnera
2761 5026 2817 5073 et
2842 5019 3010 5089 plagae
3036 5035 3155 5091 quae
3184 5022 3498 5097 infliguntur
3527 5030 3581 5086 in

1978 5103 2284 5174 bujusmodi
2307 5105 2443 5160 acie.
2468 5106 2631 5163 Tales
2655 5118 2781 5164 sunt
2800 5119 2856 5166 et
2895 5110 2965 5178 ii,
2994 5126 3128 5182 quos
3159 5120 3402 5186 pecunia:
3434 5130 3577 5180 tenet

1976 5196 2280 5268 cupiditas;
2310 5201 2419 5255 imo
2444 5216 2574 5256 vero
2604 5202 2812 5272 turpius
2836 5212 2891 5258 et
2919 5207 3091 5277 magis
3122 5208 3377 5268 indecore
3398 5228 3458 5270 se
3483 5231 3579 5287 ge.

1975 5299 2120 5345 runt.
2150 5289 2285 5347 Nam
2315 5291 2393 5348 illi
2431 5291 2647 5363 quidem
2687 5293 2740 5348 in
2772 5310 2880 5351 uno
2908 5311 3135 5368 corpore
3160 5311 3286 5356 sunt
3328 5296 3576 5377 occupati

1974 5391 2030 5438 et
2057 5384 2112 5439 in
2133 5397 2200 5440 eo
2219 5398 2377 5439 suum
2403 5392 2610 5455 ponunt
2634 5386 2872 5442 studium
2897 5397 2954 5443 ct
2978 5404 3195 5459 operam
3226 5412 3239 5445 :
3265 5396 3412 5451 avari
3442 5413 3575 5455 vero

1971 5474 2039 5531 de
2069 5476 2311 5532 omnium
2331 5475 2675 5533 facultatibus
2709 5488 2837 5535 sunt
2859 5480 3107 5537 similiter
3136 5486 3351 5541 solliciti
3383 5498 3438 5543 et
3467 5505 3565 5547 cu-

1972 5568 2125 5635 riosi,
2152 5575 2208 5623 et
2238 5580 2532 5639 pauperum
2555 5578 2610 5625 et
2634 5569 2881 5637 divitum,
2905 5582 2960 5627 et
2984 5572 3072 5628 illa
3098 5586 3282 5632 amant
3310 5594 3431 5649 qua:
3458 5598 3565 5639 non

1970 5673 2096 5716 sunt
2126 5679 2141 5716 :
2166 5661 2310 5733 quod
2340 5671 2423 5718 est
2446 5662 2680 5718 maxime
2702 5676 2913 5733 Signum
2947 5663 3210 5738 improbae
3236 5671 3564 5738 cupiditatis.

1968 5754 2084 5811 Non
2112 5754 2298 5811 dicunt
2324 5756 2492 5823 enim,
2524 5755 2726 5814 Vellem
2762 5756 2965 5816 habere
3001 5758 3163 5830 hujus
3188 5771 3279 5817 aut
3308 5763 3450 5822 illius
3480 5767 3565 5823 fa-

1971 5847 2219 5917 cultates,
2247 5855 2339 5906 aut
2362 5848 2461 5906 has
2488 5848 2570 5907 vel
2601 5849 2720 5907 illas
2748 5848 2967 5919 solum;
3009 5851 3105 5909 sed
3146 5863 3200 5909 ct
3228 5864 3441 5915 montes
3467 5871 3563 5917 vo-

2074 6056 2085 6087 l
