4038 6216
510 383 615 441 319

512 498 628 550 lunt
654 508 774 550 esse
796 509 1008 563 aurum,
1034 504 1090 549 et
1115 493 1303 548 domos
1328 500 1384 549 et
1420 507 1778 563 quacumque
1824 493 2096 557 videntur,

510 595 565 639 ct
588 584 656 640 ad
675 584 901 639 alterum
932 598 992 639 se
1033 582 1365 639 transferunt
1408 582 1697 646 mundum;
1731 594 1784 638 et
1814 583 1928 639 hrcc
1972 598 2098 654 per-

512 690 671 747 petuo
700 677 991 747 patiuntur,
1041 691 1214 746 neque
1253 690 1477 747 usquam
1524 675 1682 730 finem
1714 675 1916 730 faciunt
1958 675 2103 730 desi-

508 767 753 824 derandi.
772 768 903 834 Quis
934 768 1113 823 verbis
1139 768 1338 845 poterit
1362 766 1633 832 explicare
1659 766 1868 819 illarum
1902 764 2100 821 ﬂuctus

505 860 913 933 cogitationum,
958 867 1359 929 tempestatem,
1409 856 1736 927 caliginem?
1784 856 1873 911 ubi
1917 864 2097 911 autem

504 960 632 1007 sunt
662 961 739 1007 tot
782 951 976 1005 ﬂuctus
1017 961 1073 1005 et
1105 960 1251 1005 tanta
1282 958 1605 1020 tempestas,
1650 965 1895 1019 quamam
1940 949 2099 1006 fuerit

504 1043 798 1113 voluptas?
828 1041 1002 1107 Nulla,
1033 1041 1129 1096 sed
1162 1041 1423 1095 tumultus
1449 1050 1502 1094 et
1530 1039 1686 1095 dolor
1710 1049 1766 1096 et
1793 1041 2098 1111 caliginosa:

505 1137 720 1192 nebula:
747 1150 847 1206 pro
876 1136 1029 1204 aquis
1070 1134 1305 1189 ferentes
1336 1133 1560 1187 multam
1610 1134 1775 1189 animi
1823 1134 2096 1203 aegritudi-

502 1242 674 1284 nem:
722 1226 867 1297 quod
911 1226 1074 1281 etiam
1117 1226 1256 1280 solet
1302 1225 1550 1281 accidere
1604 1226 1668 1281 iis
1720 1227 1807 1294 qui
1863 1227 2095 1282 alienam

498 1328 683 1374 amant
728 1316 1200 1393 pulchritudinem.
1249 1316 1540 1388 Propterea
1591 1318 1682 1388 qui
1742 1318 1885 1373 nullo
1936 1320 2096 1375 modo

502 1421 714 1476 amant,
766 1411 821 1465 in
869 1408 1062 1477 majori
1100 1416 1225 1463 sunt
1270 1410 1546 1479 voluptate
1573 1424 1733 1480 quam
1785 1410 2095 1480 hujusmodi

502 1513 793 1557 amatores.
825 1499 932 1555 Sed
959 1498 1025 1553 ad
1059 1498 1160 1554 hoc
1202 1499 1417 1569 quidem
1468 1516 1626 1555 nemo
1662 1502 2045 1558 contradixerit
2075 1519 2091 1559 :

501 1607 602 1663 ego
627 1600 808 1646 autem
838 1606 962 1645 eum
994 1590 1154 1644 etiam
1178 1590 1266 1659 qui
1294 1602 1437 1644 amat
1462 1591 1699 1659 quidEm,
1731 1590 1976 1660 reprimit
2000 1608 2094 1646 au-

498 1692 609 1739 tem
636 1682 935 1747 libidinem,
967 1683 1157 1753 majori
1183 1682 1410 1737 dixerim
1435 1681 1575 1737 afﬁci
1609 1684 1902 1752 voluptate,
1932 1699 2090 1755 quam

496 1788 621 1829 eum
641 1774 731 1844 qui
753 1774 968 1828 assidue
993 1772 1187 1827 fruitur
1219 1772 1527 1828 meretrice.
1558 1772 1693 1828 Nam
1734 1774 1947 1829 etiamsi
1975 1775 2091 1845 ejus

418 1876 421 1877 '
498 1867 889 1923 demonstratio
924 1868 994 1924 sit
1022 1864 1319 1933 diffleilior,
1369 1881 1593 1923 necesse
1642 1878 1817 1923 tamen
1862 1878 1939 1923 est
1990 1869 2093 1924 hoc

497 1957 755 2013 audacter
784 1956 1119 2028 probandum
1148 1956 1448 2024 suscipere.
1492 1956 1591 2011 Est
1616 1957 1759 2011 enim
1797 1958 2088 2025 difficilior,

497 2065 601 2103 non
626 2067 690 2104 ex
718 2051 795 2104 rei
820 2059 1031 2117 natura,
1056 2049 1153 2103 sed
1180 2064 1244 2103 ex
1266 2063 1353 2115 eo,
1379 2047 1524 2119 quod
1553 2048 1827 2104 auditores
1852 2048 1951 2105 hac
1975 2050 2091 2120 phi-

495 2142 737 2212 losophia
772 2156 877 2196 non
904 2141 1013 2195 sint
1037 2139 1208 2209 digni.

567 2236 621 2287 3.
649 2232 787 2300 Quid
810 2240 895 2287 est
922 2231 1089 2298 enim,
1117 2231 1203 2285 die
1229 2246 1434 2301 quaeso,
1465 2233 1664 2287 amanti
1687 2230 1999 2301 jucundius,
2021 2234 2090 2290 ab

494 2331 665 2377 amica
684 2320 907 2391 despici,
935 2336 1004 2374 an
1031 2321 1281 2375 honorari
1303 2330 1359 2377 et
1387 2321 1531 2376 illam
1558 2321 1879 2392 despicere?
1908 2323 2088 2378 Palam

495 2423 581 2469 est
610 2414 712 2467 hoc
741 2426 863 2469 esse
907 2411 1219 2482 jucundius.
1251 2412 1421 2479 Quem
1464 2428 1593 2484 ergo
1616 2456 1633 2482 ,
1683 2430 1887 2485 quaeso,
1922 2416 2089 2485 magis

495 2504 776 2559 honorabit
807 2505 1059 2558 meretrix
1083 2543 1099 2571 ,
1128 2518 1323 2559 eumne
1353 2504 1444 2575 qui
1476 2505 1575 2575 ipsi
1609 2506 1798 2569 εει-νὴ,
1834 2514 1889 2559 et
1918 2504 2089 2559 factus

492 2606 577 2652 est
602 2597 720 2665 ejus
748 2595 1095 2666 mancipium,
1122 2609 1192 2649 an
1222 2610 1344 2650 eum
1374 2596 1462 2664 qui
1493 2595 1609 2663 ejus
1640 2594 1911 2663 superavit
1933 2596 2086 2661 retia,

490 2698 541 2743 et
570 2685 786 2742 structis
816 2685 884 2739 ab
910 2701 971 2739 ea
997 2685 1219 2739 calamis
1245 2686 1392 2739 volat
1412 2684 1615 2739 altius?
1644 2684 1739 2739 Est
1764 2684 1933 2740 cuivis
1964 2700 2086 2755 per-

491 2781 733 2849 spicuum
762 2778 902 2847 quod
931 2778 1095 2830 liunc.
1122 2775 1180 2829 In
1210 2790 1501 2846 quemnam
1528 2786 1706 2831 autem
1740 2790 1898 2832 suum
1920 2778 2089 2848 magis

492 2869 735 2925 conferet
759 2866 1017 2931 studium,
1058 2865 1109 2919 in
1139 2878 1334 2921 eumne
1363 2866 1452 2936 qui
1483 2866 1717 2931 cecidit,
1749 2881 1817 2921 an
1866 2868 1916 2920 in
1962 2882 2084 2922 eum

494 2961 585 3030 qui
618 2959 901 3014 nondum?
946 2960 999 3012 lu
1033 2974 1154 3013 eum
1203 2958 1360 3028 plane
1400 2958 1491 3027 qui
1522 2957 1781 3013 nondum.
1810 2960 1941 3026 Quis
1985 2959 2088 3014 erit

493 3059 672 3103 autem
701 3048 1135 3115 desiderabilior,
1183 3049 1300 3103 isne
1329 3047 1421 3119 qui
1468 3056 1551 3102 est
1576 3048 1889 3115 confectus,
1922 3064 1987 3103 an
2043 3050 2087 3105 is

493 3140 582 3209 qui
629 3138 864 3193 nondum
894 3148 977 3192 est
1006 3146 1193 3206 captus
1214 3139 1237 3190 ?
1258 3137 1307 3193 ιε
1334 3138 1422 3209 qui
1470 3137 1707 3194 nondum
1751 3148 1836 3194 est
1877 3148 2084 3207 captus.

491 3230 548 3286 Si
600 3239 777 3284 autem
832 3245 941 3283 non
1000 3229 1261 3295 creditis,
1315 3244 1345 3282 a
1403 3230 1565 3284 rebus
1624 3230 1819 3284 vestris
1866 3229 2084 3285 aﬂ‘eram

492 3321 1033 3375 demonstrationem.
1074 3318 1374 3385 Quamnam
1416 3318 1559 3372 enim
1609 3319 1887 3373 mulierem
1918 3321 2087 3390 magis

494 3414 688 3468 amarit
727 3412 992 3481 quispiam
1017 3451 1032 3475 ,
1082 3426 1273 3466 eamne
1315 3426 1435 3478 qum
1481 3410 1641 3465 facile
1691 3413 1992 3467 succumbit
2032 3423 2086 3468 et

496 3509 597 3578 ipsi
644 3522 702 3561 se
729 3505 913 3571 dedit,
962 3519 1028 3557 an
1072 3519 1193 3557 cam
1223 3519 1345 3572 qua:
1384 3510 1545 3572 negat
1596 3513 1650 3557 ct
1688 3506 1957 3574 negotium
2005 3505 2085 3558 fa-

494 3597 695 3652 cessit?
738 3596 884 3650 Hanc
920 3593 1104 3664 procul
1147 3593 1311 3646 dubio
1346 3610 1359 3646 :
1407 3592 1530 3647 hinc
1577 3594 1721 3648 enim
1769 3595 2082 3651 accenditur

497 3689 669 3760 majus
714 3686 1062 3742 desiderium.
1114 3685 1255 3753 Ergo
1300 3684 1439 3738 idem
1490 3699 1702 3755 quoque
1726 3687 1832 3740 erit
1860 3688 1911 3740 in
1965 3704 2084 3740 mu-

496 3783 661 3844 liere;
707 3790 761 3833 ct
801 3794 921 3833 eum
961 3776 1130 3845 magis
1173 3776 1263 3829 illa
1302 3776 1591 3831 honorabit
1631 3784 1687 3832 et
1736 3777 2087 3833 admirabitur

498 3870 589 3940 qui
640 3885 697 3923 se
733 3868 980 3937 despicit.
1026 3865 1081 3921 Si
1139 3880 1228 3919 res
1268 3874 1450 3919 autem
1490 3864 1561 3918 ita
1597 3880 1656 3919 se
1696 3866 1921 3931 habeat,
1955 3868 2087 3922 illud

502 3976 715 4032 quoque
745 3960 917 4029 palam
942 3958 1045 4011 erit
1088 3958 1139 4009 in
1173 3955 1362 4025 majori
1392 3969 1512 4010 esse
1540 3957 1812 4026 voluptate
1846 3972 1966 4013 eum
1998 3960 2086 4028 qui

499 4051 667 4119 magis
696 4048 992 4102 honoratur
1019 4056 1072 4101 et
1101 4045 1357 4115 diligitur.
1404 4044 1535 4100 Nam
1579 4056 1633 4102 et
1660 4048 1767 4102 dux
1812 4051 2087 4104 exercitus

498 4141 684 4195 urbem
708 4138 922 4208 quidem
953 4136 1117 4192 semel
1144 4144 1352 4205 captam
1383 4136 1636 4204 dimittit;
1685 4139 1732 4193 ei
1759 4148 1935 4195 autem
1966 4156 2087 4211 qua:

495 4233 700 4287 resistit
728 4240 784 4285 et
812 4228 1092 4284 contendit
1118 4228 1265 4282 omni
1295 4228 1473 4283 studio
1499 4230 1701 4285 assidet
1732 4248 1746 4285 :
1785 4240 1841 4286 et
1862 4243 2088 4288 venator

496 4324 662 4377 feram
691 4321 935 4377 venando
973 4332 1182 4389 captam
1213 4321 1375 4375 habet
1405 4322 1455 4375 in
1506 4324 1739 4378 tenebris
1786 4326 2042 4381 inclusam
2068 4370 2082 4393 ,

494 4411 942 4483 quemadmodum
975 4413 1231 4466 meretrix
1252 4421 1580 4476 amatorem;
1611 4429 1729 4469 eam
1759 4425 1937 4472 autem
1968 4434 2086 4487 quae

494 4505 645 4574 fugit,
676 4503 1034 4572 persequitur.
1068 4504 1137 4557 At
1164 4505 1274 4571 ille,
1301 4505 1531 4575 inquies,
1562 4508 1754 4562 fruitur
1778 4509 2083 4579 desiderio;

498 4596 586 4651 hic
614 4604 792 4649 autem
822 4610 929 4649 non
975 4594 1186 4649 fruitur.
1220 4600 1302 4651 An
1336 4598 1531 4668 probro
1558 4614 1623 4655 ac
1666 4600 1932 4659 dedecore
1978 4620 2085 4658 non

494 4687 660 4753 affici,
694 4701 869 4755 neque
901 4685 1021 4755 ejus
1049 4689 1343 4756 tyrannicis
1372 4690 1578 4745 servire
1600 4691 1860 4761 imperiis,
1890 4709 1989 4749 nec
2018 4695 2087 4749 ab

494 4793 556 4832 ea
586 4778 709 4832 duci
758 4785 811 4831 et
844 4775 1137 4847 circumagi
1182 4788 1452 4849 tamquam
1497 4783 1821 4851 mancipium
1845 4824 1861 4851 ,
1895 4785 2087 4855 pugnis

498 4877 812 4933 contusum,
846 4876 1165 4937 consputum
1192 4908 1206 4932 ,
1241 4868 1295 4923 in
1325 4872 1497 4939 capite
1529 4872 1812 4941 pulsatum,
1844 4890 2083 4943 parvam,

498 4957 585 5011 dic
606 4972 786 5025 quaeso
808 4999 822 5023 ,
857 4959 1133 5014 existimas
1166 4974 1288 5014 esse
1315 4962 1681 5031 voluptatem?
1709 4964 1764 5019 Si
1792 4966 1911 5035 quis
1940 4968 2085 5022 cnitn

502 5048 618 5103 lucc
642 5062 891 5105 accurate
915 5054 1249 5120 excusserit,
1280 5062 1337 5107 et
1370 5055 1623 5125 colligere
1653 5058 1884 5126 potuerit
1908 5061 2083 5115 omnia

495 5154 682 5195 eorum
719 5139 932 5207 probra,
968 5144 1325 5197 contumelias
1350 5184 1363 5208 ,
1394 5146 1821 5216 criminationes,
1872 5150 2088 5222 irasque

502 5243 790 5306 perpetuas
819 5248 885 5286 ex
914 5234 1093 5287 animo
1115 5235 1196 5288 vel
1226 5250 1293 5289 ex
1319 5236 1529 5291 deliciis
1555 5252 1721 5306 ortas,
1756 5241 2082 5311 inimicitias,

499 5336 553 5382 ct
582 5326 683 5380 alia
705 5324 882 5379 omnia
914 5323 1046 5377 solis
1076 5325 1399 5392 patientibus
1421 5337 1563 5393 nota,
1599 5330 1836 5388 inveniet
1862 5336 2091 5404 quodvis

500 5417 699 5473 bellum
732 5415 911 5487 plures
937 5413 1137 5469 habere
1164 5414 1423 5482 inducias,
1448 5433 1604 5486 quam
1632 5419 1818 5475 horum
1840 5425 2089 5480 miseram

507 5512 683 5565 vitam.
745 5510 1047 5577 Quamnam
1088 5522 1217 5578 ergo
1254 5507 1428 5573 dicis,
1483 5523 1687 5578 quaeso,
1721 5513 2091 5583 voluptatem?

504 5620 692 5661 eamne
716 5619 837 5675 qum
863 5603 1074 5672 capitur
1110 5616 1176 5656 ex
1206 5602 1347 5656 coitu
1370 5643 1386 5667 ,
1415 5617 1534 5667 qua:
1559 5613 1641 5657 est
1687 5602 1865 5659 brevis
1894 5617 1948 5661 et
1978 5623 2093 5661 mo-

502 5696 820 5751 mentanea?
845 5694 953 5751 Sed
980 5708 1099 5750 eam
1128 5696 1307 5749 statim
1341 5694 1539 5749 bellum
1571 5695 1770 5765 excipit
1805 5705 1860 5751 et
1900 5699 2091 5753 ﬂuetus

506 5795 562 5841 et
583 5788 758 5844 rabies
780 5796 836 5843 et
863 5786 1003 5843 idem
1035 5800 1224 5843 rursus
1254 5783 1423 5843 furor.
1453 5784 1517 5842 Et
1554 5785 1668 5843 haec
1693 5786 1906 5858 quidem
1937 5806 1965 5845 a
1992 5808 2090 5847 uo-

1209 380 1264 437 S.
1304 376 1580 436 JOANNIS
1616 377 2089 437 CBRYSOSTUMI
2130 380 2447 439 AliClllEP.
2481 383 3015 445 CONSTANTINUP.

3698 399 3798 456 3'30

2208 495 2289 549 bis
2313 496 2454 551 dicta
2481 509 2636 565 sunt,
2673 502 2897 569 perinde
2937 514 3098 573 atque
3130 505 3173 560 si
3200 506 3321 577 quis
3360 522 3423 563 ea
3449 507 3641 565 dixerit
3668 514 3797 568 adu-

2214 584 2544 643 lescentibus
2567 590 3049 662 intemperantibus
3075 607 3128 651 et
3152 598 3453 669 impudicis,
3482 604 3570 672 qni
3594 619 3654 659 ea
3683 620 3799 675 quae

2207 674 2460 733 dicuntur
2489 680 2555 734 de
2581 696 2752 752 regno
2797 696 2852 737 et
2888 686 3134 754 gehenna
3164 704 3272 743 non
3316 689 3545 747 libenter
3576 674 3745 749 ferant
3784 712 3799 749 :

2204 771 2420 839 quando
2450 781 2630 827 autem
2663 773 2780 830 haec
2812 776 2863 830 in
2897 778 3133 833 medium
3160 781 3567 853 adduxerimus,
3604 802 3673 841 ne
3698 786 3802 842 dict

2202 860 2417 929 quidem
2450 872 2626 931 potest
2654 875 2853 935 quanta
2885 868 2955 921 sit
2985 869 3385 926 moderatorum
3416 883 3472 928 et
3502 884 3803 947 temperan-

2206 954 2336 1007 tium
2369 953 2618 1024 voluptas
2644 972 2659 1022 ;
2689 959 2906 1027 quando
2931 961 3051 1030 quis
3082 976 3265 1017 secum
3292 974 3506 1033 reputat
3533 982 3760 1021 coronas
3783 1010 3799 1035 ,

2205 1046 2458 1113 przemia,
2515 1050 2963 1105 consuetudinem
3012 1068 3134 1107 cum
3190 1056 3396 1125 angelis
3419 1098 3433 1120 ,
3469 1058 3522 1111 in
3553 1060 3803 1113 universo

2203 1139 2335 1193 orbe
2367 1148 2525 1194 terrae
2555 1142 3002 1208 celebrationem,
3033 1146 3283 1202 fiduciam
3311 1158 3366 1203 et
3393 1149 3605 1204 dicendi
3636 1151 3801 1206 liber-

2204 1236 2387 1297 tatem,
2421 1246 2546 1301 spes
2575 1233 2696 1287 illas
2729 1234 2895 1288 bonas
2917 1246 2971 1289 et
3003 1236 3359 1293 immortales.
3396 1243 3464 1294 At
3490 1243 3662 1296 coitus
3704 1243 3801 1295 ha-

2205 1320 2293 1376 bet
2329 1324 2693 1393 voluptatem;
2747 1326 2851 1382 huc
2904 1328 3049 1383 enim
3098 1340 3357 1399 perpetuo
3405 1345 3660 1401 versant;
3708 1336 3801 1403 qui

2201 1429 2331 1469 vero
2360 1424 2670 1487 temperans
2701 1429 2803 1486 est,
2836 1435 2946 1473 non
2971 1430 3145 1490 potest
3172 1423 3388 1478 assidue
3414 1440 3651 1494 pugnare
3677 1442 3802 1480 cum

2202 1509 2484 1579 tyrannide
2533 1519 2762 1566 naturae.
2815 1513 2886 1565 At
2935 1517 3264 1569 contrarium
3310 1516 3580 1573 inveneris
3625 1536 3639 1572 ε
3689 1519 3800 1588 ἰρΑ-ει

2198 1598 2342 1652 enim
2370 1601 2450 1654 vis
2470 1609 2524 1654 et
2560 1601 2896 1670 perturbatio
2916 1611 3000 1657 est
3030 1606 3199 1674 magis
3216 1606 3357 1674 apud
3385 1622 3506 1661 eum
3534 1608 3623 1678 qui
3646 1624 3799 1662 scor‘

2200 1698 2360 1745 tatur.
2407 1691 2570 1746 Multa
2603 1694 2745 1747 enim
2774 1703 2859 1749 cst
2888 1696 2941 1749 in
2973 1712 3201 1764 corpore
3227 1700 3482 1768 agitatio;
3513 1712 3568 1756 et
3610 1704 3799 1771 quovis

2200 1777 2479 1833 ﬂuctuanti
2512 1782 2645 1835 mari
2680 1782 2768 1837 hic
2793 1785 3014 1853 gravius
3040 1785 3296 1853 afficitur,
3323 1789 3476 1859 cujus
3508 1806 3797 1861 numquam

2198 1869 2408 1923 sistitur
2437 1872 2704 1939 cupiditas
2728 1914 2744 1941 ,
2786 1875 2880 1929 sed
2909 1876 2977 1929 ab
3024 1892 3087 1933 ea
3118 1893 3333 1949 semper
3362 1881 3651 1952 impetitur,
3692 1900 3795 1938 nou

2195 1975 2352 2017 secus
2380 1975 2539 2032 atque
2589 1966 2679 2035 qui
2709 1968 3077 2036 corripiuntur
3106 1986 3137 2024 a
3168 1970 3450 2037 dmmone,
3496 1983 3551 2028 et
3579 1975 3797 2030 assidue

2196 2050 2575 2122 discerpuntur
2619 2070 2649 2109 a
2695 2056 2849 2111 malis
2893 2059 3191 2127 spiritibus.
3242 2062 3570 2132 Temperans
3617 2074 3796 2119 autem

2197 2156 2304 2195 non
2326 2157 2480 2197 secus
2517 2159 2581 2199 ac
2630 2144 2785 2201 fortis
2822 2147 3024 2203 athleta
3048 2191 3064 2215 ,
3122 2166 3239 2205 eam
3292 2153 3508 2208 assidue
3559 2156 3753 2209 feriens
3777 2197 3793 2220 ,

2194 2233 2453 2299 optimam
2482 2244 2536 2289 et
2566 2236 2864 2292 innumeris
2911 2238 3225 2309 hujusmodi
3255 2243 3463 2297 deliciis
3503 2245 3795 2313 jucundio-

2194 2338 2309 2377 rem
2338 2326 2571 2394 percipit
2606 2328 2936 2397 voluptatem
2963 2373 2978 2396 ,
3031 2332 3132 2386 hac
3161 2334 3383 2388 victoria
3409 2377 3423 2399 ,
3478 2337 3614 2389 bona
3659 2354 3793 2390 enn-

2195 2414 2421 2468 scientia
2446 2456 2459 2480 ,
2488 2424 2543 2469 et
2592 2418 2867 2485 praeclaris
2896 2423 3115 2488 tropaeis
3166 2433 3425 2493 perpetuo
3450 2436 3689 2480 ornatus.
3738 2428 3795 2483 Si

2195 2514 2378 2558 autem
2412 2515 2535 2575 post
2570 2521 2922 2577 congressum
2971 2512 3063 2566 ille
3118 2527 3305 2581 parum
3366 2516 3633 2585 quiescit.
3688 2517 3792 2574 hoc

2196 2594 2328 2648 nihil
2357 2595 2516 2649 fuerit
2543 2614 2555 2648 :
2600 2613 2812 2653 rursum
2844 2602 2986 2655 enim
3019 2603 3224 2658 invadit
3255 2614 3547 2675 tempeSIas
3574 2619 3627 2664 et
3669 2627 3792 2666 rur-

2194 2699 2310 2738 sum
2338 2685 2553 2739 ﬂuctus.
2584 2687 2683 2755 Qui
2718 2699 2897 2746 autem
2926 2692 3359 2764 philosophatur,
3396 2712 3464 2752 ne
3494 2699 3645 2753 initio
3676 2702 3795 2770 qui-

2192 2776 2313 2831 dem
2343 2780 2607 2849 permittit
2638 2792 2693 2835 ut
2725 2782 2845 2839 hmc
2873 2800 2933 2841 se
2960 2786 3175 2842 invadat
3206 2791 3533 2859 perturbatio
3557 2833 3572 2859 ,
3620 2809 3795 2862 neque

2192 2883 2250 2926 ut
2280 2889 2429 2930 mare
2456 2888 2721 2947 assurgat,
2750 2895 2849 2935 nec
2868 2890 2925 2934 ut
2949 2882 3062 2937 hare
3086 2885 3195 2938 fera
3220 2886 3566 2941 vociferetur.
3601 2889 3656 2943 Si
3686 2892 3791 2944 vim

2190 2973 2369 3017 autem
2414 2966 2649 3033 patiatur
2693 2968 2745 3022 in
2796 2971 3080 3028 retinendo
3111 2976 3313 3046 impetu
3370 2985 3557 3045 tanto;
3600 2990 3655 3035 at
3704 2982 3792 3037 ille

2195 3053 2358 3106 etiam
2393 3054 2753 3124 libidinosus,
2799 3060 3108 3131 frequenter
3157 3069 3434 3136 pulsatus,
3487 3072 3785 3138 confossus,

2190 3152 2523 3213 wslrumque
2550 3162 2655 3202 non
2686 3148 2868 3204 ferens
2891 3193 2905 3217 ,
2940 3154 3081 3209 haud
3109 3172 3285 3223 secus,
3315 3176 3472 3229 quam
3502 3163 3546 3216 si
3592 3178 3789 3231 equum

2192 3234 2508 3290 indomitum
2538 3238 2691 3294 freno
2720 3242 3003 3310 retineret,
3036 3259 3207 3302 artem
3237 3265 3450 3307 omnem
3480 3254 3743 3310 adhibens
3775 3275 3787 3310 :

2192 3329 2236 3382 si
2266 3338 2443 3384 autem
2472 3335 2721 3398 cesserit,
2749 3344 2804 3389 et
2832 3335 3069 3392 laborem
3100 3339 3313 3411 fugerit,
3342 3345 3410 3398 ab
3432 3346 3524 3401 illo
3552 3364 3794 3419 prurceps

2190 3435 2533 3493 quocumque
2562 3423 2786 3481 feratur.
2821 3427 2945 3482 llaec
2975 3430 3019 3484 si
3047 3430 3188 3485 dicta
3215 3441 3341 3487 sunt
3366 3437 3602 3503 apertius
3630 3455 3790 3508 quam

2193 3525 2288 3579 par
2316 3512 2407 3579 sit,
2455 3529 2616 3568 nemo
2643 3531 2730 3569 me
2761 3519 3121 3586 reprehendat
3152 3541 3165 3575 :
3218 3522 3345 3577 nolo
3390 3525 3533 3580 enim
3576 3527 3788 3583 dicendi

2190 3603 2451 3669 gravitate
2472 3618 2668 3659 ornare
2698 3608 2998 3663 orationem
3022 3654 3041 3679 ,
3075 3612 3169 3667 sed
3201 3629 3392 3684 graves
3433 3626 3487 3672 et
3529 3616 3791 3675 honestos

2193 3694 2368 3750 facere
2394 3696 2688 3752 auditores.

2276 3790 2330 3843 4.
2372 3790 2666 3860 Propterea
2712 3793 2988 3863 prepbctze
3032 3812 3248 3868 quoque
3296 3800 3426 3855 nulli
3483 3802 3789 3872 hujusmodi

2192 3880 2358 3934 verbo
2388 3889 2631 3949 parcunt,
2662 3883 2905 3938 volentes
2928 3884 3237 3940 Judaaorum
3267 3890 3581 3946 exscindere
3608 3893 3788 3949 libidi-

2195 3985 2315 4025 nem
2346 3979 2401 4026 et
2428 3972 2893 4040 intemperantiam
2913 4016 2927 4041 ,
2953 3974 3047 4029 sed
3070 3991 3165 4030 eos
3198 3986 3417 4047 tangunt
3443 3981 3605 4034 etiam
3631 3998 3791 4051 aper-

2195 4063 2332 4126 tius,
2364 4077 2527 4129 quant
2559 4077 2657 4116 nos
2699 4065 2925 4118 nuncin
2977 4067 3041 4120 iis
3091 4083 3211 4136 quae
3253 4069 3508 4127 diximus.
3551 4074 3790 4131 Medicus

2193 4152 2338 4206 enim
2366 4152 2554 4205 volens
2585 4154 2783 4222 ejicere
2827 4156 3199 4225 putredinem,
3246 4175 3353 4215 non
3384 4176 3448 4216 eo
3478 4173 3686 4231 spectat
3731 4176 3793 4220 ut

2193 4242 2420 4298 mundas
2466 4254 2752 4301 conservet
2796 4263 3007 4315 manus,
3041 4250 3137 4305 sed
3178 4261 3238 4306 ut
3280 4270 3485 4325 mgrum
3526 4258 3713 4313 liberet
3756 4278 3788 4313 a

2193 4335 2507 4409 putredine;
2538 4347 2593 4393 et
2623 4338 2668 4392 is
2693 4338 2784 4409 qui
2812 4339 3069 4397 humilem
3098 4344 3208 4398 vult
3235 4348 3505 4402 excelsum
3537 4349 3786 4418 reddere,

2194 4427 2310 4496 ipse
2340 4428 2489 4498 prius
2520 4431 2579 4484 fit
2608 4429 2860 4497 humilis;
2893 4441 2946 4488 et
2974 4434 3062 4503 qui
3105 4436 3341 4491 studium
3380 4440 3531 4508 ponit
3560 4453 3617 4495 ut
3645 4445 3791 4497 oeci—

2192 4516 2285 4571 dat
2310 4518 2700 4585 insidiatorem,
2726 4536 2785 4576 se
2807 4538 3022 4591 quoque
3046 4540 3168 4580 cum
3193 4528 3288 4581 illo
3313 4540 3577 4597 cruentat,
3607 4544 3661 4587 et
3688 4534 3791 4589 hoc

2195 4610 2369 4678 ipsum
2416 4611 2597 4665 reddit
2636 4612 2942 4668 clariorem.
2988 4616 3123 4671 Nam
3168 4619 3213 4673 si
3261 4635 3291 4672 a
3342 4621 3484 4677 bello
3510 4638 3790 4680 reversum

2194 4699 2420 4755 militem
2452 4700 2648 4756 viderit
2675 4704 2939 4773 quiSpiam
2971 4708 3145 4775 sanie,
3184 4711 3441 4780 sanguine
3468 4722 3524 4768 et
3562 4716 3791 4770 cerebro

2193 4805 2501 4861 respersum
2528 4801 2585 4847 et
2614 4794 2896 4863 pollutum,
2932 4813 3038 4852 non
3070 4799 3191 4854 ideo
3221 4801 3345 4855 odio
3366 4801 3581 4858 habebit
3613 4821 3792 4875 neque

2193 4883 2548 4949 aversabitur,
2583 4884 2677 4940 sed
2719 4889 2888 4957 magis
2932 4891 3095 4945 etiam
3145 4891 3513 4950 admirabitur.
3570 4896 3644 4951 fta
3686 4915 3794 4955 nos

2194 4986 2406 5041 quoque
2430 4972 2689 5029 faciamus
2705 4991 2825 5029 cum
2850 4976 3137 5035 viderimus
3158 4984 3485 5054 quempiam,
3507 5000 3793 5057 postquam

2195 5065 2443 5119 mactarit
2488 5066 2857 5138 cupiditatem,
2905 5081 3187 5127 cruentum
3235 5084 3630 5145 revertentem,
3662 5095 3790 5135 eum

2197 5157 2370 5228 magis
2408 5157 2757 5225 admiremur,
2803 5162 3071 5231 simulque
3113 5165 3244 5218 socii
3269 5180 3332 5220 ac
3362 5169 3644 5240 participes
3671 5173 3791 5243 ejus

2197 5256 2470 5318 pugnteet
2499 5249 2756 5313 victoriae,
2785 5257 2841 5303 et
2868 5250 2935 5304 iis
2962 5252 3050 5320 qui
3073 5262 3256 5307 amant
3276 5254 3519 5315 dicamus
3546 5279 3560 5314 :
3590 5262 3790 5319 Osten-

2195 5338 2307 5394 dite
2333 5340 2488 5395 nobis
2512 5339 2846 5409 voluptatem
2878 5358 3037 5410 quam
3067 5346 3350 5415 accepistis
3372 5364 3439 5405 ex
3470 5353 3711 5408 libidine.

2278 5430 2647 5501 Temperantia:
2688 5434 2940 5501 voluptas.
2965 5464 3037 5474 —
3060 5435 3192 5491 Nam
3228 5441 3319 5509 qui
3359 5451 3444 5497 est
3485 5454 3789 5513 temperans

2198 5539 2260 5577 ac
2290 5525 2534 5594 pudicus,
2568 5526 2894 5595 voluptatem
2927 5526 3087 5585 habet
3105 5546 3169 5585 ex
3199 5532 3461 5599 victoria;
3508 5542 3562 5588 tu
3607 5544 3788 5591 autem

2200 5616 2395 5669 nullam
2421 5616 2589 5670 habes
2614 5618 2853 5673 omnino.
2879 5620 2971 5675 Sin
3000 5633 3178 5678 autem
3202 5639 3295 5680 vos
3316 5625 3506 5681 dicatis
3530 5639 3647 5681 eam
3668 5642 3787 5697 qum

2200 5715 2283 5759 est
2314 5723 2376 5759 ex
2411 5721 2743 5775 congressu;
2777 5710 2870 5765 sed
2905 5712 2992 5767 illa
3024 5722 3107 5768 est
3135 5715 3467 5770 manifestior
3494 5725 3548 5772 ct
3576 5716 3786 5775 diutur-

2203 5796 2337 5850 nior.
2375 5796 2505 5852 Nam
2550 5808 2604 5854 tu
2633 5814 2698 5856 ex
2729 5815 2795 5857 eo
2825 5818 2930 5872 quo
2961 5803 3154 5861 frueris
3185 5805 3349 5863 habes
3375 5805 3573 5879 aliquid
3601 5807 3790 5873 breve,
