4038 6216
270 395 374 452 319

1227 395 1296 451 IN
1337 394 1557 453 EPIST.
1602 395 1622 449 Ι
1660 397 1752 451 AD
1784 395 1943 452 (ΞΟΠ.
1985 397 2221 453 HOMIL.
2266 396 2532 453 XXXVII.

3438 398 3547 455 δίει)

269 513 351 566 ὁτι
382 510 495 577 Τὴν
521 506 615 562 τοῦ
661 506 849 573 δεῖνος
868 508 1171 580 ἐϐουλόμην
1198 510 1387 564 οὐσίαν
1416 509 1583 582 ἔχειν,
1612 511 1708 564 καὶ
1748 511 1850 581 τὴν
1960 512 2088 565 δίναν
2110 511 2168 565 δέ
2197 510 2295 565 καὶ
2329 510 2507 565 ταῦτα
2534 511 2617 574 είς
2644 509 2812 581 μέσον
2838 511 3163 580 ἀγάγωμεν,
3202 510 3325 565 οὐδὲ
3342 511 3552 567 ἔνεστιν

267 594 363 649 τοῦ
412 594 586 649 δεῖνος
642 592 828 662 μόνον,
876 592 1014 645 ἀλλά
1060 593 1156 646 καὶ
1197 593 1269 646 τά
1316 595 1420 664 δρη
1455 603 1682 665 χρυσίον
1712 609 1857 646 ειναι
1958 597 2134 649 εἰπεῖν
2190 595 2291 666 ὅση
2332 596 2442 648 τῶν
2486 593 2917 666 σωφρονούντων
2965 594 3215 663 ήήδονὴ,
3251 596 3381 648 ὅταν
3416 594 3555 649 ἀνα-

272 678 573 749 βούλονται,
622 675 845 738 καὶτὰς
872 676 1073 742 οἰκίας,
1121 677 1317 730 καὶτὰ
1358 676 1613 748 ὁρώμενα
1653 676 1855 735 πάντα,

1958 678 2169 750 πλάττῃ
2228 680 2361 751 παρ’
2399 675 2580 747 ἐαυτῷ
2626 678 2755 740 τοὺς
2805 676 3128 745 στεφάνως,
3172 674 3240 728 τὰ
3299 675 3552 746 βραϐεῖα,

269 762 363 816 καὶ
390 762 476 828 ἐφ’
510 758 697 831 ἕτερον
749 759 1110 831 προϐαίνουσι
1147 763 1351 832 κόσμον
1376 776 1389 790 ·
1434 761 1528 813 καὶ
1572 760 1734 814 τοῦτο
1767 762 1859 813 ἐπ’
1956 762 2059 832 τὴν
2100 762 2240 832 μετά
2270 761 2378 816 τῶν
2413 761 2665 830 ἀγγέλων
2698 759 2938 830 ὁμιλίαν,
2964 758 3062 828 τὴν
3100 759 3196 810 ἐπὶ
3224 757 3327 827 τῆς
3365 761 3553 810 οἰκου-

269 842 494 914 ἀπειρον
525 843 814 912 πάσχουσι,
864 843 962 896 καὶ
996 843 1234 914 οὐδαμοῦ
1266 842 1368 913 τῆς
1426 842 1722 912 ἐπιθυμίας
1761 843 1861 913 λή-

270 942 449 992 γουσι.
487 925 583 989 Τίς
619 925 686 979 ἂν
739 930 1119 996 παραστήσειε
1163 925 1322 994 λόγος
1350 924 1440 978 τὸν
1470 925 1718 995 χειμῶνα
1747 925 1859 978 τῶν

269 1007 551 1081 λογισμῶν
584 1009 834 1073 ἐκείνων,
862 1008 932 1062 τά
963 1009 1207 1078 κύματα,
1243 1008 1335 1060 τὸν
1370 1007 1572 1077 ζόφον;
1621 1009 1757 1061 ὅπου
1800 1008 1858 1060 δὲ

271 1092 496 1163 κύματα
533 1092 625 1145 καὶ
650 1091 859 1164 χειμὼν
884 1090 1147 1157 τοιοῦτος,
1173 1090 1305 1145 ποία
1332 1091 1531 1159 γένοιτ’
1566 1091 1632 1144 ἂν
1668 1090 1857 1161 ήδονής

271 1177 384 1230 Οὑκ
419 1175 567 1229 ἐστιν
606 1175 857 1245 οὐδεμία,
895 1173 1033 1227 ἀλλά
1065 1173 1297 1245 θόρυϐος
1327 1175 1422 1227 καὶ
1448 1173 1611 1242 ὀδύνη
1642 1175 1738 1226 καὶ
1768 1189 1858 1225 νε-

271 1258 431 1328 φέλαι
484 1258 748 1329 ζοφώδεις
793 1259 917 1313 ἀντὶ
953 1257 1162 1311 ὑδάτων
1214 1256 1419 1329 πολλὴν
1465 1258 1731 1328 φέρουσαι
1765 1258 1862 1327 τὴν

272 1341 541 1413 ἀθυμίανο
586 1341 615 1396 6
641 1343 707 1414 δὴ
745 1343 840 1396 καὶ
868 1343 966 1395 ἐπὶ
994 1342 1103 1395 τῶν
1129 1340 1386 1411 ἐρώντων
1420 1340 1705 1413 ἀλλοτρίου
1734 1341 1859 1394 κάλ-

271 1425 394 1488 λους
426 1425 749 1496 συμϐαίνειν
793 1423 974 1478 είωθε.
1030 1425 1131 1478 Διά
1168 1441 1250 1477 τοι
1284 1423 1443 1478 τοῦτο
1473 1426 1524 1478 οἱ
1564 1425 1688 1496 μηδ’
1725 1424 1864 1487 ὅλως

271 1508 529 1579 ἐρῶντες,
564 1507 675 1563 τῶν
697 1506 949 1579 ἐρώντων
976 1510 1032 1560 ἐν
1062 1507 1269 1561 πλείονί
1301 1510 1442 1562 είσιν
1482 1508 1670 1579 ἡδονῇ.
1702 1508 1865 1561 Ἀλλά

273 1592 411 1662 πρὸς
458 1591 619 1644 τοῦτο
670 1592 769 1659 μὲν
809 1590 989 1654 οὐδεὶς
1034 1591 1321 1644 ἀντείποι·
1387 1590 1499 1659 ἐγὼ
1530 1591 1586 1644 δὲ
1631 1591 1730 1645 καὶ
1772 1590 1864 1643 τὸν

273 1673 486 1744 ἐρῶντα
520 1674 643 1743 μὲν,
673 1674 978 1744 κατέχοντα
1002 1673 1059 1727 δὲ
1090 1675 1189 1746 τὴν
1219 1674 1544 1745 ἐπιθυμίαν,
1572 1672 1773 1745 μᾶλλον
1799 1673 1863 1726 ἂν

272 1758 438 1826 φαίην
476 1760 688 1832 τρυφᾷν
748 1759 845 1813 τοῦ
877 1760 1125 1829 συνεχῶς
1171 1759 1273 1829 τῆς
1314 1758 1522 1830 πόρνης
1551 1757 1865 1811 ἀπολαύον-

270 1858 379 1905 τος.
407 1840 473 1896 Εί
506 1840 618 1913 γὰρ
644 1840 797 1915 [547]
828 1843 924 1897 καὶ
948 1842 1333 1914 δυσκολωτέρα
1365 1844 1399 1913 ἡ
1425 1842 1719 1908 ἀπόδειξις,
1746 1842 1863 1896 ἀλλ’

270 1925 419 1994 ὅμως
448 1924 543 1977 καὶ
572 1924 747 1988 οὕτως
770 1927 1071 1994 ἀναγκαῖον
1103 1924 1521 1996 κατατολμῆσαι
1546 1926 1643 1978 τοῦ
1680 1924 1863 1995 λόγου.

272 2005 380 2060 Καὶ
405 2005 515 2077 γάρ
557 2006 942 2078 δυσκολωτέρα
972 2007 1205 2075 γίνεται,
1261 2008 1323 2061 οὑ
1375 2007 1531 2079 παρᾲ
1558 2008 1658 2075 τὴν
1701 2007 1868 2076 φύσιν

270 2089 364 2143 τοῦ
395 2089 746 2161 πράγματος,
776 2090 916 2143 ἀλλά
943 2090 1099 2161 παρά
1127 2090 1189 2144 τό
1226 2090 1302 2162 μὴ
1335 2084 1479 2144 εῐναι
1506 2090 1608 2162 τῆς
1643 2091 1866 2161 φιλοσο-

272 2172 400 2243 φίας
432 2172 637 2236 ταύτης
662 2173 940 2243 ἀκροατὰς
968 2171 1180 2243 ἀξίους.

340 2332 389 2403 γ’
396 2333 496 2388 ..Τί
519 2333 626 2404 γὰρ
646 2334 815 2403 ἥδιον,
830 2334 952 2387 είπέ
972 2346 1086 2405 μοι,
1099 2332 1177 2405 τῷ
1198 2331 1417 2405 ἐρῶντι,
1434 2332 1496 2386 τὸ
1514 2334 1867 2404 καταφρονεῖ-

271 2418 395 2472 σθαι
422 2416 528 2470 ὑπὸ
548 2417 649 2488 τῆς
670 2417 979 2489 ἐρωμένης,
1002 2416 1037 2488 ἢ
1066 2416 1128 2471 τδ
1144 2416 1411 2488 τιμᾶσθαι
1437 2416 1533 2471 καὶ
1556 2418 1863 2489 ὑπερορᾷν;

269 2500 508 2571 Εὔδηλον
530 2502 612 2555 ὅτι
630 2502 809 2558 τοῦτο.
833 2500 971 2555 Τίνα
1000 2496 1115 2567 οὖν,
1150 2502 1269 2556 είπέ
1308 2519 1420 2572 μοι,
1452 2503 1679 2575 τιμήσει
1705 2502 1868 2555 πλέον

267 2587 301 2654 ἡ
328 2585 530 2656 πόρνη,
566 2584 658 2639 τὸν
691 2584 1018 2639 δουλεύοντα
1048 2585 1188 2655 αὑτῇ
1236 2586 1330 2638 καὶ
1372 2584 1728 2655 αἰχμάλωτον
1772 2586 1866 2637 ὑπ’

268 2668 440 2737 αὐτῆς
485 2668 588 2738 ἤδη
630 2668 951 2737 γενόμενον,
984 2667 1018 2737 ἢ
1058 2667 1152 2720 τὸν
1186 2665 1462 2737 ἀνώτερον
1507 2668 1615 2721 τῶν
1648 2667 1867 2735 ἐκείνης

266 2751 523 2815 δικτύων,
552 2750 650 2804 καὶ
693 2750 1031 2819 ὑψηλότερον
1059 2751 1170 2803 τῶν
1206 2750 1473 2820 καλάμων
1504 2750 1676 2820 αὐτῆς
1706 2751 1866 2802 πετόο

270 2851 469 2906 μενονς
512 2832 685 2886 Παντί
716 2850 820 2885 που
863 2833 1043 2903 δῆλον,
1094 2834 1179 2886 ὅτι
1207 2833 1420 2887 τοῦτον.
1474 2833 1614 2903 Περὶ
1656 2832 1780 2885 τίνα
1808 2833 1869 2885 δὲ

272 2918 566 2972 σπουδάσει
618 2916 801 2980 πλέον,
851 2917 943 2971 τὸν
977 2917 1333 2979 πεπτωκότα,
1381 2917 1414 2987 ἢ
1469 2918 1561 2970 τὸν
1611 2916 1863 2982 οὑδέπω;

269 3004 373 3055 Τὸν
406 3001 621 3055 οὐδέπω
670 3001 912 3059 πάντως.
956 3003 1054 3066 Τίς
1104 3001 1163 3055 δὲ
1210 3001 1365 3056 ἔσται
1398 3001 1795 3073 ποθεινότερος,
1836 3003 1867 3055 6

268 3084 765 3157 κατειργασμένος,
829 3086 862 3156 ἢ
921 3088 949 3139 6
1005 3086 1234 3157 μηδέπω
1287 3085 1490 3152 ἀλούς;
1526 3086 1586 3139 '0
1641 3086 1868 3157 μηδέπω

267 3170 407 3235 τέως
434 3169 617 3233 ἁλούς.
648 3170 715 3223 Et
740 3168 798 3223 δὲ
825 3170 1134 3231 ἀπιστεῖτε,
1157 3169 1269 3223 ἀπὸ
1289 3169 1399 3222 τῶν
1425 3169 1706 3239 ὑμετέρων
1731 3186 1871 3241 παρ-

270 3251 377 3317 έξω
410 3252 510 3324 τὴν
539 3252 839 3317 ἀπόδειξιν.
862 3254 1022 3315 Τίνος
1044 3252 1155 3324 γάρ
1175 3253 1241 3305 ἀν
1271 3270 1355 3317 τις
1380 3253 1581 3323 μᾶλλον
1606 3251 1868 3322 ἐρασθείη

268 3335 553 3404 γυναικὸς,
581 3336 685 3406 τῆς
715 3336 955 3399 εὐκόλως
983 3335 1563 3405 ὑποκατακλινομένης
1595 3334 1745 3406 αὑτῷ
1773 3335 1869 3388 καὶ

272 3419 646 3491 ἐκδιδομένης,
683 3420 720 3489 ἢ
752 3420 854 3490 τῆς
884 3420 1235 3491 ἀρνουμένης
1268 3420 1363 3473 καὶ
1386 3419 1695 3490 πράγματα
1718 3419 1870 3491 αὑτῷ

273 3503 655 3575 παρεχούσης;
699 3502 940 3575 Εὔδηλον
967 3504 1051 3555 ὅτι
1079 3502 1284 3573 ταύτης
1304 3518 1315 3529 ·
1345 3503 1440 3556 καὶ
1468 3501 1577 3573 γάρ
1604 3501 1870 3573 μειζόνως

273 3585 525 3643 ἐντεῦθεν
560 3589 589 3640 ό
622 3586 787 3649 πόθος
837 3587 1166 3641 άνάπτεται.
1213 3585 1428 3639 Οὐκοῦν
1478 3587 1574 3639 καὶ
1630 3586 1723 3638 ἐπὶ
1770 3586 1870 3657 τῆς

272 3672 531 3739 γυναικὸς
559 3670 622 3723 τὸ
654 3669 788 3722 αὐτὸ
815 3669 879 3741 δὴ
927 3668 1090 3723 τοῦτο
1134 3669 1308 3723 ἔσται’
1346 3669 1443 3722 καὶ
1472 3668 1663 3722 τοῦτον
1707 3671 1871 3740 τιμή-

278 3771 428 3807 σουσι
459 3754 555 3807 καὶ
579 3750 951 3822 θαυμάζονται
978 3752 1144 3804 πλέον
1174 3753 1265 3804 τὸν
1289 3752 1645 3823 ὑπερορῶντα
1666 3750 1869 3805 αὐτῶν.

276 3838 341 3892 Εἰ
382 3836 438 3890 δὲ
487 3834 649 3888 τοῦτο
677 3834 902 3906 ἀληθὲς,
950 3836 1175 3891 κάκεῖνο
1205 3835 1428 3905 ὁμοίως,
1458 3834 1520 3887 τὸ
1568 3835 1627 3888 ἐν
1662 3832 1871 3905 μείζονι

276 3918 416 3975 εἶναι
440 3920 601 3991 ἡδονῇ
632 3920 722 3973 τὸν
756 3918 961 3991 μᾶλλον
988 3918 1308 3989 τιμώμενον
1340 3918 1436 3972 καὶ
1478 3918 1868 3989 ἀγαπώμενον.

288 4005 443 4058 Ἐπεί⁵
468 4005 565 4057 καὶ
596 4004 904 4075 στρατηγὸς
926 4003 1081 4057 πόλιν
1108 4003 1206 4074 τὴν
1234 4006 1333 4074 μὲν
1353 4001 1609 4069 καθάπαξ
1634 4003 1872 4057 ἀλοῦσαν

277 4089 496 4161 ἀφίησι,
517 4091 584 4159 τῇ
613 4088 669 4141 δὲ
694 4086 961 4159 ἐστηκυίᾳ
986 4088 1081 4141 καὶ
1108 4087 1491 4159 φιλονεικούσῃ
1514 4088 1873 4159 προσεδρεύει

280 4174 420 4237 μετά
444 4173 682 4243 σπουδῆς
701 4172 939 4242 ἀπάσης·
980 4174 1076 4225 καὶ
1099 4171 1373 4243 θηρευτὴς
1392 4172 1454 4223 τὸ
1480 4172 1580 4243 μὲν
1609 4171 1874 4241 θηρευθὲν

278 4257 416 4323 ζῶον
450 4259 509 4310 ἐν
542 4257 722 4327 σκότῳ
754 4256 1119 4319 κατακλείσας
1152 4257 1289 4327 ἔχει,
1323 4256 1580 4328 καθάπερ
1626 4259 1659 4328 ὴ
1698 4257 1873 4329 πόρνη

276 4341 370 4393 τὸν
392 4340 656 4411 ἐραστὴν,
687 4339 746 4393 τὸ
770 4339 825 4393 δὲ
854 4339 1055 4408 φεῦγον
1078 4339 1288 4393 διώκει.
1325 4341 1467 4394 Ἀλλ’
1488 4341 1751 4395 ἀπολαύει
1773 4342 1874 4413 τῆς

278 4424 579 4495 ἐπιθυμίας
604 4425 833 4488 ἐκεῖνος,
862 4425 1050 4493 φησὶν,
1077 4420 1232 4487 οὗτος
1262 4425 1318 4478 δὲ
1350 4426 1450 4478 οὐκ
1482 4425 1771 4481 ἀπολαύει.
1800 4426 1875 4480 Τὸ

278 4509 335 4563 δὲ
373 4510 449 4582 μὴ
480 4509 966 4581 καταισχύνεσθαι,
995 4509 1129 4580 μηδέ
1154 4508 1431 4563 δουλεύειν
1463 4512 1587 4573 ταῖς
1616 4527 1872 4580 τυραννι-

278 4597 403 4657 καῖς
437 4594 611 4667 αὑτῆς
636 4595 951 4663 ἐπιταγαῖς,
989 4593 1127 4664 μηδὲ
1160 4594 1237 4657 ώς
1270 4593 1608 4664 ἀνδράποδον
1639 4594 1873 4663 ἄγεσθαι

280 4679 371 4734 ὑπ’
403 4676 577 4747 αὐτῆς
617 4677 712 4732 καὶ
738 4678 1102 4749 περιάγεσθαι
1131 4675 1520 4749 ῥαπιζόμενον,
1556 4678 1876 4749 ἐμπτυόμε-

278 4779 392 4826 νον,
423 4762 519 4815 ἐπὶ
570 4762 817 4833 κεφαλῆς
850 4760 1187 4833 ὠθούμενον,
1236 4764 1444 4833 μικρὰν
1482 4762 1677 4835 ἡδονὴν
1732 4758 1874 4819 εἶναι

279 4846 523 4917 νομίζεις
542 4862 559 4912 ;
581 4846 701 4900 είπέ
731 4863 842 4918 μοι.
871 4846 933 4900 Εί
962 4846 1073 4919 γάρ
1103 4864 1189 4911 τις
1216 4848 1390 4901 ταῦτα
1417 4846 1665 4917 ἀκριϐῶς
1694 4847 1876 4915 ἐξετά-

280 4948 418 4992 σειε,
446 4930 543 4983 καὶ
562 4930 816 5001 δυνηθείη
852 4930 958 4995 τὰς
975 4929 1164 5002 ὕϐρεις
1198 4929 1382 4984 αὑτῶν
1422 4934 1780 4999 συναγαγεῖν,
1806 4932 1875 4985 τά

279 5013 624 5083 ἐγκλήματα,
658 5014 758 5079 τὰς
793 5016 1038 5087 συνεχεῖς
1069 5014 1260 5086 ὁργάς,
1291 5015 1389 5077 τάς
1406 5013 1516 5068 ἀπὸ
1546 5014 1749 5085 ψυχῆς,
1774 5014 1876 5079 τάς

281 5096 390 5154 ἀπὸ
423 5093 518 5149 τοῦ
564 5093 902 5165 θρύπτεσθαι
949 5098 1274 5169 γινομένας,
1316 5097 1419 5160 τὰς
1447 5097 1775 5168 ἀπεχθείας,
1806 5098 1876 5153 τὰ

278 5183 417 5242 ἄλλα
450 5178 650 5239 πάντα.
683 5178 829 5252 άπερ
856 5182 908 5235 οί
937 5183 1247 5253 πάσχοντες
1287 5181 1439 5234 ῐσασι
1474 5181 1658 5252 μόνον,
1692 5182 1874 5236 πάντα

282 5267 520 5337 πόλεμον
558 5263 783 5335 εὑρήσει
828 5265 1049 5331 πλείους
1078 5267 1273 5338 ἔχοντα
1306 5266 1407 5330 τὰς
1438 5266 1733 5337 ἀνακωχὰς
1770 5267 1874 5336 τῆς

280 5349 473 5412 ἀθλίας
509 5344 719 5400 τούτων
748 5346 914 5418 ζωῆς.
942 5349 1115 5403 Ποίαν
1150 5345 1245 5404 οὖν
1268 5349 1453 5418 λέγεις
1483 5350 1716 5420 ὴδονήν;
1751 5350 1874 5403 εἰπέ

283 5450 409 5504 μοι’
444 5432 545 5503 τὴν
580 5428 689 5484 ἀπὸ
720 5430 820 5498 τῆς
853 5430 1075 5499 μίξεως,
1105 5433 1207 5503 τὴν
1237 5433 1581 5504 πρόσκαιρον
1606 5433 1704 5487 καὶ
1735 5433 1873 5505 βρα-

278 5519 469 5587 χεῖανς
499 5512 641 5568 ’Λλλ’
676 5510 877 5573 εὐθέως
908 5512 1117 5584 ταύτην
1146 5516 1388 5587 πόλεμος
1416 5516 1875 5587 ἐπικαταλαμϐά-

281 5600 491 5667 νεικκαὶ
527 5596 748 5668 κύματα
790 5595 884 5647 καὶ
913 5593 1080 5647 λύττα
1110 5598 1206 5650 καὶ
1244 5600 1413 5667 μανία
1458 5599 1623 5653 πάλιν
1649 5601 1683 5671 ἡ
1710 5601 1872 5671 αὐτή.

282 5685 395 5736 Καὶ
422 5682 598 5737 ταῦτα
626 5682 724 5754 μὲν
752 5681 887 5750 ἡμῖν
919 5677 1160 5749 εἴρηται,
1202 5681 1279 5743 ώς
1307 5683 1372 5735 άν
1406 5701 1490 5747 τις
1523 5684 1663 5748 νέοις
1692 5684 1875 5738 διαλε-

280 5768 514 5837 γὸμενος
559 5766 882 5827 ἀκολάστοις
931 5763 1095 5825 εἴποι,
1138 5762 1200 5814 οὑ
1260 5764 1468 5834 σφόδρα
1519 5766 1874 5836 ἀνεχομένοις

282 5849 391 5904 τῶν
439 5846 570 5921 περί
618 5846 897 5922 βασιλείας
953 5846 1046 5901 καὶ
1084 5844 1311 5916 γεέννης
1362 5846 1596 5901 ἀκοῦσαι
1652 5848 1861 5917 λόγων·

1965 846 2133 916 μένης
2183 842 2513 916 ἀνάρρησιν,
2548 844 2650 916 τὴν
2707 839 2860 916 [548]
2894 840 3230 912 παρῤησίαν,
3271 840 3373 904 τὰς
3415 857 3554 910 κρη-

1965 927 2095 989 στάς
2133 928 2226 980 καὶ
2259 926 2567 990 ἀθανάτους
2608 925 2833 989 ἐλπίδας
2871 925 3109 997 ἐκείνας.
3140 922 3278 975 Ἀλλ’
3322 925 3356 992 ἡ
3408 921 3556 992 μίξις

1964 1011 2215 1081 ἔχειτινά
2244 1011 2465 1082 ἡδονήν·
2492 1010 2651 1063 τοῦτο
2666 1013 2779 1080 γάρ
2803 1007 3045 1079 συνεχῶς
3071 1006 3553 1079 περιστρέφουσιν·

1963 1096 1991 1146 6
2026 1093 2085 1146 δέ
2127 1093 2422 1165 σωφρονῶν
2465 1093 2527 1146 οὐ
2572 1092 2799 1146 δύναται
2848 1091 3117 1161 διηνεκῶς
3152 1090 3460 1162 μαχόμενος
3488 1093 3555 1161 τῇ

1963 1180 2062 1250 τῆς
2092 1178 2309 1248 φύσεως
2339 1177 2636 1249 τυραννίδι.
2669 1175 2994 1229 Τούναντίον
3027 1176 3127 1245 μὲν
3157 1171 3250 1227 οὖν
3285 1174 3436 1243 εὖροι
3472 1190 3557 1237 τις

1964 1264 2050 1318 ἄν·
2084 1266 2118 1332 ἡ
2159 1262 2270 1332 γάρ
2303 1262 2394 1331 βία
2424 1261 2565 1331 αῦτη
2594 1260 2688 1314 καὶ
2708 1260 2923 1330 ταραχὴ
2954 1260 3108 1329 παρὰ
3128 1257 3204 1328 τῷ
3238 1256 3559 1327 πορνεύοντι

1969 1348 2172 1420 μᾶλλόν
2205 1348 2346 1400 ἐστι.
2399 1346 2510 1399 Καὶ
2548 1344 2657 1414 γάρ
2698 1344 2887 1406 κλόνος
2913 1345 2971 1395 ἐν
3001 1342 3079 1411 τῷ
3110 1340 3326 1411 σώματι
3366 1340 3558 1405 πολὺς,

1965 1433 2062 1485 καὶ
2120 1431 2304 1498 πάσης
2359 1427 2635 1497 θαλάττης
2687 1425 3117 1497 κυματουμένης
3176 1422 3559 1495 χαλεπώτερον

1964 1508 2122 1576 οὗτος
2148 1513 2441 1576 διάκειται,
2483 1511 2741 1564 οὐδέποτε
2775 1511 2912 1580 πρὸς
2942 1510 3042 1580 τὴν
3068 1507 3368 1578 ἐπιθυμίαν
3408 1506 3561 1559 ίστά-

1969 1614 2150 1670 μενος,
2209 1596 2328 1649 ἀλλ’
2362 1596 2451 1648 ἀεὶ
2500 1594 2830 1664 βαλλόμενος
2885 1593 2978 1647 ὑπ’
3031 1592 3227 1662 αὐτῆς,
3292 1591 3481 1661 ὥσπερ
3508 1591 3560 1644 οί

1964 1673 2351 1746 δαιμονῶντες,
2387 1674 2483 1727 καὶ
2514 1674 2757 1742 συνεχῶς
2789 1674 2897 1726 ὑπὸ
2930 1672 3039 1726 τῶν
3068 1671 3324 1741 πονηρῶν
3354 1674 3561 1741 καταρ-

1970 1761 2302 1833 ρηγνύμενοι
2332 1757 2687 1826 πνευμάτων.
2721 1755 2779 1808 Ὀ
2810 1756 2867 1807 δὲ
2902 1754 3136 1823 σώφρων
3160 1752 3415 1822 καθάπερ
3442 1753 3563 1824 ἀρι-

1970 1845 2128 1906 στεὺς
2155 1844 2401 1910 γενναῖος
2443 1837 2686 1908 συνεχῶς
2715 1837 2891 1906 αὑτὴν
2929 1835 3159 1905 βάλλων,
3190 1836 3289 1903 τὴν
3328 1836 3562 1904 ἀρίστην

1969 1927 2063 1982 καὶ
2113 1926 2325 1995 μυρίων
2364 1922 2622 1977 τοιούτων
2674 1919 2809 1991 ἡδίω
2867 1917 3180 1989 καρποῦται
3226 1917 3443 1989 ἡδονὴν,
3492 1921 3561 1989 τῇ

1968 2009 2096 2080 νίκῃ
2120 2008 2296 2079 ταύτῃ
2323 2008 2418 2060 καὶ
2445 2006 2524 2075 τῷ
2562 2003 2786 2074 χρηστῷ
2821 2002 3085 2055 συνειδότι
3118 2002 3213 2053 καὶ
3259 2002 3373 2063 τοῖς
3416 1999 3561 2069 λαμ-

1969 2096 2132 2165 προῖς
2180 2091 2465 2162 τροπαίοις
2511 2086 2993 2154 καλλωπιζόμενος
3052 2084 3337 2155 διηνεκῶς.
3382 2085 3447 2137 Εί
3506 2083 3565 2136 δέ

1972 2178 2114 2248 μετά
2145 2179 2245 2247 τὴν
2280 2175 2500 2247 ὁμιλίαν
2532 2170 2880 2227 ἀναπαύεται
2911 2170 3109 2240 μικρὸν
3148 2170 3375 2231 ἐκεῖνος,
3409 2167 3565 2221 ούδέν

1966 2260 2128 2314 τοῦτο
2160 2260 2226 2314 ἂν
2256 2261 2370 2330 εἴη·
2422 2258 2584 2312 πάλιν
2611 2256 2721 2327 γὰρ
2741 2256 2775 2307 ’ὁ
2802 2253 3012 2324 χειμὼν
3048 2252 3249 2316 ἔπεισι,
3279 2252 3373 2303 καὶ
3399 2250 3564 2305 πάλιν

1969 2346 2213 2415 κύματα.
2260 2343 2317 2395 '0
2350 2342 2407 2395 δέ
2440 2340 2747 2409 φιλοσοφῶν
2773 2338 2894 2391 οὑδὲ
2926 2336 3101 2406 ἀρχὴν
3128 2335 3322 2405 ἀφίησι
3360 2334 3565 2405 ταύτην

1967 2428 2153 2481 λαϐεῖν
2176 2427 2275 2495 τὴν
2305 2422 2575 2495 ταραχὴν,
2613 2421 2736 2475 οὑδὲ
2784 2420 3140 2489 διαναστῆναι
3187 2419 3250 2472 τὸ
3301 2418 3561 2488 πέλαγος,

1969 2510 2089 2564 οὑδὲ
2125 2509 2319 2580 βοῆσαι
2370 2508 2433 2560 τὸ
2483 2505 2699 2576 θηρίον.
2740 2504 2805 2557 El
2844 2502 2901 2556 δέ
2949 2519 3072 2555 τινα
3128 2502 3250 2571 βίαν
3301 2501 3565 2572 ὑπομένοι

1970 2595 2216 2664 κατέχων
2246 2592 2345 2663 τὴν
2374 2589 2637 2661 τοιαύτην
2674 2587 2877 2661 ὁρμὴν,
2907 2586 3043 2640 ἀλλά
3069 2588 3165 2639 καὶ
3193 2588 3406 2648 ἐκεῖνος
3434 2602 3565 2639 συν-

1969 2678 2111 2748 εχῶς
2155 2675 2485 2746 βαλλόμενος
2536 2674 2631 2727 καὶ
2681 2669 3048 2738 κεντούμενος
3092 2670 3203 2737 καὶ.
3223 2667 3314 2720 τὸν
3347 2665 3564 2737 οἶστρον

1968 2762 2027 2812 οὑ
2064 2759 2271 2829 φέρων·
2309 2758 2402 2810 καὶ
2454 2756 2759 2826 παρόμοιον
2806 2754 3041 2821 γίνεται,
3072 2750 3264 2820 ὥσπερ
3296 2750 3362 2803 ἂν
3396 2750 3563 2801 ἵππον

1969 2843 2162 2911 ἄγριον
2202 2841 2533 2911 μαινόμενον
2573 2838 2669 2890 καὶ
2717 2835 3091 2889 ἀντιτείνοντα
3127 2834 3310 2904 ἀνέχοι
3341 2831 3419 2902 τῷ
3465 2850 3563 2903 χα-

1968 2925 2123 2995 λινῷ,
2148 2923 2243 2978 καὶ
2274 2921 2500 2991 κατέχοι
2529 2920 2671 2990 μετά
2705 2918 2901 2989 τέχνης
2932 2917 3174 2986 ἁπάσης·
3210 2918 3238 2969 ὁ
3264 2917 3320 2971 δέ
3354 2916 3559 2980 ἐνδοὺς,

1970 3011 2112 3064 ὥστε
2142 3010 2233 3063 τὸν
2277 3010 2439 3061 πόνον
2463 3005 2659 3060 τοῦτον
2687 3006 2909 3074 φυγεῖν,
2935 3003 3235 3074 συρόμενος
3265 3002 3355 3053 ὑπ’
3396 3001 3561 3055 αὑτοῦ

1971 3091 2247 3163 πανταχοῦ
2272 3092 2532 3165 ,φέροι-ιο.
2588 3089 2777 3143 Ταῦτα
2831 3089 2881 3141 εί
2936 3088 3032 3140 καὶ
3087 3086 3429 3157 σαφέστερον
3467 3085 3562 3139 τοῦ

1924 3222 1944 3247 χ
1968 3178 2181 3239 δέοντος
2223 3177 2459 3248 είρηται,
2522 3174 2713 3243 μηδεὶς
2751 3170 3094 3240 ἐγκαλείτω’
3151 3170 3212 3223 οὑ
3246 3169 3354 3239 γὰρ
3386 3170 3563 3236 λόγων

1972 3256 2265 3331 σεμνότητι
2310 3255 2752 3319 καλλωπίζεσθαι
2810 3253 3099 3324 βούλομαι,
3145 3253 3283 3306 ἀλλά
3335 3253 3561 3321 ποιῆσαι

1972 3343 2203 3416 σεμνοὺς
2234 3342 2359 3406 τοὺς
2390 3338 2706 3401 ἀκούοντας.

2040 3485 2083 3539 δ’
2092 3526 2105 3539 .
2132 3482 2233 3535 Διά
2260 3480 2421 3534 τοῦτο
2442 3481 2538 3534 καὶ
2557 3480 2606 3532 οί
2631 3479 2909 3550 προφῆται
2940 3478 3156 3540 οὐδενὸς
3178 3476 3286 3529 τῶν
3303 3477 3565 3528 τοιούτων

1971 3568 2243 3638 φείδονται
2302 3566 2597 3635 ῥημάτων,
2652 3564 2752 3632 τὴν
2810 3562 3109 3617 ἀκολασίαν
3142 3560 3253 3613 τῶν
3298 3558 3568 3613 Ἰουδαίων

1971 3651 2205 3721 ἐκκόψαι
2264 3648 2603 3719 βουλόμενοι,
2656 3646 2795 3700 ἀλλά
2844 3647 2940 3699 καὶ
2990 3644 3332 3716 γυμνότερον
3385 3642 3569 3697 αὑτῶν

1972 3736 2385 3798 καθικνοῦνται,
2416 3734 2449 3804 ἢ
2488 3734 2651 3802 ἡμεῖς
2698 3731 2794 3785 νῦν
2847 3732 2933 3799 ἐφ’
2965 3728 3047 3793 οἷς
3093 3732 3421 3801 εἰρήκαμεν.
3458 3727 3568 3781 Καὶ

1970 3823 2080 3893 γὰρ
2112 3819 2295 3889 ἰατρὸς
2321 3816 2592 3887 σηπεδόνα
2616 3815 2870 3869 ἐκϐαλεῖν
2900 3814 3246 3885 βουλόμενος,
3286 3814 3347 3865 οὑ
3377 3813 3572 3864 σκοπεῖ

1972 3906 2092 3970 πῶς
2146 3903 2397 3975 καθαρὰς
2444 3901 2794 3972 διατηρήσειε
2846 3898 2944 3962 τὰς
2996 3900 3208 3969 χεῖρας,
3257 3894 3371 3949 ἀλλ’
3417 3895 3569 3956 ὅπως

1974 3993 2184 4045 ἐκεῖνον
2220 3986 2556 4051 ἀπαλλάξειε
2584 3985 2685 4054 τῆς
2722 3983 3042 4056 σηπεδόνοςο
3072 3980 3168 4033 καὶ
3194 3981 3222 4032 6
3248 3977 3339 4031 τὸν
3370 3992 3569 4030 ταπει-

1973 4075 2063 4130 νὸν
2096 4072 2299 4143 ὑψηλὸν
2330 4073 2555 4141 ποιῆσαι
2587 4069 2781 4130 θέλων,
2828 4066 2993 4129 αὑτὸς
3048 4062 3403 4118 ταπεινοῦται
3432 4061 3568 4131 πρό-

1974 4174 2150 4229 τερος’
2186 4155 2283 4209 καὶ
2312 4158 2339 4208 6
2366 4154 2568 4223 σφάξαι
2604 4152 2696 4206 τὸν
2748 4148 3171 4203 ἐπιϐουλεύοντα
3228 4145 3566 4229 σπουδάζων,

1975 4227 2069 4296 καὶ
2099 4239 2292 4295 ἐαυτὸν
2317 4237 2579 4309 αἱμάσσει
2616 4236 2735 4306 μετ’
2768 4233 3002 4298 ἐκείνου,
3048 4231 3144 4285 καὶ
3196 4228 3356 4283 τοῦτο
3406 4227 3571 4282 αὑτὸν

1977 4328 2123 4381 ποιεῖ
2150 4322 2555 4395 λαμπρότερον.
2602 4319 2757 4372 Ἐπεὶ
2808 4318 2903 4371 καὶ
2957 4314 3299 4387 στρατιώτην
3342 4311 3573 4366 ἐπανελ-

1977 4408 2280 4464 θόντα·ἀπδ
2318 4405 2412 4459 τοῦ
2459 4404 2698 4474 πολέμου
2737 4404 2803 4457 ἂν
2830 4402 2913 4474 ἴδῃ
2946 4418 3032 4463 τις
3060 4398 3219 4469 ἰχῶρι
3248 4398 3344 4450 καὶ
3378 4398 3572 4467 αἵματι

1977 4496 2073 4550 καὶ
2095 4491 2385 4562 ἐγκεφάλῳ
2414 4487 2853 4563 μεμολυσμένον,
2899 4487 2962 4539 οὑ
3014 4487 3258 4556 μισήσει,
3291 4483 3413 4536 ούδέ
3440 4485 3575 4535 ἀπο-

1978 4578 2355 4650 στραφήσεται
2374 4574 2463 4629 διά
2485 4572 2666 4636 τοῦτο,
2693 4570 2832 4624 ἀλλά
2856 4570 2951 4623 καὶ
2975 4569 3322 4638 θαυμάσεται
3348 4564 3569 4636 μᾶλλον.

1977 4664 2134 4719 Οὕτω
2169 4662 2233 4734 δὴ
2268 4662 2364 4716 καὶ
2392 4662 2557 4732 ἡμεῖς
2580 4656 2853 4727 ποιῶμεν,
2890 4656 3017 4709 ὅταν
3049 4654 3251 4725 ἴδωμέν
3286 4669 3407 4705 τινα
3438 4650 3577 4720 μετά

1976 4749 2037 4801 τὸ
2064 4745 2415 4816 κατασφάξαι
2447 4744 2550 4815 τὴν
2581 4742 2880 4811 ἐπιθυμίαν
2900 4738 3225 4810 ᾑμαγμένον
3252 4735 3573 4796 ἐπανιόντα,

1980 4829 2181 4901 μᾶλλον
2238 4828 2402 4882 αὑτὸν
2462 4824 2855 4897 θαυμάζωμεν,
2917 4823 3014 4877 καὶ
3072 4821 3424 4889 κοινωνῶμεν
3474 4817 3576 4886 τῆς

1980 4915 2162 4985 μάχης
2196 4914 2289 4965 καὶ¹
2330 4912 2428 4981 τῆς
2481 4910 2637 4981 νίκης
2675 4906 2845 4978 αύτῷ,
2881 4908 2973 4960 καὶ
3007 4905 3142 4975 πρὸς
3172 4905 3299 4965 τοὺς
3333 4901 3576 4985 ἐρῶντας

1977 4984 2227 5065 λέγωμεν
2260 5035 2275 5059 ,
2343 4994 2567 5058 Δείξατε
2603 4994 2740 5063 ἡμῖν
2805 4989 2907 5060 τὴν
2977 4990 3044 5043 ἐκ
3108 4988 3207 5058 τῆς
3279 4984 3575 5056 ἐπιθυμίας

1977 5082 2191 5154 ἡδονήν.

2057 5259 2117 5312 '0
2191 5256 2292 5327 μὲν
2351 5253 2461 5327 γάρ
2498 5250 2733 5325 σώφρων
2772 5252 2872 5324 τὴν
2923 5251 3033 5305 ἀπὸ
3082 5250 3181 5319 τῆς
3235 5247 3392 5321 νίκης
3438 5246 3574 5319 ἔχει,

1978 5342 2043 5396 σὺ
2077 5340 2133 5393 δὲ
2166 5337 2487 5409 οὐδαμόθεν.
2525 5338 2589 5391 El
2636 5336 2695 5390 δέ
2749 5336 2909 5408 ὑμεῖς
2945 5334 3044 5405 τὴν
3092 5336 3158 5387 ἐκ
3201 5332 3303 5403 τῆς
3356 5330 3575 5403 ὁμιλίας

1976 5424 2208 5493 λέγοιτε,
2270 5421 2386 5475 ἀλλ’
2435 5421 2619 5493 ἐκείνη
2679 5420 2991 5490 σαφεστέρα
3042 5417 3137 5472 καὶ
3185 5414 3571 5493 διαρκεστέρα.

1977 5492 2059 5563 Σὺί
2079 5507 2189 5577 γὰρ
2226 5505 2372 5577 ἔχεις
2403 5506 2513 5560 ἀπὸ
2564 5509 2667 5577 τῆς
2715 5502 3072 5566 ἀπολαύσεως
3109 5501 3284 5572 βραχὺ
3312 5498 3404 5551 καὶ
3436 5492 3573 5565 μηδέ

1980 5591 2333 5663 φαινόμενον,
2363 5592 2573 5655 ἐκεῖνος
2607 5592 2665 5645 δὲ
2694 5588 2910 5644 ἀπὸτοῦ
2944 5587 3267 5647 συνειδότος,
3291 5577 3443 5653 [549]
3476 5579 3571 5663 καὶ

1972 5660 2202 5747 μείζονα
2220 5676 2313 5731 καὶ
2332 5677 2563 5748 διηνεκῆ
2576 5677 2671 5729 καὶ
2684 5672 3025 5745 γλυκυτέραν
3046 5671 3159 5741 ἔχει
3180 5667 3280 5736 τὴν
3301 5660 3572 5748 εὐφροσύ-

1978 5745 2095 5833 νην.
2125 5760 2261 5814 0666
2294 5745 2603 5833 γάρόὖτως
2630 5760 2819 5831 ὁμιλία
2847 5756 3125 5827 γυναικὸς,
3158 5752 3233 5814 ὼς
3282 5745 3569 5833 φιλοσοφία

1980 5822 2253 5917 ἀτάραχον
2286 5822 2510 5904 δύναται
2543 5822 2778 5917 τηρήσαι
2805 5822 2982 5915 ψυχὴν
3005 5839 3099 5893 καὶ
3136 5833 3435 5906 πτερῶσαι.
3467 5822 3569 5884 οὗ-
