4038 6216
226 369 325 426 391

228 497 283 543 et
325 486 470 558 quod
510 498 580 540 ne
624 482 763 537 ultra
813 492 1073 552 appareat
1113 479 1365 551 quidem;
1398 480 1487 536 ille
1528 490 1706 535 autem
1760 498 1826 537 ex

226 579 563 637 conscientia
615 577 875 643 majorem
928 574 1090 628 habet
1137 583 1194 628 et
1245 583 1556 643 perpetuam
1612 575 1826 630 suavio-

227 683 452 740 remque
486 667 748 722 laetitiam.
789 664 975 734 Neque
1021 664 1164 719 enim
1206 664 1542 719 consuetudo
1583 664 1827 720 mulieris

227 771 409 834 potest
434 770 541 815 tam
568 756 1009 829 imperturbatam
1040 755 1269 810 reddere
1306 756 1542 810 animam
1564 797 1581 820 ,
1622 763 1678 811 ct
1705 770 1825 809 eam

228 854 280 907 in
301 851 478 907 altum
504 849 759 913 evehere,
788 862 947 917 quam
976 844 1335 915 philosophia.
1366 845 1429 900 Et
1458 846 1682 913 pudicus
1709 848 1825 915 qui.

226 943 375 1010 dem,
406 942 545 997 sicut
570 940 681 995 dixi
703 981 719 1005 ,
750 946 939 1011 aperte
981 937 1139 993 nobis
1177 938 1506 1007 voluptatem
1538 938 1774 992 ostendit
1808 955 1823 991 :

227 1036 280 1088 in
314 1043 369 1089 te
410 1042 587 1087 autem
620 1046 686 1085 ex
732 1044 799 1084 eo
827 1028 1079 1098 quidem,
1124 1028 1267 1097 quod
1299 1028 1374 1082 sis
1416 1028 1623 1095 victus,
1670 1028 1827 1083 video

226 1124 391 1180 animi
417 1121 815 1193 aegritudinem,
836 1119 1166 1188 voluptatem
1195 1129 1374 1174 autem
1409 1120 1597 1173 volens
1621 1119 1823 1183 videre,

227 1230 336 1271 non
366 1214 605 1269 invenio.
627 1211 909 1281 Quodnam
937 1210 1081 1264 enim
1104 1209 1184 1263 vis
1208 1224 1330 1264 esse
1352 1220 1562 1280 tempus
1580 1210 1829 1280 volupta-

229 1308 342 1364 tis?
369 1306 495 1364 idne
533 1303 676 1375 quod
706 1312 789 1358 est
818 1310 944 1357 ante
972 1300 1217 1357 coitum?
1262 1300 1367 1356 Sed
1423 1315 1529 1355 non
1578 1309 1698 1363 est;
1747 1309 1831 1355 est

226 1398 371 1454 enim
412 1395 614 1451 furoris
656 1403 711 1450 et
742 1393 967 1447 insaniae
992 1400 1047 1446 et
1085 1392 1280 1447 mentis
1308 1400 1522 1446 etnotae.
1573 1390 1830 1446 Dentibus

225 1488 368 1544 enim
398 1485 666 1551 stridere,
698 1494 754 1539 et
778 1498 810 1538 e
835 1492 975 1537 statu
1007 1482 1205 1537 mentis
1242 1481 1545 1547 dimoveri,
1590 1496 1698 1535 non
1746 1488 1831 1535 est

226 1578 516 1648 voluptatis
548 1594 562 1631 :
596 1572 679 1631 sin
709 1586 856 1630 esset
881 1583 1061 1629 autem
1102 1575 1391 1641 voluptatis
1413 1614 1427 1637 ,
1460 1589 1567 1627 non
1614 1588 1678 1627 ea
1730 1572 1827 1626 tibi

227 1669 529 1734 indixisset,
560 1680 683 1737 quae
706 1664 976 1721 sustinent
1007 1664 1041 1718 ii
1062 1664 1152 1734 qui
1174 1663 1462 1718 admodum
1486 1663 1689 1718 dolent.
1722 1662 1828 1716 Pu-

227 1760 360 1827 gilcs
384 1759 556 1823 enim,
608 1765 715 1810 tam
744 1756 835 1825 qui
867 1754 1174 1824 percutiunt
1202 1769 1361 1823 quam
1390 1755 1480 1825 qui
1512 1753 1827 1823 percutiun-

227 1862 331 1915 tur,
364 1849 595 1905 strident
621 1847 872 1903 dentibus
902 1864 916 1899 :
950 1854 1004 1900 et
1029 1846 1388 1915 parturientes
1413 1845 1685 1911 mulieres,
1708 1859 1828 1914 qu:e

229 1942 605 1999 distrahuntur
623 1939 923 2004 doloribus,
959 1937 1190 2009 idipsum
1225 1937 1441 1993 iaciunt.
1468 1936 1827 2005 Quamobrem

226 2047 330 2089 non
364 2042 448 2090 est
476 2032 533 2087 id
563 2030 846 2099 voluptas,
880 2028 975 2084 sed
1007 2030 1186 2098 potius
1218 2027 1414 2083 mentis
1445 2042 1702 2082 excessus
1740 2035 1828 2083 tu-

228 2123 537 2192 multusque
581 2129 637 2175 et
662 2120 1017 2190 perturbatio.
1050 2120 1135 2173 An
1172 2128 1385 2188 tempus
1412 2118 1552 2188 quod
1587 2126 1706 2185 post
1742 2130 1829 2171 se-

227 2256 405 2273 -θ

1126 362 1191 418 IN
1230 363 1449 420 EPIST.
1490 366 1513 421 ι
1576 364 1669 421 AD
1705 364 1861 423 COB.
1916 363 2147 422 "Oli"...
2193 366 2476 423 XXXVIII.

3428 377 3536 434 δ’ὶῖ

1935 481 2154 553 quitur?
2178 481 2281 537 Sed
2310 499 2482 553 neque
2512 483 2614 539 hoc
2634 484 2861 542 dixeris.
2893 487 3075 558 Neque
3106 493 3249 549 enim
3272 510 3389 549 eam
3413 512 3532 569 qme

1936 573 2142 643 peperit
2160 570 2456 629 dixerimus
2483 586 2604 629 esse
2630 577 2682 630 in
2711 578 3002 647 voluptate,
3025 583 3119 637 sed
3151 580 3203 639 in
3232 585 3479 644 libertate
3502 604 3532 643 a

1934 663 2210 718 doloribus
2240 682 2254 718 :
2289 678 2395 719 non
2435 672 2520 720 est
2557 675 2736 720 autem
2785 669 2942 737 plane
2971 671 3071 727 hoc
3100 675 3348 744 voluptas
3372 720 3387 742 ,
3436 682 3530 734 sed

1936 756 2111 823 potius
2148 755 2487 820 imbecillitas
2515 767 2566 813 et
2608 758 2926 827 dissolutio;
2968 766 3191 822 multum
3231 778 3411 826 autem
3451 774 3534 827 in-

1938 852 2102 900 terest
2147 846 2287 902 inter
2328 855 2634 917 utrumque.
2685 850 2965 923 Quodnam
3013 866 3096 910 est
3140 873 3268 928 ergo
3316 868 3527 933 tempus

1934 936 2243 1006 voluptatis,
2272 937 2358 993 dic
2383 942 2607 1008 quaeso?
2636 940 2850 997 Nullum
2883 956 2967 1000 est
2994 966 3007 1001 :
3037 948 3080 1002 si
3109 959 3193 1004 est
3221 960 3421 1018 tamen,
3449 966 3535 1011 est

1934 1026 2069 1083 adeo
2111 1027 2303 1093 breve,
2352 1038 2410 1083 ut
2454 1044 2521 1084 ne
2568 1043 2827 1101 appareat
2868 1036 3109 1105 quidem.
3164 1038 3298 1096 Cum
3342 1045 3534 1101 millies

1936 1118 2371 1173 contenderimus
2402 1130 2459 1173 ut
2492 1120 2618 1175 illud
2665 1121 3204 1192 deprehenderemus
3231 1141 3287 1186 et
3331 1136 3532 1190 retine-

1938 1223 2153 1275 rcinus,
2185 1225 2291 1263 non
2322 1212 2613 1280 potuimus.
2658 1212 2764 1267 Sed
2794 1221 3146 1287 temperantis
3174 1232 3228 1276 et
3270 1226 3535 1282 moderati

1940 1307 2151 1367 tempus
2178 1316 2282 1354 non
2309 1312 2391 1355 cst
2421 1302 2707 1372 ejusmodi,
2740 1304 2833 1359 sed
2856 1308 3148 1376 spatiosum
3173 1322 3257 1367 est
3285 1326 3338 1369 et
3366 1318 3538 1372 omni-

1938 1386 2038 1441 bus
2058 1387 2277 1443 evidens
2301 1406 2314 1455 ;
2346 1390 2427 1445 vel
2451 1393 2629 1461 potius
2654 1401 2761 1447 tota
2790 1396 2908 1464 ejus
2932 1398 3034 1451 vita
3060 1410 3143 1455 est
3166 1404 3218 1455 in
3243 1403 3535 1475 voluptate,

1936 1493 2056 1534 cum
2108 1480 2227 1551 ejus
2278 1483 2608 1537 conscientia
2660 1496 2973 1554 coronetur,
3032 1504 3152 1543 eum
3214 1493 3381 1548 sedati
3431 1498 3539 1553 sint

1937 1569 2151 1637 ﬂuctus,
2181 1573 2328 1627 nullo
2356 1590 2419 1629 ex
2452 1576 2642 1645 quavis
2674 1587 2825 1647 parte
2868 1580 3078 1635 oriente
3126 1586 3371 1641 tumultu.
3404 1588 3537 1643 Cum

1934 1677 2065 1732 ergo
2094 1662 2179 1718 hic
2207 1665 2376 1734 magis
2402 1666 2469 1719 sit
2501 1667 2552 1719 in
2586 1668 2855 1737 voluptate
2874 1710 2889 1734 ,
2924 1671 3241 1729 libidinosus
3271 1687 3450 1734 autem
3483 1680 3535 1735 in

1934 1755 2097 1807 animi
2125 1756 2442 1825 aegritudine
2471 1766 2526 1811 et
2550 1759 2898 1825 tumultibus,
2949 1760 3214 1833 fugiamus
3259 1766 3538 1826 libidinem

1934 1853 1990 1898 et
2036 1844 2542 1914 intemperantiam,
2594 1848 2986 1917 amplectamur
3031 1860 3441 1923 temperantiam
3485 1872 3541 1916 ct

1936 1935 2258 1999 eastitatem,
2294 1943 2354 1989 ut
2380 1934 2516 1990 bona
2545 1936 2706 1991 etiam
2736 1938 2915 1993 futura
2946 1955 3367 2013 consequamur,
3406 1963 3536 2019 gra-

1936 2028 2007 2080 tia
2036 2036 2090 2082 et
2119 2025 2472 2096 benignitate,
2502 2034 2606 2083 ctc.

3298 2261 3538 2277 ψ

1478 2325 1824 2388 HOMILIA
1866 2322 2237 2384 XXXVIII.

225 2480 353 2537 Car.
387 2480 470 2537 l5.
515 2479 642 2533 v.1.
678 2477 871 2531 Notum
899 2483 1069 2529 autem
1091 2472 1229 2528 vobis
1255 2472 1412 2541 facio,
1438 2475 1655 2541 fratres,
1683 2484 1829 2522 evan-

298 2576 485 2646 gelium
528 2571 669 2643 quod
709 2570 985 2639 praedican
1028 2566 1339 2637 vobisquod
1364 2576 1408 2618 et
1434 2564 1702 2633 accepistis
1729 2604 1743 2626 ,
1776 2563 1830 2616 in

292 2679 395 2732 quo
422 2677 468 2718 et
491 2663 640 2717 statis
664 2702 679 2725 ,
710 2661 767 2714 2.
800 2677 888 2730 per
918 2660 1054 2730 quod
1089 2668 1135 2713 et
1161 2657 1431 2712 salvamim'
1448 2696 1464 2721 ,
1503 2672 1606 2725 qua
1634 2655 1831 2709 ratione

295 2756 679 2827 pradicant-im
704 2756 861 2808 vobis.

297 2850 347 2903 1.
390 2847 522 2902 Cum
563 2845 632 2901 de
683 2843 1051 2914 spiritualibus
1106 2842 1428 2896 absolvisset
1484 2840 1813 2902 orationem,

223 2940 417 2996 transit
439 2938 505 2992 ad
532 2937 583 2992 id
610 2935 755 3007 quod
782 2943 866 2990 est
893 2936 1136 2989 omnium
1172 2934 1407 2988 maxime
1437 2930 1824 2995 necessarium,

221 3046 418 3101 nempe
445 3029 512 3083 ad
557 3036 932 3098 argumentum
974 3024 1388 3080 resurrectionis
1434 3042 1447 3079 :
1496 3022 1551 3077 in
1571 3036 1637 3077 eo
1682 3022 1827 3075 enim

222 3123 380 3177 valde
428 3119 779 3190 :cgrotabant.
811 3118 879 3172 Et
927 3116 1068 3170 sicut
1116 3116 1169 3169 in
1222 3114 1581 3184 corporibus,
1611 3112 1829 3183 quando

225 3212 429 3267 solidas
458 3224 646 3266 eorum
674 3216 856 3277 partes
883 3206 1048 3261 lebris
1073 3206 1328 3274 attigerit,
1347 3220 1564 3271 nervos,
1585 3205 1823 3273 inquam,

226 3311 283 3357 et
308 3315 469 3357 venas
494 3309 549 3355 et
572 3297 742 3368 prima
771 3298 1060 3363 elementa,
1086 3296 1286 3351 malum
1313 3296 1381 3350 sit
1406 3294 1825 3360 immedicabile,

224 3397 327 3453 nisi
354 3397 473 3466 ejus
515 3409 708 3465 magna
748 3403 967 3463 geratur
1009 3406 1137 3445 cura
1170 3409 1183 3445 :
1215 3390 1293 3446 sic
1337 3400 1462 3443 tunc
1500 3404 1715 3457 quoque
1759 3402 1827 3441 ne

223 3490 399 3556 ﬁeret,
424 3497 543 3545 erat
561 3486 882 3559 periculum.
908 3485 988 3539 Ad
1016 3485 1129 3554 ipsa
1151 3484 1296 3539 enim
1320 3482 1534 3551 pietatis
1562 3481 1826 3536 elementa

224 3582 480 3638 tendebat
499 3579 720 3635 malum.
754 3578 1117 3646 Quamobrem
1149 3591 1343 3647 magno
1368 3575 1547 3630 studio
1574 3589 1704 3629 usus
1732 3582 1815 3627 est

224 3675 441 3730 l‘aulus.
488 3671 604 3727 Non
648 3670 791 3724 enim
826 3670 1058 3739 amplius
1084 3668 1153 3723 ab
1186 3682 1252 3722 eo
1297 3666 1556 3737 agebatur
1598 3664 1666 3719 de
1696 3664 1825 3729 vita,

224 3780 404 3835 neque
434 3760 579 3832 quod
625 3760 717 3815 ille
741 3759 958 3827 quidem
1005 3765 1371 3822 scortaretur,
1408 3757 1495 3810 hic
1528 3770 1658 3810 vero
1684 3764 1829 3809 esset

224 3869 419 3912 avarus
446 3895 461 3919 ,
489 3852 627 3906 alius
660 3866 787 3905 vero
828 3859 993 3919 caput
1036 3848 1261 3903 haberet
1308 3855 1600 3916 Opertum;
1646 3844 1740 3899 sed
1774 3844 1827 3898 in

226 3949 344 4020 ipso
380 3947 643 4003 bonorum
672 3943 849 4013 capite
885 3941 1201 3996 versabatur
1226 3939 1400 3994 oratio
1434 3956 1449 3992 :
1478 3952 1603 3991 nam
1633 3936 1701 3990 de
1731 3950 1823 3990 re-

225 4038 564 4097 surrectione
594 4037 708 4107 ipsa
751 4036 893 4089 inter
930 4047 990 4088 se
1033 4030 1489 4101 digladiabantur.
1521 4028 1653 4097 Quia
1680 4027 1825 4082 enim

228 4134 446 4189 hazcest
485 4138 599 4185 tota
627 4142 751 4197 spes
782 4136 964 4181 nostra
987 4167 1002 4191 ,
1028 4126 1078 4179 ei
1110 4123 1267 4179 valde
1300 4123 1500 4177 restitit
1538 4122 1783 4177 diabolus
1809 4136 1824 4185 ;

225 4234 282 4281 et
310 4218 599 4293 aliquando
619 4217 834 4289 quidem
863 4231 981 4272 eam
1016 4215 1238 4271 tollebat
1265 4214 1499 4283 penitus,
1531 4212 1826 4282 aliquando

228 4325 407 4371 autem
449 4311 664 4368 dicebat
710 4324 826 4365 eam
868 4309 977 4378 jam
1026 4307 1208 4362 fuisse.
1246 4305 1397 4372 Quod
1429 4304 1591 4359 etiam
1633 4303 1828 4358 Paulus

225 4408 469 4464 scribens
498 4405 565 4461 ad
592 4402 938 4460 Timotheum
958 4442 974 4467 ,
1003 4401 1109 4456 huc
1155 4400 1355 4455 malum
1387 4400 1578 4467 dogma
1609 4398 1825 4451 vocavit

226 4513 568 4571 gangrtcnam
592 4538 605 4561 ,
635 4506 690 4551 et
718 4512 815 4552 eos
839 4495 929 4564 qui
979 4494 1155 4563 ipsum
1204 4490 1532 4545 inducebant
1584 4490 1822 4551 notavit,

226 4594 413 4647 dicens
438 4609 450 4643 :
486 4587 568 4642 Ea:
592 4588 771 4657 quibus
793 4596 866 4642 est
900 4585 1207 4656 llyinenwus
1230 4592 1275 4636 et
1308 4581 1565 4647 Philetas,
1590 4583 1674 4651 qui
1692 4583 1829 4636 circa

226 4683 490 4737 veritatem
515 4679 837 4742 aberrarunt,
870 4678 1091 4729 dicentes
1105 4676 1221 4745 jam
1252 4676 1441 4743 factam
1470 4690 1583 4727 esse
1601 4690 1829 4725 resurre—

228 4774 447 4826 ctionem
469 4812 481 4834 ,
519 4780 565 4823 et
592 4776 818 4822 evertunt
855 4767 1143 4837 aliquorum
1186 4764 1337 4830 ﬁdem
1369 4762 1461 4832 (2.
1491 4760 1621 4815 Tim.
1648 4762 1701 4814 2.
1738 4764 1823 4815 Π.

231 4862 345 4933 l8).
372 4864 545 4929 Atque
563 4858 853 4928 aliquando
874 4858 1093 4926 quidem
1121 4853 1221 4907 hoc
1245 4853 1517 4917 dicebant,
1541 4851 1829 4921 aliquando

228 4963 409 5006 autem
461 4952 604 5019 quod
650 4961 846 5015 corpus
885 4961 991 4999 non
1040 4952 1302 5012 resurgat,
1356 4943 1448 4996 sed
1498 4943 1831 4997 resurrectio

170 5030 177 5055 ⁸
229 5046 300 5097 sit
328 5042 523 5095 animae
558 5041 821 5109 purgatio.
871 5036 996 5091 llaec
1027 5044 1203 5089 autem
1253 5034 1433 5087 dicere
1475 5033 1832 5102 persuadebat

228 5132 526 5187 sceleratus
574 5130 666 5182 ille
696 5127 908 5181 daemon
934 5168 946 5189 ,
981 5142 1085 5179 non
1134 5126 1307 5179 solum
1351 5134 1599 5179 evertere
1630 5126 1824 5179 volens

232 5226 708 5284 resurrectionem,
740 5220 835 5275 sed
882 5220 1041 5273 etiam
1070 5233 1191 5287 qua:
1218 5233 1314 5285 pro
1348 5218 1500 5271 nobis
1533 5219 1669 5271 facta
1699 5229 1823 5273 sunt

230 5316 432 5376 omnia,
479 5312 767 5367 ostendere
814 5325 934 5365 esse
977 5307 1229 5361 fabulam.
1279 5307 1409 5361 Num
1442 5309 1485 5361 si
1531 5310 1608 5363 eis
1641 5309 1828 5365 fuisset

229 5416 547 5479 persuasum
577 5418 684 5455 non
717 5417 837 5457 esse
869 5414 1157 5470 corporum
1180 5401 1659 5464 resurrectionem,
1693 5417 1815 5467 pnu-

232 5497 383 5553 latim
429 5493 507 5547 eis
556 5491 912 5559 persuasisset
960 5506 1027 5543 ne
1072 5489 1345 5543 Christum
1386 5487 1605 5557 quidem
1638 5504 1823 5542 resur-

234 5588 476 5649 rexisse;
526 5582 593 5637 ab
625 5581 726 5635 hoc
757 5589 935 5633 autem
984 5579 1115 5633 illud
1168 5594 1379 5648 quoque
1410 5578 1597 5632 ordine
1631 5594 1824 5649 proce-

235 5678 372 5733 dens
398 5674 693 5734 induxisset
724 5686 843 5725 eum
871 5684 977 5723 non
1006 5670 1311 5735 advenisse,
1345 5684 1516 5738 neque
1546 5686 1607 5725 ea
1637 5672 1830 5728 fecisse

238 5784 357 5841 qum
385 5767 529 5823 fecit.
582 5764 724 5821 Talis
752 5771 833 5818 est
861 5761 1003 5818 enim
1045 5761 1245 5817 diaboli
1279 5762 1580 5833 malignitas
1625 5773 1680 5820 et
1708 5780 1826 5821 ver-

1932 2464 2094 2517 sutia.
2126 2462 2490 2531 Quamobrem
2519 2466 2716 2521 Paulus
2735 2484 2854 2524 eam
2884 2475 3284 2532 vocatinsidias
3316 2476 3536 2549 (Ep/tes.

1935 2554 1991 2608 6.
2026 2555 2118 2623 ll)
2142 2597 2156 2621 ,
2188 2557 2442 2625 quoniam
2468 2572 2574 2612 non
2597 2558 2802 2614 directe
2825 2565 3063 2620 ostendit
3092 2554 3236 2639 quod
3268 2572 3382 2625 vult
3410 2588 3539 2643 pro-

1935 2648 2086 2709 bare,
2116 2662 2185 2700 ne
2216 2647 2687 2716 deprehendatur;
2718 2651 2813 2706 sed
2844 2654 2948 2707 alia
2995 2657 3095 2711 sibi
3126 2658 3376 2729 imposita
3409 2679 3534 2733 per-

1932 2752 2087 2800 sona,
2132 2738 2236 2791 alia
2286 2739 2601 2808 fabricatur,
2649 2754 2702 2797 ct
2753 2748 3025 2817 tamquam
3084 2750 3309 2808 infestus
3362 2753 3535 2810 hostis

1932 2840 1984 2882 et
2010 2829 2338 2898 versipellis,
2368 2846 2487 2885 cum
2514 2833 2569 2887 in
2593 2835 2780 2889 urbem
2811 2846 2868 2891 et
2895 2854 3076 2894 muros
3108 2842 3344 2910 irruerit,
3373 2846 3538 2902 etiam

1934 2920 2142 2976 inferne
2172 2924 2598 2993 agitcuniculos,
2622 2937 2678 2981 ut
2702 2944 2766 2982 ea
2799 2931 3008 2987 ratione
3032 2949 3137 2989 non
3171 2934 3330 2993 facile
3358 2940 3535 3007 possit

1934 3016 2133 3080 caveri,
2188 3024 2243 3069 et
2286 3025 2431 3071 recte
2475 3018 2523 3072 ei
2571 3019 2827 3075 succedat
2877 3023 2927 3076 id
2975 3026 3118 3094 quod
3161 3037 3246 3082 est
3292 3029 3530 3085 molitus.

1932 3104 2294 3186 Quamobrem
2340 3108 2473 3162 tales
2520 3109 2636 3179 ejus
2683 3109 2908 3180 laqueos
2954 3130 3171 3185 semper
3221 3120 3534 3188 inveniens,

1933 3205 1984 3250 et
2016 3198 2309 3252 sceleratas
2361 3197 2456 3253 bas
2489 3200 2713 3255 insidias
2743 3218 2948 3258 venans
2979 3204 3067 3259 hic
3094 3209 3175 3261 vir
3200 3210 3535 3268 admirabilis

1934 3296 1990 3342 ct
2019 3304 2147 3343 vere
2176 3305 2421 3359 magnus,
2456 3290 2673 3346 dicebat
2708 3312 2719 3346 :
2761 3292 2878 3348 Non
2908 3298 3043 3350 enim
3064 3300 3360 3368 ignoramus
3386 3308 3529 3375 cogi-

1931 3380 2146 3434 tationes
2174 3383 2282 3450 ejus
2307 3380 2383 3452 (2.
2416 3381 2537 3438 Cor.
2567 3382 2622 3437 2.
2658 3386 2766 3455 li).
2798 3377 3010 3441 Etenim
3049 3389 3134 3444 hic
3157 3400 3327 3447 totum
3354 3396 3529 3462 aperit

1931 3468 2048 3540 ejus
2089 3470 2297 3539 dolum,
2344 3482 2401 3527 et
2440 3489 2635 3530 omnes
2680 3478 2913 3533 ostendit
2980 3482 3408 3540 machinationes
3434 3528 3448 3553 ,
3478 3497 3535 3543 et

1931 3579 2285 3636 qua-cumque
2329 3567 2445 3622 vult
2472 3584 2734 3639 apparare
2767 3570 3012 3640 producit
3044 3574 3094 3628 in
3141 3576 3375 3633 medium
3396 3619 3412 3646 ,
3445 3596 3536 3635 ac-

1933 3658 2272 3713 curatissime
2303 3660 2481 3713 omnia
2514 3676 2868 3731 persequens.
2915 3664 3205 3735 Projiterea
3239 3670 3380 3724 enini
3426 3671 3533 3728 hoc

1933 3760 2096 3820 caput
2123 3752 2273 3819 ponit
2303 3762 2424 3820 post
2452 3753 2553 3805 alia
2587 3793 2600 3815 ,
2631 3757 2885 3823 quoniam
2918 3767 3035 3811 erat
3081 3762 3315 3816 maxime
3347 3778 3533 3819 neces-

1934 3843 2157 3908 sarium,
2191 3854 2244 3897 et
2273 3842 2416 3912 quod
2446 3843 2623 3897 omnia
2651 3855 2834 3897 nostra
2862 3845 3154 3902 contineat.
3190 3850 3324 3906 Vide
3352 3865 3532 3911 autem

1934 3933 2049 4001 ejus
2092 3933 2451 4018 prudentiam.
2485 3933 2616 3987 Nam
2649 3950 2770 3988 cum
2801 3950 2927 3989 suos
2970 3938 3118 4006 prius
3150 3943 3432 3998 muniissct
3478 3955 3535 4001 et

1936 4025 1988 4078 in
2018 4033 2133 4078 tuto
2171 4025 2491 4080 collocasset
2520 4068 2533 4092 ,
2572 4036 2696 4080 tunc
2728 4027 2956 4081 ulterius
2986 4032 3283 4099 procedens
3309 4074 3323 4097 ,
3357 4046 3536 4091 exter-

1936 4132 2035 4171 nos
2061 4132 2274 4187 quoque
2306 4118 2507 4171 invadit
2534 4160 2547 4182 ,
2584 4130 2637 4173 et
2668 4119 2798 4188 ipsis
2832 4121 3165 4179 validissime
3194 4140 3254 4180 os
3282 4128 3531 4183 obstruit.

1935 4208 2075 4263 Suos
2098 4218 2279 4263 autem
2313 4209 2487 4263 munit
2515 4218 2567 4263 et
2602 4210 2652 4261 in
2686 4218 2798 4264 tuto
2820 4211 3049 4267 collocat
3076 4255 3088 4277 ,
3120 4230 3225 4269 non
3258 4232 3321 4271 ex
3365 4220 3534 4273 ratio-

1896 4328 1915 4349 .
1935 4302 2110 4364 nibus,
2142 4300 2233 4356 sed
2267 4316 2328 4353 ex
2361 4301 2424 4354 iis
2450 4316 2569 4369 qua:
2592 4300 2703 4369 jam
2737 4300 2871 4355 facta
2902 4312 3059 4367 sunt,
3090 4315 3142 4360 et
3168 4322 3285 4376 qua:
3316 4309 3411 4378 ipsi
3440 4312 3536 4366 ad-

1937 4392 2223 4456 miserunt,
2257 4400 2311 4445 et
2359 4391 2495 4445 facta
2539 4392 2883 4446 crediderunt
2919 4412 2930 4447 :
2962 4395 3103 4464 quod
3131 4398 3346 4467 quidem
3382 4402 3534 4457 valde

1935 4492 2052 4537 erat
2092 4495 2274 4553 apium
2308 4483 2374 4536 ad
2407 4482 2667 4551 pudorem
2714 4484 3078 4540 incutiendum
3108 4531 3122 4553 ,
3152 4499 3206 4542 et
3233 4490 3537 4547 sufficiebat

1934 4574 2002 4627 ad
2029 4589 2122 4628 eos
2164 4574 2542 4628 continendos.
2591 4572 2722 4627 Nam
2762 4573 2807 4627 si
2860 4585 3043 4643 postea
3077 4578 3376 4635 noluissent
3412 4597 3533 4636 cre-

1939 4664 2090 4727 dere,
2125 4679 2230 4719 non
2262 4664 2443 4734 utique
2484 4664 2595 4733 jam
2622 4663 2789 4717 Paulo
2812 4706 2827 4728 ,
2864 4666 2957 4720 sed
2986 4668 3084 4721 sibi
3118 4669 3217 4738 ipsi
3248 4686 3353 4725 non
3380 4684 3536 4729 erant

1935 4755 2192 4810 credituri
2227 4756 2407 4825 :quod
2452 4755 2665 4837 quidam
2702 4758 2904 4812 crimen
2954 4760 3138 4815 luisset
3186 4762 3401 4817 illorum
3439 4770 3533 4833 qui

1938 4850 2100 4904 semel
2119 4850 2471 4913 admiserant,
2496 4861 2547 4904 et
2570 4850 2675 4913 iam
2708 4855 3037 4907 .ransniutati
3060 4865 3263 4911 essent.
3288 4858 3537 4928 Propter-

1938 4957 2001 4996 ea
2042 4941 2165 4997 hinc
2197 4943 2380 5010 ιῖι-έὶεῖίι
2410 4985 2422 5007 ,
2452 4952 2587 4998 0.91:.
2635 4946 2743 4997 ἐνοι
2774 4961 2830 4997 se
2858 4961 2961 5000 non
2994 4961 3128 5016 opus
3178 4948 3378 5003 habere
3414 4954 3537 5005 aliis

1942 5034 2164 5086 test;l;u~.‘.
2186 5073 2200 5099 ,
2239 5034 2301 5085 ad
2334 5033 2666 5103 probandum
2698 5049 2755 5087 se
2789 5051 2908 5089 tera
2942 5035 3122 5090 dicere
3150 5078 3165 5102 ,
3191 5040 3283 5093 sed
3318 5042 3378 5092 iis
3408 5042 3537 5111 ipsis

1941 5125 2031 5193 qui
2063 5136 2183 5178 sunt
2215 5124 2448 5193 decepti.
2484 5125 2760 5182 Utauiem
2808 5126 2951 5194 quod
2982 5128 3104 5182 dico
3148 5131 3216 5185 sit
3264 5134 3535 5200 apertius,

1944 5215 2010 5271 de
2041 5225 2240 5270 caetero
2286 5230 2506 5269 necesse
2539 5226 2619 5269 est
2668 5216 2779 5284 ipsa
2815 5218 3001 5273 audire
3052 5221 3233 5273 verba.
3279 5223 3534 5289 Qnaznani

1934 5324 2060 5377 ergo
2089 5323 2148 5361 ea
2184 5308 2345 5360 sunt?
2377 5303 2573 5359 Notum
2605 5308 2741 5361 vobis
2774 5310 2909 5377 facio
2929 5350 2943 5374 ,
2973 5314 3179 5377 frenas,
3213 5315 3529 5384 evangelium

1932 5399 2067 5467 quod
2100 5398 2374 5467 prazdicavi
2422 5398 2578 5451 vobis.
2615 5398 2864 5452 Vidistin’
2905 5415 3025 5453 cum
3074 5414 3272 5473 quanta
3316 5407 3535 5476 incipiat

1934 5488 2191 5543 lenitate?
2240 5488 2476 5541 vidistin’
2524 5489 2793 5558 quomodo
2842 5493 3089 5545 ostendat
3136 5494 3203 5547 ab
3253 5497 3424 5562 initio,
3476 5514 3535 5555 se

1943 5580 2075 5635 nihil
2110 5594 2305 5633 novum
2345 5595 2443 5635 nec
2487 5583 2830 5651 peregrinum
2865 5583 3245 5641 introducere?
3286 5587 3415 5642 Nam
3446 5594 3534 5660 qui

1934 5683 2119 5727 notum
2173 5670 2296 5725 facit
2345 5670 2396 5726 id
2447 5673 2587 5741 quod
2634 5672 2743 5741 jam
2776 5685 2961 5729 notum
3012 5676 3183 5730 luerat
3228 5689 3281 5732 ct
3312 5682 3449 5748 quod
3482 5686 3533 5738 in

1933 5764 2260 5820 oblivionem
2292 5773 2531 5833 venerat,
2566 5779 2753 5820 rursus
2785 5766 2835 5821 id
2868 5767 2921 5821 in
2948 5772 3265 5824 memoriam
3303 5772 3531 5829 reducit.
