4038 6216
505 330 609 388 3‘25

502 448 638 502 Cum
665 452 844 499 autem
875 435 1085 493 vocavit
1110 433 1327 496 fratres,
1356 432 1481 485 hinc
1507 442 1722 499 quoque
1740 442 1847 481 non
1871 441 2091 496 parvam

504 534 765 607 prtemisit
792 524 1309 585 demonstrationem
1333 535 1523 577 eorum
1548 534 1668 589 qua:
1689 518 1958 572 dicuntur.
1984 515 2100 571 Non

503 625 719 683 aliunde
748 622 892 677 enim
926 616 1051 673 facti
1083 630 1270 670 sumus
1318 614 1514 667 fratres
1535 651 1551 676 ,
1604 624 1763 681 quam
1794 623 1863 663 ex
1898 607 2101 663 Christi

502 715 799 775 secundum
830 726 1048 768 carnem
1094 705 1523 777 dispensatione.
1575 702 1866 772 Propterea
1897 714 1993 755 eos
2025 700 2103 754 sic

502 813 752 875 vocavit,
782 806 943 862 simul
992 803 1209 874 quidem
1241 814 1336 855 eos
1374 798 1583 853 leniens
1612 810 1675 850 ac
1727 793 2015 864 mitigans,
2048 801 2103 848 et

503 905 643 959 bona
674 896 1086 955 innumerabilia
1138 893 1269 964 ipsis
1295 891 1350 945 in
1382 887 1696 944 memoriam
1726 884 2007 941 revocans.
2036 884 2104 938 Et

500 995 642 1066 quod
667 993 925 1059 deinceps
956 987 1223 1057 sequitur,
1252 984 1355 1039 hoc
1384 982 1560 1053 ipsum
1601 978 1906 1035 conﬁrmat.
1937 976 2104 1045 Quid-

499 1102 625 1144 nam
666 1084 770 1139 hoc
806 1082 935 1140 est?
964 1078 1336 1149 Evangelium.
1386 1074 1663 1144 Evangelii
1694 1073 1841 1128 enim
1888 1086 2099 1127 summa

499 1177 631 1234 hinc
655 1175 855 1246 accipit
900 1173 1112 1229 initium
1137 1213 1152 1236 ,
1195 1168 1340 1241 quod
1368 1168 1512 1223 Deus
1542 1164 1714 1221 factus
1742 1166 1811 1220 sit
1839 1165 2021 1229 homo,
2048 1171 2103 1219 et

501 1264 649 1325 cruci
683 1268 877 1323 afﬁxus
909 1264 1106 1327 fuerit,
1137 1271 1193 1318 et
1223 1259 1609 1316 resurrexerit.
1645 1257 1758 1313 Hoc
1788 1265 1842 1311 et
1881 1255 2098 1311 Gabriel

499 1359 841 1417 annuntiat-it
866 1357 1105 1426 Virgini;
1132 1356 1235 1409 hoc
1262 1361 1318 1407 et
1346 1350 1625 1422 propheta:
1658 1350 1753 1405 toti
1778 1349 1894 1405 orbi
1930 1357 2102 1402 terra-

500 1471 619 1510 rum
647 1470 664 1521 ;
695 1452 799 1510 hoc
829 1452 991 1505 etiam
1023 1461 1214 1502 omnes
1255 1444 1506 1515 apostoli.
1554 1442 1707 1510 Quod
1735 1451 1782 1495 et
1828 1439 2100 1508 prwdicavi

497 1549 656 1611 uobis,
688 1545 824 1614 quod
851 1553 896 1597 et
923 1540 1210 1610 accepistis,
1241 1539 1294 1592 in
1338 1553 1438 1606 quo
1466 1545 1515 1590 et
1544 1536 1718 1595 statis,
1748 1534 1803 1587 2.
1852 1549 1940 1603 per
1965 1532 2099 1602 quod

496 1652 543 1695 et
573 1637 866 1700 saluamini,
896 1651 997 1706 qua
1022 1633 1224 1686 ratione
1255 1629 1641 1701 pradicaverim
1687 1627 1850 1693 vobis,
1879 1627 1923 1680 si
1962 1636 2099 1680 tene-

498 1732 583 1796 tis,
616 1731 715 1785 nisi
744 1731 937 1798 frustra
967 1724 1273 1780 credidistis.
1314 1720 1557 1776 Vidistin’
1588 1718 1860 1789 quomodo
1884 1731 1979 1772 eos
2005 1732 2101 1769 vo-

496 1834 585 1880 cat
629 1831 795 1878 testes
836 1834 1025 1875 eorum
1058 1833 1177 1887 quae
1223 1816 1365 1870 dicta
1398 1813 1563 1868 sunt?
1608 1812 1724 1866 Non
1761 1811 1891 1866 dicit
1922 1829 1933 1863 :
1966 1810 2097 1877 Quae

497 1917 797 1980 audivistis,
844 1913 963 1975 sed,
998 1911 1127 1978 Qua:
1160 1907 1446 1979 accepistis,
1483 1906 1550 1958 ab
1581 1905 1659 1959 eis
1697 1904 1917 1972 exigens
1956 1910 2097 1955 tam-

496 2024 654 2079 quam
701 2004 919 2075 aliquod
948 2002 1255 2071 depositum
1281 2039 1296 2063 ,
1331 2007 1386 2052 et
1433 1996 1740 2065 signiﬁcans
1770 2035 1784 2059 ,
1815 1992 1955 2062 quod
1992 2006 2097 2045 non

496 2103 669 2158 solum
699 2113 972 2161 sermone,
1003 2095 1097 2149 sed
1123 2105 1177 2148 et
1210 2091 1363 2145 factis
1394 2098 1449 2144 et
1478 2089 1645 2158 signis
1670 2096 1723 2141 et
1749 2085 2017 2139 miraculis
2046 2084 2097 2138 id

497 2195 825 2264 acceperint,
857 2198 912 2245 et
938 2199 995 2243 ut
1024 2202 1087 2243 ea
1119 2196 1236 2241 tuto
1270 2191 1509 2239 teneant.

566 2288 623 2341 2.
658 2283 861 2340 Deinde
890 2289 1172 2351 postquam
1202 2276 1336 2331 dixit
1384 2283 1566 2327 vetera
1597 2313 1611 2335 ,
1646 2280 1855 2339 tempus
1886 2283 2097 2339 quoque

500 2393 742 2451 praesens
768 2373 1061 2430 declaravit
1087 2370 1274 2425 dicens
1306 2386 1318 2420 :
1348 2365 1415 2419 In
1432 2381 1531 2436 quo
1562 2374 1607 2415 ct
1633 2363 1813 2425 statis;
1835 2376 1929 2415 eos
1958 2376 2094 2428 prue-

501 2484 797 2539 occupans,
832 2475 893 2521 ut
920 2479 987 2520 ne
1016 2460 1226 2518 etiamsi
1258 2459 1488 2513 maxime
1513 2456 1732 2519 vellent,
1758 2455 1967 2524 possint
1996 2466 2094 2505 nc-

496 2577 644 2635 gnre.
680 2560 746 2613 Et
797 2558 917 2613 ideo
962 2554 1224 2622 incipiens
1274 2568 1378 2604 tton
1408 2548 1563 2609 dixit,
1612 2546 1716 2599 Vos
1744 2545 1946 2635 doctu),
1979 2540 2095 2605 sed,

498 2632 695 2709 Notum
720 2650 858 2704 vobis
888 2645 1020 2719 facio
1048 2687 1062 2710 ,
1090 2644 1140 2707 id
1167 2641 1309 2711 quod
1336 2641 1447 2706 jam
1480 2638 1676 2691 factum
1714 2644 1818 2689 est.
1862 2632 1929 2687 Et
1961 2646 2097 2701 quo-

496 2745 657 2803 modo
686 2758 781 2799 eos
813 2741 901 2810 qui
929 2737 1260 2793 vacillabant
1289 2734 1420 2787 dicit
1450 2730 1634 2784 stare?
1669 2727 1881 2783 Utiliter
1903 2742 2013 2795 prae
2037 2741 2097 2779 se

496 2838 603 2895 fert
629 2832 1023 2906 ignorationem
1053 2845 1067 2879 :
1102 2826 1243 2897 quod
1292 2823 1507 2893 quidem
1548 2822 1673 2875 facit
1700 2821 1865 2875 etiam
1894 2818 1960 2872 ad
1991 2818 2097 2872 Ga-

496 2931 652 2990 latas,
683 2925 780 2979 sed
801 2938 906 2977 non
930 2920 1198 2976 similiter.
1224 2916 1361 2970 Nam
1390 2914 1641 2984 quoniam
1672 2913 1781 2967 illic
1810 2928 1914 2965 non
1941 2920 2095 2981 pole-

498 3030 582 3076 rat
612 3014 964 3088 ignorantiam
982 3026 1090 3081 prat
1116 3024 1173 3063 se
1202 3009 1338 3063 ferre
1357 3048 1370 3073 ,
1402 3006 1501 3059 alia
1527 3004 1735 3067 ratione
1762 3013 1950 3056 traeiat
1976 3018 2098 3055 ora-

498 3113 719 3174 tionem,
738 3107 924 3161 dicens
945 3122 958 3158 :
978 3103 1193 3171 Conﬁdo
1210 3110 1377 3153 autem
1398 3100 1451 3150 in
1474 3097 1610 3149 vobis
1631 3096 1685 3147 in
1704 3094 1945 3159 Domino,
1963 3093 2097 3161 quod

498 3203 627 3257 nihil
673 3200 816 3253 aliud
864 3188 1087 3251 sentietis
1119 3196 1138 3265 (
1168 3191 1285 3245 Gut.
1315 3192 1367 3246 5.
1413 3189 1554 3257 10).
1587 3184 1703 3240 Νοη
1741 3185 1914 3238 dixit:
1943 3184 2097 3250 Quod

498 3297 629 3353 nihil
680 3292 822 3346 aliud
868 3288 1156 3349 sensistis;
1204 3283 1458 3353 quoniam
1509 3294 1699 3334 eorum
1741 3277 1997 3333 delictum
2045 3278 2096 3330 in

497 3387 746 3445 confesso
792 3391 908 3437 erat
953 3389 1008 3434 et
1050 3376 1292 3437 evidens,
1341 3373 1435 3428 sed
1481 3370 1711 3441 spondet
1754 3371 1821 3423 de
1870 3369 2094 3423 futuro:

498 3491 821 3551 quamquam
862 3473 967 3527 hoc
992 3482 1207 3540 quoque
1251 3475 1367 3520 erat
1412 3465 1719 3527 incertum;
1751 3462 1846 3516 sed
1898 3472 1954 3514 ut
1982 3461 2099 3514 illos

499 3574 669 3644 magis
714 3568 1030 3624 attralterct.
1065 3564 1161 3618 Hic
1204 3571 1382 3615 autem
1436 3559 1596 3613 etiam
1632 3571 1744 3626 pra“:
1790 3570 1849 3610 se
1896 3554 1997 3608 fert
2041 3568 2100 3608 se

502 3668 751 3736 ignorare
782 3662 968 3715 dicens
1004 3676 1017 3712 :
1043 3656 1108 3709 In
1137 3670 1237 3724 quo
1264 3664 1309 3707 et
1340 3651 1506 3705 statis.
1544 3647 1749 3703 Deinde
1777 3648 1984 3701 lucrum
2014 3661 2099 3699 se-

497 3762 700 3832 quitur,
736 3756 837 3808 Per
866 3752 1003 3822 quod
1034 3759 1079 3803 et
1100 3747 1370 3803 salvamini
1394 3762 1412 3798 :
1437 3760 1537 3815 qua
1558 3743 1755 3795 ratione
1782 3741 2097 3811 pradicave-

498 3855 597 3907 rint
624 3850 781 3905 vobis.
830 3842 1193 3913 Quamobrem
1230 3839 1347 3892 haec
1374 3835 1620 3890 doctrina
1648 3833 1804 3885 vobis
1848 3846 1989 3884 nunc
2016 3840 2100 3883 est

498 3939 881 4000 declarationis
908 3944 961 3990 et
993 3928 1478 4000 interpretationis.
1511 3925 1626 3979 Non
1652 3923 1801 3977 enim
1831 3938 1987 3992 opus,
2019 3922 2101 3976 itt-

498 4038 633 4109 quit,
665 4031 875 4086 habetis
907 4035 965 4081 ut
996 4026 1099 4079 hoc
1128 4023 1320 4092 dogma
1364 4016 1605 4081 discatis,
1634 4015 1728 4071 sed
1758 4024 1815 4069 ut
1844 4008 2100 4070 recorde-

500 4108 631 4184 mini
682 4133 736 4179 et
774 4116 1141 4189 corrigamini.
1187 4114 1316 4167 Haec
1351 4120 1530 4163 autem
1566 4108 1718 4174 dicit,
1764 4124 1872 4161 non
1916 4108 2100 4161 sinetis

498 4225 644 4293 ipsos
676 4232 797 4273 esse
830 4212 1188 4284 impudentes.
1212 4204 1347 4272 Quid
1376 4202 1477 4256 sibi
1500 4202 1622 4293 vult
1640 4211 1843 4293 autem,
1872 4200 1993 4293 Qua
2012 4216 2100 4293 ταΪ

498 4290 634 4369 tione
682 4303 1067 4380 prazdicauerim
1125 4297 1299 4349 vobis?
1338 4295 1456 4359 Quo
1504 4292 1687 4353 modo,
1736 4292 1941 4359 inquit,
1990 4290 2100 4343 dixi

500 4405 617 4460 ﬁeri
643 4395 1123 4455 resurrectionem.
1158 4385 1291 4439 Nam
1324 4382 1469 4454 quod
1498 4382 1567 4435 sit
1594 4380 1808 4450 quidem
1856 4396 2099 4435 resurre-

499 4499 629 4561 ctio,
654 4508 762 4548 non
795 4485 1025 4543 dixerim
1056 4495 1151 4535 vos
1178 4479 1426 4533 dubitare
1458 4493 1472 4529 :
1504 4474 1743 4544 quaeritis
1774 4482 1956 4526 autem
1988 4473 2100 4525 τοι.-

502 4600 643 4645 tasse
670 4579 909 4653 apertius
936 4576 1077 4630 scire
1104 4570 1249 4643 quod
1291 4568 1492 4623 dictum
1521 4574 1623 4621 est.
1672 4565 1785 4618 lloc
1825 4565 1986 4618 etiam
2022 4562 2100 4616 fa-

499 4683 638 4738 ciam
671 4693 685 4730 :
732 4679 920 4743 aperte
959 4667 1103 4721 enim
1151 4664 1263 4717 seio
1292 4676 1389 4716 vos
1418 4659 1612 4729 dogma
1656 4668 1861 4711 tenere.
1897 4655 2101 4711 Deinde

502 4768 757 4841 quoniam
806 4755 1094 4815 enuntians
1146 4752 1377 4815 dicebat,
1431 4750 1496 4803 In
1536 4764 1635 4819 quo
1693 4748 1874 4810 statis;
1919 4762 1986 4801 ne
2036 4762 2099 4801 ea

496 4838 705 4914 ratione
747 4866 843 4907 eos
886 4845 1137 4902 redderet
1178 4840 1516 4895 soeordiores
1559 4849 1613 4894 et
1644 4838 2093 4908 negligentiores,

500 4953 623 5007 illos
652 4961 842 5003 rursus
866 4946 1035 4995 terret
1068 4936 1279 5000 dicens,
1312 4933 1373 4986 Si
1403 4935 1600 4994 tenetis,
1632 4933 1731 4985 nisi
1774 4934 1965 5001 frustra
1992 4947 2100 4983 cre-

503 5042 737 5100 didistis;
765 5033 1060 5091 ostendens
1084 5029 1225 5099 quod
1257 5028 1311 5081 in
1342 5028 1512 5095 capite
1541 5026 1660 5079 lidei
1693 5032 1910 5093 accepta
1940 5022 2101 5077 fuerit

506 5139 661 5207 plaga
689 5172 703 5195 ,
738 5141 911 5197 neque
943 5131 1131 5193 agatur
1172 5118 1239 5173 de
1273 5116 1599 5186 quibuslibet
1646 5115 1863 5207 obviis,
1912 5114 2100 5207 sedde

502 5203 618 5282 tota
652 5230 812 5290 atque
864 5218 1064 5282 integra
1096 5210 1221 5264 ﬁde.
1275 5208 1343 5260 Et
1388 5221 1527 5259 nunc
1570 5204 1785 5275 quidem
1832 5203 1935 5257 hoc
1973 5203 2103 5257 dicit

504 5318 777 5392 pressius;
831 5308 1129 5380 procedens
1172 5314 1352 5357 autent
1384 5310 1584 5355 etcum
1615 5299 1834 5352 incaluit
1865 5339 1879 5364 ,
1914 5309 2102 5367 aperto

505 5389 761 5477 deinceps
788 5402 965 5472 capite
992 5397 1318 5453 vociferatur
1344 5402 1399 5447 et
1428 5390 1557 5445 dicit
1590 5407 1603 5441 :
1641 5390 1702 5444 Si
1734 5389 1967 5443 Christus
2000 5405 2101 5441 non

505 5502 800 5563 resurrexit,
844 5495 1013 5551 inanis
1055 5501 1127 5545 est
1154 5491 1327 5559 utique
1368 5484 1665 5558 prtedicatia
1697 5491 1904 5548 nostra,
1934 5482 2102 5535 inanis

503 5607 576 5651 est
602 5597 752 5649 etiam
774 5591 901 5661 fides
932 5594 1099 5642 vestra
1123 5625 1138 5650 ,
1171 5583 1347 5639 adhuc
1371 5583 1503 5635 estis
1533 5577 1589 5631 in
1612 5575 1849 5645 peccatis
1882 5575 2097 5627 vestris.

505 5686 612 5743 Sed
638 5702 743 5741 non
773 5685 851 5738 sic
880 5683 933 5736 in
980 5676 1255 5750 procrendis
1283 5692 1296 5726 :
1327 5674 1403 5728 sic
1434 5670 1578 5726 enim
1623 5665 1946 5736 expediebat
1971 5680 2097 5719 sen-

503 5779 606 5834 sim
644 5785 701 5831 et
740 5773 995 5845 paulatim
1031 5766 1297 5841 progredi.
1345 5765 1399 5818 '5.
1443 5760 1659 5817 Tradidi
1702 5760 1835 5813 enim
1880 5758 2013 5811 vobis
2045 5757 2095 5808 in

1211 318 1265 374 S
1303 311 1582 373 JOANNIS
1617 307 2090 368 CIIRYSOSTOMI
2130 311 2449 370 ARCHIEP.
2487 313 3025 374 CONSTANTINUP.
3707 326 3771 385 δέ

2212 426 2390 499 primis
2417 430 2553 499 quod
2595 441 2641 485 et
2670 435 2864 502 accepi.
2897 433 3007 488 Nec
3041 434 3125 488 hic
3147 434 3281 490 dixit
3312 454 3325 491 :
3352 436 3518 493 Vobis
3549 438 3681 504 dixi,
3712 457 3805 496 ne-

2208 537 2332 591 que,
2383 522 2489 578 Vos
2537 524 2715 590 docui,
2768 527 2862 581 sed
2912 527 3158 583 eamdem
3202 544 3394 585 rursus
3442 545 3570 587 usus
3610 542 3693 586 cst
3722 533 3804 587 di-

2208 614 2387 668 ctione
2422 630 2436 668 :
2469 613 2685 669 Tradidi
2716 618 2853 671 vobis
2874 619 3009 687 quod
3040 628 3086 671 et
3116 622 3313 692 accepi.
3345 621 3530 693 Neque
3571 623 3660 678 hic
3681 624 3807 680 dicit

2209 718 2269 758 se
2294 704 2542 760 edoctum
2583 706 2750 762 fuisse
2774 749 2789 775 ,
2822 708 2916 763 sed
2945 750 2959 773 ,
2991 709 3179 778 Accepi
3195 726 3215 776 ;
3254 711 3369 767 htec
3394 713 3504 768 duo
3547 714 3801 783 probans,

2208 796 2351 865 quod
2399 806 2454 851 et
2499 796 2631 852 nihil
2679 814 2850 853 exse
2894 800 3089 854 afferre
3125 811 3395 872 Oporteat,
3441 814 3496 859 et
3539 805 3683 876 quod
3715 822 3805 876 per

2208 902 2431 959 operum
2479 892 2996 946 demonstrationem
3038 892 3165 950 facti
3208 895 3317 949 sint
3358 897 3623 953 certiores
3648 939 3661 962 ,
3695 914 3801 952 non

2207 980 2368 1035 nudis
2423 980 2603 1039 verbis
2636 1001 2648 1027 τ
2683 991 2738 1037 et
2769 982 3023 1053 paulatim
3057 984 3159 1041 fide
3199 985 3417 1057 dignam
3461 987 3661 1044 faciens
3685 1005 3799 1045 ora-

2208 1072 2431 1135 tionem,
2455 1073 2765 1128 universum
2798 1074 3007 1130 reducit
3034 1076 3100 1131 ad
3132 1075 3405 1132 Christum
3432 1119 3448 1136 .
3478 1088 3533 1133 et
3562 1081 3801 1135 ostendit

2205 1179 2270 1219 ex
2304 1163 2389 1219 his
2418 1163 2754 1221 documentis
2797 1167 3001 1221 nullum
3028 1182 3149 1223 esse
3178 1170 3497 1225 humanum.
3554 1171 3690 1238 Quid
3724 1181 3807 1227 est

2205 1267 2405 1324 autem,
2437 1258 2654 1313 Tradidi
2680 1260 2814 1314 enim
2841 1262 2978 1316 vobis
3005 1263 3058 1315 in
3092 1263 3310 1331 primis?
3335 1264 3444 1318 Iloc
3475 1276 3577 1327 cst,
3607 1266 3675 1320 ab
3707 1267 3808 1320 ini-

2206 1349 2303 1431 tio,
2348 1364 2457 1405 non
2489 1366 2652 1405 nunc.
2702 1351 2829 1406 Haec
2874 1361 3053 1407 autem
3082 1354 3212 1409 dicit
3241 1397 3255 1420 ,
3292 1364 3504 1426 tempus
3535 1357 3807 1413 adducens

2206 1442 2258 1495 in
2290 1442 2660 1497 testimonium
2687 1486 2702 1511 ,
2733 1454 2787 1499 et
2808 1444 2951 1514 quod
2984 1446 3217 1500 maxime
3264 1458 3412 1501 esset
3461 1448 3766 1517 pudendum
3789 1491 3804 1513 ,

2206 1548 2328 1588 cum
2358 1544 2564 1588 tantum
2599 1544 2810 1605 tempus
2859 1537 3251 1601 credidissent,
3287 1538 3409 1593 illos
3439 1541 3805 1595 transmutari.

2203 1627 2312 1683 Nec
2339 1628 2440 1682 hoc
2470 1629 2669 1694 solum,
2704 1630 2798 1684 sed
2829 1630 2991 1684 etiam
3020 1631 3211 1700 dogma
3244 1647 3363 1685 esse
3396 1636 3803 1697 necessarium;

2202 1728 2257 1772 et
2304 1718 2425 1773 ideo
2465 1718 2517 1773 in
2564 1721 2752 1790 primis
2800 1720 2895 1775 fuit
2938 1722 3213 1785 traditum,
3267 1732 3320 1777 et
3351 1725 3533 1778 statim
3570 1741 3599 1777 a
3652 1726 3801 1793 prin-

2201 1808 2363 1877 cipio.
2396 1809 2461 1862 Et
2503 1810 2632 1878 quid
2660 1852 2675 1873 ,
2707 1811 2794 1865 dic
2821 1811 3048 1865 obsecro
3069 1855 3083 1875 ,
3116 1811 3427 1866 tradidisti?
3458 1818 3527 1866 At
3563 1829 3667 1867 non
3704 1816 3805 1871 hoc

2202 1900 2382 1952 statim
2409 1900 2560 1967 dicit,
2583 1901 2677 1955 sed
2706 1903 2959 1970 primum,
2985 1918 3044 1958 se
3071 1905 3366 1973 accepisse.
3396 1904 3463 1958 Et
3493 1906 3618 1975 quid
3647 1922 3805 1961 acce-

2202 1992 2365 2060 pisti?
2398 1992 2545 2057 Quod
2574 1992 2806 2047 Christus
2842 2005 3073 2047 mortuus
3101 2004 3172 2047 est
3200 2012 3291 2064 pro
3333 1998 3551 2065 peccatis
3595 1999 3800 2052 nostris.

2202 2081 2317 2136 Non
2346 2084 2528 2136 statim
2572 2084 2748 2149 dixit,
2784 2085 3127 2139 Resurrectio
3158 2095 3242 2141 est
3270 2101 3556 2156 corporum
3589 2102 3805 2144 nosno-

2202 2191 2346 2241 runt,
2376 2177 2469 2231 sed
2502 2178 2603 2231 hoc
2632 2178 2804 2247 ipsum
2858 2178 3073 2248 quidem
3106 2178 3317 2247 probat.
3349 2196 3533 2233 verum
3560 2197 3619 2235 re
3650 2183 3805 2251 longe

2206 2266 2393 2333 petita,
2429 2275 2482 2320 et
2508 2282 2606 2335 per
2632 2268 2759 2331 alia,
2798 2267 3005 2331 dicens,
3041 2268 3273 2323 Christus
3299 2281 3370 2323 est
3407 2282 3672 2336 mortuus;
3695 2289 3807 2326 mum

2201 2373 2388 2427 guunt,
2420 2359 2630 2412 firmum
2663 2375 2726 2412 ac
2756 2356 2947 2415 stabile
2976 2361 3383 2416 fundamentum
3418 2366 3561 2431 prius
3599 2366 3805 2433 jaeiens

2201 2450 2320 2517 ejus
2364 2450 2506 2519 quod
2554 2460 2637 2505 est
2681 2450 2965 2505 dicendum
3013 2451 3081 2506 de
3130 2455 3546 2508 resurrectione.
3608 2454 3798 2526 Neque

2202 2542 2344 2596 enim
2375 2541 2716 2595 solummodo
2738 2542 2875 2596 dixit
2899 2561 2912 2596 :
2936 2541 3182 2597 Christus
3214 2554 3296 2597 est
3318 2554 3581 2608 mortuus,
3611 2548 3803 2601 etiam-

2202 2635 2245 2687 si
2277 2634 2379 2687 hoc
2409 2636 2537 2687 satis
2569 2645 2713 2689 esset
2739 2634 2806 2689 ad
2854 2636 3262 2705 signiﬁcandam
3309 2639 3764 2694 resurreCtionem
3788 2682 3801 2705 ,

2202 2726 2296 2780 sed
2325 2741 2447 2780 cum
2478 2726 2782 2794 adjectione
2809 2769 2823 2793 ,
2854 2728 3087 2783 Christus
3105 2740 3178 2783 est
3206 2740 3434 2783 mortuus
3465 2749 3557 2801 pro
3579 2735 3802 2801 peccatis

2202 2819 2409 2871 nostris.

2276 2911 2468 2964 Contra
2500 2909 2836 2965 Manicha’os.
2864 2941 2934 2952 -
2965 2913 3207 2967 Primum
3246 2922 3425 2967 autem
3471 2929 3650 2982 Operm
3680 2932 3804 2985 pre-

2201 3004 2335 3059 tium
2366 3017 2448 3060 est
2501 3005 2689 3059 audire
2730 3005 2857 3074 quid
2888 3004 2974 3059 hic
3001 3005 3182 3060 dicant
3209 3006 3299 3074 qui
3332 3005 3579 3060 laborant
3610 3007 3805 3062 hwresi

2200 3098 2618 3152 Mattichmorunt
2644 3138 2659 3164 ,
2700 3106 2756 3152 et
2783 3096 3029 3151 veritatis
3054 3098 3255 3152 inimici
3283 3137 3297 3163 ,
3331 3106 3386 3152 et
3416 3098 3506 3166 qui
3547 3113 3668 3152 cum
3700 3114 3798 3152 sua

2203 3200 2441 3261 pugnant
2480 3190 2673 3245 salute.
2704 3190 2844 3257 Quid
2870 3204 3002 3259 ergo
3028 3191 3214 3245 dicunt
3246 3191 3378 3245 isti?
3406 3190 3631 3245 Mortem
3660 3232 3676 3257 ,
3708 3192 3795 3245 in-

2201 3284 2393 3353 quiunt
2418 3325 2433 3349 ,
2461 3282 2549 3337 hic
2575 3282 2708 3337 nihil
2740 3282 2887 3338 aliud
2925 3281 3054 3336 dicit
3080 3283 3276 3337 Paulus
3301 3325 3315 3347 ,
3346 3299 3505 3352 quam
3535 3282 3702 3337 fuisse
3751 3285 3805 3338 itt

2206 3376 2462 3443 peccatis,
2495 3382 2550 3427 et
2577 3374 3031 3427 resurrectionem
3056 3389 3177 3428 esse
3207 3375 3582 3430 liberationem
3616 3391 3643 3429 a
3677 3391 3790 3446 pec-

2204 3466 2359 3518 catis.
2391 3463 2640 3518 Vidistin’
2667 3463 2939 3533 quomodo
2970 3479 3158 3518 errore
3198 3464 3330 3517 nihil
3359 3466 3428 3517 sit
3459 3465 3805 3533 imbecillius,

2204 3566 2259 3610 et
2292 3556 2564 3626 quomodo
2595 3557 2707 3611 suis
2738 3556 2982 3625 capiatur
3006 3556 3219 3625 pennis,
3251 3572 3427 3626 neque
3453 3568 3674 3611 externa
3710 3576 3813 3628 pu-

2203 3666 2305 3721 gna
2349 3664 2482 3721 epos
2529 3650 2621 3717 sit,
2674 3650 2768 3704 sed
2823 3664 2852 3703 a
2902 3652 3081 3719 seipso
3128 3650 3473 3720 conﬁgatur?
3512 3651 3807 3706 Considera

2202 3758 2333 3812 ergo
2370 3741 2641 3812 quomodo
2686 3742 2789 3810 ipsi
2834 3742 3044 3810 seipsos
3083 3744 3424 3797 confixerunt
3472 3758 3569 3811 per
3597 3758 3660 3796 ea
3688 3759 3809 3813 qua:

2204 3834 2481 3888 dixerunt.
2506 3832 2562 3887 Si
2596 3833 2697 3887 hoc
2721 3834 2868 3888 enim
2896 3844 2978 3887 est
3002 3849 3169 3900 mors,
3196 3834 3439 3887 Christus
3467 3844 3647 3889 autem
3681 3849 3808 3889 cor-

2206 3939 2305 3993 pus
2331 3937 2439 3977 non
2463 3924 2691 3992 accepit,
2726 3933 2782 3977 ut
2820 3940 2919 3977 vos
2958 3924 3119 3977 vultis
3146 3964 3162 3990 ,
3192 3933 3436 3977 mortuus
3468 3934 3549 3978 est
3579 3933 3758 3979 autem
3793 3944 3804 3979 :

2207 4017 2258 4070 in
2299 4024 2518 4083 peccato
2566 4014 2663 4068 fuit
2695 4057 2709 4079 ,
2753 4014 3050 4069 secundum
3096 4031 3214 4070 vos.
3248 4014 3380 4069 Nam
3438 4030 3538 4087 ego
3588 4017 3808 4085 quidem

2206 4107 2327 4161 dico
2373 4104 2515 4176 quod
2564 4120 2761 4174 corpus
2802 4106 3113 4175 acceperit,
3146 4115 3202 4160 et
3243 4115 3473 4159 mortem
3521 4106 3642 4160 dico
3688 4122 3810 4161 esse

2206 4197 2384 4252 carnis
2418 4216 2430 4251 :
2460 4207 2511 4250 tu
2541 4207 2719 4249 autem
2751 4197 2853 4249 hoc
2885 4212 3088 4267 negans
3109 4237 3122 4261 ,
3154 4195 3285 4249 illud
3321 4197 3630 4249 necessario
3659 4197 3809 4249 diens

2206 4297 2443 4357 oportet.
2476 4288 2531 4341 Si
2575 4297 2755 4343 autem
2798 4288 2895 4341 fuit
2943 4288 2997 4341 itt
3040 4297 3262 4356 peccato
3289 4328 3304 4351 ,
3337 4289 3608 4355 quomodo
3638 4289 3800 4345 dicit.

2211 4380 2341 4443 Quis
2376 4396 2440 4433 ea:
2481 4379 2617 4433 vobis
2644 4389 2819 4449 arguet
2845 4395 2925 4431 me
2949 4380 3011 4431 de
3056 4390 3258 4447 peccato
3284 4378 3461 4447 (Joan.
3489 4380 3540 4433 8.
3576 4382 3666 4451 46)
3688 4381 3710 4433 ?
3733 4390 3806 4445 it,

2220 4473 2367 4527 Venit
2399 4473 2634 4543 princeps
2666 4473 2821 4541 hujus
2848 4471 3025 4524 mundi
3052 4511 3068 4537 ,
3098 4482 3143 4524 et
3170 4473 3221 4525 in
3252 4488 3328 4524 me
3354 4488 3452 4525 non
3486 4473 3632 4527 habet
3661 4474 3811 4540 quid-

2208 4583 2362 4635 quam
2415 4564 2543 4638 (Id.
2586 4564 2673 4619 Η.
2723 4563 2871 4631 50);
2920 4572 2976 4617 et
3006 4578 3192 4617 rursus
3219 4604 3235 4629 ,
3283 4562 3374 4617 Sic
3405 4580 3496 4617 nos
3526 4565 3666 4617 decet
3712 4566 3811 4617 int.

2209 4657 2348 4726 plere
2377 4673 2578 4711 omnem
2596 4656 2853 4725 justitiam
2884 4654 2901 4724 (
2926 4654 3116 4707 Matth.
3147 4658 3201 4710 3.
3239 4655 3305 4710 l5
3327 4655 3371 4725 ).
3402 4654 3683 4722 Quomodo
3712 4670 3809 4709 au-

2210 4758 2316 4802 tem
2345 4756 2429 4802 est
2460 4746 2680 4801 omnino
2730 4755 2974 4800 mortuus
3018 4760 3117 4815 pro
3160 4748 3537 4815 peccatoribus
3562 4788 3575 4811 ,
3620 4748 3662 4800 si
3693 4748 3810 4815 ipse

2208 4840 2305 4893 fuit
2332 4840 2385 4893 in
2412 4838 2641 4908 peccatis
2665 4839 2687 4891 ?
2712 4837 2844 4891 Nam
2875 4852 3021 4902 eum,
3050 4837 3140 4905 qui
3168 4837 3396 4891 moritur
3420 4848 3803 4907 pro-peceato-

2208 4929 2390 4992 ribus,
2420 4936 2633 4997 oportet
2658 4926 2788 4981 nulli
2824 4935 3045 4996 peccato
3071 4941 3193 4981 esse
3218 4926 3513 4981 obnoxium
3546 4949 3559 4983 :
3591 4930 3634 4983 si
3659 4930 3807 4983 enini

2211 5023 2322 5092 ipse
2350 5021 2510 5075 etiam
2538 5028 2743 5090 peccat,
2766 5018 3038 5089 quomodo
3064 5019 3325 5073 morietur
3356 5034 3452 5087 pro
3478 5020 3595 5074 aliis
3620 5035 3809 5090 pecca-

2212 5113 2456 5168 toribus?
2484 5112 2539 5165 Si
2571 5121 2751 5165 autem
2780 5119 2863 5165 est
2890 5120 3135 5163 mortuus
3162 5124 3261 5179 pro
3290 5115 3523 5179 peccatis
3554 5111 3808 5177 aliorum,

2210 5216 2455 5263 mortuus
2487 5215 2569 5259 est
2608 5220 2729 5259 cum
2776 5204 2907 5259 nulli
2952 5213 3097 5257 esset
3141 5212 3366 5272 peccato
3405 5202 3667 5256 obnoxius
3700 5220 3714 5256 :
3764 5204 3809 5257 si

2209 5311 2389 5353 autem
2418 5306 2497 5350 est
2531 5304 2775 5349 mortuus
2802 5309 2922 5348 cum
2964 5301 3109 5348 esset
3138 5293 3257 5347 sine
3296 5300 3517 5361 peccato
3540 5334 3555 5355 ,
3590 5308 3694 5346 non
3727 5303 3811 5347 est

2211 5396 2456 5442 mortuus
2506 5394 2676 5439 morte
2726 5383 2997 5454 peccati,(
3022 5382 3294 5453 quomodo
3335 5383 3519 5447 enim,
3553 5384 3604 5437 in
3645 5398 3809 5452 quem

2212 5481 2413 5535 nullum
2458 5478 2682 5533 cadebat
2714 5485 2989 5546 peccatum
3006 5474 3052 5547 Ἰ)
3103 5474 3198 5530 sed
3238 5484 3411 5529 morte
3440 5474 3705 5543 corporis.
3744 5474 3811 5529 Et

2211 5574 2332 5627 ideo
2360 5572 2556 5627 Paulus
2586 5586 2693 5624 non
2716 5570 2850 5622 dixit
2877 5567 3049 5621 solum
3082 5584 3096 5623 :
3132 5566 3222 5621 Est
3251 5577 3499 5630 mortuus,
3530 5564 3626 5618 sed
3658 5566 3812 5619 addi-

2209 5664 2313 5727 dit,
2349 5661 2456 5716 Pro
2490 5661 2705 5731 peccatis
2732 5660 2953 5723 nostris;
2984 5668 3038 5714 et
3066 5673 3186 5713 cum
3216 5657 3298 5711 vel
3327 5655 3522 5711 invitos
3541 5656 3808 5726 coegisset

2213 5755 2363 5810 fateri
2399 5765 2625 5811 mortem
2676 5752 3010 5822 corporalem
3040 5769 3053 5816 ;
3089 5764 3185 5819 per
3213 5748 3316 5803 hoc
3338 5746 3632 5804 ostendens
3660 5747 3812 5803 illum
