4038 6216
249 300 358 356 5g;
1218 301 1286 355 IN
1318 301 1534 358 EPIST.
1573 303 1593 358 ι
1634 301 1727 358 AD
1758 302 1918 359 con.
1959 304 2198 363 HOMIL.
2242 310 2530 372 xxxvm.

244 418 405 472 τοῦτο
457 415 552 468 καὶ
596 415 647 466 οἱ
673 413 963 468 ἀπόστολοι
990 414 1249 480 ἅπαντες.
1289 419 1360 469 "0
1397 417 1494 471 καὶ
1531 417 1842 486 εὐηγγελι-

244 509 472 577 σάμην,
502 506 534 559 ὃ
562 506 664 558 καί
689 505 1088 574 παρελάϐετε,
1116 508 1185 560 ἐν
1204 494 1255 568 ᾧ
1283 509 1382 562 καὶ
1406 507 1726 577 ἑστήκατε,
1766 507 1840 561 δι’

241 595 316 654 οὗ
363 598 468 653 καί
507 596 790 663 σώζεσθε,
818 598 937 652 τίνι
965 601 1129 669 λόγῳ
1156 600 1651 670 εὐηγγελισάμην
1673 602 1839 669 ὑμῖν,

242 695 295 745 εὶ
328 689 635 759 κατέχετε·
670 691 848 758 ἐκτὸς
875 693 928 745 εὶ
957 691 1046 760 μὴ
1076 691 1210 760 εικῆ
1236 691 1656 745 ἐπιστεύσατε.
1685 687 1843 755 Εἶδες

243 781 361 843 πῶς
386 779 587 845 αὐτοὺς
613 781 773 835 καλεῖ
800 782 1088 855 μάρτυρας
1117 781 1226 835 τῶν
1254 781 1600 850 εἰρημένων;
1633 782 1746 834 Kal
1777 782 1839 834 οὐ

241 872 410 939 λέγει,
452 873 519 925 ⁸0
563 872 858 942 ἠκούσατε,
914 873 1054 938 ἀλλ’,
1095 876 1166 927 Ὃ
1211 873 1601 942 παρελάϐετε,
1648 873 1840 944 ῶσπερ

240 963 364 1016 τινὰ
386 963 868 1036 παρακαταθήκην
895 966 1095 1029 αὐτοὺς
1126 965 1397 1030 ἀπαιτῶν,
1430 967 1525 1019 καὶ
1547 964 1727 1037 δηλῶν
1756 966 1839 1018 ὅτι

239 1053 301 1105 οὐ
330 1053 476 1125 λόγῳ
510 1055 695 1124 μόνον,
732 1055 872 1108 ἀλλά
901 1057 996 1108 καὶ
1028 1056 1095 1108 δι’
1125 1056 1305 1126 ἔργων
1342 1058 1437 1110 καὶ
1467 1057 1711 1128 σημείων
1742 1058 1838 1109 καὶ

241 1143 534 1214 θαυμάτων
563 1146 700 1199 αὐτὸ
727 1148 1034 1217 παρέλαϐον
1097 1149 1192 1202 καὶ
1245 1149 1330 1202 ἵνα
1378 1149 1653 1220 κατέχωσι
1699 1149 1834 1218 μετὰ

240 1235 562 1305 ἀσφαλείας.

315 1391 379 1460 β’.
414 1390 548 1449 Εἶτα
575 1397 762 1466 ἐπειδὴ
789 1397 856 1449 τά
890 1399 1096 1452 παλαιά
1122 1399 1300 1467 ἔλεγε,
1338 1401 1432 1454 καὶ
1465 1402 1557 1455 τὸν
1587 1403 1833 1473 παρόντα

238 1487 504 1556 ἐπέστησε
537 1488 729 1562 χρόνον
759 1487 949 1549 είπὼν,
968 1490 1072 1542 Ἐν
1094 1484 1143 1556 ᾧ
1167 1491 1263 1543 καί
1280 1492 1602 1558 ἑστήκατε,
1629 1511 1832 1564 προκα-

237 1560 598 1648 ταλαμϐάνων
632 1581 850 1645 αὐτοὺς,
881 1581 959 1644 ὡς
990 1582 1146 1651 μηδὲ,
1172 1587 1219 1637 εί
1248 1585 1455 1656 σφόδρα
1488 1560 1825 1656 βουληθεῖεν,

236 1667 578 1736 ἀρνήσασθαι
612 1669 930 1741 δυνηθῆναι.
966 1672 1058 1724 Διὸ
1095 1674 1192 1726 καὶ
1214 1675 1519 1746 ἀρχόμενος
1545 1678 1646 1730 οὐκ
1680 1674 1823 1743 εἶπε,

233 1744 481 1813 Διδάσκω
508 1761 674 1831 ὑμᾶς,
708 1763 867 1829 ἀλλά,
916 1765 1188 1835 Γνωρίζω
1224 1744 1390 1838 ὗμῖν,
1431 1769 1491 1822 τὸ
1524 1770 1624 1842 ’ήδη
1665 1771 1826 1841 δῆλον

233 1850 545 1921 γενόμενον.
575 1854 685 1906 Kal
709 1854 826 1918 πῶς
851 1858 978 1918 τοὺς
996 1858 1391 1930 σαλευομένους
1413 1863 1634 1917 ἑστάναι
1653 1864 1786 1934 φησί
1807 1882 1822 1929 ;

235 1941 620 2010 Προσποιεῖται
671 1944 898 2013 ἄγνοιαν
942 1953 1374 2022 συμφερόντως·
1409 1955 1546 2025 ὅπερ
1595 1956 1689 2008 καὶ
1730 1957 1824 2009 ἐπὶ

232 2029 487 2086 Γαλατῶν
522 2037 685 2100 ποιεῖ,
709 2036 826 2089 ἀλλ’
853 2039 951 2108 οὐχ
980 2041 1201 2108 ὁμοίως.
1247 2043 1466 2114 Ἐπειδὴ
1497 2050 1564 2113 γά
1575 2064 1606 2116 ρ
1630 2049 1730 2101 οὐκ
1753 2044 1823 2117 ἦν

230 2123 452 2190 ἄγνοιαν
493 2127 614 2178 ἐκεῖ
653 2131 1155 2198 προσποιήσασθαι,
1185 2133 1392 2204 ἑτέρως
1424 2137 1703 2206 μεθοδεύει
1731 2141 1821 2194 τὸν

231 2214 384 2281 λόγον
434 2215 630 2282 λέγων·
674 2219 938 2273 Πέποιθα
966 2221 1035 2273 δὲ
1062 2225 1152 2288 είς
1184 2225 1342 2293 ὑμᾶς
1376 2227 1448 2280 ἐν
1479 2231 1696 2296 Κυρίῳ,
1728 2232 1820 2286 ὅτι

229 2302 410 2356 οὐδὲν
435 2305 592 2358 ἄλλο
616 2309 975 2377 φρονήσετε.
1007 2314 1120 2366 Οὐκ
1152 2309 1329 2382 εἶπεν,
1363 2318 1485 2371 Ὅτι
1509 2322 1662 2375 οὐδὲν
1689 2324 1820 2377 ἄλλο

228 2394 586 2466 ἑφρονήσατε,
610 2399 800 2472 ἐπειδὴ
823 2401 1248 2475 ὡμολογημένον
1272 2404 1339 2480 ἦν
1362 2411 1540 2464 αὐτῶν
1561 2413 1621 2466 τὸ
1643 2417 1820 2486 παρά-

227 2503 424 2556 πτωμα
449 2489 545 2542 καὶ
574 2493 899 2563 κατάδηλον,
923 2495 1060 2548 ἀλλά
1082 2497 1143 2549 τὺ
1171 2499 1366 2568 μέλλον
1392 2503 1680 2571 ἐγγυᾶται·
1705 2509 1821 2561 καί·

224 2593 303 2630 τοι
339 2580 434 2631 καὶ
467 2580 624 2633 τοῦτο
656 2582 876 2652 ἄδηλον·
916 2585 1144 2639 ἀλλ’ἵνα
1201 2591 1396 2655 αὐτοὺς
1447 2595 1816 2668 ἑφελκύσηται

226 2669 510 2738 μειζόνως.
545 2672 812 2724 Ἐνταῦθα
843 2675 1027 2741 μέντοι
1068 2679 1162 2730 καὶ
1192 2686 1570 2749 προσποιεῖται
1602 2687 1816 2754 ἀγνοεῖν

224 2761 416 2828 λέγων,
448 2764 552 2814 Ἐν
580 2761 626 2826 ᾦ
651 2764 749 2816 καὶ
777 2765 1098 2831 ἑστήκατε.
1140 2767 1272 2823 Εἶτα
1301 2773 1361 2825 τὸ
1384 2776 1594 2846 κέρδος,
1625 2781 1707 2832 Δι’
1740 2778 1812 2837 οὗ

221 2852 320 2905 καὶ
371 2851 655 2918 σώζεσθε,
717 2855 834 2910 τίνι
894 2860 1056 2926 λόγῳ
1108 2864 1602 2937 εὐηγγελισάμην
1647 2872 1810 2941 ὑμῖν.

221 2941 384 2994 Ὥστε
417 2945 717 3010 σαφηνείας
746 2946 894 3000 ἐστὶν
934 2951 965 3021 ή
994 2951 1314 3010 διδασκαλία
1343 2957 1482 3031 αὕτη
1525 2964 1558 3031 ἡ
1593 2962 1688 3015 νῦν
1719 2965 1814 3018 καὶ

219 3033 627 3106 ἑρμηνείας.οὐ
645 3037 753 3110 γάρ
770 3041 902 3093 αὐτὸ
919 3042 1096 3097 δεῖσθε
1114 3046 1175 3098 τὸ
1193 3047 1393 3117 δόγμα,
1415 3053 1568 3122 φησὶ,
1593 3049 1808 3124 μαθεῖν,

219 3125 333 3179 ἀλλ’
369 3126 787 3200 ὑπομνησθῆναι
830 3131 924 3184 καὶ
971 3132 1353 3206 διορθωθῆναι.
1401 3140 1589 3194 Ταῦτα
1626 3144 1682 3195 δὲ
1721 3146 1810 3199 λέ-

217 3234 328 3286 γει,
354 3220 454 3272 οὑκ
482 3221 666 3290 ἀφιεὶς
689 3223 884 3287 αὐτοὺς
912 3227 1341 3303 ἀναισχυντῆσαι
1366 3235 1642 3302 καθάπαξ.
1669 3239 1734 3292 Τί
1753 3240 1810 3293 δέ

217 3311 356 3374 ἑστι,
385 3311 506 3364 Τίνι
533 3313 694 3382 λόγῳ
721 3316 1216 3390 εὐηγγελισάμην
1237 3325 1417 3393 ὐμῖν;
1451 3327 1597 3398 Ποίῳ
1619 3331 1808 3402 τρόπῳ

215 3396 390 3467 εἷπον,
427 3404 583 3472 φησὶ,
609 3404 711 3475 τὴν
748 3407 1048 3463 ἀνάστασιν
1086 3413 1368 3482 γίνεσθαι;
1407 3417 1529 3470 Ὅτι
1699 3396 1808 3495 γὰρ

216 3492 373 3565 [552]
394 3495 542 3549 ἑστιν
572 3496 892 3564 ἀνάστασις,
922 3502 1022 3554 οὐκ
1054 3504 1119 3556 ἂν
1153 3506 1321 3576 φαίην
1348 3509 1492 3578 ὑμᾶς
1527 3492 1806 3581 ἀμφιϐἀλζ

215 3583 351 3636 λειν·
383 3585 599 3655 ζητεῖτε
631 3589 690 3642 δὲ
725 3589 856 3652 ἴσως
888 3592 1082 3660 μαθεῖν
1119 3597 1452 3669 σαφέστερον
1481 3602 1541 3654 τὸ
1575 3605 1804 3676 είρημέι

213 3691 324 3727 νον.
363 3676 537 3730 Τοῦτο
565 3679 630 3750 δὴ
666 3681 758 3733 καὶ
788 3681 1023 3750 ποιήσω·
1062 3688 1157 3739 καὶ
1190 3689 1299 3758 γάρ
1335 3687 1452 3744 οἴδα
1483 3695 1691 3762 σαφῶς,
1722 3699 1804 3751 ὅτι

209 3767 272 3820 τὸ
301 3767 481 3840 δόγμα
516 3773 795 3842 κατέχετε.
822 3770 958 3827 Εἶτα
991 3779 1179 3851 ἐπειδὴ
1216 3782 1652 3855 ἀποφαινόμενος
1684 3790 1802 3843 ἕλε-

207 3876 330 3929 γεν,
371 3861 472 3915 Ἐν
500 3855 549 3928 ᾧ
580 3863 682 3916 καὶ
716 3863 1037 3932 ἑστήκατε,
1075 3870 1160 3922 ἵνα
1189 3871 1264 3942 μὴ
1288 3872 1464 3946 ταύτῃ
1491 3878 1800 3948 ῥᾳθυμοτέ-

210 3967 341 4020 ρους
364 3954 590 4023 ποιήσῃ,
621 3953 779 4022 φοϐεῖ
799 3957 961 4010 πάλιν
1000 3960 1196 4025 αὐτοὺς
1220 3963 1392 4032 λέγων
1411 3979 1428 3995 ·
1459 3971 1529 4021 El
1557 3970 1802 4038 κατέχε-

203 4060 290 4109 τε,
319 4043 494 4108 ὲκτὸς
522 4047 576 4097 εί
599 4044 687 4113 μὴ
709 4045 842 4115 είκῆ
867 4049 1288 4107 ἐπιστεύσατε·
1321 4056 1535 4123 δεικνὺς
1565 4062 1646 4114 ὅτι
1672 4065 1800 4134 περὶ

202 4134 266 4185 τὸ
299 4135 601 4201 κεφάλαιον
633 4137 666 4206 ἡ
702 4137 907 4210 πληγὴ,
937 4143 1033 4194 καὶ
1064 4145 1165 4214 οὐχ
1207 4147 1346 4218 ὑπὲρ
1375 4151 1486 4204 τῶν
1524 4156 1798 4223 τυχόντων

199 4229 231 4278 ὁ
266 4225 441 4293 ἀγὼν,
471 4225 588 4278 ἀλλ’
627 4227 768 4297 ὑπὲρ
795 4230 1090 4302 ὁλοκλήρου
1121 4235 1219 4305 τῆς
1253 4239 1508 4305 πίστεως.
1552 4247 1663 4298 Καὶ
1702 4245 1822 4303 νῦν

201 4318 308 4386 μὲν
338 4317 765 4388 ὑπεσταλμένως
788 4320 920 4373 αὑτό
945 4339 1099 4392 φησι,
1134 4329 1341 4396 προῖὼν
1371 4331 1427 4382 δὲ
1453 4337 1546 4386 καὶ
1575 4337 1794 4410 διαθερ-

203 4410 556 4478 μαινόμενος,
584 4415 764 4483 γυμνῇ
801 4412 986 4467 λοιπὸν
1016 4419 1082 4488 τῇ
1119 4421 1328 4492 κεφαλῇ
1368 4423 1467 4494 βοᾷ
1497 4428 1592 4480 καὶ
1621 4429 1787 4498 λέγει·
1832 4445 1836 4449 ·

199 4501 272 4553 ει
308 4499 380 4551 δὲ
409 4504 664 4570 Χριστὸς
701 4507 814 4559 οὐκ
842 4506 1174 4576 ἐγήγερται,
1209 4516 1390 4568 κενὸν
1421 4517 1535 4585 ἄρα
1576 4521 1642 4574 τὸ
1681 4524 1757 4595 κή
1779 4555 1794 4568 -

190 4605 399 4658 purga
426 4590 615 4658 ἡμῶν,
640 4595 787 4661 κενὴ
817 4597 885 4649 δὲ
909 4599 1008 4652 καὶ
1034 4601 1071 4669 ἡ
1101 4603 1307 4671 πίστις
1329 4607 1514 4676 ὑμῶν,
1544 4611 1632 4667 ἔτι
1651 4590 1793 4671 ἐστὲ

198 4685 270 4739 ἐν
311 4680 444 4746 ταῖς
474 4680 790 4748 ἁμαρτίαιρ
826 4689 1014 4754 ὑμῶν.
1062 4693 1205 4747 Ἀλλ’
1242 4698 1298 4749 ἑν
1337 4702 1644 4772 προοιμίοις
1691 4710 1790 4780 οὐχ

196 4775 397 4836 οὕτως·
423 4771 568 4825 οὕτω
595 4771 702 4841 γὰρ
723 4776 995 4868 χρήσιμον
1015 4777 1083 4850 ἦν
1106 4786 1290 4856 ἠρέμα
1311 4793 1403 4844 καὶ
1428 4797 1569 4849 κατὰ
1593 4771 1789 4868 μικρὸν

199 4865 474 4939 προϊέναι.
510 4863 834 4932 Παρέδωκα
861 4865 972 4936 γὰρ
1009 4871 1156 4938 ὑμῖν
1202 4876 1274 4929 ἐν
1302 4863 1648 4953 πρώτοιςξὸ
1690 4892 1789 4944 καὶ

199 4957 570 5025 παρέλαϐον.
602 4957 677 5010 Οὐ
711 4956 859 5026 λέγει
887 4958 1010 5011 οὐδὲ
1038 4962 1294 5029 ἐνταῦθα,
1319 4969 1400 5022 ὃτι
1435 4970 1601 5030 Εἶπον
1635 4980 1784 5049 ὑμῖν,

199 5047 348 5110 οὐδὲ,
393 5047 639 5112 Ἐδίδαξα
671 5050 834 5119 ὑμᾶς,
873 5049 1008 5104 ἀλλά
1049 5054 1115 5124 τῇ
1160 5054 1297 5128 αὐτῇ
1335 5060 1598 5134 κέχρηται
1644 5047 1786 5137 λέξει

202 5135 392 5196 πάλιν,
419 5136 740 5202 Παρέδωκα
784 5141 948 5210 ὑμῖν,
980 5141 1174 5212 λέγων,
1210 5147 1242 5198 ὃ
1281 5148 1384 5201 καὶ
1418 5135 1781 5221 παρέλαϐον.

199 5228 340 5284 Οὐδὲ
368 5225 604 5280 ἐνταῦθα
630 5229 730 5299 ἐμὲ
759 5232 1074 5307 διδαχθῆναί
1109 5253 1294 5308 φησιν,
1327 5240 1485 5310 ἀλλά,
1513 5249 1784 5316 Παρέλα-

197 5323 330 5375 σον·
373 5316 469 5371 δύο
503 5316 678 5371 ταῦτα
702 5327 1152 5396 κατασκευάζων,
1183 5331 1264 5383 ὅτι
1299 5348 1359 5384 τε
1394 5335 1543 5389 οὐδὲν
1573 5340 1785 5399 οἴκοθεν

197 5410 520 5479 ἐπεισάγειν
543 5407 642 5471 δεῖ,
679 5409 774 5463 καὶ
807 5411 890 5464 ὅτι
914 5417 1053 5484 μετά
1080 5419 1408 5487 ἀποδείξεως
1438 5423 1540 5494 τῆς
1565 5427 1652 5482 διά
1675 5434 1783 5488 τῶν

195 5502 381 5573 ἔργων
419 5501 964 5574 ἑπληροφορήθησαν,
998 5510 1058 5560 οὐ
1085 5511 1266 5582 λόγοις
1292 5515 1486 5585 ψιλοῖς·
1522 5521 1616 5572 καὶ
1641 5527 1780 5579 κατά

199 5594 401 5666 μικρὸν
433 5593 743 5662 ἀξιόπιστον
773 5597 867 5652 τὸν
905 5598 1063 5669 λόγον
1109 5607 1300 5675 ποιῶν,
1330 5609 1391 5662 τὸ
1430 5611 1536 5664 πᾶν
1576 5614 1656 5677 είς
1689 5617 1780 5671 τὸν

3435 340 3543 394 521-

1951 422 2188 492 Χριστὸν
2215 427 2427 498 ἀνάγει,
2466 434 2557 486 καὶ
2593 435 2869 493 δείκνυσιν
2901 443 3057 499 οὐδὲν
3090 449 3297 505 τούτων
3332 455 3540 529 ἀνθρὼ-

1951 532 2104 568 πινον
2143 518 2202 570 ὃν
2230 521 2340 575 τῶν
2377 523 2687 597 δογμάτων.
2718 533 2782 584 Τί
2812 535 2868 588 δέ
2904 537 3045 600 ἐστι,
3070 543 3395 609 Παρέὸωκα
3427 518 3540 620 γὰρ

1947 603 2092 672 ὑμῖν
2120 606 2190 659 ἐν
2222 611 2501 701 πρώτοις,
2535 619 2733 690 φησίν;
2777 625 2865 692 Ἐξ
2890 627 3088 701 ἀρχῆς,
3116 603 3179 685 οῦ
3213 634 3331 690 νῦν.
3351 603 3538 695 Ταῦτά

1945 695 2002 748 δὲ
2028 696 2174 800 λέέει
2209 700 2301 755 τὸν
2327 707 2519 775 χρόνον
2548 714 2814 783 παράγων
2838 695 3111 791 μάρτυρα,
3139 724 3232 777 καὶ
3262 726 3344 779 ὅτι
3373 730 3540 800 ἐσχά-

1945 805 2048 859 της
2077 786 2147 861 ἦν
2192 796 2458 868 αἰσχύνης
2520 803 2779 861 τοσοῦτον
2825 786 3033 880 χρόνον-
3067 786 3390 883 πεισθέντας
3437 786 3536 878 ξῦν

1949 883 2352 951 μετατίθεσθαι·
2420 893 2512 945 καὶ
2568 896 2632 948 οὐ
2692 899 2852 954 τοῦτο
2914 903 3098 974 μόνον,
3139 909 3277 962 ἀλλά
3311 913 3410 965 ὅτι
3438 914 3533 967 καὶ

1945 975 2242 1044 ἀναγκαῖον
2291 980 2350 1032 τὸ
2377 981 2586 1055 δόγμα·
2625 988 2706 1041 διὸ
2747 993 2840 1045 καὶ
2873 997 2932 1048 ὲν
2962 1005 3200 1068 πρώτοις
3233 1006 3526 1076 παρεδόθη,

1945 1067 2040 1120 καὶ
2068 1069 2132 1121 ἑκ
2160 1074 2464 1143 προοιμίων
2497 1077 2718 1143 εὐθέως.
2752 1084 2862 1138 Καὶ
2912 1089 2966 1140 τί
3011 1067 3375 1164 παρέδωκας;
3410 1067 3531 1154 εἰπέ

1947 1176 2060 1230 μοι.
2117 1161 2257 1214 Ἀλλ’
2295 1164 2356 1217 οὐ
2387 1165 2536 1235 λέγει
2567 1169 2725 1225 τοῦτο
2754 1174 2976 1242 εὐθέως.
3011 1161 3148 1237 ἀλλά
3187 1161 3421 1257 πρῶτον,
3449 1193 3529 1246 ὅτι

1945 1253 2272 1323 παρέλαϐον.
2306 1257 2417 1310 Kal
2460 1261 2514 1313 τί
2545 1265 2888 1337 παρέ·λαϐες;
2930 1273 3058 1326 Ὅτι
3109 1253 3366 1346 Χριστὸς
3416 1286 3530 1337 ἀπ-

1938 1341 2156 1398 έθανεν
2187 1346 2339 1416 ὑπὲρ
2371 1349 2491 1404 τῶν
2522 1353 2826 1423 ἁμαρτιῶν
2863 1362 3050 1433 ἡμῶν.
3098 1370 3210 1424 Οὐκ
3253 1368 3406 1425 εἶπεν
3440 1379 3529 1429 εὑ-

1939 1432 2099 1502 θέως,
2128 1438 2209 1490 ὄτι
2246 1440 2571 1510 Ἀνάστασίς
2604 1449 2720 1503 ἐστι
2749 1453 2858 1506 τῶν
2893 1458 3162 1528 σωμάτων
3197 1464 3375 1533 ἡμῶν,
3410 1467 3526 1521 ἀλλ’

1937 1526 2071 1579 αὐτὸ
2103 1530 2205 1598 μὲν
2247 1529 2341 1586 οὖν
2380 1536 2538 1589 τοῦτο
2568 1548 2989 1615 κατασκευάζει,
3027 1553 3309 1624 πόρρωθεν
3345 1559 3401 1611 δὲ
3432 1563 3526 1615 καὶ

1934 1617 2003 1668 δι’
2023 1619 2247 1689 ἑτέρων,
2281 1623 2477 1693 λέγων,
2510 1630 2591 1684 ὄτι
2619 1635 2876 1704 Χριστὸς
2907 1617 3191 1708 ἀπέθανε,
3219 1649 3311 1701 καὶ
3349 1653 3522 1719 μεγά-

1933 1707 2031 1779 λην
2054 1713 2174 1766 τινὰ
2207 1720 2448 1785 κρηπῖδα
2479 1724 2574 1774 καὶ
2603 1723 2858 1796 θεμέλιον
2879 1733 3104 1808 ἀρραγῆ
3134 1707 3522 1810 προκαταϐἀλ-

1931 1800 2157 1872 λόμενος
2203 1807 2296 1860 τοῦ
2340 1814 2468 1883 περὶ
2502 1816 2601 1886 τῆς
2627 1800 2980 1889 ἀναστάσεως
3015 1800 3196 1897 λόγουζ
3235 1836 3369 1888 Οὐδὲ
3413 1840 3521 1911 γὰρ

1930 1895 2119 1959 ἁπλῶς
2163 1895 2338 1967 εἶπεν,
2387 1906 2470 1959 ὅτι
2514 1909 2785 1966 ἀπέθανεν
2829 1917 2857 1968 ό
2905 1895 3162 1990 Χριστδς,
3199 1927 3375 1999 καίτοι

1927 1989 2087 2043 τοῦτο
2135 1993 2340 2063 ἀρκοῦν
2387 1999 2626 2070 δηλῶσαι
2683 2008 2783 2070 τὴν
2830 2010 3148 2079 ἀνάστασιν,
3194 2017 3328 2073 ἀλλά
3379 2024 3518 2090 μετά

1928 2081 2271 2153 προσθήκης,
2293 2087 2374 2140 ὅτι
2399 2091 2655 2159 Χριστὸς
2685 2096 2990 2155 ἀπέθανεν
3017 2106 3166 2175 ὑπὲρ
3195 2107 3310 2162 τῶν
3334 2081 3517 2182 ἀμαρ-

1926 2170 2069 2222 τιῶν
2107 2174 2143 2238 ἡ
2143 2176 2299 2241 μῶν.

1995 2328 2220 2398 Πρῶτον
2254 2333 2310 2386 δὲ
2357 2336 2507 2400 ἀξιον
2539 2339 2772 2397 ἀκοῦσαι
2806 2347 2874 2401 τί
2903 2348 3152 2418 λέγουσιν
3185 2357 3417 2413 ἐνταῦθα
3463 2367 3512 2416 oi

1923 2418 1992 2472 τά
2031 2421 2348 2492 Μανιχαίων
2391 2430 2694 2499 νοσοῦντες,
2734 2419 2838 2490 καῖ
2862 2441 2959 2511 τῆς
3009 2444 3268 2515 ἀληθείας
3303 2452 3509 2524 ἐχθροὶ,

1924 2511 2018 2563 καὶ
2043 2514 2108 2583 τῇ
2136 2515 2312 2586 οίκείᾳ
2337 2518 2701 2590 πολεμοῦντες
2729 2535 2990 2604 σωτηρίᾳ,
3027 2537 3091 2590 Τί
3121 2536 3214 2592 οὖν
3252 2536 3396 2596 οὗτοι
3432 2547 3514 2600 λέο

1923 2617 2119 2667 γουσι;
2156 2604 2397 2660 Θάνατον
2433 2613 2686 2680 ἐνταῦθα,
2731 2622 2918 2689 φησὶν,
2951 2626 3104 2678 οὐδὲν
3142 2629 3272 2684 ἄλλο
3305 2633 3452 2701 λέγει
3484 2640 3511 2690 ὁ

1923 2692 2154 2759 Παῦλος,
2190 2697 2221 2765 ἥ
2246 2698 2306 2750 τὸ
2327 2701 2385 2752 ἑν
2418 2704 2664 2779 ἁμαρτίᾳ
2699 2711 2974 2779 γενέσθαι,
3004 2721 3097 2770 καὶ
3125 2692 3420 2777 ἀνάστασιν
3451 2730 3510 2782 τὸ

1918 2783 2028 2834 τῶν
2052 2785 2336 2856 ἁμαρτιῶν
2363 2794 2767 2869 ἀπαλλαγῆναι.
2799 2802 2952 2870 Εἶδες
2980 2809 3095 2873 πῶς
3125 2813 3276 2869 οὐδὲν
3301 2818 3508 2890 πλάνης

3077 2872 3086 2873 ,
3421 2872 3424 2873 ν
3465 2872 3505 2890 ..

1919 2872 2340 2946 ἀσθενέστερον;
2367 2881 2477 2933 Kal
2507 2886 2623 2947 πῶς
2659 2891 2773 2951 τοῖς
2808 2895 3032 2960 οἰκείοις
3063 2901 3344 2959 ἁλίσκεται
3375 2924 3507 2960 πτε-

1925 2969 2056 3035 ροῖς,
2095 2970 2188 3022 καὶ
2232 2973 2290 3024 οὺ
2336 2973 2504 3029 δεῖται
2547 2980 2645 3050 τῆς
2689 2981 2889 3047 ἔξωθεν
2942 2991 3142 3061 μάχης,
3182 2997 3300 3050 ἀλλ’
3339 3002 3504 3076 ἑαυτῇ

3023 3058 3052 3060 τί
3079 3058 3088 3061 -
3478 3058 3504 3076 η

1919 3058 2331 3128 περιπείρεται,
2364 3065 2563 3120 Σκόπει
2614 3072 2745 3138 γοῦν
2790 3079 2881 3130 καὶ
2921 3077 3067 3135 οὗτοι
3122 3085 3240 3152 πῶς
3280 3091 3505 3158 ἑαυτοὺς

1917 3147 2209 3220 διέπειρον,
2245 3155 2312 3206 δι’
2339 3151 2414 3209 ὧν
2444 3162 2750 3234 εἰρήκασιν.
2808 3171 2871 3224 Εἰ
2904 3173 3012 3245 γὰρ
3055 3178 3211 3232 τοῦτο
3251 3181 3500 3250 θάνατος,

1918 3242 2078 3312 σῶμα
2103 3245 2159 3297 δὲ
2181 3247 2279 3298 οὐκ
2310 3249 2468 3305 ἔλαϐε
2500 3256 2622 3308 καθ’
2648 3259 2792 3328 ὑμᾶς
2814 3264 2842 3315 ὀ
2871 3242 3127 3333 Χριστὸς,
3157 3273 3394 3327 ἀπέθανε

1914 3334 1972 3385 ἐν
2012 3336 2259 3410 ἁμαρτίᾳ
2297 3339 2448 3416 [555]
2481 3347 2698 3414 ἐγένετο
2737 3353 2859 3405 καθ’
2903 3358 3066 3427 ὑμᾶς.
3108 3365 3248 3432 Ἐγὼ
3275 3334 3501 3443 μὲνγὰρ

1913 3424 2055 3493 λέγω
2080 3429 2158 3480 ὃτι
2189 3431 2349 3501 σῶμα
2380 3438 2630 3503 ἀνέλαϐε,
2663 3445 2754 3497 καὶ
2788 3446 2880 3500 τὸν
2911 3424 3138 3506 θάνατον
3171 3424 3499 3530 τῆξσαρκὸς

3225 3513 3263 3524 ,-
3373 3513 3383 3530 ,
3430 3513 3498 3525 εν.

1911 3513 2052 3572 εἷναί
2086 3537 2240 3591 φησι·
2273 3525 2338 3577 σὺ
2372 3525 2427 3578 δὲ
2458 3529 2618 3583 τοῦτο
2649 3533 3006 3607 ἀρνούμενος,
3044 3543 3222 3597 ἐκεῖνο
3256 3548 3500 3617 ἀναγκα-

1914 3609 2090 3683 σθήσῃ
2124 3613 2326 3681 λέγειν.
2361 3619 2423 3670 Εἰ
2459 3619 2513 3672 δὲ
2542 3623 2599 3675 ἐν
2636 3625 2885 3701 ἁμαρτίᾳ
2915 3633 3155 3700 ἐγένετο,
3189 3639 3307 3702 πῶς
3341 3609 3496 3712 φησι,

1917 3702 2013 3768 Τίς
2037 3703 2107 3767 ἐξ
2131 3706 2297 3773 ὑμῶν
2327 3710 2564 3780 ἐλέγχει
2588 3733 2667 3781 με
2695 3721 2828 3787 περὶ
2867 3724 3157 3795 ἁμαρτίας
3174 3745 3193 3791 ;
3218 3733 3330 3795 καὶ,
3352 3702 3501 3802 ’Ἔρσ-

1910 3814 2075 3864 χεται
2115 3801 2148 3852 ὀ
2181 3800 2288 3854 τοῦ
2329 3803 2562 3872 κόσμου
2609 3810 2824 3864 τούτου
2867 3815 3088 3885 ἅρχων,
3133 3823 3230 3876 καὶ
3261 3827 3330 3878 ἐν
3366 3800 3494 3896 ἐμοὶ

1909 3980 2055 4049 ἡμῖν
2087 3983 2403 4052 πληρῶσαι
2436 3987 2645 4043 πᾶσαν
2672 3991 3092 4067 δικαιοσύνην.
3116 4004 3238 4068 Πῶς
3271 4005 3327 4059 δὲ
3356 4008 3494 4074 ὅλως

1909 4071 2051 4143 ὑπὲρ
2072 4074 2414 4144 ἁμαρτωλῶν
2439 4079 2731 4150 ἀπέθανεν,
2764 4086 2819 4137 εἴ
2843 4104 2904 4154 γε
2934 4091 3096 4155 αὐτὸς
3119 4095 3176 4147 ὲν
3194 4071 3493 4169 ἁμαρτίαις

1905 4159 2003 4234 ἦν;
2037 4166 2140 4218 Τὸν
2173 4166 2282 4235 γὰρ
2321 4167 2461 4240 ὑπὲρ
2490 4171 2836 4244 ἁμαρτωλῶν
2865 4159 3492 4254 ἀποθνήσκοειτα,ἀὺτὸν

1891 4257 2289 4327 ’ἀναμάρτητον
2315 4260 2395 4313 δεῖ
2415 4257 2573 4315 εἶναι·
2603 4265 2724 4318 ἐπεὶ
2757 4270 2805 4321 εί
2852 4273 2945 4325 καὶ
2966 4275 3129 4338 αὐτὸς
3163 4277 3486 4351 ἁμαρτάνει,

1904 4349 2021 4409 πῶς
2052 4351 2192 4419 ὑπὲρ
2213 4351 2388 4404 ἄλλων
2408 4356 2748 4427 ἁμαρτωλῶν
2770 4363 3120 4445 ἀποθανεῖται
3141 4387 3155 4435 ;
3181 4372 3241 4423 El
3267 4349 3324 4426 δὲ
3349 4377 3487 4450 ὑπὲρ

1902 4437 2188 4508 ἁμαρτιῶν
2217 4442 2391 4497 ἄλλων
2421 4447 2710 4514 ἀπέθανεν,
2747 4439 3132 4529 ἀναμάρτητος
3171 4462 3246 4515 ὢν
3281 4437 3487 4520 ἀπέθαζ

1902 4548 2022 4584 νεν·
2071 4535 2118 4587 εί
2152 4533 2207 4586 δὲ
2253 4537 2640 4610 ἀναμάρτητος
2675 4543 2751 4598 ὣν
2810 4547 3102 4616 ἀπέθανεν,
3165 4559 3223 4608 οὐ
3264 4559 3354 4610 τὸν
3388 4562 3485 4630 τῆς

1899 4623 2177 4691 ἁμαρτίας
2216 4629 2448 4680 θάνατον
2479 4631 2636 4697 (πῶς
2689 4634 2818 4704 γὰρ,
2847 4638 2874 4689 ὃ
2910 4657 2971 4704 γε
2999 4623 3480 4723 ἀναμάρτητοικ),

1896 4711 2032 4762 ἀλλά
2063 4710 2153 4762 τὸν
2185 4712 2278 4764 τοῦ
2306 4715 2576 4781 σώματος.
2607 4723 2700 4771 Διὸ
2740 4725 2833 4775 καὶ
2871 4728 2898 4776 ὁ
2927 4710 3137 4795 male;
3167 4710 3481 4809 οῖδχιτέλέέ

1897 4797 2069 4855 εἶπεν·
2120 4803 2455 4870 Ἀπέθανεν,
2519 4807 2656 4863 ἀλλά
2715 4817 3080 4890 προσέθηκεν,
3143 4797 3324 4899 ’Υπερ
3363 4797 3479 4894 τῶιΞ

1895 4891 2196 4962 ἁμαρτιῶν
2220 4895 2407 4964 ήμῶν·
2438 4899 2531 4952 καὶ
2567 4900 2801 4970 ἄκοντας
2837 4909 3080 4979 ἐκείνους
3107 4891 3360 4990 ἐμϐαλῶν
3398 4891 3479 4994 είς

1893 4985 1956 5040 τὸ
1995 4987 2330 5059 ὁμολογῆσαι
2366 4991 2456 5045 τὸν
2489 4998 2801 5066 σωματικὸν
2843 5002 3092 5074 θάνατον,
3134 4985 3227 5064 καὶ
3263 4985 3476 5082 δεικνὺς

1892 5077 1980 5130 διὰ
2008 5089 2217 5142 τουτου,
2242 5081 2323 5133 ὅτι
2346 5091 2440 5134 καὶ
2473 5085 2576 5155 πρὸ
2602 5086 2697 5139 τοῦ
2724 5089 2954 5145 θανάτου
2978 5077 3471 5177 ἀναμάρτητος

1892 5166 1997 5218 Τὸν
2040 5173 2149 5237 γὰρ
2197 5167 2338 5239 ὑπὲρ
2379 5171 2662 5240 ἁμαρτιῶν
2697 5176 2992 5250 ἀλλοτρίων
3036 5166 3469 5264 ἀποθνήσκοντα,

1891 5259 2055 5313 αὑτὸν
2076 5261 2458 5330 ἀναμάρτητον
2491 5259 2631 5317 εἶναι
2661 5267 2976 5328 ἀκόλουθον.
3010 5277 3118 5332 Καὶ
3149 5283 3268 5337 οὐδὲ
3296 5288 3472 5359 τούτῳ

1888 5441 2078 5494 τεῦθεν
2113 5440 2427 5508 ἀξιόπιστον
2458 5447 2618 5502 πάλιν
2642 5452 2810 5506 ποιῶν
2843 5455 2936 5511 τὸν
2966 5440 3141 5530 λόγον,
3169 5468 3262 5519 καὶ
3293 5468 3469 5538 δηλῶν

1890 5535 2040 5585 ποῖον
2066 5531 2295 5587 θάνατον
2328 5535 2503 5606 ἔλεγε.
2531 5541 2640 5594 Kal
2668 5550 2778 5613 γαρ
2803 5549 2860 5600 al
2883 5549 3097 5622 Γραφαὶ
3118 5556 3208 5609 τὸν
3235 5558 3327 5611 τοῦ
3344 5531 3468 5612 ’σὼ-

1891 5642 2058 5694 ματος
2114 5627 2506 5699 ἀναγορεύουσι
2561 5638 2857 5708 πανταχοῦ·
2911 5643 3174 5712 Ὠρυξίηο
3213 5650 3322 5716 γάρ
3345 5671 3466 5721 μου
