4038 6216
291 399 398 455 39.5

285 514 443 569 etiam
488 518 613 566 ante
655 517 880 563 mortem
923 508 1052 562 nulli
1083 513 1301 577 peccato
1339 505 1502 561 fuisse
1537 500 1849 558 obnoxium.

286 606 306 674 (
332 619 453 659 eum
472 607 637 668 enim,
663 605 755 671 qui
779 616 875 671 pro
907 602 1135 670 peccatis
1157 605 1379 653 moritur
1406 596 1595 651 alienis
1618 636 1634 659 ,
1661 607 1852 648 conse-

284 708 456 764 quens
501 703 584 746 est
629 706 749 746 esse
804 691 1064 760 ejusmodi
1113 699 1172 744 ut
1213 703 1317 743 non
1350 684 1603 757 peccet),
1649 700 1716 739 ne
1755 683 1854 737 hoc

284 785 500 851 quidem
553 792 877 848 contentus,
931 781 1224 851 subiunxit,
1272 779 1563 834 Secundum
1613 775 1848 844 Scriptu-

289 887 413 936 ras;
462 873 584 930 hinc
625 888 810 928 rursus
867 872 971 927 ﬁde
1025 872 1238 941 dignam
1290 867 1490 923 faciens
1535 867 1852 929 orationem,

283 974 336 1018 et
381 965 684 1034 signiﬁcans
727 973 1009 1034 quamdam
1041 971 1262 1016 mortem
1306 959 1525 1014 diceret.
1566 957 1855 1026 Scriptura:

283 1054 424 1108 enim
470 1055 665 1123 ubique
707 1055 997 1123 loquuntur
1034 1055 1101 1106 de
1139 1058 1310 1104 morte
1349 1048 1591 1117 corporis
1638 1067 1650 1105 :
1683 1047 1853 1101 Fode-

283 1156 400 1198 runt
429 1147 572 1199 enim
594 1187 610 1212 ,
639 1146 806 1215 inquit
830 1177 844 1209 ι
878 1159 1057 1197 manus
1081 1159 1217 1196 meas
1244 1149 1291 1196 et
1325 1145 1475 1211 pedes
1517 1157 1653 1194 meos
1681 1140 1851 1209 (Psal.

281 1236 343 1288 2|
376 1278 390 1298 ,
436 1235 578 1306 I7),
611 1244 694 1300 et,
738 1235 984 1289 Videbunt
1011 1237 1062 1287 in
1088 1248 1234 1303 quem
1272 1233 1637 1302 trans/iurum
1675 1231 1852 1301 (Joan.

285 1326 530 1394 19.57).

352 1417 405 1470 3.
439 1414 598 1469 Multa
623 1416 724 1469 alia
751 1457 766 1481 ,
809 1429 878 1469 ne
913 1415 1088 1468 omnia
1121 1412 1362 1468 dicamus
1392 1413 1661 1484 sigillatim
1685 1455 1697 1474 ,
1730 1412 1858 1466 licet

283 1506 333 1558 ir.
366 1507 445 1560 eis
469 1505 649 1559 videre
674 1547 689 1571 ,
718 1505 819 1558 alia
862 1503 1076 1573 quidem
1106 1518 1202 1572 per
1227 1504 1386 1558 verba
1410 1544 1425 1567 ,
1469 1501 1569 1556 alia
1604 1518 1730 1555 vero
1761 1516 1858 1571 per

283 1598 478 1665 ﬁguras
504 1638 518 1661 ,
556 1612 674 1666 qua:
704 1595 1002 1664 signiﬁcant
1036 1594 1215 1649 carnis
1244 1592 1446 1647 caadem
1471 1633 1486 1658 ,
1517 1601 1570 1645 et
1592 1591 1731 1660 quod
1760 1604 1857 1659 pro

284 1689 482 1752 nostris
509 1687 738 1756 peccatis
761 1687 828 1740 sit
851 1685 1078 1740 occisus.
1110 1688 1214 1738 Pro
1238 1683 1454 1753 peccatis
1476 1682 1638 1743 enim,
1665 1681 1853 1750 inquit,

283 1779 459 1848 populi
499 1778 595 1831 mei
633 1788 764 1831 vertit
810 1783 877 1831 ad
925 1787 1168 1840 mortem;
1212 1784 1300 1839 et,
1345 1773 1595 1826 Dominus
1647 1771 1858 1824 tradidit

281 1871 446 1937 ipsum
474 1870 688 1937 peccatis
714 1869 935 1928 nostris;
963 1876 1046 1931 et,
1082 1864 1388 1918 Vulneratus
1418 1870 1488 1915 est
1511 1871 1714 1932 propter
1737 1877 1857 1928 pec-

281 1970 396 2013 cata
443 1970 616 2014 nostra
658 1959 808 2030 (καὶ.
858 1959 946 2014 55.
994 1956 1046 2011 8.
1080 1956 1133 2010 6.
1182 1954 1260 2023 5).
1297 1953 1353 2008 Si
1393 1963 1573 2007 autem
1623 1961 1856 2006 veterem

283 2066 388 2105 non
431 2053 535 2105 fers
562 2051 888 2119 Scripturam
908 2083 924 2112 ,
955 2047 1076 2100 audi
1110 2046 1371 2102 Joannem
1417 2047 1734 2101 clamantem
1761 2085 1775 2104 ,
1805 2053 1858 2098 et

283 2153 504 2209 utraque
530 2139 899 2194 ostendentem
927 2178 940 2202 ,
973 2152 1164 2206 nempe
1202 2147 1255 2192 et
1296 2136 1497 2192 czedem
1522 2137 1762 2204 corporis
1804 2143 1860 2189 et

279 2245 517 2285 causam.
551 2229 681 2283 Ecce
706 2231 865 2292 enim,
905 2232 1090 2299 inquit,
1123 2232 1294 2298 Agnus
1318 2230 1436 2292 Dei,
1468 2229 1554 2298 qui
1582 2229 1713 2280 tollit
1743 2244 1858 2296 pec-

226 2350 236 2353 ς
281 2332 450 2375 catum
494 2324 666 2376 mundi
709 2322 888 2392 (Joan.
934 2324 984 2376 1.
1027 2321 1154 2393 29);
1206 2333 1259 2375 et
1307 2322 1526 2378 Paulum
1569 2320 1854 2383 dicentem,

286 2413 422 2463 Eum
450 2453 464 2475 ,
497 2413 582 2481 qui
610 2430 709 2466 non
749 2423 954 2466 noverat
984 2426 1242 2482 peccatum
1266 2452 1280 2476 ,
1315 2428 1406 2479 pro
1433 2416 1575 2465 nobis
1601 2414 1716 2480 fecit
1747 2426 1858 2479 pec-

281 2511 450 2554 catum
469 2544 482 2567 ,
510 2512 567 2554 ut
594 2520 684 2557 nos
710 2505 943 2571 [Seremus
971 2496 1066 2556 Dei
1103 2503 1304 2573 justitia
1331 2504 1384 2555 in
1418 2504 1528 2571 ipso
1550 2501 1625 2569 (2.
1655 2501 1773 2556 Cor.
1802 2503 1855 2556 5.

280 2594 373 2663 2|)
410 2613 421 2647 :
451 2605 500 2649 et
534 2610 738 2660 rursus,
773 2596 999 2648 Christus
1020 2610 1108 2647 nos
1133 2594 1339 2647 redemit
1367 2609 1397 2646 a
1423 2594 1687 2646 maledicto
1713 2594 1856 2661 legis,

285 2690 450 2748 factus
479 2701 569 2753 pro
599 2684 740 2736 nobis
764 2678 1084 2736 maledictum
1109 2681 1303 2748 (Galat.
1335 2682 1386 2737 5.
1413 2682 1501 2748 15)
1526 2699 1538 2744 ;
1569 2691 1622 2735 et
1650 2695 1854 2746 rursus,

284 2772 594 2837 Exspolians
630 2773 944 2841 principatus
982 2781 1028 2823 ει
1069 2779 1337 2838 potestates
1381 2771 1596 2823 traducit
1635 2768 1854 2838 (Coloss.

281 2864 336 2916 2.
371 2864 478 2930 15),
505 2873 621 2915 acto
665 2863 733 2916 de
775 2864 853 2918 eis
882 2862 1190 2928 triumpho;
1225 2870 1277 2916 et
1303 2861 1404 2915 alia
1430 2861 1857 2928 innumerabilia,

281 2972 404 3024 qua:
429 2956 728 3024 signiﬁcant
757 2971 818 3010 ea
849 2972 965 3025 qua:
994 2955 1126 3009 facta
1155 2963 1279 3009 sunt
1317 2957 1370 3008 in
1407 2954 1552 3008 etede
1592 2959 1855 3024 corporis,

280 3055 340 3100 et
364 3057 579 3114 propter
605 3057 784 3099 nostra
815 3054 1048 3114 peccata.
1089 3045 1202 3108 Ipse
1225 3045 1365 3100 enim
1397 3045 1559 3106 dicit,
1593 3043 1698 3097 Pro
1721 3045 1859 3099 vobis

283 3136 545 3199 sancti/ica
581 3135 823 3204 meipsum
853 3133 1029 3203 (Joan.
1063 3134 1149 3186 17.
1176 3133 1300 3200 19);
1327 3144 1398 3194 et.
1436 3131 1680 3204 Princeps
1709 3135 1859 3205 hujus

282 3226 457 3277 mundi
480 3242 610 3278 nunc
651 3224 1011 3277 condemnatus
1047 3232 1117 3275 est
1158 3221 1266 3294 (Id.
1292 3222 1378 3276 16.
1408 3223 1515 3292 II),
1552 3224 1857 3292 signiﬁcans

282 3332 344 3370 se
376 3315 536 3369 fuisse
563 3315 821 3378 occisum,
853 3331 971 3368 cum
999 3315 1201 3367 nullum
1233 3315 1451 3369 haberet
1475 3323 1770 3382 peccatum.
1801 3318 1849 3372 4.

283 3408 352 3460 Et
389 3407 522 3476 quod
564 3410 789 3476 sepultus
830 3417 920 3460 est.
965 3406 1075 3460 Hoc
1096 3421 1307 3476 quoque
1335 3405 1511 3474 priora
1538 3408 1857 3461 conﬁrmati

282 3514 407 3552 nam
437 3498 577 3568 quod
608 3500 895 3568 sepelitur,
926 3499 1144 3551 omnino
1183 3506 1266 3552 est
1304 3513 1515 3565 corpus.
1549 3499 1724 3553 Et'hic
1752 3514 1856 3554 non

281 3590 512 3658 amplius
540 3590 761 3652 addidit,
791 3587 1093 3642 Secundum
1125 3587 1426 3657 Scripturas
1459 3607 1471 3642 :
1501 3603 1622 3642 nam
1653 3600 1860 3658 poterat

282 3679 520 3746 quidem.
548 3677 639 3731 sed
671 3694 772 3730 non
795 3678 956 3730 addit.
986 3677 1381 3742 Quamobrem?
1416 3676 1505 3730 Vel
1534 3679 1654 3745 quia
1683 3681 1859 3746 sepul-

280 3784 430 3823 crum
462 3769 710 3822 omnibus
741 3767 1078 3821 manifestum
1105 3777 1157 3820 et
1185 3777 1307 3820 tunc
1336 3768 1434 3820 l'uit
1473 3777 1524 3820 et
1565 3783 1703 3821 nunc
1729 3779 1806 3823 est
1839 3787 1852 3823 :

281 3861 365 3913 vel
395 3859 514 3927 quia
556 3860 607 3912 in
653 3859 920 3912 communi
951 3857 1178 3926 positum
1220 3866 1302 3911 est
1349 3858 1511 3921 illud,
1566 3858 1855 3913 Secundum

284 3943 604 4017 Scripturas.
631 3951 733 4004 Cur
750 3966 877 4021 ergo
896 3948 1059 4010 addit,
1091 3948 1380 4001 Secundum
1410 3948 1720 4016 Scripturas,
1747 3949 1853 4015 hic,

285 4041 353 4093 Et
370 4041 503 4111 quod
526 4043 793 4094 resurrexit
823 4039 966 4092 tertia
993 4039 1072 4090 die
1107 4038 1382 4092 secundum
1424 4039 1717 4108 Scripturas
1739 4080 1755 4106 ,
1801 4051 1857 4094 et

281 4146 390 4183 non
441 4139 524 4184 est
568 4138 847 4184 contentus
894 4129 984 4182 illo
1030 4129 1234 4196 priori,
1273 4130 1411 4198 quod
1449 4130 1647 4184 dictum
1679 4139 1762 4186 est
1802 4134 1852 4185 in

283 4221 550 4275 communi
575 4222 594 4272 ’ἒ
623 4221 754 4285 Quia
803 4221 900 4273 huc
934 4234 1145 4288 quoque
1175 4220 1352 4272 multis
1379 4228 1494 4272 erat
1518 4221 1774 4274 incertum
1801 4231 1856 4275 et

282 4315 568 4367 obscurum
587 4329 601 4374 ;
622 4312 738 4364 ideo
767 4312 851 4364 hic
876 4328 1087 4380 quoque
1113 4311 1412 4378 Scripturas
1429 4311 1664 4380 adjungit
1687 4313 1854 4380 inSpi-

281 4418 451 4468 ratus,
481 4418 534 4459 et
562 4405 658 4458 hac
697 4405 917 4470 sapienti
950 4415 1002 4456 et
1033 4404 1206 4456 divina
1239 4414 1480 4470 suscepta
1512 4405 1849 4472 cogitatione.

281 4498 560 4564 Quomodo
590 4511 715 4565 ergo
745 4511 848 4548 non
876 4497 1033 4547 etiam
1067 4498 1116 4548 in
1148 4504 1318 4548 morte
1342 4494 1479 4548 idem
1515 4494 1672 4547 facit?
1712 4497 1854 4561 Quo-

285 4590 425 4643 niam
456 4589 561 4642 illic
586 4602 795 4656 quoque
838 4581 968 4638 erui:
1012 4586 1225 4652 quidem
1260 4583 1359 4639 fuit
1403 4586 1646 4640 omnibus
1687 4587 1853 4639 mani-

285 4680 440 4742 festa,
473 4689 526 4734 et
550 4666 794 4733 omnibus
824 4677 1125 4730 videntibus
1149 4677 1294 4730 cruci
1316 4675 1412 4728 fuit
1432 4675 1622 4729 afﬁxus
1649 4694 1660 4738 ;
1693 4693 1848 4730 causa

282 4778 460 4824 autem
490 4784 593 4822 non
634 4769 779 4821 item.
815 4764 942 4816 Nam
982 4765 1121 4832 quod
1164 4774 1400 4818 mortuus
1431 4766 1641 4834 quidem
1675 4767 1846 4829 fuerit,

281 4861 556 4915 sciverunt
608 4871 826 4918 omnes;
879 4853 1018 4923 quod
1055 4865 1230 4920 autem
1279 4869 1376 4922 pro
1413 4856 1645 4923 peccatis
1692 4858 1850 4909 totius

282 4948 429 5002 orbis
477 4950 575 5000 hoc
625 4948 693 4998 sit
745 4958 951 5014 passus,
1008 4957 1111 4995 non
1157 4942 1339 4996 itidem
1392 4945 1631 4998 sciebant
1675 4947 1847 4999 multi.

282 5041 567 5108 Propterea
597 5035 812 5088 adducit
858 5031 1221 5089 testimonium
1276 5047 1338 5085 ex
1387 5034 1695 5102 Scripturis.
1742 5037 1846 5091 Sed

280 5132 386 5184 hoc
412 5127 622 5190 quidem
686 5126 815 5176 satis
854 5135 935 5179 est
962 5125 1379 5177 demonstratum
1411 5139 1504 5190 per
1528 5140 1588 5177 ea
1619 5166 1630 5184 ,
1662 5142 1778 5195 quae
1819 5143 1847 5180 a

277 5221 438 5274 nobis
477 5216 618 5270 dicta
662 5222 784 5268 sunt
825 5231 836 5265 :
893 5215 978 5268 ubi
1007 5222 1184 5268 autem
1227 5211 1364 5281 quod
1398 5213 1465 5265 sit
1510 5216 1750 5283 sepultus
1797 5227 1850 5272 et

274 5311 422 5382 quod
467 5308 622 5361 tertio
663 5305 749 5357 die
776 5313 918 5357 esset
964 5314 1359 5359 resurrecturus
1383 5343 1396 5365 ,
1425 5303 1672 5358 dixerunt
1707 5307 1849 5362 Scri-

276 5398 482 5466 pturae?
508 5397 606 5452 Per
632 5394 780 5450 Jona:
802 5390 1045 5460 ﬁguram,
1076 5410 1232 5461 quam
1261 5395 1374 5462 ipse
1398 5408 1609 5462 quoque
1635 5395 1848 5451 adducit

274 5490 461 5544 dicens
494 5506 506 5541 :
536 5488 681 5543 Sicut
726 5487 818 5555 fuit
841 5484 1002 5538 Jonas
1027 5486 1078 5537 in
1104 5497 1270 5540 uentre
1305 5489 1396 5540 ceti
1428 5496 1524 5539 tres
1544 5486 1650 5539 dies
1677 5497 1725 5540 et
1748 5498 1845 5544 tres

276 5588 446 5632 noctes
472 5596 490 5632 :
517 5581 585 5632 ita
611 5580 703 5632 erit
724 5581 878 5632 etiam
897 5575 1058 5632 Filius
1081 5577 1296 5631 hominis
1323 5579 1373 5631 in
1401 5579 1550 5631 corde
1575 5587 1722 5632 terra
1745 5589 1844 5634 tres

276 5668 383 5720 dies
431 5679 477 5720 et
523 5679 623 5722 tres
663 5679 832 5722 noctes
881 5666 1085 5735 (Matth.
1120 5666 1202 5720 12.
1232 5667 1342 5736 60).
1377 5670 1477 5724 Per
1523 5670 1707 5724 rubum
1738 5673 1840 5739 .qui

271 5767 392 5812 erat
430 5758 482 5812 in
506 5759 718 5815 deserto
748 5759 937 5835 (Exod.
965 5759 1034 5827 5)
1062 5775 1074 5810 :
1106 5759 1549 5827 quemadmodum
1580 5762 1719 5816 enim
1752 5764 1841 5816 ille

632 5851 898 5912 Pnaoe.
940 5857 1054 5913 (in.
1106 5859 1260 5917 LM.

1249 393 1314 447 IN
1353 391 1567 447 EPIST.
1611 389 1626 443 Ι
1694 387 1783 440 Αἰ)
1821 384 1978 440 (ΣΟΒ.
2024 373 2251 436 HOMIL.
2297 381 2584 436 XXXVIII.

3431 388 3533 444 5'26

1961 496 2182 550 ardebat
2209 505 2263 551 et
2289 512 2393 550 non
2422 493 2859 561 comburebatur,
2892 498 2960 551 ita
2984 499 3141 553 etiam
3172 506 3540 574 corpusillius

1960 597 2224 641 mortuum
2271 586 2484 656 quidem
2541 583 2678 651 fuit,
2705 602 2811 640 non
2843 587 3116 644 detentum
3165 603 3340 649 autem
3366 596 3467 651 fuit
3509 616 3534 650 λ

1960 687 2130 731 morte
2155 687 2430 746 perpetuo.
2469 678 2637 732 Draco
2665 678 2789 733 item
2816 680 2905 748 qui
2951 679 3046 734 t‘uit
3073 690 3311 751 tempore
3340 685 3538 748 Danie-

1959 765 2021 819 lis
2051 767 2224 838 (Dan.
2249 767 2336 840 14)
2367 771 2465 823 hoc
2494 778 2652 825 taeite
2678 771 2960 840 signiﬁcat.
2994 772 3125 828 Nam
3154 783 3292 831 sicut
3320 778 3410 834 ille
3440 795 3536 836 ac-

1959 865 2114 926 cepto
2143 859 2504 924 nutrimento,
2531 860 2672 928 quod
2717 861 2861 916 dedit
2907 873 3164 932 prOpueta
3185 906 3200 930 ,
3245 879 3430 937 ruptus
3452 883 3540 928 est

1960 951 2207 1004 medius:
2238 951 2308 1002 ita
2334 951 2495 1004 etiam
2546 951 2809 1015 infernus,
2853 954 3110 1008 devorato
3155 955 3245 1010 illo
3288 973 3534 1030 corpore,

1962 1040 2060 1094 fuit
2087 1042 2364 1102 discissus.
2394 1057 2513 1094 cum
2547 1048 2709 1110 ipsius
2734 1058 2928 1112 corpus
2956 1059 3194 1103 ventrem
3227 1051 3344 1119 ejus
3371 1054 3538 1110 disse-

1961 1133 2177 1196 cuisset,
2205 1140 2259 1186 et
2287 1133 2629 1186 surrexisset.
2660 1133 2712 1192 Si
2737 1141 2912 1187 autem
2939 1134 3052 1189 haec
3076 1140 3234 1192 etiam
3259 1157 3336 1195 VIS
3359 1145 3536 1199 verbis

1961 1220 2145 1275 audire
2172 1263 2185 1286 ,
2219 1237 2337 1289 quae
2366 1221 2538 1276 vidisti
2572 1237 2664 1290 per
2693 1223 2888 1292 ﬁguras
2913 1265 2928 1289 ,
2975 1227 3097 1278 andi
3131 1226 3316 1284 Isaiam
3357 1232 3540 1288 dicen-

1962 1320 2068 1366 tem
2101 1330 2115 1366 :
2146 1311 2362 1364 Tollitur
2380 1330 2406 1366 e
2428 1323 2560 1365 terra
2588 1314 2686 1365 vita
2709 1315 2818 1382 ejus
2843 1329 2860 1366 :
2885 1323 2938 1367 et
2963 1357 2976 1378 ,
3018 1314 3267 1370 Dominus
3293 1323 3396 1373 vult
3422 1339 3534 1377 eum

1961 1401 2208 1454 mundare
2245 1419 2276 1454 a
2315 1403 2464 1472 plaga
2485 1444 2500 1465 ,
2528 1413 2583 1456 ut
2611 1404 2841 1457 ostendat
2877 1405 2954 1458 illi
2985 1405 3152 1459 lumen
3181 1405 3329 1478 (lsai.
3355 1411 3444 1465 55.
3478 1414 3537 1468 8.

1962 1492 2090 1562 10);
2128 1504 2182 1546 et
2222 1495 2386 1546 David
2431 1506 2554 1550 ante
2604 1496 2748 1549 illum
2773 1537 2785 1560 ,
2821 1495 2939 1550 Non
2969 1497 3281 1568 derelinques
3315 1503 3536 1557 animans

1963 1599 2123 1636 meam
2147 1583 2201 1635 in
2228 1584 2446 1651 inferno,
2476 1602 2633 1654 neque
2657 1587 2799 1642 dabis
2818 1601 3046 1642 sanctum
3066 1599 3207 1644 tuum
3235 1592 3403 1648 videre
3425 1612 3539 1649 cor-

1959 1673 2244 1740 ruptionem
2266 1671 2542 1744 (Psal.15.
2569 1673 2684 1743 10).
2706 1675 2997 1744 Propterea
3027 1689 3080 1735 te
3107 1697 3317 1751 quoque
3343 1684 3540 1740 Paulus

1963 1761 2272 1814 transmittit
2315 1761 2381 1815 ad
2426 1762 2769 1832 Scripturas,
2816 1775 2870 1819 ut
2899 1767 3036 1822 scias
3067 1769 3180 1824 luec
3223 1786 3327 1825 non
3377 1773 3540 1829 fuisse

1961 1851 2094 1906 facta
2122 1862 2322 1908 temere
2351 1865 2404 1908 et
2433 1856 2528 1909 abs
2558 1872 2636 1910 re.
2673 1857 2950 1922 Quomodo
2971 1862 3136 1926 cnim,
3159 1877 3279 1916 cum
3310 1873 3385 1918 tot
3415 1883 3540 1935 pro-

1962 1945 2137 2013 pheta:
2190 1961 2251 1999 ea
2311 1947 2455 2012 prius
2507 1947 2815 2002 describant
2867 1961 2922 2003 ct
2972 1953 3329 2020 proclament,
3392 1959 3536 2025 quod

1961 2035 2228 2108 Scriptura
2253 2053 2509 2107 nusquam
2536 2040 2676 2114 dicat
2706 2052 2930 2095 mortem
2956 2046 3176 2111 peccati,
3210 2049 3534 2102 mentionem

1963 2125 2162 2182 faciens
2188 2129 2376 2182 mortis
2406 2130 2634 2194 Domini,
2661 2131 2752 2184 sed
2776 2134 3108 2201 corporalem
3134 2150 3187 2189 et
3209 2120 3534 2206 sepultaram

1961 2225 2015 2271 et
2042 2219 2199 2272 talem
2233 2223 2675 2275 resurrectionem
2698 2223 2721 2274 ‘P
2747 2224 2798 2276 5.
2836 2222 2896 2276 Ει
2923 2226 3060 2292 quod
3084 2227 3220 2280 visus
3241 2241 3312 2282 est
3329 2231 3533 2300 (Iephte.

1962 2307 2093 2360 Eum
2125 2310 2302 2361 statim
2327 2313 2495 2378 ponit,
2529 2317 2617 2382 qui
2657 2325 2739 2367 est
2771 2317 3004 2369 omnium
3039 2317 3140 2371 ﬁde
3171 2319 3535 2390 dignissimus.

1965 2398 2029 2451 Et
2058 2409 2168 2468 post
2195 2400 2288 2452 hoc
2315 2402 2577 2456 duodecun
2616 2419 2634 2456 :
2673 2405 2726 2459 6.
2752 2407 2933 2460 deinde
2967 2410 3101 2463 visus
3131 2420 3202 2464 est
3238 2412 3352 2481 plus
3386 2431 3537 2481 quam

1962 2491 2242 2562 quingentis
2268 2493 2507 2561 fratribus
2530 2495 2700 2554 simul.
2721 2513 2785 2550 ea:
2802 2500 2982 2565 quibus
3000 2503 3146 2554 multi
3163 2517 3362 2558 manent
3384 2524 3538 2577 usque

1963 2581 2128 2634 adhuc
2152 2625 2166 2650 ,
2193 2583 2400 2652 quidam
2426 2595 2593 2637 autem
2633 2586 2945 2641 dormierunt
2973 2606 2992 2642 :
3023 2591 3073 2643 7.
3101 2594 3278 2647 deinde
3311 2598 3441 2650 visus
3465 2609 3537 2650 est

1961 2671 2172 2739 Jacobo,
2203 2675 2384 2730 deinde
2408 2679 2650 2745 apostolis
2687 2682 2917 2735 onmibus
2943 2698 2960 2735 :
2986 2683 3039 2737 8.
3081 2687 3341 2739 novissime
3370 2698 3534 2743 autem

1962 2765 2183 2817 omnium
2211 2775 2464 2835 tamquam
2489 2768 2713 2823 abortivo
2739 2772 2874 2825 visus
2901 2782 2972 2828 est
2994 2787 3042 2826 et
3077 2775 3219 2828 mihi.
3250 2777 3533 2848 Postquam

1962 2853 2102 2907 enim
2126 2854 2269 2907 illam
2301 2871 2365 2916 ex
2405 2856 2695 2925 Scripturis
2734 2862 2969 2915 ostendit
3002 2864 3535 2935 demonstrationem,

1962 2960 2078 2999 eam
2111 2946 2272 3000 etiam
2300 2947 2448 3002 addit
2475 2965 2594 3018 qua:
2626 2966 2722 3018 per
2747 2967 2834 3007 res
2861 2952 2936 3014 ﬁt,
2963 2962 3130 3010 testes
3151 2957 3425 3015 adducens
3450 2977 3537 3016 re-

1961 3037 2309 3091 surrectionis
2331 3049 2449 3107 post
2473 3041 2758 3108 prophetas
2778 3046 3051 3112 apostolos
3067 3057 3120 3101 et
3135 3049 3268 3103 alios
3293 3051 3534 3109 homines

1962 3127 2164 3181 ﬁdeles.
2190 3129 2245 3182 Si
2289 3140 2466 3184 autem
2505 3133 2646 3186 illam
2689 3137 3136 3194 resurrectionem
3176 3141 3394 3198 dixisset
3419 3161 3539 3201 esse

1960 3229 1989 3269 ε
2012 3227 2230 3286 peccato
2247 3220 2637 3285 liberationem,
2658 3237 3106 3291 supervacaneum
3127 3228 3316 3286 luisset
3335 3234 3534 3300 dicere,

1963 3307 2122 3361 Visus
2148 3319 2228 3362 est
2260 3309 2380 3363 huic
2422 3317 2472 3364 et
2513 3312 2608 3364 illi.
2645 3313 2756 3367 lloc
2782 3317 2925 3370 enim
2953 3325 3036 3372 est
3056 3319 3172 3389 ejus
3199 3319 3288 3389 qui
3322 3322 3443 3379 facit
3473 3329 3535 3380 ﬁ-

1962 3398 2084 3453 dem
2116 3404 2523 3459 resurrectionis
2550 3406 2810 3473 corporis,
2845 3422 2947 3462 non
2978 3411 3094 3477 ejus
3119 3413 3205 3481 qui
3238 3414 3539 3470 subindicat

1962 3489 2331 3545 liberationem
2361 3510 2388 3545 a
2423 3497 2670 3561 peccatis.

2032 3586 2084 3636 4.
2129 3582 2411 3651 Propterea
2464 3599 2636 3655 neque
2689 3589 2851 3642 semel
2894 3589 3026 3644 dixit
3062 3591 3211 3657 illud,
3256 3593 3399 3647 Visus
3432 3608 3528 3660 est,

1962 3686 2281 3740 quamquam
2305 3675 2355 3728 id
2375 3674 2914 3732 suffecissetdictione
2947 3681 2996 3732 in
3028 3685 3294 3735 communi
3320 3686 3484 3752 posita
3523 3709 3534 3741 :

1963 3777 2102 3814 nunc
2127 3770 2303 3815 autem
2332 3774 2382 3815 et
2416 3765 2492 3817 bis
2515 3775 2567 3824 et
2596 3775 2676 3820 ter
2703 3783 2819 3821 eam
2852 3771 3024 3838 ponit,
3058 3781 3111 3825 et
3136 3775 3184 3825 in
3219 3791 3539 3846 "not-[noque

1962 3850 2072 3904 fere
2096 3867 2279 3905 eorum
2320 3856 2406 3922 qui
2439 3856 2699 3910 viderunt.
2740 3857 2886 3913 Visus
2928 3870 2998 3913 est
3028 3864 3188 3920 enim.
3222 3869 3405 3930 inquit,
3441 3871 3536 3922 (ἰε-

1963 3941 2108 4007 phaz;
2134 3943 2265 3996 visus
2287 3955 2358 3996 est
2385 3947 2650 4013 plusquam
2677 3950 2960 4019 quingentis
2983 3955 3258 4021 fratribus;
3306 3961 3437 4012 visus
3467 3974 3540 4013 est

1961 4041 2007 4084 et
2032 4033 2172 4084 mihi.
2231 4036 2388 4102 Atqui
2447 4038 2787 4106 Evangelium
2834 4041 2960 4094 dicit
3000 4049 3344 4112 contrarium,
3396 4055 3534 4120 quod

1959 4126 2104 4177 visus
2134 4126 2199 4178 sit
2221 4126 2447 4193 prinmm
2479 4129 2674 4183 Mariae.
2703 4130 2805 4185 Sed
2840 4133 2977 4187 inter
2995 4135 3134 4188 viros
3164 4136 3284 4192 huic
3308 4142 3533 4208 primum

1959 4225 2039 4268 est
2067 4218 2206 4268 visus
2229 4219 2313 4283 qui
2344 4219 2572 4271 maxime
2598 4235 2719 4272 eum
2748 4223 2996 4288 cupiebat
3027 4225 3226 4279 videre.
3266 4229 3533 4293 Quasnam

1959 4315 2132 4357 autem
2153 4306 2240 4358 hic
2261 4307 2385 4358 dicit
2407 4308 2684 4362 duodecim
2708 4312 3016 4377 apostolos?
3045 4330 3167 4368 nam
3193 4328 3311 4385 post
3331 4335 3534 4374 assum-

1960 4397 2191 4464 ptionem
2218 4399 2267 4448 in
2293 4414 2473 4451 eorum
2502 4416 2778 4455 numerum
2801 4405 2996 4458 relatus
3019 4405 3114 4459 luit
3141 4407 3406 4477 Matthias,
3431 4430 3532 4468 non

1958 4489 2136 4541 statim
2189 4498 2305 4556 post
2337 4494 2803 4547 resurrectionem.
2839 4494 2942 4550 Sed
2975 4506 3054 4551 est
3085 4501 3372 4557 verisimile
3411 4521 3531 4558 eum

1962 4576 2121 4632 fuisse
2151 4581 2499 4632 viSum‘etiam
2534 4592 2653 4649 post
2678 4591 3116 4653 assumptionem.
3155 4590 3250 4646 llic
3276 4593 3390 4661 ipse
3420 4599 3536 4664 qui—

1959 4671 2077 4723 dem
2105 4683 2250 4725 certe
2281 4673 2549 4740 apostolus
2592 4684 2708 4741 post
2747 4680 3164 4744 assumptioncm
3213 4692 3265 4734 ct
3314 4696 3530 4739 vocatus

1958 4760 2076 4824 fuit,
2110 4770 2163 4815 et
2208 4764 2377 4829 ipsum
2409 4764 2568 4816 vidit.
2603 4765 2883 4832 Propterea
2919 4782 3088 4835 neque
3116 4773 3261 4838 ponit
3292 4781 3528 4843 tempus,

1959 4852 2050 4905 sed
2080 4853 2324 4907 absolute
2347 4866 2398 4907 et
2425 4856 2695 4910 indeﬁnite
2727 4867 2968 4910 retenset
2990 4858 3217 4914 visiones
3253 4881 3263 4915 :
3299 4881 3415 4917 nam
3441 4883 3524 4921 ve-

1959 4945 2178 4999 risimile
2209 4954 2288 4996 t-st
2314 4947 2506 4998 multas
2535 4947 2716 5002 luisse.
2748 4948 2871 5003 Ideo
2901 4950 3130 5004 Ioannes
3147 4969 3356 5020 quoque
3377 4957 3525 5020 dixit,

1960 5037 2138 5091 Tertio
2163 5038 2269 5105 jam
2299 5037 2651 5090 maniiestavit
2680 5041 2931 5107 seipsum.
2961 5040 3157 5094 Deinde
3188 5057 3316 5096 visus
3346 5057 3417 5098 est
3439 5065 3529 5100 su-

1959 5146 2050 5198 pra
2071 5129 2351 5198 quingentis
2378 5128 2617 5195 fratribus
2646 5128 2833 5192 (Joan.
2866 5130 2955 5182 2|.
3017 5133 3036 5184 I
3066 5131 3106 5201 ).
3162 5133 3334 5202 Aliqui
3368 5137 3493 5192 illud
3515 5180 3529 5201 ,

1960 5220 2341 5290 Supra,dicunt
2362 5234 2480 5273 esse
2501 5233 2656 5286 supra
2680 5236 2709 5272 e
2738 5220 2900 5274 caelis.
2929 5219 3042 5274 Non
3066 5223 3206 5277 enim
3230 5240 3385 5294 salua
3419 5237 3531 5278 ter-

1957 5328 2072 5366 ram
2105 5313 2371 5380 gradiens,
2401 5312 2491 5365 sed
2526 5326 2755 5380 superne
2777 5323 2830 5364 et
2872 5326 3027 5381 supra
3060 5326 3216 5382 caput
3266 5318 3340 5368 eis
3383 5314 3526 5372 visus

1955 5412 2054 5456 est.
2094 5402 2204 5455 Non
2247 5403 2417 5455 solum
2458 5404 2596 5455 enim
2631 5402 2840 5454 volebat
2884 5400 3058 5456 facere
3091 5402 3244 5456 Iidem
3281 5418 3524 5462 resurre-

1955 5495 2134 5558 ctioni,
2162 5493 2252 5548 sed
2281 5498 2439 5547 etiam
2472 5493 2841 5561 assumptioni.
2886 5491 3107 5560 Quidam
3135 5506 3312 5549 autem
3360 5492 3520 5564 illud,

1953 5587 2126 5656 Supra
2149 5583 2447 5655 quingentis,
2476 5584 2657 5637 dicunt
2678 5581 2951 5652 plusquam
2971 5585 3293 5655 quingentis.
3317 5574 3398 5640 Ea:
3420 5585 3523 5655 qui-

1952 5679 2042 5730 bus
2062 5675 2207 5728 multi
2233 5686 2431 5729 omnem
2460 5691 2610 5743 usque
2633 5673 2819 5726 adhuc.
2844 5673 2970 5728 Nam
2994 5679 3112 5736 etsi,
3139 5673 3328 5743 inquit,
3361 5689 3521 5727 narro

1954 5783 2039 5821 res
2093 5767 2356 5833 antiquas,
2400 5765 2568 5819 habeo
2622 5776 2796 5818 tamen
2844 5774 3005 5820 testes
3035 5763 3207 5818 adhuc
3256 5763 3514 5836 viventes.

3133 5863 3205 5922 21
