4038 6216
536 300 643 355 337

526 417 745 484 auidum
773 423 937 468 autent
967 413 1299 467 dormierunt.
1340 410 1458 466 Non
1502 409 1657 471 dixit,
1706 407 1897 461 Morini
1940 412 2098 465 sunt;

524 514 641 571 sed,
663 506 1007 567 Dorntiertmt,
1054 502 1153 556 bac
1187 516 1400 570 quoque
1424 500 1659 554 dictione
1689 510 1881 551 rursus
1901 494 2100 550 Conﬁr-

526 612 676 651 tnans
705 596 1178 651 resurrectionem.
1225 591 1417 645 Deinde
1456 593 1590 645 risus
1617 599 1689 643 est
1716 586 1930 641 Iacobo.
1978 586 2102 639 Mihi

521 692 737 746 uidetur
762 690 960 753 dicere,
992 689 1139 742 fratri
1168 701 1299 742 suo:
1320 688 1431 754 ipse
1450 686 1593 739 enim
1608 682 1803 736 dicitur
1818 683 1865 735 ei
1888 693 2102 733 manum

523 781 842 850 imposuisse
865 794 931 835 ac
950 782 1120 843 ipsum
1146 776 1442 838 ordinasse,
1465 784 1520 828 et
1545 774 1770 842 primum
1795 774 2103 840 episcopum

521 874 716 928 fecisse
737 871 1109 942 Jerosolymis.
1146 867 1343 923 Deinde
1378 868 1620 939 apostolis
1661 867 1909 919 omnibus.
1942 864 2106 919 Erant

522 966 664 1017 enim
696 965 855 1019 etiam
906 961 995 1015 alii
1024 961 1275 1029 apostoli,
1322 970 1380 1013 ut
1431 957 1788 1026 septuaginta.
1822 953 2106 1009 Novissime

521 1067 689 1109 autem
708 1056 931 1108 omnium
953 1063 1209 1123 tamquam
1223 1053 1381 1106 alicui
1398 1052 1620 1105 abortivo
1632 1033 1776 1103 risus
1796 1058 1867 1103 est
1888 1058 1934 1101 et
1960 1048 2103 1100 mihi.

518 1146 636 1200 Hoc
666 1144 885 1199 verbum
918 1144 1233 1199 modestiam
1264 1141 1420 1195 valde
1448 1140 1605 1208 sapit.
1641 1137 1756 1191 Non
1806 1138 1947 1190 enim
1975 1151 2107 1205 quo-

516 1237 666 1289 niam
695 1243 813 1289 erat
841 1236 1112 1295 minimus,
1146 1240 1428 1301 propterea
1459 1238 1579 1297 post
1598 1226 1731 1280 alios
1757 1227 1807 1280 ei
1830 1227 1973 1278 visus
2002 1236 2105 1279 est.

522 1326 653 1380 Nam
684 1326 893 1380 etiamsi
939 1339 1000 1379 se
1028 1323 1236 1377 vocavit
1274 1321 1542 1380 ultimum,
1571 1318 1728 1386 longe
1761 1317 1825 1369 iis
1867 1320 1956 1384 qui
1984 1324 2106 1367 ante

520 1418 695 1485 ipsum
723 1418 955 1477 fuerunt,
980 1412 1064 1466 vel
1088 1412 1260 1481 potius
1283 1409 1530 1463 omnibus
1551 1409 1693 1461 visus
1709 1417 1790 1460 est
1813 1405 2067 1459 illustrior
2090 1421 2103 1457 :

519 1523 622 1562 nec
649 1505 924 1576 quingenti
956 1502 1149 1556 fratres
1176 1499 1378 1556 Iacobo
1412 1500 1625 1552 fuerunt
1668 1497 1938 1560 meliores,
1967 1508 2104 1564 quo-

517 1599 663 1653 niam
695 1604 822 1649 ante
851 1594 997 1647 illum
1026 1593 1104 1646 eis
1133 1592 1278 1645 visus
1298 1599 1398 1644 est.
1442 1590 1504 1641 Et
1524 1604 1622 1642 cur
1647 1602 1751 1639 non
1775 1585 1933 1639 simul
1961 1584 2106 1637 visus

519 1700 603 1744 est
630 1686 921 1742 omnibus?
941 1685 1011 1741 Ut
1040 1685 1161 1739 fidei
1188 1683 1392 1739 semina
1421 1681 1567 1749 prius
1602 1678 1824 1748 jaceret.
1856 1675 1987 1730 Nam
2016 1678 2105 1742 qui

516 1780 667 1850 prior
697 1778 847 1843 vidit,
879 1788 932 1831 et
958 1786 1145 1830 exacte
1173 1773 1346 1829 factus
1369 1782 1454 1827 est
1491 1770 1709 1832 certior,
1756 1767 1876 1820 aliis
1899 1780 2108 1819 annuu-

517 1870 723 1924 tiabat:
749 1867 945 1922 deinde
986 1880 1167 1920 sermo
1212 1863 1547 1932 prmveniens
1576 1855 1937 1912 constituebat
1984 1868 2105 1907 eum

518 1960 606 2029 qui
640 1956 913 2023 audiebat,
940 1956 991 2009 iu
1022 1969 1210 2024 magna
1238 1953 1398 2019 hujus
1422 1947 1666 2004 miraculi
1686 1945 2104 2015 exspectatione,

520 2059 572 2103 et
597 2050 738 2103 viam
769 2046 1045 2102 muniebat
1072 2046 1139 2100 ad
1166 2043 1325 2098 fidem
1353 2051 1479 2095 ante
1508 2038 1789 2093 visionem.
1819 2037 2106 2106 Propterea

521 2152 694 2207 neque
719 2136 874 2191 simul
892 2136 1038 2190 visus
1059 2146 1142 2189 est
1166 2131 1437 2193 omnibus,
1462 2144 1633 2198 neque
1656 2128 1706 2181 in
1729 2127 1879 2180 initio
1904 2124 2104 2191 multis,

521 2230 616 2285 sed
647 2230 734 2283 uni
759 2229 857 2283 soli
882 2230 1132 2296 primum,
1150 2225 1308 2294 eique
1326 2223 1561 2277 omnium
1578 2220 1864 2291 corypluno
1892 2227 1947 2272 et
1974 2216 2105 2272 lide-

516 2318 751 2374 lissimo.
784 2317 1119 2372 Fidelissima
1151 2315 1295 2369 enim
1346 2313 1577 2367 maxime
1605 2313 1778 2365 anima
1807 2324 1943 2379 opus
1970 2316 2105 2371 erat,

518 2424 639 2477 qua:
666 2408 833 2478 prima
864 2408 1002 2461 hanc
1023 2408 1286 2474 acciperet
1312 2404 1593 2459 visionem.
1622 2401 1753 2457 Nam
1775 2402 1863 2470 qui
1887 2398 2107 2466 aspicie-

520 2504 649 2557 bant
678 2511 957 2572 postquam
985 2501 1073 2555 alii
1103 2501 1365 2556 vidissent
1410 2508 1463 2553 et
1506 2498 1574 2549 ab
1614 2495 1744 2564 ipsis
1773 2492 2069 2545 audiisseut
2090 2530 2104 2552 ,

522 2592 792 2648 habebant
818 2594 1027 2645 illorum
1059 2591 1444 2650 testimonium,
1469 2602 1574 2639 non
1610 2597 1796 2653 parum
1826 2579 2108 2635 conferens

522 2683 588 2736 ad
618 2683 775 2736 tidem
806 2681 1123 2743 faciendam,
1149 2688 1203 2732 et
1240 2668 1560 2746 praeparans
1584 2690 1768 2729 eorum
1822 2681 2056 2728 mentem
2089 2689 2103 2722 :

525 2773 610 2840 qui
637 2781 812 2827 autem
838 2773 1040 2841 primus
1064 2770 1256 2839 dignus
1278 2780 1360 2824 est
1390 2768 1602 2822 habitus
1626 2768 1715 2836 qui
1737 2782 1858 2820 eum
1882 2765 2103 2830 videret,

526 2878 733 2933 magna,
771 2863 906 2915 sicut
936 2874 1093 2915 antea
1138 2860 1268 2924 dixi,
1317 2860 1419 2913 lide
1450 2872 1585 2926 opus
1614 2852 1881 2919 habebat,
1915 2870 1980 2909 ne
2009 2856 2105 2906 ad-

525 2957 777 3021 mirabili,
804 2968 859 3009 et
886 2954 1026 3023 quod
1059 2968 1274 3006 (llllllcnl
1297 2963 1514 3019 superat
1534 2952 1861 3019 Opinionem,
1888 2958 2106 3003 contur-

526 3051 742 3101 hat-etur
769 3046 1095 3115 spectaculo.
1125 3043 1412 3112 Propterea
1446 3041 1673 3109 primum
1690 3048 1904 3109 apparet
1926 3038 2105 3091 Petro.

524 3138 653 3191 Nam
685 3138 772 3206 qui
804 3136 1011 3206 primus
1038 3133 1310 3188 Christum
1358 3140 1439 3186 est
1483 3130 1779 3194 confessus,
1802 3128 1922 3197 jure
1947 3129 2104 3183 etiam

524 3230 715 3297 dignus
730 3238 818 3281 est
838 3227 1049 3279 habitus
1076 3224 1167 3292 qui
1191 3224 1392 3291 primus
1412 3221 1618 3275 videret
1642 3220 2103 3274 resurrectionem.

522 3318 638 3373 Non
672 3326 888 3385 propter
922 3315 1224 3367 hocautem
1257 3319 1477 3380 apparet
1510 3310 1607 3364 soli
1626 3308 1789 3363 Petro
1812 3348 1828 3372 ,
1858 3307 1951 3361 sed
1973 3321 2106 3376 quu-

528 3407 667 3460 niam
694 3416 747 3460 et
776 3406 945 3475 ipsum
978 3411 1284 3473 negaverat,
1315 3417 1377 3455 ex
1406 3399 1728 3455 abundantia
1758 3413 1881 3453 eum
1909 3411 2103 3451 conso-

529 3502 640 3551 lans
666 3508 720 3553 et
746 3498 1032 3552 ostendens
1054 3512 1157 3549 non
1189 3509 1309 3548 esse
1335 3493 1603 3561 repulsum
1624 3534 1638 3558 ,
1667 3500 1791 3546 ante
1816 3490 1952 3543 alios
1981 3504 2103 3541 enin

527 3593 627 3644 hac
649 3592 896 3658 dignatus
919 3599 1002 3642 est
1028 3586 1253 3649 visione,
1286 3595 1334 3637 et
1366 3584 1538 3653 primo
1557 3597 1687 3637 oves
1716 3580 1949 3635 tradidit.
1982 3581 2110 3634 Pro-

523 3693 707 3752 pterea
734 3681 893 3735 etiam
944 3680 1131 3749 primis
1162 3678 1307 3732 visus
1335 3685 1417 3730 est
1461 3675 1791 3729 mulieribus.
1847 3674 2108 3741 Quoniam

530 3772 751 3825 minoris
780 3771 1100 3824 conditionis
1130 3778 1245 3823 erat
1275 3768 1360 3820 hic
1386 3780 1564 3826 sexus,
1600 3776 1879 3833 propterea
1919 3764 2110 3819 mulier

528 3862 655 3916 etin
677 3861 792 3929 ejus
823 3871 941 3913 ortu
972 3869 1023 3913 et
1054 3864 1106 3911 in
1152 3857 1546 3912 resurrectione
1584 3854 1751 3923 prima
1782 3858 1940 3907 sentit
1990 3870 2111 3923 gra-

532 3956 677 4005 tiam.
712 3952 834 4005 Post
864 3951 1078 4005 Petrum
1107 3958 1283 4001 autem
1316 3957 1366 3999 et
1391 3946 1618 4014 sparsim
1646 3946 1931 4014 unicuique
1949 3959 2110 4013 appa-

530 4052 648 4107 ret;
705 4051 757 4094 et
800 4039 1087 4109 aliquando
1136 4035 1347 4106 quidem
1401 4035 1775 4105 paucioribus,
1824 4035 2110 4103 aliquando

530 4140 706 4185 autem
735 4129 994 4198 pluribus,
1041 4128 1190 4197 ipsos
1229 4126 1367 4179 inter
1396 4138 1454 4177 se
1502 4134 1663 4177 testes
1704 4133 1758 4177 et
1783 4124 2029 4179 doctores
2055 4123 2109 4179 in

532 4223 632 4273 hoc
660 4220 876 4281 faciens,
931 4226 985 4271 ct
1035 4215 1305 4287 apostolos
1336 4214 1565 4269 reddens
1610 4214 1713 4268 fide
1738 4214 1927 4283 dignos
1958 4216 2008 4268 in
2046 4215 2111 4269 iis

529 4326 648 4379 qua:
673 4309 937 4363 dicebant.
966 4306 1249 4361 Novissime
1276 4315 1442 4359 autem
1473 4305 1697 4358 omnium
1725 4314 1977 4375 tamquam
2004 4307 2110 4358 cui-

531 4404 647 4455 dam
668 4400 891 4454 abortivo
912 4401 1045 4454 visus
1070 4408 1143 4452 est
1184 4397 1327 4450 mihi.
1348 4397 1484 4463 Quid
1510 4397 1608 4450 sibi
1640 4397 1824 4450 volunt
1868 4398 1950 4449 hic
1997 4396 2110 4451 hrcc

533 4492 693 4547 verba
718 4489 1052 4553 lmmilitatis,
1076 4496 1167 4540 aut
1195 4502 1478 4558 quamnam
1508 4486 1706 4543 habent
1734 4487 2109 4540 occasionem?

532 4582 661 4635 Nam
688 4582 730 4633 si
764 4580 873 4632 vult
898 4594 956 4631 se
979 4593 1100 4632 esse
1121 4577 1222 4630 ﬁde
1246 4576 1461 4645 dignum
1484 4585 1537 4630 et
1567 4577 1799 4646 seipsum
1829 4576 2026 4631 referre
2057 4577 2108 4630 in

534 4688 810 4726 numerum
833 4673 1041 4724 testium
1061 4668 1486 4734 resurrectionis,
1508 4669 1831 4723 contrarium
1857 4668 1980 4723 facit
1995 4668 2109 4737 ejus

530 4760 674 4829 quod
690 4762 899 4813 volebat
920 4777 934 4812 :
951 4769 1223 4828 oporteret
1234 4760 1376 4813 enim
1390 4772 1447 4812 se
1464 4758 1742 4824 extollere,
1757 4767 1812 4814 ct
1826 4760 2111 4813 ostendere

531 4868 654 4907 esse
683 4864 953 4919 magnum,
982 4847 1121 4916 quod
1150 4862 1292 4914 saepe
1322 4847 1447 4899 facit
1466 4862 1586 4901 cum
1620 4857 1828 4915 tempus
1858 4846 2105 4913 postulat.

535 4946 820 5011 Propterea
852 4940 993 4994 enim
1055 4938 1139 4990 hic
1175 4951 1385 5011 quoque
1423 4934 1660 4988 modeste
1699 4936 1947 5001 loquitur,
1978 4951 2107 5003 quo-

533 5036 674 5086 uiam
688 5032 793 5085 hoc
814 5044 925 5084 erat
946 5029 1179 5087 lactucas
1199 5046 1212 5090 ;
1236 5026 1327 5081 sed
1351 5006 1454 5079 iton
1474 5025 1675 5091 statim,
1700 5040 1884 5080 verum
1905 5042 2024 5080 cum
2046 5042 2109 5082 ea

534 5139 635 5189 qua
660 5136 753 5191 par
777 5130 859 5174 est
886 5121 1187 5189 prudentia.
1217 5119 1349 5172 Nam
1372 5133 1493 5172 cum
1526 5119 1673 5187 prius
1700 5116 1940 5173 modeste
1966 5130 2112 5175 esset

533 5218 804 5282 loquutus,
832 5219 887 5263 et
910 5210 962 5261 iu
991 5225 1051 5264 se
1081 5210 1277 5263 multas
1305 5208 1663 5275 congessisset
1687 5210 2107 5276 criminationes,

532 5316 657 5357 tunc
685 5317 771 5357 res
796 5314 921 5354 suas
956 5302 1258 5367 ampliﬁcat.
1302 5298 1517 5365 Quare?
1561 5296 1629 5353 Ut
1682 5313 1803 5353 cum
1860 5316 2106 5371 magnum

534 5394 804 5461 quidpiam
834 5400 887 5446 et
915 5390 1144 5443 sublime
1171 5390 1239 5444 de
1269 5404 1325 5443 se
1356 5388 1604 5456 loquutus
1648 5385 1825 5449 fuerit.
1856 5400 1916 5444 ut
1956 5392 2105 5458 illud,

536 5484 659 5538 Plus
688 5501 836 5552 quam
856 5497 1031 5537 omnes
1049 5480 1290 5544 laboravi,
1321 5495 1384 5535 ea
1410 5482 1619 5535 ratione
1639 5488 1786 5549 grata
1806 5492 1862 5537 et
1892 5492 2105 5552 accepta

532 5578 596 5631 sit
624 5576 817 5639 oratio,
848 5572 989 5640 quod
1016 5588 1082 5628 ex
1110 5570 1339 5640 quadam
1369 5571 1567 5626 dictum
1595 5572 1667 5624 sit
1703 5572 2103 5642 consequentia,

533 5684 635 5721 ιιιιιι
670 5684 729 5721 ex
768 5663 1102 5731 praecedente
1150 5660 1413 5716 instituto.
1447 5660 1737 5730 Propterea
1788 5664 1946 5720 etiam
1975 5666 2106 5723 scri-

1258 298 1313 353 S.
1355 295 1631 352 IOANNIS
1666 290 2136 351 CllIlYSOSTODiI
2178 292 2492 361 ARClllEP.
2533 288 3066 348 CONSTANTINOI‘.

3678 301 3781 359 '33

2207 403 2339 459 heus
2380 404 2447 457 ad
2481 402 2842 470 Timotheum,
2888 421 3008 461 cum
3055 418 3199 465 esset
3222 424 3410 480 magna
3438 412 3507 468 de
3533 412 3785 468 sedictu.

2205 508 2315 557 rus,
2369 494 2515 560 prius
2546 494 2691 563 ponit
2732 510 2859 549 suas
2896 496 3299 567 criminationes
3325 502 3414 570 (1.
3445 500 3581 557 Tim.
3611 505 3665 559 Ι.
3694 505 3779 557 ιε.

2203 599 2335 653 seqq.
2354 584 2399 655 ).
2434 584 2565 638 Nam
2592 586 2681 654 qui
2708 586 2775 639 de
2801 586 2921 640 aliis
2948 588 3161 654 quidem
3205 576 3452 661 magnum
3481 593 3605 662 quid
3631 592 3780 656 dicit.

2206 674 2469 743 intrepide
2494 674 2730 745 loquitur
2750 684 2807 729 et
2830 689 3019 730 secure
3042 679 3161 747 :qui
3185 688 3361 733 autem
3381 696 3603 737 necesse
3625 683 3785 738 habet

2205 766 2438 833 seipsum
2464 765 2701 831 laudare,
2735 766 2966 825 maxime
2991 783 3118 822 vero
3147 783 3269 822 cum
3296 772 3530 841 seipaum
3578 774 3783 843 profert

2207 863 2417 919 testem,
2451 856 2653 925 pudore
2672 857 2904 912 afﬁcitur
2931 867 2985 912 et
3011 859 3297 913 erubescit.
3320 858 3443 915 Ideo
3466 862 3554 918 hic
3576 879 3787 935 quoque

2205 945 2395 1000 beatus
2441 949 2676 1017 seipsqu
2737 950 2883 1017 prius
2929 951 3182 1005 miserum
3212 953 3533 1020 pronuntiat,
3564 966 3619 1009 et
3663 968 3788 1012 tunc

2207 1035 2333 1089 illud
2365 1052 2614 1107 maguum
2652 1040 2903 1110 loquitur.
2932 1041 3043 1095 [loc
3090 1048 3270 1095 autem
3301 1040 3444 1109 facit,
3476 1052 3531 1099 et
3557 1046 3789 1115 prepria

2206 1126 2379 1180 laudis
2396 1130 2692 1182 molestiam
2711 1144 2983 1195 resecans,
3001 1140 3054 1184 et
3065 1145 3183 1200 quas
3209 1140 3391 1201 postea
3412 1142 3537 1188 sunt
3564 1134 3789 1190 dicenda

2208 1217 2332 1271 hinc
2355 1218 2459 1271 fide
2483 1220 2638 1287 digna
2660 1218 2920 1274 eiiciens.
2963 1220 3095 1275 Nam
3141 1223 3233 1291 qui
3280 1238 3399 1292 quae
3442 1234 3567 1278 sunt
3596 1227 3791 1295 probro

2208 1306 2378 1361 danda
2408 1324 2527 1361 ctnn
2564 1312 2782 1365 veritate
2809 1312 3011 1378 retulit,
3046 1322 3099 1366 et
3128 1312 3259 1367 nihil
3287 1329 3475 1370 eorum
3492 1316 3705 1381 celavit,
3736 1327 3793 1374 ut

2206 1399 2351 1466 quod
2383 1399 2670 1454 Ecclesiam
2700 1402 2770 1454 sit
2815 1411 3187 1472 persequutus,
3232 1404 3375 1474 quod
3402 1406 3559 1461 tidem
3589 1406 3791 1464 labefa—

2206 1498 2354 1546 ctare
2379 1502 2623 1557 conatus,
2653 1493 2777 1548 hinc
2804 1496 2966 1549 etiam
2992 1495 3161 1551 efficit
3190 1505 3248 1551 ut
3272 1512 3393 1568 qua:
3417 1508 3540 1554 sunt
3563 1499 3788 1555 honesta

2208 1582 2314 1636 sint
2341 1583 2562 1640 minime
2580 1597 2851 1655 suspecta.

2278 1677 2331 1731 5.
2354 1674 2643 1731 Considera
2673 1687 2852 1733 autem
2879 1694 3036 1749 quam
3082 1680 3300 1748 insignis
3345 1683 3414 1737 sit
3440 1683 3557 1754 ejus
3581 1684 3797 1740 humili-

2209 1766 2351 1819 litas.
2377 1765 2509 1819 Nam
2542 1782 2664 1821 cum
2717 1768 2960 1835 dixisset,
3012 1769 3304 1825 Nouissime
3352 1783 3521 1829 autem
3566 1781 3795 1830 omnium

2207 1857 2342 1909 visus
2367 1867 2440 1910 est
2481 1867 2526 1910 et
2558 1858 2701 1923 mihi,
2735 1874 2801 1913 eo
2848 1876 2954 1914 non
2987 1860 3085 1914 fuit
3112 1870 3441 1916 contentus:
3472 1862 3625 1919 Multi
3649 1869 3793 1921 enim

2209 1946 2483 2013 novissimi,
2518 1948 2707 2018 inquit,
2731 1951 2901 2018 primi,
2947 1960 3000 2004 ct
3050 1952 3203 2021 primi
3248 1954 3508 2009 novissimi
3561 1955 3790 2025 (Hattli.

2211 2037 2298 2093 l9.
2344 2037 2465 2109 so).
2508 2038 2793 2110 Propterea
2852 2042 3090 2108 addidit,
3130 2043 3409 2113 Tamquam
3453 2048 3655 2102 cuidam
3700 2052 3794 2102 ab—

2208 2130 2386 2184 ortivo.
2435 2130 2616 2201 Neque
2670 2132 2757 2186 hic
2813 2134 2981 2200 stetit,
3022 2134 3117 2188 sed
3174 2150 3331 2191 suum
3386 2139 3548 2193 etiam
3589 2139 3796 2194 addidit

2206 2221 2463 2290 judicium
2522 2240 2534 2273 :
2594 2221 2649 2275 9.
2708 2221 2819 2292 Ego
2870 2224 3002 2276 enim
3053 2227 3468 2292 summittimus
3533 2230 3794 2297 apostolo-

2211 2327 2323 2362 rum
2345 2326 2363 2363 :
2391 2316 2474 2380 qui
2515 2330 2615 2365 non
2655 2329 2764 2365 sum
2802 2315 2987 2382 dignus
3030 2316 3201 2368 uocari
3243 2316 3525 2384 apostolus,
3557 2320 3795 2386 quoniam

2210 2414 2536 2472 persequutus
2575 2420 2685 2456 sum
2729 2405 3015 2459 Ecclesium
3057 2404 3174 2459 Dei.
3218 2406 3333 2460 Non
3375 2407 3541 2473 dixit,
3580 2410 3794 2463 Duode-

2208 2494 2313 2547 cim
2366 2494 2558 2557 solum,
2615 2494 2709 2549 sed
2736 2497 2895 2551 etiam
2935 2497 3160 2551 aliorum
3205 2497 3469 2551 omnium.
3526 2498 3650 2553 Haec
3694 2518 3793 2554 au-

2211 2595 2316 2639 tem
2357 2588 2535 2641 ouinia
2576 2587 2817 2654 diccbat,
2846 2588 3005 2642 simul
3044 2597 3099 2643 et
3141 2598 3295 2644 utens
3328 2589 3609 2656 modestia,
3638 2601 3692 2645 et
3716 2594 3795 2647 sic

2209 2690 2267 2733 ut
2295 2680 2402 2733 dixi
2426 2679 2669 2745 affectus,
2702 2689 2756 2733 et
2782 2681 2923 2749 quod
2949 2681 3232 2735 dicendum
3272 2690 3389 2735 erat
3429 2683 3578 2752 prius
3607 2679 3793 2752 dispo-

2211 2785 2365 2835 nens,
2404 2782 2457 2825 et
2508 2780 2566 2825 nt
2610 2772 2878 2824 lubentius
2909 2775 3245 2840 exciperetur
3282 2773 3538 2828 efticiens.
3588 2774 3717 2828 Nam
3748 2777 3793 2828 si

2211 2871 2623 2929 praetergressus
2651 2861 2896 2923 dixisset,
2932 2863 3146 2915 Deliciis
3176 2864 3303 2917 mibi
3355 2863 3598 2928 credere,
3650 2866 3792 2933 quod

2211 2952 2455 3007 Christus
2508 2952 2893 3017 resurrexerit;
2957 2952 3061 3006 vidi
3120 2953 3263 3006 enim
3322 2954 3517 3022 ipsum,
3569 2962 3623 3008 et
3673 2969 3791 3008 sum

2210 3044 2449 3096 omnium
2481 3043 2582 3096 fide
2607 3041 2972 3111 dignissimus,
3003 3042 3171 3113 utqui
3212 3043 3332 3113 plus
3358 3042 3708 3097 laboraverim
3742 3045 3791 3097 id

2210 3132 2351 3202 quod
2381 3132 2658 3186 dicebatur
2684 3133 2845 3187 etiam
2885 3132 3195 3187 attendisset
3223 3147 3318 3187 eos
3346 3133 3435 3202 qui
3463 3133 3746 3187 audiebant
3775 3151 3791 3187 :

2214 3238 2355 3276 nunc
2384 3231 2562 3275 autem
2596 3223 2646 3274 in
2679 3222 2836 3276 rebus
2883 3222 3173 3278 humilibus
3211 3233 3266 3276 et
3314 3224 3537 3292 ahjectis
3565 3225 3790 3293 primum

2210 3322 2471 3375 versatus,
2500 3322 2553 3365 et
2580 3312 2633 3365 in
2650 3312 2714 3365 iis
2732 3327 2848 3381 quae
2869 3304 3238 3367 criminatione
3259 3313 3416 3383 digna
3440 3326 3591 3369 erant
3611 3331 3626 3380 ;
3650 3315 3794 3383 ejus-

2212 3403 2355 3458 modi
2414 3402 2736 3456 narrationis
2783 3405 3076 3472 amputavit
3124 3404 3494 3473 asperitatem.
3556 3414 3608 3459 et
3653 3407 3791 3459 viam

2211 3496 2402 3551 muniit
2450 3494 2514 3547 ad
2571 3494 2861 3549 faciendam
2911 3495 3216 3549 testimonio
3263 3495 3442 3549 fidem.
3493 3494 3784 3566 Propterea

2213 3602 2386 3657 neque
2409 3586 2602 3649 solum,
2634 3594 2691 3640 ut
2717 3586 2825 3640 dixi
2849 3627 2866 3648 ,
2884 3600 2942 3640 se
2962 3587 3270 3657 pronuntiat
3289 3601 3408 3641 esse
3437 3587 3702 3652 ultimum,
3735 3598 3792 3641 et

2213 3675 2485 3745 indignum
2515 3676 2603 3744 qui
2630 3676 2927 3744 appelletur
2944 3676 3236 3744 apostolus,
3261 3674 3359 3729 sed
3377 3674 3532 3730 aﬂ‘ert
3551 3690 3790 3740 causam,

2211 3768 2428 3833 dicens,
2480 3767 2730 3835 Quoniam
2770 3777 3096 3837 persequutus
3136 3783 3246 3819 sum
3290 3764 3591 3819 Ecclesium.
3630 3768 3794 3836 Atqui

2212 3859 2388 3911 omnia
2416 3857 2503 3912 illa
2537 3855 2748 3911 fuerant
2776 3857 3018 3919 remissa,
3040 3856 3134 3909 sed
3160 3864 3333 3909 tamen
3364 3856 3476 3925 ipse
3502 3871 3795 3925 numquam

2213 3957 2296 4002 est
2321 3962 2507 4003 eorum
2538 3947 2757 4011 oblitus,
2790 3947 2976 4000 volens
3002 3946 3284 4000 ostendere
3311 3947 3498 4017 gratia:
3525 3949 3795 4016 magnitu-

2211 4039 2411 4092 dinem.
2446 4038 2507 4092 Et
2539 4038 2654 4091 ideo
2689 4036 2979 4105 subjungit,
3002 4036 3187 4091 dicens
3216 4055 3228 4089 :
3265 4036 3351 4091 10.
3397 4036 3577 4093 Gratia
3624 4049 3796 4094 autem

2212 4128 2309 4182 Dei
2333 4145 2441 4182 sum
2477 4127 2611 4195 quod
2647 4143 2777 4180 sum.
2814 4126 3058 4181 Vidistin‘
3108 4142 3319 4181 rursum
3346 4128 3502 4181 aliam
3527 4143 3791 4183 summam

2214 4216 2598 4270 humilitatem?
2629 4215 2756 4267 Nam
2788 4215 2983 4269 delicta
3032 4216 3246 4283 quidem
3291 4216 3391 4270 sibi
3420 4218 3692 4281 attribuit,
3720 4233 3791 4273 ex

2212 4320 2357 4363 recte
2377 4320 2551 4363 autem
2582 4307 2731 4361 factis
2759 4308 2856 4360 sibi
2883 4307 3035 4371 nihil,
3068 4308 3161 4362 sed
3186 4318 3349 4362 letum
3381 4309 3491 4365 Deo
3511 4310 3788 4367 adscribit.
3864 4344 3873 4353 κ

2216 4399 2414 4453 Deinde
2432 4414 2502 4452 ne
2534 4399 2619 4452 hic
2646 4391 2940 4452 auditorem
2969 4398 3156 4453 reddat
3202 4400 3470 4469 supinum,
3518 4402 3664 4467 dicit,
3720 4402 3793 4456 Et

2212 4490 2376 4557 gratia
2391 4489 2499 4556 ejus
2524 4489 2575 4540 in
2599 4505 2675 4540 me
2696 4504 2851 4541 vacua
2866 4505 2965 4541 non
2985 4490 3099 4557 fuit.
3127 4488 3194 4543 Et
3210 4489 3313 4543 hoc
3331 4505 3517 4545 rursus
3534 4492 3788 4548 demisse.

2214 4578 2327 4631 Non
2358 4577 2489 4631 dixit
2521 4580 2660 4631 enim
2683 4618 2697 4640 ,
2745 4578 2964 4631 Ostendi
2994 4579 3226 4633 studium
3256 4595 3319 4634 ac
3348 4580 3675 4651 diligentiam
3702 4581 3790 4636 di—

2212 4684 2369 4737 gnam
2395 4669 2583 4736 gratia,
2615 4668 2708 4721 sed
2741 4670 2826 4721 illa
2863 4668 3149 4723 Vacuauon
3171 4672 3287 4740 fuit.
3320 4670 3426 4724 Sed
3450 4668 3792 4726 abundantius

2214 4760 2315 4811 illis
2344 4760 2574 4812 omnibus
2622 4758 2865 4812 laboravi.
3742 4790 3753 4823 ιη

2287 4849 2442 4903 Pauli
2470 4851 2745 4903 humilitas.
2770 4850 2966 4906 -Νοη
2994 4852 3144 4917 dixit,
3170 4852 3296 4905 Sum
3330 4848 3637 4917 honoratus,
3668 4855 3785 4917 sed,

2214 4942 2463 4995 Laboravi
2489 4958 2509 4994 :
2535 4950 2589 4996 et
2612 4956 2729 4996 cum
2759 4954 2939 5012 posset
2957 4944 3133 4997 uicere
3158 4950 3210 4994 et
3241 4940 3471 5007 pericula
3493 4952 3546 4995 et
3566 4954 3788 5008 mortes,

2214 5033 2428 5088 nomine
2478 5033 2673 5088 laboris
2722 5047 2905 5088 rursus
2952 5038 3205 5085 extenuat
3253 5031 3392 5099 quod
3431 5032 3629 5087 dictum
3682 5043 3788 5090 est.

2217 5125 2415 5179 Deinde
2444 5139 2629 5178 rursus
2673 5125 2828 5177 solita
2860 5131 3014 5177 utens
3046 5122 3367 5188 humilitate,
3423 5123 3523 5177 hoc
3572 5139 3789 5193 quoque

2212 5216 2319 5271 cito
2366 5213 2745 5282 przctercnrrit,
2801 5220 2855 5263 ct
2906 5219 3073 5263 totum
3120 5210 3227 5264 Deo
3252 5212 3522 5273 adscribit,
3557 5212 3788 5266 dicens:

2218 5302 2338 5358 Non
2356 5320 2447 5376 ego
2471 5317 2659 5366 autem,
2689 5302 2777 5354 sed
2797 5300 2961 5371 gratia
2982 5300 3077 5354 Dei
3099 5319 3309 5357 mecum.
3334 5303 3469 5371 Quid
3491 5301 3590 5356 hac
3608 5301 3785 5356 anima

2217 5396 2374 5452 fuerit
2399 5391 2803 5450 admirabilius?
2853 5390 2982 5445 Nam
3010 5407 3128 5447 cum
3154 5410 3248 5463 per
3272 5402 3379 5448 tam
3406 5392 3569 5447 multa
3599 5405 3659 5446 se
3683 5389 3785 5445 dc-

2217 5488 2519 5557 pressisset,
2549 5495 2603 5538 et
2646 5499 2806 5536 uinum
2838 5483 3091 5553 quiddam
3138 5486 3301 5539 altum
3329 5483 3500 5537 solum
3531 5490 3673 5536 esset
3699 5482 3785 5536 lo-

2215 5590 2431 5648 quutus.
2461 5590 2528 5631 ne
2558 5575 2658 5629 hoc
2681 5574 2898 5644 quidem
2926 5590 3080 5631 suum
3101 5590 3221 5630 esse
3244 5574 3395 5635 dicit,
3411 5580 3465 5627 et
3487 5586 3557 5626 ex
3582 5574 3649 5626 lis
3666 5588 3789 5643 qua

2214 5674 2598 5735 prmcessernnt
2638 5673 2693 5713 et
2717 5678 2836 5735 qum
2862 5669 3055 5731 postea
3073 5666 3201 5715 sunt
3216 5664 3464 5728 sequuta,
3488 5663 3654 5718 altum
3681 5663 3788 5720 hoc
