4014 6208
198 306 305 362 3'27

199 454 341 498 των,
372 434 627 501 ὡσπερεί
661 432 736 497 τῷ
773 435 1092 504 ἐκτρώματι
1138 439 1301 506 ὤφθη
1344 441 1519 506 κάμοί
1593 438 1763 491 Τοῦτο

202 515 667 587 μετριοφροσύνης
720 517 922 586 μᾶλλόν
977 519 1093 571 ἐστι
1141 522 1202 571 16
1242 521 1415 590 ῥῆμα.
1470 520 1602 574 Οὐδὲ
1657 522 1764 589 γὰρ

197 600 384 667 ἐπειδή
432 598 711 667 ἐλάχιστος
755 593 844 667 ἦν,
885 599 976 652 διὰ
1025 600 1184 653 τοῦτο
1234 603 1373 670 μετά
1406 604 1534 665 τοὺς
1574 603 1764 664 ἄλλους

196 679 346 749 αὑτῷ
379 678 553 749 ὤφθη·
583 680 705 732 ἐπεὶ
740 679 841 733 κάν
871 682 1097 751 ἔσχατον
1130 684 1377 746 ἐκάλεσε,
1417 684 1631 736 πολλῶν
1657 685 1764 737 τῶν

195 762 305 831 πρὸ
330 762 515 824 αὑτοῦ,
566 762 762 831 μᾶλλον
797 763 854 815 δὲ
902 766 1119 817 πάντων
1153 766 1533 837 λαμπρότερος
1566 766 1722 834 ὤφθη
1746 786 1759 798 ·

194 845 290 896 καὶ
340 844 388 895 οἱ
442 845 781 897 πεντακόσιοι
818 846 875 898 δὲ
922 847 1139 914 ἀδελφοὶ
1184 849 1245 900 06
1283 848 1459 917 δήπου
1497 848 1758 903 Ἰακώϐου

196 925 439 994 βελτίους
467 922 627 995 ἦσαν,
657 928 844 999 ἐπειδή
873 929 975 997 πρὸ
1014 929 1221 982 ἐκείνου
1247 932 1429 995 αὐτοῖς
1452 932 1629 1003 ὤφθη.
1651 933 1758 983 Καὶ

191 1009 283 1062 διά
314 1010 366 1062 τί
417 1008 513 1077 οὑχ
561 1010 696 1079 ὁμοῦ
745 1014 908 1063 πᾶσιν
950 1014 1189 1080 ἑωρᾶτος
1222 1014 1340 1067 Ἰνα
1372 1015 1758 1086 προκαταδάλῃ

190 1091 290 1160 τῆς
324 1091 561 1153 πίστεως
592 1092 660 1145 τὰ
692 1093 997 1161 σπέρματα.
1032 1094 1089 1145 Ὀ
1122 1096 1231 1165 γὰρ
1261 1097 1476 1167 πρῶτος
1516 1098 1638 1149 ἰδὼν
1667 1100 1759 1150 καὶ

191 1173 439 1243 ἀκριϐῶς
484 1174 936 1245 πληροφορηθεὶς,
995 1180 1104 1239 τοῖς
1146 1178 1327 1241 ἄλλοις
1379 1180 1753 1250 ἀπήγγελλεν·

192 1251 313 1308 εἶτα
374 1256 405 1307 6
462 1254 619 1323 λόγος
670 1256 1015 1327 προφθάνων,
1072 1263 1130 1313 ἐν
1168 1263 1468 1331 προσδοκία]⁸
1530 1262 1757 1332 καθίστη

192 1337 287 1391 τοῦ
348 1339 584 1409 μεγάλου
627 1339 814 1392 τούτου
853 1340 1129 1412 θαύματος
1184 1344 1275 1397 τὸν
1326 1346 1614 1404 ἀκούοντα.
1666 1348 1761 1398 κα)⁵

189 1421 552 1491 προωδοποίει
587 1423 652 1491 τῇ
695 1420 796 1490 τῆς
842 1423 1014 1491 ὅψεως
1060 1426 1262 1478 πίστει.
1310 1426 1410 1479 Διά
1450 1427 1606 1479 τοῦτο
1636 1426 1759 1480 οὗτε

185 1504 328 1571 ὁμοῦ
365 1506 531 1557 πᾶσιν
580 1492 758 1574 ὤφθη,
790 1503 914 1559 οὕτε
942 1510 999 1559 έν
1043 1508 1183 1577 ἀρχῇ
1230 1508 1492 1574 πλείοσιν,
1524 1510 1639 1563 ἀλλ’
1678 1511 1760 1563 ἑνὶ

189 1582 341 1656 [556]
371 1588 517 1655 μόνῳ
537 1586 772 1656 πρῶτον,
805 1590 898 1641 καὶ
928 1589 1101 1659 τούτῳ
1122 1590 1199 1659 τῷ
1228 1591 1512 1661 κορυφαίῳ
1543 1594 1759 1645 πάντων

186 1668 281 1719 καὶ
334 1670 663 1739 πιστοτάτῳ.
714 1671 825 1724 Καὶ
873 1672 981 1743 γάρ
1040 1673 1368 1742 πιστοτάτης
1404 1674 1608 1743 σφόδρα
1652 1674 1757 1728 ἔδει

184 1749 364 1818 ψυχῆς
395 1750 494 1819 τῆς
543 1751 763 1821 πρώτης
802 1753 1096 1825 δεχομένης
1128 1755 1331 1824 ταύτην
1363 1757 1463 1827 τήν
1497 1757 1638 1824 ὄψιν.
1693 1760 1755 1811 Οί

190 1833 289 1901 μὲν
342 1832 448 1899 γάρ
488 1835 625 1901 μετά
680 1835 741 1887 16
794 1836 1010 1905 ἑτέρους
1064 1838 1191 1889 ἰδεῖν
1224 1840 1317 1890 καὶ
1344 1838 1596 1905 ἀκοῦσαι,
1626 1846 1755 1911 παρ’

185 1913 367 1966 αὐτῶν
403 1914 711 1983 βλέποντες,
741 1911 885 1985 εἶχον
921 1917 980 1969 o6
1012 1919 1259 1988 μικράνα
1292 1922 1650 1975 συντελοῦσαν
1679 1926 1757 1987 είς

185 1996 281 2067 τήν
313 1996 495 2049 πίστιν
526 1998 707 2060 αὐτοῖς
732 1998 831 2068 τήν
879 2002 1104 2053 ἐκείνων
1137 2005 1466 2073 μαρτυρίαν,
1506 2008 1599 2058 καὶ
1624 2023 1757 2075 προ·

186 2081 717 2151 παρασκευάζουσαν
767 2083 944 2135 αὑτῶν
972 2084 1070 2153 τὴν
1110 2086 1369 2139 διάνοιανο
1397 2089 1425 2139 6
1453 2088 1510 2139 δὲ
1542 2089 1755 2157 πρῶτος

183 2163 547 2227 καταξιωθεὶς
572 2163 759 2217 τοῦτον
790 2165 935 2228 ἰδεῖν,
959 2167 1177 2237 πολλῆς,
1201 2169 1336 2238 ὅπερ
1370 2168 1541 2238 ἔφθην
1564 2170 1753 2232 εἰπὼν,

184 2246 359 2298 ἐδεῖτο
389 2246 488 2315 τῆς
514 2246 768 2309 πίστεως,
799 2246 938 2300 ὥστε
973 2249 1045 2318 μή
1072 2250 1436 2319 θορυδηθῆναι
1466 2251 1543 2321 τῷ
1577 2269 1755 2321 παρα-

183 2326 325 2395 δόξῳ
348 2330 447 2396 τῆς
485 2328 633 2391 θέας.
670 2329 769 2381 Διά
812 2329 969 2381 τοῦτο
1012 2331 1206 2399 Πέτρῳ
1232 2332 1483 2399 φαίνεται
1518 2335 1750 2402 πρῶτον.

196 2409 256 2460 '0
285 2409 396 2477 γάρ
440 2410 655 2479 πρῶτος
683 2410 844 2462 αὑτὸν
873 2410 1213 2479 ὁμολογήσας
1242 2413 1499 2481 Χριστὸν,
1530 2418 1753 2478 εἰκότως

185 2492 282 2543 καὶ
321 2491 419 2560 τὴν
464 2493 759 2545 ἀνάστασιν
807 2490 1010 2561 ἠξιώθη
1070 2494 1286 2561 πρῶτος
1344 2496 1492 2549 ἰδεῖν.
1547 2498 1623 2551 Οὑ
1670 2498 1756 2552 διὰ

181 2572 347 2625 τοῦτο
378 2574 433 2624 δὲ
468 2574 715 2651 φαίνεται
766 2571 964 2640 πρώτῳ
1010 2574 1177 2644 μόνῳ,
1230 2577 1367 2639 ἀλλ’,
1420 2580 1607 2651 ἐπειδὴ
1662 2583 1755 2633 καὶ

183 2655 560 2722 ἀρνησάμενος
604 2649 692 2722 ἦν,
748 2655 811 2704 ὲκ
860 2656 1175 2723 περιουσίας
1207 2659 1370 2712 αὑτὸν
1418 2649 1753 2730 παρακαλῶν

183 2737 279 2785 καὶ
320 2734 529 2794 δεικνὺς
577 2735 659 2786 ὅτι
713 2734 813 2788 οὐκ
860 2735 1228 2803 ἀπέγνωσται,
1281 2740 1385 2808 πρὸ
1433 2742 1541 2793 τῶν
1580 2742 1754 2795 ἀλλων

182 2815 280 2867 καὶ
308 2814 408 2883 τῆς
434 2814 608 2882 ὅψεως
636 2815 795 2868 αὑτὸν
824 2817 1028 2882 ταύτης
1058 2820 1383 2888 κατηξίωσε,
1421 2822 1513 2874 καὶ
1552 2824 1755 2894 πρώτῳ

177 2897 249 2947 τά
283 2896 525 2965 πρόὸατα
546 2898 861 2967 ἐνεχείρισε.
898 2900 997 2951 Διά
1018 2899 1173 2951 τοῦτο
1196 2903 1289 2953 καὶ
1314 2904 1559 2967 γυναιξὶν
1581 2906 1752 2975 ἐφάνη

180 2976 449 3048 πρώταις.
502 2978 720 3046 Ἐπειδὴ
774 2981 835 3031 τὸ
880 2980 1033 3045 γένος
1084 2979 1388 3047 ἠλάττωται
1444 2985 1627 3050 τοῦτο,
1667 2988 1755 3039 διὰ

178 3061 342 3112 τοῦτο
367 3060 461 3112 καὶ
485 3061 541 3111 ὲν
565 3063 629 3128 τῇ
658 3060 905 3129 γεννήσει
937 3061 1030 3112 καὶ
1054 3062 1110 3113 ὲν
1143 3066 1208 3132 τῇ
1239 3065 1532 3119 ἀναστάσει
1564 3069 1751 3138 πρώτη

180 3142 325 3209 αὑτὴ
354 3142 668 3193 αἰσθάνεται
700 3142 799 3210 τῆς
845 3143 1087 3213 χάριτος.
1125 3146 1281 3198 Μετά
1320 3147 1377 3199 δὲ
1426 3150 1631 3218 Πέτρον
1661 3152 1755 3205 καὶ

177 3224 591 3293 διεσπαρμένως
631 3224 842 3293 ἑκάστῳ
872 3227 1141 3293 φαίνεται,
1170 3231 1265 3281 καὶ
1311 3232 1440 3283 ποτὲ
1467 3232 1569 3300 μὲν
1599 3234 1754 3286 ἐλάτ-

176 3322 319 3367 τοσι,
350 3308 477 3359 ποτὲ
510 3307 566 3360 δὲ
606 3307 865 3371 πλείοσιν,
914 3310 1158 3378 ἀλλήλων
1218 3313 1415 3375 αὑτοὺς
1467 3314 1751 3383 μάρτυρας

177 3391 278 3441 καὶ
308 3388 655 3453 διδασκάλους
680 3392 738 3441 ἐν
765 3390 939 3459 τούτῳ
990 3392 1181 3455 ποιῶν,
1232 3395 1326 3446 καὶ
1357 3395 1484 3457 τοὺς
1517 3396 1749 3448 ἀποστό-

180 3470 309 3532 λους
376 3471 717 3536 ἀξιοπίστους
786 3474 1206 3536 κατασκευάζων
1273 3477 1331 3527 ὲν
1389 3472 1469 3539 οἷς
1535 3478 1746 3546 ἔλεγον·

185 3553 490 3618 Ἕσχατον
541 3552 609 3603 δὲ
669 3551 931 3615 πάντων,
987 3555 1243 3623 ὡσπερεί
1293 3574 1372 3619 τῳ
1406 3559 1748 3627 ἐκτρώματι,

178 3634 347 3701 ὤφθη
369 3634 563 3701 κάμοί.
594 3634 658 3685 Τί
682 3634 927 3703 βούλεται
950 3636 1098 3704 αὑτῷ
1128 3637 1361 3690 ἐνταῦθα
1382 3640 1479 3707 τῆς
1505 3657 1751 3693 ’ταπιιινο⁴

178 3715 456 3782 φροσύνης
488 3714 554 3766 τά
589 3718 830 3784 ῥήματα,
862 3717 895 3786 ἢ
943 3721 1089 3769 ποῖον
1124 3718 1235 3787 ἔχει
1269 3721 1497 3788 καιρόν;
1547 3722 1611 3773 Εἰ
1639 3722 1750 3793 γάρ

176 3796 496 3862 ἂξιόπιστον
522 3798 710 3849 ἑαυτὸν
742 3797 1017 3865 ἀποφῆναι
1050 3798 1296 3866 βούλεται
1329 3802 1421 3852 καὶ
1455 3803 1752 3868 ἐγκαταλέ-

178 3878 269 3941 ξαι
304 3881 417 3940 τοῖς
450 3880 681 3949 μάρτυσι
710 3880 807 3949 τῆς
833 3881 1200 3942 ἀναστάσεως,
1230 3882 1538 3935 τούναντίον
1570 3884 1600 3955 ἢ
1628 3884 1752 3952 βού-

174 3959 331 4012 λεται
360 3962 539 4012 ποιεῖ·
580 3962 779 4031 ἐπᾶραι
801 3961 909 4031 γὰρ
951 3962 1140 4014 ἑαυτὸν
1181 3962 1285 4014 ἔδει
1325 3964 1418 4016 καὶ
1451 3965 1621 4029 δεῖξαι
1654 3968 1748 4036 μέ-

175 4059 283 4110 γαν
313 4042 463 4104 ὄντα,
491 4042 520 4093 6
562 4042 827 4111 πολλαχοῦ
868 4047 1014 4098 ποιεῖ
1049 4044 1240 4111 καιροῦ
1276 4045 1569 4110 καλοῦντος
1599 4050 1746 4102 αὑτό.

175 4123 280 4176 Διά
314 4122 475 4174 τοῦτο
500 4124 607 4193 γάρ
638 4126 731 4177 καὶ
758 4124 989 4177 ἐνταῦθα
1020 4127 1326 4195 μετριάζει,
1371 4129 1557 4199 ἐπειδή
1596 4130 1751 4182 τοῦτο

180 4205 375 4274 μέλλει
403 4209 572 4259 ποιεῖν
589 4223 601 4236 ·
626 4206 742 4259 ἀλλ’
768 4207 867 4259 οὐκ
905 4208 1127 4269 εὐθέως,
1152 4209 1285 4259 άλλά
1310 4212 1445 4277 μετά
1472 4211 1569 4279 τῆς
1604 4213 1751 4281 αύτῴ

178 4285 501 4355 πρεπούσης
526 4289 812 4350 συνέσεως.
850 4290 1122 4359 Πρότερον
1166 4290 1271 4358 γὰρ
1310 4293 1610 4361 μετριάσας
1659 4298 1751 4345 καὶ

177 4368 518 4436 κατηγορίας
577 4371 769 4422 ἑαυτοῦ
826 4373 1181 4440 συμφορήσας
1234 4374 1454 4436 πολλὰς,
1501 4376 1620 4426 τότε
1684 4378 1751 4426 τά

175 4451 303 4503 καθ’
340 4450 530 4501 ἑαυτὸν
554 4452 821 4519 σεμνύνει.
850 4452 913 4503 Τί
949 4452 1175 4521 δήποτε;
1220 4455 1330 4516 Ἰν’,
1360 4456 1486 4507 ὅταν
1513 4458 1572 4509 τὸ
1608 4457 1749 4525 μέγα

175 4533 276 4584 καὶ
323 4529 527 4599 ὐῷηλὸν
564 4532 740 4584 ὲκείνο
787 4534 912 4601 περὶ
938 4534 1133 4587 ἑαυτοῦ
1169 4534 1487 4603 φθέγξηται,
1524 4540 1602 4600 τὸ,
1642 4542 1747 4591 Πε-

167 4612 541 4680 ρισσότερον
574 4611 812 4665 πάντων
836 4614 1154 4676 ἐκοπίασα,
1191 4616 1593 4685 εὐπαράδεκτος
1619 4622 1646 4670 6
1672 4621 1748 4672 λό-

172 4712 274 4762 γος
299 4692 523 4761 γένηται
555 4694 746 4765 ταύτῃ,
777 4696 869 4748 καὶ
897 4696 973 4765 τῷ
1010 4698 1085 4759 ὡς
1124 4697 1183 4759 ἐξ
1226 4699 1543 4763 ἀκολουθίας
1582 4702 1745 4764 τινὸς,

170 4775 318 4829 ἀλλὰ
347 4774 423 4845 μὴ
455 4776 875 4844 προηγουμένως
922 4778 1189 4848 εἰρῆσθαι.
1223 4782 1320 4832 Διά
1346 4782 1499 4833 τοῦτο
1535 4784 1627 4834 καὶ
1657 4782 1745 4834 Τι-

175 4858 367 4927 μοθέῳ
393 4855 637 4924 γράφων,
666 4858 759 4907 καὶ
787 4859 992 4926 μέλλων
1016 4860 1193 4928 λέγειν
1222 4864 1432 4929 μεγάλα
1464 4867 1590 4933 περὶ
1624 4866 1748 4917 ἑαυ-

171 4940 295 5001 τοῦ,
344 4938 605 5008 πρότερον
635 4937 708 4988 τά
739 4943 1167 5011 κατηγορήματα
1199 4944 1361 4994 αὑτοῦ
1392 4945 1593 5013 τίθησι.
1638 4946 1748 4997 Καὶ

171 5021 287 5090 γὰρ
316 5021 346 5070 6
377 5021 474 5085 μὲν
497 5020 625 5089 περὶ
654 5018 828 5071 ἀλλων
850 5036 902 5070 τι
928 5021 1069 5088 μέγα
1094 5023 1286 5090 λέγων,
1319 5025 1487 5087 ἀδεῶς
1514 5026 1747 5091 φθέγγε-

171 5117 267 5153 ται
304 5100 402 5150 καὶ
433 5102 567 5167 μετά
591 5100 897 5171 παρρησίας
922 5116 933 5127 ·
964 5102 991 5152 6
1014 5103 1069 5154 δὲ
1098 5106 1287 5156 ἑαυτὸν
1314 5106 1748 5173 ἀναγκαζόμενος

171 5183 446 5242 ἐπαινεῖν,
473 5184 564 5233 καὶ
583 5184 816 5251 μάλιστα
840 5184 966 5235 ὅταν
988 5186 1079 5237 καὶ
1107 5188 1355 5257 μάρτυρα
1380 5188 1568 5240 ἑαυτὸν
1586 5189 1745 5257 καλῇ,

173 5262 495 5333 αἰσχύνεται
517 5265 609 5314 καὶ
634 5266 859 5335 ἐρυθριᾷ
883 5281 895 5293 ·
934 5265 1020 5317 διά
1049 5266 1111 5336 δὴ
1138 5268 1294 5321 τοῦτο
1316 5272 1405 5323 καὶ
1433 5273 1459 5323 6
1483 5273 1747 5339 μακάριος

174 5344 341 5409 οὗτος
371 5345 628 5416 πρότερον
654 5347 842 5400 ἑαυτὸν
886 5348 1179 5412 ταλανίζει,
1224 5356 1316 5404 καὶ
1349 5354 1469 5405 τότε
1505 5354 1565 5405 τὸ
1605 5355 1747 5423 μέγα

175 5433 364 5484 έκεῖνο
394 5429 699 5498 φθέγγεται.
732 5431 963 5485 ῐιοιεῖνδὲ
1003 5434 1178 5498 τοῦτο,
1204 5436 1265 5487 τό
1292 5454 1347 5487 τε
1380 5436 1615 5507 ἐπαχθὲς
1648 5440 1745 5506 τῆς

246 5647 277 5680 ⁸
301 5645 512 5698 Bavilius
533 5649 794 5712 legendum
818 5654 952 5709 putat
975 5653 1158 5712 μικρόν.

1138 307 1205 363 IN
1253 306 1471 365 EPIST.
1520 311 1535 363 Ι
1600 310 1688 363 AD
1744 304 1908 363 (ΞΟΠ.
1944 307 2174 364 ιιοιιιι..
2219 309 2484 365 XXXVIII

3327 316 3432 372 5‘28

1869 429 2311 497 περιαυτολογίας
2337 430 2365 469 ι)
2396 431 2846 500 ὑποτεμνόμενος,
2881 433 2971 484 καὶ
3002 433 3068 485 τά
3098 434 3235 501 μιτά
3263 434 3429 488 ταῦτα

1866 511 2215 580 ῥηθησόμενα
2246 513 2531 576 ἀξιόπιστα
2559 512 2803 565 ἐντεῦθεν
2834 515 3018 567 ποιιῖιν.
3065 514 3125 567 '0
3150 516 3261 586 γὰρ
3294 520 3432 586 μετά

1863 592 2118 661 ἀληθείας
2142 594 2209 645 τά
2232 596 2567 648 ἐπονείδιστα
2595 596 2729 659 θεὶς,
2767 598 2861 649 καὶ
2889 596 3053 666 μηδὲν
3088 598 3270 651 αὑτῶν
3298 601 3435 652 ἀπο-

1864 675 2231 743 κρυψάμενος.
2290 672 2398 730 οἷον
2439 678 2521 729 ὅτι
2552 676 2649 747 τὴν
2692 678 3015 748 Ἐκκλησίαν
3062 679 3299 744 ἐδίωξεν,
3350 682 3435 734 ὅτι
3475 730 3479 735 .

1863 757 1960 825 τὴν
1990 759 2172 810 πίστιν
2202 759 2494 830 ἐπόρθησε,
2522 762 2615 813 καὶ
2660 762 2727 813 τά
2760 762 2931 831 σεμνά
2962 760 3213 814 ἐντεῦθεν
3261 762 3435 815 ἀνύπ-

1862 855 1999 890 οπτα
2034 844 2196 895 ποιεῖ.

1930 927 1990 973 ε’.
2032 925 2140 975 Καὶ
2170 924 2361 977 σκόπει
2386 927 2888 997 ταπεινοφροσύνης
2922 929 3246 1000 ὑπερὸολήν.
3278 928 3426 1001 [55η

1864 1002 2047 1056 Είπὼν
2080 1008 2209 1075 γάρ,
2244 1008 2548 1075 Ἕσχατον
2584 1008 2649 1059 δὲ
2685 1009 2928 1062 πάντων
2951 1011 3077 1079 ἐμοὶ
3108 1012 3293 1080 ὤφθη,
3332 1016 3431 1065 οὑκ

1861 1086 2102 1155 ἠρκέσθη
2130 1089 2301 1157 τούτῳ
2322 1108 2334 1120 ·
2359 1089 2580 1142 Πολλοὶ
2609 1090 2716 1158 γάρ
2738 1089 2983 1157 ἔσχατοι
3013 1092 3249 1159 πρῶτοι,
3275 1096 3428 1163 φησὶ,

1862 1167 1960 1219 καὶ
1997 1170 2213 1237 πρῶτοι
2244 1172 2509 1239 ἔσχατοι.
2548 1175 2643 1225 Διὰ
2678 1172 2835 1224 τοῦτο
2872 1173 3226 1242 προσέθηκεν.
3292 1177 3429 1228 '00-

1863 1254 2027 1317 περεί
2063 1252 2143 1317 τῷ
2174 1255 2514 1322 ἐκτρώματι.
2548 1258 2655 1309 Καὶ
2695 1257 2813 1308 οὑδὲ
2849 1256 3082 1309 ἐνταῦθα
3110 1258 3259 1325 ἔστη,
3296 1259 3431 1311 ἀλλά

1863 1334 1956 1386 καὶ
1990 1336 2088 1403 τήν
2126 1337 2332 1389 οἰκείαν
2370 1338 2548 1407 κρίσιν
2583 1339 2903 1410 προστίθησι
2941 1340 3027 1391 καὶ
3074 1339 3209 1407 μετά
3251 1340 3431 1402 αἰτίας

1863 1414 2035 1482 λέγων
2062 1431 2073 1440 ·
2117 1419 2255 1485 Ἐγὼ
2295 1419 2407 1487 γάρ
2442 1423 2557 1488 εἰμι
2601 1426 2634 1474 ό
2682 1420 3002 1488 ἐλάχιστος
3034 1422 3146 1473 τῶν
3171 1422 3429 1473 ἀποστό-

1860 1502 2005 1562 λων,
2052 1499 2119 1564 ὃς
2156 1503 2265 1552 οὐκ
2304 1502 2415 1569 είμὶ
2455 1504 2660 1567 ἱκανὸς
2699 1504 3011 1557 καλεῖσθαι
3060 1504 3423 1570 ἀπόστολος,

1863 1578 1949 1631 ὅτι
1988 1580 2202 1643 ἐδίωξα
2236 1581 2350 1647 τὴν
2408 1586 2778 1651 Ἐκκλησίαν
2820 1585 2924 1638 τοῦ
2976 1586 3145 1639 Θεοῦ.
3194 1586 3300 1639 Καὶ
3328 1587 3427 1639 οὐκ

1860 1656 2001 1723 εἷπε,
2036 1663 2153 1714 Τιίν
2180 1662 2382 1716 δώδεκα
2404 1665 2600 1733 μόνων,
2633 1666 2769 1718 ἀλλά
2795 1668 2886 1719 καὶ
2918 1667 3029 1719 τῶν
3054 1663 3228 1720 ἀλλων
3252 1668 3426 1721 ἁπάν-

1859 1760 1983 1795 των.
2028 1744 2208 1797 Ταῦτα
2242 1745 2298 1797 δὲ
2348 1748 2525 1799 πάντα
2562 1747 2695 1816 ὁμοῦ
2733 1748 2829 1817 μὲν
2870 1750 3175 1819 μετριάζων
3217 1751 3423 1818 ἔλεγεν,

1858 1826 1993 1895 ὁμοῦ
2045 1828 2101 1879 δὲ
2151 1829 2244 1880 καὶ
2286 1827 2427 1881 οὑτω
2463 1830 2820 1900 διακείμενος,
2860 1832 2995 1901 ὅπερ
3037 1831 3194 1904 ἔφην,
3236 1834 3330 1887 καὶ
3364 1835 3426 1887 16

1863 1908 2050 1978 μέλλον
2084 1910 2416 1981 ῥηθήσεσθαι
2467 1912 2937 1983 προδιοικούμενος
2990 1915 3086 1967 καὶ
3131 1914 3425 1983 εὑπαράδε-

1859 2007 1985 2043 κτον
2026 1993 2223 2059 μᾶλλον
2272 1994 2457 2047 ποιῶν.
2508 1996 2568 2047 EE
2623 1996 2721 2065 μὲν
2774 1999 2883 2067 γάρ
2914 1994 3199 2067 παρελθὼν
3250 1992 3422 2058 εἶπεν,

1871 2072 2143 2140 Ὀφείλετέ
2170 2093 2258 2143 μοι
2288 2076 2593 2142 πιστεῦσαι,
2622 2080 2702 2130 ὅτι
2743 2079 2940 2147 ἀνέστη
2970 2082 2997 2131 6
3027 2078 3257 2146 Χριστός
3284 2097 3297 2110 ι
3347 2074 3426 2132 εἷ-

1855 2154 1945 2205 δον
1972 2156 2079 2225 γὰρ
2104 2158 2281 2223 αὑτὸν,
2318 2159 2410 2211 καὶ
2442 2158 2656 2213 πάντων
2687 2158 3123 2231 ἀξιοπιστότερός
3157 2162 3293 2229 εἰμι,
3326 2161 3422 2215 ἅτε

1858 2236 2018 2289 πλέον
2051 2238 2262 2308 καμὼν,
2294 2242 2397 2294 κᾶν
2432 2243 2703 2314 προσέστη
2743 2246 2853 2306 τοῖς
2883 2243 3137 2295 ἀκούουσι
3172 2242 3232 2295 16
3271 2243 3423 2311 λεγό-

1860 2335 2019 2386 μενον
2050 2336 2063 2347 ·
2097 2321 2214 2373 νυνὶ
2262 2322 2319 2374 δὲ
2364 2327 2474 2385 τοῖς
2507 2326 2785 2384 ταπεινοῖς
2824 2325 3169 2394 ἑνδιατρίψας
3208 2324 3423 2395 πρῶτον

1857 2403 1950 2455 καὶ
1983 2406 2095 2466 τοῖς
2125 2406 2456 2476 κατηγορίαν
2494 2407 2673 2476 ἔχουσι
2695 2448 2709 2470 ,
2743 2408 2804 2459 τό
2832 2424 2889 2460 τε
2921 2410 3093 2478 τραχὺ
3122 2411 3221 2477 τῆς
3249 2410 3423 2462 τοιαύ·

1856 2501 1952 2553 της
1972 2486 2271 2557 διηγήσεως
2298 2489 2646 2557 ὑπετέμνετο,
2674 2491 2769 2541 καὶ
2794 2493 2860 2559 τῇ
2890 2490 3068 2542 πίστει
3096 2491 3193 2560 τῆς
3222 2510 3419 2562 μαρτυ-

1861 2570 1979 2637 ρίας
2020 2570 2444 2640 προωδοποίησε.
2488 2571 2584 2623 Διά
2621 2571 2683 2641 δὴ
2717 2571 2874 2625 τοῦτο
2902 2572 3020 2625 οὑδὲ
3052 2573 3255 2635 ἁπλῶς,
3284 2576 3419 2643 ὅπερ

1856 2651 2023 2720 ἔφην,
2072 2653 2427 2717 ἀποφαίνεται
2469 2653 2692 2722 ἔσχατον
2737 2653 2926 2707 ἑαυτὸν
2971 2650 3130 2720 εἶναι,
3181 2656 3274 2707 καὶ
3319 2656 3419 2723 τῆς

1854 2734 2224 2802 προσηγορίας
2264 2736 2371 2787 τῶν
2414 2736 2723 2787 ἀποστόλων
2752 2736 2986 2799 ἀνάξιον,
3029 2738 3165 2789 ἀλλὰ
3195 2741 3285 2789 καὶ
3321 2740 3420 2807 τήν

1854 2814 2032 2865 αἰτίαν
2052 2813 2230 2882 τίθησι
2260 2813 2450 2882 λέγων·
2482 2816 2607 2867 ’Ὅτι
2633 2816 2846 2879 ἐδίωξα
2879 2817 2994 2883 τὴν
3035 2820 3395 2884 Ἐκκλησίαν

1855 2896 1964 2947 Καὶ
1996 2895 2102 2964 μήν
2143 2896 2341 2965 ἀφείθη
2380 2896 2556 2948 πάντα
2590 2897 2787 2961 ἐκεῖνα,
2816 2896 2929 2949 ἀλλ’
2958 2899 3105 2967 ὅμως
3136 2896 3296 2963 αὑτὸς
3325 2904 3416 2953 οὑ·-

1853 2978 2041 3029 66:1013
2071 2978 2247 3031 αὐτῶν
2277 2979 2619 3047 ἐπιλέλησται
2645 3021 2659 3044 ,
2709 2981 2769 3032 τὸ
2803 2981 3030 3050 μέγεθος
3059 2983 3158 3049 τῆς
3200 2984 3417 3052 χάριτος

1854 3060 2022 3124 δεῖξαι
2053 3061 2400 3127 βουλόμενος⁶
2431 3062 2512 3113 διὸ
2542 3064 2633 3113 καὶ
2673 3062 2866 3129 ἐπάγει
2896 3063 3087 3130 λέγων’
3124 3066 3323 3131 Χίὶριτι
3350 3065 3417 3116 δέ

1857 3143 2006 3194 Θεοῦ
2033 3146 2143 3205 εἰμι
2185 3143 2217 3193 ὅ
2253 3146 2386 3209 ειμι.
2422 3139 2575 3202 Εἶδες
2614 3143 2774 3195 πάλιν
2822 3146 3011 3218 ἑτέρας
3059 3164 3415 3218 ταπεινοφρο-

1857 3225 2020 3292 σύνης
2055 3224 2395 3292 ὑπερϐολήν;
2443 3223 2521 3275 Τά
2567 3224 2664 3293 μὲν
2691 3226 2797 3294 γὰρ
2837 3225 3193 3296 ἐλαττώματα
3242 3230 3417 3298 ἐαυτῷ

1854 3306 2129 3371 λογίζεται
2150 3323 2161 3334 ·
2194 3305 2376 3357 τῶνδὲ
2412 3307 2845 3376 κατορθωμάτων
2877 3309 3048 3373 οὐδὲν,
3081 3311 3212 3362 ἀλλά
3242 3314 3418 3365 πάντα

1852 3388 2139 3458 ἀνατίθησι
2172 3388 2247 3458 τῷ
2272 3388 2409 3457 Θεῷ.
2460 3384 2611 3451 Εἶτα,
2644 3392 2729 3441 ἵνα
2774 3392 2847 3459 μὴ
2891 3393 2980 3444 16v
3023 3396 3292 3463 ἀκροατὴν
3334 3398 3419 3446 ἐν·

1853 3471 2039 3523 τεῦθεν
2072 3470 2259 3522 ὑπτιον
2301 3472 2518 3540 ποιήσῃ,
2554 3472 2707 3539 φησί·
2733 3474 2839 3523 Καὶ
2887 3475 2924 3538 ἡ
2959 3476 3130 3540 χάρις
3162 3477 3343 3529 αὑτοῦ
3378 3479 3415 3542 ἡ

1852 3555 1939 3615 εις
1963 3553 2066 3618 ἐμὲ
2094 3555 2165 3604 οὺ
2199 3553 2342 3617 κενὴ
2368 3551 2589 3620 γέγονε.
2632 3555 2738 3604 Καὶ
2769 3552 2924 3606 τοῦτο
2953 3555 3113 3607 πάλιν
3147 3557 3413 3609 ὑπεσταλ-

1856 3635 2048 3701 μένιυς.
2085 3635 2157 3683 06
2187 3633 2295 3701 γάρ
2328 3630 2497 3693 εἶπεν,
2536 3634 2713 3696 ’Λείαν
2752 3635 2853 3701 τῆς
2891 3636 3109 3703 χάριτος
3138 3638 3413 3703 ἐπεδειξά-

1854 3732 1960 3781 μην
1996 3713 2248 3782 σπουδήν,
2302 3714 2414 3766 ἀλλ’
2462 3716 2541 3766 ὃτι
2584 3718 2664 3767 06
2713 3716 2857 3779 κενὴ
2900 3719 3163 3784 γέγονεν.
3228 3722 3410 3774 Ἀλλὰ

1852 3797 2279 3863 περισσότερον
2320 3796 2514 3850 αὐτῶν
2553 3797 2789 3851 πάντων
2814 3799 3127 3852 ἐκοπίασα.

1922 3879 2033 3929 Οὑκ
2058 3874 2228 3938 εἶπεν,
2268 3880 2582 3950 Ἐτιμήθην,
2622 3879 2755 3943 ἀλλ’,
2804 3882 3145 3947 Ἑκοπιάσα,
3177 3884 3269 3935 καὶ
3306 3901 3410 3935 κιν-

1850 3958 2036 4020 δύνους
2072 3963 2163 4011 καὶ
2208 3961 2467 4023 θανάτους
2521 3961 2657 4028 ἔχων
2701 3963 2891 4024 εἰπεῖν,
2934 3963 3011 4032 τῷ
3056 3964 3275 4032 ὀνόματι
3316 3965 3410 4019 τοῦ

1851 4043 2019 4094 κόπου
2056 4044 2213 4094 πάλιν
2246 4045 2605 4112 ὑποτέμνεται
2652 4044 2711 4095 16
2748 4046 3049 4113 είρημένον.
3089 4043 3223 4100 Εἶτα
3250 4048 3410 4102 πάλιν

1850 4127 1913 4193 τῇ
1955 4125 2170 4193 συνήθει
2213 4126 2547 4195 κεχρημένος
2581 4127 3043 4197 ταπεινοφροσύνῃ
3068 4169 3081 4193 ,
3116 4131 3208 4180 καὶ
3254 4130 3411 4183 τοῦτο

1851 4206 2056 4273 ταχέως
2084 4207 2422 4275 παρέδραμε,
2447 4208 2541 4260 καὶ
2568 4209 2626 4259 16
2656 4210 2763 4261 πᾶν
2795 4209 3025 4277 ἀνέθηκε
3062 4210 3139 4278 τῷ
3163 4212 3280 4281 Θεῷ
3322 4212 3408 4265 λέο

1852 4303 1993 4353 γων·
2034 4291 2153 4340 Οὐκ
2179 4289 2291 4355 ἐγιῦ
2321 4290 2407 4350 δὲ,
2432 4291 2567 4342 ἀλλ’
2607 4292 2644 4357 ἡ
2678 4290 2848 4357 χάρις
2885 4291 2991 4344 τοῦ
3026 4294 3171 4346 Θεοῦ
3210 4295 3247 4359 ἠ
3290 4294 3409 4347 σὺν

1849 4370 1998 4435 ἐμοί.
2026 4368 2087 4419 Ti
2122 4369 2322 4438 ταύτης
2366 4370 2802 4441 θαυμαστότερον
2849 4374 3045 4439 γένοιτ’
3077 4376 3141 4427 ἂν
3181 4370 3276 4443 τῆς
3309 4378 3410 4445 ψυ-

1850 4451 1944 4519 χῆς
1972 4467 1986 4514 ;
2018 4453 2113 4502 Δια
2160 4452 2267 4520 γάρ
2308 4452 2573 4505 τοσούτων
2612 4454 2801 4505 ἑαυτὸν
2837 4455 3098 4514 καθελὼν,
3140 4460 3231 4509 καὶ
3274 4459 3330 4509 ἓν
3356 4476 3407 4510 τι

1854 4534 2009 4600 μόνον
2043 4533 2241 4601 ὑψηλὸν
2277 4534 2665 4603 φθεγξάμενος,
2705 4536 2824 4586 οὑδὲ
2861 4536 3018 4588 τοῦτο
3049 4538 3211 4589 αὑτοῦ
3247 4556 3409 4609 φησιν

1850 4612 2007 4677 εἶναι,
2050 4616 2379 4685 πανταχόθεν
2424 4616 2804 4685 περιστέλλων,
2839 4619 2946 4671 ἀπό
2980 4636 3039 4672 τε
3074 4620 3180 4670 τῶν
3207 4621 3408 4691 ἐμπρο-

1852 4696 1997 4757 σθεν,
2034 4697 2136 4748 ἀπό
2168 4716 2224 4748 τε
2252 4698 2359 4749 τῶν
2388 4700 2519 4765 μετά
2549 4698 2717 4750 ταῦτα
2745 4700 2804 4750 16
2833 4700 3032 4768 ὑψηλὸν
3054 4701 3207 4753 τοῦτο
3233 4702 3403 4770 ῥῆμα,

1850 4780 1941 4829 καὶ
1971 4778 2136 4830 ταῦτα
2164 4780 2223 4843 ἐξ
2246 4782 2488 4849 ἀνάγκης
2516 4779 2682 4832 ἐλθὼν
2706 4783 2790 4832 ἐπ’
2815 4782 2962 4835 αὐτό.
2989 4784 3182 4835 Σκόπει
3208 4784 3262 4835 δὲ
3290 4785 3405 4839 πῶς

1847 4858 2279 4927 ἐπιδαψιλεύεται
2338 4865 2447 4922 τοῖς
2488 4862 2587 4928 τῆς
2636 4864 3127 4933 ταπεινοφροσύνης
3178 4866 3398 4933 ῥήμασι.

1849 4942 1954 4993 Καὶ
2001 4942 2125 5009 γάρ,
2170 4941 2437 5007 Ἐσχάτῳ
2483 4960 2582 5008 μοι
2625 4942 2790 5009 ὤφθη
2832 4944 3093 5007 πάντων,
3126 4946 3296 5011 φησί·
3325 4944 3403 4997 διὸ

1846 5023 1964 5073 οὑδὲ
1998 5023 2112 5091 μεθ’
2139 5022 2330 5074 ἑαυτοῦ
2361 5039 2480 5073 τινα
2517 5023 2672 5075 ἀλλον
2701 5023 2882 5091 τίθησι
2967 5030 3078 5085 καὶ,
3137 5026 3405 5093 Ὠσπερει

1846 5098 1921 5161 τῷ
1950 5103 2291 5171 ἐκτρώματι,
2317 5106 2406 5155 καὶ
2429 5106 2705 5174 ἐλάχιστον
2737 5108 2925 5158 ἑαυτὸν
2958 5108 3063 5158 τῶν
3092 5107 3400 5161 ἀποστόλων

1846 5180 1983 5235 εἷναί
2016 5202 2165 5252 φησι,
2199 5188 2289 5238 καὶ
2320 5187 2441 5239 οὐδὲ
2475 5188 2571 5255 τῆς
2604 5189 2973 5258 προσηγορίας
2999 5189 3199 5257 ταύτης
3230 5189 3395 5251 ἀξιον.

1846 5266 1955 5317 Καὶ
1984 5266 2100 5318 οὐδὲ
2126 5269 2330 5332 τούτοις
2362 5270 2625 5338 ἠρκέσθη,
2669 5270 2782 5323 ἀλλ’
2815 5270 2900 5321 ’ίνα
2940 5271 3013 5339 μὴ
3043 5271 3166 5340 δόξῃ
3193 5271 3399 5340 ῥήμασι

1846 5356 2301 5419 ταπεινοφρονεῦ,
2487 5354 2578 5406 καὶ
2591 5355 2675 5404 αίτ
2685 5353 2767 5414 ίας
2782 5353 2962 5422 τίθησι
2980 5357 3068 5406 καὶ
3081 5352 3398 5421 ἀποδείξεις.

1846 5434 1937 5487 τοῦ
1980 5434 2076 5503 μὲν
2120 5435 2377 5506 ἓκτρωμα
2418 5435 2641 5490 εἶναιτὸ
2671 5436 2894 5506 ὕστερον
2942 5439 3101 5491 αὑτὸν
3137 5438 3261 5491 ἰδεῖν
3310 5437 3399 5492 16v

1908 5652 1935 5691 δ
1960 5653 2113 5713 Alius,
2134 5655 2452 5717 ταυτολογίας.
