4038 6216
237 401 338 454 529

234 506 445 560 verbum
474 499 801 570 deprimens,
826 496 983 564 idque
1011 506 1132 548 cum
1159 506 1222 544 ex
1267 484 1586 542 necessitate
1632 479 1697 535 ad
1745 477 1798 531 id

235 596 478 649 vcnisiet.
515 591 645 646 Vide
688 599 863 644 autem
903 600 1062 656 quam
1093 583 1160 646 sit
1204 581 1385 650 largus
1407 586 1462 631 et
1480 573 1730 642 copiosus
1751 570 1803 623 in

234 683 406 738 verbis
438 681 770 736 humilitatis.
802 678 1007 733 Etenim
1034 673 1084 728 Ν
1091 673 1320 728 ovissimo
1341 668 1586 730 omnium,
1613 660 1802 732 inquit,

233 775 354 826 mihi
376 774 508 826 risus
533 781 639 833 est;
662 780 938 840 propterea
962 782 1130 836 neque
1151 778 1329 818 secum
1359 759 1505 830 ponit
1531 758 1690 812 alium
1713 771 1727 819 ;
1754 762 1809 808 et

237 865 517 932 Tamquam
541 863 744 916 cuidam
769 862 1015 923 abortivo,
1049 856 1430 922 minimumque
1455 865 1514 905 se
1539 864 1658 904 esse
1683 846 1809 900 dicit

233 956 468 1024 omnium
495 953 876 1023 apostolorum,
906 960 1080 1003 etnec
1104 960 1221 1000 esse
1244 944 1462 1012 dignum
1493 939 1583 1010 qui
1614 939 1687 991 sic
1720 955 1811 1002 ap-

233 1046 476 1114 pelletur.
509 1043 690 1113 Neque
721 1043 803 1098 his
839 1040 936 1095 fuit
980 1044 1281 1098 contentus,
1327 1033 1419 1087 sed
1476 1046 1544 1085 ne
1573 1029 1812 1081 videatur

233 1135 405 1190 verbis
433 1147 552 1188 esse
576 1132 815 1196 humilis,
847 1128 1000 1183 affert
1016 1126 1175 1181 etiam
1197 1136 1386 1184 causas
1405 1130 1458 1175 et
1474 1119 1811 1174 demonstra-

233 1229 424 1291 tiones,
455 1223 596 1294 quod
628 1225 698 1278 sit
743 1221 956 1290 quidem
987 1217 1280 1278 abortivus,
1305 1211 1553 1283 queuiam
1582 1209 1694 1277 ipse
1719 1206 1810 1261 Je-

232 1333 348 1371 sum
379 1316 510 1369 vidit
541 1311 838 1383 posterior;
886 1307 1027 1379 quod
1079 1315 1256 1361 autem
1312 1306 1381 1358 sit
1426 1301 1673 1370 indignus
1723 1295 1815 1366 qui

233 1406 527 1476 appelletur
544 1402 834 1472 apostolus,
864 1399 1113 1469 quoniam
1137 1403 1489 1465 persequutus
1511 1400 1594 1445 est
1624 1389 1812 1444 Eccle-

233 1500 388 1552 siam.
419 1496 549 1550 Nam
580 1495 668 1563 qui
719 1501 921 1547 temere
948 1500 1002 1544 et
1030 1487 1534 1555 inconsiderateest
1578 1481 1812 1546 humilis,

235 1587 338 1642 hoc
364 1603 467 1641 non
501 1585 621 1638 facit
646 1603 658 1637 :
685 1584 771 1653 qui
793 1591 967 1636 autem
998 1581 1156 1636 etiam
1188 1577 1565 1639 all‘ertcausas,
1592 1572 1815 1628 contrita

237 1688 415 1733 mente
435 1677 610 1730 omnia
635 1676 884 1744 loquitur.
913 1674 1272 1740 Quamobrem
1295 1670 1452 1723 etiam
1481 1667 1604 1722 alibi
1633 1681 1815 1720 eorum

238 1770 497 1828 meminit,
525 1767 707 1821 dicens
736 1784 749 1818 :
779 1764 1011 1818 Gratiam
1042 1774 1207 1816 autem
1238 1762 1392 1814 habeo
1429 1761 1473 1812 ei
1496 1775 1580 1827 qui
1603 1773 1684 1810 me
1707 1772 1818 1808 cor-

237 1859 486 1912 roboravit
511 1855 732 1917 Christo,
762 1856 900 1922 quod
937 1871 1012 1906 me
1039 1853 1238 1921 ﬁdelem
1284 1867 1388 1903 esse
1431 1848 1816 1910 existimaverit,

235 1951 374 2020 quod
395 1965 472 2001 me
501 1948 568 2000 ad
592 1947 924 1999 ministerium
958 1946 1202 2012 posuerit,
1231 1945 1316 2013 qui
1343 1943 1484 2012 prius
1523 1959 1659 1995 cram
1687 1941 1821 1994 blas-

241 2041 450 2108 phemus
477 2048 522 2088 et
543 2046 867 2106 perat/utitor
891 2046 933 2086 et
953 2033 1340 2087 contumeliosus
1368 2033 1450 2102 (1.
1476 2031 1604 2084 Tim.
1625 2032 1675 2084 1.
1708 2029 1819 2100 12).

239 2130 418 2194 Quare
441 2137 617 2181 autem
647 2127 748 2179 hoc
774 2141 985 2195 quoque
1016 2125 1183 2178 altum
1222 2124 1442 2177 verbum
1487 2133 1565 2178 est
1597 2122 1821 2191 eloquu-

242 2230 351 2280 tns,
379 2217 731 2271 Abundantius
782 2218 906 2286 ipsis
934 2216 1155 2268 laboravi
1173 2215 1196 2266 Ρ
1251 2213 1476 2268 Videbat
1511 2222 1717 2279 tempus
1741 2210 1821 2264 af-

243 2312 381 2362 ferre
434 2313 823 2363 necessitatem.
882 2307 1010 2360 Nam
1062 2307 1105 2359 si
1163 2306 1262 2358 hoc
1310 2319 1415 2358 non
1457 2305 1699 2366 dixisset,
1731 2302 1824 2356 sed

243 2400 477 2468 seipsum
493 2399 664 2452 solum
691 2395 1070 2465 vllipendisset,
1090 2395 1360 2466 quomodo
1381 2396 1641 2464 potuisset
1661 2393 1828 2448 libere

244 2497 300 2543 ct
319 2488 651 2543 conﬁdenter
679 2490 914 2556 seipsum
945 2488 1112 2541 citare
1134 2485 1199 2541 ad
1226 2486 1606 2549 testimonium,
1630 2495 1683 2538 et
1706 2499 1826 2539 cum

245 2579 365 2633 aliis
392 2593 711 2633 enumerare
739 2587 794 2632 et
822 2579 1017 2641 dicere,
1040 2577 1175 2631 .Sive
1203 2579 1335 2629 enim
1361 2593 1471 2646 ego,
1511 2579 1612 2629 sive
1638 2577 1734 2640 illi,
1756 2578 1829 2630 sic

248 2667 619 2735 prtedicamus?
662 2667 876 2720 Testem
905 2669 1046 2719 enim
1089 2675 1300 2734 oportet
1335 2679 1450 2719 esse
1483 2665 1584 2718 tide
1612 2665 1827 2733 dignum

244 2772 301 2816 et
327 2776 596 2830 magnum.
622 2759 897 2828 Quomodo
922 2770 1101 2814 autem
1142 2761 1264 2813 aliis
1293 2760 1650 2815 abundantius
1675 2760 1825 2813 labo-

247 2853 464 2916 raverit,
487 2853 717 2908 ostendit
753 2853 1020 2920 superius,
1068 2853 1253 2906 dicens
1284 2871 1293 2904 :
1330 2853 1409 2904 Αη
1454 2869 1554 2905 non
1595 2852 1834 2905 habemus

249 2953 544 3012 potestatem
577 2943 866 2996 comedendi
917 2954 961 2996 et
990 2943 1186 2996 bibendi
1216 2945 1344 2995 sicut
1373 2953 1416 2995 et
1447 2943 1536 2995 alii
1580 2941 1835 3012 apostoli?

250 3043 306 3086 et
331 3047 535 3096 rursus,
567 3031 752 3086 Factus
774 3038 982 3098 sumtis,
1015 3034 1100 3100 qui
1122 3042 1263 3085 erant
1289 3033 1400 3085 sine
1427 3033 1552 3102 lege,
1583 3042 1840 3102 tamquam

251 3142 409 3179 essent
435 3128 541 3179 sine
570 3127 675 3196 lege
705 3133 720 3195 (
747 3127 794 3180 l.
828 3125 946 3179 Cor.
979 3126 1032 3179 9.
1067 3127 1117 3178 4.
1162 3124 1286 3193 21).
1329 3124 1426 3179 Ubi
1455 3125 1595 3178 enim
1621 3133 1834 3193 oporte-

254 3217 347 3270 bat
385 3217 671 3273 ostendere
696 3228 941 3272 exactam
983 3218 1310 3287 diligentiam
1351 3227 1405 3271 et
1437 3217 1834 3286 perfectionem,

251 3298 450 3362 omnes
488 3309 760 3377 superavit
786 3325 798 3359 :
831 3316 885 3360 et
916 3307 1000 3360 ubi
1023 3308 1373 3362 conveniebat
1401 3321 1457 3361 se
1482 3306 1762 3361 demittere
1787 3317 1841 3360 et

252 3397 375 3451 aliis
404 3397 823 3463 accomodare,
845 3399 894 3452 id
916 3413 1125 3474 quoqqp
1159 3398 1480 3451 excellenter
1511 3397 1650 3452 fecit.
1697 3396 1840 3452 Νοτι-

255 3489 390 3542 nulli
421 3497 599 3544 autem
654 3489 858 3555 dicunt,
913 3488 1053 3558 quod
1086 3489 1281 3543 missus
1323 3490 1391 3541 sit
1445 3488 1508 3541 ad
1542 3498 1759 3557 gentes,
1788 3500 1840 3541 et

259 3580 548 3633 maximam
576 3577 722 3631 orbis
752 3589 953 3645 partem
1001 3579 1314 3645 pervaserit.
1346 3576 1501 3632 Unde
1525 3587 1605 3631 est
1633 3580 1839 3647 perspi-

255 3685 416 3725 cuum
444 3669 586 3739 quod
615 3669 870 3737 majorem
901 3671 1123 3738 gratiam
1153 3670 1220 3723 sit
1247 3680 1581 3740 assequutus.
1612 3669 1667 3724 Si
1699 3671 1840 3724 enim

265 3765 388 3833 plus
419 3763 695 3826 laboravit,
723 3763 948 3832 amplior
973 3765 1132 3816 etiam
1157 3772 1270 3817 erat
1293 3765 1460 3832 gratia
1487 3782 1498 3815 :
1531 3763 1842 3831 ampliorem

257 3863 439 3909 autem
456 3854 678 3923 gratiam
702 3862 784 3907 est
801 3857 1179 3922 consequutus,
1202 3853 1450 3921 quoniam
1475 3853 1644 3921 majus
1669 3860 1845 3906 osten-

257 3944 339 3998 dit
359 3943 594 3998 studium
627 3952 680 3998 et
708 3943 1057 4013 diligentiam.
1085 3941 1273 3996 Vidisti
1297 3942 1584 4012 quomodo,
1609 3957 1703 4012 per
1727 3957 1846 4012 qua:

258 4035 387 4089 dum
428 4035 701 4090 contendit
726 4044 781 4090 et
811 4036 999 4092 nititur
1043 4032 1137 4090 su‘a
1167 4033 1487 4090 adumbrare
1526 4045 1581 4091 et
1632 4045 1843 4106 tegere,

260 4124 566 4180 ostenditur
587 4125 786 4194 primus
827 4124 1103 4178 omnium?

335 4215 389 4270 6.
434 4215 556 4269 lltnc
603 4231 700 4269 nos
753 4229 961 4283 quoque
1013 4214 1329 4277 audientes,
1371 4213 1563 4270 delicta
1628 4214 1849 4283 quidem

267 4319 451 4364 nostra
483 4307 820 4362 traducamus
853 4315 907 4362 et
929 4307 978 4359 in
1008 4307 1274 4377 publicum
1317 4305 1670 4375 proferamus,
1703 4317 1851 4363 recte

266 4411 444 4456 autem
479 4399 613 4454 faeta
644 4402 930 4464 sileamus;
965 4410 1018 4455 et
1048 4400 1092 4454 si
1125 4409 1334 4468 tempus
1357 4399 1732 4453 necessitatem
1764 4400 1848 4452 af-

269 4493 403 4545 ferat
427 4532 441 4556 ,
471 4505 531 4545 ea
563 4490 803 4545 modeste
832 4490 1069 4543 dicamus
1089 4531 1101 4554 ,
1135 4500 1190 4543 et
1216 4498 1382 4544 totum
1414 4491 1595 4558 gratiae
1626 4491 1852 4557 impute-

271 4599 408 4637 mus.
441 4580 594 4649 Quod
624 4584 737 4649 ipse
763 4596 976 4651 quoque
1007 4581 1127 4634 facit
1151 4623 1166 4646 ,
1199 4595 1398 4649 susque
1423 4581 1594 4650 deque
1627 4583 1850 4649 primam

269 4670 486 4738 quidem
518 4683 668 4724 suam
695 4677 885 4723 notans
921 4664 1120 4733 vitam,
1152 4685 1272 4738 qua:
1303 4677 1479 4722 autem
1509 4682 1689 4737 pOStea
1731 4681 1856 4723 sunt

270 4767 598 4830 consequuta
621 4799 636 4818 ,
662 4759 850 4827 gratia:
879 4759 1144 4827 imputans
1165 4801 1179 4824 ,
1210 4768 1266 4813 ut
1296 4759 1438 4813 omni
1476 4774 1540 4814 ex
1577 4770 1724 4826 parte
1751 4775 1854 4813 os-

272 4853 459 4907 tendat
504 4851 595 4906 Dei
637 4848 1011 4918 benignitatem
1053 4860 1106 4902 et
1146 4850 1519 4915 clementiam,
1564 4849 1702 4918 quod
1733 4864 1852 4903 cum

276 4941 400 4994 talis
418 4950 582 5004 esset,
608 4954 730 4995 eum
761 4939 1072 5002 servaverit,
1105 4929 1368 4994 et'rursns
1398 4950 1664 4994 servatum
1697 4942 1853 4994 talem

276 5029 482 5082 tecerit.
506 5029 674 5084 Nemo
695 5043 822 5098 ergo
843 5042 905 5080 ex
930 5028 1012 5088 iis,
1037 5026 1125 5094 qui
1157 5038 1277 5079 sunt
1304 5028 1353 5079 in
1380 5029 1512 5081 vitio
1530 5071 1542 5089 ,
1569 5029 1815 5098 desperet
1839 5047 1853 5095 ;

275 5133 438 5173 tremo
462 5135 529 5173 ex
555 5121 638 5184 iis,
668 5121 757 5189 qui
787 5129 910 5174 sunt
940 5118 990 5171 in
1021 5119 1247 5181 virtute,
1282 5119 1511 5172 conﬁdat
1537 5136 1550 5171 :
1576 5121 1669 5172 sed
1698 5132 1752 5175 et
1773 5121 1856 5175 hic

278 5210 351 5263 sit
378 5207 591 5261 timidus
611 5249 625 5272 ,
654 5220 708 5263 et
737 5210 828 5264 ille
854 5217 1132 5278 promptus
1159 5216 1210 5261 et
1251 5206 1465 5260 alacris.
1505 5207 1685 5276 Neque
1713 5211 1855 5265 enim

277 5304 371 5370 qui
405 5309 488 5356 est
519 5301 666 5370 piger
703 5312 757 5354 et
799 5317 982 5356 socors
1011 5343 1026 5366 ,
1060 5300 1292 5354 suﬂicict
1331 5298 1397 5352 ad
1442 5300 1759 5354 manendum
1806 5303 1855 5355 in

279 5393 515 5454 virtute;
548 5403 721 5456 neque
749 5395 837 5457 qui
882 5391 1115 5445 studium
1158 5389 1376 5444 adhibet
1403 5397 1459 5442 et
1492 5388 1855 5459 diligentiam,

280 5482 386 5535 erit
412 5479 710 5536 imbecillus
747 5477 816 5531 ad
854 5476 1161 5539 nutriendum
1193 5478 1397 5533 vitium.
1444 5478 1643 5534 Horum
1681 5490 1858 5534 autem

283 5575 562 5628 amborum
592 5570 892 5640 esetnplum
923 5580 1006 5623 est
1032 5571 1221 5625 beatus
1250 5571 1433 5637 David,
1469 5584 1523 5627 ut
1555 5573 1666 5642 qui,
1695 5589 1860 5642 quan-

285 5664 356 5717 do
385 5680 569 5733 parum
592 5661 932 5735 dormitavit,
965 5660 1118 5714 valde
1145 5661 1419 5724 ceciderit,
1451 5674 1503 5717 et
1527 5664 1738 5732 quando
1767 5662 1863 5717 fuit

281 5766 676 5824 compunctus,
718 5756 784 5813 ad
827 5755 1058 5828 priorem
1114 5765 1357 5808 reversus
1397 5755 1467 5807 sit
1500 5757 1855 5811 ultttutlittctl't.

1171 373 1234 429 IN
1277 368 1484 427 EPIST.
1528 365 1548 419 ι
1609 344 1700 420 tto
1738 361 1893 418 con.
1935 355 2163 413 HOMIL.
2206 349 2491 405 xxxwu.

3375 345 3479 403 3'50

1910 474 2047 529 Sunt
2074 472 2216 526 enim
2263 480 2482 538 utraque
2512 484 2575 522 cx
2617 483 2769 536 coquo
2799 469 2966 532 mala,
3010 474 3064 519 et
3105 465 3392 535 desperare
3429 471 3485 518 et

1911 567 2115 636 pigrum
2143 578 2263 617 esse
2305 576 2367 615 ac
2396 561 2746 631 negligentem
2777 577 2790 611 :
2824 574 2945 613 nam
2979 558 3106 611 illud
3133 557 3348 627 quidem
3380 557 3487 610 cito

1913 647 2088 726 dejicit
2126 656 2192 709 ab
2217 657 2331 723 ipso
2360 653 2472 704 cmli
2507 653 2705 705 fornice
2730 668 2744 714 ;
2773 650 2873 704 hoc
2898 662 3074 704 autem
3103 665 3206 704 non
3233 650 3488 718 permittit

1913 748 2085 818 utqui
2120 745 2258 816 jacet
2297 753 2557 814 resurgat.
2605 745 2888 811 l’rOptorea
2921 745 2992 797 illi
3023 745 3238 814 quidem
3276 744 3490 798 diccbat

1913 841 2126 902 Paulus,
2155 838 2255 905 Qui
2284 838 2478 890 videtur
2504 847 2658 899 stare,
2692 836 2855 889 uideat
2882 853 2943 889 ne
2968 838 3116 890 cadat
3144 837 3220 906 (2.
3251 837 3366 891 Cor.
3394 838 3482 891 10.

1917 930 2003 998 12)
2030 946 2043 987 ;
2076 928 2195 981 huic
2225 937 2400 980 autem
2426 967 2440 991 ,
2494 924 2661 979 Hodie
2690 927 2733 979 si
2763 942 2930 979 uocem
2960 930 3068 996 ejus
3095 927 3356 982 audieritis
3381 970 3395 991 ,
3427 945 3489 981 ne

1915 1019 2166 1071 obduretis
2195 1016 2351 1070 corda
2393 1006 2556 1069 uestra
2599 1014 2770 1086 (Psal.
2802 1017 2892 1071 91.
2926 1018 2980 1086 8)
3007 1035 3019 1081 ;
3053 1027 3106 1070 et
3136 1034 3350 1085 rursus,
3383 1017 3487 1071 Re-

1917 1110 2096 1163 missas
2119 1125 2296 1162 manus
2322 1117 2368 1160 et
2393 1107 2638 1161 dissoluta
2660 1125 2822 1177 genua
2848 1109 3021 1179 erigite
3042 1108 3224 1180 (Hebr.
3263 1111 3348 1165 12.
3375 1111 3489 1182 η).

1920 1200 2051 1254 Eum
2079 1213 2290 1269 quoque
2319 1199 2406 1268 qui
2439 1199 2726 1253 fornicatus
2758 1198 2950 1265 fuerat,
2979 1215 3099 1253 cum
3128 1202 3320 1257 ductus
3348 1213 3494 1258 esset

1921 1294 2252 1363 poenitentia,
2276 1302 2554 1362 propterea
2584 1301 2811 1357 recreat,
2837 1309 2902 1347 ne
2930 1295 3087 1348 nimia
3115 1296 3492 1354 absorberetur

1924 1381 2154 1436 tristitia.
2183 1381 2319 1447 Quid
2349 1396 2477 1450 ergo
2507 1382 2557 1435 in
2596 1382 2717 1437 aliis
2745 1385 2922 1438 animo
2949 1387 3160 1454 angoris
3179 1428 3194 1452 ,
3226 1403 3260 1441 o
3294 1389 3453 1444 homo
3479 1393 3491 1444 1

1922 1467 2051 1523 Nam
2083 1472 2127 1525 si
2158 1473 2207 1524 in
2240 1474 2487 1540 peccatis,
2524 1474 2610 1526 ubi
2640 1482 2723 1529 est
2753 1476 2894 1530 utilis
2915 1477 3087 1530 solum
3117 1476 3328 1534 tristitia
3349 1521 3364 1544 ,
3396 1483 3489 1534 im-

1923 1563 2216 1617 moderatio
2241 1580 2491 1634 maguum
2534 1567 2687 1620 ail'ert
2715 1568 2968 1622 damnum
2990 1611 3004 1632 ,
3033 1572 3199 1626 multo
3231 1574 3398 1642 magis
3444 1575 3494 1628 in

1921 1655 2057 1707 aliis.
2077 1654 2183 1708 Cur
2204 1656 2344 1708 enim
2371 1655 2522 1709 (Ioles
2543 1657 2565 1708 ?
2586 1673 2652 1709 an
2675 1658 2818 1727 quod
2849 1661 3126 1725 pecuniam
3157 1663 3454 1728 perdideris
3473 1663 3499 1715 ?

1923 1745 2025 1798 Sed
2053 1747 2223 1814 cogita
2254 1761 2348 1800 eos
2377 1748 2464 1815 qui
2505 1762 2571 1800 ne
2602 1763 2738 1818 pane
2766 1750 2977 1819 quidem
3009 1753 3303 1819 satiantur,
3341 1767 3394 1808 et
3424 1756 3502 1809 ei—

1927 1835 2180 1888 tissimam
2221 1837 2452 1903 accipies
2498 1836 2938 1894 consolationet‘n.
2985 1843 3046 1895 Et
3098 1843 3147 1896 in
3180 1860 3499 1915 unoquoque

1926 1942 2132 1992 eorum,
2164 1944 2282 1997 qua:
2308 1939 2432 1982 sunt
2457 1933 2638 1998 gravia
2666 1941 2720 1986 et
2749 1948 2955 2002 aspera,
2982 1951 3049 1988 ne
3076 1935 3274 2002 deﬂeas
3294 1953 3355 1992 ea
3382 1955 3507 2008 quas

1927 2020 2272 2085 acciderunt;
2305 2022 2396 2076 sed
2428 2039 2522 2090 pro
2553 2025 2649 2087 iis,
2673 2042 2789 2093 qum
2820 2042 2922 2080 non
2953 2029 3259 2084 acciderunt
3289 2045 3504 2100 aspera,

1929 2126 2024 2179 age
2045 2114 2260 2180 gratias.
2295 2113 2528 2168 Habuisti
2575 2117 2824 2183 pecunias
2852 2127 2904 2171 et
2932 2120 3199 2175 amisisti?
3229 2122 3311 2177 Nec
3335 2109 3506 2194 1³εῄ-

1930 2204 2091 2257 meris
2119 2221 2211 2270 pro
2235 2204 2431 2258 datnim
2459 2249 2468 2269 ,
2511 2208 2604 2262 sed
2639 2225 2737 2275 age
2773 2212 2969 2280 gratias
3009 2228 3105 2282 pro
3135 2225 3377 2285 tempore
3399 2233 3506 2286 quo

1931 2292 1994 2345 iis
2026 2295 2221 2361 potitus
2251 2311 2308 2348 es
2340 2315 2353 2350 :
2381 2298 2465 2351 die
2508 2316 2626 2353 cum
2667 2300 2802 2355 ,ιοὺο
2828 2345 2841 2365 ,
2894 2305 2953 2359 Si
2996 2305 3126 2361 bona
3156 2311 3441 2378 accepimus
3475 2329 3507 2365 a

1931 2382 2170 2450 Domino,
2197 2401 2285 2438 cur
2309 2388 2444 2440 mula
2474 2407 2573 2443 non
2598 2394 2950 2450 sustinebimus
2987 2397 3107 2468 (Job
3135 2398 3186 2453 2.
3216 2403 3299 2468 16)
3325 2401 3347 2454 ?
3374 2403 3504 2456 Cum

1934 2480 2036 2535 hoc
2063 2490 2237 2536 autem
2279 2483 2407 2537 illud
2454 2486 2613 2540 etiam
2643 2488 2920 2543 considera
2954 2507 2968 2543 :
3001 2493 3046 2545 si
3079 2493 3303 2548 amisisd
3345 2510 3503 2562 pecu-

1935 2572 2084 2636 nias,
2123 2581 2394 2643 atcorpus
2435 2575 2646 2629 interim
2690 2575 2854 2633 habes
2892 2595 3120 2645 sanum,
3162 2592 3216 2636 et
3258 2599 3360 2637 non
3387 2600 3507 2640 eum

1937 2672 2243 2729 paupertate
2269 2665 2336 2718 de
2369 2667 2485 2733 ejus
2514 2681 2723 2737 quoque
2752 2670 3057 2726 lamentaris
3088 2673 3412 2730 infirmitate.
3447 2679 3512 2732 At

1938 2760 2082 2810 tuum
2113 2754 2276 2806 etiam
2306 2771 2501 2823 corpus
2528 2759 2763 2827 aliquam
2791 2776 3003 2829 passum
3035 2777 3110 2818 est
3143 2781 3333 2820 nonatn
3355 2769 3380 2819 ?
3406 2767 3512 2824 Sed

1939 2859 2042 2897 non
2075 2853 2155 2898 est
2193 2845 2277 2899 hic
2307 2847 2498 2900 fundus
2525 2851 2783 2903 malormn
2815 2851 3166 2907 humanorum
3187 2897 3199 2919 ,
3235 2859 3328 2912 sed
3361 2858 3514 2928 ferris

1940 2935 2151 2989 interim
2191 2937 2243 2989 in
2287 2939 2462 2992 medio
2489 2939 2651 2992 dolio.
2692 2940 2842 2994 Multi
2873 2943 3014 2996 enim
3051 2960 3169 2997 cum
3205 2958 3516 3015 paupertate

1940 3039 2001 3079 ac
2026 3025 2358 3080 mutilatione
2405 3029 2670 3082 luctantur
2701 3039 2754 3084 et
2791 3046 2910 3084 cum
2947 3033 3222 3099 da-mone,
3255 3048 3309 3089 et
3337 3050 3517 3092 errant

1942 3113 1992 3166 in
2024 3114 2250 3169 desertis
2280 3133 2291 3168 :
2337 3117 2422 3169 alii
2455 3133 2639 3172 rursus
2675 3121 2785 3173 alia.
2819 3123 3090 3189 patiuntur
3127 3124 3210 3182 his
3247 3142 3515 3196 graviora.

1943 3205 2094 3258 Absit
2119 3206 2257 3259 enim
2299 3218 2355 3260 ut
2387 3210 2646 3276 patiamur
2675 3227 3024 3281 (pereuntque
3070 3217 3178 3286 pati
3210 3204 3513 3286 possunms.

1945 3295 2068 3350 llmc
2095 3312 2223 3366 ergo
2250 3312 2463 3368 semper
2502 3310 2752 3369 reputans
2775 3344 2788 3368 ,
2823 3319 2915 3358 eos
2941 3307 3108 3375 etgita
3137 3311 3223 3377 qui
3255 3311 3523 3377 patiuntur

1942 3388 2208 3455 graviora,
2237 3397 2290 3442 et
2313 3388 2380 3443 de
2405 3390 2551 3444 nullo
2581 3405 2764 3445 eorum
2797 3394 3012 3459 doleas;
3038 3399 3132 3452 sed
3161 3401 3376 3468 quando
3398 3419 3521 3470 pee-

1944 3480 2083 3549 caris
2109 3518 2121 3539 ,
2160 3487 2282 3531 tunc
2321 3479 2492 3532 solum
2522 3481 2809 3550 ingemisce
2834 3525 2849 3548 ,
2880 3495 3004 3540 tunc
3045 3487 3340 3559 lacrymare
3372 3509 3384 3544 :
3417 3510 3522 3548 non

1946 3569 2237 3639 prohibeo,
2267 3572 2360 3626 sed
2407 3574 2586 3641 potius
2629 3577 2853 3640 hortor;
2891 3589 2944 3632 et
2991 3588 3116 3635 tunc
3159 3599 3373 3652 quoque
3403 3601 3522 3640 cum

1946 3660 2335 3726 moderatione,
2368 3667 2607 3733 cogitans
2631 3667 2774 3735 quod
2804 3672 2873 3722 sit
2900 3674 3158 3740 reversio,
3190 3676 3259 3730 sit
3288 3682 3528 3733 reconci-

1949 3751 2114 3804 liatio.
2150 3756 2218 3804 At
2259 3753 2412 3808 vides
2439 3757 2576 3810 alios
2603 3773 2723 3812 esse
2769 3759 2820 3811 in
2860 3760 3102 3826 deliriis,
3156 3773 3206 3819 te
3253 3778 3430 3822 autem
3476 3772 3529 3824 in

1944 3854 2263 3912 paupertate
2287 3888 2302 3912 ,
2333 3847 2604 3918 alimurque
2627 3851 2922 3919 Splendidis
2949 3855 3192 3911 indutum
3217 3861 3452 3915 vestibus
3475 3875 3532 3916 et

1950 3934 2292 4003 conspicuum
2323 3938 2489 3992 esse?
2521 3939 2715 3995 Verum
2751 3957 2818 3996 ne
2846 3943 2960 4015 hate
2996 3947 3167 4001 solum
3197 3951 3528 4016 consideres,

1951 4023 2045 4078 sed
2074 4026 2235 4079 etiam
2265 4041 2356 4081 eas
2384 4044 2503 4098 qua:
2531 4021 2654 4084 sunt
2683 4033 2748 4084 ex
2778 4033 2861 4087 his
2891 4021 3188 4092 molestias.
3217 4040 3269 4093 lu
3301 4059 3529 4112 pauper—

1953 4125 2061 4170 tate
2092 4127 2268 4172 autem
2315 4135 2381 4173 ne
2410 4123 2720 4178 consideres
2764 4128 2932 4182 solam
2968 4132 3360 4206 mendicitatem
3388 4179 3402 4201 ,
3434 4140 3526 4192 sed

1954 4207 2112 4260 etiam
2142 4223 2259 4263 eam
2287 4226 2405 4280 qua:
2436 4213 2558 4268 inde
2587 4216 2794 4284 capitur
2821 4220 3167 4290 voluptatem.

2028 4297 2354 4370 Paupertatis
2382 4304 2618 4373 felicitas.
2637 4336 2706 4345 —
2727 4307 2856 4362 Nam
2882 4311 3084 4367 divitia:
3113 4318 3324 4384 quidem
3356 4321 3530 4376 lectam

1957 4391 2152 4447 habent
2189 4393 2422 4460 larvam,
2454 4398 2662 4452 interna
2701 4412 2879 4456 autem
2917 4405 3072 4474 plena
3104 4420 3228 4463 sunt
3267 4413 3532 4482 caligine;

1957 4493 2241 4552 paupertas
2281 4497 2455 4540 autem
2488 4499 2670 4544 contra
2703 4509 2717 4544 :
2754 4503 2807 4547 et
2834 4494 2880 4548 si
2912 4498 3330 4572 uniuscujusque
3359 4507 3536 4572 expli-

1958 4576 2096 4628 caris
2120 4577 2500 4632 conscientiam
2522 4620 2536 4643 ,
2581 4581 2631 4633 in
2665 4584 2839 4637 anima
2871 4586 3084 4654 quidem
3126 4596 3370 4661 pauperis
3394 4599 3531 4649 und-

1961 4674 2066 4720 tam
2123 4663 2324 4720 videbis
2369 4672 2708 4727 securitatem
2758 4684 2814 4728 et
2859 4675 3200 4744 libertatem;
3259 4685 3308 4735 iu
3355 4687 3533 4740 anima

1961 4767 2135 4809 autem
2166 4755 2346 4812 divitis
2377 4763 2666 4830 tumultus,
2700 4767 3126 4833 perturbationes
3154 4784 3206 4827 et
3236 4776 3444 4829 tinctus.
3477 4776 3534 4831 Si

1960 4855 2134 4900 autem
2163 4847 2315 4902 doles
2347 4851 2534 4907 videns
2563 4853 2736 4922 ipsum
2767 4857 3025 4924 divitem,
3060 4863 3147 4916 ille
3175 4879 3386 4932 quoque
3418 4869 3536 4935 plus

1961 4950 2117 5005 quam
2152 4945 2206 5000 tn
2234 4938 2414 5004 dolet,
2443 4943 2709 5012 aspiciens
2734 4962 2856 5002 cum
2889 4951 2974 5017 qui
3010 4960 3098 5005 est
3123 4953 3237 5021 ipso
3260 4957 3454 5022 ditior:
3486 4975 3540 5016 et

1962 5028 2099 5081 sicut
2128 5036 2181 5081 tu
2212 5027 2357 5080 illum
2377 5031 2566 5096 .times,
2602 5035 2670 5086 ita
2701 5039 2814 5104 Ipse
2844 5053 3054 5108 quoque
3084 5043 3267 5113 alium,
3301 5059 3356 5102 et
3392 5053 3442 5104 in
3472 5069 3544 5106 eo

1964 5127 2016 5172 te
2042 5119 2171 5174 nihil
2201 5121 2475 5188 pratcellit.
2510 5124 2577 5178 At
2601 5126 2751 5180 doles
2775 5129 2961 5187 videns
2990 5137 3378 5206 magistratum,
3407 5158 3537 5211 qun-

1965 5214 2106 5266 niam
2131 5223 2184 5266 tu
2207 5227 2265 5270 es
2292 5216 2548 5284 privatus,
2578 5228 2630 5272 et
2658 5235 2720 5273 ex
2752 5221 2815 5276 iis
2839 5226 2926 5293 qui
2951 5240 3136 5294 parent
3165 5231 3405 5300 imperio.
3436 5235 3542 5289 Sed

1967 5303 2061 5356 tibi
2091 5305 2266 5358 veniat
2299 5305 2350 5359 in
2397 5318 2627 5364 mentem
2664 5321 2719 5366 et
2746 5313 2863 5367 dies
2913 5321 3304 5384 successionis;
3348 5325 3445 5379 sed
3492 5341 3547 5385 et

1967 5402 2091 5446 ante
2121 5394 2268 5447 illum
2301 5396 2441 5450 diem
2467 5401 2722 5454 tumultus
2744 5443 2759 5467 ,
2790 5407 3018 5472 pericula
3045 5449 3059 5472 ,
3091 5411 3319 5478 labores,
3352 5417 3543 5472 adula-

1969 5483 2159 5546 tiones,
2192 5486 2382 5555 vigilia:
2407 5529 2422 5553 ,
2450 5503 2636 5546 omnes
2669 5491 3020 5552 calamitates.
3071 5499 3136 5553 Et
3175 5500 3289 5558 haec
3315 5506 3542 5562 dicimus

1968 5577 2111 5668 apud
2128 5576 2248 5668 eos,
2271 5577 2359 5647 qui
2391 5579 2576 5633 nolunt
2599 5580 2982 5655 philosophari.
3014 5589 3145 5644 Nam
3170 5595 3211 5647 si
3243 5595 3342 5648 hoc
3367 5600 3506 5654 scias
3525 5612 3554 5668 ,‘

1971 5680 2034 5718 ex
2072 5667 2189 5720 aliis
2227 5671 2513 5737 majoribus
2558 5690 2840 5742 possumus
2877 5689 2930 5732 te
2975 5684 3239 5738 consolari
3270 5701 3285 5740 :
3328 5667 3538 5746 interim

1974 5774 2192 5820 necesse
2215 5772 2294 5815 cst
2320 5780 2381 5817 ex
2407 5768 2758 5822 crassioribns
2777 5780 2952 5827 tecum
2973 5771 3294 5847 disceptare.
3323 5779 3548 5845 Quando
