4038 6216
541 350 639 409 351
1303 349 1360 407 S.
1404 349 1681 408 JOANNIS
1716 349 2187 410 CHRYSOSTOMI
2226 354 2542 411 ARClllEP.
2582 357 3115 418 CONSTANTINOP.
3708 364 3801 421 332

543 478 677 534 ergo
701 462 900 519 videris
925 459 1168 529 divitem,
1197 465 1371 534 cogita
1400 464 1494 519 illo
1518 464 1767 520 ditiorem
1788 506 1803 529 ,
1833 475 1889 521 et
1916 466 2124 521 videbis

541 570 666 610 eum
693 553 873 609 itidem
900 563 958 610 ut
980 562 1034 609 tu
1050 570 1109 610 es
1130 569 1249 609 esse
1267 553 1538 612 affectum.
1565 556 1689 610 Post
1716 557 1887 626 ipsum
1920 566 2121 623 autem,

542 647 714 717 cogita
736 648 897 701 etiam
923 660 1045 702 eum
1073 648 1161 715 qui
1186 655 1271 703 est
1300 657 1350 701 te
1374 646 1655 716 pauperior
1673 689 1687 712 ,
1716 659 1771 701 et
1790 662 1947 714 quam
1973 650 2121 703 multi

539 740 873 795 dormierunt
898 740 1196 793 esurientes
1225 782 1238 802 ,
1268 748 1323 793 et
1354 750 1604 807 paternas
1631 739 1923 793 amiserunt
1951 739 2119 793 facul-

543 841 675 886 tates
698 871 715 897 ,
745 840 801 885 et
846 831 1105 885 habitant
1131 833 1183 885 in
1225 846 1442 885 carcere
1468 873 1483 895 ,
1533 846 1596 885 ac
1625 831 1863 901 quotidie
1890 842 2118 886 mortem

538 932 747 991 optant.
776 921 961 991 Neque
994 923 1135 975 enim
1180 922 1342 975 animi
1383 922 1749 991 :rgritudinem
1794 932 2078 992 paupertas
2102 964 2117 987 ,

540 1026 714 1082 neque
742 1011 1071 1080 voluptatem
1100 1013 1313 1080 pariunt
1336 1011 1554 1075 divitias,
1581 1012 1672 1066 sed
1706 1023 1760 1067 et
1790 1014 1890 1066 hoc
1910 1023 1965 1067 et
1994 1014 2118 1066 illud

538 1103 694 1157 nobis
722 1102 860 1157 solet
902 1102 1086 1158 indere
1110 1104 1383 1172 cogitatio.
1410 1102 1703 1159 Considera
1739 1114 1915 1158 autem
1942 1105 2011 1158 ab
2042 1104 2121 1157 in-

540 1195 679 1250 llmis
709 1194 969 1265 incipiens
989 1236 1004 1261 ,
1037 1196 1127 1263 qui
1170 1197 1303 1249 emit
1342 1206 1580 1250 stercora
1607 1236 1622 1259 ,
1658 1195 1804 1250 dolet
1827 1205 1882 1251 et
1908 1197 2119 1256 tristitia

538 1282 792 1352 afﬁcitur,
820 1285 963 1355 quod
995 1299 1101 1339 non
1129 1285 1198 1338 sit
1227 1285 1363 1340 liber
1384 1285 1453 1340 ab
1494 1284 1597 1339 hoc
1631 1286 1865 1351 misero,
1898 1295 1951 1339 et
1978 1287 2118 1354 quod

537 1377 855 1446 probrosum
883 1391 1004 1431 esse
1034 1376 1279 1442 videtur,
1300 1375 1478 1431 studio
1503 1393 1517 1441 ;
1540 1376 1634 1431 sed
1680 1378 1725 1430 si
1762 1377 1932 1445 ipsum
1960 1392 2027 1431 eo
2053 1378 2113 1429 li—

539 1469 811 1525 berareris
839 1478 893 1522 et
916 1468 1158 1523 effeceris
1187 1477 1245 1521 ut
1266 1482 1456 1523 secure
1478 1468 1713 1523 abundet
1738 1470 1897 1523 rebus
1929 1485 2118 1523 neces-

534 1561 708 1625 sariis,
739 1575 925 1615 rursus
949 1560 1151 1613 dolebit
1180 1559 1319 1628 quod
1347 1574 1450 1615 non
1478 1560 1630 1628 plura
1662 1560 1933 1630 possideat
1956 1576 2116 1629 quam

536 1652 815 1721 opus‘sit;
850 1662 903 1705 et
938 1652 981 1705 si
1013 1652 1163 1719 plura
1193 1650 1406 1706 dederis
1430 1691 1445 1716 ,
1490 1650 1636 1705 volet
1682 1667 1744 1704 ea
1788 1666 1908 1706 esse
1955 1652 2118 1720 duplo

535 1743 774 1813 majora;
806 1757 869 1796 ac
912 1752 1194 1811 prepterea
1240 1756 1344 1796 non
1402 1741 1595 1795 minori
1641 1740 1907 1795 afﬁcietur
1932 1742 2118 1795 dolore

530 1850 691 1905 quam
720 1835 870 1905 prius
904 1852 916 1887 :
948 1844 1003 1887 et
1028 1834 1072 1887 si
1100 1833 1263 1902 duplo
1294 1842 1349 1886 et
1399 1834 1556 1902 triplo
1588 1832 1738 1901 plura
1774 1833 1821 1884 ei
1867 1831 2113 1897 dederis,

531 1943 719 1983 rursus
736 1926 916 1982 animo
940 1934 1185 1996 augetur,
1209 1925 1350 1994 quod
1381 1940 1490 1978 non
1509 1934 1661 1993 gerat
1689 1925 2072 1994 rempublicam
2100 1942 2112 1977 :

532 2028 587 2073 et
615 2019 659 2072 si
693 2018 795 2072 hoc
818 2018 870 2073 ei
896 2016 1136 2085 prmbeas
1157 2056 1172 2082 ,
1212 2015 1450 2084 seipsum
1474 2014 1636 2069 ducet
1662 2028 1782 2068 esse
1822 2014 2072 2068 miserum
2098 2055 2113 2076 ,

531 2111 672 2181 quod
698 2125 806 2165 non
852 2110 1053 2179 primas
1089 2118 1267 2177 partes
1313 2114 1490 2162 teneat
1535 2105 1590 2162 in
1633 2107 1942 2174 republica:
1974 2106 2116 2160 hunc

531 2212 710 2258 autem
762 2202 1022 2256 honorem
1067 2209 1386 2269 assequutus
1420 2240 1434 2265 ,
1480 2198 1620 2268 quod
1667 2214 1775 2252 non
1832 2198 2111 2267 imperium

532 2274 1047 2359 obtineataQuando
1073 2300 1249 2345 autem
1292 2289 1571 2358 imperium
1612 2288 1939 2354 obtinuerit,
1972 2290 2113 2359 quod

533 2399 638 2438 non
668 2384 829 2437 totius
852 2382 1028 2452 gentis
1052 2400 1066 2436 :
1089 2381 1302 2451 quando
1324 2389 1500 2434 autem
1525 2382 1687 2435 etiam
1716 2381 1879 2434 tutius
1902 2381 2076 2449 gentis
2097 2420 2111 2443 ,

530 2475 672 2544 quod
700 2490 804 2529 non
836 2474 1121 2527 multarum
1149 2473 1387 2543 gentium
1419 2485 1431 2519 :
1462 2471 1676 2540 quando
1703 2482 1882 2525 autem
1918 2472 2109 2522 multa-

531 2582 648 2621 rum
674 2567 934 2637 gentium,
963 2564 1104 2635 quod
1137 2580 1242 2618 non
1271 2564 1530 2618 omnium.
1554 2561 1780 2629 Quando
1810 2561 1980 2615 factus
2003 2561 2115 2616 l'uc-

531 2660 600 2712 rit
630 2657 837 2726 legatus
866 2668 958 2709 aut
1004 2654 1286 2723 prximus
1309 2694 1325 2718 ,
1368 2669 1552 2707 rursus
1589 2653 1777 2707 dolore
1804 2653 2067 2707 aﬂieietur
2093 2694 2109 2720 ,

530 2750 673 2820 quod
702 2765 807 2803 non
845 2749 914 2801 sit
949 2762 1042 2801 rex
1072 2763 1086 2811 ;
1120 2755 1173 2800 et
1206 2745 1253 2800 si
1293 2747 1355 2799 sit
1391 2762 1504 2812 rex,
1535 2746 1675 2815 quod
1705 2761 1809 2800 non
1844 2747 2031 2811 solus;
2060 2756 2115 2802 et

528 2839 784 2903 si'solus,
813 2837 955 2907 quod
992 2853 1095 2890 non
1134 2836 1481 2891 barbarorum
1520 2852 1769 2907 quoque,
1817 2837 1958 2906 quod
2007 2853 2112 2892 non

530 2930 691 2985 etiam
725 2927 888 2981 totius
933 2926 1079 2980 orbis
1122 2936 1315 2983 terrm:
1348 2941 1466 2980 cum
1512 2934 1692 2980 autem
1725 2927 1887 2980 tutius
1928 2928 2108 2991 orbis,

526 3035 625 3074 cur
652 3017 946 3072 nonetiam
994 3017 1219 3071 alterius
1249 3015 1432 3070 mundi
1458 3019 1482 3068 ’ἐ
1514 3018 1582 3070 Et
1626 3018 1703 3071 sic
1747 3018 1799 3070 in
1848 3016 2147 3071 inﬁnitum“

527 3112 824 3183 procedens
852 3109 1104 3179 cogitatio
1134 3150 1150 3173 ,
1197 3125 1299 3161 non
1328 3110 1458 3162 sinit
1489 3124 1608 3162 eum
1638 3123 1889 3177 umquam
1918 3109 2108 3162 lauari.

599 3205 653 3258 7.
697 3202 939 3256 Vidistin‘
969 3202 1239 3269 quomodo
1262 3241 1280 3265 ,
1312 3200 1521 3253 etiarnsi
1550 3216 1617 3253 ex
1666 3200 1756 3251 vili
1802 3210 1857 3254 et
1904 3200 2113 3267 ahjecto

526 3311 707 3366 regem
740 3293 949 3358 ieceris,
999 3307 1104 3346 non
1146 3291 1288 3345 toilis
1333 3290 1497 3343 animi
1543 3291 1911 3358 :egritudinem
1942 3331 1958 3356 ,
2008 3293 2111 3345 nisi

525 3387 831 3443 correxeris
857 3385 1257 3454 cogitationem,
1286 3400 1406 3454 qua:
1436 3384 1642 3437 laborat
1671 3385 1893 3437 avaritia
1920 3393 1974 3438 et
1998 3386 2114 3453 plu-

526 3497 584 3536 ra
636 3477 867 3532 habendi
908 3476 1238 3545 cupiditate?
1285 3481 1397 3546 Age
1431 3516 1445 3541 ,
1492 3476 1585 3529 tibi
1629 3478 1789 3530 etiam
1831 3479 2109 3533 ostendant

524 3567 854 3626 contrarium
882 3608 898 3633 ,
931 3567 1075 3635 quod
1103 3566 1311 3621 etiamsi
1356 3582 1383 3618 a
1417 3567 1682 3635 supremis
1708 3566 1776 3621 ad
1806 3569 1983 3622 intima
2012 3569 2111 3624 de-

525 3660 742 3715 duxeris
766 3674 889 3713 eum
915 3659 1003 3726 qui
1036 3666 1117 3710 est
1146 3656 1427 3725 prudentia
1456 3657 1733 3725 prieditus,
1768 3674 1873 3711 non
1907 3660 2112 3729 injicies

526 3757 579 3808 in
611 3752 775 3805 animi
812 3749 1183 3820 aegritudinem
1225 3758 1280 3803 et
1307 3749 1596 3801 tristitiam.
1630 3749 1695 3801 Et
1722 3750 1765 3801 si
1792 3752 1872 3803 vis
1893 3750 2110 3804 easdem

524 3844 916 3901 descendemus
939 3841 1111 3895 scalas
1133 3879 1149 3905 ,
1173 3848 1229 3893 et
1260 3839 1563 3908 praelectum
1592 3854 1624 3893 e
1666 3839 1793 3893 sede
1842 3841 1987 3894 urbis
2012 3842 2109 3897 de-

524 3941 723 4007 jeetum
760 3933 906 4002 priva
938 3931 1027 3984 illa
1052 3930 1328 3998 dignitate.
1368 3929 1485 3998 Ipse
1511 3929 1655 3983 enim
1681 3929 1794 3983 haec
1822 3947 1940 4000 qu;e
1969 3933 2108 3985 dixi-

526 4045 644 4083 mus
670 4026 907 4096 cogitare
939 4024 982 4078 si
1011 4022 1161 4089 velut,
1196 4022 1326 4075 nihil
1359 4020 1481 4075 inde
1506 4021 1726 4076 dolebit.
1758 4023 1939 4093 Neque
1965 4026 2108 4079 enim

528 4118 792 4187 reputabit
822 4130 881 4169 ea
924 4128 1042 4180 qua:
1077 4124 1201 4166 sunt
1231 4113 1277 4165 ei
1310 4112 1485 4165 ablata
1511 4153 1527 4177 ,
1577 4112 1671 4166 sed
1715 4129 1775 4167 ea
1823 4131 1940 4183 qua:
1987 4124 2111 4170 tunc

480 4214 486 4221 ’
531 4211 705 4270 habet,
736 4223 927 4275 nempe
950 4204 1171 4274 gloriam
1197 4219 1355 4271 quam
1383 4202 1542 4256 habet
1570 4217 1636 4255 ex
1667 4219 1732 4256 eo
1753 4220 1908 4272 quem
1936 4208 2109 4274 gessit

529 4300 861 4370 magistratu.
892 4299 945 4351 Si
975 4307 1151 4349 autem
1192 4310 1312 4349 eam
1343 4310 1556 4364 quoque
1574 4297 1895 4369 abstuleris,
1928 4300 2109 4355 animo

530 4392 794 4463 reputabit
827 4392 1085 4460 privatos,
1117 4396 1170 4441 et
1200 4388 1286 4456 qui
1312 4386 1376 4439 ad
1406 4401 1528 4442 eum
1559 4389 1927 4458 magistratum
1955 4408 2109 4445 num-

526 4502 686 4557 quam
715 4483 1105 4545 ascenderunt,
1136 4490 1189 4533 et
1218 4478 1282 4532 ad
1309 4480 1729 4534 consolationem
1765 4483 1813 4533 ei
1842 4482 2109 4537 sufﬁcient

526 4582 725 4635 divitiae
754 4596 768 4631 :
801 4579 881 4630 sin
912 4585 1088 4630 autem
1121 4574 1189 4628 ab
1224 4573 1287 4627 iis
1315 4588 1530 4643 quoque
1560 4589 1744 4627 rursus
1773 4588 1894 4627 eum
1937 4590 2104 4644 expu-

526 4672 675 4735 leris,
703 4666 1065 4724 considerabit
1106 4680 1199 4719 eos
1240 4665 1327 4734 qui
1372 4662 1663 4719 mediocria
1710 4664 2028 4732 possident:
2061 4668 2104 4721 si

529 4774 706 4816 autem
725 4764 885 4817 etiam
916 4758 1200 4813 abstuleris
1229 4756 1537 4819 mediocria,
1565 4764 1621 4809 et
1644 4756 1694 4810 ei
1722 4757 1892 4810 solum
1924 4772 2106 4812 neces-

531 4855 727 4907 sarium
760 4853 1078 4923 impertieris
1094 4852 1423 4914 alimentum,
1452 4850 1646 4919 poterit
1672 4851 1849 4904 animo
1873 4853 2106 4921 cogitare

530 4960 624 5001 eos
644 4985 659 4997 .
689 4943 778 5012 qui
804 4959 869 4995 ne
898 4944 948 4996 id
974 4942 1186 5012 quidem
1213 4943 1487 5012 possident
1511 4982 1526 5004 ,
1558 4942 1654 4995 sed
1679 4958 1798 4997 eum
1824 4942 1938 5011 jugi
1968 4943 2105 4998 t'anie

528 5036 935 5096 curinictantur,
976 5042 1026 5085 et
1057 5034 1107 5086 in
1141 5047 1358 5087 carcere
1397 5032 1655 5085 habitant.
1684 5032 1833 5103 Quod
1870 5034 1913 5087 si
1943 5034 2103 5088 etiam

2232 469 2403 537 ipsum
2445 471 2495 521 in
2527 471 2746 525 domum
2792 472 2937 529 illam
2977 474 3191 530 duxeris
3214 516 3230 543 ,
3262 476 3441 530 animo
3469 490 3692 532 versans
3715 493 3801 534 eos

2231 560 2319 627 qui
2354 560 2553 614 morbis
2578 560 2822 616 laborant
2846 563 3251 631 ineurabilibus,
3281 566 3801 636 intolerabilibusque

2232 651 2504 705 doloribus
2529 693 2543 714 ,
2576 652 2775 707 videbit
2802 654 2970 708 multo
2997 670 3057 709 se
3087 656 3285 710 habere
3316 659 3527 713 melius.
3562 658 3629 712 Et
3676 659 3802 712 sicut

2234 750 2445 809 emptor
2489 742 2579 797 ille
2619 746 2872 798 stercoris
2894 760 2961 799 ne
3002 762 3093 799 rex
3124 748 3337 817 quidem
3384 750 3553 803 factus
3608 750 3803 804 fruetur

2227 832 2387 885 animi
2419 834 2806 903 tranquillitate
2834 858 2847 890 :
2878 838 2946 889 ita
2977 838 3061 891 hic
3088 854 3317 906 quoque.
3352 854 3418 894 ne
3441 842 3485 896 si
3510 840 3667 895 fuerit
3695 828 3800 910 qui—

2226 921 2347 975 dem
2380 925 2431 975 in
2460 924 2715 987 vinculis,
2748 941 2995 995 umquam
3024 926 3241 983 dolebit.
3276 928 3455 998 Neque
3484 932 3639 999 igitur
3672 932 3798 983 divi-

2228 1014 2313 1067 tia:
2343 1014 2648 1083 voluptatis,
2680 1032 2851 1086 neque
2872 1028 3153 1087 paupertas
3174 1029 3257 1073 est
3282 1035 3438 1073 causa
3462 1022 3624 1075 anitni
3646 1026 3801 1092 aegri-

2228 1104 2446 1168 tudinis,
2480 1108 2572 1159 sed
2607 1123 2760 1162 mens
2788 1118 2968 1163 nostra
2991 1150 3005 1172 ,
3038 1120 3091 1163 et
3116 1111 3255 1179 quod
3281 1112 3441 1163 animi
3469 1114 3635 1166 nostri
3670 1114 3802 1167 oeuli

2226 1195 2443 1249 minime
2470 1198 2574 1251 sint
2598 1200 2735 1266 puri,
2762 1180 2934 1268 neque
2960 1215 3181 1269 usquam
3210 1202 3343 1254 ﬁrmi
3372 1203 3477 1255 sint
3499 1214 3553 1257 et
3568 1203 3801 1262 stabiles.

2224 1284 2317 1337 sed
2361 1287 2541 1339 volent
2583 1288 2647 1341 ad
2700 1289 2989 1343 infinitum.
3042 1292 3106 1343 Et
3151 1292 3287 1343 sicut
3330 1292 3558 1345 salubria
3591 1293 3800 1361 quidem

2223 1390 2469 1441 corpora,
2495 1377 2702 1432 etiamsi
2729 1380 2846 1434 solo
2872 1394 3009 1450 pane
3037 1381 3249 1434 alantur
3269 1422 3281 1444 ,
3309 1382 3446 1435 bene
3469 1382 3654 1436 affecta
3685 1398 3804 1438 suut

2221 1477 2273 1519 et
2306 1467 2577 1521 luxuriant
2603 1486 2616 1533 ;
2656 1470 2895 1526 morbida
2926 1480 3100 1525 autem
3125 1513 3138 1534 ,
3172 1475 3381 1527 etiamsi
3413 1474 3553 1527 lauta
3584 1484 3634 1530 et
3665 1478 3801 1529 varia

2222 1556 2464 1611 fruantur
2487 1575 2694 1624 mensa,
2719 1575 2787 1616 eo
2815 1570 2938 1615 sunt
2969 1561 3315 1616 imbecilliora
3346 1582 3358 1615 :
3394 1565 3462 1617 ita
3489 1566 3648 1618 etiam
3672 1565 3805 1619 δοιιλι

2221 1650 2435 1711 evenire
2476 1648 2528 1701 in
2559 1650 2759 1705 anima.
2788 1650 2888 1717 Qui
2921 1652 3099 1719 pusilli
3133 1652 3349 1721 quidem
3375 1663 3432 1708 et
3460 1654 3652 1723 abiecti
3684 1665 3804 1709 sunt

2222 1740 2408 1803 anitni,
2441 1754 2506 1791 ne
2528 1740 2579 1791 in
2612 1739 2915 1795 diademate
2934 1742 3149 1809 quidem
3174 1751 3229 1796 et
3260 1742 3553 1797 honoribus
3572 1746 3659 1814 qui
3690 1760 3806 1798 ver-

2223 1829 2302 1881 bis
2331 1845 2434 1883 non
2470 1840 2693 1897 possunt
2712 1832 2990 1903 explicari,
3018 1845 3242 1901 possunt
3268 1850 3388 1889 esse
3420 1836 3559 1891 bono
3580 1847 3635 1891 et
3657 1846 3804 1889 tran-

2221 1920 2386 1989 quillo
2411 1922 2592 1977 animo
2620 1939 2633 1974 :
2668 1922 2969 1992 philosophi
3000 1934 3177 1979 autem
3206 1934 3261 1978 et
3295 1926 3348 1979 in
3397 1927 3622 1981 vinculis
3652 1936 3708 1981 et
3754 1929 3803 1982 iu

2220 2020 2402 2064 catena
2431 2020 2482 2064 et
2508 2014 2557 2065 in
2591 2022 2905 2082 paupertate
2927 2031 3055 2083 pura
3082 2014 3334 2069 fruuntur
3358 2017 3649 2085 voluptate.
3684 2018 3805 2071 ΙΙωο

2220 2117 2348 2171 ergo
2367 2104 2664 2173 cogitantes
2692 2144 2710 2171 ,
2754 2105 3075 2174 aspiciamus
3118 2120 3331 2176 semper
3372 2107 3440 2160 ad
3487 2107 3804 2163 deteriores.

2220 2192 2349 2246 Nam
2376 2206 2461 2249 est
2488 2196 2706 2264 quidem
2728 2198 2891 2252 etiam
2922 2197 3026 2252 alia
3053 2198 3355 2253 consolatio
3378 2240 3393 2263 ,
3435 2200 3529 2254 sed
3564 2200 3805 2268 philoso-

2220 2284 2375 2353 phica
2400 2325 2413 2347 ,
2446 2296 2500 2339 et
2520 2292 2645 2355 qua:
2676 2288 2968 2343 multorum
2988 2289 3215 2342 aliorum
3246 2299 3463 2358 superat
3487 2291 3805 2344 crassitudi-

2219 2390 2363 2428 nem.
2388 2375 2643 2442 Quzcnam
2673 2391 2736 2429 ea
2764 2376 2885 2431 est?
2912 2377 3065 2444 Quod
3094 2378 3223 2432 nihil
3253 2389 3377 2432 sunt
3403 2379 3601 2433 divitim
3626 2421 3641 2442 ,
3671 2381 3805 2433 nihil

2221 2474 2529 2534 paupertas,
2561 2466 2692 2521 nihil
2710 2467 3026 2537 ignominia,
3055 2468 3192 2522 nihil
3218 2469 3424 2536 honor;
3451 2472 3544 2521 sed
3577 2471 3627 2523 in
3660 2470 3805 2524 hrevi

2221 2568 2481 2629 tempore,
2514 2570 2569 2616 et
2608 2561 2661 2616 in
2689 2563 2869 2618 verbis
2896 2564 3073 2617 solum
3125 2564 3264 2617 inter
3308 2579 3369 2617 sc
3418 2564 3640 2617 distant.
3674 2565 3805 2618 Cum

2220 2648 2319 2704 hac
2348 2662 2527 2706 autem
2556 2652 2659 2705 alia
2688 2667 2903 2723 queque
2931 2663 3010 2707 est
3044 2653 3142 2707 hac
3171 2642 3377 2722 major,
3412 2669 3604 2727 nempe
3631 2653 3805 2708 futura

2217 2750 2271 2795 et
2297 2735 2435 2795 bona
2460 2751 2515 2796 et
2552 2744 2694 2797 mala
2716 2743 2958 2814 cogitare
2984 2785 2999 2807 ,
3028 2757 3091 2797 ea
3120 2760 3238 2813 qua:
3266 2760 3390 2798 vere
3435 2756 3559 2797 sunt
3590 2748 3727 2799 mala
3755 2758 3809 2801 ct

2217 2846 2336 2898 qua:
2367 2847 2493 2886 vere
2534 2833 2671 2886 bona
2696 2873 2713 2898 ,
2754 2842 2810 2887 et
2850 2834 2918 2887 ab
2959 2835 3061 2888 illis
3086 2836 3331 2904 accipere
3355 2837 3805 2890 consolationem.

2218 2922 2325 2977 Sed
2352 2924 2603 2992 quoniam
2627 2965 2643 2990 ,
2682 2926 2821 2979 sicut
2848 2927 2995 2993 prius
3020 2926 3152 2991 dixi,
3184 2928 3331 2979 tiittlti
3375 2938 3500 2981 sunt
3530 2928 3686 2998 longe
3717 2945 3807 2983 reo

2219 3018 2347 3070 moti
2379 3018 2446 3069 ah
2484 3016 2790 3085 hujttsmotli
2829 3018 3094 3083 doctrina,
3130 3029 3411 3086 propterea
3458 3034 3680 3074 necesse
3711 3019 3809 3074 ha-

2221 3108 2427 3161 buimus
2453 3110 2504 3163 in
2526 3109 2828 3177 hujusmodi
2852 3109 3126 3175 immorari
3151 3111 3511 3175 sermonibus,
3538 3121 3595 3165 ut
3616 3112 3809 3166 ordine

2216 3200 2281 3253 ad
2326 3202 2423 3254 hos
2463 3217 2675 3271 quoque
2701 3202 3028 3257 deducamus
3051 3218 3147 3257 eos
3176 3205 3266 3272 qni
3299 3205 3387 3256 illa
3429 3216 3806 3273 susceperunt.

2217 3290 2343 3345 [huc
2371 3305 2502 3361 ergo
2530 3293 2709 3345 omnia
2738 3303 3070 3360 reputantes,
3099 3295 3243 3346 omni
3272 3309 3341 3347 ex
3364 3304 3511 3362 parte
3540 3310 3637 3348 nos
3660 3296 3808 3364 ipsos

2218 3398 2605 3451 componamus
2630 3423 2645 3446 ,
2680 3393 2735 3437 et
2780 3366 3068 3451 numquam
3113 3384 3413 3439 delebimus
3444 3386 3514 3439 ob
3547 3387 3662 3441 tunc
3690 3389 3809 3441 ino-

2220 3474 2419 3541 pinata.
2467 3473 2650 3542 Neque
2679 3474 2821 3528 enim
2853 3474 2896 3526 si
2934 3475 2984 3526 in
3018 3476 3246 3544 imagine
3272 3477 3562 3531 viderimus
3586 3480 3805 3546 divites,
3874 3478 3878 3481 ’

2216 3576 2312 3618 eos
2338 3578 2460 3617 esse
2483 3562 2778 3618 dixerimus
2810 3564 3045 3618 beandos
3070 3575 3125 3617 et
3146 3565 3482 3621 aemulandos
3505 3585 3521 3632 ;
3548 3577 3602 3621 ut
3631 3585 3808 3641 neque

2217 3654 2491 3709 mendicos
2525 3655 2635 3709 illic
2662 3656 2937 3725 depictos,
2973 3655 3210 3711 infelices
3235 3671 3288 3712 et
3318 3659 3672 3715 miserabiles.
3703 3665 3808 3717 At-

2216 3745 2301 3814 qui
2333 3745 2405 3799 illi
2435 3756 2559 3799 sunt
2586 3745 2853 3801 ﬁrmiores
2876 3755 2930 3801 et
2957 3746 3260 3801 stabiliores
3292 3748 3357 3803 iis
3390 3750 3478 3818 qui
3508 3759 3635 3803 sunt
3662 3753 3807 3821 apud

2218 3851 2317 3889 nos
2343 3837 2580 3890 divites:
2627 3839 2793 3906 magis
2832 3837 2975 3891 enim
3030 3837 3077 3889 in
3124 3839 3327 3906 pictura
3379 3849 3562 3895 manet
3606 3841 3761 3897 dives
3788 3886 3807 3907 ,

2216 3945 2373 3997 quam
2403 3930 2453 3982 in
2479 3929 2589 3996 ipsa
2633 3944 2812 3983 rerum
2853 3938 3065 3983 natura.
3112 3928 3243 3981 Nam
3293 3929 3382 3983 ille
3410 3931 3624 3999 quidem
3658 3948 3809 4003 smpe

2215 4022 2378 4075 etiam
2407 4021 2472 4073 ad
2503 4030 2717 4074 centum
2747 4034 2921 4074 annos
2960 4022 3042 4073 sic
3070 4034 3333 4090 apparens
3369 4022 3637 4078 duraverit
3671 4041 3685 4077 :
3718 4028 3809 4081 hic

2215 4122 2392 4163 autem
2424 4124 2546 4163 cum
2575 4124 2642 4164 ne
2669 4125 2868 4163 annum
2896 4110 3111 4179 quidem
3155 4127 3316 4165 unum
3354 4113 3404 4166 in
3432 4114 3542 4168 suis
3572 4115 3806 4173 faculta-

2217 4202 2358 4253 tibus
2385 4216 2443 4254 se
2467 4199 2671 4254 deliciis
2701 4201 2995 4269 expleverit
3016 4241 3029 4263 ,
3064 4214 3285 4270 repente
3316 4204 3558 4273 privatus
3583 4215 3665 4259 est
3685 4222 3808 4260 oni-

2215 4293 2391 4347 nibus.
2436 4292 2559 4346 llaec
2587 4308 2714 4361 ergo
2740 4294 2918 4347 omnia
2965 4303 3276 4362 reputantes
3301 4336 3316 4361 ,
3349 4297 3495 4349 omni
3542 4313 3617 4351 ex.
3650 4309 3808 4368 parte

2214 4385 2517 4438 muniamus
2546 4384 2707 4437 animi
2734 4386 2966 4452 quietem
2994 4394 3048 4438 et
3077 4386 3514 4455 tranquillitatem
3539 4389 3807 4444 adversus

2215 4476 2665 4529 inconsideratam
2715 4474 2982 4527 tristitiam
3011 4513 3026 4537 ,
3068 4483 3129 4528 ut
3170 4483 3227 4528 et
3268 4476 3428 4529 vitam
3474 4491 3803 4545 praesentem

2216 4568 2569 4635 transigamus
2590 4580 2710 4618 cum
2737 4565 3028 4633 voluptate,
3057 4575 3109 4618 et
3132 4564 3268 4618 bona
3300 4566 3473 4621 futura
3503 4584 3809 4637 consequa.

2213 4673 2349 4720 mur,
2374 4656 2544 4725 gratia
2567 4664 2620 4709 et
2641 4655 2968 4725 benignitate
2993 4657 3201 4709 Domini
3231 4659 3399 4711 nostri
3427 4660 3553 4715 Jesn
3574 4658 3804 4727 Christi,

2213 4764 2333 4804 cum
2359 4762 2466 4817 quo
2494 4747 2661 4815 Patri,
2694 4749 2959 4818 simulque
2986 4760 3175 4802 sancto
3205 4750 3423 4817 Spiritui
3452 4750 3620 4819 gloria
3645 4792 3660 4815 ,
3692 4755 3800 4806 im-

2215 4841 2441 4910 perium,
2472 4839 2671 4906 honor,
2707 4856 2850 4897 nunc
2871 4852 2927 4896 et
2950 4858 3165 4911 semper
3188 4883 3203 4906 ,
3231 4855 3283 4898 et
3316 4845 3366 4897 in
3399 4845 3591 4899 srecula
3620 4860 3803 4902 salen-

2214 4936 2404 4986 lorum.
2440 4933 2632 4986 Amen.

1758 5214 2098 5276 HOMILIA
2144 5219 2450 5282 XXXIX.

518 5366 651 5420 (lar.
701 5364 783 5420 15.
826 5377 877 5415 v.
928 5360 1009 5413 ll.
1054 5358 1173 5413 Sive
1202 5356 1332 5410 enim
1355 5370 1447 5424 ego
1472 5396 1487 5420 ,
1520 5354 1619 5407 sive
1648 5354 1764 5418 illi,
1801 5358 1871 5409 sic
1905 5359 2097 5426 pradi.

597 5472 770 5509 camus
799 5496 813 5519 ,
843 5462 889 5507 et
918 5454 989 5506 sic
1018 5449 1324 5503 credidistis.

601 5548 652 5600 l.
696 5547 980 5615 Postquam
1030 5540 1305 5611 apostolos
1350 5536 1551 5592 extulit
1576 5544 1631 5590 et
1660 5553 1719 5591 se
1758 5538 1994 5606 dejeeit,
2051 5553 2105 5597 et

526 5633 716 5691 deinde
735 5652 922 5692 rursus
943 5650 1101 5706 supra
1128 5634 1244 5688 illos
1260 5647 1319 5687 se
1339 5628 1545 5693 extulit,
1576 5637 1636 5682 ut
1656 5630 1895 5686 efficeret
1920 5650 2101 5703 :equa-

521 5729 721 5787 litatcm
747 5730 764 5794 (
790 5731 1144 5797 :equalitatem
1174 5726 1313 5784 enim
1336 5722 1532 5788 ell‘ecit,
1564 5736 1623 5777 se
1651 5732 1703 5778 et
1728 5727 1958 5781 melioris
1985 5745 2102 5782 esse

2212 5365 2533 5419 conditionis
2563 5363 2855 5419 ostendens
2894 5375 2947 5417 et
2991 5366 3349 5435 deterioris),
3382 5381 3435 5424 et
3477 5387 3537 5425 ea
3588 5377 3803 5428 ratione

2214 5469 2271 5508 se
2301 5455 2529 5509 reddens
2563 5454 2665 5508 [ide
2695 5454 2949 5523 dignum;
2984 5471 3052 5511 ne
3079 5459 3157 5511 sic
3186 5460 3399 5526 quidem
3427 5475 3519 5515 eos
3548 5461 3801 5531 dimittit,

2218 5546 2308 5599 sed
2343 5560 2527 5600 rursus
2552 5560 2611 5599 se
2632 5560 2751 5599 eum
2782 5546 2887 5600 illis
2913 5548 3208 5619 eonjungit,
3236 5550 3478 5604 indicans
3506 5564 3646 5617 eam,
3673 5568 3804 5624 qua-

2216 5647 2297 5691 est
2318 5636 2609 5691 secundum
2638 5635 2927 5703 Christum,
2955 5642 3315 5695 concordiam.
3342 5640 3457 5694 Non
3486 5650 3660 5697 tamen
3690 5644 3807 5704 hoc

2217 5732 2289 5783 sic
2326 5729 2449 5783 facit
2480 5739 2536 5783 ut
2568 5728 2810 5785 videatur
2854 5732 2933 5785 cis
2962 5746 3081 5785 esse
3114 5731 3353 5799 ahjectus
3378 5770 3393 5797 ,
3445 5731 3537 5787 sed
3584 5744 3640 5790 ut
3684 5737 3809 5809 ipse
