4038 6216
293 369 398 426 3‘53

290 497 500 556 quoque
530 482 582 533 in
609 479 797 533 eodem
820 486 1069 532 cernatur
1097 475 1283 531 ordine
1317 494 1331 529 :
1363 477 1440 528 sic
1466 475 1608 528 enim
1656 473 1860 530 condu-

291 575 445 629 clhile
473 581 587 626 erat
619 569 1011 640 praedicationi.’
1041 567 1398 636 Quamobrem
1431 566 1590 618 ambo
1618 565 1868 618 similiter

292 665 339 718 ei
383 662 558 717 studio
585 661 835 722 fuerunt,
880 669 936 712 ut
965 672 1064 713 nec
1094 659 1206 725 ipse
1251 656 1522 710 videretur
1563 670 1656 708 eos
1683 655 1864 722 despi-

292 770 416 809 cere
436 794 450 815 ,
485 762 539 806 et
568 767 633 806 ne
659 758 874 819 propter
902 748 1159 802 honorem
1192 747 1320 814 ipsis
1349 747 1603 799 collatum
1636 745 1865 812 vilipenr

291 845 506 898 dcretur
525 841 592 896 ab
611 843 695 904 iis,
727 841 814 910 qui
838 849 991 895 erant
1017 839 1114 908 ipsi
1136 838 1382 905 subjecti.
1409 837 1699 904 Propterea
1725 850 1864 888 nunc

291 951 500 1006 quoque
529 950 589 988 se
616 944 896 1003 exaequat,
946 947 1130 986 rursus
1173 931 1362 984 dicens
1394 947 1406 981 :
1440 929 1558 983 Sive
1584 946 1674 999 ego
1699 970 1715 994 ,
1765 930 1866 980 sive

290 1029 367 1081 illi
391 1068 404 1089 ,
438 1028 510 1080 sic
538 1026 888 1096 prandeamus.
931 1024 974 1077 Α
1008 1038 1114 1092 quo
1139 1063 1153 1087 ,
1188 1023 1357 1091 inqttit
1383 1063 1398 1084 ,
1430 1020 1590 1074 vultis
1618 1019 1824 1073 discere
1845 1059 1860 1084 ,

288 1119 475 1172 discite
499 1134 514 1182 ;
547 1117 675 1171 nihil
703 1115 1018 1170 differimus.
1054 1114 1119 1168 Et
1148 1129 1251 1166 non
1279 1113 1418 1167 dixit
1438 1153 1453 1176 ,
1484 1111 1538 1165 Si
1572 1128 1676 1164 non
1705 1112 1863 1164 vultis

289 1209 415 1263 mihi
444 1209 696 1272 credere,
729 1208 832 1261 illis
860 1210 1098 1271 credite;
1130 1205 1225 1260 sed
1250 1216 1304 1259 et
1333 1206 1566 1273 seipsum
1601 1203 1728 1258 facit
1760 1203 1864 1257 fide

285 1303 531 1370 dignum,
558 1309 612 1355 et
640 1315 733 1370 per
758 1313 816 1353 se
841 1298 969 1353 dicit
998 1299 1268 1360 sufficere,
1299 1305 1352 1351 et
1374 1298 1493 1350 illos
1519 1312 1613 1364 per
1641 1313 1699 1349 se
1729 1299 1860 1349 satis

283 1407 426 1448 csse.
476 1391 617 1446 Nihil
661 1392 802 1444 enim
847 1390 1073 1443 faciebat
1119 1403 1466 1455 personarum
1517 1387 1858 1450 differentia,

281 1498 402 1536 cum
433 1497 526 1551 par
553 1489 695 1535 esset
726 1480 1034 1533 auctoritas.
1078 1478 1246 1531 Porro
1280 1479 1378 1530 hoc
1407 1493 1618 1547 quoque
1651 1479 1772 1530 facit
1808 1478 1858 1529 iu

282 1571 520 1641 Epistula
563 1572 627 1624 ad
659 1569 870 1626 Galatas
896 1611 909 1632 ,
942 1559 1036 1624 eos
1086 1585 1364 1622 assumens
1393 1611 1406 1634 ,
1450 1586 1553 1622 non
1589 1580 1854 1637 tamquam

278 1665 358 1717 eis
389 1662 629 1728 indigens
653 1703 666 1724 ,
720 1662 814 1713 sed
856 1677 913 1713 se
943 1675 1152 1729 quoque
1183 1660 1365 1713 dicens
1397 1661 1642 1712 sufficere
1674 1679 1686 1714 :
1725 1660 1857 1711 Mihi

275 1755 408 1806 enim
435 1755 520 1822 qui
543 1752 856 1817 videbantur,
887 1752 1055 1820 inquit
1081 1793 1093 1813 ,
1129 1767 1232 1803 esse
1262 1751 1476 1820 aliquid,
1517 1752 1646 1803 nihil
1675 1762 1854 1804 contu-

275 1844 439 1897 lerunt
466 1845 480 1909 (
509 1841 627 1895 Gal.
657 1843 709 1895 2.
741 1844 773 1895 6
798 1844 838 1912 ).
882 1842 1262 1894 Verumtamen
1308 1843 1385 1894 sic
1429 1858 1639 1910 quoque
1669 1857 1853 1896 eorum

274 1948 469 2003 sequor
494 1926 832 1986 Concordiam
859 1941 913 1986 et
939 1931 1344 1986 consensionem
1377 1948 1389 1984 :
1421 1931 1665 1985 Dextera:
1687 1932 1852 1995 enim,

272 2025 441 2100 inquit
465 2066 478 2086 ,
511 2026 632 2077 mihi
670 2026 913 2077 dederunt
948 2024 964 2092 (
990 2023 1124 2076 Ibid.
1155 2039 1202 2077 υ.
1234 2025 1301 2077 29
1325 2023 1363 2092 ).
1405 2024 1533 2077 Nam
1560 2027 1602 2077 si
1635 2040 1877 2078 necesse.

269 2126 455 2180 esset,
487 2126 542 2168 ut
577 2116 722 2168 Pauli
769 2115 903 2170 fides
949 2128 1003 2169 et
1047 2117 1337 2169 auctoritas
1387 2117 1437 2168 in
1484 2117 1600 2170 aliis
1631 2126 1854 2171 essetet

269 2209 481 2260 illorum
527 2207 832 2260 testimonio
878 2208 1169 2266 niteretur.
1221 2205 1411 2258 damna
1446 2207 1851 2261 innumerabilia

268 2296 394 2351 hinc
411 2298 740 2366 accepissent
763 2298 1027 2365 discipuli.
1059 2297 1170 2350 Non
1198 2298 1296 2352 hoc
1323 2313 1450 2366 ergo
1474 2299 1594 2352 facit
1615 2299 1848 2366 seipsum

267 2389 530 2445 extollens
554 2430 569 2454 ,
606 2390 698 2443 sed
734 2391 926 2442 timens
954 2390 1250 2458 evangelio.
1295 2390 1579 2458 Propterea
1611 2391 1697 2442 hic
1724 2405 1851 2458 quo-

266 2496 370 2549 que
397 2482 561 2546 dicit,
591 2481 823 2549 seipsum
851 2497 1137 2550 exequalis
1171 2499 1182 2534 :
1217 2483 1336 2534 Sive
1362 2499 1472 2550 ego,
1506 2484 1609 2533 sive
1633 2482 1712 2534 illi
1739 2524 1752 2544 ,
1778 2486 1850 2534 sic

267 2571 621 2641 pradicamus.
665 2570 893 2624 Pulchre
945 2570 1116 2631 dixit,
1167 2570 1548 2634 Prwdicamus,
1603 2587 1848 2638 magnam

263 2660 555 2715 ostendens
579 2660 823 2713 fiduciam
851 2674 914 2712 ac
943 2659 1190 2728 loquendi
1219 2660 1540 2713 libertatem.
1568 2660 1682 2713 Non
1707 2663 1846 2714 enim

261 2756 399 2808 clam
431 2768 602 2822 neque
630 2753 682 2805 in
713 2753 920 2806 occulto
947 2794 960 2815 ,
1011 2752 1102 2804 sed
1159 2753 1280 2805 tuba
1327 2753 1608 2804 clariorem
1656 2767 1847 2805 vocem

262 2844 575 2898 emittimus.
614 2844 794 2911 Neque
842 2843 1012 2906 dixit,
1061 2844 1516 2906 Pricdiczwimus,
1573 2843 1665 2897 sed
1712 2859 1852 2897 nunc

263 2953 476 3006 quoque
507 2937 595 2992 Sic
637 2939 996 3005 prwdicanms.
1038 2935 1104 2988 Et
1135 2939 1209 2989 sic
1254 2937 1555 2989 credidistis.
1603 2937 1698 2988 llic
1743 2952 1848 2988 non

261 3029 429 3095 dixit,
461 3030 724 3093 Creditis,
759 3028 882 3091 sed,
914 3028 1236 3081 Urcdidistis.
1278 3029 1539 3093 Qttoniatn
1575 3027 1844 3092 lababant,

263 3118 384 3172 ideo
411 3118 474 3170 ad
505 3118 776 3183 superiora
812 3120 1038 3169 recurrit
1072 3130 1309 3184 tempora
1338 3157 1351 3177 ,
1383 3129 1435 3170 et
1463 3117 1528 3170 de
1558 3129 1753 3170 eartero
1780 3117 1848 3170 ab

264 3209 329 3260 iis
377 3207 502 3275 ipsis
548 3207 692 3260 addit
743 3209 1122 3261 testimonium.
1168 3207 1256 3262 1‘2.
1303 3208 1360 3260 Si
1412 3218 1575 3259 autem
1618 3208 1848 3260 Christus

263 3301 568 3368 pradicatur
593 3300 728 3369 quod
753 3302 1025 3354 resurrexit
1048 3319 1078 3352 α
1102 3303 1334 3362 mortuis,
1362 3301 1611 3369 quomodo
1639 3303 1845 3368 quidam

261 3395 434 3446 dicunt
460 3397 510 3446 in
537 3394 670 3446 vobis
711 3394 845 3462 quod
884 3396 1190 3448 resurrectio
1238 3405 1549 3454 mortuorum
1587 3411 1685 3446 non
1731 3395 1845 3446 est."

265 3490 450 3545 Viden’
481 3489 746 3559 quomodo
795 3490 996 3558 Optime
1042 3490 1390 3542 ratiocinator
1431 3499 1483 3542 et
1512 3488 1846 3543 demonstrat

261 3582 707 3637 resurrectionem
735 3596 796 3634 ex
829 3596 895 3634 eo
926 3581 1068 3649 quod
1127 3582 1372 3636 Christus
1421 3581 1490 3634 sit
1538 3582 1798 3634 excitatus
1827 3622 1840 3646 ,

260 3689 382 3726 cum
412 3688 475 3725 ex
505 3667 684 3724 multis
711 3670 834 3724 illud
868 3674 1010 3740 prius
1041 3671 1455 3725 confirmasset?
1482 3671 1610 3724 Nam
1639 3682 1692 3725 et
1721 3687 1844 3739 pro-

262 3764 462 3832 phctze,
505 3763 707 3831 inquit,
760 3763 860 3817 hoc
888 3762 1154 3826 dixerunt,
1212 3773 1266 3816 et
1310 3764 1424 3832 ipse
1473 3765 1707 3816 ostendit
1752 3779 1842 3831 per

260 3855 556 3916 visionem,
611 3863 667 3908 et
711 3869 808 3906 nos
840 3853 1191 3925 prmdicamps
1219 3895 1233 3919 ,
1284 3865 1336 3908 et
1373 3869 1470 3907 vos
1499 3855 1801 3907 credidistis
1825 3894 1840 3917 ,

257 3945 588 4014 quadruplex
609 3954 930 3999 connectens
953 3945 1315 3998 testimonium
1360 3963 1370 3995 :
1404 3945 1543 4014 quod
1575 3945 1843 3999 ferebatur

261 4055 358 4106 per
387 4035 670 4104 prepbetas
691 4077 705 4101 ,
734 4037 873 4105 quod
907 4053 999 4106 per
1030 4053 1206 4090 rerum
1237 4048 1484 4091 eventum
1509 4079 1522 4099 ,
1574 4038 1711 4104 quod
1750 4052 1842 4104 per

257 4129 556 4197 apostolos,
584 4129 722 4198 quod
745 4130 1138 4198 perdiscipulos
1163 4147 1176 4189 ;
1197 4131 1278 4181 vel
1307 4130 1478 4197 potius
1507 4129 1836 4196 quintuplex.

259 4221 394 4274 Nam
445 4221 555 4288 ipsa
611 4237 820 4289 quoque
867 4236 1025 4274 causa
1073 4222 1306 4272 ostendit
1356 4222 1837 4285 resurrectionem,

259 4329 452 4381 nempe
478 4313 616 4380 quod
639 4317 706 4368 sit
733 4324 973 4368 mortuus
993 4328 1088 4382 pro
1109 4314 1334 4367 aliorum
1363 4318 1608 4378 peccatis.
1634 4313 1686 4367 Si
1715 4329 1841 4382 ergo

260 4407 365 4458 hoc
412 4406 834 4459 demonstratum
884 4408 1018 4469 fuit,
1087 4407 1257 4475 palam
1304 4418 1385 4460 est
1427 4407 1566 4476 quod
1614 4407 1839 4460 altermn

257 4511 471 4565 quoque
521 4507 802 4564 sequatur;
861 4507 1087 4551 cancros
1139 4499 1301 4552 etiam
1335 4510 1567 4552 utortttos
1596 4501 1836 4553 excitari.

261 4587 388 4639 ldco
409 4599 672 4652 tamquam
693 4586 759 4639 de
782 4603 846 4640 eo
868 4588 1006 4655 quod
1038 4588 1087 4640 in
1114 4588 1358 4641 confesso
1372 4598 1452 4643 est
1477 4589 1837 4655 reprehendit,

257 4691 308 4731 et
339 4676 555 4730 dubium
589 4687 762 4728 movet
787 4719 798 4739 ,
850 4678 1034 4732 dicens
1064 4697 1076 4729 :
1114 4678 1173 4732 Si
1206 4689 1368 4732 autent
1399 4680 1628 4734 Christus
1667 4698 1839 4733 resur-

260 4771 413 4831 rexit,
442 4769 692 4838 quomodo
717 4769 923 4832 quidam
949 4770 1122 4821 dicunt
1147 4773 1204 4823 iu
1231 4773 1365 4824 vobis
1395 4775 1528 4840 quod
1550 4774 1840 4825 resurrectio

261 4874 576 4914 mortuorum
621 4878 718 4913 non
767 4861 879 4913 est?
919 4861 1018 4913 hac
1057 4867 1516 4929 quoqncratione
1563 4873 1842 4933 amputans

262 4953 602 5016 asperitatem
630 4968 812 5006 eorum
841 4951 929 5020 qui
953 4951 1343 5004 contradicunt.
1375 4954 1486 5006 Non
1517 4956 1658 5008 enim
1688 4957 1839 5018 dixit,

262 5044 542 5110 Quomodo
565 5045 738 5099 dicitis
762 5061 856 5098 νος
881 5062 896 5106 ;
923 5044 1035 5108 sed,
1065 5044 1326 5110 Quomodo
1347 5047 1518 5097 dicunt
1539 5048 1740 5113 quidam
1765 5049 1816 5099 in

263 5131 404 5188 vobis
423 5147 443 5184 :
469 5140 521 5185 et
547 5148 716 5200 neque
741 5150 927 5188 omnes
954 5143 1198 5195 accusat,
1232 5150 1400 5202 neque
1425 5150 1514 5186 eos
1545 5135 1687 5200 ipsos
1709 5152 1843 5202 quos

264 5231 517 5283 accusat,
552 5221 725 5292 reddit
747 5226 1084 5286 manifestos,
1120 5240 1185 5279 ne
1215 5241 1307 5279 eos
1337 5224 1530 5278 efficiat
1562 5225 1836 5292 impuden-

267 5316 436 5369 tiorcs
459 5329 473 5374 ;
503 5326 675 5380 neque
703 5328 890 5366 rursus
915 5316 1052 5368 celat
1082 5318 1310 5385 penitus.
1344 5327 1398 5369 ut
1423 5317 1564 5385 ipsos
1591 5318 1843 5384 corrigat.

267 5407 556 5474 Propterea
600 5418 719 5457 cum
752 5412 806 5456 et
841 5419 937 5457 eos
963 5419 1261 5473 separasset
1288 5424 1316 5461 τι
1357 5410 1693 5462 multitudine
1718 5450 1732 5474 ,
1778 5407 1844 5461 ad

267 5495 673 5564 disceptandum
703 5508 822 5546 cum
851 5494 930 5546 eis
955 5497 1273 5563 accingitur,
1309 5499 1405 5553 hac
1433 5500 1640 5553 ratione
1670 5510 1723 5554 et
1750 5515 1845 5554 eos

272 5585 501 5640 reddens
530 5586 902 5642 imbecilliores
929 5594 981 5639 et
1006 5586 1433 5655 obstupefaciens
1457 5631 1472 5655 ,
1522 5601 1576 5645 et
1616 5594 1748 5646 alios
1795 5594 1846 5646 in

271 5675 625 5742 suscipiendis
671 5677 928 5732 adversus
972 5691 1065 5730 eos
1115 5680 1494 5734 certaminibus
1538 5683 1742 5737 firmius
1783 5701 1846 5738 ac

269 5763 515 5819 stabilius
549 5767 828 5824 continens
871 5768 922 5822 iu
976 5768 1234 5834 veritate,
1278 5783 1376 5823 nec
1415 5771 1595 5826 siucus
1641 5784 1697 5827 ut
1739 5775 1835 5844 ipsi

1270 359 1334 415 IN
1377 359 1588 416 EPIST.
1632 358 1648 411 Ι
1714 359 1804 411 AD
1841 355 1995 411 COR.
2038 357 2267 416 HOMIL.
2309 362 2551 419 XXXIX.

3447 371 3547 425 556

1977 473 2324 542 transfugiant
2364 478 2432 532 ad
2460 493 2555 533 eos
2579 481 2664 548 qui
2697 481 2926 536 studium
2957 473 3265 551 posuerunt
3313 493 3369 536 ut
3401 485 3546 553 ipsos

1972 577 2392 633 corrumperent.
2427 569 2650 631 Paratus
2676 573 2815 634 enim
2839 582 2940 638 est,
2969 583 3026 627 ut
3051 574 3102 627 in
3120 588 3215 628 eos
3242 574 3544 638 vehementi

1974 657 2170 725 impetu
2199 662 2457 716 orationis
2485 662 2707 717 feratur.
2752 662 2953 719 Deinde
2981 681 3048 719 ne
3076 666 3256 719 dicant
3288 665 3389 720 hoc
3417 667 3545 730 oui-

1972 747 2090 802 dem
2141 764 2270 816 esse,
2306 752 2527 808 evidens
2572 763 2628 808 et
2671 757 2920 822 omnibus
2975 757 3346 820 manifestum,
3403 758 3542 826 quod

1971 841 2209 895 Christus
2226 848 2594 909 resurrexerit,
2614 857 2665 901 et
2683 849 2948 903 neminem
2963 848 3223 914 dubitare,
3245 865 3347 901 non
3367 832 3541 903 tzimcn

1971 930 2073 988 hoc
2103 934 2407 988 necessario
2435 951 2644 1006 quoque
2675 939 2901 992 alterum
2937 938 3149 993 efficere
3175 981 3188 1005 ,
3226 956 3414 1006 nempe
3441 940 3534 990 bo-

1970 1023 2172 1077 minum
2220 1027 2849 1083 resurrectionemznam
2897 1029 3037 1098 quod
3070 1030 3135 1082 ad
3186 1029 3380 1083 CuriSti
3420 1031 3539 1098 qui-

1969 1112 2090 1165 dem
2143 1115 2365 1170 attineat
2421 1118 2898 1185 resurrectionem,
2960 1135 3022 1174 ea
3081 1130 3136 1173 et
3193 1120 3289 1184 fuit
3347 1121 3541 1190 prmdi-

1969 1214 2051 1258 cta
2079 1247 2092 1268 ,
2139 1215 2193 1260 ct
2244 1208 2440 1270 evenit,
2475 1220 2526 1264 et
2561 1224 2652 1278 per
2678 1212 3040 1265 testimonium
3071 1214 3290 1268 visionis
3321 1222 3403 1268 est
3431 1231 3542 1283 pru-

1967 1297 2135 1363 bata;
2183 1307 2361 1351 nostra
2390 1310 2565 1353 autem
2599 1303 2923 1356 resurrectio
2967 1303 3138 1356 adlmc
3185 1305 3234 1355 in
3285 1320 3378 1371 spe
3427 1318 3539 1370 e5t;

1966 1390 2088 1445 vrde
2125 1394 2250 1462 quid
2301 1394 2424 1449 facit
2456 1414 2468 1448 :
2498 1411 2565 1450 ex
2593 1397 2756 1450 altera
2790 1409 2939 1464 parte
2987 1412 3170 1452 rursas
3211 1398 3259 1450 id
3307 1398 3496 1466 probat
3523 1441 3537 1463 ,

1964 1483 2104 1550 quod
2153 1500 2369 1552 magnas
2415 1486 2644 1541 habebat
2698 1488 2858 1542 vires.
2901 1489 3034 1553 Quid
3092 1491 3230 1543 enim
3259 1530 3272 1551 ,
3331 1490 3538 1557 inquit,

1964 1573 2144 1626 dicunt
2172 1574 2407 1641 quidam,
2436 1577 2575 1643 quod
2596 1593 2700 1631 uzm
2723 1589 2805 1632 cst
2837 1590 3164 1635 mortuorum
3196 1579 3539 1633 resurrectio?

1963 1682 2087 1735 ergo
2111 1668 2236 1719 illtul
2258 1685 2466 1736 quoque
2493 1685 2556 1722 ex
2583 1669 2681 1722 hoc
2702 1679 2785 1728 est
2812 1671 3101 1732 sublatum,
3130 1672 3268 1739 quod
3296 1673 3538 1725 Christus

1964 1757 2332 1812 rcsurreiterit.
2389 1761 2452 1811 l'lt
2498 1760 2623 1812 ideo
2668 1760 2977 1828 subjungit,
3030 1760 3213 1814 dicens
3263 1778 3276 1813 :
3328 1763 3414 1815 15.
3477 1762 3538 1815 Si

1961 1857 2128 1898 autem
2158 1850 2454 1901 resurrectio
2495 1861 2804 1904 mortuorum
2844 1868 2943 1902 non
2970 1860 3041 1904 ert
3067 1892 3080 1916 ,
3111 1867 3266 1919 neque
3306 1851 3536 1904 Christus

1959 1941 2252 1992 resurrexit.
2284 1941 2525 1994 Vidistin'
2549 1941 2696 1994 Pauli
2729 1942 3036 1995 violentiam
3065 1951 3117 1996 et
3137 1941 3532 1996 eontetitionetn

1961 2034 2445 2104 inexpugnabilem,
2479 2035 2744 2103 quomodo
2768 2051 2872 2088 non
2901 2051 2967 2089 ex
2996 2051 3060 2088 co
3091 2035 3264 2088 Solum
3288 2033 3427 2103 quod
3455 2045 3537 2086 est

1959 2127 2317 2191 manifestum,
2353 2127 2400 2179 id
2427 2126 2494 2180 de
2522 2141 2626 2195 quo
2652 2127 2945 2190 dubitatur,
2978 2127 3071 2181 scd
3100 2128 3259 2180 etiam
3286 2142 3348 2181 ex
3381 2141 3444 2180 eo
3469 2125 3536 2179 de

1956 2231 2062 2284 quo
2100 2216 2371 2271 dubitatur
2400 2234 2427 2270 a
2459 2218 2966 2283 contradicentibus,
3014 2218 3122 2285 jam
3167 2227 3391 2272 conetur
3434 2218 3532 2270 de-

1956 2314 2253 2360 monstrare
2285 2307 2412 2360 illud
2441 2308 2581 2376 quod
2611 2317 2691 2362 est
2724 2307 3108 2361 manifestum?
3151 2322 3255 2361 non
3301 2308 3424 2375 quia
3476 2307 3528 2359 id

1955 2395 2096 2464 quod
2121 2396 2233 2462 jam
2265 2397 2459 2450 factum
2489 2406 2604 2450 erat
2632 2412 2768 2465 opus
2798 2397 3018 2452 haberet
3045 2396 3523 2458 demonstratione,

1955 2485 2049 2540 Sed
2078 2494 2133 2538 ut
2168 2487 2475 2540 ostenderet
2501 2486 2601 2540 hoc
2619 2503 2736 2541 esse
2754 2503 2903 2556 a‘qne
2925 2497 3081 2556 atque
3104 2487 3229 2540 illud
3254 2487 3529 2541 credibile.

2023 2577 2078 2630 2.
2120 2577 2185 2631 Et
2224 2593 2466 2647 quaenam
2512 2589 2631 2644 est,
2666 2579 2908 2644 inquies,
2953 2578 3066 2632 haec
3107 2579 3535 2647 consequentia?

1954 2684 2074 2721 nam
2100 2669 2238 2737 quod
2269 2669 2313 2722 si
2339 2668 2584 2724 Cliristu‘s
2611 2671 2824 2739 quidem
2866 2684 2972 2724 non
3011 2668 3406 2733 resnrrexerit,
3459 2683 3526 2721 uc

1952 2759 2038 2810 alii
2071 2758 2285 2826 quidem
2314 2769 2637 2828 resurgant,
2667 2771 2749 2813 est
2769 2775 3102 2829 consequens
3127 2777 3141 2823 ;
3176 2759 3318 2827 quod
3347 2769 3525 2812 autem

1953 2850 1994 2902 si
2024 2849 2108 2901 alii
2134 2866 2238 2902 non
2257 2851 2666 2913 resurrexerint,
2692 2865 2757 2903 ne
2775 2852 2885 2918 ipse
2909 2849 3127 2918 "quidem
3154 2851 3528 2912 resurrexerit,

1951 2942 2218 3010 quomodo
2250 2943 2350 2996 hoc
2375 2944 2532 2996 ullam
2556 2943 2746 2997 habeat
2774 2943 3078 2995 rationem?
3109 2942 3370 3009 Quoniam
3401 2958 3531 3010 ergo

1954 3032 2054 3086 hoc
2101 3034 2378 3086 videbatur
2416 3051 2519 3086 non
2571 3048 2689 3087 esse
2734 3033 3021 3086 admodum
3067 3018 3258 3086 ratiOni
3297 3047 3526 3085 consen-

1953 3133 2203 3186 taneum,
2257 3123 2375 3176 vide
2421 3124 2688 3191 quomodo
2742 3134 3160 3177 coasentancum
3215 3123 3315 3176 hoc
3368 3121 3525 3175 valde

1951 3214 2108 3270 faciat
2131 3258 2143 3276 ,
2177 3216 2242 3270 ab
2271 3216 2379 3269 alto
2406 3215 2552 3284 prius
2575 3215 2780 3282 jacieus
2809 3215 3013 3269 semina
3037 3257 3052 3279 ,
3095 3231 3162 3268 ex
3190 3215 3299 3284 ipsa
3333 3213 3528 3282 prmdi—
3562 3277 3564 3280 _

1950 3310 2173 3363 cationis
2216 3323 2374 3362 eaitsa
2426 3325 2439 3361 :
2493 3322 2686 3377 nempe
2725 3307 2865 3375 quod
2911 3322 3006 3374 pro
3050 3308 3281 3375 peccatis
3332 3289 3547 3360 nostris.

1950 3410 2192 3453 mortuus
2241 3399 2630 3458 resurrexerit,
2665 3407 2718 3451 et
2765 3396 2905 3465 quod
2947 3396 3019 3450 sit
3066 3395 3312 3465 primitiae
3342 3409 3528 3448 eorum

1948 3496 2036 3560 qui
2063 3494 2412 3546 dormierunt.
2446 3491 2696 3544 Primitizc
2723 3491 2863 3543 enim
2887 3489 3161 3558 cujusnam
3190 3487 3387 3542 fuerint
3417 3490 3528 3555 pri-

1949 3585 2110 3636 miti:e
2132 3624 2145 3646 ,
2188 3583 2287 3635 nisi
2334 3598 2518 3634 eorum
2550 3581 2638 3651 qui
2671 3590 2950 3649 resurgunt
2977 3580 2996 3632 ἒ
3025 3581 3292 3649 quomodo
3336 3590 3512 3634 autem

1949 3674 2145 3728 fuerint
2191 3674 2472 3742 primitim,
2523 3674 2621 3726 nisi
2667 3683 2945 3746 resurgant
2997 3674 3072 3726 illi
3121 3690 3346 3738 quorum
3401 3683 3524 3727 sunt

1950 3767 2194 3836 primitiae
2221 3767 2242 3817 ?
2270 3765 2536 3834 quomodo
2577 3780 2704 3832 ergo
2751 3779 2853 3816 non
2903 3765 3226 3830 resurgunt?
3263 3765 3306 3816 sl
3348 3774 3523 3817 antu-nt

1947 3875 2052 3911 non
2084 3867 2400 3926 resurgunt,
2433 3872 2528 3909 cur
2574 3855 2868 3910 resurrexit
2899 3853 3185 3908 Christus?
3215 3870 3308 3906 cur
3338 3855 3526 3906 venit?

1947 3966 2042 4004 cur
2072 3965 2286 4003 carnem
2327 3950 2600 4017 suscepit,
2648 3950 2690 4000 si
2723 3956 2938 4002 Carnem
2992 3964 3093 4000 non
3144 3959 3257 4000 crat
3302 3950 3525 4000 suscita-

1950 4041 2120 4094 turus?
2147 4056 2248 4092 non
2278 4039 2416 4091 enim
2447 4039 2559 4105 ipse
2587 4053 2721 4104 opus
2749 4037 2980 4090 habebat
3014 4045 3069 4088 tit
3100 4049 3402 4106 resurgeret
3422 4036 3519 4090 nisi

1949 4143 2163 4201 propter
2209 4145 2325 4182 nos.
2369 4128 2472 4182 Sed
2519 4130 2634 4181 hate
2665 4129 2874 4196 quidem
2910 4130 3053 4195 ponit
3087 4138 3268 4194 postea
3304 4142 3520 4194 progre-

1947 4220 2116 4281 diens,
2149 4220 2358 4271 interitu
2387 4225 2564 4270 autem
2592 4219 2718 4270 dicit
2749 4236 2759 4269 :
2790 4218 2844 4271 Si
2870 4216 3060 4269 mertui
3089 4234 3190 4269 non
3220 4227 3518 4284 rcSurgnut,

1949 4327 2119 4379 neque
2149 4309 2712 4366 Christusresurrexit
2733 4349 2751 4382 ,ι
2780 4316 2965 4375 utpote
2997 4323 3115 4358 cum
3156 4307 3256 4359 hoc
3297 4308 3361 4358 sit
3395 4323 3526 4360 con-

1947 4419 2139 4456 nexum
2173 4419 2186 4455 :
2221 4418 2340 4468 nam
2369 4402 2412 4453 si
2443 4416 2544 4453 non
2586 4398 2772 4452 fuisset
2823 4407 3249 4462 resurrecturus,
3300 4412 3364 4451 ne
3393 4399 3521 4450 illud

1946 4495 2158 4563 quidem
2187 4475 2418 4546 lec'issct.
2463 4491 2701 4546 Vidistin'
2729 4487 2979 4558 paulatim
3014 4501 3173 4542 totam
3201 4490 3366 4543 everti
3408 4507 3523 4541 διιε-

1946 4595 2114 4654 cepta:
2145 4587 2321 4639 carnis
2352 4584 2808 4650 diSpeusationein
2843 4625 2856 4645 ,
2899 4599 2961 4634 ex
2999 4583 3102 4635 illis
3135 4583 3337 4640 verbis,
3374 4590 3424 4632 et
3456 4596 3519 4633 ex

1947 4693 2011 4730 eo
2038 4677 2177 4744 quod
2210 4692 2311 4728 non
2349 4675 2597 4727 credatur
2625 4674 3022 4726 resurrrectio?
3070 4672 3171 4726 Sed
3205 4687 3341 4723 nunc
3391 4672 3521 4723 nihil

1945 4770 2074 4822 dicit
2097 4769 2161 4821 de
2178 4769 2353 4820 carnis
2375 4768 2734 4832 susceptione,
2764 4764 2856 4816 scd
2880 4765 2943 4816 de
2967 4763 3375 4816 resurrectione.
3408 4762 3522 4816 Non

1947 4865 2088 4918 enim
2114 4877 2327 4916 carnem
2359 4859 2662 4927 suscepisse
2691 4899 2706 4922 ,
2749 4857 2843 4911 sed
2885 4866 3153 4910 mortuum
3183 4870 3302 4909 esse
3342 4855 3521 4906 abolet

1950 4965 2174 5009 mortem
2206 4971 2218 5006 :
2255 4968 2373 5006 nam
2400 4968 2464 5005 eo
2490 4966 2704 5004 carnem
2733 4949 2962 5003 habente
2987 4948 3161 5000 adhuc
3193 4944 3517 4996 dominatum

1882 5045 1884 5048 ’
1949 5039 2223 5100 obtinebat
2263 5045 2402 5097 illius
2447 5043 2706 5112 tyrannis.
2751 5043 2836 5094 14.
2881 5041 2940 5094 Si
2971 5051 3137 5090 autent
3169 5035 3397 5088 Christus
3420 5049 3522 5087 non

1950 5141 2218 5193 resurrexit
2244 5181 2256 5190 .
2287 5139 2450 5190 inanis
2476 5145 2546 5188 est
2577 5134 2869 5202 pra'dicatio
2899 5141 3090 5183 nostra.
3135 5130 3292 5198 Atqui
3326 5144 3524 5182 conse-

1949 5246 2118 5298 quens
2146 5239 2260 5282 erat
2284 5228 2496 5280 dicere:
2521 5226 2573 5280 Si
2600 5233 2775 5276 autem
2808 5221 3047 5275 Christus
3076 5236 3178 5272 non
3213 5222 3521 5282 resurrexit,

1954 5321 2195 5387 pugnatis
2239 5334 2357 5370 cum
2392 5319 2455 5370 iis
2499 5333 2618 5386 qua:
2663 5323 2788 5368 sunt
2827 5313 3117 5377 evidentia,
3172 5321 3372 5366 etcum
3418 5321 3522 5362 tam

1953 5410 2134 5462 multis
2152 5407 2441 5475 prophetis.
2471 5416 2662 5459 etcum
2681 5419 2858 5456 rerum
2880 5404 3123 5457 veritate.
3151 5401 3252 5456 Sed
3280 5401 3326 5451 id
3358 5399 3523 5466 ponit,

1952 5500 2090 5571 quod
2117 5506 2198 5552 est
2225 5497 2302 5550 eis
2329 5496 2498 5549 multo
2527 5495 2812 5550 terribilius
2844 5515 2854 5548 :
2886 5493 3065 5546 Inanis
3092 5500 3164 5544 cst
3191 5506 3306 5559 ergo
3336 5489 3517 5556 prde-

1953 5593 2082 5646 catio
2109 5599 2298 5650 nostra,
2337 5591 2502 5640 inanis
2524 5597 2594 5640 est
2623 5587 2747 5654 ﬁdes
2776 5597 2959 5639 vestra.
2991 5583 3269 5652 Exagitare
3299 5595 3526 5647 namque

1953 5681 2061 5734 vult
2089 5680 2298 5732 illorum
2332 5689 2584 5731 mentem.
2629 5677 2986 5735 Universum,
3032 5671 3202 5743 inquit
3231 5710 3244 5732 ,
3281 5670 3520 5735 perdidi-

1951 5786 2087 5838 mus,
2113 5780 2335 5841 pcrcunt
2363 5770 2560 5830 omnia,
2591 5767 2632 5822 si
2665 5783 2767 5820 non
2800 5765 3110 5819 resurrexit.
3143 5761 3325 5816 Vidisti
3359 5774 3526 5830 quatt—
