4038 6216
544 413 651 471 355

460 540 463 543 '
549 538 660 579 tum
689 524 759 577 sit
785 520 1095 591 mysterium
1133 525 1398 584 susceptae
1439 514 1619 570 carnis
1660 506 2116 581 dispensationis?

548 616 680 670 Nam
724 614 768 669 si
799 622 1039 666 mormus
1080 626 1187 664 non
1230 603 1402 678 potuit
1435 620 1747 672 resurgere,
1788 618 1960 672 neque
1985 601 2117 655 abo-

549 707 695 759 litum
724 712 804 758 est
832 712 1129 773 peccatum,
1172 712 1345 767 neque
1374 713 1518 751 mors
1562 703 1646 748 est
1675 702 1942 761 perempta
1962 730 1979 755 ,
2018 705 2118 745 nec

548 794 782 849 ablatum
811 803 894 848 est
939 791 1279 845 maledictum
1302 831 1317 854 ,
1369 800 1421 843 et
1452 802 1555 839 non
1594 784 1766 836 solum
1804 798 1902 837 nos
1941 780 2118 836 inania

545 883 948 954 prtedicavimus
968 922 983 944 ,
1014 880 1107 935 sed
1140 896 1231 933 vos
1260 894 1470 949 quoque
1497 876 1797 931 credidistis
1822 873 2019 928 inania.
2054 872 2119 925 Et

546 993 650 1029 non
679 974 850 1028 solum
884 973 1006 1027 binc
1035 972 1269 1026 ostendit
1316 970 1695 1024 absurditatetn
1735 966 1921 1020 borum
1950 965 2118 1018 malo-

544 1082 665 1120 rum
691 1065 997 1137 dogmatum
1023 1102 1038 1125 ,
1068 1063 1160 1116 scd
1191 1062 1351 1114 etiam
1382 1060 1577 1113 acriter
1601 1057 1878 1119 decertat,
1905 1053 2112 1108 dicens:

550 1155 637 1211 15.
678 1152 973 1208 Inveniatur
999 1162 1165 1205 autent
1192 1159 1240 1204 et
1267 1150 1388 1219 [nisi
1412 1158 1558 1202 testes
1584 1146 1709 1209 Dei,
1757 1145 1994 1213 quoniam
2020 1153 2117 1197 tes-

542 1247 804 1300 timonium
847 1246 1067 1298 diximus
1118 1243 1357 1297 adversus
1409 1240 1572 1292 Deum
1624 1238 1760 1307 quod
1804 1235 2117 1289 suscitaverit

541 1335 795 1389 Christum
822 1350 842 1387 :
869 1350 1012 1399 quem
1042 1349 1143 1386 non
1185 1330 1441 1385 suscitauit
1468 1370 1483 1393 ,
1522 1328 1566 1381 si
1607 1326 1789 1380 mortui
1815 1340 1914 1378 non
1950 1339 2117 1378 resur-

541 1436 684 1495 gunt.
725 1425 778 1479 Si
807 1434 985 1477 autem
1014 1424 1117 1475 hoc
1142 1430 1226 1475 est
1250 1420 1539 1473 absurdum
1568 1422 1583 1486 (
1612 1428 1695 1471 est
1722 1416 1864 1471 enim
1908 1416 1997 1469 Dei
2025 1430 2117 1468 ac-

538 1518 745 1569 cusatio
769 1525 823 1569 et
846 1514 1107 1569 calumnia
1134 1517 1150 1580 )
1174 1553 1191 1578 ,
1221 1522 1276 1567 et
1298 1528 1401 1564 non
1429 1510 1675 1564 excitavit
1705 1519 1759 1563 ttt
1784 1509 1979 1572 dicitis,
2006 1522 2111 1590 non

541 1610 643 1663 hoc
668 1608 840 1663 solum
861 1649 876 1670 ,
903 1607 996 1662 sed
1025 1608 1192 1661 multa
1222 1606 1379 1659 etiam
1410 1604 1512 1657 alia
1543 1611 1832 1670 sequentur
1858 1598 2111 1653 absurda.

543 1700 609 1753 Et
626 1702 740 1768 ipsa
767 1714 949 1753 rursus
972 1698 1271 1759 conﬁrmat,
1294 1705 1346 1749 et
1370 1693 1593 1746 assumit
1613 1693 1799 1746 dicens
1824 1709 1838 1745 :
1864 1692 1947 1745 16.
1976 1690 2113 1743 Nam

541 1791 585 1841 si
626 1790 810 1841 mortui
851 1800 951 1841 non
982 1794 1287 1857 resurgunt,
1341 1801 1502 1855 neque
1547 1784 1778 1837 Christus
1818 1784 2110 1835 resurrexit.

540 1878 667 1931 Nam
694 1878 738 1933 si
770 1878 871 1932 hoc
898 1893 1001 1931 non
1024 1888 1135 1931 erat
1164 1875 1397 1931 facturus
1416 1915 1431 1938 ,
1461 1890 1527 1929 ne
1548 1873 1852 1927 advenisset
1876 1872 2110 1941 quidem.

538 1968 650 2022 lloc
675 1980 850 2023 autem
880 1983 983 2021 non
1013 1969 1181 2032 dicit,
1212 1965 1307 2019 sed
1338 1965 1494 2018 ﬁnem
1513 2004 1527 2027 ,
1562 1978 1752 2030 nempe
1776 1962 1892 2027 ejus
1929 1978 2108 2015 resur-

538 2061 826 2111 rectionem
855 2099 871 2124 ,
918 2075 1011 2125 per
1040 2058 1209 2124 ipsam
1252 2048 1440 2107 omnes
1472 2052 1705 2109 trahens.
1754 2053 1837 2105 I7.
1882 2053 2030 2118 Quod
2070 2056 2113 2106 si

538 2148 767 2202 Christus
793 2165 894 2199 non
919 2145 1209 2209 resurrexit,
1243 2160 1371 2197 vana
1391 2153 1464 2197 est
1484 2144 1610 2210 ﬁdes
1630 2154 1807 2197 uestra.
1839 2143 1899 2196 Ei
1925 2184 1941 2208 ,
1969 2144 2109 2213 quod

537 2248 620 2292 est
650 2237 987 2291 tnanifestum
1018 2246 1072 2291 et
1100 2237 1167 2290 de
1196 2251 1300 2305 quo
1328 2244 1534 2289 constat
1562 2275 1575 2298 ,
1606 2235 1943 2289 continenter
1963 2234 2110 2289 addit

535 2329 734 2384 Christi
765 2329 1206 2383 resurrectiooem
1232 2369 1245 2390 ,
1295 2342 1361 2381 ex
1389 2342 1454 2381 eo
1481 2326 1619 2392 quod
1658 2336 1740 2380 est
1784 2326 1971 2382 fortius
1993 2370 2009 2390 ,
2058 2329 2108 2382 id

535 2421 735 2486 etiam,
786 2420 925 2490 quod
974 2420 1181 2474 videtur
1226 2434 1347 2474 esse
1397 2418 1719 2473 imbecillum
1756 2429 1808 2473 et
1849 2420 2105 2485 dubium,

535 2512 763 2567 reddens
794 2510 1022 2579 validum
1050 2520 1104 2564 et
1134 2510 1491 2563 manifestum.
1550 2509 1731 2561 Adhuc
1761 2510 1879 2562 estis
1904 2509 1955 2561 in
1987 2524 2107 2576 pec-

532 2604 657 2657 catis
682 2604 876 2657 vestris.
917 2602 1047 2657 Nam
1077 2603 1121 2656 si
1154 2617 1261 2653 non
1290 2600 1582 2654 resurrexit
1608 2640 1623 2663 ,
1654 2613 1753 2653 nec
1778 2610 1862 2653 est
1890 2600 2105 2668 quidem

531 2704 773 2746 mortuus
804 2710 818 2746 :
850 2692 893 2746 si
920 2701 1097 2746 autem
1145 2705 1250 2743 non
1288 2696 1372 2742 est
1414 2699 1655 2741 mortuus
1677 2730 1691 2750 ,
1747 2704 1843 2742 nec
1874 2689 2107 2744 abolevit

529 2780 747 2849 quidem
775 2790 1047 2849 peccatum
1075 2796 1088 2842 ;
1120 2779 1235 2848 ejus
1270 2779 1410 2833 enim
1441 2793 1583 2831 mors
1619 2787 1700 2832 est
1729 2778 1948 2833 abolitio
1976 2795 2105 2848 pee-

524 2872 631 2925 cati
665 2889 677 2921 :
711 2869 838 2924 Ecce
865 2871 1006 2925 enim
1033 2912 1050 2935 ,
1080 2869 1288 2938 inquit,
1335 2869 1511 2939 Agnus
1557 2867 1651 2923 Dei
1688 2870 1775 2940 qui
1803 2870 1936 2922 tollit
1981 2887 2099 2937 pec-

529 2972 693 3015 eatum
720 2962 896 3015 mundi
924 2960 1100 3035 (Joau.
1138 2963 1186 3016 1.
1221 2962 1338 3031 29).
1366 2960 1647 3028 Quomodo
1674 2969 1852 3015 autem
1886 2962 2107 3016 tollens?

530 3053 717 3108 Morte.
748 3052 816 3109 Et
844 3054 962 3109 ideo
988 3054 1146 3109 etiam
1177 3053 1388 3107 vocavit
1413 3053 1621 3120 Agnum
1646 3093 1661 3118 ,
1693 3062 1752 3105 ut
1777 3054 1865 3121 qui
1895 3054 2106 3108 occide-

527 3153 695 3198 retur.
737 3143 794 3200 Si
823 3152 1001 3198 autem
1041 3159 1144 3197 non
1177 3143 1501 3205 resurrexit,
1536 3159 1705 3211 neque
1735 3142 1833 3196 fuit
1861 3144 2101 3207 occisus;

527 3236 571 3290 si
606 3252 710 3291 non
759 3236 860 3290 fuit
887 3236 1130 3294 occisus.
1184 3248 1358 3303 neque
1389 3241 1663 3301 peccatum
1694 3242 1777 3288 est
1806 3234 2099 3296 abolitum;

528 3331 574 3385 si
605 3344 710 3384 non
738 3328 832 3382 fuit
862 3327 1143 3392 abolitum,
1169 3326 1221 3380 in
1244 3342 1310 3381 eo
1336 3324 1500 3392 estis;
1520 3327 1567 3379 si
1587 3336 1766 3380 autem
1791 3325 1843 3379 in
1867 3341 1931 3379 eo
1951 3326 2101 3391 estis,

532 3422 725 3476 frustra
755 3418 1264 3488 prtcdicavimus;si
1311 3416 1505 3469 frustra
1548 3415 1970 3484 praedicavimus,
1996 3414 2107 3469 fru-

532 3523 642 3567 stra
670 3512 991 3568 credidistis.
1021 3509 1267 3580 Alioquin
1296 3517 1471 3561 autem
1502 3522 1645 3560 mors
1673 3521 1885 3576 quoque
1924 3516 2107 3561 manet

529 3602 880 3667 immortalis,
925 3602 968 3655 si
998 3616 1102 3654 non
1144 3599 1456 3654 resurrexit.
1493 3598 1548 3653 Si
1580 3596 1720 3651 enim
1751 3598 1863 3666 ipse
1893 3613 2104 3667 quoque

526 3694 778 3747 detentus
806 3692 901 3747 fuit
928 3706 957 3744 a
988 3700 1158 3745 morte
1182 3733 1197 3757 ,
1231 3700 1285 3745 et
1323 3690 1561 3744 dolorem
1592 3690 1708 3759 ejus
1751 3706 1855 3743 non
1901 3689 2057 3743 solvit
2086 3705 2101 3754 ;

528 3784 796 3855 quomodo
841 3784 974 3839 alios
1004 3799 1192 3837 omnes
1220 3782 1504 3843 liberavit,
1536 3781 1624 3849 qui
1658 3782 1771 3848 ipse
1801 3780 1976 3835 adlmc
2001 3780 2103 3835 do.-

531 3877 834 3931 tinebatnri
884 3875 950 3929 Et
980 3875 1099 3928 ideo
1140 3872 1409 3942 subjungit
1444 3890 1453 3923 :
1493 3872 1577 3925 18.
1624 3870 1759 3938 Ergo
1798 3880 1843 3922 et
1871 3871 1957 3941 qui
1982 3871 2105 3924 dor-

532 3970 746 4021 mierunt
790 3968 844 4019 in
882 3965 1103 4028 Christo,
1138 3966 1408 4033 perierunt.
1453 3961 1520 4015 Et
1547 3961 1674 4030 quid
1704 3961 1822 4015 dico
1846 4002 1859 4025 ,
1895 3961 2101 4030 inquit,

531 4059 596 4112 de
628 4058 777 4112 vobis
801 4100 815 4119 ,
845 4072 964 4112 eum
994 4055 1153 4110 etiam
1185 4054 1255 4107 illi
1286 4068 1473 4107 omnes
1502 4053 1789 4121 perierint,
1819 4054 1905 4122 qui
1937 4062 2104 4106 totum

533 4151 895 4211 confecerunt,
928 4157 982 4202 et
1010 4148 1187 4201 futuro
1212 4188 1227 4210 ,
1259 4144 1398 4213 quod
1426 4153 1505 4198 est
1537 4144 1819 4207 incertum,
1852 4158 1954 4195 non
1984 4153 2107 4195 sunt

536 4240 761 4307 :unplius
786 4238 1007 4306 subjecti
1034 4239 1058 4288 ἲ
1102 4236 1233 4291 lllud
1264 4244 1472 4298 autem,
1508 4230 1571 4286 In
1592 4232 1792 4285 Christo
1818 4273 1832 4297 ,
1864 4243 1954 4285 ant
1979 4232 2107 4285 dicit

539 4333 592 4385 in
630 4331 731 4383 ﬁde
756 4371 771 4395 ,
827 4338 918 4381 aut
959 4328 1047 4396 qui
1099 4335 1314 4394 promer
1342 4325 1511 4392 ipsum
1538 4332 1663 4377 sunt
1737 4323 1969 4387 mortui,
2016 4325 2105 4393 qui

541 4422 704 4475 multa
752 4420 1120 4472 sustinuerunt
1161 4416 1393 4483 pericula
1419 4456 1431 4469 .
1465 4414 1554 4483 qui
1581 4414 1771 4468 multas
1790 4413 1941 4482 passi
1984 4423 2109 4465 sunt

533 4510 891 4575 afﬂictiones,
936 4510 1023 4578 qui
1068 4508 1289 4576 ingressi
1332 4515 1456 4560 sunt
1499 4520 1591 4573 per
1635 4506 1773 4557 viam
1804 4512 2102 4570 angustam.

532 4600 632 4656 Ubi
666 4614 806 4653 nunc
825 4610 945 4651 sunt
976 4598 1198 4651 scelesta
1220 4612 1309 4650 ora
1340 4595 1777 4652 Manicbmorum.
1808 4593 1895 4661 qui
1927 4592 2111 4645 dicunt

535 4706 657 4744 eum
690 4690 869 4743 dicere
895 4702 1011 4743 eam
1041 4702 1157 4754 qua:
1188 4686 1275 4739 bic
1298 4697 1381 4738 est
1407 4684 1886 4747 resurrectionem,
1918 4696 2111 4750 nempe

536 4781 900 4835 liberationem
933 4795 960 4831 a
994 4780 1256 4847 peccato?
1299 4778 1451 4830 llensi
1486 4777 1625 4830 enim
1655 4775 1738 4829 isti
1782 4783 1835 4829 et
1872 4774 2107 4829 continui

540 4888 601 4924 ac
630 4872 888 4940 reciproci
932 4871 1228 4941 syllogismi
1274 4868 1405 4920 nihil
1458 4868 1696 4925 indicant
1744 4882 1933 4921 eormn
1993 4881 2111 4935 qua:

536 4961 610 5017 illi
638 4961 851 5023 dicunt,
902 4961 992 5014 sed
1027 4960 1075 5012 id
1126 4960 1262 5029 quod
1307 4974 1404 5013 nos
1436 4959 1680 5013 dicimus.
1732 4958 1931 5011 Dicitur
1969 4958 2110 5011 enim

538 5050 859 5106 resurrectio
889 5050 1002 5116 ejus
1030 5050 1169 5118 quod
1200 5050 1391 5102 cecidit
1421 5048 1706 5103 restitutio.
1757 5048 1821 5101 Et
1850 5047 1971 5101 ideo
2001 5045 2112 5100 fre-

536 5152 764 5215 quenter
806 5139 1062 5201 resumit,
1112 5155 1216 5192 non
1269 5141 1437 5191 solum
1484 5138 1667 5193 dicens
1714 5138 2110 5201 resurrexisse,

537 5236 633 5291 sed
672 5235 833 5288 etiam
888 5229 1130 5291 addens,
1182 5228 1266 5283 Ea:
1311 5232 1540 5283 mortuis.
1585 5231 1648 5282 Et
1672 5228 1935 5283 Corinthii
1986 5245 2113 5285 sane

540 5344 646 5385 non
673 5324 991 5382 dubitabant
1036 5326 1102 5377 de
1145 5323 1463 5377 remissione
1492 5332 1862 5390 peccatorum,
1906 5323 1998 5377 sed
2046 5323 2114 5377 de

540 5421 932 5473 resurrectione
943 5430 1249 5485 corporum.
1267 5412 1518 5477 Qtuenatn
1537 5422 1710 5465 autem
1730 5413 1947 5465 omnino
1966 5424 2116 5483 urget

544 5512 838 5564 necessitas
858 5551 873 5573 ,
908 5516 964 5560 ut
1011 5506 1054 5559 si
1089 5503 1332 5558 homines
1363 5518 1468 5557 non
1500 5502 1605 5558 sint
1632 5503 1889 5571 ejusmodi
1924 5512 1979 5555 ut
2007 5520 2113 5557 non

544 5609 799 5667 peccent,
834 5616 903 5653 ne
928 5598 1171 5654 Christus
1197 5593 1410 5664 quidem
1438 5592 1508 5647 sit
1534 5592 1835 5661 hujusmodi
1860 5595 1883 5645 ?
1907 5594 2039 5648 Nam
2072 5596 2115 5649 si

547 5705 651 5742 non
698 5703 839 5744 esset
886 5691 1270 5753 suscitaturus,
1323 5701 1656 5757 consequens
1704 5697 1845 5741 esset
1895 5688 2109 5753 dicere,

543 5780 648 5834 Cur
669 5780 832 5844 venit.
865 5791 914 5836 et
940 5796 1153 5837 carnem
1180 5780 1405 5850 accepit,
1440 5790 1490 5832 et
1516 5778 1803 5832 rcsarrexit
1828 5779 1848 5831 ’ἶ
1872 5779 1935 5833 dc
1962 5779 2114 5834 nobis

1223 402 1283 461 S.
1320 398 1596 458 JOANNIS
1630 392 2094 453 CHRYSOSTOIII
2134 391 2448 446 ARClllEP.
2490 393 3024 450 CONSTANTINOP.

3703 401 3800 458 336

2230 514 2407 561 autem
2432 508 2671 562 minime.
2699 508 2830 563 Nam
2857 518 2909 564 et
2937 509 3275 578 pecantibus
3301 508 3603 566 hominibus
3619 522 3676 566 et
3696 530 3796 569 non

2229 599 2573 666 peccantibus
2597 639 2613 663 ,
2641 614 2762 653 cum
2800 600 2912 653 Deo
2942 613 3155 667 semper
3182 602 3428 670 estquod
3460 601 3512 655 in
3538 620 3663 659 eum
3693 622 3795 660 non

2223 690 2379 743 cadat
2409 700 2681 758 peccatum
2704 732 2719 750 .
2749 703 2805 745 et
2842 707 2939 744 nos
2966 692 3113 744 illum
3143 706 3249 745 non
3265 709 3551 763 sequimur
3573 737 3589 761 ,
3628 713 3797 767 neque

2225 772 2327 832 hoc
2376 779 2440 833 ad
2491 779 2619 833 illttd
2684 781 3077 847 reciprocatur,
3120 782 3267 835 sicut
3312 784 3363 836 iu
3411 788 3798 843 resurrectione

2220 882 2530 935 corporum.
2571 868 2661 922 19.
2707 870 2767 923 Si
2811 871 2861 921 in
2895 871 2989 921 hac
3012 872 3113 923 vita
3138 879 3330 924 tantum
3358 874 3411 925 in
3450 872 3652 928 Christo
3686 892 3798 945 spe-

2223 968 2391 1011 rantes
2415 976 2607 1015 sumus.
2640 960 3025 1015 miserabiliores
3045 978 3218 1015 sumus
3242 964 3469 1016 omnibus
3493 966 3793 1020 hominibus.

2292 1047 2344 1100 5.
2379 1048 2516 1113 Quid
2544 1049 2679 1102 dicis
2699 1090 2712 1106 .
2741 1065 2773 1103 ο
2803 1050 3009 1104 Paule?
3038 1052 3306 1119 quomodo
3334 1052 3385 1104 in
3418 1053 3516 1106 hac
3544 1056 3650 1108 vita
3677 1072 3795 1123 spe-

2222 1146 2403 1190 rantes
2426 1151 2631 1203 smnus,
2657 1139 2701 1190 si
2728 1154 2952 1207 corpora
2979 1155 3085 1193 non
3113 1150 3413 1209 resurgunt,
3441 1157 3561 1195 cum
3589 1156 3799 1199 maneat

2221 1227 2397 1280 anima
2426 1239 2480 1281 et
2517 1230 2586 1283 sit
2615 1230 2968 1284 immortalis?
2996 1232 3256 1300 Quoniam
3287 1234 3332 1286 si
3364 1244 3574 1288 maneat
3600 1238 3795 1300 anima,

2223 1327 2277 1369 et
2320 1319 2512 1385 millies
2554 1321 2621 1373 sit
2662 1323 2977 1375 immortalis
3002 1363 3019 1387 ,
3048 1322 3187 1377 sicut
3221 1333 3304 1377 est
3346 1340 3570 1390 revera,
3600 1329 3799 1397 absque

2222 1420 2382 1460 carne
2414 1422 2515 1460 non
2564 1410 2791 1477 accipiet
2818 1409 2954 1464 bona
2987 1411 3072 1464 illa
3103 1412 3389 1467 inell‘abilia
3416 1456 3429 1479 ,
3462 1416 3596 1469 sicut
3629 1434 3797 1486 neque

2223 1498 2483 1563 punietur.
2532 1498 2716 1552 Omnia
2759 1502 2889 1552 enim
2935 1502 3387 1572 manifestabuntur
3428 1516 3544 1557 ante
3581 1508 3801 1561 tribunal

2220 1584 2406 1641 Clu-isti
2424 1628 2438 1650 ,
2467 1600 2520 1641 ut
2543 1590 2758 1657 accipiat
2781 1592 3116 1661 unusquisque
3138 1609 3250 1663 quia
3275 1611 3365 1663 per
3401 1612 3583 1665 corpus
3609 1603 3793 1667 gessit,

2217 1676 2319 1728 sive
2343 1679 2472 1729 bona
2491 1720 2505 1743 ,
2534 1681 2638 1731 sive
2665 1680 2800 1732 mala
2835 1679 2907 1749 (2.
2939 1680 3057 1735 Cor.
3088 1682 3145 1737 5.
3180 1683 3289 1752 10).
3321 1684 3607 1754 Propterea
3636 1689 3794 1755 dicit,

2222 1766 2282 1820 Si
2311 1769 2363 1820 in
2388 1760 2483 1821 hac
2509 1771 2606 1822 rita
2637 1780 2830 1823 tantum
2857 1773 2909 1823 in
2939 1771 3138 1827 Christo
3173 1786 3429 1843 sperantes
3466 1793 3638 1833 sumus
3659 1822 3674 1845 ,
3699 1783 3798 1833 mi-

2219 1857 2536 1911 serabiliores
2573 1876 2744 1912 smnus
2785 1861 3015 1914 omnibus
3058 1862 3363 1916 hominibus.
3405 1866 3460 1919 Si
3505 1869 3645 1921 enim
3688 1885 3793 1925 non

2221 1949 2448 2017 resurgit
2475 1964 2667 2017 corpus
2686 1990 2702 2014 ,
2732 1952 3037 2005 incoronata
3069 1961 3247 2007 manet
3273 1955 3448 2008 anima
3477 1968 3622 2010 extra
3656 1961 3795 2015 illam

2220 2038 2602 2094 beatitudinem
2634 2058 2752 2110 qua:
2789 2054 2873 2097 est
2916 2044 2968 2097 itt
3008 2044 3153 2098 cadis
3184 2063 3196 2095 :
3228 2045 3275 2099 si
3304 2058 3478 2100 autem
3508 2049 3608 2103 hoc
3640 2052 3707 2103 ita
3738 2066 3797 2105 se

2219 2130 2400 2196 habet,
2433 2143 2558 2185 tunc
2585 2132 2714 2185 nihil
2744 2135 2963 2186 oumino
2988 2148 3412 2205 consequemur:
3440 2138 3483 2190 si
3517 2148 3640 2193 tunc
3666 2142 3795 2197 nibil

2216 2238 2631 2292 consequemur,
2657 2224 2709 2278 in
2735 2227 2984 2297 prmsenti
3010 2235 3135 2281 sunt
3159 2231 3630 2286 remuneratioues.
3659 2231 3796 2299 Quid

2216 2329 2364 2382 ergo,
2396 2315 2584 2382 inquit.
2618 2314 2718 2370 bac
2746 2318 2951 2370 ratione
2978 2317 3136 2371 fuerit
3166 2318 3320 2373 nobis
3347 2319 3605 2375 infelicius
3626 2323 3649 2374 ?
3672 2324 3794 2378 llicc

2216 2415 2393 2461 autem
2424 2407 2635 2461 diccbat
2659 2448 2673 2471 ,
2699 2406 2855 2461 simul
2887 2418 2939 2462 et
2966 2422 3061 2463 eos
3086 2408 3411 2464 conﬁrmans
3436 2426 3498 2465 ac
3520 2413 3795 2469 stabilieus

2216 2501 2268 2553 in
2300 2515 2367 2556 eo
2395 2500 2539 2570 quod
2569 2501 2763 2556 dicitur
2788 2502 2855 2557 de
2894 2505 3284 2559 resurrectione
3310 2521 3615 2576 corporum,
3647 2519 3700 2564 et
3726 2510 3793 2566 de

2216 2589 2501 2644 immortali
2528 2592 2612 2644 illa
2637 2592 2741 2646 vita
2768 2593 3115 2661 persuadens,
3139 2610 3207 2649 ne
3228 2596 3594 2653 existimarent
3616 2610 3793 2655 nostra

2212 2682 2391 2736 omnia
2418 2682 2636 2736 dissolvi
2664 2692 2717 2737 et
2743 2683 2989 2737 desinere
3020 2685 3072 2738 in
3102 2687 3369 2753 praesenti.
3394 2686 3524 2742 Nam
3551 2705 3670 2744 cum
3700 2708 3796 2761 per

2212 2772 2567 2840 prtecedentia
2596 2774 2727 2826 satis
2756 2772 3129 2829 confirmasset
3151 2776 3290 2844 quod
3316 2778 3526 2832 volebat
3551 2790 3606 2833 et
3633 2781 3795 2835 dixis-

2211 2869 2314 2925 set,
2340 2859 2401 2914 Si
2426 2861 2613 2913 mortui
2635 2877 2737 2913 non
2758 2871 3044 2931 resurgunt,
3068 2878 3225 2931 neque
3241 2864 3469 2919 Christus
3491 2873 3793 2933 resurrexit;

2210 2952 2445 3004 siautem
2477 2950 2705 3004 Christus
2747 2969 2848 3005 non
2883 2955 3187 3019 resurrexit,
3224 2956 3477 3022 periimus
3497 2997 3511 3021 ,
3538 2968 3593 3011 et
3622 2959 3796 3015 adhuc

2211 3055 2396 3095 smnus
2443 3042 2495 3095 in
2546 3042 2777 3109 racemis
2808 3060 2819 3093 :
2852 3057 3038 3097 rursus
3081 3042 3181 3097 hoc
3227 3055 3440 3114 qttque
3485 3047 3790 3118 subjungit,

2211 3134 2490 3202 exagitans
2520 3133 2731 3187 illorum
2761 3134 3139 3203 arrogantiam.
3170 3134 3392 3200 Quando
3422 3138 3562 3192 enim
3592 3149 3673 3192 est
3701 3156 3795 3194 ne-

2210 3221 2500 3276 cessarium
2543 3223 2756 3290 aliquod
2796 3223 2988 3292 dogma
3034 3224 3433 3280 introducturus
3456 3268 3470 3290 ,
3502 3237 3644 3283 metu
3676 3231 3789 3299 prio

2210 3330 2355 3367 mum
2384 3314 2619 3383 percellit
2642 3314 2820 3368 cordis
2847 3331 3031 3370 eorum
3061 3317 3312 3373 duritiem
3342 3337 3355 3373 :
3383 3320 3523 3389 quod
3550 3322 3637 3376 hic
3661 3339 3793 3391 quo-

2210 3420 2313 3475 que
2340 3405 2486 3470 fecit,
2520 3417 2577 3459 ut
2604 3407 2691 3476 qui
2722 3416 2775 3461 et
2805 3408 3051 3477 superius
3078 3423 3139 3463 ea
3169 3409 3501 3479 disperserit,
3532 3422 3588 3466 et
3614 3415 3793 3468 animo

2211 3500 2400 3552 anxios
2429 3498 2738 3563 reddiderit,
2773 3509 2830 3553 ut
2858 3502 2945 3569 qui
2978 3500 3044 3554 ab
3074 3502 3321 3555 omnibus
3350 3504 3707 3568 excidissent;
3740 3520 3794 3561 et

2214 3604 2355 3643 nunc
2382 3604 2567 3643 rursus
2593 3591 2782 3648 aliter.
2811 3600 2865 3644 et
2896 3604 2949 3644 ut
2991 3592 3221 3647 maxime
3258 3593 3471 3649 doleant
3491 3637 3505 3655 ,
3541 3597 3677 3652 idem
3709 3599 3794 3652 fa-

2211 3681 2360 3734 ciens
2384 3696 2446 3734 ac
2473 3681 2659 3753 dicens
2689 3700 2700 3733 :
2737 3681 3125 3737 Miserabiliores
3155 3701 3330 3739 sumus
3360 3688 3589 3740 omnibus
3628 3689 3796 3742 homi-

2212 3770 2393 3835 nibus,
2425 3772 2467 3824 si
2497 3780 2617 3839 post
2648 3780 2724 3823 tot
2754 3771 2886 3825 bella
2913 3782 2969 3826 et
3005 3783 3204 3829 mortes
3231 3786 3284 3829 et
3311 3776 3448 3828 mala
3480 3777 3791 3834 innumera-

2213 3861 2337 3914 bilia
2359 3902 2375 3925 ,
2407 3862 2569 3914 tantis
2606 3862 2759 3915 bouis
2797 3863 2963 3917 sitnus
2995 3864 3271 3932 privandi,
3306 3874 3360 3918 et
3390 3866 3524 3919 intra
3557 3883 3795 3935 pmsens

2213 3960 2419 4021 tempus
2450 3960 2627 4006 nostra
2659 3952 2952 4007 consistant
2980 3970 2992 4005 :
3017 3955 3195 4007 omnia
3224 3955 3364 4008 enim
3392 3958 3623 4024 pendent
3651 3976 3678 4011 a
3706 3975 3796 4013 re-

2213 4044 2559 4097 surrectione.
2584 4043 2937 4110 Quamobrem
2960 4044 3084 4099 hinc
3102 4036 3312 4114 quoque
3328 4057 3410 4100 est
3429 4050 3790 4117 perspicuum,

2213 4132 2354 4202 quod
2381 4148 2487 4186 non
2509 4133 2815 4201 loqueretur
2836 4135 2903 4190 de
2929 4135 3179 4204 peccatis,
3202 4135 3295 4190 sed
3316 4135 3385 4191 de
3403 4140 3799 4196 resurrectione

2212 4240 2496 4294 corporum
2520 4265 2534 4290 ,
2570 4236 2625 4280 et
2657 4227 2725 4281 de
2755 4229 2858 4281 vita
2904 4228 3153 4298 praesenti
3193 4236 3246 4283 et
3289 4227 3482 4282 futura.
3514 4228 3605 4284 20.
3638 4230 3798 4285 Nunc

2214 4327 2379 4369 autem
2408 4315 2638 4371 Christus
2665 4320 2937 4372 resurrexit
2966 4336 2999 4371 a
3027 4323 3256 4381 ntortuis,
3282 4321 3519 4386 primititc
3541 4302 3799 4376 dormien-

2215 4410 2358 4461 tium.
2400 4408 2687 4478 Postquam
2726 4412 2961 4465 ostendit
2996 4421 3127 4480 quot
3165 4413 3301 4466 mala
3332 4413 3573 4468 oriantur
3597 4432 3660 4469 ex
3691 4430 3795 4483 eo,

2215 4499 2354 4569 quod
2387 4514 2490 4552 non
2520 4502 2767 4556 credatur
2806 4503 3130 4566 resurrectio
3152 4545 3168 4567 ,
3206 4518 3391 4557 rursus
3431 4507 3623 4572 repetit
3650 4510 3797 4576 quod

2216 4592 2415 4644 dictum
2442 4600 2543 4653 est,
2570 4603 2623 4645 ct
2648 4592 2776 4645 dicit
2803 4611 2817 4647 :
2850 4592 3003 4646 Nunc
3029 4604 3196 4647 autem
3221 4594 3447 4649 Christus
3470 4601 3746 4652 resurrexit
3767 4618 3800 4653 ιι

2218 4682 2467 4745 mortuis;
2496 4685 2751 4737 continuo
2781 4684 3002 4748 addens,
3034 4686 3077 4737 Α
3109 4686 3336 4747 mortuis,
3367 4694 3425 4737 ut
3459 4686 3671 4743 obturet
3699 4705 3799 4745 ora

2218 4772 2613 4828 haereticorum.
2660 4773 2908 4829 Primitite
2944 4792 3115 4828 eorum
3152 4776 3239 4844 qui
3268 4775 3597 4832 dormiersmt.
3628 4778 3683 4833 Si
3713 4789 3805 4835 est

2216 4876 2392 4919 autem
2441 4866 2720 4933 primitim.
2759 4882 2851 4921 eos
2895 4880 3107 4936 quoque
3148 4872 3361 4933 oportet
3401 4882 3699 4938 resurgere.
3742 4871 3801 4926 Si

2217 4967 2395 5011 autem
2414 4958 2860 5009 resurrectionem
2881 4958 3083 5011 diceret
3102 4954 3470 5009 liberationem
3490 4974 3519 5011 a
3542 4959 3799 5025 peccatis,

2220 5061 2378 5099 nemo
2405 5054 2582 5100 autem
2611 5056 2691 5101 est
2719 5046 2919 5115 absque
2961 5053 3178 5113 peccato
3207 5042 3367 5111 (nam
3404 5043 3597 5100 Paulus
3625 5048 3758 5103 dicit
3784 5089 3802 5111 ,

2222 5137 2371 5191 Nihil
2395 5139 2517 5191 mihi
2535 5138 2763 5190 conscius
2787 5153 2915 5197 sum,
2938 5134 3027 5188 sed
3050 5150 3148 5186 non
3169 5134 3224 5187 in
3245 5135 3339 5188 hoc
3361 5136 3663 5204 justi/iratus
3686 5155 3803 5203 sum

2216 5227 2297 5298 [1.
2328 5230 2446 5286 Cor.
2480 5232 2531 5284 1.
2566 5229 2653 5301 1])
2680 5246 2694 5293 ;
2723 5225 2990 5296 quomodo
3024 5233 3181 5287 erunt
3212 5226 3374 5297 aliqui
3400 5229 3491 5297 qui
3518 5228 3804 5296 resurgant

2222 5324 2511 5377 secundum
2544 5330 2774 5374 vestram
2816 5315 3179 5369 sententiam?
3210 5315 3395 5371 Viden”
3423 5334 3543 5371 eum
3575 5331 3695 5370 esse
3720 5317 3806 5369 lo-

2222 5423 2443 5484 quututn
2470 5414 2535 5466 de
2555 5408 2907 5477 corporibus?
2935 5406 3000 5459 Et
3021 5416 3074 5460 ut
3097 5408 3198 5462 hoc
3219 5409 3325 5463 ﬁde
3344 5409 3558 5478 dignum
3581 5406 3803 5467 faceret.

2224 5509 2476 5561 continuo
2505 5504 2779 5558 Christum
2807 5500 3021 5555 adducit
3050 5501 3100 5554 in
3141 5500 3374 5556 medium
3394 5542 3408 5562 ,
3438 5497 3526 5565 qui
3559 5496 3610 5548 in
3641 5510 3808 5552 carne

2225 5596 2516 5652 resurrexit
2546 5611 2557 5644 :
2586 5590 2779 5644 deinde
2802 5593 2962 5645 etiam
2987 5590 3141 5645 aﬂert
3165 5606 3401 5646 causam.
3430 5587 3559 5640 Nam
3589 5596 3643 5640 ut
3669 5587 3806 5653 dixi,

2226 5688 2437 5759 quando
2467 5683 2709 5740 enuntiat
2733 5683 2981 5754 quidem,
3012 5698 3228 5739 causam
3270 5691 3445 5735 autem
3488 5697 3594 5733 nun
3634 5681 3798 5745 dicit,

2232 5797 2336 5834 non
2364 5788 2469 5833 tam
2499 5776 2651 5830 facile
2681 5792 2709 5829 a
2738 5775 2919 5833 multis
2944 5775 3241 5831 admittitur
3256 5780 3310 5827 et
3334 5771 3585 5839 probatur
3608 5771 3807 5827 oratio.
