4038 6216
320 387 421 440 337

321 498 573 566 Quantam
597 507 676 551 cst
697 505 822 564 ergo
850 498 1047 556 causa?
1072 497 1160 551 2i.
1193 498 1441 563 Quoniam
1463 498 1662 567 quidem
1693 514 1780 565 per
1804 498 1893 550 ito-

323 603 503 640 mmem
528 583 681 652 mors,
706 600 751 640 et
774 603 862 656 per
887 590 1134 641 hominem
1155 590 1451 641 resurrectio
1479 599 1806 642 mortuorum.
1839 588 1893 642 Si

319 692 497 736 autem
522 695 617 749 per
640 683 928 746 hominem,
953 696 1049 751 per
1070 698 1192 736 eum
1216 684 1372 751 plane
1389 683 1478 753 qui
1501 682 1660 736 habet
1679 695 1892 748 corpus.

327 770 456 826 Vide
481 785 642 841 porro
666 773 782 841 ejus
808 774 940 827 solet
954 773 1101 837 tiam,
1125 774 1214 842 qui
1236 773 1394 827 etiam
1420 774 1576 826 aliter
1600 779 1894 826 orationem

321 859 485 913 efﬁcit
529 861 902 915 necessariam.
947 857 1076 916 Nam
1121 876 1278 924 eum,
1313 861 1403 930 qui
1443 860 1540 914 fuit
1578 867 1893 929 superatus,

323 960 532 1020 oportet
561 961 615 1006 et
646 962 962 1020 prostratam
1007 953 1304 1007 instaurare
1342 966 1404 1005 ac
1446 959 1696 1020 reparare
1742 961 1897 1003 natu-

321 1058 434 1097 ram
460 1085 475 1108 ,
507 1052 557 1098 et
588 1045 755 1114 ipsum
785 1047 996 1100 vincere
1026 1045 1145 1106 :aic
1175 1045 1317 1099 enim
1359 1044 1612 1112 prabrum
1643 1056 1894 1097 excusse-

321 1137 409 1188 rtt.
457 1136 744 1199 Videamus
790 1146 963 1191 autem
1008 1151 1290 1205 quatnnam
1339 1135 1468 1189 dicit
1512 1146 1754 1189 mortem.
1803 1133 1892 1187 22.

325 1229 470 1282 Sicut
499 1231 642 1285 enim
669 1232 722 1284 in
747 1230 910 1283 Adam
937 1237 1106 1282 oinnes
1132 1229 1435 1294 moriuntur,
1464 1232 1536 1281 ita"
1556 1237 1600 1281 et
1625 1228 1677 1280 in
1699 1225 1896 1280 Christo

323 1327 496 1373 omnes
540 1320 940 1389 vivificabuntur.
996 1318 1172 1386 Quid?
1212 1331 1503 1383 omnesne,
1544 1318 1631 1373 dic
1674 1329 1892 1387 quzeso,

324 1411 516 1463 mortui
547 1419 669 1463 sunt
699 1410 750 1461 in
790 1408 956 1462 Adam
997 1418 1168 1463 morte
1208 1408 1450 1478 peccati?
1473 1406 1740 1477 quomodo
1769 1419 1897 1474 ergo

324 1496 434 1552 Noe
458 1499 631 1568 justus
670 1500 720 1550 in
761 1499 1100 1568 generatione
1127 1499 1262 1552 sua?
1291 1498 1557 1568 quomodo
1583 1494 1897 1551 Abraham?

325 1589 588 1657 quomodo
615 1588 759 1644 Job?
787 1592 1052 1658 quomodo
1081 1591 1164 1643 alii
1196 1603 1382 1643 omnes
1402 1588 1591 1654 ἳιριιιᾶ
1625 1603 1750 1641 vero
1770 1627 1783 1650 ,
1811 1587 1914 1649 dic,

325 1693 473 1749 rogo,
497 1691 752 1736 omnesne
781 1682 1184 1736 viviﬁcabuntur
1207 1684 1256 1734 in
1279 1681 1530 1735 Christo?
1574 1679 1634 1733 Et
1661 1679 1747 1732 ubi
1771 1687 1896 1732 sunt

323 1771 411 1838 qui
453 1767 784 1826 abducuntur
831 1774 884 1827 in
929 1773 1265 1843 gehennam?
1298 1773 1428 1828 Nam
1465 1773 1508 1828 si
1551 1773 1651 1826 hoc
1681 1771 1893 1841 quidem

322 1861 519 1916 dictum
548 1874 628 1917 est
656 1863 724 1918 de
752 1875 994 1934 corpore,
1029 1871 1130 1920 stat
1171 1865 1311 1934 quod
1341 1865 1535 1919 dicitur
1563 1882 1576 1917 :
1607 1863 1685 1917 sin
1718 1871 1894 1916 autem

322 1953 390 2008 de
429 1954 628 2023 iustitia
672 1965 726 2011 et
771 1968 1027 2027 peccato,
1068 1972 1419 2026 nequaquam.
1456 1956 1653 2011 Deinde
1679 1970 1745 2009 ne
1775 1968 1892 2009 cum

320 2047 551 2101 audieris
577 2061 909 2103 communem
946 2049 1370 2113 vivitlcationem,
1402 2049 1559 2102 etiam
1591 2057 1896 2114 peccatores

321 2137 651 2193 existimares
678 2148 796 2194 esse
823 2140 1032 2204 salvos,
1071 2139 1343 2207 subjunxit
1375 2157 1388 2191 :
1419 2139 1508 2190 23.
1543 2136 1914 2205 Unusqu'squs'

318 2237 487 2280 autem
517 2229 571 2281 in
605 2245 695 2283 suo
720 2230 912 2283 ordine.
942 2229 1072 2284 Nam
1100 2231 1350 2298 quoniam
1380 2228 1627 2282 audivisti
1651 2235 1896 2281 resurre-

319 2320 570 2383 ctionem,
598 2335 663 2375 ne
687 2321 958 2374 existimes
979 2335 1163 2375 omnes
1185 2320 1370 2374 eadem
1393 2317 1600 2387 assequi
1628 2326 1681 2371 et
1705 2316 1892 2370 iisdem
1951 2386 1956 2390 Ι

321 2411 439 2464 irui.
472 2409 602 2464 Nam
630 2413 673 2464 si
699 2413 750 2466 in
779 2412 1036 2481 supplicio
1060 2427 1162 2466 non
1190 2425 1375 2465 omnes
1400 2409 1583 2464 eadem
1606 2409 1890 2479 patientur,

317 2503 411 2556 sed
443 2517 629 2572 magna
659 2514 741 2560 est
764 2504 1082 2568 differentia,
1114 2505 1280 2558 multo
1307 2503 1473 2572 magis
1504 2503 1589 2555 ubi
1622 2509 1745 2556 sunt
1774 2515 1894 2569 pec-

316 2601 525 2646 catores
550 2604 601 2648 et
626 2595 754 2662 justi
778 2636 791 2659 ,
829 2596 996 2663 πη]οι
1027 2595 1130 2648 erit
1168 2594 1437 2648 distantia.
1476 2593 1726 2646 Primitite
1749 2591 1895 2644 Citri-

314 2693 422 2736 stns
446 2699 462 2733 :
483 2683 663 2736 deinde
685 2685 720 2736 ii
744 2685 828 2753 qui
853 2694 972 2737 sunt
995 2684 1216 2747 Christi;
1249 2684 1348 2736 hoc
1374 2688 1476 2745 est,
1507 2682 1690 2736 ﬂdcies
1719 2688 1773 2735 et
1803 2681 1892 2750 qui

314 2784 438 2828 Sunt
465 2776 668 2842 probati
691 2782 743 2827 et
775 2775 924 2826 bona:
951 2773 1378 2827 existimationis.
1411 2771 1498 2826 24.
1532 2771 1727 2825 Deinde
1752 2771 1886 2836 ﬁnis.

314 2865 445 2920 Nam
475 2867 683 2934 quando
717 2866 786 2919 illi
822 2868 1213 2921 resurrcxerint
1237 2907 1252 2930 ,
1282 2880 1367 2919 res
1396 2880 1585 2918 omnes
1615 2863 1769 2917 linem
1798 2877 1887 2915 ac-

311 2959 511 3027 cipient
543 2976 555 3012 :
585 2974 687 3011 non
716 2958 852 3011 sicut
879 2973 1017 3011 nunc
1058 2968 1336 3026 postquam
1365 2949 1714 3009 resurrcxerit
1737 2951 1888 3004 Chri-

310 3060 446 3113 stus,
477 3052 651 3104 omnia
678 3050 850 3103 adhuc
877 3059 999 3103 sunt
1030 3049 1080 3101 in
1113 3063 1390 3116 suspenso.
1424 3046 1487 3098 Et
1516 3045 1634 3098 idco
1663 3039 1881 3107 addidit,

310 3141 378 3193 In
410 3143 516 3210 ejus
538 3143 781 3204 adventu,
812 3152 864 3194 ut
895 3141 1068 3193 discas
1097 3141 1266 3205 ipsum
1300 3137 1439 3204 loqui
1466 3136 1532 3188 de
1559 3134 1650 3187 illo
1679 3145 1884 3201 tempo-

307 3247 386 3286 re.
419 3230 542 3286 Cum
579 3233 836 3284 tradiderit
865 3246 1072 3298 regnum
1102 3228 1208 3281 Deo
1236 3239 1282 3280 et
1313 3227 1458 3279 Patri
1483 3245 1497 3289 ;
1532 3243 1642 3278 Ctmt
1671 3241 1883 3278 evacua-

304 3326 429 3373 rrrit
459 3337 652 3374 omnem
683 3321 1040 3388 principatum,
1072 3329 1386 3386 potestatem,
1417 3327 1462 3370 et
1492 3318 1739 3368 uirtutem.

377 3414 427 3462 4.
463 3411 558 3463 Hic
587 3419 787 3464 attente.
814 3411 1047 3465 animum
1077 3410 1322 3462 adhibete
1345 3450 1358 3471 ,
1388 3418 1440 3460 et
1466 3407 1639 3458 videte
1665 3419 1731 3456 ne
1758 3403 1882 3471 quid

306 3516 398 3551 \‘us
423 3500 633 3569 cﬂtrgiat
663 3517 849 3555 eorum
876 3517 991 3568 quae
1023 3501 1284 3554 dicuntur.
1321 3499 1412 3551 Est
1441 3497 1578 3551 enim
1608 3495 1756 3548 nobis
1788 3511 1881 3562 pu-

302 3609 406 3660 gna
437 3608 556 3646 cum
587 3594 817 3647 inimicis
843 3612 855 3645 :
886 3594 1004 3646 ideo
1033 3593 1175 3660 prius
1203 3602 1282 3644 est
1314 3590 1606 3644 exercenda
1636 3588 1882 3642 deductio

301 3685 371 3737 ad
415 3684 704 3736 absurdum
737 3702 749 3734 :
784 3683 920 3750 quod
970 3698 1110 3750 saepe
1153 3684 1311 3734 etiam
1362 3683 1483 3734 facit
1532 3681 1728 3734 Paulus
1759 3699 1769 3730 :
1803 3681 1880 3733 sic

301 3779 466 3832 etrim'
488 3777 717 3830 maxime
751 3791 868 3844 quae
899 3775 1114 3839 dicunt,
1147 3774 1474 3842 apparebunt
1507 3773 1656 3825 nobis
1686 3772 1878 3839 depre-

302 3872 477 3921 hensu
522 3867 717 3923 facilia.
765 3867 871 3921 Eos
916 3881 1042 3937 ergo
1090 3867 1316 3935 primum
1365 3881 1610 3933 rogemus
1646 3863 1771 3933 quid
1811 3865 1880 3919 sit

297 3957 445 4026 quod
475 3958 673 4012 dictum
701 3969 799 4024 est,
826 3958 949 4011 Cum
974 3958 1234 4010 tradiderit
1261 3973 1464 4026 regnum
1497 3956 1599 4008 Deo
1623 3966 1666 4008 et
1692 3955 1864 4009 Patri.

296 4049 436 4104 Nam
472 4051 516 4103 si
549 4050 599 4103 id
627 4049 1014 4103 inconsiderate
1041 4051 1401 4117 acceperimus
1422 4090 1434 4110 ,
1467 4058 1517 4101 et
1547 4063 1651 4101 non
1683 4056 1739 4101 ut
1769 4047 1876 4101 Deo

299 4144 570 4204 convenit,
599 4156 701 4194 non
731 4141 855 4195 illud
889 4149 1065 4210 postea
1099 4141 1310 4194 habebit
1339 4159 1350 4192 :
1380 4156 1501 4194 nam
1534 4141 1620 4210 qui
1653 4142 1738 4194 alii
1774 4151 1877 4195 tra-

300 4233 456 4296 didit,
484 4233 676 4288 desinit
697 4233 763 4286 de
784 4242 977 4287 castero
1005 4233 1115 4300 ipse
1145 4232 1195 4286 id
1227 4241 1426 4287 tenere.
1456 4234 1561 4288 Nec
1582 4235 1681 4287 erit
1705 4235 1873 4288 solum

305 4322 406 4376 hoc
431 4322 736 4386 absurdum,
765 4323 856 4377 sed
880 4325 1040 4377 etiam
1067 4322 1205 4392 quod
1231 4338 1298 4377 ne
1330 4324 1418 4376 ille
1440 4325 1650 4393 quidem
1679 4325 1765 4391 qui
1789 4340 1874 4377 ac-

301 4417 477 4482 cepit,
516 4415 816 4468 invenietur
856 4414 1050 4469 ba'bere
1091 4417 1391 4484 priusquam
1425 4419 1706 4484 acceperit.
1739 4416 1875 4483 Ergo

300 4507 595 4561 secundum
627 4507 745 4561 illos
771 4522 942 4575 neque
969 4509 1122 4563 Pater
1142 4519 1255 4562 erat
1285 4509 1391 4561 Rex
1414 4519 1585 4571 antea,
1616 4519 1669 4561 et
1696 4519 1873 4563 nostra

301 4599 674 4667 persequitur;
709 4613 879 4667 neque
906 4599 1067 4653 Filius
1089 4611 1266 4668 postea
1301 4600 1408 4653 Rex
1438 4614 1553 4654 esse.
1581 4601 1872 4667 apparebit.

301 4689 582 4754 Quomodo
603 4704 728 4758 ergo
753 4689 865 4757 ipse
887 4691 1098 4760 quidem
1121 4693 1244 4746 dicit
1268 4691 1332 4744 de
1363 4693 1536 4758 Patre,
1565 4691 1717 4745 Pater
1740 4711 1876 4754 meus

302 4797 459 4846 usque
473 4798 603 4834 nunc
626 4791 882 4848 operatur,
898 4791 943 4854 et
963 4798 1050 4846 egw
1072 4797 1250 4850 aperor
1270 4783 1320 4853 (J
1329 4801 1442 4836 san.
1465 4786 1515 4839 5.
1546 4785 1657 4852 i7)?
1673 4785 1737 4838 de
1761 4787 1874 4854 ipso

299 4880 479 4924 autem
506 4871 635 4925 dicit
664 4871 878 4935 Daniel,
911 4872 1140 4944 Regnum
1175 4877 1283 4942 ejus
1303 4915 1318 4939 ,
1351 4892 1558 4944 regnum
1597 4888 1870 4942 teter-num,

297 4965 437 5032 quod
463 4981 562 5018 non
589 4964 856 5032 praeteribit
882 4964 1040 5033 (Dan.
1071 4966 1125 5018 2.
1155 4967 1286 5036 44)?
1316 4967 1497 5021 Vitlen’
1522 4982 1676 5035 quam
1711 4970 1871 5023 multa

298 5053 541 5108 oriantur
567 5053 817 5119 absurda,
844 5062 898 5107 et
920 5071 1076 5124 quam
1099 5070 1219 5109 cum
1247 5056 1534 5118 Scripturis
1565 5059 1844 5125 pugnantia

299 5157 422 5194 cum
446 5147 704 5214 quispiam
722 5159 839 5214 qua:
859 5144 1104 5199 dicuntur
1125 5148 1350 5201 humane
1371 5148 1666 5214 acceperit?
1685 5147 1861 5212 Quem-

299 5244 424 5282 nam
455 5245 634 5290 autem
660 5235 747 5290 hic
769 5234 896 5289 dicit
921 5238 1162 5289 evacuari
1185 5246 1239 5291 et
1259 5237 1457 5291 aboleri
1483 5237 1872 5305 principatum?

300 5320 720 5389 angeloruntne?
759 5325 929 5379 Absit.
975 5326 1043 5377 At
1078 5325 1351 5380 ﬁdelium?
1384 5327 1460 5381 Ne
1500 5328 1599 5380 hoc
1637 5325 1868 5392 quidem.

299 5412 408 5467 Sed
452 5415 773 5479 quemnam?
818 5415 1126 5469 Dtemonum
1152 5457 1164 5478 ,
1194 5415 1262 5469 de
1301 5431 1408 5486 quo
1444 5417 1565 5470 dicit
1599 5433 1611 5471 :
1646 5415 1764 5469 Non
1803 5426 1873 5470 est

299 5504 444 5556 nobis
472 5501 758 5557 colluctatio
783 5507 1019 5560 adversus
1045 5517 1245 5559 euntem
1265 5518 1308 5561 et
1329 5511 1643 5579 sanguinem,
1667 5511 1756 5561 sed
1780 5509 1873 5561 ad-

298 5606 474 5647 rasus
503 5590 831 5662 principatus,
858 5597 1097 5651 adrasus
1123 5608 1406 5668 potestates,
1435 5599 1678 5654 adversus
1696 5600 1872 5652 mundi

300 5693 519 5736 rectores
546 5679 858 5734 tenebrarum
888 5685 1044 5754 hujus
1066 5689 1238 5741 satcuti
1271 5687 1480 5758 (Ep/tes.
1512 5688 1566 5743 6.
1599 5688 1707 5758 ιε).
1740 5688 1870 5744 Nam
1899 5753 1904 5757 _

302 5786 447 5826 nunc
475 5771 687 5842 quidem
726 5785 829 5825 non
868 5783 989 5826 snnt
1019 5776 1172 5844 plene
1207 5777 1399 5831 abolita
1430 5794 1526 5834 nec
1556 5778 1727 5835 adhuc
1754 5794 1870 5834 ces-

1305 386 1370 441 lN
1411 384 1628 441 EPIST.
1673 382 1691 438 l
1758 386 1848 441 AD
1883 384 2038 443 (ΞΟΠ,
2087 387 2315 445 ιιοιιιιι.
2358 391 2599 447 χχχιχ.

3479 398 3585 458 838

2010 511 2128 555 sant
2152 519 2165 566 ;
2196 503 2246 557 in
2271 501 2447 559 multis
2467 510 2608 562 enim
2631 509 2760 563 locis
2778 521 3100 579 operantur;
3124 518 3250 570 tunc
3270 521 3446 571 autem
3465 521 3584 579 ces—

2005 592 2214 646 sabunt.
2246 591 2336 646 25.
2371 594 2579 665 Oportet
2615 599 2746 651 enim
2789 600 2931 653 illum
2974 613 3216 672 regnare,
3245 595 3404 659 diruet
3431 617 3588 668 pariat

2005 696 2173 735 omnes
2201 682 2430 738 inimicos
2466 690 2556 740 sub
2597 690 2802 756 pedibus
2835 693 2946 760 ejus
2987 690 3188 746 Rursus
3219 692 3343 749 hinc
3370 704 3582 766 quoque

2004 770 2146 824 aliud
2177 774 2344 826 oritur
2373 775 2660 830 absurdum
2681 821 2693 841 ,
2729 780 2827 832 nisi
2860 782 2912 834 id
2943 797 3154 851 quoque
3182 785 3576 854 acceperinms,

2005 875 2062 916 ttt
2090 861 2197 918 Deo
2223 868 2492 922 convenit.
2522 869 2652 923 Nam
2695 873 2819 925 illt'td
2843 915 2860 940 ,
2896 873 3065 928 Donec
3089 916 3102 935 .
3131 887 3214 929 est
3254 875 3374 930 linis
3401 886 3455 931 et
3480 874 3578 932 de-

2007 957 2432 1024 terminationis;
2478 961 2529 1014 iu
2579 961 2686 1016 Deo
2725 973 2902 1018 autent
2945 967 3045 1021 hoc
3073 983 3176 1021 non
3207 979 3311 1024 ρει.
3335 968 3425 1023 26.
3460 962 3578 1022 No-

2004 1046 2205 1099 vissima
2233 1049 2436 1103 inimica
2467 1047 2745 1107 destruetur
2770 1072 2922 1112 mors.
2951 1055 3229 1122 Quomodo
3255 1059 3580 1114 notissima?

2007 1134 2130 1190 Post
2160 1148 2366 1198 omnes.
2397 1150 2514 1209 pust
2539 1142 2824 1202 diabolum.
2863 1157 2978 1212 post
3013 1147 3114 1201 alia
3140 1148 3337 1202 omnia.
3369 1127 3577 1204 Etenim

2008 1226 2162 1279 etiam
2196 1227 2244 1280 in
2274 1229 2422 1284 initio
2449 1232 2658 1285 intravit
2691 1236 2975 1288 novusima
3004 1255 3016 1288 :
3044 1237 3188 1305 prius
3216 1240 3357 1292 enim
3383 1237 3579 1293 diaboli

2009 1318 2283 1371 consilium
2329 1329 2384 1374 et
2431 1321 2782 1376 inubedieutia
2810 1365 2824 1384 ,
2851 1334 2905 1379 et
2946 1338 3069 1380 tunc
3104 1341 3267 1380 mors.
3313 1323 3579 1383 Potestate

2005 1425 2131 1478 ergo
2172 1426 2309 1465 nunc
2351 1430 2560 1483 quoque
2605 1425 2688 1468 est
2729 1416 2956 1479 abolita,
2989 1431 3047 1472 rc
3085 1429 3259 1474 autem
3293 1420 3402 1488 ipsa
3431 1425 3578 1477 tunc.

2009 1502 2191 1555 Urania
2209 1506 2341 1573 enim
2363 1507 2569 1575 subjecit
2591 1508 2678 1560 sub
2705 1508 2912 1577 pedibus
2937 1511 3063 1578 ejus.
3088 1509 3212 1565 Cum
3234 1521 3398 1564 autem
3421 1518 3577 1574 dicat,

2001 1590 2091 1644 27.
2124 1592 2306 1647 Omnia
2335 1597 2554 1664 subjecta
2582 1609 2696 1650 sunt
2724 1600 2789 1660 ei,
2820 1599 2929 1652 sine
2957 1599 3106 1653 dubio
3134 1603 3312 1669 praeter
3336 1602 3467 1660 sinit.
3495 1604 3579 1670 qui

2001 1682 2209 1752 subjecit
2239 1685 2280 1736 ct
2310 1689 2498 1740 omnia.
2528 1686 2615 1740 28.
2649 1687 2774 1741 Cum
2815 1697 2982 1742 autem
3021 1690 3242 1759 subjecta
3280 1691 3466 1758 fuerint
3501 1691 3581 1744 im

2002 1773 2191 1838 omnia,
2224 1782 2414 1836 tuncet
2442 1777 2548 1844 ipse
2577 1775 2741 1830 Filius
2772 1778 3023 1847 subjectus
3052 1781 3145 1832 erit
3171 1781 3268 1844 illi,
3299 1781 3384 1850 qui
3413 1781 3582 1850 subjeé

2002 1863 2069 1916 cit
2107 1863 2201 1916 sibi
2249 1866 2438 1919 omnia.
2474 1868 2628 1935 Atqui
2657 1875 2812 1922 antea
2845 1883 2951 1923 non
2990 1867 3198 1923 Patrem
3224 1870 3432 1958 dicebat
3460 1877 3581 1929 esse

2001 1954 2090 2022 qui
2131 1955 2386 2024 subjecit,
2427 1957 2522 2012 sed
2553 1959 2722 2027 ipsum
2756 1973 3014 2015 evacuare
3042 1970 3095 2014 et
3123 1954 3339 2015 abolere
3373 1978 3385 2014 :
3417 1960 3574 2028 Cum;

2002 2046 2206 2116 inquit,
2238 2050 2549 2102 evacuaverit
2575 2063 2770 2103 omnem
2801 2051 3140 2121 principatum
3173 2059 3218 2105 et
3248 2057 3578 2122 potestatein;
3618 2121 3624 2130 η

2001 2144 2054 2189 et
2082 2151 2265 2190 rursus
2288 2179 2300 2201 ,
2335 2137 2542 2206 Oportet
2586 2140 2724 2193 enim
2762 2142 2927 2209 ipsum
2965 2155 3206 2212 regnare,
3239 2142 3398 2195 donec
3425 2150 3579 2210 ponat

2001 2221 2169 2278 omnes
2210 2227 2438 2282 inimicos
2477 2230 2569 2282 sub
2613 2229 2820 2298 pedibus
2855 2231 2980 2298 ejus.
3021 2219 3299 2297 Quomodo
3329 2243 3457 2300 ergo
3491 2232 3578 2287 hic

2000 2314 2127 2367 dicit
2168 2315 2548 2373 Patrem?Nec
2587 2320 2686 2373 hoc
2713 2329 2794 2373 est
2834 2321 3002 2374 solum
3039 2320 3177 2391 quod
3221 2322 3428 2375 videtur
3456 2335 3576 2378 csse

1999 2402 2240 2468 dubium,
2272 2407 2366 2460 sed
2393 2411 2552 2460 etiam
2585 2411 2724 2477 quod
2769 2421 2911 2466 metu
2944 2411 3096 2466 valde
3121 2412 3351 2466 absurdo
3380 2421 3461 2467 est
3491 2411 3575 2468 af-

2000 2495 2188 2560 fectus,
2214 2505 2265 2550 et
2292 2513 2417 2551 usus
2445 2510 2522 2552 est
2550 2504 2881 2555 correctione
2908 2503 3113 2568 dicens,
3150 2503 3340 2558 Prtetsr
3359 2521 3469 2560 eum
3489 2507 3578 2574 qui

1999 2589 2044 2642 ei
2074 2591 2282 2657 subjecit
2312 2592 2514 2656 oumia,
2547 2601 2813 2661 tamquam
2843 2595 3105 2663 aliquibus
3147 2589 3538 2664 Suspicantibus
3557 2639 3574 2663 ,

2000 2697 2126 2734 num
2157 2681 2311 2736 Pater
2337 2698 2545 2752 quoque
2573 2684 2856 2752 aliquando
2885 2685 3234 2753 subjiceretur
3259 2683 3396 2740 Filio
3424 2705 3436 2739 :
3468 2702 3575 2756 quo

1999 2771 2120 2836 quid
2152 2771 2308 2823 fuerit
2347 2775 2514 2841 magis
2541 2774 2772 2828 alienum
2803 2791 2830 2827 a
2860 2774 3103 2829 ratione?
3127 2775 3234 2831 seu
3265 2785 3440 2832 tamen
3474 2777 3573 2830 hoc

1997 2859 2189 2911 timuit.
2216 2860 2351 2926 Quid
2379 2877 2505 2930 ergo
2530 2867 2653 2916 est?
2680 2867 2884 2918 etcnim‘
2909 2867 3088 2920 multa:
3107 2866 3364 2935 deinceps
3388 2879 3576 2920 occur-

1996 2962 2116 3002 runt
2143 2953 2466 3018 qum-stiones
2493 2969 2506 3004 ε
2530 2954 2623 3006 sed
2651 2956 2881 3007 animum
2909 2957 3036 3008 mihi
3065 2957 3329 3011 adhibete.
3365 2959 3570 3014 Etenim

1995 3042 2122 3096 mibi
2156 3059 2375 3099 necesse
2406 3055 2488 3099 cst
2520 3048 2744 3115 primum
2778 3048 2955 3102 dicere
2984 3049 3132 3102 Pauli
3163 3059 3384 3118 secptn'n‘
3411 3059 3465 3106 et
3493 3051 3574 3105 in-

1992 3136 2234 3190 Stitutum
2268 3147 2318 3191 et
2351 3139 2628 3192 consilium
2651 3181 2663 3203 ,
2701 3140 2841 3209 quod
2884 3139 3078 3209 ubique
3107 3142 3303 3195 videris
3326 3142 3569 3210 resplen-
3663 3163 3667 3166 '

1991 3227 2141 3290 dere,
2169 3237 2222 3282 et
2249 3237 2371 3282 tunc
2396 3226 2585 3284 al'lerre
2610 3231 2926 3283 solutionem
2956 3247 2970 3287 :
2998 3244 3122 3284 nam
3148 3231 3248 3285 b’oc
3271 3246 3480 3301 quoque
3504 3233 3569 3286 ad

1991 3317 2314 3372 solutionem
2364 3321 2516 3373 nobis
2561 3322 2786 3375 confert.
2832 3321 2961 3387 ane
3007 3332 3088 3374 est
3132 3338 3259 3389 ergo
3305 3324 3566 3376 sententia

1991 3408 2135 3460 Pauli
2161 3450 2172 3467 .
2201 3419 2248 3460 et
2283 3411 2400 3477 quis
2427 3419 2507 3462 est
2537 3424 2651 3462 mos
2679 3410 2835 3478 ejus?
2864 3413 3032 3467 Aliter
3069 3415 3326 3482 loquitur,
3357 3415 3568 3483 quando

1988 3500 2219 3569 loquitur
2249 3503 2314 3554 de
2345 3501 2451 3554 sola
2485 3502 2778 3566 divinitate,
2810 3510 2862 3556 et
2897 3505 3051 3556 aliter
3079 3505 3290 3571 quando
3317 3505 3570 3560 acciderit

1989 3602 2046 3645 ut
2087 3593 2332 3662 loquatur
2371 3593 2437 3648 de
2468 3606 2740 3662 susceptae
2765 3595 2940 3649 carnis
2981 3595 3400 3663 dispensatione.
3432 3596 3561 3650 Nam

1985 3687 2196 3754 quando
2249 3700 2460 3740 carnem
2512 3685 2962 3754 apprehenderit,
3015 3686 3083 3741 de
3133 3694 3325 3740 ca-tero
3377 3702 3564 3741 secure

1985 3775 2158 3827 omnia
2201 3774 2431 3842 loquitur
2459 3776 2672 3827 humilia
2704 3784 2756 3827 et
2787 3775 3014 3842 abjccta,
3047 3777 3320 3830 confidens
3351 3790 3561 3844 nempe,

1984 3865 2122 3933 quod
2156 3881 2213 3918 ea
2247 3867 2314 3918 sit
2344 3875 2462 3930 apta
2496 3876 2547 3918 et
2589 3866 2776 3918 idonea
2820 3865 2885 3918 ad
2927 3867 3327 3933 suscipiendum.
3352 3883 3412 3922 ea
3442 3876 3561 3935 quas

1983 3954 2246 4008 dicuntur.
2279 3956 2562 4009 Videamus
2590 3971 2715 4025 ergo
2749 3956 2831 4009 hic
2862 3969 3072 4025 quoque
3112 3971 3176 4008 an
3221 3956 3462 4025 loquatur
3492 3957 3560 4010 de

1983 4049 2093 4103 sola
2123 4048 2414 4110 divinitate,
2440 4065 2504 4100 an
2529 4063 2646 4101 cum
2677 4049 2850 4100 carnis
2883 4057 3141 4115 suscepta.-
3162 4048 3557 4117 dispensatiOne

1981 4140 2049 4193 de
2078 4139 2194 4206 ipso
2223 4137 2335 4190 htec
2363 4139 2600 4191 enuntiet
2643 4153 2759 4207 qum
2799 4139 2925 4190 dicit
2953 4157 2967 4190 :
3002 4140 3106 4191 imo
3136 4154 3262 4192 vero
3290 4139 3442 4208 prius
3467 4153 3558 4192 os-

1985 4229 2259 4284 tendamus
2291 4230 2499 4283 ubinatn
2535 4230 2652 4291 hoc,
2687 4230 2822 4298 quod
2851 4230 2977 4290 dixi,
3014 4230 3215 4288 fecerit.
3249 4231 3328 4285 Ad
3354 4231 3559 4302 Philip-

1984 4337 2171 4390 penses
2198 4322 2436 4376 scribens
2457 4321 2584 4375 dicit
2611 4340 2621 4374 :
2653 4322 2748 4388 Qui
2771 4338 2879 4372 rum
2907 4323 2958 4374 in
2985 4324 3145 4388 {arma
3175 4321 3268 4375 Dei
3291 4333 3430 4384 esset,
3458 4339 3556 4376 non

1981 4415 2210 4483 rapinam
2254 4415 2522 4467 arbitratus
2559 4425 2628 4466 est
2671 4432 2777 4468 esse
2817 4431 2870 4467 se
2911 4413 3018 4468 Deo
3053 4415 3326 4484 aqualem,
3358 4415 3446 4468 sed
3474 4431 3554 4468 se-

1981 4506 2145 4571 ipsum
2173 4506 2444 4558 exinanivit
2471 4507 2596 4558 sert-i
2620 4510 2834 4575 formam
2861 4507 3128 4575 accipiens,
3155 4507 3204 4559 in
3229 4506 3558 4559 similitudine

1982 4598 2238 4648 hominum
2265 4598 2448 4664 factus,
2474 4607 2517 4650 et
2539 4598 2702 4666 ﬁgura
2730 4600 2956 4651 inventus
2985 4607 3041 4650 ιιι
3070 4599 3214 4651 homo
3235 4615 3254 4660 ;
3276 4598 3555 4650 ltumiliavit

1981 4688 2217 4756 seipsum,
2242 4688 2472 4741 obediens
2501 4689 2662 4756 factus
2692 4706 2848 4758 usque
2875 4692 2942 4742 ad
2971 4702 3198 4752 mortem,
3229 4699 3435 4744 mortem
3461 4706 3554 4742 au-

1982 4787 2077 4829 tem
2115 4780 2291 4829 crucis.
2330 4778 2650 4847 Quapropter
2679 4779 2813 4833 Deus
2843 4781 3078 4834 exultavit
3109 4781 3251 4834 iitum
3284 4779 3304 4848 (
3319 4779 3551 4849 Philipp.

1979 4869 2032 4922 2.
2064 4867 2160 4921 6-9
2193 4869 2230 4936 ).
2268 4870 2508 4924 Vidistin'
2533 4872 2799 4939 quomodo
2820 4913 2833 4933 ,
2866 4873 3077 4940 quando
3103 4871 3307 4928 desola
3337 4873 3549 4942 quidem

1982 4959 2292 5028 loquebatur
2319 4961 2616 5026 divinitate,
2648 4961 2729 5013 illa
2760 4963 2944 5029 magna
2976 4963 3126 5027 dixit,
3156 4977 3276 5016 eum
3304 4962 3354 5015 in
3386 4964 3549 5015 forma

1981 5048 2074 5103 Dei
2101 5062 2238 5108 esse,
2270 5059 2322 5100 et
2352 5051 2626 5116 aequaliter
2651 5051 2910 5112 Genitori,
2941 5059 2993 5106 et
3021 5052 3117 5118 ipsi
3146 5057 3317 5104 totum
3351 5048 3556 5103 adseri-

1979 5141 2055 5194 bit
2081 5158 2093 5193 :
2119 5140 2328 5210 quando
2358 5149 2533 5193 autem
2574 5143 2807 5195 Ostendit
2847 5141 2937 5195 tibi
2965 5154 3086 5193 eum
3114 5145 3328 5196 earndm
3365 5155 3552 5196 susce-

1979 5235 2121 5302 pisse
2147 5277 2159 5298 ,
2203 5247 2382 5286 rursus
2419 5231 2681 5301 depressit
2723 5232 3064 5287 orationem?
3096 5233 3213 5287 Nisi
3247 5237 3389 5289 enim
3435 5233 3548 5287 hac

1979 5324 2224 5378 diviseris
2249 5365 2261 5387 ,
2308 5338 2494 5391 magna
2539 5333 2620 5377 cst
2663 5323 3006 5393 repugnantia
3045 5331 3235 5378 comm
3263 5333 3384 5394 quae
3411 5324 3550 5377 dicta

1979 5424 2123 5470 sunt.
2156 5414 2287 5468 Nam
2316 5414 2360 5468 si
2394 5413 2502 5468 Deo
2542 5423 2656 5469 erat
2698 5415 2915 5483 trtiualis
2939 5455 2954 5478 ,
2995 5415 3261 5484 quomodo
3301 5415 3555 5468 exaltavit

1980 5522 2121 5573 eum,
2154 5508 2241 5578 qui
2269 5516 2360 5563 est
2378 5506 2476 5561 sibi
2504 5507 2760 5577 tequalis?
2783 5507 2826 5558 si
2855 5517 2968 5561 erat
2997 5509 3047 5562 in
3079 5506 3244 5561 forma
3277 5505 3391 5573 Del,
3415 5521 3549 5578 quo-

1980 5599 2139 5654 modo
2164 5600 2260 5669 ipsi
2288 5600 2500 5654 donavit
2529 5599 2763 5653 nomen?
2789 5613 2909 5653 nam
2941 5601 3028 5670 qui
3055 5599 3235 5662 donat,
3260 5602 3308 5651 ei
3332 5599 3427 5669 qui
3443 5614 3548 5652 non

1983 5691 2143 5745 habet
2169 5691 2332 5744 donat
2356 5706 2370 5744 :
2397 5699 2450 5743 et
2471 5690 2557 5758 qui
2587 5689 2782 5744 exultat
2803 5733 2817 5755 ,
2849 5704 2968 5746 eum
3005 5689 3092 5758 qui
3135 5689 3290 5759 prius
3308 5692 3422 5742 erat
3452 5689 3546 5739 bn-

1985 5783 2123 5836 milis
2151 5783 2368 5835 exultat.
2402 5780 2706 5836 invenietur
2729 5797 2854 5852 ergo
2884 5795 3002 5836 esse
3029 5780 3371 5851 imperfectus
3397 5790 3448 5833 ct
3477 5781 3550 5832 in-
