4038 6216
508 308 615 363 339

509 425 699 493 digens
723 464 736 483 ,
767 420 1072 490 priusquam
1108 418 1442 472 altitudinem
1473 417 1742 485 acceperit
1769 423 1819 468 et
1852 426 2045 467 nomen
2078 426 2093 463 :

511 526 559 569 et
592 515 693 566 alia
725 510 1131 589 innumerabilia
1160 508 1283 562 hinc
1312 517 1601 576 sequentur
1622 506 1847 559 absurda
1872 504 2095 560 corolla-

509 605 606 656 ria.
636 602 741 657 Sed
770 603 813 656 si
841 604 1020 656 carnis
1041 610 1305 668 suscepta.-
1327 599 1599 652 addideris
1618 597 2091 665 dispensationem,

510 711 613 749 non
662 696 911 765 peccabis
956 696 1070 748 lucc
1118 694 1320 747 dicens.
1368 692 1489 749 llaec
1535 701 1711 746 autem
1760 691 1843 743 hic
1884 704 2097 758 quoque

508 787 679 857 cogita
705 830 717 853 ,
750 796 802 839 et
828 801 949 840 cum
978 785 1081 838 boc
1105 784 1331 837 comitio
1358 783 1541 850 accipe
1568 798 1685 849 qure
1712 782 1850 835 dicta
1877 789 2021 834 sunt.

581 878 635 930 5.
669 876 800 929 Cum
842 874 924 928 bis
965 882 1142 927 autem
1188 873 1319 926 alias
1349 888 1559 941 quoque
1599 873 1841 926 dicemus
1880 884 2091 925 causas.

511 970 727 1023 Interim
771 976 947 1021 autem
994 966 1121 1020 illud
1164 981 1384 1020 necesse
1430 975 1512 1019 est
1564 966 1778 1030 dicere,
1811 963 1952 1033 quod
1981 972 2035 1016 et
2062 975 2095 1015 a

512 1061 679 1114 Paulo
706 1059 869 1112 verba
899 1057 1097 1111 fiebant
1122 1057 1188 1109 de
1224 1058 1635 1117 resurrcCtione,
1668 1072 1787 1125 qum
1817 1054 2097 1107 videbatur

514 1152 629 1204 ﬁeri
663 1166 767 1203 non
804 1164 979 1218 posse,
1011 1158 1064 1201 et
1091 1164 1210 1218 qum
1251 1150 1470 1201 minime
1495 1146 1815 1200 credebatur
1843 1161 1857 1197 :
1882 1154 1931 1198 et
1960 1143 2098 1195 scri-

517 1245 675 1298 bebat
701 1242 766 1295 ad
796 1240 1124 1303 Corinthios,
1148 1239 1235 1292 ubi
1271 1238 1446 1307 plures
1468 1246 1620 1290 erant
1654 1232 1981 1303 philosophi,
2004 1232 2093 1301 qui

511 1349 725 1403 semper
741 1331 1031 1386 irridebant
1048 1345 1109 1383 ea
1132 1346 1244 1396 qua!
1266 1339 1385 1381 sunt
1410 1325 1734 1393 bujusmodi.
1750 1325 1955 1378 Etenim
1973 1338 2093 1376 cum

513 1432 566 1482 in
591 1429 713 1482 aliis
757 1427 896 1479 inter
922 1440 981 1478 se
1007 1422 1392 1477 colliderentur
1414 1462 1429 1485 ,
1462 1422 1512 1472 in
1559 1420 1658 1473 hoc
1683 1419 1932 1489 dogmate
1961 1430 2096 1472 tam-

514 1536 668 1588 quam
702 1532 811 1571 uno
838 1531 932 1570 ore
967 1528 1158 1568 omnes
1176 1506 1575 1581 "conspirabant
1599 1555 1613 1576 ,
1646 1521 1946 1565 statuentes
1986 1526 2092 1563 non

512 1624 631 1664 esse
661 1607 1133 1661 resurrecﬁonem.
1185 1603 1259 1656 De
1307 1602 1605 1671 bujusmodi
1652 1618 1781 1671 ergo
1809 1616 1968 1655 causa
2000 1599 2093 1654 dc-

512 1709 756 1761 certans,
789 1698 871 1750 cui
911 1695 1047 1749 adeo
1081 1710 1188 1753 non
1216 1693 1451 1748 creditur
1475 1702 1531 1747 ct
1558 1709 1675 1763 quae
1706 1693 1959 1747 irridetur
1986 1700 2092 1745 tam

513 1800 733 1860 propter
761 1786 1161 1857 prmjudicatam
1189 1786 1496 1856 Opinionem
1515 1826 1528 1849 ,
1563 1800 1722 1853 quam
1771 1794 1991 1852 propter
2017 1783 2091 1836 rei

513 1878 916 1941 difﬁcultatem;
949 1885 1003 1930 et
1046 1877 1234 1930 volens
1266 1876 1493 1943 probare
1542 1875 1590 1927 id
1625 1875 1739 1927 ﬁeri
1770 1888 1948 1942 posse,
1983 1873 2093 1940 pri-

515 1980 659 2022 mu‘m
688 1969 787 2021 hoc
815 1969 937 2021 facit
964 1982 1031 2021 ex
1058 1965 1257 2019 Christi
1286 1964 1679 2017 resurrectione
1709 1980 1723 2014 :
1748 1972 1802 2016 et
1830 1977 1950 2015 cum
1976 1977 2092 2015 eam

516 2059 937 2111 demonstrasset
966 2064 1021 2107 et
1049 2070 1112 2107 ex
1142 2053 1416 2123 prophetis
1438 2063 1491 2107 et
1521 2068 1585 2107 ex
1617 2053 1682 2107 iis
1710 2052 1798 2121 qui
1831 2052 2091 2116 viderant,

513 2158 565 2201 et
590 2164 651 2200 ex
686 2148 749 2199 iis
779 2146 867 2215 qui
900 2144 1262 2208 crediderant,
1294 2153 1572 2213 postquam
1603 2145 1808 2211 accepit
1836 2143 1934 2196 sibi
1967 2158 2097 2198 con-

513 2255 718 2291 cessutn
749 2237 815 2291 ad
844 2237 1135 2291 absurdum
1164 2235 1537 2290 deductioueut
1561 2278 1576 2303 ,
1608 2236 1861 2303 deinceps
1906 2237 2096 2306 probat

517 2330 788 2383 hominum
822 2329 1266 2381 resurrectionem
1296 2344 1309 2378 :
1349 2326 1486 2379 Nam
1505 2329 1548 2381 si
1578 2328 1764 2379 mortui
1790 2343 1891 2379 non
1922 2342 2092 2380 resur-

512 2428 669 2489 gunt,
702 2418 905 2486 inquit,
958 2432 1019 2468 ne
1046 2416 1272 2469 Christus
1321 2416 1524 2485 quidem
1569 2418 1858 2470 resurrexit.
1894 2416 2094 2471 Deinde

514 2525 635 2563 cum
680 2507 936 2581 coptinuo
983 2507 1034 2559 in
1068 2508 1492 2577 praecedentibus
1533 2522 1718 2561 eorum
1764 2506 2093 2575 frequentem

514 2599 751 2653 dedisset
796 2598 1201 2666 probationem,
1244 2599 1399 2652 aliter
1430 2613 1614 2651 rursus
1657 2605 2092 2664 argumentatur,

516 2706 632 2746 eam
660 2704 857 2743 vocans
889 2686 1171 2757 primitias,
1195 2701 1248 2742 et
1275 2690 1562 2742 ostendens
1591 2702 1713 2741 eum
1741 2687 1959 2741 abolere
1980 2701 2098 2741 οηι-

515 2800 637 2836 nem
666 2782 1023 2849 principatum
1066 2789 1121 2833 et
1164 2789 1477 2847 potestatem
1504 2790 1558 2833 et
1589 2780 1837 2833 virtutem
1866 2788 1920 2831 et
1950 2794 2096 2832 moro

518 2888 625 2926 tem
657 2872 1023 2925 novissimam.
1055 2872 1335 2937 Quomodo
1363 2887 1512 2940 ergo,
1550 2871 1755 2939 inquit,
1784 2869 1942 2923 fuerit
1969 2871 2099 2924 abo—

517 2967 607 3018 lita
628 3006 642 3030 ,
674 2964 773 3026 nisi
805 2965 950 3032 prius
976 2963 1213 3015 amiSerit
1256 2978 1374 3029 qua:
1403 2961 1630 3014 habebat
1659 2960 1910 3027 corpora?
1942 2961 2097 3013 Post-

516 3071 678 3125 quam
708 3069 835 3123 ergo
863 3068 1049 3120 magna
1077 3052 1322 3118 loquutus
1363 3059 1445 3104 est
1473 3050 1538 3103 de
1566 3048 1878 3118 Unigenito,
1909 3064 2099 3118 nempe

520 3148 660 3214 quod
692 3143 851 3199 tradit
878 3156 1097 3211 regnum
1120 3182 1133 3205 ,
1170 3142 1270 3195 hoc
1298 3149 1400 3204 est,
1429 3139 1571 3209 quod
1617 3139 1729 3207 ipse
1760 3154 1821 3193 ea
1850 3136 2097 3202 conﬁcit,

519 3246 574 3289 et
604 3237 717 3305 ipse
758 3233 901 3287 bello
933 3232 1093 3285 vincit
1116 3274 1129 3296 ,
1158 3240 1209 3283 et
1238 3232 1414 3283 omnia
1451 3229 1674 3296 pedibus
1714 3231 1823 3282 suis
1850 3228 2097 3297 subjicit;

522 3326 792 3394 subjunsit
819 3326 1095 3393 corrigens
1118 3322 1404 3375 multorum
1438 3320 1862 3374 incredulitatem
1890 3338 1904 3373 :
1936 3320 2102 3387 Opor-

521 3428 587 3470 tet
611 3432 725 3468 ettm
755 3430 986 3483 regnare,
1016 3413 1173 3464 donec
1200 3412 1417 3479 posuerit
1446 3426 1617 3463 omnes
1643 3409 1871 3462 inimicos
1894 3411 1985 3463 sub
2009 3425 2100 3481 pe-

521 3509 667 3560 dibus
693 3507 815 3559 suis.
868 3504 983 3557 Non
1034 3503 1192 3555 ﬁnem
1239 3518 1402 3571 regno
1446 3502 1725 3570 imponens
1766 3502 1902 3555 dixit
1932 3501 2098 3566 illud,

528 3599 737 3661 Donec,
766 3595 861 3648 sed
892 3594 995 3648 ﬁde
1025 3593 1243 3661 dignum
1274 3593 1476 3647 faciens
1507 3594 1559 3647 id
1583 3592 1725 3662 quod
1753 3593 1954 3647 dictum
1984 3602 2100 3661 est,

523 3699 578 3740 et
605 3699 661 3740 ut
689 3687 830 3740 bono
860 3686 968 3737 siut
1012 3684 1190 3737 animo
1234 3692 1288 3737 et
1330 3682 1604 3737 confidant
1647 3698 1956 3753 procurans.
1983 3683 2101 3739 Non

525 3778 666 3832 enim
700 3785 979 3845 postquam
1010 3772 1296 3841 audivisti,
1344 3774 1548 3843 inquit,
1579 3789 1700 3828 cum
1730 3789 1849 3830 esse
1872 3774 2101 3829 abolitu.

526 3885 641 3922 rum
673 3882 885 3921 omnem
920 3866 1272 3936 principatum
1315 3877 1368 3920 et
1398 3875 1717 3933 potestatem
1743 3878 1798 3921 et
1826 3869 2099 3934 virtutem,

527 3974 581 4015 rt
610 3961 881 4014 diabolum
911 3969 966 4012 et
996 3968 1101 4011 tam
1148 3960 1341 4011 nmltas
1390 3959 1693 4012 daamonum
1736 3968 1981 4014 catervas
2005 4001 2019 4023 ,
2052 3970 2106 4014 et

528 4052 820 4107 infidelium
873 4053 1092 4112 turbas,
1142 4061 1193 4105 et
1243 4052 1429 4103 mortis
1476 4051 1842 4120 tyrannidem,
1883 4061 1937 4105 et
1965 4054 2104 4107 mala

526 4143 733 4204 oiunia,
769 4143 955 4195 timeas
981 4184 994 4203 ,
1031 4152 1297 4210 tamquam
1332 4143 1443 4209 ipse
1473 4143 1542 4194 sit
1587 4141 1829 4196 inﬁrmus
1855 4153 1908 4197 et
1934 4143 2105 4197 imbe-

526 4235 681 4286 cilius
707 4253 719 4288 :
752 4232 923 4286 donec
952 4232 1093 4285 enim
1125 4230 1311 4285 fecerit
1358 4232 1469 4284 lucc
1500 4234 1678 4286 omnia
1701 4273 1715 4296 ,
1745 4242 1957 4300 oportet
1981 4248 2102 4286 eum

528 4339 751 4395 regnare
777 4342 787 4375 :
816 4340 918 4377 non
944 4324 1044 4377 hoc
1066 4322 1269 4387 dicens,
1294 4322 1433 4390 quod
1460 4335 1740 4393 postquam
1769 4324 1973 4389 fecerit,
1999 4339 2102 4377 non

527 4416 804 4485 regnabit,
836 4416 929 4467 sed
963 4414 1092 4467 illud
1123 4414 1355 4481 probans
1384 4455 1398 4479 ,
1430 4414 1569 4481 quod
1602 4414 1806 4467 etiamsi
1832 4430 1936 4468 non
1965 4428 2105 4469 nunc

528 4508 721 4560 factum
755 4511 841 4567 sit,
866 4506 1085 4557 omnino
1112 4506 1179 4557 sit
1204 4504 1457 4557 futurum.
1489 4503 1602 4559 Non
1630 4505 1770 4558 enim
1798 4505 2103 4561 conscindi-

528 4608 613 4650 tnr
640 4596 754 4663 ejus
800 4611 1021 4663 regnum
1054 4612 1066 4647 :
1096 4595 1402 4648 dominatur
1442 4597 1583 4649 enim
1624 4606 1677 4651 et
1720 4606 1907 4665 potens
1937 4608 2018 4652 est
2049 4607 2105 4651 et

529 4698 742 4748 manet,
775 4683 945 4738 donec
990 4686 1167 4735 omnia
1200 4695 1347 4737 recte
1377 4685 1690 4739 confecerit.
1741 4687 1889 4741 llunc
1928 4698 2102 4740 autem

530 4791 731 4829 morem
757 4772 1022 4827 inveneris
1050 4774 1207 4826 etiant
1238 4775 1287 4825 in
1320 4774 1496 4827 Veteri
1529 4776 1821 4842 Scriptura,
1853 4785 1907 4827 ut
1933 4793 2101 4844 quan-

526 4871 595 4923 do
626 4871 785 4932 dicit,
830 4869 1041 4921 Verbum
1083 4881 1247 4922 autem
1284 4868 1486 4921 Domini
1529 4881 1693 4921 manet
1731 4871 1785 4922 iu
1826 4880 2104 4934 alernum;

525 4972 608 5025 et,
642 4960 721 5015 Tu
761 4970 926 5012 autem
971 4961 1103 5011 idem
1149 4964 1257 5028 ipse
1301 4979 1383 5025 es,
1419 4973 1461 5015 et
1490 4966 1611 5014 anni
1642 4962 1713 5014 tui
1742 4978 1841 5013 non
1871 4963 2103 5030 deﬁcient

525 5054 544 5125 (
576 5054 718 5107 Psat.
753 5052 874 5107 118.
904 5050 1004 5114 89;
1039 5060 1083 5103 et
1115 5050 1237 5103 101.
1267 5052 1337 5105 9.8
1363 5054 1401 5120 ).
1439 5055 1561 5109 llaec
1601 5066 1778 5108 autem
1809 5055 1934 5108 dicit
1981 5072 2101 5125 pro-

528 5145 683 5212 pheta
713 5184 727 5206 ,
762 5154 813 5195 et
861 5158 979 5212 qua:
1026 5153 1150 5196 sunt
1198 5142 1535 5211 hujusmodi,
1566 5147 1780 5213 quando
1828 5157 2009 5201 narrat
2034 5149 2101 5202 de

523 5236 703 5295 rebus,
736 5248 852 5302 qua:
880 5235 1037 5303 longo
1066 5242 1184 5302 post
1215 5244 1454 5302 tempore
1483 5245 1603 5289 sunt
1628 5236 1877 5302 gerendae
1899 5246 1956 5291 et
1984 5254 2101 5291 om-

527 5327 651 5378 nino
682 5324 868 5378 futura:
895 5365 907 5388 ,
940 5326 1261 5378 erassiorum
1302 5324 1603 5378 auditorum
1632 5325 1911 5393 expellens
1943 5329 2097 5380 timo-

525 5430 657 5467 rem.
710 5413 861 5481 Quod
906 5425 1083 5465 autetu
1127 5415 1252 5467 illud
1290 5415 1460 5468 Donec
1488 5424 1539 5467 et
1572 5413 1774 5482 Usque,
1806 5416 1850 5469 si
1895 5415 1963 5470 de
1990 5418 2098 5472 Deo

524 5503 804 5568 dicantur,
854 5518 958 5557 non
1010 5504 1115 5556 sint
1144 5506 1303 5558 \erba
1353 5507 1510 5559 tinent
1559 5505 1942 5575 signiﬁcantia,
1975 5509 2099 5564 audi

522 5594 647 5661 quid
680 5592 821 5645 dicat
850 5612 862 5645 :
887 5594 929 5645 Α
959 5592 1144 5647 saeculo
1174 5604 1221 5645 et
1248 5611 1403 5663 usque
1424 5598 1474 5648 in
1496 5596 1736 5650 smculum
1764 5608 1817 5649 tu
1846 5616 1899 5653 es
1921 5598 2093 5670 (Psal.

521 5689 605 5741 31’.
640 5687 726 5755 '2)‘
762 5692 816 5739 et
848 5686 1059 5750 iterant,
1099 5685 1205 5755 Ego
1232 5704 1342 5740 sum
1369 5688 1560 5762 (Exod.
1592 5691 1645 5745 5.
1688 5693 1796 5762 id);
1824 5704 1896 5760 et,
1930 5695 2099 5754 Donec

1228 299 1283 357 S.
1326 298 1600 356 JOANNIS
1634 294 2102 355 CllRYSUSTOMl
2140 294 2453 355 ARCIIIEP.
2492 300 3021 363 CONSTANTINOP.

3682 313 3783 368 $50

2201 418 2564 470 consenueritis
2592 434 2684 489 ego
2710 436 2820 473 sum
2847 420 3001 492 (Isai.
3032 424 3121 478 ω.
3149 426 3228 494 4).
3265 427 3556 497 Propterea
3580 437 3634 483 et
3662 430 3777 482 ulti-

2197 520 2337 559 mam
2365 509 2513 575 ponit
2540 519 2767 566 mortem
2790 553 2804 578 ,
2829 522 2888 566 ut
2911 529 2975 568 ex
3006 516 3232 571 aliorum
3264 519 3486 574 victoria
3515 519 3619 574 hoc
3643 535 3775 591 quo-

2197 610 2301 663 que
2330 596 2482 652 facile
2510 598 2756 654 admittat
2805 603 2855 655 is
2878 604 2969 671 qui
3016 620 3121 658 non
3152 609 3341 665 credit.
3393 609 3622 677 Quando
3648 599 3773 679 ergo

2197 687 2488 753 diabolum,
2522 693 2609 760 qui
2631 703 2859 747 mortem
2890 695 3111 759 invexit,
3142 701 3437 765 sustulerit,
3472 702 3642 756 multo
3670 718 3776 755 ms-

2195 778 2276 845 gis
2303 779 2420 846 ejus
2449 793 2583 847 opus
2622 780 2889 837 dissolvet
2931 799 2994 837 ac
3023 786 3335 856 perfringvt.
3365 790 3627 855 Quoniam
3653 806 3776 859 ergo

2195 867 2243 919 ei
2275 870 2453 922 omnia
2486 870 2766 938 attribuit,
2817 873 2961 942 quod
2989 878 3332 930 evneuaverit
3370 880 3697 950 principatus
3725 890 3777 934 et

2199 971 2488 1028 potestates
2594 966 2735 1033 quod
2782 983 3001 1037 regnum
3041 979 3185 1025 recte
3234 974 3459 1040 gesserit
3506 984 3562 1029 et
3604 974 3776 1029 admi-

2197 1051 2468 1117 nistrarit,
2514 1053 2635 1107 dico
2676 1067 2853 1111 autem
2907 1040 3141 1113 hut-lium
3182 1061 3440 1125 salutem,
3486 1064 3633 1119 orbis
3677 1072 3782 1118 ter-

2198 1154 2271 1193 ra:
2302 1157 2484 1209 pacem
2507 1186 2521 1208 ,
2552 1145 2813 1199 malorum
2844 1146 3172 1205 delctiOnem
3202 1152 3221 1220 (
3244 1151 3346 1205 huc
3370 1154 3514 1207 enim
3560 1163 3644 1208 est
3690 1169 3777 1209 re-

2195 1247 2357 1300 gnum
2391 1243 2537 1289 recte
2576 1237 2810 1304 gessisse
2834 1247 2890 1291 et
2935 1241 3338 1298 administrasse
3364 1284 3380 1307 ,
3412 1255 3639 1299 mortem
3665 1245 3777 1299 dis-

2195 1324 2457 1397 solvisse)
2483 1343 2497 1391 ;
2548 1344 2722 1397 neque
2768 1330 2933 1392 dixit,
2964 1334 3105 1399 quod
3135 1334 3289 1389 Pater
3317 1351 3413 1405 per
3459 1337 3659 1405 ipsum,
3686 1336 3779 1390 sed

2195 1417 2337 1486 quod
2382 1420 2496 1488 ipse
2538 1422 2821 1475 evacuabit
2864 1430 2919 1476 et
2961 1424 3197 1479 abolebit
3242 1437 3295 1481 et
3342 1428 3455 1496 ipse
3486 1436 3647 1497 ponet
3678 1427 3775 1481 sub

2198 1510 2416 1577 pedibus
2449 1512 2581 1574 suis,
2610 1528 2784 1582 neque
2811 1528 3029 1580 usquam
3062 1518 3304 1571 meminit
3324 1518 3496 1573 Patris
3525 1535 3539 1571 :
3568 1518 3676 1587 jam
3706 1519 3773 1571 ti-

2197 1602 2359 1664 muit,
2391 1618 2457 1656 ne
2483 1603 2754 1657 videretur
2781 1604 3095 1672 quihusdam
3121 1623 3149 1659 a
3183 1610 3391 1664 ratione
3429 1609 3781 1663 alienioribus

2193 1700 2286 1743 aut
2309 1692 2479 1759 major
2503 1693 2660 1747 Patre
2701 1709 2820 1747 esse
2844 1694 3011 1750 Filius
3035 1738 3049 1759 ,
3068 1698 3386 1767 autaliquod
3413 1699 3552 1753 aliud
3580 1701 3779 1768 princi-

2196 1783 2338 1848 pium
2381 1783 2671 1852 ingenitum
2699 1802 2713 1848 ;
2742 1797 2796 1839 et
2828 1797 3111 1857 propterea
3151 1788 3252 1842 sibi
3277 1805 3475 1845 cavens
3499 1802 3553 1845 et
3578 1806 3693 1845 rem
3725 1790 3778 1842 in

2196 1882 2308 1926 tuto
2335 1874 2625 1941 collocatis,
2660 1877 2790 1931 lenit
2814 1892 2878 1931 ac
2908 1879 3118 1948 mitigat
3148 1878 3565 1949 magnitudinem
3593 1896 3776 1937 eorum

2195 1981 2313 2033 quas
2339 1967 2476 2021 dicta
2503 1977 2648 2029 sunt,
2683 1968 2870 2023 dicens
2901 1988 2913 2021 :
2944 1968 3131 2023 Omnia
3158 1972 3291 2023 enim
3326 1973 3494 2041 posuit
3523 1972 3612 2025 sub
3641 1971 3779 2041 pedi-

2197 2056 2288 2139 bus
2327 2059 2468 2121 suis;
2521 2075 2607 2113 res
2651 2070 2830 2129 gestas
2874 2078 3061 2117 rursus
3108 2063 3251 2117 Patri
3300 2063 3643 2129 adscribens,
3676 2078 3780 2117 non

2198 2154 2466 2215 tamquam
2497 2150 2565 2200 sit
2593 2150 2858 2218 impotens
2885 2161 2937 2205 et
2964 2153 3264 2207 imbecillus
3286 2153 3454 2208 Filius
3488 2154 3781 2223 (quomodo

2196 2237 2340 2291 enim
2370 2246 2530 2301 esset,
2561 2239 2626 2293 de
2655 2256 2761 2309 quo
2790 2252 2894 2295 tam
2924 2244 3089 2296 multa
3122 2246 3240 2297 tulit
3264 2248 3590 2312 testimonia,
3621 2255 3675 2300 et
3697 2246 3779 2299 cui

2195 2328 2439 2381 attribuit
2464 2330 2640 2381 omnia
2671 2346 2789 2398 qua:
2816 2331 2956 2385 dicta
2998 2333 3203 2404 sunt?)
3232 2334 3324 2387 sed
3373 2346 3597 2405 propter
3622 2352 3780 2405 quam

2196 2418 2303 2472 dixi
2324 2434 2561 2483 caus-am,
2585 2429 2641 2474 et
2666 2430 2720 2473 ut
2745 2421 3058 2476 ostenderet
3088 2423 3234 2477 Patri
3258 2435 3311 2478 et
3336 2425 3471 2478 Filio
3491 2440 3612 2480 esse
3636 2441 3782 2479 cem-

2198 2510 2377 2563 munia
2404 2526 2521 2580 qua:
2554 2511 2687 2565 facta
2718 2524 2843 2565 sunt
2873 2528 2968 2581 pro
2996 2514 3171 2568 nobis.
3199 2513 3332 2568 Nam
3364 2516 3503 2584 quod
3534 2516 3646 2584 ipse
3680 2517 3780 2569 sibi

2198 2600 2469 2655 suffecerit
2513 2600 2579 2655 ad
2631 2604 2809 2657 omnia
2865 2604 2965 2657 sibi
3018 2605 3386 2674 subjicienda,
3433 2606 3554 2660 audi
3598 2621 3781 2660 rursus

2198 2690 2419 2744 Paulum
2449 2691 2716 2747 dicentem
2747 2709 2760 2744 :
2793 2693 2891 2759 Qui
2922 2696 3303 2766 transﬁgurabit
3344 2714 3529 2765 corpus
3574 2698 3781 2749 Institili—

2200 2783 2317 2834 tatis
2342 2791 2544 2844 nostrae,
2570 2797 2620 2834 ut
2647 2785 2711 2835 sit
2731 2789 2990 2853 conforme
3014 2788 3214 2855 corpori
3241 2789 3416 2856 gloria:
3438 2802 3545 2840 suae
3563 2829 3577 2848 ,
3606 2804 3783 2841 secun-

2201 2874 2322 2926 dant
2347 2874 2719 2943 Operationem,
2750 2890 2848 2941 qua
2883 2876 3034 2927 etiam
3080 2878 3235 2943 possit
3280 2878 3387 2943 ipse
3423 2878 3666 2944 subjicere
3689 2878 3783 2930 sibi

2201 2965 2371 3017 omnia
2400 2962 2657 3035 (Philipp.
2692 2964 2746 3017 5.
2771 2960 2887 3033 2i).
2919 2964 3119 3018 Deinde
3146 2967 3306 3018 etiam
3341 2980 3466 3019 usus
3493 2976 3576 3019 est
3600 2981 3784 3020 corre-

2202 3055 2376 3108 ctione
2403 3053 2584 3109 dicens
2613 3070 2627 3105 :
2652 3052 2775 3107 Cum
2803 3065 2969 3107 autem
3019 3055 3183 3120 dicat,
3218 3056 3388 3108 omnia
3416 3056 3638 3124 subjecta
3667 3068 3784 3110 sunt

2203 3145 2247 3198 ei
2267 3187 2280 3209 ,
2314 3144 2421 3198 sine
2444 3144 2595 3198 dubio
2623 3156 2806 3214 prater
2833 3164 2945 3201 eum
2969 3149 3054 3217 qui
3098 3149 3307 3217 subjecit
3348 3148 3393 3201 ei
3424 3150 3592 3201 omnia
3615 3168 3634 3213 ;
3663 3150 3786 3203 hinc

2204 3249 2416 3303 quoque
2442 3234 2508 3288 de
2537 3233 2807 3303 Unigeniti
2833 3237 2999 3305 gloria
3052 3254 3158 3291 non
3187 3253 3405 3307 parvum
3435 3238 3610 3293 ferens
3639 3242 3788 3293 testi-

2207 3329 2475 3381 monium.
2500 3327 2554 3381 Si
2583 3328 2725 3380 enim
2773 3327 2962 3381 fuisset
3004 3330 3179 3382 minor
3204 3372 3219 3395 ,
3247 3341 3303 3385 et
3332 3332 3491 3400 longe
3534 3332 3784 3394 inferior,

2207 3435 2493 3488 numquam
2521 3434 2641 3473 eum
2690 3421 2944 3474 subiisset
2991 3420 3078 3475 bic
3120 3433 3315 3475 metus.
3348 3422 3531 3490 Neque
3560 3424 3662 3477 hoc
3693 3424 3790 3476 fuit

2207 3520 2491 3565 contentus
2511 3551 2525 3576 ,
2556 3511 2653 3565 sed
2680 3511 2824 3567 aliud
2848 3513 3009 3567 etiam
3038 3512 3085 3567 ei
3107 3512 3285 3577 addit,
3320 3513 3529 3569 dicens.
3551 3514 3685 3568 Nam
3722 3532 3790 3568 ne

2206 3603 2468 3672 quispiam
2501 3604 2865 3672 suspicaretur
2892 3612 2947 3657 et
2986 3604 3191 3659 diceret
3218 3645 3232 3669 ,
3264 3604 3401 3673 Quid
3425 3614 3535 3659 tum
3556 3647 3571 3670 ,
3603 3606 3649 3658 si
3682 3622 3790 3660 non

2208 3696 2481 3764 subjectus
2510 3696 2579 3749 sit
2610 3696 2806 3750 Pater?
2829 3696 2929 3750 hoc
2956 3712 3060 3751 non
3093 3699 3271 3753 obstat
3294 3700 3578 3767 quominus
3599 3697 3794 3753 fortior

2207 3790 2276 3843 sit
2303 3788 2471 3842 Filius
2502 3788 2740 3841 :veritus
2782 3778 2997 3858 impiam
3045 3790 3184 3843 hanc
3233 3791 3626 3859 suspicionem,
3653 3806 3793 3859 quo-

2211 3880 2350 3932 niam
2382 3894 2479 3948 per
2508 3877 2637 3931 illud
2664 3892 2769 3931 non
2797 3877 2927 3930 satis
2969 3887 3177 3946 poterat
3208 3882 3307 3933 hoc
3346 3879 3629 3933 ostendere
3648 3921 3664 3945 ,
3695 3880 3795 3932 ad-

2209 3971 2343 4025 didit
2370 3985 2435 4023 ex
2456 3969 2620 4022 multa
2642 3968 2966 4021 abundantia
2987 3985 3001 4018 :
3022 3966 3147 4023 Cum
3173 3981 3339 4022 autem
3357 3969 3579 4035 subiecta
3604 3970 3795 4037 fuerint

2210 4062 2287 4116 illi
2313 4061 2513 4125 munia,
2538 4070 2657 4113 tunc
2695 4070 2742 4113 et
2769 4061 2875 4129 ipse
2903 4060 3066 4114 Filius
3096 4063 3346 4130 subjectus
3366 4063 3458 4115 erit
3480 4062 3797 4125 itii;osten-

2209 4154 2343 4207 deus
2372 4152 2486 4221 ejus
2516 4167 2757 4221 magnam
2802 4167 2920 4205 cum
2965 4152 3120 4206 Patre
3162 4153 3538 4218 concordiam,
3568 4161 3623 4207 et
3648 4151 3794 4219 quod

2212 4245 2255 4297 is
2283 4254 2367 4298 est
2412 4242 2730 4312 principium
2773 4243 3033 4297 bonorum
3060 4243 3296 4296 omnium
3326 4251 3382 4297 et
3410 4256 3567 4295 causa
3595 4242 3790 4309 prima,

2210 4334 2298 4404 qui
2327 4348 2448 4387 eum
2478 4334 2679 4400 genuit,
2702 4335 2790 4402 qui
2816 4342 2921 4385 tam
2947 4333 3108 4386 multa
3142 4340 3319 4401 potest
3358 4342 3413 4386 et
3445 4340 3589 4386 recte
3626 4332 3793 4402 gerit.

2282 4425 2335 4477 6.
2378 4423 2434 4477 Si
2467 4433 2643 4475 autem
2676 4422 2825 4491 plura
2855 4422 2991 4476 dixit
3033 4438 3191 4491 quam
3237 4438 3325 4476 res
3354 4421 3693 4491 postulabat,
3724 4437 3797 4476 ne

2212 4518 2465 4572 mireris:
2500 4516 2807 4585 Magistrum
2854 4517 2998 4569 enim
3031 4530 3185 4566 suum
3237 4515 3451 4567 imitans
3494 4514 3594 4568 bor
3643 4513 3793 4567 facit.

2214 4610 2330 4675 Ipse
2352 4607 2492 4662 enim
2520 4608 2705 4660 volens
2733 4606 3016 4659 ostendere
3048 4605 3187 4658 illius
3209 4605 3553 4659 concordiam
3580 4618 3699 4656 cum
3725 4618 3797 4657 eo

2211 4699 2298 4767 qui
2334 4700 2503 4765 ipsum
2534 4697 2747 4765 genuit,
2776 4695 2993 4761 etquod
3037 4710 3141 4748 non
3187 4707 3381 4765 praeter
3405 4696 3522 4762 ejus
3548 4684 3800 4747 ioluuta-

2215 4797 2318 4840 tem
2350 4786 2647 4850 advenerit,
2684 4794 2888 4837 tantum
2918 4784 3194 4839 descendit
3224 4794 3279 4840 et
3298 4798 3358 4837 se
3399 4782 3651 4846 demittit,
3684 4800 3795 4837 non

2212 4886 2468 4947 quantum
2492 4877 2735 4945 exigebat
2760 4876 3064 4932 concordia:
3087 4874 3493 4940 demonstratio,
3515 4874 3609 4929 sed
3632 4891 3799 4944 quan-

2212 4978 2322 5021 tum
2353 4983 2485 5037 opus
2518 4968 2748 5022 habebat
2781 4968 3124 5036 prmsentium
3172 4964 3529 5020 imbecillitas.
3575 4966 3797 5021 Patrem

2211 5062 2351 5115 enim
2379 5069 2549 5130 rogat,
2580 5075 2685 5113 nou
2718 5069 2938 5129 propter
2966 5057 3106 5110 aliud
3134 5071 3293 5124 quam
3325 5067 3543 5126 propter
3568 5059 3669 5112 hoc
3696 5075 3710 5107 :
3739 5066 3796 5109 et

2210 5167 2425 5204 causam
2453 5150 2687 5204 afferens
2717 5150 2867 5212 dicit,
2900 5147 2967 5201 Ut
2996 5146 3201 5199 credant
3231 5149 3368 5219 quod
3419 5161 3474 5203 tu
3500 5166 3579 5203 me
3610 5147 3796 5202 misisti

2213 5244 2230 5309 (
2256 5242 2410 5295 Joan.
2444 5244 2533 5295 11.
2562 5243 2663 5311 42)
2684 5281 2698 5295 .
2732 5242 2883 5295 Hunc
2922 5254 3050 5306 ergo
3080 5239 3322 5307 imitans,
3348 5241 3433 5295 bie
3461 5255 3677 5312 quoque
3705 5237 3794 5289 di.

2211 5333 2387 5387 ctione
2417 5333 2585 5386 utitur
2612 5348 2675 5385 ex
2704 5329 3024 5383 abundantia
3052 5371 3065 5393 ,
3105 5346 3207 5384 non
3237 5342 3291 5385 ut
3336 5342 3576 5387 coactam
3614 5326 3793 5394 suspi-

2211 5425 2350 5478 ceris
2376 5425 2712 5484 servitutem,
2742 5420 2913 5485 absit;
2943 5421 3036 5475 sed
3064 5432 3121 5477 ut
3158 5424 3387 5478 absurda
3429 5424 3515 5476 illa
3541 5420 3793 5487 dogmata

2213 5519 2441 5571 validius
2466 5516 2720 5583 expellat.
2753 5512 2886 5567 Nam
2914 5515 3127 5583 quando
3156 5516 3267 5569 vult
3293 5513 3493 5584 aliquid
3537 5509 3795 5566 radicitus

2207 5609 2465 5671 evellere,
2498 5620 2687 5673 magna
2716 5604 2881 5659 utitur
2911 5605 3253 5660 abundantia.
3301 5607 3388 5659 Sic
3414 5603 3572 5655 etiam
3601 5600 3794 5657 dicens

2209 5702 2273 5756 de
2306 5702 2531 5756 muliere
2558 5697 2698 5752 fideli
2726 5706 2779 5752 ct
2808 5697 2924 5752 viro
2952 5697 3149 5755 inﬁdeli
3171 5736 3186 5762 ,
3216 5692 3533 5750 habentibus
3560 5691 3699 5747 inter
3726 5708 3788 5749 se
