4038 6216
222 336 323 393 559

218 453 282 521 δὴ
312 453 407 505 καὶ
441 450 675 505 ἐνταῦθα
703 449 942 517 λογίζου,
970 447 1066 502 καὶ
1098 452 1239 518 μετά
1270 449 1367 519 τῆς
1393 449 1617 517 γνώμης
1642 448 1794 500 ἐκδέ-

219 559 311 607 you
344 542 548 611 ταύτης
572 542 643 595 τά
666 540 954 612 εἰρημένα.

286 638 348 685 ε’.
370 633 527 685 Μετά
553 631 610 684 δὲ
639 629 839 683 τούτων
855 629 951 682 καὶ
968 631 1161 701 ἑτέρας
1175 629 1351 691 αἰτίας
1369 628 1620 700 ἐροῦμεν.
1642 629 1791 691 Τέως

221 724 313 774 καὶ
339 724 518 774 ἐκεῖνο
536 723 833 787 ἀναγκαῖον
849 720 1044 784 εἰπεῖν,
1070 720 1151 772 ὅτι
1176 720 1269 772 καὶ
1293 722 1419 787 περὶ
1443 719 1791 781 ἀναστάσεως

158 874 161 876 η
220 814 247 863 ὁ
270 812 425 878 λόγος
450 806 516 881 ἦν
541 810 620 877 τῷ
634 810 854 880 Παύλῳ,
878 810 1202 881 πράγματος
1224 809 1489 862 ἀδυνάτου
1509 808 1794 871 δοκοῦντος

222 897 361 955 εἶναι
384 904 478 955 καὶ
510 903 714 972 σφόδρα
732 902 1134 970 ἀπιστουμένου
1155 918 1167 930 ·
1191 902 1444 971 καὶπρὸς
1473 901 1795 972 Κορινθίους

223 994 559 1057 ἐπέστελλεν,
595 994 723 1047 ἔνθα
756 994 973 1055 πλείους
1002 994 1050 1044 οί
1078 992 1357 1061 φιλόσοφοι
1388 994 1436 1045 οί
1470 992 1540 1045 τὰ
1566 992 1793 1047 τοιαῦτα

224 1083 609 1154 κωμῳδοῦντες
645 1084 751 1137 ἀεί.
787 1084 897 1136 Καὶ
929 1083 1037 1150 γὰρ
1074 1082 1132 1133 ὲν
1170 1085 1284 1145 τοῖς
1323 1083 1504 1145 ἄλλοις
1543 1083 1791 1152 ἀλλήλοις

225 1175 681 1249 συρρηγνύμενοι,
720 1180 780 1227 ὲν
813 1173 987 1243 τούτῳ
1020 1172 1243 1239 πάντες,
1284 1174 1379 1227 ἅτε
1427 1174 1486 1237 ἐξ
1517 1172 1635 1235 ἑνὸς
1675 1173 1792 1224 στό-

226 1284 412 1335 ματος,
437 1266 826 1329 συνέπνευσεν,
852 1264 1274 1334 δογματίζοντες
1302 1263 1374 1335 μὴ
1400 1260 1534 1317 εἶναι
1560 1267 1793 1317 ἀνάστα-

228 1371 330 1411 σιν.
374 1352 797 1426 ζΔγωνιζόμενος
825 1350 1002 1404 τοίνυν
1031 1352 1172 1423 ὑπὲρ
1198 1352 1453 1418 τοιαύτης
1485 1351 1796 1414 ὑποθέσεως

224 1444 395 1507 οὕτως
418 1442 821 1511 ἀπιστουμένης
847 1441 942 1493 καὶ
968 1441 1428 1510 καταγελωμὲνης
1459 1443 1552 1493 καὶ
1580 1441 1668 1494 διὰ
1693 1442 1793 1511 τὴν

226 1534 494 1603 πρόληψιν
521 1533 619 1601 τὴν
647 1531 1021 1602 γεγενημένην
1049 1533 1140 1585 καὶ
1168 1532 1257 1585 διά
1282 1533 1381 1600 τὴν
1408 1530 1503 1583 τοῦ
1533 1530 1794 1601 πράγμα-

224 1642 313 1687 τος
367 1622 685 1687 δυσκολίαν,
743 1623 840 1676 καὶ
894 1620 1216 1691 βουλόμενος
1271 1624 1680 1677 κατασκευάσαι
1734 1623 1794 1674 τὸ

224 1714 469 1777 δυνατὸν,
520 1713 738 1783 πρῶτον
772 1714 837 1765 ὲκ
869 1713 971 1783 τῆς
1024 1714 1372 1772 ἀναστάσεως
1410 1710 1503 1763 τοῦ
1553 1708 1792 1783 Χριστοῦ

222 1805 380 1857 τοῦτο
412 1805 703 1875 ἐργάζεται
727 1814 741 1835 ⁸
785 1805 881 1856 καὶ
909 1803 1195 1867 ἀποδείξας
1225 1800 1394 1867 αὑτὴν
1422 1802 1519 1853 καὶ
1550 1803 1660 1855 ἀπὸ
1685 1801 1794 1855 τῶν

226 1896 522 1968 προφητῶν
550 1895 643 1949 καὶ
678 1894 787 1948 ἀπὸ
816 1894 926 1945 τῶν
955 1894 1277 1962 ἑωρακότων
1308 1893 1402 1945 καὶ
1431 1892 1538 1944 ἀπὸ
1567 1893 1675 1945 τῶν
1710 1910 1797 1945 πι-

229 1988 589 2049 στευσάντων,
636 1986 823 2055 ἐπειδὴ
868 1984 1064 2036 ἔλαϐεν
1104 1983 1534 2054 ὡμολογημένην
1581 1985 1678 2055 τὴν
1718 1987 1796 2049 εἰς

224 2078 429 2133 ἄτοπον
484 2075 806 2142 ἀπαγωγὴν,
847 2072 941 2125 καὶ
977 2072 1075 2140 τὴν
1122 2072 1235 2123 τῶν
1273 2071 1578 2142 ἀνθρώπων
1624 2090 1797 2128 κατα-

225 2165 481 2229 σκευάζει
528 2163 714 2216 λοιπόν
738 2178 751 2190 °
795 2163 863 2213 El
893 2161 1237 2230 γὰρνεκροί
1280 2164 1393 2215 οὐκ
1432 2155 1795 2232 ἐγείρονταί,

224 2256 409 2323 φησὶν,
429 2253 570 2308 οὐδὲ
590 2252 845 2321 Χριστὸς
862 2252 1190 2322 ἐγήγερται.
1214 2254 1348 2306 Εἶτα
1371 2254 1609 2323 συνεχῶς
1626 2254 1799 2307 ταῦτα

224 2344 585 2415 ἀντιστρέψας
615 2347 672 2397 ἐν
707 2346 819 2407 τοῖς
854 2343 1160 2413 ἔμπροσθεν
1181 2384 1195 2407 ,
1237 2343 1438 2413 ἑτέρως
1477 2343 1640 2397 πάλιν
1676 2344 1797 2395 ἑπι-

226 2437 416 2504 χειρεῖ,
451 2434 705 2505 ἀπαρχὴν
739 2435 903 2486 αὑτὸν
952 2433 1132 2487 καλῶν
1155 2473 1168 2493 ,
1216 2433 1311 2486 καὶ
1343 2432 1558 2492 δεικνὺς
1593 2448 1797 2501 καταρ-

228 2523 434 2590 γοῦντα
476 2526 656 2578 πᾶσαν
687 2525 859 2595 ἀρχὴν
892 2524 987 2576 καὶ
1022 2524 1273 2588 ἐξουσίαν
1311 2524 1403 2575 καὶ
1436 2523 1665 2591 δύναμιν
1706 2525 1801 2576 καὶ

229 2612 458 2666 θάνατον
491 2614 736 2681 ἔσχατον.
773 2614 894 2675 Πῶς
928 2610 1018 2666 οῦν
1050 2612 1448 2682 καταργηθείη,
1487 2620 1671 2682 φησὶν,
1707 2616 1801 2667 ἐὰν

233 2705 307 2773 μή
344 2704 629 2773 πρότερον,
660 2704 805 2773 ᾶπερ
843 2699 1007 2772 εἶχεν,
1047 2703 1297 2775 ἀποϐάλῃ
1338 2704 1600 2772 σώματας
1652 2707 1804 2758 Ἐπεὶ

229 2791 325 2846 οὖν
354 2793 571 2862 μεγάλα
601 2794 728 2863 περὶ
760 2793 852 2846 τοῦ
883 2793 1221 2860 Μονογενοῦς
1251 2794 1569 2863 ἐφθέγξατο,
1596 2798 1677 2849 ὅτι
1705 2815 1804 2849 πα-

235 2881 487 2948 ραδίδωσι
516 2880 615 2949 τῆν
651 2880 926 2949 βασιλείαν
945 2923 961 2946 ,
988 2882 1263 2935 τουτέστιν
1283 2923 1296 2945 ,
1328 2884 1409 2935 ὅτι
1455 2884 1616 2946 αὑτὸς
1652 2886 1803 2937 ἀνύει

229 2971 426 3032 ταῦτα,
458 2973 553 3025 καὶ
587 2973 748 3029 αὐτὸς
776 2973 866 3025 τὸν
891 2973 1126 3043 πόλεμον
1157 2975 1300 3042 νικᾷ,
1334 2974 1429 3025 καὶ
1455 2974 1631 3025 πάντα
1654 2972 1801 3039 τίθη-

236 3076 319 3110 σιν
357 3061 463 3112 ὑπὸ
497 3062 621 3123 τοὺς
658 3061 826 3122 πόδας
855 3061 1019 3113 αὑτοῦ
1040 3099 1055 3122 ,
1086 3060 1332 3129 ἐπήγαγε
1354 3100 1369 3122 ,
1405 3060 1499 3127 τὴν
1545 3061 1803 3124 ἀπιστίαν

228 3147 343 3198 τῶν
397 3147 605 3199 πολλῶν
652 3146 1049 3215 διορθούμενοςο
1098 3144 1199 3196 Δεῖ
1236 3144 1345 3213 γάρ
1394 3144 1580 3196 αὐτὸν
1619 3147 1803 3209 ,ϐασι-

234 3239 461 3299 λεύειν,
498 3236 666 3303 ἄχρις
698 3231 769 3288 οὗ
800 3235 871 3287 ἂν
895 3232 971 3301 θῇ
992 3232 1221 3298 πάντας
1245 3234 1386 3299 τοὺς
1410 3235 1653 3302 ἐχθροὺς
1689 3237 1804 3288 ὑπὸ

231 3330 377 3393 τοὺς
407 3328 595 3389 πόδας
628 3319 836 3378 αὑτοῦ.
868 3325 940 3377 Ού
972 3324 1124 3387 τέλος
1162 3324 1423 3386 ἐπιτιθεὶς
1461 3327 1525 3395 τῇ
1564 3326 1807 3395 βασιλείᾳ

231 3420 321 3481 τὸ,
356 3420 576 3483 Ἀχρις,
608 3411 779 3478 εἶπεν,
807 3415 922 3470 ἀλλ’
953 3415 1261 3481 ἀξιόπιστον
1289 3416 1460 3467 ποιῶν
1489 3416 1549 3468 τὸ
1588 3417 1811 3485 519179.55-

234 3525 329 3560 νον
353 3547 367 3570 ,
408 3509 500 3561 καὶ
540 3508 763 3579 θαρρεῖν
809 3507 1264 3577 παρασκευάζων.
1302 3509 1392 3578 Μὴ
1430 3508 1572 3578 γὰρ,
1621 3510 1809 3579 ὲπειδῆ

232 3599 501 3669 ἡκούσας,
534 3600 731 3668 φησὶν,
766 3598 847 3650 ὅτι
879 3597 1217 3666 καταργήσει
1264 3599 1443 3651 πᾶσαν
1493 3598 1667 3668 ἀρχὴν
1717 3601 1809 3651 καὶ

234 3688 489 3753 ἐξουσίαν
527 3691 621 3742 καὶ
652 3688 897 3754 δύναμιν,
932 3688 1027 3741 καὶ
1054 3687 1145 3739 τὸν
1174 3686 1420 3741 διάϐολον
1459 3690 1553 3741 καὶ
1579 3690 1676 3750 τὰς
1701 3689 1809 3741 τῶν

233 3780 510 3844 δαιμόνων
542 3780 822 3849 φάλαγγας
850 3782 950 3843 τάς
977 3779 1262 3843 τοσαύτας,
1299 3780 1391 3832 καὶ
1424 3780 1531 3831 τῶν
1567 3780 1811 3833 ἀπίστων

232 3871 311 3923 τά
360 3870 540 3939 πλήθη
589 3870 683 3923 καὶ
720 3870 814 3923 τοῦ
861 3869 1089 3923 θανάτου
1128 3869 1228 3937 τὴν
1276 3869 1565 3940 τυραννίδα
1603 3871 1697 3921 καὶ
1744 3872 1813 3922 τὰ

235 3958 391 4012 κακά
429 3958 667 4023 ᾶπαντα,
700 3959 961 4030 φοϐηθῇς,
1000 3959 1076 4022 ὡς
1126 3959 1441 4023 ἀτονοῦντος
1472 3960 1633 4014 αὑτοῦ
1655 3977 1670 3992 ·
1707 3960 1813 4024 ἕως

235 4046 355 4115 γὰρ
380 4046 446 4099 ἀν
482 4049 685 4119 ποιήσῃ
709 4047 883 4102 ταῦτα
913 4049 1119 4111 πάντα,
1156 4049 1237 4101 δεῖ
1265 4048 1571 4117 βασιλεύειν
1614 4052 1774 4105 αὑτόν
1796 4068 1809 4081 ⁸

232 4142 305 4192 οὑ
349 4137 502 4191 τοῦτο
523 4139 729 4205 λέγων,
770 4140 850 4193 ὅτι
887 4139 1025 4209 μετά
1069 4140 1132 4191 τὸ
1163 4141 1387 4209 ποιῆσαι
1422 4141 1482 4193 ού
1518 4140 1811 4209 βασιλεύει,

234 4228 363 4282 ἀλλ’
393 4230 567 4279 έκεῖνο
605 4228 1050 4293 κατασκευάζων,
1085 4230 1165 4280 ὅτι
1198 4228 1302 4280 κᾶν
1338 4230 1411 4299 μὴ
1446 4229 1540 4282 νῦν
1571 4231 1812 4300 γένηται,

238 4317 469 4377 πάντως
488 4316 660 4370 ἔσται.
687 4316 761 4369 Οὐ
784 4317 892 4386 γάρ
921 4318 1267 4370 διακόπτεται
1296 4319 1459 4371 αὑτοῦ
1485 4322 1516 4389 ἡ
1547 4320 1811 4389 βασιλεία·

238 4408 445 4477 κρατεῖ
491 4407 600 4477 γὰρ
654 4407 748 4460 καὶ
788 4407 960 4477 ἰσχύει
996 4409 1092 4461 καὶ
1148 4407 1334 4477 μένει,
1380 4409 1484 4473 ἕως
1532 4410 1597 4463 ἂν
1639 4412 1819 4465 πάντα

239 4494 592 4566 κατορθώσῃ.
621 4497 792 4550 Τοῦτο
814 4497 869 4549 δὲ
892 4498 953 4550 τὸ
986 4498 1105 4560 ἔθος
1130 4501 1221 4551 καὶ
1252 4500 1309 4549 ὲν
1333 4503 1399 4569 τῇ
1428 4501 1641 4569 Παλαιᾷ
1667 4501 1817 4572 εὖροι

239 4603 335 4649 τις
358 4584 443 4650 ἀν,
469 4586 543 4646 ὼς
562 4586 689 4640 ὅταν
714 4588 866 4661 λέγῃ,
906 4591 975 4642 Τὸ
1002 4588 1071 4642 δὲ
1097 4588 1260 4656 ῥῆμα
1293 4591 1513 4658 Κυρίου
1542 4594 1701 4657 μένει
1731 4596 1817 4658 είς

237 4680 361 4733 τὸν
377 4677 578 4730 αἰῶνα’
608 4679 718 4739 καὶ,
747 4678 894 4749 [5'70]
916 4681 998 4733 Σὺ
1028 4679 1094 4731 δὲ
1130 4683 1162 4732 ό
1188 4680 1371 4745 αὐτὸς
1404 4677 1476 4743 εἷ,
1499 4682 1691 4736 καὶτὰ
1710 4684 1814 4751 ἐτη

238 4784 372 4822 σου
391 4768 501 4819 οὐκ
516 4765 891 4831 ἐκλείψουσι.
914 4768 1098 4821 Ταῦτα
1118 4769 1175 4821 δὲ
1192 4768 1338 4836 λέγει
1357 4772 1385 4822 ό
1408 4772 1695 4840 προφήτης
1726 4774 1821 4825 καὶ

238 4859 321 4911 τά
336 4858 583 4921 τοιαῦτα,
605 4855 822 4908 ὲπειδάν
840 4860 968 4927 περί
991 4860 1332 4929 πραγμάτων
1349 4861 1605 4930 διηγῆται
1626 4863 1820 4933 μακρῷ

238 4946 434 5017 χρόνῳ
482 4944 931 5016 κατορθουμένων
981 4948 1073 4998 καὶ
1112 4950 1331 5012 πάντως
1379 4951 1668 5020 ἐσομένων,
1721 4954 1821 5022 τὴν

237 5033 456 5088 δειλίαν
477 5037 586 5088 τῶν
608 5035 929 5106 παχυτέρων
966 5036 1251 5101 ἀκροατῶν
1275 5038 1574 5095 ἐκϐάλλων.
1610 5042 1736 5093 Ὀτι
1765 5043 1822 5096 δὲ

237 5123 337 5185 τὸ,
368 5124 583 5191 Ἀχρις,
614 5127 705 5178 ἐπὶ
737 5124 871 5178 Θεοῦ
904 5124 1212 5194 λεγόμενον,
1243 5129 1336 5180 καὶ
1375 5130 1541 5195 Ἕως,
1571 5132 1668 5183 ούκ
1705 5132 1821 5186 ἔστι

239 5211 465 5273 τέλους.
491 5214 720 5268 άκουσον
747 5216 798 5268 τί
824 5231 1002 5286 φησιν·
1048 5214 1189 5266 Ἀπὸ
1216 5216 1317 5267 τοῦ
1342 5217 1556 5284 αἰῶνος
1582 5221 1681 5271 καί
1712 5221 1823 5287 ἕως

242 5300 371 5358 τοῦ
395 5300 608 5367 αἰῶνος
639 5305 720 5356 σὺ
743 5307 811 5358 ετ·
841 5310 934 5358 καὶ
966 5306 1145 5369 πάλιν,
1183 5305 1329 5372 Ἐγώ
1357 5311 1493 5374 ειμι·
1522 5311 1640 5373 καὶ,
1670 5312 1823 5377 Ἕως

244 5397 342 5450 ἂν
369 5392 825 5460 κατατηράσετε,
850 5395 967 5463 ἐγώ
986 5399 1119 5464 εἰμι.
1148 5396 1245 5449 Διά
1272 5396 1337 5465 δὴ
1363 5398 1519 5449 τοῦτο
1542 5401 1635 5452 καὶ
1662 5401 1824 5471 ἐσχα-

247 5500 359 5539 τον
393 5481 609 5551 τίθησιν
643 5482 734 5534 τὸν
780 5482 1043 5551 θάνατον,
1084 5486 1168 5539 ἵνα
1208 5487 1315 5539 ἀπὸ
1350 5486 1450 5557 τῆς
1490 5488 1601 5540 τῶν
1651 5492 1823 5546 ἀλλων

250 5572 423 5639 νίκης
445 5570 712 5625 καὶτοῦτο
729 5570 1135 5640 εὐπαράδεκτον
1149 5578 1373 5645 γένηται
1392 5578 1471 5647 τῷ
1488 5580 1826 5637 ἀπιστοῦντι.

1171 335 1239 389 IN
1286 332 1503 391 EPIST.
1541 335 1560 389 1
1609 334 1700 389 AD
1737 332 1897 388 (20R.
1932 332 2166 391 IIOMIL.
2200 336 2439 395 XXXIX.

3351 346 3459 400 διο

1894 447 2142 512 θάνατον,
2166 455 2347 523 πολλῷ
2371 454 2570 523 μᾶλλον
2586 460 2644 507 τι
2663 458 2822 526 ἔργον
2838 458 2899 510 τὸ
2912 458 3120 511 ἐκείνου
3146 456 3436 511 καταλύσει

1908 534 2059 586 Ἐπεί
2085 531 2179 589 οὖν
2200 540 2380 591 πάντα
2409 540 2555 610 αύτῷ
2581 542 2919 607 ἀνατέθεικε,
2953 544 3015 596 τὸ
3043 546 3340 614 καταργεῖν
3362 548 3460 607 τάς

1895 623 2089 692 ἀρχὰς,
2124 627 2224 689 τὰς
2251 628 2520 691 ἐξουσίας,
2554 630 2615 682 τὸ
2652 631 2993 701 κατορθῶσαι
3024 631 3122 702 τῆν
3162 632 3458 702 βασιλείαν,

1893 714 2040 781 λέγω
2064 714 2127 785 δὴ
2155 718 2264 768 τῶν
2298 719 2506 771 πιστῶν
2548 719 2645 789 τὴν
2685 722 2958 789 σωτηρίαν
2981 762 2997 788 ,
3027 723 3123 789 τὴν
3150 723 3249 791 τῆς
3276 725 3459 777 οίκου-

1897 804 2063 873 μένης
2092 808 2315 875 εἰρήνην
2333 848 2347 869 ,
2370 809 2469 879 τὴν
2498 812 2603 861 τῶν
2631 811 2816 863 κακῶν
2844 812 3119 883 ἀναίρεσιν
3147 812 3323 881 (τοῦτο
3354 814 3461 882 γάρ

1891 895 2008 945 ἐστι
2036 894 2133 963 τῆν
2185 895 2459 963 βασιλείαν
2500 900 2879 967 κατορθῶσαι,
2926 903 2986 954 τὺ
3033 902 3331 956 καταλῦσαι
3370 906 3461 955 τὸν

1893 985 2162 1055 θάνατον)’
2192 990 2286 1040 καὶ
2315 990 2415 1040 οὑκ
2446 985 2620 1051 εἶπεν,
2655 993 2736 1043 ὅτι
2763 993 2791 1043 ό
2819 993 3014 1064 Πατὴρ
3033 993 3100 1046 δι’
3128 994 3312 1057 αὑτοῦ,
3344 994 3459 1046 ἀλλ’

1892 1078 2055 1141 αὐτὸς
2098 1082 2458 1150 καταργήσει,
2499 1083 2592 1133 καὶ
2626 1081 2786 1144 αὐτὸς
2815 1084 2968 1152 θήσει
3002 1085 3106 1137 ὑπὸ
3134 1087 3259 1148 τοὺς
3297 1085 3458 1149 πόδας

1893 1169 2080 1230 αὑτοῦ,
2110 1171 2201 1222 καὶ
2226 1170 2460 1240 οὐδαμοῦ
2489 1171 2581 1223 τοῦ
2616 1174 3007 1241 γεγεννηκότος
3036 1177 3459 1246 ἐμνημόνευσεν

1894 1259 2137 1330 ἐφοϐήθη
2175 1261 2380 1323 λοιπον,
2430 1263 2502 1330 μὴ
2532 1262 2621 1313 διὰ
2650 1262 2809 1314 τοῦτο
2846 1263 2972 1335 δόξῃ
3019 1265 3170 1333 παρά
3213 1281 3324 1316 τισι
3354 1264 3462 1318 τῶν

1895 1350 2311 1421 ἀλογωτέρωνῆ
2345 1353 2546 1421 μείζων
2579 1350 2719 1407 εἶναι
2760 1352 2855 1404 τοῦ
2903 1355 3113 1424 Πατρδς
3154 1356 3183 1407 ό
3224 1354 3372 1420 Υἱὸς,
3425 1356 3459 1425 ἢ

1896 1439 2060 1507 ἑτέρα
2106 1458 2191 1502 τις
2236 1442 2376 1511 ἀρχὴ
2434 1443 2745 1511 ἀγέννητος·
2798 1447 2889 1495 καὶ
2936 1443 3022 1496 διά
3069 1442 3225 1496 τοῦτο
3278 1445 3465 1515 ἡρέμα

1895 1530 2322 1600 ἀσφαλιζόμενος
2350 1532 2752 1603 παραμυθεῖται
2795 1534 2886 1587 τὸν
2911 1535 3074 1601 ὄγκον
3104 1534 3211 1586 τῶν
3237 1534 3461 1605 εἰρημέ-

1896 1634 2022 1678 νων,
2051 1616 2243 1683 λέγων·
2267 1618 2469 1670 Πάντα
2500 1622 2609 1688 γὰρ
2637 1620 2936 1684 ὑπέταξεν
2958 1622 3085 1677 ῠπό
3107 1622 3249 1687 τοὺς
3275 1624 3466 1688 πόδας

1896 1707 2103 1761 αὐτοῦ·
2134 1707 2294 1759 πάλιν
2322 1707 2399 1777 τῷ
2439 1710 2613 1780 Πατρὶ
2641 1711 2711 1791 τά
2740 1713 3142 1782 κατορθώματα
3171 1712 3464 1776 ἀνατιθεὶς,

1895 1794 1992 1863 οὑχ
2017 1795 2093 1856 ὡς
2119 1795 2432 1858 ἀτονοῦντος
2461 1797 2554 1849 τοῦ
2583 1798 2777 1861 Παιδὸς
2814 1799 2833 1868 (
2861 1801 2976 1862 πῶς
3007 1802 3134 1870 γὰρ,
3164 1796 3206 1868 ᾧ
3229 1802 3466 1855 τοσαῦτα

1896 1886 2280 1957 ἐμαρτύρησεν
2310 1888 2639 1959 ἔμπροσθεν,
2681 1892 2775 1944 καὶ
2816 1892 2994 1945 πάντα
3028 1892 3256 1963 ἀνέθηκε
3282 1894 3353 1946 τά
3386 1896 3465 1945 εἰ·-

1900 1980 2146 2049 ρημένα;
2173 1980 2213 2049 ),
2253 1979 2385 2033 ἀλλά
2420 1980 2509 2033 διὰ
2562 1981 2660 2051 τὴν
2685 1976 2890 2034 *αἰτίαν
2918 1986 2984 2052 ῆν
3023 1979 3213 2047 εἷπον,
3254 1984 3347 2035 καὶ
3379 1982 3466 2037 ἵνα

1896 2067 2044 2138 δείξῃ
2071 2070 2225 2121 κοινά
2252 2070 2425 2139 Πατρὶ
2461 2070 2555 2122 καὶ
2596 2071 2709 2139 Υἱῷ
2740 2070 2808 2124 τὰ
2837 2072 2974 2142 ὑπὲρ
3016 2074 3047 2141 ὴ
3058 2071 3173 2141 μῶν
3200 2073 3467 2141 γενόμενα

1900 2156 2136 2211 ἅπαντα.
2175 2160 2296 2211 Ὀτι
2335 2159 2443 2230 γὰρ
2481 2160 2643 2221 αὐτὸς
2668 2160 2844 2230 ἑαυτῷ
2875 2162 3107 2232 ἧρκεσεν
3143 2162 3223 2225 εἰς
3250 2161 3311 2214 τὺ
3338 2164 3469 2214 ὑπο·-

1898 2246 2053 2310 τάξαι
2077 2249 2225 2317 αύτῷ
2258 2252 2325 2302 τά
2359 2251 2555 2314 πάντα,
2586 2250 2815 2304 ἄκουσον
2845 2252 3005 2305 πάλιν
3039 2251 3249 2303 Παύλου
3284 2252 3468 2326 λέγονέ

1898 2352 2009 2398 τος·
2056 2338 2159 2397 Ὃς
2197 2342 2710 2409 μετασχηματίσει
2748 2343 2810 2395 τὸ
2843 2342 3013 2411 σῶμα
3044 2342 3152 2409 τῆς
3188 2343 3468 2395 ταπεινώ-

1899 2441 2054 2492 σεως
2078 2425 2247 2495 ἡμῶν
2271 2431 2358 2493 εἰς
2380 2430 2445 2482 τὸ
2475 2435 2750 2498 γενέσθαι
2772 2434 3127 2502 σύμμορφον
3146 2434 3225 2499 τῷ
3244 2433 3467 2501 σώματι

1901 2518 2012 2585 τῆς
2046 2518 2230 2585 δόξης
2261 2512 2467 2582 αὐτοῦ,
2496 2524 2644 2574 κατά
2671 2522 2785 2588 τὴν
2810 2523 3113 2589 ἐνέργειαν
3144 2524 3249 2577 τοῦ
3286 2524 3467 2577 δύνα-

1902 2611 2041 2661 σθαι
2081 2609 2265 2661 αὑτὸν
2302 2609 2400 2661 καί
2428 2608 2720 2673 ὑποτάξαι
2747 2609 2937 2671 ἐαυτῷ
2968 2612 3040 2663 τὰ
3076 2610 3290 2663 πάντα.
3333 2607 3465 2664 Εἶτα

1903 2701 1998 2751 καὶ
2035 2698 2409 2768 ὲπιδιορθώσει
2450 2689 2712 2769 κέχρηται
2742 2700 2945 2767 λέγων·
2997 2700 3183 2753 ’Ὅταν
3210 2700 3277 2751 δὲ
3304 2701 3467 2771 εἴπῃ,

1904 2788 1991 2840 ὅτι
2036 2789 2111 2840 τὰ
2148 2788 2344 2839 πάντα
2369 2790 2782 2861 ὑποτέτακται,
2827 2789 3020 2857 δῆλον
3054 2790 3140 2843 ὅτι
3167 2789 3339 2855 ἐκτὸς
3363 2790 3467 2843 τοῦ

1902 2877 2320 2941 ὑποτάξαντος
2354 2878 2512 2941 αὐτῷ
2544 2882 2616 2931 τὰ
2651 2880 2844 2933 πάντα
2866 2922 2880 2944 ,
2911 2882 2970 2933 ού
3002 2882 3203 2952 μικράν
3248 2882 3470 2935 κάντεῦ-

1904 2966 1994 3017 θεν
2022 2966 2099 3035 τῷ
2126 2967 2422 3033 Μονογενεί
2464 2969 2756 3037 μαρτυρῶν
2784 2970 2959 3035 δόξαν.
2991 2972 3054 3023 Et
3097 2971 3203 3041 γάρ
3235 2971 3471 3025 ἐλάττων

1903 3050 1973 3124 ἦν
2001 3057 2095 3108 καὶ
2128 3057 2261 3109 πολὺ
2306 3058 2723 3128 καταδεέστερος
2748 3099 2761 3121 ,
2794 3060 2893 3111 οὐκ
2932 3060 2998 3112 ἂν
3030 3062 3188 3114 τοῦτο
3229 3061 3469 3131 ἐφοϐήθη

1904 3146 1965 3197 τὸ
2004 3144 2121 3209 δέος
2151 3148 2301 3200 ποτέ.
2343 3148 2451 3200 Καὶ
2497 3147 2617 3199 οὐδὲ
2668 3145 2840 3215 τούτῳ
2877 3148 3159 3217 ἀρκεῖται,
3206 3149 3341 3203 ἀλλά
3378 3149 3471 3201 καὶ

1906 3237 2092 3308 ἕτερον
2122 3237 2438 3308 προστίθησι
2467 3236 2661 3304 λέγων.
2698 3237 2814 3289 Ἵνα
2843 3237 2950 3307 γὰρ
2981 3240 3054 3308 μή
3083 3253 3167 3300 τις
3194 3238 3471 3310 ὑποπτεύῃ

1908 3329 2004 3380 καὶ
2029 3327 2183 3397 λέγῃ’
2210 3313 2273 3377 Τί
2311 3326 2440 3394 γάρ,
2472 3327 2520 3377 εἰ
2558 3328 2653 3377 καὶ
2685 3326 2761 3395 μὴ
2806 3329 3167 3383 ὑποτέτακται
3191 3332 3220 3383 ό
3244 3331 3468 3401 nemp;

1909 3417 2059 3470 οὐδὲν
2082 3415 2239 3467 τοῦτο
2262 3414 2458 3467 κωλύει
2490 3415 2833 3486 ἰσχυρότερον
2854 3414 2992 3471 εἶναι
3012 3420 3101 3471 τὸν
3130 3420 3273 3485 Υίδν,
3293 3421 3473 3483 δείσας

1909 3508 2007 3574 τὴν
2033 3506 2204 3575 ἀσεϐῆ
2230 3506 2431 3575 ταύτην
2459 3507 2735 3569 ὑπόνοιαν,
2764 3508 2949 3578 ἐπειδὴ
2981 3510 3154 3562 έκεῖνο
3184 3511 3283 3563 οὑκ
3314 3512 3472 3581 ῆρκει

1911 3599 2005 3651 καὶ
2036 3597 2191 3650 τοῦτο
2220 3597 2387 3659 δεῖξαι
2411 3638 2425 3658 ,
2456 3596 2793 3667 προσέθηκεν
2818 3599 2879 3651 εκ
2910 3599 3224 3668 περιουσίας
3251 3599 3470 3669 πολλῆς·

1914 3690 2097 3742 ’Ὅταν
2126 3688 2192 3739 δὲ
2216 3687 2484 3754 ὑποταγῇ
2506 3687 2665 3751 αὺτῷ
2689 3688 2758 3740 τὰ
2783 3689 2999 3751 πάντα,
3026 3692 3156 3743 τότε
3176 3691 3274 3744 καί
3295 3692 3475 3757 αὐτὸς

1912 3781 1944 3831 ό
1977 3779 2107 3842 Υίὸς
2134 3777 2594 3845 ὑποταγήσεται-
2624 3778 2722 3848 τὴν
2745 3778 2943 3849 πολλὴν
2976 3779 3110 3847 πρὸς
3141 3781 3232 3832 τὸν
3257 3781 3475 3851 Πατέρα

1913 3869 2162 3937 ὁμόνοιαν
2200 3868 2447 3931 δεικνὺς,
2490 3869 2584 3921 καὶ
2628 3869 2710 3921 ὅτι
2746 3863 2898 3931 οὗτος
2928 3870 3071 3939 ἀρχὴ
3114 3871 3331 3924 πάντων
3369 3871 3475 3922 τῶν

1913 3961 2136 4028 ἀγαθῶν
2171 3962 2264 4014 καὶ
2304 3963 2451 4014 αἰτία
2481 3965 2670 4033 πρώτη
2697 4003 2712 4027 ,
2738 3964 2766 4015 ὁ
2795 3962 2883 4014 τὸν
2921 3961 3156 4014 τοσαῦτα
3184 3960 3477 4030 δυνάμενον

1916 4054 2009 4106 καὶ
2047 4051 2411 4121 κατορθοῦντα
2450 4053 2812 4122 γεγεννηκώς.

1987 4141 2135 4213 [571]
2157 4148 2229 4205 ς’.
2245 4143 2306 4194 Εἰ
2324 4142 2376 4196 δὲ
2410 4144 2568 4195 πλέον
2592 4144 2808 4211 εἴρηκεν
2825 4141 2858 4211 ἢ
2875 4140 3071 4212 ἀπῄτει
3107 4138 3199 4191 τοῦ
3225 4139 3479 4209 πράγμα-

1916 4252 2007 4297 τος
2034 4237 2066 4303 ή
2112 4235 2368 4297 ὑπόθεσις
2392 4277 2405 4299 ,
2437 4235 2512 4304 μῆ
2552 4235 2863 4303 θαυμάσῃς⁹
2889 4233 2981 4285 τὸν
3018 4233 3127 4301 γὰρ
3155 4232 3481 4286 Διδάσκαλον

1918 4326 2007 4378 τὸν
2041 4326 2237 4377 ἑαυτοῦ
2276 4327 2604 4395 μιμούμενος
2629 4364 2642 4385 ,
2670 4325 2839 4378 ταῦτα
2878 4326 3037 4376 ποιεῖ.
3078 4325 3186 4376 Καὶ
3214 4324 3322 4393 γάρ
3350 4324 3480 4390 όμό-

1918 4433 2069 4470 νοιαν
2098 4416 2257 4478 αὐτὸς
2280 4416 2449 4480 δεῖξαι
2476 4416 2798 4484 βουλόμενος
2824 4415 2962 4483 πρὸς
2986 4414 3072 4465 τὸν
3096 4413 3480 4479 γεγεννηκότα,

1920 4503 2013 4556 καὶ
2044 4504 2125 4554 ὅτι
2164 4505 2224 4555 οὑ
2265 4505 2413 4573 παρά
2462 4502 2686 4572 γνώμην
2736 4502 2901 4555 αὑτοῦ
2937 4502 3158 4567 ἀφῖκται
3184 4538 3198 4560 ,
3230 4498 3481 4551 τοσοῦτον

1920 4593 2257 4655 καταϐαίνει,
2277 4594 2373 4662 οὑχ
2390 4595 2512 4645 ὅσον
2533 4593 2727 4662 ἀπῄτει
2748 4592 2846 4659 τῆς
2864 4592 3115 4660 ὁμονοίας
3132 4593 3165 4659 ὴ
3188 4588 3479 4651 ἀπόδειξις,

1919 4683 2032 4735 ἀλλ’
2048 4684 2170 4735 ὅσον
2184 4683 2350 4733 ἐδεῖτο
2364 4681 2473 4732 τῶν
2491 4683 2773 4749 παρόντων
2788 4683 2820 4752 ή
2840 4681 3111 4734 ἀσθένεια.
3133 4678 3444 4747 Εὖχεταιγά
3450 4694 3484 4745 9

1920 4772 1997 4841 τῷ
2030 4772 2380 4840 γεγεννηκότι
2412 4771 2479 4822 δι’
2510 4771 2661 4822 οὐδὲν
2690 4770 2837 4831 ἀλλο,
2868 4770 2899 4839 ἢ
2934 4770 3020 4822 5ιά
3052 4768 3229 4829 τοῦτο,
3260 4769 3352 4819 καὶ
3382 4764 3482 4835 τῆν

1921 4863 2097 4915 αἰτίαν
2138 4862 2305 4924 τιθείς
2353 4877 2551 4931 φησιν,
2592 4861 2725 4912 Ἵνα
2756 4860 3121 4912 πιστεύωσιν
3152 4857 3241 4912 ὄτι
3290 4858 3371 4910 σύ
3405 4874 3483 4926 με

1921 4950 2299 5015 ἀπέστειλας.
2340 4949 2537 5003 Τοῦτον
2588 4945 2681 5001 οὖν
2734 4947 3067 5017 μιμούμενος
3116 4948 3211 5000 καὶ
3253 4944 3483 4997 ἰνταῦθα

1924 5045 1985 5096 ὲκ
2024 5042 2336 5111 περιουσίας
2377 5044 2443 5110 τῇ
2482 5041 2626 5104 λέξει
2662 5040 2957 5108 κέχρηται,
2984 5038 3079 5105 οὑχ
3121 5037 3207 5089 ἵνα
3240 5034 3483 5089 δουλείαν

1924 5130 2447 5201 κατηναγκασμένην
2484 5128 2848 5197 ὑποπτεύσῃς,
2889 5126 3087 5192 ἄπαγε,
3132 5125 3247 5178 ἀλλ’
3293 5126 3379 5178 ἴνα
3418 5127 3485 5177 τὰ

1925 5224 2101 5276 ἄτοπα
2142 5222 2323 5272 ἐκεῖνα
2352 5218 2595 5288 δόγματα
2642 5219 2705 5269 ἐκ
2742 5216 3053 5284 περιουσίας
3102 5215 3325 5285 ἐκϐάλῃ,
3376 5215 3486 5266 Kak.

1925 5314 2033 5383 γάρ
2070 5314 2197 5364 ὅταν
2233 5308 2486 5379 βούληταί
2530 5326 2583 5361 τι
2612 5306 2903 5379 πρόρριζον
2951 5306 3282 5369 ἀνασπάσαι,
3318 5304 3485 5374 πολλῇ

1925 5404 2190 5471 κέχρηται
2212 5400 2277 5468 τῇ
2306 5399 2609 5469 περιουσίᾳ.
2635 5396 2789 5449 Οῦτω
2810 5396 2941 5464 γοῦν
2968 5396 3061 5448 καὶ
3085 5394 3212 5463 περὶ
3232 5393 3485 5456 γυναικὸς

1930 5490 2128 5559 πιστῆς
2152 5489 2326 5557 λέγων
2353 5490 2448 5543 καὶ
2490 5487 2679 5558 ἀνδρὸς
2709 5486 2940 5539 ἀπίστου
2971 5484 3294 5555 ὁμιλούντων
3323 5484 3485 5553 ἀλλή-

1930 5584 2042 5643 λοις
2066 5580 2212 5648 νόμῳ
2244 5580 2442 5650 γάμου,
2476 5579 2561 5630 ἵνα
2594 5578 2668 5648 μὴ
2696 5579 2890 5647 νομίσῃ
2926 5579 2957 5645 ή
2984 5576 3119 5643 γυνὴ
3169 5574 3487 5643 μολύνεσθαι

260 5659 444 5712 Ὅταν
480 5660 589 5731 γὰρ
620 5660 711 5713 τὸν
742 5659 981 5713 διάϐολον
1013 5663 1173 5735 ἀνέλῃ
1208 5666 1300 5720 τὸν
1347 5668 1706 5738 εἰσαγαγόντα
1740 5674 1831 5727 τὸν
1930 5672 2039 5729 ἀπὸ
2073 5670 2171 5739 τῆς
2200 5669 2396 5740 μίξεως
2436 5670 2528 5721 καὶ
2566 5668 2675 5721 τῶν
2721 5668 3066 5740 περιπλοκῶν
3094 5670 3199 5717 των
3237 5666 3364 5732 περὶ
3402 5663 3489 5718 τὸν
