4038 6216
285 327 382 385 5H

282 443 718 504 consuetudinem
747 439 864 509 lege
889 434 1252 498 matrimonii;
1285 449 1353 488 ne
1381 430 1712 487 existimaret
1737 441 1856 479 nuto

285 538 385 592 lier
410 550 469 589 se
501 532 665 602 pollui
694 545 759 584 ex
783 527 1070 582 concubitu
1096 534 1150 580 et
1169 522 1451 590 complexu
1483 517 1728 580 inﬁdelis,
1755 531 1860 570 non

281 625 414 680 dixit
439 622 717 676 mulierem
743 633 865 673 esse
892 614 1218 670 immundam
1239 653 1254 678 ,
1287 621 1342 666 et
1370 609 1501 664 nihil
1543 607 1662 662 laedi
1689 606 1756 660 ab
1784 606 1864 660 in-

283 715 447 778 ﬁdeli,
477 712 572 768 sed
599 711 739 780 quod
769 717 852 764 est
873 707 1042 763 multo
1062 705 1310 774 amplius,
1336 717 1432 771 per
1463 701 1632 769 ipsam
1663 696 1860 752 sancti-

291 806 510 860 ﬁcatum
539 817 658 857 esse
687 800 954 856 inﬁdelem
989 799 1078 867 (l.
1111 797 1227 850 Cor.
1258 795 1308 847 7.
1346 794 1444 862 l4)
1475 806 1618 846 :non
1642 792 1744 845 hoc
1773 805 1860 844 vo-

281 897 395 950 lens
417 893 736 954 ostendere,
769 891 911 960 quod
939 889 1154 944 Graecus
1205 886 1371 939 tactus
1402 885 1471 937 sit
1501 899 1566 938 ex
1602 883 1689 936 illa
1721 896 1850 933 san-

279 998 431 1053 ctus,
464 986 560 1042 sed
591 984 740 1040 verbi
781 979 1190 1051 exsuperatione
1239 977 1458 1030 studens
1503 975 1618 1044 ejus
1662 981 1860 1026 metum

279 1078 513 1132 solvere.
545 1075 619 1128 lta
654 1074 740 1130 hic
769 1087 1013 1142 quoque,
1046 1082 1166 1122 cum
1202 1066 1450 1122 dictionis
1479 1066 1530 1118 vi
1573 1061 1862 1117 studuisset

240 1208 244 1211 η
285 1167 507 1237 impium
540 1165 668 1219 illud
693 1164 884 1231 dogma
910 1158 1097 1213 tollere
1117 1198 1133 1222 ,
1160 1156 1295 1212 dixit
1338 1155 1388 1210 id
1418 1152 1562 1224 quod
1585 1151 1738 1206 dixit.
1770 1149 1859 1204 Si-

280 1267 373 1314 cut
397 1259 540 1313 enim
581 1252 897 1310 imbecillem
932 1244 1124 1303 Filium
1165 1245 1463 1316 suspicari,
1496 1250 1581 1298 est
1602 1248 1862 1297 extremae

283 1345 576 1417 iniquitatis
603 1363 615 1397 :
646 1340 993 1411 quamobrem
1043 1340 1097 1396 id
1131 1337 1393 1406 corrigit,
1423 1335 1609 1392 dicens
1629 1373 1643 1395 ,
1677 1330 1864 1385 Omnes

284 1440 517 1493 inimicos
563 1448 683 1489 suos
732 1439 881 1501 ponet
911 1430 1003 1483 sub
1030 1428 1241 1499 pedibus
1281 1427 1427 1480 suis:
1456 1426 1524 1477 ita
1572 1437 1758 1478 rursus
1781 1429 1865 1476 est

283 1529 388 1584 hoc
411 1524 578 1592 magis
604 1521 825 1591 impium
849 1520 1160 1575 existimare
1188 1517 1399 1571 Patrem
1431 1515 1521 1569 illo
1542 1527 1662 1567 esse
1692 1512 1864 1565 mino-

284 1632 419 1673 rem.
449 1612 803 1681 Quamobrem
834 1609 888 1664 id
917 1622 1129 1678 quoque
1161 1607 1302 1661 tollit
1328 1620 1449 1666 cum
1476 1617 1667 1672 magna
1696 1615 1861 1656 exsu-

283 1707 581 1779 peratione.
609 1702 743 1757 Vide
775 1708 955 1756 autem
983 1697 1251 1768 quomodo
1279 1697 1332 1751 id
1366 1705 1560 1766 ponat:
1589 1709 1696 1748 non
1722 1691 1865 1746 dixit

283 1801 428 1855 enim
459 1793 788 1863 simpliciter,
822 1789 1018 1844 Prteter
1043 1804 1155 1842 eum
1181 1790 1264 1855 qui
1293 1786 1503 1856 sitbjecit
1523 1825 1538 1853 ,
1582 1783 1676 1838 sed
1714 1781 1864 1851 adje-

283 1891 378 1952 cit,
413 1888 536 1941 Sine
561 1883 734 1948 dubio,
759 1895 872 1935 rem
897 1880 1223 1936 conﬁrmans
1251 1887 1306 1934 et
1335 1876 1602 1937 muniens,
1625 1873 1865 1943 quamvis

285 1982 351 2034 de
381 1981 468 2034 illa
493 1979 606 2048 jam
634 1983 866 2030 constet.
909 1973 977 2027 Et
1018 1979 1078 2024 ut
1127 1969 1264 2024 scias
1305 1967 1443 2022 hanc
1488 1979 1608 2020 esse
1646 1978 1861 2020 causam

284 2087 473 2127 eorum
505 2084 627 2138 quae
653 2068 794 2120 dicta
823 2071 969 2129 sunt,
995 2061 1124 2115 illud
1151 2075 1215 2114 ex
1251 2069 1302 2113 te
1331 2055 1643 2114 sciscitabar
1662 2093 1678 2118 ,
1710 2053 1865 2107 Fitne

284 2172 412 2216 tunc
437 2158 676 2212 accessio
703 2151 1057 2222 subiectionis
1085 2148 1258 2203 Filio?
1278 2160 1332 2202 et
1358 2144 1626 2214 quomodo
1653 2158 1758 2197 non
1779 2151 1865 2197 est

282 2249 595 2311 absurdum,
628 2256 682 2301 et
722 2245 830 2298 Deo
861 2240 1176 2312 indignum?
1202 2237 1434 2293 maxima
1461 2237 1604 2291 enim
1634 2242 1717 2289 est
1738 2233 1864 2288 sub-

277 2341 443 2411 jectio
468 2347 524 2394 et
565 2335 869 2392 obedientia
892 2374 908 2400 ,
953 2331 1096 2403 quod
1126 2346 1246 2386 cum
1274 2331 1345 2387 sit
1375 2329 1519 2384 Deus
1543 2369 1557 2394 ,
1584 2327 1725 2381 servi
1753 2327 1861 2380 tor.-

286 2448 430 2488 mam
459 2431 745 2498 acceperit.
775 2425 1055 2494 Quomodo
1080 2439 1209 2493 ergo
1241 2432 1368 2477 tunc
1391 2418 1741 2488 subjiciatur?
1774 2415 1866 2471 Vi-

279 2521 379 2578 des
406 2520 546 2591 quod
567 2519 850 2579 absurdam
874 2515 1067 2572 tollens
1086 2512 1444 2580 suspicionem
1469 2509 1570 2562 hoc
1597 2505 1858 2576 posuerit,

283 2613 442 2681 idque
480 2624 599 2663 cum
648 2623 714 2662 eo
756 2619 861 2674 quo
904 2618 999 2672 par
1027 2609 1111 2657 est
1150 2599 1353 2656 sensu?
1402 2596 1535 2654 Nam
1582 2605 1638 2649 ut
1667 2594 1860 2648 Filium

281 2702 437 2756 decet
468 2706 522 2752 et
551 2698 716 2749 Deum
736 2734 752 2760 ,
782 2694 861 2749 sic
889 2692 1100 2756 obedit,
1145 2703 1252 2744 non
1294 2701 1444 2743 more
1470 2685 1736 2749 humano,
1765 2682 1861 2742 sed

283 2791 446 2846 libere
463 2803 521 2842 se
542 2800 733 2858 gerens
751 2794 805 2839 et
818 2797 1033 2838 onmem
1071 2779 1274 2836 habens
1291 2785 1630 2848 potestatem.
1652 2774 1862 2844 Alioqui

279 2879 549 2948 quomodo
599 2887 682 2932 est
724 2873 1044 2930 consessor?
1071 2871 1341 2943 quomodo
1381 2869 1519 2924 sicut
1547 2868 1738 2932 Pater,
1779 2867 1874 2929 sic;

281 2971 397 3040 ipse
416 2983 624 3037 quoque
645 2981 777 3036 quos
795 2963 908 3019 vult
926 2964 1148 3019 suscitat
1164 2959 1344 3034 (Joaa.
1367 2959 1421 3015 5.
1445 2957 1537 3026 21)
1553 2957 1576 3007 τ
1594 2954 1862 3026 quomodo

281 3078 401 3132 qua:
427 3070 552 3117 sunt
579 3059 776 3122 Patris,
803 3065 933 3120 sunt
957 3055 1072 3123 ejus
1091 3054 1304 3114 omnia;
1331 3060 1385 3103 et
1424 3063 1544 3114 qua:
1569 3047 1686 3113 ejus
1705 3053 1857 3112 sunt,

281 3153 456 3209 Patris
493 3151 694 3222 (Joau.
753 3148 838 3202 17.
890 3142 1039 3214 10)ἳ
1084 3142 1212 3197 Haec
1257 3140 1402 3195 enim
1432 3140 1586 3198 nobis
1627 3138 1862 3199 indicant

281 3256 525 3300 exactam
573 3249 628 3294 et
673 3237 959 3308 perfectam
1002 3233 1119 3302 ejus
1163 3246 1287 3286 cum
1315 3231 1475 3287 Patre
1519 3237 1859 3300 potestatem.

277 3334 418 3403 Quid
447 3340 530 3388 est
555 3338 733 3384 autem
755 3365 772 3391 ,
799 3324 1018 3389 Quando
1046 3322 1309 3377 tradiderit
1338 3319 1588 3390 regnum?
1631 3319 1747 3372 Duo
1770 3331 1858 3371 re-

277 3441 384 3495 gna
433 3423 525 3477 Dei
555 3424 702 3475 novit
741 3418 1010 3486 Scriptura
1040 3431 1055 3467 :
1086 3428 1250 3471 unum
1301 3411 1516 3480 quidem
1546 3425 1609 3464 ex
1640 3409 1860 3478 conjun-

277 3515 456 3566 ctione
480 3527 574 3566 seu
605 3509 949 3578 proprietate,
983 3504 1208 3558 alterum
1237 3517 1302 3556 cx
1329 3501 1620 3558 creatione.
1651 3497 1783 3552 Nam
1807 3497 1858 3551 in

278 3617 468 3656 omnes
505 3599 720 3670 quidem
760 3610 986 3665 regnum
1025 3594 1266 3654 obtinet,
1317 3590 1536 3645 Graecos
1558 3629 1574 3654 ,
1604 3588 1857 3662 Jttdzeos,

278 3694 554 3748 d.cmones
574 3728 589 3752 ,
626 3685 965 3743 adversarios
987 3720 1001 3747 ,
1030 3681 1238 3735 ratione
1279 3679 1603 3743 creationis;
1637 3691 1859 3747 regnum

279 3797 460 3839 autem
489 3782 697 3838 obtinet
723 3782 773 3832 in
810 3776 1000 3833 ﬁdeles
1022 3783 1076 3830 et
1104 3773 1435 3830 voluntarios
1474 3782 1528 3825 et
1563 3770 1859 3838 subjectos.

280 3880 491 3934 ratione
517 3872 928 3944 conjunctionis.
958 3869 1069 3923 lloc
1098 3881 1321 3936 regnum
1353 3865 1547 3919 dicitur
1574 3863 1734 3942 etiam
1764 3859 1862 3914 ha-

281 3971 413 4024 bere
444 3968 720 4034 imperium
754 3979 769 4014 :
802 3963 870 4016 de
913 3975 978 4014 eo
1007 3957 1309 4014 cnim-dicit
1336 3955 1498 4010 etiam
1528 3953 1578 4007 in
1621 3950 1862 4012 secundo

283 4059 518 4119 Psalmo,
555 4052 766 4106 Postilla
792 4069 823 4104 a
857 4065 958 4114 me,
989 4057 1034 4102 et
1060 4045 1188 4106 dabo
1215 4046 1302 4103 tibi
1332 4055 1497 4114 graues
1522 4043 1861 4096 hereditatem

283 4158 424 4203 tuam
452 4145 619 4214 (Ρωι.
647 4142 702 4194 2.
733 4141 788 4209 8)
820 4161 832 4193 :
860 4138 927 4193 de
954 4152 1019 4192 eo
1047 4137 1208 4191 etiam
1242 4136 1355 4204 ipse
1381 4136 1517 4189 dixit
1542 4133 1816 4202 discipulis
1840 4171 1857 4198 ,

284 4239 424 4294 Data
456 4242 530 4287 est
568 4232 688 4283 mihi
707 4232 871 4285 omnis
899 4237 1114 4298 po:eatas
1142 4236 1171 4278 α
1214 4225 1370 4278 Patre
1395 4240 1502 4280 meo
1530 4223 1741 4293 (Matth.
1768 4221 1859 4277 ΞΒ.

286 4328 402 4395 18);
442 4325 491 4379 ei
522 4321 610 4391 qui
642 4320 823 4390 genuit
851 4319 1030 4376 omnia
1056 4317 1370 4376 adseribens
1397 4357 1409 4380 ε
1446 4330 1550 4368 non
1578 4313 1718 4383 quod
1747 4313 1862 4382 ipse

287 4438 393 4477 non
436 4415 696 4478 sufﬁciat,
725 4411 819 4467 sed
846 4411 1142 4468 ostendens
1168 4411 1310 4481 quod
1350 4412 1418 4465 sit
1447 4410 1610 4465 Filius
1630 4449 1643 4472 ,
1673 4417 1728 4462 et
1752 4423 1858 4462 non

288 4514 589 4583 ingenuitas:
632 4507 742 4561 lloc
785 4519 909 4573 ergo
960 4504 1148 4567 tradit,
1199 4507 1302 4558 hoc
1349 4515 1467 4569 est,
1517 4512 1662 4558 recte
1703 4504 1859 4572 gerit.

288 4605 463 4671 Quare
483 4611 683 4663 autent,
715 4599 900 4666 inquit,
927 4594 1056 4648 nihil.
1085 4593 1218 4647 dixit
1244 4594 1310 4648 de
1333 4595 1532 4663 Spiritu
1553 4594 1573 4646 τ’
1597 4595 1860 4660 Quoniam

290 4711 430 4751 nunc
458 4694 524 4746 de
555 4694 671 4759 ipse
717 4706 821 4745 non
863 4698 1034 4757 agatur
1056 4726 1068 4744 .
1099 4700 1274 4752 neque
1321 4688 1494 4742 omnia
1541 4685 1697 4741 simul
1729 4701 1859 4739 con—

289 4786 484 4840 fundit.
511 4783 641 4836 Nam
667 4784 827 4837 etiam
860 4779 1070 4849 quando
1099 4778 1227 4832 dicit
1248 4819 1262 4831 .
1296 4777 1439 4830 (vix:
1474 4779 1600 4832 διας
1624 4779 1799 4844 Pater,
1819 4785 1864 4830 ct

290 4894 420 4931 unus
457 4876 696 4928 Dominus
724 4871 875 4925 Itast-.5
903 4874 950 4942 (ἱ
1014 4871 1127 4923 (ἴον.
1163 4869 1213 4924 8.
1243 4871 1297 4936 ti,
1323 4909 1340 4931 ,
1384 4883 1487 4922 “in
1525 4869 1736 4922 amnino
1765 4867 1862 4921 nii-

291 4980 476 5020 norem
522 4964 704 5017 sitiens
733 4977 854 5016 esse
901 4962 1186 5032 Spiritum,
1235 4968 1512 5029 ρτυςιιςεηε--τξ
1564 4969 1740 5022 tacet,
1772 4959 1867 5012 sed

295 5057 540 5127 quartum
565 5065 689 5105 tunc
717 5068 803 5106 res
841 5069 944 5106 non.
975 5053 1198 5121 urgebat
1226 5093 1240 5115 ,
1272 5052 1370 5103 hoc
1401 5050 1553 5101 dixit.
1585 5051 1696 5104 .Scit
1722 5050 1863 5104 enim

295 5161 348 5204 et
382 5146 539 5201 Patris
588 5149 754 5196 scitus
804 5144 1147 5208 meminisse;
1180 5158 1274 5198 nec
1301 5142 1418 5196 ideo
1459 5140 1652 5194 Filium
1681 5141 1868 5208 ejicie-

296 5257 412 5295 mus
443 5257 453 5292 :
484 5236 581 5290 scit
600 5237 760 5290 etiam
789 5244 843 5287 et
866 5234 984 5292 Ι·ἰὲιὶ
1008 5244 1061 5290 et
1088 5235 1316 5302 Spir-itus
1345 5233 1508 5288 soiius
1535 5232 1864 5296 meminisse;

297 5346 396 5385 nec
425 5337 703 5398 propterea
734 5324 946 5378 Patrem
988 5326 1341 5379 abolebimus.
1377 5322 1512 5389 Quid
1541 5331 1624 5374 est
1657 5332 1865 5385 autem,

302 5422 364 5477 Ut
415 5424 478 5476 sit
531 5419 668 5477 Deus
712 5417 881 5469 munia
925 5417 978 5469 in
1033 5417 1306 5470 cautibus?
1339 5416 1405 5471 Ut
1449 5416 1627 5470 omnia
1659 5415 1723 5466 ab
1754 5414 1870 5480 ipso

297 5513 582 5582 pendeant;
619 5525 683 5564 ne
713 5509 833 5577 quis
870 5504 1142 5561 existimet
1179 5509 1285 5561 duo
1315 5523 1436 5562 esse
1464 5505 1721 5576 principia
1753 5506 1870 5559 sine

301 5603 581 5673 principio,
611 5615 783 5668 neque
811 5596 954 5650 aliud
986 5611 1206 5666 regnum
1236 5600 1482 5653 divisum.
1507 5597 1636 5652 Nam
1659 5596 1871 5664 quando

297 5692 450 5747 atrati
482 5690 696 5756 quidem
718 5687 984 5757 jacuerint
1009 5688 1209 5742 inimici
1241 5691 1338 5746 sub
1361 5688 1586 5761 pedibus
1616 5688 1757 5754 Filii,
1783 5688 1874 5756 qui

649 5786 914 5847 PAIROL.
957 5790 1070 5848 Gn.
1117 5793 1273 5851 LXi.

1272 311 1337 368 ΙΝ
1377 309 1588 368 EPIST.
1631 308 1650 361 1
1713 305 1803 360 AD
1840 305 1994 360 COR.
2038 305 2266 363 IIOMIL.
2307 309 2547 368 XXXIX.

3429 317 3536 374 δη

1966 441 2060 481 cos
2088 435 2264 482 autem
2298 428 2455 484 liabet
2474 431 2715 498 jacentes
2741 431 2840 485 sub
2871 432 3112 502 pedibus,
3137 447 3260 487 cum
3288 431 3539 488 Genitore

1967 531 2071 571 non
2101 519 2262 585 agitat
2308 519 2661 586 seditionem,
2703 522 2796 576 scd
2839 531 2923 576 est
2969 524 3020 575 in
3065 521 3299 590 perfecta
3327 537 3448 576 cum
3474 538 3540 577 eo

1966 608 2288 673 concordia;
2319 608 2435 678 ipse
2458 612 2561 665 erit
2585 612 2763 666 omnia
2808 613 2859 667 in
2885 612 3151 667 omnibus.
3183 612 3408 680 Quidam
3439 629 3524 667 au-

1968 709 2074 755 tem
2105 701 2288 755 dicunt
2316 703 2487 770 ipsunt
2516 703 2630 758 banc
2655 705 2853 760 dixisse
2875 747 2893 769 ,
2922 705 3268 775 signiﬁcantia
3294 705 3539 760 abolitio-

1967 806 2087 846 nem
2117 792 2267 859 vitii,
2292 802 2474 862 utpote
2499 809 2620 850 cum
2644 810 2830 849 omnes
2847 795 3100 864 deinceps
3125 795 3314 850 cedant
3339 805 3392 850 et
3417 796 3536 848 ttul-

1963 882 2048 940 lus
2079 882 2310 948 resistat,
2342 897 2442 938 nec
2472 884 2700 954 maligne
2743 899 2802 941 se
2829 894 3000 954 gerat.
3025 885 3157 941 Nam
3186 884 3396 954 quando
3426 900 3535 939 non

1963 972 2126 1029 fuerit
2154 984 2456 1042 peccatum,
2486 985 2570 1030 est
2600 978 2937 1045 perspicuum
2964 977 3110 1047 quod
3142 977 3280 1034 Deus
3305 975 3537 1031 eritom-

1962 1064 2047 1118 nia
2077 1063 2128 1117 in
2159 1065 2431 1119 omnibus.
2477 1065 2532 1120 Si
2574 1076 2754 1120 autem
2785 1082 3011 1136 corpora
3059 1082 3168 1122 non
3214 1073 3535 1135 resurgunt,

1961 1155 2230 1225 quomodo
2272 1165 2397 1210 sunt
2441 1155 2559 1211 lucc
2603 1157 2771 1217 vera?
2798 1157 3148 1227 gravissimus
3189 1159 3332 1213 enim
3359 1166 3539 1212 manet

1962 1248 2202 1302 omnium
2234 1248 2482 1304 inimicus
2503 1289 2518 1314 ,
2550 1263 2745 1318 nempe
2768 1264 2914 1304 mors
2935 1291 2950 1314 ,
2980 1250 3046 1304 iis
3069 1265 3186 1318 quze
3213 1249 3381 1304 voluit
3406 1264 3539 1305 con-

1964 1337 2136 1395 fectis.
2165 1337 2534 1407 Nequaquam,
2564 1339 2767 1408 'mquit;
2794 1354 2966 1408 neque
2987 1339 3131 1393 enim
3157 1338 3382 1408 amplius
3413 1353 3539 1407 pee-

1963 1427 2180 1483 cabunt.
2212 1428 2275 1481 Et
2299 1428 2425 1497 quid
2455 1430 2610 1483 tum?
2643 1443 2817 1498 neque
2843 1429 2990 1486 enim
3021 1429 3088 1485 de
3115 1438 3286 1484 morte
3311 1429 3536 1490 animae,

1962 1518 2057 1573 sed
2084 1518 2150 1572 de
2198 1528 2373 1574 morte
2420 1520 2662 1589 corporis
2709 1521 2796 1575 hic
2825 1520 3079 1590 loquitur.
3108 1520 3388 1588 Quomodo
3412 1536 3540 1590 ergo

1964 1608 2052 1663 illa
2081 1608 2362 1665 aboletur?
2392 1609 2496 1666 ltoc
2523 1622 2606 1666 est
2627 1613 2771 1667 enim
2793 1612 3040 1677 victoria,
3068 1628 3130 1667 ea
3148 1627 3271 1683 quae
3297 1623 3420 1670 sunt
3445 1616 3542 1667 ab-

1963 1701 2090 1766 lata,
2120 1709 2175 1755 et
2199 1717 2320 1772 qua:
2350 1701 2662 1758 detinentur
2685 1706 2982 1774 accepisse.
3028 1706 3082 1760 Si
3110 1715 3289 1760 autem
3316 1706 3371 1760 in
3399 1716 3540 1761 terra

1964 1793 2252 1848 detinenda
2283 1803 2407 1848 sunt
2434 1808 2692 1863 corpora,
2734 1806 2915 1851 manet
2959 1813 3086 1867 ergo
3111 1798 3230 1868 ejus
3267 1799 3502 1868 tyrannis
3524 1839 3538 1864 ,

1964 1900 2084 1940 cum
2112 1885 2229 1940 haec
2267 1884 2484 1954 quidem
2512 1886 2854 1942 detineantur
2877 1928 2892 1951 ,
2934 1887 3078 1942 aliud
3107 1898 3283 1943 autem
3329 1903 3432 1942 non
3472 1889 3545 1944 sit

1965 1991 2162 2045 corpus
2185 1976 2273 2032 imi
2297 1977 2561 2034 vincatur.
2589 1977 2646 2034 Si
2672 1993 2801 2048 ergo
2831 1979 2933 2034 hoc
2955 1979 3066 2046 ﬁat,
3083 1979 3226 2049 quod
3251 1979 3381 2035 dicit
3401 1979 3539 2035 Pau-

1958 2068 2071 2134 lus,
2104 2070 2242 2125 sicut
2271 2078 2418 2124 certe
2448 2069 2561 2135 ﬁet,
2588 2071 2844 2138 pmclan
2877 2070 3040 2124 etiam
3071 2071 3349 2140 apparebit
3375 2072 3540 2126 victo-

1963 2157 2064 2220 ria,
2092 2172 2215 2212 cum
2244 2158 2390 2213 Deus
2415 2159 2646 2228 potuerit
2672 2161 2932 2217 suscitare
2956 2160 3044 2213 illa
3066 2175 3185 2228 quze
3213 2159 3282 2214 ab
3307 2161 3419 2229 ipsa
3448 2162 3544 2216 de-

1965 2257 2109 2303 tenta
2140 2257 2266 2302 sunt
2293 2263 2541 2318 corpora.
2575 2250 2706 2305 Nam
2731 2262 2858 2306 tunc
2886 2251 3051 2306 vincit
3073 2252 3333 2321 quispiam
3362 2252 3543 2306 inimi-

1961 2351 2106 2400 cum,
2134 2337 2350 2406 quando
2370 2340 2642 2407 acceperit
2665 2341 2857 2408 spolia,
2889 2355 2998 2398 non
3023 2341 3239 2409 quando
3261 2342 3372 2411 ipsa
3401 2343 3543 2398 sive-

1961 2427 2035 2483 rit
2077 2426 2218 2498 apud
2245 2441 2366 2483 eum
2396 2441 2613 2484 manere
2642 2445 2656 2482 :
2683 2429 2730 2483 si
2760 2445 2922 2485 nemo
2969 2439 3152 2486 autem
3190 2432 3384 2488 audeat
3421 2449 3543 2501 quin

1962 2528 2090 2574 sunt
2115 2519 2232 2588 ejus
2256 2520 2523 2589 accipere,
2545 2520 2818 2590 qmmodo
2840 2519 3135 2576 dixerimus
3157 2536 3278 2577 esse
3306 2521 3541 2577 victum?

2037 2610 2090 2662 7.
2123 2609 2236 2664 Hoc
2261 2610 2421 2664 etiam
2447 2609 2613 2664 modo
2642 2611 2877 2666 victoria:
2892 2609 3141 2666 Christus
3163 2611 3214 2666 in
3238 2611 3540 2681 Evangeliis

1958 2699 2094 2754 dicit
2121 2713 2180 2753 se
2206 2700 2402 2754 vicisse
2429 2700 2514 2755 bis
2539 2703 2719 2757 verbis
2743 2720 2759 2755 :
2785 2702 3006 2768 Quando
3027 2703 3311 2773 alligaverit
3335 2703 3536 2772 fortem,

1963 2801 2081 2845 tunc
2123 2798 2170 2843 et
2207 2803 2328 2842 vasa
2371 2790 2482 2859 ejus
2510 2789 2715 2861 diripiet
2753 2790 2966 2860 (Matth.
3001 2792 3088 2846 12.
3117 2792 3231 2863 29).
3259 2793 3472 2862 Alioqui
3497 2793 3545 2848 si

1965 2879 2069 2934 hoc
2088 2894 2199 2936 non
2227 2878 2445 2945 factum,
2468 2895 2538 2935 ne
2560 2881 2839 2936 manifesta
2868 2881 3082 2952 quidem
3115 2883 3275 2938 fuerit
3297 2885 3541 2939 victoria.

1961 2970 2093 3024 Nam
2112 2971 2252 3025 sicut
2272 2969 2318 3026 si
2339 2969 2406 3025 de
2428 2979 2606 3027 morte
2627 2973 2821 3027 anima:
2839 2983 3051 3042 agatur,
3069 2974 3158 3044 qui
3179 2982 3261 3029 est
3278 2982 3539 3039 mortuus,

1961 3059 2062 3114 fuit
2083 3059 2405 3128 jnstiﬁcatus
2429 3075 2459 3118 a
2491 3071 2728 3129 peccato.
2764 3078 2937 3132 neque
2966 3063 3070 3119 hoc
3097 3064 3389 3121 dixerimus
3414 3077 3536 3118 esse

1962 3149 2273 3214 victoriam;
2303 3149 2394 3205 ille
2420 3150 2565 3204 enim
2589 3160 2672 3205 est
2693 3152 2783 3220 qui
2806 3152 2956 3217 vicit,
2982 3167 3092 3208 non
3113 3154 3204 3223 qui
3230 3154 3386 3208 malis
3408 3153 3540 3208 nihil

1961 3243 2204 3310 addidit,
2237 3241 2331 3297 sed
2361 3243 2450 3312 qui
2479 3257 2597 3297 eam
2641 3259 2761 3313 qua:
2803 3245 2912 3312 jam
2952 3251 3070 3300 erat
3111 3245 3274 3299 animi
3301 3253 3542 3300 motuum

1961 3333 2122 3389 solvit
2149 3332 2510 3400 captivitatem
2537 3351 2549 3385 :
2575 3333 2646 3386 ita
2675 3334 2761 3388 hic
2785 3349 2996 3403 quoque
3024 3350 3129 3388 non
3161 3335 3359 3388 stitisse
3387 3349 3540 3388 mor-

1962 3432 2072 3478 tem
2101 3436 2328 3492 corpora
2372 3421 2750 3491 depascentem
2777 3463 2790 3485 ,
2829 3439 2950 3479 esse
2975 3425 3201 3479 dixerim
3229 3425 3540 3495 prmclaram

1963 3514 2266 3577 victoriam,
2296 3513 2390 3569 sed
2416 3528 2536 3584 quae
2561 3513 2670 3583 jam
2691 3515 2904 3570 detenta
2925 3525 3076 3568 erant
3096 3530 3320 3585 corpora
3343 3517 3407 3569 ab
3429 3515 3538 3584 ipsa

1961 3605 2140 3661 avelli.
2158 3606 2217 3660 Si
2239 3615 2417 3660 autem
2447 3589 2622 3660 adhuc
2648 3607 2974 3660 contendant
2996 3615 3051 3660 et
3077 3606 3257 3660 dicant
3279 3606 3348 3662 de
3372 3616 3542 3661 morte

1960 3696 2158 3750 anima:
2183 3695 2297 3748 haec
2317 3708 2438 3748 esse
2459 3693 2599 3748 dicta
2616 3735 2632 3760 ,
2659 3695 2928 3763 quomodo
2952 3697 3038 3749 illa
3059 3695 3301 3751 aboletur
3323 3695 3543 3750 ultima?

1965 3801 2089 3839 nam
2121 3785 2176 3839 in
2203 3799 2529 3853 unoquoque
2553 3786 2644 3854 qui
2671 3784 2993 3854 baptizatur,
3024 3787 3181 3853 plene
3208 3794 3296 3841 est
3320 3787 3540 3840 abolita.

1960 3876 2070 3932 Sed
2101 3876 2146 3930 si
2177 3876 2325 3932 dicas
2363 3875 2433 3931 de
2469 3890 2696 3944 corpore
2719 3917 2735 3942 ,
2783 3877 2956 3932 locum
2989 3877 3148 3933 habet
3174 3879 3313 3947 quod
3344 3878 3542 3933 dictum

1967 3978 2070 4034 est,
2105 3983 2302 4036 nempe
2331 3967 2473 4037 quod
2502 3983 2648 4022 mors
2679 3968 2862 4022 ultima
2890 3968 3185 4025 aboleatur.
3216 3970 3272 4024 Si
3302 3970 3422 4040 quis
3448 3985 3544 4023 au-

1965 4068 2074 4114 tem
2115 4058 2369 4116 dubitans
2394 4067 2597 4126 quaerat
2616 4100 2630 4121 ,
2665 4074 2759 4112 cur
2786 4073 2906 4114 cum
2936 4058 3226 4114 dissereret
3255 4059 3321 4112 de
3360 4073 3542 4113 resur-

1966 4149 2231 4214 rectione,
2263 4151 2316 4206 in
2345 4151 2582 4208 medium
2613 4165 2718 4204 non
2746 4149 3028 4206 adduxerit
3053 4165 3277 4220 corpora
3305 4165 3424 4219 qua:
3453 4165 3543 4206 re-

1966 4251 2319 4301 surrexerunt
2344 4251 2587 4310 tempore
2614 4243 2818 4297 Domini
2843 4283 2856 4308 ,
2889 4242 3018 4297 illud
3045 4243 3338 4298 dixerimus
3357 4283 3372 4308 ,
3401 4245 3541 4312 quod

1963 4334 2069 4389 lioc
2096 4349 2202 4389 non
2229 4333 2420 4391 fuisset
2447 4333 2592 4403 loqui
2619 4333 2689 4388 de
2712 4335 3128 4389 resurrectione.
3163 4335 3267 4391 Eos
3289 4337 3432 4389 enim
3453 4337 3543 4404 qui

1967 4437 2380 4482 rauci-exerunt
2407 4425 2694 4482 ostendere
2731 4442 2920 4482 rursus
2949 4427 3120 4492 mori,
3160 4443 3266 4481 non
3298 4435 3414 4482 erat
3446 4427 3547 4482 de-

1961 4516 2318 4572 monstrantis
2333 4517 2476 4585 quod
2494 4531 2639 4572 mors
2657 4525 2924 4583 postremo
2944 4517 3236 4571 aboleatur.
3258 4517 3545 4586 Propterea

1966 4613 2110 4666 enim
2140 4610 2274 4664 dixit
2315 4625 2434 4664 eam
2475 4610 2678 4664 aboleri
2723 4611 2986 4675 ultimam,
3020 4626 3089 4667 ne
3126 4612 3398 4667 existimes
3427 4627 3542 4665 eam

1969 4701 2202 4770 amplius
2225 4714 2530 4769 resurgere.
2569 4699 2713 4754 Vitio
2739 4702 2880 4756 enim
2907 4703 3119 4757 sublato
3142 4742 3157 4767 ,
3188 4703 3352 4756 multo
3377 4702 3546 4770 magis

1979 4807 2124 4847 mors
2153 4793 2404 4847 cessabit.
2437 4791 2618 4862 Neque
2654 4795 2794 4846 enim
2825 4793 2983 4848 fuerit
3014 4803 3463 4856 consentaneum,
3494 4804 3550 4846 ut.

1975 4885 2019 4939 si
2053 4885 2170 4937 fons
2196 4893 2424 4946 arescat,
2455 4885 2544 4952 qui
2573 4898 2637 4938 ex
2668 4899 2734 4937 eo
2764 4894 2942 4938 manat
2970 4887 3228 4940 consistat
3254 4886 3464 4949 ﬁuvius,
3498 4892 3553 4937 et

1971 4975 2016 5028 si
2043 4982 2326 5028 evanescat
2352 4973 2520 5036 radix,
2556 4985 2770 5030 maneat
2799 4974 3026 5030 fruetus.
3057 4977 3316 5044 Quoniam
3345 4991 3469 5044 ergo
3499 4976 3548 5027 in

1977 5065 2064 5117 die
2106 5064 2398 5117 novissimo
2439 5063 2638 5116 inimici
2675 5064 2769 5118 Dei
2818 5065 3099 5120 abolentur
3140 5082 3260 5120 cum
3295 5075 3465 5119 morte
3499 5077 3553 5117 et

1978 5153 2193 5207 diabolo
2218 5163 2274 5207 et
2298 5152 2630 5208 dzcmonibus
2652 5194 2666 5217 ,
2700 5169 2767 5208 ne
2799 5155 3009 5209 tristitia
3041 5155 3351 5217 atﬁciamur,
3387 5155 3428 5208 si
3462 5154 3550 5207 Dei

1981 5243 2208 5297 inimicis
2230 5257 2316 5296 res
2338 5257 2592 5311 prospere
2609 5245 2914 5297 succedant.
2933 5245 3134 5300 inimici
3157 5247 3296 5298 enim
3324 5243 3551 5302 Domini,

1980 5331 2135 5386 simul
2157 5331 2608 5399 atquegloriﬁcati
2639 5341 2693 5386 et
2722 5333 2772 5385 in
2807 5334 2970 5385 altum
3002 5334 3126 5386 elati
3160 5333 3384 5395 fuerint,
3419 5331 3551 5386 deti-

1979 5423 2204 5484 cientes,
2240 5432 2508 5490 tamquam
2543 5421 2717 5476 fumus
2747 5423 3076 5476 defecerunt.
3107 5424 3331 5489 Quando
3359 5424 3553 5476 videris

1982 5511 2211 5579 aliquem
2241 5511 2331 5565 Dei
2361 5512 2632 5566 inimicum
2664 5513 2901 5577 divitem,
2931 5516 3178 5582 stipatum
3208 5517 3551 5580 satellitibus,

1986 5601 2271 5655 habentem
2297 5602 2489 5656 multos
2515 5611 2894 5669 assentatores,
2920 5605 3028 5656 noli
3048 5605 3283 5659 animum
3305 5604 3553 5670 abiicere,

1979 5688 2074 5748 sed
2102 5704 2290 5758 getae,
2323 5692 2618 5759 lacrymarc
2638 5733 2653 5758 ,
2677 5691 2844 5748 Deum
2869 5706 3028 5757 roga,
3056 5703 3113 5746 ut
3137 5709 3256 5748 eum
3287 5695 3480 5750 referat
3499 5689 3552 5742 in

3148 5783 3226 5840 2").
