  <div class='ocr_page' id='page_1' title='image "/cluster/home/n/w/nwhite01/storage/ocr_20150623/61/nnc1.0022379681/351.png"; bbox 0 0 4038 6216; ppageno 0'>
   <div class='ocr_carea' id='block_1_1' title="bbox 489 345 592 401">
    <p class='ocr_par' dir='ltr' id='par_1_1' title="bbox 489 345 592 401">
     <span class='ocr_line' id='line_1_1' title="bbox 489 345 592 401; baseline -0.019 0"><span class='ocrx_word' id='word_1_1' title='bbox 489 345 592 401; x_wconf 66' lang='lat'><strong>353</strong></span> 
     </span>
    </p>
   </div>
   <div class='ocr_carea' id='block_1_2' title="bbox 488 448 2066 521">
    <p class='ocr_par' dir='ltr' id='par_1_2' title="bbox 488 448 2066 521">
     <span class='ocr_line' id='line_1_2' title="bbox 488 448 2066 521; baseline -0.009 -9"><span class='ocrx_word' id='word_1_2' title='bbox 488 456 733 512; x_wconf 85' lang='lat' dir='ltr'><strong>ordinem</strong></span> <span class='ocrx_word' id='word_1_3' title='bbox 771 472 826 509; x_wconf 79' lang='lat' dir='ltr'><strong>et</strong></span> <span class='ocrx_word' id='word_1_4' title='bbox 865 468 1147 508; x_wconf 85' lang='lat' dir='ltr'><strong>numerum</strong></span> <span class='ocrx_word' id='word_1_5' title='bbox 1186 454 1480 507; x_wconf 88' lang='lat' dir='ltr'><strong>amicorum</strong></span> <span class='ocrx_word' id='word_1_6' title='bbox 1507 469 1520 505; x_wconf 90' lang='lat'>:</span> <span class='ocrx_word' id='word_1_7' title='bbox 1544 459 1598 505; x_wconf 90' lang='lat' dir='ltr'><strong>et</strong></span> <span class='ocrx_word' id='word_1_8' title='bbox 1623 465 1729 521; x_wconf 87' lang='lat' dir='ltr'><strong>quo</strong></span> <span class='ocrx_word' id='word_1_9' title='bbox 1758 448 1925 517; x_wconf 85' lang='lat' dir='ltr'><strong>magis</strong></span> <span class='ocrx_word' id='word_1_10' title='bbox 1952 460 2066 500; x_wconf 88' lang='lat' dir='ltr'><strong>rem</strong></span> 
     </span>
    </p>
   </div>
   <div class='ocr_carea' id='block_1_3' title="bbox 487 539 2067 615">
    <p class='ocr_par' dir='ltr' id='par_1_3' title="bbox 487 539 2067 615">
     <span class='ocr_line' id='line_1_3' title="bbox 487 539 2067 615; baseline -0.007 -14"><span class='ocrx_word' id='word_1_11' title='bbox 487 561 637 601; x_wconf 87' lang='lat' dir='ltr'><strong>suam</strong></span> <span class='ocrx_word' id='word_1_12' title='bbox 667 547 801 601; x_wconf 86' lang='lat' dir='ltr'><strong>bene</strong></span> <span class='ocrx_word' id='word_1_13' title='bbox 836 546 1064 615; x_wconf 76' lang='lat' dir='ltr'><strong>gesserit</strong></span> <span class='ocrx_word' id='word_1_14' title='bbox 1088 558 1208 599; x_wconf 82' lang='lat' dir='ltr'><strong>cum</strong></span> <span class='ocrx_word' id='word_1_15' title='bbox 1239 544 1308 597; x_wconf 90' lang='lat' dir='ltr'><strong>sit</strong></span> <span class='ocrx_word' id='word_1_16' title='bbox 1334 543 1583 597; x_wconf 88' lang='lat' dir='ltr'><strong>inimicus</strong></span> <span class='ocrx_word' id='word_1_17' title='bbox 1606 582 1621 606; x_wconf 91' lang='lat'><strong>,</strong></span> <span class='ocrx_word' id='word_1_18' title='bbox 1661 555 1726 595; x_wconf 89' lang='lat' dir='ltr'><strong>eo</strong></span> <span class='ocrx_word' id='word_1_19' title='bbox 1750 539 1921 609; x_wconf 84' lang='lat' dir='ltr'><strong>magis</strong></span> <span class='ocrx_word' id='word_1_20' title='bbox 1946 553 2067 592; x_wconf 87' lang='lat' dir='ltr'><strong>eum</strong></span> 
     </span>
    </p>
   </div>
   <div class='ocr_carea' id='block_1_4' title="bbox 487 627 2063 707">
    <p class='ocr_par' dir='ltr' id='par_1_4' title="bbox 487 627 2063 707">
     <span class='ocr_line' id='line_1_4' title="bbox 487 627 2063 707; baseline -0.008 -15"><span class='ocrx_word' id='word_1_21' title='bbox 487 637 629 707; x_wconf 86' lang='lat' dir='ltr'><strong>lnge.</strong></span> <span class='ocrx_word' id='word_1_22' title='bbox 651 636 784 691; x_wconf 83' lang='lat' dir='ltr'><strong>Nam</strong></span> <span class='ocrx_word' id='word_1_23' title='bbox 807 645 1115 706; x_wconf 74' lang='lat' dir='ltr'><strong>peccatores</strong></span> <span class='ocrx_word' id='word_1_24' title='bbox 1136 635 1350 703; x_wconf 84' lang='lat' dir='ltr'><strong>quidem</strong></span> <span class='ocrx_word' id='word_1_25' title='bbox 1371 646 1587 701; x_wconf 86' lang='lat' dir='ltr'><strong>semper</strong></span> <span class='ocrx_word' id='word_1_26' title='bbox 1608 637 1818 699; x_wconf 90' lang='lat' dir='ltr'><strong>oportet</strong></span> <span class='ocrx_word' id='word_1_27' title='bbox 1844 627 2063 693; x_wconf 81' lang='lat' dir='ltr'><strong>deﬂere,</strong></span> 
     </span>
    </p>
   </div>
   <div class='ocr_carea' id='block_1_5' title="bbox 487 718 2067 796">
    <p class='ocr_par' dir='ltr' id='par_1_5' title="bbox 487 718 2067 796">
     <span class='ocr_line' id='line_1_5' title="bbox 487 718 2067 796; baseline -0.006 -15"><span class='ocrx_word' id='word_1_28' title='bbox 487 728 721 782; x_wconf 81' lang='lat' dir='ltr'><strong>maxime</strong></span> <span class='ocrx_word' id='word_1_29' title='bbox 745 736 924 781; x_wconf 87' lang='lat' dir='ltr'><strong>autem</strong></span> <span class='ocrx_word' id='word_1_30' title='bbox 955 729 1167 796; x_wconf 81' lang='lat' dir='ltr'><strong>quando</strong></span> <span class='ocrx_word' id='word_1_31' title='bbox 1194 724 1471 779; x_wconf 87' lang='lat' dir='ltr'><strong>abundant</strong></span> <span class='ocrx_word' id='word_1_32' title='bbox 1502 722 1724 787; x_wconf 76' lang='lat' dir='ltr'><strong>divitiis,</strong></span> <span class='ocrx_word' id='word_1_33' title='bbox 1755 728 1811 776; x_wconf 86' lang='lat' dir='ltr'><strong>et</strong></span> <span class='ocrx_word' id='word_1_34' title='bbox 1838 728 1963 775; x_wconf 92' lang='lat' dir='ltr'><strong>sunt</strong></span> <span class='ocrx_word' id='word_1_35' title='bbox 1989 718 2067 772; x_wconf 86' lang='lat' dir='ltr'><strong>eis</strong></span> 
     </span>
    </p>
   </div>
   <div class='ocr_carea' id='block_1_6' title="bbox 484 808 2068 885">
    <p class='ocr_par' dir='ltr' id='par_1_6' title="bbox 484 808 2068 885">
     <span class='ocr_line' id='line_1_6' title="bbox 484 808 2068 885; baseline -0.009 -9"><span class='ocrx_word' id='word_1_36' title='bbox 484 833 576 876; x_wconf 73' lang='lat' dir='ltr'><strong>res</strong></span> <span class='ocrx_word' id='word_1_37' title='bbox 604 817 887 881; x_wconf 68' lang='lat' dir='ltr'><strong>secundae,</strong></span> <span class='ocrx_word' id='word_1_38' title='bbox 933 817 1072 871; x_wconf 85' lang='lat' dir='ltr'><strong>sicut</strong></span> <span class='ocrx_word' id='word_1_39' title='bbox 1096 822 1419 885; x_wconf 65' lang='lat' dir='ltr'><strong>aegrotantes</strong></span> <span class='ocrx_word' id='word_1_40' title='bbox 1445 812 1661 883; x_wconf 82' lang='lat' dir='ltr'><strong>quando</strong></span> <span class='ocrx_word' id='word_1_41' title='bbox 1685 811 1857 866; x_wconf 81' lang='lat' dir='ltr'><strong>ventri</strong></span> <span class='ocrx_word' id='word_1_42' title='bbox 1888 808 2068 865; x_wconf 85' lang='lat' dir='ltr'><strong>indul-</strong></span> 
     </span>
    </p>
   </div>
   <div class='ocr_carea' id='block_1_7' title="bbox 479 897 2068 975">
    <p class='ocr_par' dir='ltr' id='par_1_7' title="bbox 479 897 2068 975">
     <span class='ocr_line' id='line_1_7' title="bbox 479 897 2068 975; baseline -0.007 -14"><span class='ocrx_word' id='word_1_43' title='bbox 479 916 612 975; x_wconf 71' lang='lat' dir='ltr'><strong>gent</strong></span> <span class='ocrx_word' id='word_1_44' title='bbox 636 914 692 961; x_wconf 91' lang='lat' dir='ltr'><strong>et</strong></span> <span class='ocrx_word' id='word_1_45' title='bbox 720 907 1071 961; x_wconf 85' lang='lat' dir='ltr'><strong>inebriantur.</strong></span> <span class='ocrx_word' id='word_1_46' title='bbox 1103 904 1211 959; x_wconf 90' lang='lat' dir='ltr'><strong>Sed</strong></span> <span class='ocrx_word' id='word_1_47' title='bbox 1242 912 1368 958; x_wconf 91' lang='lat' dir='ltr'><strong>sunt</strong></span> <span class='ocrx_word' id='word_1_48' title='bbox 1392 901 1633 972; x_wconf 88' lang='lat' dir='ltr'><strong>quidam,</strong></span> <span class='ocrx_word' id='word_1_49' title='bbox 1656 901 1747 970; x_wconf 87' lang='lat' dir='ltr'><strong>qui</strong></span> <span class='ocrx_word' id='word_1_50' title='bbox 1778 898 1865 954; x_wconf 85' lang='lat' dir='ltr'><strong>his</strong></span> <span class='ocrx_word' id='word_1_51' title='bbox 1889 897 2068 952; x_wconf 78' lang='lat' dir='ltr'><strong>verbis</strong></span> 
     </span>
    </p>
   </div>
   <div class='ocr_carea' id='block_1_8' title="bbox 481 986 2067 1063">
    <p class='ocr_par' dir='ltr' id='par_1_8' title="bbox 481 986 2067 1063">
     <span class='ocr_line' id='line_1_8' title="bbox 481 986 2067 1063; baseline -0.005 -12"><span class='ocrx_word' id='word_1_52' title='bbox 481 986 700 1062; x_wconf 64' lang='lat' dir='ltr'><strong>auditis,</strong></span> <span class='ocrx_word' id='word_1_53' title='bbox 733 998 804 1052; x_wconf 90' lang='lat' dir='ltr'><strong>ita</strong></span> <span class='ocrx_word' id='word_1_54' title='bbox 833 998 1030 1051; x_wconf 91' lang='lat' dir='ltr'><strong>misere</strong></span> <span class='ocrx_word' id='word_1_55' title='bbox 1054 995 1380 1059; x_wconf 86' lang='lat' dir='ltr'><strong>afficiuntur,</strong></span> <span class='ocrx_word' id='word_1_56' title='bbox 1411 1001 1468 1048; x_wconf 91' lang='lat' dir='ltr'><strong>ut</strong></span> <span class='ocrx_word' id='word_1_57' title='bbox 1493 1004 1712 1063; x_wconf 87' lang='lat' dir='ltr'><strong>propter</strong></span> <span class='ocrx_word' id='word_1_58' title='bbox 1738 991 1852 1046; x_wconf 59' lang='lat' dir='ltr'><strong>haec</strong></span> <span class='ocrx_word' id='word_1_59' title='bbox 1874 989 2067 1045; x_wconf 86' lang='lat' dir='ltr'><strong>acerbe</strong></span> 
     </span>
    </p>
   </div>
   <div class='ocr_carea' id='block_1_9' title="bbox 484 1082 2064 1157">
    <p class='ocr_par' dir='ltr' id='par_1_9' title="bbox 484 1082 2064 1157">
     <span class='ocr_line' id='line_1_9' title="bbox 484 1082 2064 1157; baseline -0.004 -15"><span class='ocrx_word' id='word_1_60' title='bbox 484 1088 836 1157; x_wconf 82' lang='lat' dir='ltr'><strong>ingemiscant</strong></span> <span class='ocrx_word' id='word_1_61' title='bbox 856 1098 912 1144; x_wconf 90' lang='lat' dir='ltr'><strong>et</strong></span> <span class='ocrx_word' id='word_1_62' title='bbox 928 1089 1134 1150; x_wconf 87' lang='lat' dir='ltr'><strong>dicant,</strong></span> <span class='ocrx_word' id='word_1_63' title='bbox 1161 1088 1360 1157; x_wconf 80' lang='lat' dir='ltr'><strong>Dignus</strong></span> <span class='ocrx_word' id='word_1_64' title='bbox 1382 1102 1501 1141; x_wconf 81' lang='lat' dir='ltr'><strong>sum</strong></span> <span class='ocrx_word' id='word_1_65' title='bbox 1526 1085 1797 1155; x_wconf 84' lang='lat' dir='ltr'><strong>lacrymis,</strong></span> <span class='ocrx_word' id='word_1_66' title='bbox 1820 1082 1911 1153; x_wconf 87' lang='lat' dir='ltr'><strong>qui</strong></span> <span class='ocrx_word' id='word_1_67' title='bbox 1935 1082 2064 1136; x_wconf 90' lang='lat' dir='ltr'><strong>nihil</strong></span> 
     </span>
    </p>
   </div>
   <div class='ocr_carea' id='block_1_10' title="bbox 484 1173 2066 1246">
    <p class='ocr_par' dir='ltr' id='par_1_10' title="bbox 484 1173 2066 1246">
     <span class='ocr_line' id='line_1_10' title="bbox 484 1173 2066 1246; baseline -0.005 -14"><span class='ocrx_word' id='word_1_68' title='bbox 484 1178 677 1233; x_wconf 84' lang='lat' dir='ltr'><strong>habeo.</strong></span> <span class='ocrx_word' id='word_1_69' title='bbox 708 1178 872 1234; x_wconf 77' lang='lat' dir='ltr'><strong>Recte</strong></span> <span class='ocrx_word' id='word_1_70' title='bbox 898 1179 1113 1243; x_wconf 85' lang='lat' dir='ltr'><strong>dixisti,</strong></span> <span class='ocrx_word' id='word_1_71' title='bbox 1156 1178 1257 1246; x_wconf 82' lang='lat' dir='ltr'><strong>Qui</strong></span> <span class='ocrx_word' id='word_1_72' title='bbox 1286 1178 1421 1231; x_wconf 90' lang='lat' dir='ltr'><strong>nihil</strong></span> <span class='ocrx_word' id='word_1_73' title='bbox 1450 1177 1649 1239; x_wconf 90' lang='lat' dir='ltr'><strong>habes;</strong></span> <span class='ocrx_word' id='word_1_74' title='bbox 1679 1190 1786 1229; x_wconf 92' lang='lat' dir='ltr'><strong>non</strong></span> <span class='ocrx_word' id='word_1_75' title='bbox 1814 1173 2066 1243; x_wconf 87' lang='lat' dir='ltr'><strong>quoniam</strong></span> 
     </span>
    </p>
   </div>
   <div class='ocr_carea' id='block_1_11' title="bbox 486 1263 2066 1339">
    <p class='ocr_par' dir='ltr' id='par_1_11' title="bbox 486 1263 2066 1339">
     <span class='ocr_line' id='line_1_11' title="bbox 486 1263 2066 1339; baseline -0.002 -19"><span class='ocrx_word' id='word_1_76' title='bbox 486 1283 589 1322; x_wconf 87' lang='lat' dir='ltr'><strong>non</strong></span> <span class='ocrx_word' id='word_1_77' title='bbox 618 1267 783 1323; x_wconf 84' lang='lat' dir='ltr'><strong>habes</strong></span> <span class='ocrx_word' id='word_1_78' title='bbox 804 1284 867 1325; x_wconf 90' lang='lat' dir='ltr'><strong>ea</strong></span> <span class='ocrx_word' id='word_1_79' title='bbox 894 1284 1013 1339; x_wconf 65' lang='lat' dir='ltr'><strong>quae</strong></span> <span class='ocrx_word' id='word_1_80' title='bbox 1039 1270 1129 1323; x_wconf 88' lang='lat' dir='ltr'><strong>ille</strong></span> <span class='ocrx_word' id='word_1_81' title='bbox 1155 1268 1360 1333; x_wconf 82' lang='lat' dir='ltr'><strong>habuit,</strong></span> <span class='ocrx_word' id='word_1_82' title='bbox 1388 1266 1481 1321; x_wconf 90' lang='lat' dir='ltr'><strong>sed</strong></span> <span class='ocrx_word' id='word_1_83' title='bbox 1504 1266 1752 1335; x_wconf 90' lang='lat' dir='ltr'><strong>quoniam</strong></span> <span class='ocrx_word' id='word_1_84' title='bbox 1779 1279 1891 1318; x_wconf 91' lang='lat' dir='ltr'><strong>rem</strong></span> <span class='ocrx_word' id='word_1_85' title='bbox 1915 1263 2066 1318; x_wconf 88' lang='lat' dir='ltr'><strong>ducis</strong></span> 
     </span>
    </p>
   </div>
   <div class='ocr_carea' id='block_1_12' title="bbox 482 1356 2064 1430">
    <p class='ocr_par' dir='ltr' id='par_1_12' title="bbox 482 1356 2064 1430">
     <span class='ocr_line' id='line_1_12' title="bbox 482 1356 2064 1430; baseline -0.004 -17"><span class='ocrx_word' id='word_1_86' title='bbox 482 1361 696 1429; x_wconf 82' lang='lat' dir='ltr'><strong>dignam</strong></span> <span class='ocrx_word' id='word_1_87' title='bbox 726 1376 847 1430; x_wconf 61' lang='lat' dir='ltr'><strong>quas</strong></span> <span class='ocrx_word' id='word_1_88' title='bbox 876 1361 1029 1415; x_wconf 87' lang='lat' dir='ltr'><strong>beata</strong></span> <span class='ocrx_word' id='word_1_89' title='bbox 1055 1370 1361 1425; x_wconf 82' lang='lat' dir='ltr'><strong>censeatur,</strong></span> <span class='ocrx_word' id='word_1_90' title='bbox 1392 1358 1512 1412; x_wconf 92' lang='lat' dir='ltr'><strong>ideo</strong></span> <span class='ocrx_word' id='word_1_91' title='bbox 1539 1358 1732 1425; x_wconf 88' lang='lat' dir='ltr'><strong>dignus</strong></span> <span class='ocrx_word' id='word_1_92' title='bbox 1752 1371 1811 1411; x_wconf 89' lang='lat' dir='ltr'><strong>es</strong></span> <span class='ocrx_word' id='word_1_93' title='bbox 1830 1356 1918 1424; x_wconf 91' lang='lat' dir='ltr'><strong>qui</strong></span> <span class='ocrx_word' id='word_1_94' title='bbox 1942 1356 2064 1408; x_wconf 93' lang='lat' dir='ltr'><strong>mil-</strong></span> 
     </span>
    </p>
   </div>
   <div class='ocr_carea' id='block_1_13' title="bbox 483 1444 2062 1519">
    <p class='ocr_par' dir='ltr' id='par_1_13' title="bbox 483 1444 2062 1519">
     <span class='ocr_line' id='line_1_13' title="bbox 483 1444 2062 1519; baseline -0.002 -17"><span class='ocrx_word' id='word_1_95' title='bbox 483 1450 585 1504; x_wconf 70' lang='lat' dir='ltr'><strong>lie:</strong></span> <span class='ocrx_word' id='word_1_96' title='bbox 614 1450 866 1519; x_wconf 71' lang='lat' dir='ltr'><strong>lugearis.</strong></span> <span class='ocrx_word' id='word_1_97' title='bbox 899 1450 1109 1504; x_wconf 83' lang='lat' dir='ltr'><strong>Etenim</strong></span> <span class='ocrx_word' id='word_1_98' title='bbox 1139 1450 1184 1504; x_wconf 90' lang='lat' dir='ltr'><strong>si</strong></span> <span class='ocrx_word' id='word_1_99' title='bbox 1214 1450 1333 1518; x_wconf 84' lang='lat' dir='ltr'><strong>quis</strong></span> <span class='ocrx_word' id='word_1_100' title='bbox 1364 1449 1499 1503; x_wconf 91' lang='lat' dir='ltr'><strong>bona</strong></span> <span class='ocrx_word' id='word_1_101' title='bbox 1530 1447 1832 1501; x_wconf 83' lang='lat' dir='ltr'><strong>valetudine</strong></span> <span class='ocrx_word' id='word_1_102' title='bbox 1862 1444 2062 1509; x_wconf 90' lang='lat' dir='ltr'><strong>fruens,</strong></span> 
     </span>
    </p>
   </div>
   <div class='ocr_carea' id='block_1_14' title="bbox 482 1536 2066 1609">
    <p class='ocr_par' dir='ltr' id='par_1_14' title="bbox 482 1536 2066 1609">
     <span class='ocr_line' id='line_1_14' title="bbox 482 1536 2066 1609; baseline -0.001 -18"><span class='ocrx_word' id='word_1_103' title='bbox 482 1539 698 1592; x_wconf 86' lang='lat' dir='ltr'><strong>beatum</strong></span> <span class='ocrx_word' id='word_1_104' title='bbox 722 1539 928 1608; x_wconf 67' lang='lat' dir='ltr'><strong>iudicet</strong></span> <span class='ocrx_word' id='word_1_105' title='bbox 957 1548 1236 1609; x_wconf 67' lang='lat' dir='ltr'><strong>mgrotum,</strong></span> <span class='ocrx_word' id='word_1_106' title='bbox 1267 1540 1504 1592; x_wconf 90' lang='lat' dir='ltr'><strong>etiamin</strong></span> <span class='ocrx_word' id='word_1_107' title='bbox 1529 1539 1673 1591; x_wconf 88' lang='lat' dir='ltr'><strong>molli</strong></span> <span class='ocrx_word' id='word_1_108' title='bbox 1699 1536 1858 1590; x_wconf 89' lang='lat' dir='ltr'><strong>cubili</strong></span> <span class='ocrx_word' id='word_1_109' title='bbox 1880 1537 2066 1604; x_wconf 90' lang='lat' dir='ltr'><strong>jacen-</strong></span> 
     </span>
    </p>
   </div>
   <div class='ocr_carea' id='block_1_15' title="bbox 482 1626 2062 1697">
    <p class='ocr_par' dir='ltr' id='par_1_15' title="bbox 482 1626 2062 1697">
     <span class='ocr_line' id='line_1_15' title="bbox 482 1626 2062 1697; baseline -0.001 -15"><span class='ocrx_word' id='word_1_110' title='bbox 482 1639 589 1683; x_wconf 90' lang='lat' dir='ltr'><strong>tem</strong></span> <span class='ocrx_word' id='word_1_111' title='bbox 610 1669 626 1693; x_wconf 94' lang='lat'><strong>,</strong></span> <span class='ocrx_word' id='word_1_112' title='bbox 672 1630 772 1684; x_wconf 73' lang='lat' dir='ltr'><strong>iste</strong></span> <span class='ocrx_word' id='word_1_113' title='bbox 816 1639 871 1684; x_wconf 90' lang='lat' dir='ltr'><strong>et</strong></span> <span class='ocrx_word' id='word_1_114' title='bbox 900 1630 995 1683; x_wconf 91' lang='lat' dir='ltr'><strong>illo</strong></span> <span class='ocrx_word' id='word_1_115' title='bbox 1024 1630 1192 1683; x_wconf 90' lang='lat' dir='ltr'><strong>multo</strong></span> <span class='ocrx_word' id='word_1_116' title='bbox 1235 1630 1483 1683; x_wconf 89' lang='lat' dir='ltr'><strong>miserior</strong></span> <span class='ocrx_word' id='word_1_117' title='bbox 1507 1639 1562 1682; x_wconf 89' lang='lat' dir='ltr'><strong>et</strong></span> <span class='ocrx_word' id='word_1_118' title='bbox 1591 1627 1889 1691; x_wconf 80' lang='lat' dir='ltr'><strong>infelicior,</strong></span> <span class='ocrx_word' id='word_1_119' title='bbox 1920 1626 2062 1697; x_wconf 84' lang='lat' dir='ltr'><strong>quod</strong></span> 
     </span>
    </p>
   </div>
   <div class='ocr_carea' id='block_1_16' title="bbox 481 1717 2063 1787">
    <p class='ocr_par' dir='ltr' id='par_1_16' title="bbox 481 1717 2063 1787">
     <span class='ocr_line' id='line_1_16' title="bbox 481 1717 2063 1787; baseline -0.003 -12"><span class='ocrx_word' id='word_1_120' title='bbox 481 1722 744 1775; x_wconf 88' lang='lat' dir='ltr'><strong>bonorum</strong></span> <span class='ocrx_word' id='word_1_121' title='bbox 774 1737 993 1776; x_wconf 87' lang='lat' dir='ltr'><strong>suorum</strong></span> <span class='ocrx_word' id='word_1_122' title='bbox 1022 1722 1227 1775; x_wconf 89' lang='lat' dir='ltr'><strong>nullum</strong></span> <span class='ocrx_word' id='word_1_123' title='bbox 1259 1720 1453 1775; x_wconf 86' lang='lat' dir='ltr'><strong>habeat</strong></span> <span class='ocrx_word' id='word_1_124' title='bbox 1476 1733 1717 1775; x_wconf 85' lang='lat' dir='ltr'><strong>sensum.</strong></span> <span class='ocrx_word' id='word_1_125' title='bbox 1747 1717 1902 1785; x_wconf 85' lang='lat' dir='ltr'><strong>Quod</strong></span> <span class='ocrx_word' id='word_1_126' title='bbox 1944 1718 2063 1787; x_wconf 82' lang='lat' dir='ltr'><strong>qui-</strong></span> 
     </span>
    </p>
   </div>
   <div class='ocr_carea' id='block_1_17' title="bbox 481 1808 2062 1883">
    <p class='ocr_par' dir='ltr' id='par_1_17' title="bbox 481 1808 2062 1883">
     <span class='ocr_line' id='line_1_17' title="bbox 481 1808 2062 1883; baseline -0.003 -18"><span class='ocrx_word' id='word_1_127' title='bbox 481 1812 603 1866; x_wconf 89' lang='lat' dir='ltr'><strong>dem</strong></span> <span class='ocrx_word' id='word_1_128' title='bbox 633 1813 685 1866; x_wconf 93' lang='lat' dir='ltr'><strong>in</strong></span> <span class='ocrx_word' id='word_1_129' title='bbox 714 1812 797 1865; x_wconf 88' lang='lat' dir='ltr'><strong>his</strong></span> <span class='ocrx_word' id='word_1_130' title='bbox 821 1827 1034 1883; x_wconf 85' lang='lat' dir='ltr'><strong>quoque</strong></span> <span class='ocrx_word' id='word_1_131' title='bbox 1059 1812 1243 1866; x_wconf 87' lang='lat' dir='ltr'><strong>videre</strong></span> <span class='ocrx_word' id='word_1_132' title='bbox 1271 1811 1397 1866; x_wconf 90' lang='lat' dir='ltr'><strong>licet</strong></span> <span class='ocrx_word' id='word_1_133' title='bbox 1425 1810 1669 1865; x_wconf 89' lang='lat' dir='ltr'><strong>accidere</strong></span> <span class='ocrx_word' id='word_1_134' title='bbox 1693 1828 1706 1862; x_wconf 92' lang='lat'>:</span> <span class='ocrx_word' id='word_1_135' title='bbox 1732 1808 1873 1862; x_wconf 88' lang='lat' dir='ltr'><strong>unde</strong></span> <span class='ocrx_word' id='word_1_136' title='bbox 1900 1809 2062 1861; x_wconf 91' lang='lat' dir='ltr'><strong>etiam</strong></span> 
     </span>
    </p>
   </div>
   <div class='ocr_carea' id='block_1_18' title="bbox 482 1896 2060 1957">
    <p class='ocr_par' dir='ltr' id='par_1_18' title="bbox 482 1896 2060 1957">
     <span class='ocr_line' id='line_1_18' title="bbox 482 1896 2060 1957; baseline -0.003 -3"><span class='ocrx_word' id='word_1_137' title='bbox 482 1911 589 1955; x_wconf 88' lang='lat' dir='ltr'><strong>tota</strong></span> <span class='ocrx_word' id='word_1_138' title='bbox 624 1912 804 1956; x_wconf 88' lang='lat' dir='ltr'><strong>nostra</strong></span> <span class='ocrx_word' id='word_1_139' title='bbox 835 1903 939 1956; x_wconf 93' lang='lat' dir='ltr'><strong>vita</strong></span> <span class='ocrx_word' id='word_1_140' title='bbox 982 1901 1328 1957; x_wconf 91' lang='lat' dir='ltr'><strong>confunditur</strong></span> <span class='ocrx_word' id='word_1_141' title='bbox 1372 1908 1428 1953; x_wconf 89' lang='lat' dir='ltr'><strong>et</strong></span> <span class='ocrx_word' id='word_1_142' title='bbox 1471 1898 1733 1952; x_wconf 85' lang='lat' dir='ltr'><strong>turbatur.</strong></span> <span class='ocrx_word' id='word_1_143' title='bbox 1766 1896 1889 1951; x_wconf 80' lang='lat' dir='ltr'><strong>llzec</strong></span> <span class='ocrx_word' id='word_1_144' title='bbox 1917 1897 2060 1950; x_wconf 88' lang='lat' dir='ltr'><strong>enim</strong></span> 
     </span>
    </p>
   </div>
   <div class='ocr_carea' id='block_1_19' title="bbox 482 1985 2063 2059">
    <p class='ocr_par' dir='ltr' id='par_1_19' title="bbox 482 1985 2063 2059">
     <span class='ocr_line' id='line_1_19' title="bbox 482 1985 2063 2059; baseline -0.003 -16"><span class='ocrx_word' id='word_1_145' title='bbox 482 1992 647 2045; x_wconf 89' lang='lat' dir='ltr'><strong>verba</strong></span> <span class='ocrx_word' id='word_1_146' title='bbox 676 1990 1095 2045; x_wconf 89' lang='lat' dir='ltr'><strong>innumerabiles</strong></span> <span class='ocrx_word' id='word_1_147' title='bbox 1135 1988 1479 2059; x_wconf 90' lang='lat' dir='ltr'><strong>perdiderunt</strong></span> <span class='ocrx_word' id='word_1_148' title='bbox 1506 1995 1561 2042; x_wconf 91' lang='lat' dir='ltr'><strong>et</strong></span> <span class='ocrx_word' id='word_1_149' title='bbox 1587 1986 1800 2041; x_wconf 84' lang='lat' dir='ltr'><strong>diabolo</strong></span> <span class='ocrx_word' id='word_1_150' title='bbox 1835 1985 2063 2040; x_wconf 77' lang='lat' dir='ltr'><strong>Indide-</strong></span> 
     </span>
    </p>
   </div>
   <div class='ocr_carea' id='block_1_20' title="bbox 478 2078 2056 2151">
    <p class='ocr_par' dir='ltr' id='par_1_20' title="bbox 478 2078 2056 2151">
     <span class='ocr_line' id='line_1_20' title="bbox 478 2078 2056 2151; baseline -0.002 -16"><span class='ocrx_word' id='word_1_151' title='bbox 478 2092 626 2148; x_wconf 86' lang='lat' dir='ltr'><strong>runt,</strong></span> <span class='ocrx_word' id='word_1_152' title='bbox 648 2092 702 2136; x_wconf 92' lang='lat' dir='ltr'><strong>et</strong></span> <span class='ocrx_word' id='word_1_153' title='bbox 722 2083 787 2136; x_wconf 89' lang='lat' dir='ltr'><strong>iis</strong></span> <span class='ocrx_word' id='word_1_154' title='bbox 803 2083 889 2151; x_wconf 92' lang='lat' dir='ltr'><strong>qui</strong></span> <span class='ocrx_word' id='word_1_155' title='bbox 911 2082 1047 2136; x_wconf 88' lang='lat' dir='ltr'><strong>fame</strong></span> <span class='ocrx_word' id='word_1_156' title='bbox 1070 2080 1347 2136; x_wconf 88' lang='lat' dir='ltr'><strong>tabescunt</strong></span> <span class='ocrx_word' id='word_1_157' title='bbox 1363 2079 1605 2135; x_wconf 68' lang='lat' dir='ltr'><strong>fecerunt</strong></span> <span class='ocrx_word' id='word_1_158' title='bbox 1625 2078 2056 2133; x_wconf 85' lang='lat' dir='ltr'><strong>miserabiliores.</strong></span> 
     </span>
    </p>
   </div>
   <div class='ocr_carea' id='block_1_21' title="bbox 481 2167 2061 2241">
    <p class='ocr_par' dir='ltr' id='par_1_21' title="bbox 481 2167 2061 2241">
     <span class='ocr_line' id='line_1_21' title="bbox 481 2167 2061 2241; baseline -0.001 -18"><span class='ocrx_word' id='word_1_159' title='bbox 481 2170 611 2225; x_wconf 85' lang='lat' dir='ltr'><strong>Nam</strong></span> <span class='ocrx_word' id='word_1_160' title='bbox 654 2171 795 2240; x_wconf 91' lang='lat' dir='ltr'><strong>quod</strong></span> <span class='ocrx_word' id='word_1_161' title='bbox 824 2171 913 2241; x_wconf 90' lang='lat' dir='ltr'><strong>qui</strong></span> <span class='ocrx_word' id='word_1_162' title='bbox 957 2171 1108 2239; x_wconf 91' lang='lat' dir='ltr'><strong>plura</strong></span> <span class='ocrx_word' id='word_1_163' title='bbox 1146 2177 1442 2239; x_wconf 88' lang='lat' dir='ltr'><strong>appetunt,</strong></span> <span class='ocrx_word' id='word_1_164' title='bbox 1473 2169 1583 2222; x_wconf 89' lang='lat' dir='ltr'><strong>sint</strong></span> <span class='ocrx_word' id='word_1_165' title='bbox 1610 2168 1771 2222; x_wconf 86' lang='lat' dir='ltr'><strong>etiam</strong></span> <span class='ocrx_word' id='word_1_166' title='bbox 1802 2167 2061 2222; x_wconf 88' lang='lat' dir='ltr'><strong>mendicis</strong></span> 
     </span>
    </p>
   </div>
   <div class='ocr_carea' id='block_1_22' title="bbox 480 2255 2061 2335">
    <p class='ocr_par' dir='ltr' id='par_1_22' title="bbox 480 2255 2061 2335">
     <span class='ocr_line' id='line_1_22' title="bbox 480 2255 2061 2335; baseline -0.001 -21"><span class='ocrx_word' id='word_1_167' title='bbox 480 2260 923 2323; x_wconf 83' lang='lat' dir='ltr'><strong>miserabiliores,</strong></span> <span class='ocrx_word' id='word_1_168' title='bbox 945 2270 1003 2314; x_wconf 94' lang='lat' dir='ltr'><strong>ut</strong></span> <span class='ocrx_word' id='word_1_169' title='bbox 1022 2260 1113 2335; x_wconf 90' lang='lat' dir='ltr'><strong>qui</strong></span> <span class='ocrx_word' id='word_1_170' title='bbox 1140 2259 1326 2328; x_wconf 86' lang='lat' dir='ltr'><strong>majori</strong></span> <span class='ocrx_word' id='word_1_171' title='bbox 1348 2268 1403 2313; x_wconf 90' lang='lat' dir='ltr'><strong>et</strong></span> <span class='ocrx_word' id='word_1_172' title='bbox 1418 2255 1611 2313; x_wconf 88' lang='lat' dir='ltr'><strong>acriori</strong></span> <span class='ocrx_word' id='word_1_173' title='bbox 1633 2255 1880 2313; x_wconf 88' lang='lat' dir='ltr'><strong>laborent</strong></span> <span class='ocrx_word' id='word_1_174' title='bbox 1898 2257 2061 2313; x_wconf 90' lang='lat' dir='ltr'><strong>animi</strong></span> 
     </span>
    </p>
   </div>
   <div class='ocr_carea' id='block_1_23' title="bbox 477 2350 1469 2421">
    <p class='ocr_par' dir='ltr' id='par_1_23' title="bbox 477 2350 1469 2421">
     <span class='ocr_line' id='line_1_23' title="bbox 477 2350 1469 2421; baseline 0 -18"><span class='ocrx_word' id='word_1_175' title='bbox 477 2352 819 2419; x_wconf 63' lang='lat' dir='ltr'><strong>aegritudine,</strong></span> <span class='ocrx_word' id='word_1_176' title='bbox 844 2350 969 2405; x_wconf 89' lang='lat' dir='ltr'><strong>hinc</strong></span> <span class='ocrx_word' id='word_1_177' title='bbox 995 2359 1079 2405; x_wconf 92' lang='lat' dir='ltr'><strong>est</strong></span> <span class='ocrx_word' id='word_1_178' title='bbox 1107 2350 1469 2421; x_wconf 84' lang='lat' dir='ltr'><strong>perspicuum.</strong></span> 
     </span>
    </p>
   </div>
   <div class='ocr_carea' id='block_1_24' title="bbox 552 2437 2061 2496">
    <p class='ocr_par' dir='ltr' id='par_1_24' title="bbox 552 2437 2061 2496">
     <span class='ocr_line' id='line_1_24' title="bbox 552 2437 2061 2496; baseline -0.001 -2"><span class='ocrx_word' id='word_1_179' title='bbox 552 2441 769 2496; x_wconf 77' lang='lat' dir='ltr'><strong>Siccitas</strong></span> <span class='ocrx_word' id='word_1_180' title='bbox 811 2441 1111 2494; x_wconf 75' lang='lat' dir='ltr'><strong>Antiochiw.</strong></span> <span class='ocrx_word' id='word_1_181' title='bbox 1141 2469 1212 2480; x_wconf 93' lang='lat'><strong>—-</strong></span> <span class='ocrx_word' id='word_1_182' title='bbox 1240 2439 1521 2495; x_wconf 84' lang='lat' dir='ltr'><strong>Civitatem</strong></span> <span class='ocrx_word' id='word_1_183' title='bbox 1575 2446 1812 2493; x_wconf 85' lang='lat' dir='ltr'><strong>nostram</strong></span> <span class='ocrx_word' id='word_1_184' title='bbox 1868 2437 2061 2493; x_wconf 79' lang='lat' dir='ltr'><strong>invasit</strong></span> 
     </span>
    </p>
   </div>
   <div class='ocr_carea' id='block_1_25' title="bbox 475 2529 2059 2602">
    <p class='ocr_par' dir='ltr' id='par_1_25' title="bbox 475 2529 2059 2602">
     <span class='ocr_line' id='line_1_25' title="bbox 475 2529 2059 2602; baseline -0.002 -18"><span class='ocrx_word' id='word_1_185' title='bbox 475 2531 748 2602; x_wconf 87' lang='lat' dir='ltr'><strong>quondam</strong></span> <span class='ocrx_word' id='word_1_186' title='bbox 773 2531 1003 2599; x_wconf 89' lang='lat' dir='ltr'><strong>siccitas,</strong></span> <span class='ocrx_word' id='word_1_187' title='bbox 1023 2540 1077 2586; x_wconf 90' lang='lat' dir='ltr'><strong>et</strong></span> <span class='ocrx_word' id='word_1_188' title='bbox 1103 2539 1342 2585; x_wconf 91' lang='lat' dir='ltr'><strong>extrema</strong></span> <span class='ocrx_word' id='word_1_189' title='bbox 1361 2529 1618 2585; x_wconf 85' lang='lat' dir='ltr'><strong>timebant</strong></span> <span class='ocrx_word' id='word_1_190' title='bbox 1636 2544 1845 2593; x_wconf 90' lang='lat' dir='ltr'><strong>omnes,</strong></span> <span class='ocrx_word' id='word_1_191' title='bbox 1861 2529 2059 2582; x_wconf 92' lang='lat' dir='ltr'><strong>Deum-</strong></span> 
     </span>
    </p>
   </div>
   <div class='ocr_carea' id='block_1_26' title="bbox 477 2620 2059 2691">
    <p class='ocr_par' dir='ltr' id='par_1_26' title="bbox 477 2620 2059 2691">
     <span class='ocr_line' id='line_1_26' title="bbox 477 2620 2059 2691; baseline -0.001 -16"><span class='ocrx_word' id='word_1_192' title='bbox 477 2637 584 2691; x_wconf 88' lang='lat' dir='ltr'><strong>que</strong></span> <span class='ocrx_word' id='word_1_193' title='bbox 611 2621 887 2689; x_wconf 84' lang='lat' dir='ltr'><strong>rogabant,</strong></span> <span class='ocrx_word' id='word_1_194' title='bbox 916 2630 975 2676; x_wconf 92' lang='lat' dir='ltr'><strong>ut</strong></span> <span class='ocrx_word' id='word_1_195' title='bbox 999 2622 1141 2675; x_wconf 92' lang='lat' dir='ltr'><strong>hunc</strong></span> <span class='ocrx_word' id='word_1_196' title='bbox 1171 2632 1371 2675; x_wconf 90' lang='lat' dir='ltr'><strong>metum</strong></span> <span class='ocrx_word' id='word_1_197' title='bbox 1402 2620 1671 2674; x_wconf 90' lang='lat' dir='ltr'><strong>solveret:</strong></span> <span class='ocrx_word' id='word_1_198' title='bbox 1697 2628 1752 2673; x_wconf 87' lang='lat' dir='ltr'><strong>et</strong></span> <span class='ocrx_word' id='word_1_199' title='bbox 1778 2630 1902 2673; x_wconf 91' lang='lat' dir='ltr'><strong>tunc</strong></span> <span class='ocrx_word' id='word_1_200' title='bbox 1934 2620 2059 2674; x_wconf 81' lang='lat' dir='ltr'><strong>lice-</strong></span> 
     </span>
    </p>
   </div>
   <div class='ocr_carea' id='block_1_27' title="bbox 476 2710 2059 2784">
    <p class='ocr_par' dir='ltr' id='par_1_27' title="bbox 476 2710 2059 2784">
     <span class='ocr_line' id='line_1_27' title="bbox 476 2710 2059 2784; baseline -0.002 -17"><span class='ocrx_word' id='word_1_201' title='bbox 476 2714 569 2767; x_wconf 84' lang='lat' dir='ltr'><strong>bat</strong></span> <span class='ocrx_word' id='word_1_202' title='bbox 600 2713 779 2767; x_wconf 88' lang='lat' dir='ltr'><strong>videre</strong></span> <span class='ocrx_word' id='word_1_203' title='bbox 806 2713 944 2783; x_wconf 87' lang='lat' dir='ltr'><strong>quod</strong></span> <span class='ocrx_word' id='word_1_204' title='bbox 972 2713 1171 2767; x_wconf 86' lang='lat' dir='ltr'><strong>dictum</strong></span> <span class='ocrx_word' id='word_1_205' title='bbox 1201 2713 1296 2767; x_wconf 92' lang='lat' dir='ltr'><strong>fuit</strong></span> <span class='ocrx_word' id='word_1_206' title='bbox 1336 2727 1365 2766; x_wconf 92' lang='lat' dir='ltr'><strong>a</strong></span> <span class='ocrx_word' id='word_1_207' title='bbox 1397 2714 1577 2784; x_wconf 83' lang='lat' dir='ltr'><strong>Moyse</strong></span> <span class='ocrx_word' id='word_1_208' title='bbox 1596 2754 1611 2777; x_wconf 90' lang='lat'><strong>,</strong></span> <span class='ocrx_word' id='word_1_209' title='bbox 1643 2712 1831 2767; x_wconf 68' lang='lat' dir='ltr'><strong>caelum</strong></span> <span class='ocrx_word' id='word_1_210' title='bbox 1859 2710 2059 2765; x_wconf 84' lang='lat' dir='ltr'><strong>factum</strong></span> 
     </span>
    </p>
   </div>
   <div class='ocr_carea' id='block_1_28' title="bbox 478 2805 2057 2878">
    <p class='ocr_par' dir='ltr' id='par_1_28' title="bbox 478 2805 2057 2878">
     <span class='ocr_line' id='line_1_28' title="bbox 478 2805 2057 2878; baseline 0 -19"><span class='ocrx_word' id='word_1_211' title='bbox 478 2819 686 2860; x_wconf 58' lang='lat' dir='ltr'><strong>atticum</strong></span> <span class='ocrx_word' id='word_1_212' title='bbox 714 2805 888 2878; x_wconf 76' lang='lat' dir='ltr'><strong>(Deut.</strong></span> <span class='ocrx_word' id='word_1_213' title='bbox 915 2805 1005 2862; x_wconf 80' lang='lat'><strong>28.</strong></span> <span class='ocrx_word' id='word_1_214' title='bbox 1030 2805 1147 2876; x_wconf 71' lang='lat'><strong>2&#39;5),</strong></span> <span class='ocrx_word' id='word_1_215' title='bbox 1166 2817 1227 2861; x_wconf 90' lang='lat' dir='ltr'><strong>et</strong></span> <span class='ocrx_word' id='word_1_216' title='bbox 1246 2807 1482 2877; x_wconf 88' lang='lat' dir='ltr'><strong>quotidie</strong></span> <span class='ocrx_word' id='word_1_217' title='bbox 1508 2805 1803 2875; x_wconf 87' lang='lat' dir='ltr'><strong>exspectari</strong></span> <span class='ocrx_word' id='word_1_218' title='bbox 1831 2815 2057 2860; x_wconf 88' lang='lat' dir='ltr'><strong>mortem</strong></span> 
     </span>
    </p>
   </div>
   <div class='ocr_carea' id='block_1_29' title="bbox 482 2897 2059 2967">
    <p class='ocr_par' dir='ltr' id='par_1_29' title="bbox 482 2897 2059 2967">
     <span class='ocr_line' id='line_1_29' title="bbox 482 2897 2059 2967; baseline 0.001 -19"><span class='ocrx_word' id='word_1_219' title='bbox 482 2897 626 2949; x_wconf 89' lang='lat' dir='ltr'><strong>omni</strong></span> <span class='ocrx_word' id='word_1_220' title='bbox 657 2907 830 2951; x_wconf 92' lang='lat' dir='ltr'><strong>morte</strong></span> <span class='ocrx_word' id='word_1_221' title='bbox 858 2899 1177 2967; x_wconf 86' lang='lat' dir='ltr'><strong>graviorem.</strong></span> <span class='ocrx_word' id='word_1_222' title='bbox 1214 2898 1317 2953; x_wconf 91' lang='lat' dir='ltr'><strong>Sed</strong></span> <span class='ocrx_word' id='word_1_223' title='bbox 1349 2913 1469 2952; x_wconf 91' lang='lat' dir='ltr'><strong>cum</strong></span> <span class='ocrx_word' id='word_1_224' title='bbox 1504 2907 1685 2966; x_wconf 90' lang='lat' dir='ltr'><strong>postea</strong></span> <span class='ocrx_word' id='word_1_225' title='bbox 1717 2897 1887 2950; x_wconf 90' lang='lat' dir='ltr'><strong>visum</strong></span> <span class='ocrx_word' id='word_1_226' title='bbox 1917 2905 2059 2950; x_wconf 87' lang='lat' dir='ltr'><strong>esset</strong></span> 
     </span>
    </p>
   </div>
   <div class='ocr_carea' id='block_1_30' title="bbox 475 2986 2058 3057">
    <p class='ocr_par' dir='ltr' id='par_1_30' title="bbox 475 2986 2058 3057">
     <span class='ocr_line' id='line_1_30' title="bbox 475 2986 2058 3057; baseline 0 -16"><span class='ocrx_word' id='word_1_227' title='bbox 475 2986 709 3056; x_wconf 66' lang='lat' dir='ltr'><strong>belligno</strong></span> <span class='ocrx_word' id='word_1_228' title='bbox 735 2996 791 3041; x_wconf 89' lang='lat' dir='ltr'><strong>et</strong></span> <span class='ocrx_word' id='word_1_229' title='bbox 817 2989 1066 3043; x_wconf 89' lang='lat' dir='ltr'><strong>clementi</strong></span> <span class='ocrx_word' id='word_1_230' title='bbox 1095 2990 1224 3053; x_wconf 91' lang='lat' dir='ltr'><strong>Deo,</strong></span> <span class='ocrx_word' id='word_1_231' title='bbox 1251 2998 1442 3057; x_wconf 66' lang='lat' dir='ltr'><strong>praeter</strong></span> <span class='ocrx_word' id='word_1_232' title='bbox 1462 3004 1608 3057; x_wconf 86' lang='lat' dir='ltr'><strong>spem</strong></span> <span class='ocrx_word' id='word_1_233' title='bbox 1630 3003 1867 3050; x_wconf 91' lang='lat' dir='ltr'><strong>omnem,</strong></span> <span class='ocrx_word' id='word_1_234' title='bbox 1893 2988 2058 3042; x_wconf 91' lang='lat' dir='ltr'><strong>multa</strong></span> 
     </span>
    </p>
   </div>
   <div class='ocr_carea' id='block_1_31' title="bbox 473 3076 2059 3149">
    <p class='ocr_par' dir='ltr' id='par_1_31' title="bbox 473 3076 2059 3149">
     <span class='ocr_line' id='line_1_31' title="bbox 473 3076 2059 3149; baseline 0.002 -20"><span class='ocrx_word' id='word_1_235' title='bbox 473 3084 639 3144; x_wconf 73' lang='lat' dir='ltr'><strong>atque</strong></span> <span class='ocrx_word' id='word_1_236' title='bbox 667 3076 803 3131; x_wconf 87' lang='lat' dir='ltr'><strong>adeo</strong></span> <span class='ocrx_word' id='word_1_237' title='bbox 840 3076 1043 3139; x_wconf 79' lang='lat' dir='ltr'><strong>infinita</strong></span> <span class='ocrx_word' id='word_1_238' title='bbox 1073 3092 1137 3133; x_wconf 92' lang='lat' dir='ltr'><strong>ex</strong></span> <span class='ocrx_word' id='word_1_239' title='bbox 1168 3079 1278 3133; x_wconf 89' lang='lat' dir='ltr'><strong>alto</strong></span> <span class='ocrx_word' id='word_1_240' title='bbox 1308 3079 1501 3134; x_wconf 85' lang='lat' dir='ltr'><strong>cecidit</strong></span> <span class='ocrx_word' id='word_1_241' title='bbox 1531 3080 1706 3149; x_wconf 91' lang='lat' dir='ltr'><strong>pluvia</strong></span> <span class='ocrx_word' id='word_1_242' title='bbox 1741 3098 1753 3133; x_wconf 90' lang='lat'><strong>:</strong></span> <span class='ocrx_word' id='word_1_243' title='bbox 1788 3088 1843 3133; x_wconf 92' lang='lat' dir='ltr'><strong>et</strong></span> <span class='ocrx_word' id='word_1_244' title='bbox 1869 3092 2059 3133; x_wconf 92' lang='lat' dir='ltr'><strong>omnes</strong></span> 
     </span>
    </p>
   </div>
   <div class='ocr_carea' id='block_1_32' title="bbox 472 3167 2059 3240">
    <p class='ocr_par' dir='ltr' id='par_1_32' title="bbox 472 3167 2059 3240">
     <span class='ocr_line' id='line_1_32' title="bbox 472 3167 2059 3240; baseline 0.003 -20"><span class='ocrx_word' id='word_1_245' title='bbox 472 3169 583 3237; x_wconf 84' lang='lat' dir='ltr'><strong>jam</strong></span> <span class='ocrx_word' id='word_1_246' title='bbox 602 3167 794 3223; x_wconf 88' lang='lat' dir='ltr'><strong>festum</strong></span> <span class='ocrx_word' id='word_1_247' title='bbox 816 3170 958 3224; x_wconf 90' lang='lat' dir='ltr'><strong>diem</strong></span> <span class='ocrx_word' id='word_1_248' title='bbox 980 3172 1227 3239; x_wconf 89' lang='lat' dir='ltr'><strong>agebant,</strong></span> <span class='ocrx_word' id='word_1_249' title='bbox 1248 3180 1517 3240; x_wconf 87' lang='lat' dir='ltr'><strong>tamquam</strong></span> <span class='ocrx_word' id='word_1_250' title='bbox 1539 3172 1628 3240; x_wconf 91' lang='lat' dir='ltr'><strong>qui</strong></span> <span class='ocrx_word' id='word_1_251' title='bbox 1652 3187 1716 3225; x_wconf 91' lang='lat' dir='ltr'><strong>ex</strong></span> <span class='ocrx_word' id='word_1_252' title='bbox 1740 3171 1870 3237; x_wconf 88' lang='lat' dir='ltr'><strong>ipsis</strong></span> <span class='ocrx_word' id='word_1_253' title='bbox 1892 3171 2059 3238; x_wconf 91' lang='lat' dir='ltr'><strong>portis</strong></span> 
     </span>
    </p>
   </div>
   <div class='ocr_carea' id='block_1_33' title="bbox 476 3258 2058 3340">
    <p class='ocr_par' dir='ltr' id='par_1_33' title="bbox 476 3258 2058 3340">
     <span class='ocr_line' id='line_1_33' title="bbox 476 3258 2058 3340; baseline 0.003 -29"><span class='ocrx_word' id='word_1_254' title='bbox 476 3258 672 3311; x_wconf 82' lang='lat' dir='ltr'><strong>mortis</strong></span> <span class='ocrx_word' id='word_1_255' title='bbox 696 3260 1084 3340; x_wconf 82' lang='lat' dir='ltr'><strong>ascendissent.</strong></span> <span class='ocrx_word' id='word_1_256' title='bbox 1115 3260 1220 3314; x_wconf 79' lang='lat' dir='ltr'><strong>Sed</strong></span> <span class='ocrx_word' id='word_1_257' title='bbox 1252 3262 1302 3315; x_wconf 94' lang='lat' dir='ltr'><strong>in</strong></span> <span class='ocrx_word' id='word_1_258' title='bbox 1336 3261 1495 3315; x_wconf 88' lang='lat' dir='ltr'><strong>tantis</strong></span> <span class='ocrx_word' id='word_1_259' title='bbox 1524 3260 1676 3315; x_wconf 89' lang='lat' dir='ltr'><strong>bonis</strong></span> <span class='ocrx_word' id='word_1_260' title='bbox 1708 3270 1764 3316; x_wconf 92' lang='lat' dir='ltr'><strong>et</strong></span> <span class='ocrx_word' id='word_1_261' title='bbox 1790 3266 2058 3315; x_wconf 92' lang='lat' dir='ltr'><strong>communi</strong></span> 
     </span>
    </p>
   </div>
   <div class='ocr_carea' id='block_1_34' title="bbox 472 3350 2060 3423">
    <p class='ocr_par' dir='ltr' id='par_1_34' title="bbox 472 3350 2060 3423">
     <span class='ocr_line' id='line_1_34' title="bbox 472 3350 2060 3423; baseline 0.001 -21"><span class='ocrx_word' id='word_1_262' title='bbox 472 3350 720 3403; x_wconf 80' lang='lat' dir='ltr'><strong>omnium</strong></span> <span class='ocrx_word' id='word_1_263' title='bbox 746 3351 948 3405; x_wconf 60' lang='lat' dir='ltr'><strong>laetitia</strong></span> <span class='ocrx_word' id='word_1_264' title='bbox 990 3350 1203 3420; x_wconf 85' lang='lat' dir='ltr'><strong>quidam</strong></span> <span class='ocrx_word' id='word_1_265' title='bbox 1250 3367 1314 3406; x_wconf 88' lang='lat' dir='ltr'><strong>ex</strong></span> <span class='ocrx_word' id='word_1_266' title='bbox 1362 3353 1459 3415; x_wconf 92' lang='lat' dir='ltr'><strong>iis,</strong></span> <span class='ocrx_word' id='word_1_267' title='bbox 1499 3352 1587 3423; x_wconf 87' lang='lat' dir='ltr'><strong>qui</strong></span> <span class='ocrx_word' id='word_1_268' title='bbox 1629 3351 1785 3407; x_wconf 86' lang='lat' dir='ltr'><strong>valde</strong></span> <span class='ocrx_word' id='word_1_269' title='bbox 1824 3350 2060 3420; x_wconf 88' lang='lat' dir='ltr'><strong>opulenti</strong></span> 
     </span>
    </p>
   </div>
   <div class='ocr_carea' id='block_1_35' title="bbox 473 3440 2060 3512">
    <p class='ocr_par' dir='ltr' id='par_1_35' title="bbox 473 3440 2060 3512">
     <span class='ocr_line' id='line_1_35' title="bbox 473 3440 2060 3512; baseline 0.001 -18"><span class='ocrx_word' id='word_1_270' title='bbox 473 3450 652 3505; x_wconf 83' lang='lat' dir='ltr'><strong>erant,</strong></span> <span class='ocrx_word' id='word_1_271' title='bbox 676 3441 937 3495; x_wconf 86' lang='lat' dir='ltr'><strong>circuibat</strong></span> <span class='ocrx_word' id='word_1_272' title='bbox 966 3450 1189 3497; x_wconf 65' lang='lat' dir='ltr'><strong>maestus</strong></span> <span class='ocrx_word' id='word_1_273' title='bbox 1217 3452 1271 3496; x_wconf 91' lang='lat' dir='ltr'><strong>ct</strong></span> <span class='ocrx_word' id='word_1_274' title='bbox 1299 3443 1484 3509; x_wconf 90' lang='lat' dir='ltr'><strong>tristis,</strong></span> <span class='ocrx_word' id='word_1_275' title='bbox 1513 3457 1622 3512; x_wconf 67' lang='lat' dir='ltr'><strong>pra:</strong></span> <span class='ocrx_word' id='word_1_276' title='bbox 1650 3442 1811 3495; x_wconf 91' lang='lat' dir='ltr'><strong>animi</strong></span> <span class='ocrx_word' id='word_1_277' title='bbox 1839 3440 2060 3510; x_wconf 81' lang='lat' dir='ltr'><strong>:egritu-</strong></span> 
     </span>
    </p>
   </div>
   <div class='ocr_carea' id='block_1_36' title="bbox 481 3530 2059 3600">
    <p class='ocr_par' dir='ltr' id='par_1_36' title="bbox 481 3530 2059 3600">
     <span class='ocr_line' id='line_1_36' title="bbox 481 3530 2059 3600; baseline 0.001 -17"><span class='ocrx_word' id='word_1_278' title='bbox 481 3530 609 3583; x_wconf 92' lang='lat' dir='ltr'><strong>dine</strong></span> <span class='ocrx_word' id='word_1_279' title='bbox 638 3540 881 3584; x_wconf 88' lang='lat' dir='ltr'><strong>mortuus</strong></span> <span class='ocrx_word' id='word_1_280' title='bbox 906 3571 921 3595; x_wconf 94' lang='lat'><strong>,</strong></span> <span class='ocrx_word' id='word_1_281' title='bbox 967 3541 1021 3585; x_wconf 91' lang='lat' dir='ltr'><strong>et</strong></span> <span class='ocrx_word' id='word_1_282' title='bbox 1064 3532 1245 3585; x_wconf 90' lang='lat' dir='ltr'><strong>multis</strong></span> <span class='ocrx_word' id='word_1_283' title='bbox 1282 3545 1498 3585; x_wconf 88' lang='lat' dir='ltr'><strong>causam</strong></span> <span class='ocrx_word' id='word_1_284' title='bbox 1538 3531 1849 3600; x_wconf 88' lang='lat' dir='ltr'><strong>rogantibus</strong></span> <span class='ocrx_word' id='word_1_285' title='bbox 1876 3546 1973 3585; x_wconf 92' lang='lat' dir='ltr'><strong>cur</strong></span> <span class='ocrx_word' id='word_1_286' title='bbox 2006 3533 2059 3585; x_wconf 93' lang='lat' dir='ltr'><strong>in</strong></span> 
     </span>
    </p>
   </div>
   <div class='ocr_carea' id='block_1_37' title="bbox 476 3620 2060 3692">
    <p class='ocr_par' dir='ltr' id='par_1_37' title="bbox 476 3620 2060 3692">
     <span class='ocr_line' id='line_1_37' title="bbox 476 3620 2060 3692; baseline -0.001 -15"><span class='ocrx_word' id='word_1_287' title='bbox 476 3624 747 3677; x_wconf 88' lang='lat' dir='ltr'><strong>communi</strong></span> <span class='ocrx_word' id='word_1_288' title='bbox 774 3624 1010 3677; x_wconf 85' lang='lat' dir='ltr'><strong>omnium</strong></span> <span class='ocrx_word' id='word_1_289' title='bbox 1035 3620 1215 3677; x_wconf 71' lang='lat' dir='ltr'><strong>lmtitia</strong></span> <span class='ocrx_word' id='word_1_290' title='bbox 1242 3622 1390 3678; x_wconf 89' lang='lat' dir='ltr'><strong>solus</strong></span> <span class='ocrx_word' id='word_1_291' title='bbox 1418 3623 1644 3688; x_wconf 90' lang='lat' dir='ltr'><strong>doleret,</strong></span> <span class='ocrx_word' id='word_1_292' title='bbox 1676 3637 1745 3677; x_wconf 91' lang='lat' dir='ltr'><strong>ne</strong></span> <span class='ocrx_word' id='word_1_293' title='bbox 1771 3624 1911 3677; x_wconf 91' lang='lat' dir='ltr'><strong>intus</strong></span> <span class='ocrx_word' id='word_1_294' title='bbox 1938 3624 2060 3692; x_wconf 81' lang='lat' dir='ltr'><strong>qui-</strong></span> 
     </span>
    </p>
   </div>
   <div class='ocr_carea' id='block_1_38' title="bbox 472 3713 2061 3785">
    <p class='ocr_par' dir='ltr' id='par_1_38' title="bbox 472 3713 2061 3785">
     <span class='ocr_line' id='line_1_38' title="bbox 472 3713 2061 3785; baseline 0.001 -18"><span class='ocrx_word' id='word_1_295' title='bbox 472 3714 603 3768; x_wconf 76' lang='lat' dir='ltr'><strong>dem</strong></span> <span class='ocrx_word' id='word_1_296' title='bbox 629 3713 905 3768; x_wconf 84' lang='lat' dir='ltr'><strong>continere</strong></span> <span class='ocrx_word' id='word_1_297' title='bbox 920 3715 1095 3784; x_wconf 91' lang='lat' dir='ltr'><strong>potuit</strong></span> <span class='ocrx_word' id='word_1_298' title='bbox 1117 3713 1255 3768; x_wconf 77' lang='lat' dir='ltr'><strong>hanc</strong></span> <span class='ocrx_word' id='word_1_299' title='bbox 1274 3730 1487 3785; x_wconf 84' lang='lat' dir='ltr'><strong>gravem</strong></span> <span class='ocrx_word' id='word_1_300' title='bbox 1510 3714 1673 3769; x_wconf 90' lang='lat' dir='ltr'><strong>animi</strong></span> <span class='ocrx_word' id='word_1_301' title='bbox 1702 3714 2061 3783; x_wconf 89' lang='lat' dir='ltr'><strong>perturbatio-</strong></span> 
     </span>
    </p>
   </div>
   <div class='ocr_carea' id='block_1_39' title="bbox 475 3805 2059 3876">
    <p class='ocr_par' dir='ltr' id='par_1_39' title="bbox 475 3805 2059 3876">
     <span class='ocr_line' id='line_1_39' title="bbox 475 3805 2059 3876; baseline -0.001 -15"><span class='ocrx_word' id='word_1_302' title='bbox 475 3821 642 3869; x_wconf 77' lang='lat' dir='ltr'><strong>nem,</strong></span> <span class='ocrx_word' id='word_1_303' title='bbox 687 3806 779 3860; x_wconf 90' lang='lat' dir='ltr'><strong>sed</strong></span> <span class='ocrx_word' id='word_1_304' title='bbox 826 3820 855 3859; x_wconf 93' lang='lat' dir='ltr'><strong>a</strong></span> <span class='ocrx_word' id='word_1_305' title='bbox 904 3807 1075 3861; x_wconf 84' lang='lat' dir='ltr'><strong>morbi</strong></span> <span class='ocrx_word' id='word_1_306' title='bbox 1123 3818 1350 3875; x_wconf 91' lang='lat' dir='ltr'><strong>punctus</strong></span> <span class='ocrx_word' id='word_1_307' title='bbox 1393 3805 1957 3876; x_wconf 74' lang='lat' dir='ltr'><strong>tyrannide,causam</strong></span> <span class='ocrx_word' id='word_1_308' title='bbox 2008 3807 2059 3859; x_wconf 91' lang='lat' dir='ltr'><strong>in</strong></span> 
     </span>
    </p>
   </div>
   <div class='ocr_carea' id='block_1_40' title="bbox 475 3895 2063 3966">
    <p class='ocr_par' dir='ltr' id='par_1_40' title="bbox 475 3895 2063 3966">
     <span class='ocr_line' id='line_1_40' title="bbox 475 3895 2063 3966; baseline 0.001 -16"><span class='ocrx_word' id='word_1_309' title='bbox 475 3896 715 3950; x_wconf 84' lang='lat' dir='ltr'><strong>medium</strong></span> <span class='ocrx_word' id='word_1_310' title='bbox 748 3897 966 3966; x_wconf 85' lang='lat' dir='ltr'><strong>protulit</strong></span> <span class='ocrx_word' id='word_1_311' title='bbox 998 3914 1011 3950; x_wconf 88' lang='lat'><strong>:</strong></span> <span class='ocrx_word' id='word_1_312' title='bbox 1042 3895 1173 3951; x_wconf 89' lang='lat' dir='ltr'><strong>Cum</strong></span> <span class='ocrx_word' id='word_1_313' title='bbox 1215 3896 1437 3951; x_wconf 86' lang='lat' dir='ltr'><strong>habeam</strong></span> <span class='ocrx_word' id='word_1_314' title='bbox 1457 3937 1474 3962; x_wconf 92' lang='lat'><strong>,</strong></span> <span class='ocrx_word' id='word_1_315' title='bbox 1501 3896 1709 3966; x_wconf 86' lang='lat' dir='ltr'><strong>inquit,</strong></span> <span class='ocrx_word' id='word_1_316' title='bbox 1755 3896 2063 3951; x_wconf 90' lang='lat' dir='ltr'><strong>innumeras</strong></span> 
     </span>
    </p>
   </div>
   <div class='ocr_carea' id='block_1_41' title="bbox 471 3986 2064 4057">
    <p class='ocr_par' dir='ltr' id='par_1_41' title="bbox 471 3986 2064 4057">
     <span class='ocr_line' id='line_1_41' title="bbox 471 3986 2064 4057; baseline -0.001 -16"><span class='ocrx_word' id='word_1_317' title='bbox 471 4003 766 4043; x_wconf 77' lang='lat' dir='ltr'><strong>mensuras</strong></span> <span class='ocrx_word' id='word_1_318' title='bbox 791 3987 1066 4053; x_wconf 91' lang='lat' dir='ltr'><strong>frumenti,</strong></span> <span class='ocrx_word' id='word_1_319' title='bbox 1097 3988 1280 4043; x_wconf 86' lang='lat' dir='ltr'><strong>nescio</strong></span> <span class='ocrx_word' id='word_1_320' title='bbox 1310 3987 1397 4041; x_wconf 93' lang='lat' dir='ltr'><strong>ubi</strong></span> <span class='ocrx_word' id='word_1_321' title='bbox 1426 3988 1542 4043; x_wconf 91' lang='lat' dir='ltr'><strong>illas</strong></span> <span class='ocrx_word' id='word_1_322' title='bbox 1564 3988 1851 4057; x_wconf 85' lang='lat' dir='ltr'><strong>deponam.</strong></span> <span class='ocrx_word' id='word_1_323' title='bbox 1884 3986 2064 4041; x_wconf 83' lang='lat' dir='ltr'><strong>Hunc-</strong></span> 
     </span>
    </p>
   </div>
   <div class='ocr_carea' id='block_1_42' title="bbox 413 4075 2059 4149">
    <p class='ocr_par' dir='ltr' id='par_1_42' title="bbox 413 4075 2059 4149">
     <span class='ocr_line' id='line_1_42' title="bbox 413 4075 2059 4149; baseline 0 -16"><span class='ocrx_word' id='word_1_324' title='bbox 413 4075 419 4082; x_wconf 84' lang='grc'><em>’</em></span> <span class='ocrx_word' id='word_1_325' title='bbox 478 4082 601 4135; x_wconf 88' lang='lat' dir='ltr'><strong>eine</strong></span> <span class='ocrx_word' id='word_1_326' title='bbox 624 4121 640 4146; x_wconf 91' lang='lat'><strong>,</strong></span> <span class='ocrx_word' id='word_1_327' title='bbox 672 4080 759 4135; x_wconf 92' lang='lat' dir='ltr'><strong>dic</strong></span> <span class='ocrx_word' id='word_1_328' title='bbox 798 4094 1001 4149; x_wconf 66' lang='lat' dir='ltr'><strong>quaeso,</strong></span> <span class='ocrx_word' id='word_1_329' title='bbox 1034 4093 1133 4149; x_wconf 88' lang='lat' dir='ltr'><strong>pro</strong></span> <span class='ocrx_word' id='word_1_330' title='bbox 1178 4078 1261 4133; x_wconf 90' lang='lat' dir='ltr'><strong>his</strong></span> <span class='ocrx_word' id='word_1_331' title='bbox 1303 4078 1479 4133; x_wconf 83' lang='lat' dir='ltr'><strong>verbis</strong></span> <span class='ocrx_word' id='word_1_332' title='bbox 1518 4078 1731 4133; x_wconf 87' lang='lat' dir='ltr'><strong>beatum</strong></span> <span class='ocrx_word' id='word_1_333' title='bbox 1769 4079 2059 4144; x_wconf 89' lang='lat' dir='ltr'><strong>ducemus,</strong></span> 
     </span>
    </p>
   </div>
   <div class='ocr_carea' id='block_1_43' title="bbox 478 4169 2063 4240">
    <p class='ocr_par' dir='ltr' id='par_1_43' title="bbox 478 4169 2063 4240">
     <span class='ocr_line' id='line_1_43' title="bbox 478 4169 2063 4240; baseline 0 -15"><span class='ocrx_word' id='word_1_334' title='bbox 478 4186 579 4239; x_wconf 82' lang='lat' dir='ltr'><strong>pro</strong></span> <span class='ocrx_word' id='word_1_335' title='bbox 605 4171 799 4240; x_wconf 90' lang='lat' dir='ltr'><strong>quibus</strong></span> <span class='ocrx_word' id='word_1_336' title='bbox 823 4171 1149 4239; x_wconf 88' lang='lat' dir='ltr'><strong>oportuisset</strong></span> <span class='ocrx_word' id='word_1_337' title='bbox 1172 4185 1295 4225; x_wconf 90' lang='lat' dir='ltr'><strong>eum</strong></span> <span class='ocrx_word' id='word_1_338' title='bbox 1317 4169 1472 4225; x_wconf 87' lang='lat' dir='ltr'><strong>obrui</strong></span> <span class='ocrx_word' id='word_1_339' title='bbox 1499 4170 1784 4240; x_wconf 82' lang='lat' dir='ltr'><strong>lapidibus,</strong></span> <span class='ocrx_word' id='word_1_340' title='bbox 1806 4170 1895 4240; x_wconf 91' lang='lat' dir='ltr'><strong>qui</strong></span> <span class='ocrx_word' id='word_1_341' title='bbox 1919 4178 2063 4225; x_wconf 87' lang='lat' dir='ltr'><strong>esset</strong></span> 
     </span>
    </p>
   </div>
   <div class='ocr_carea' id='block_1_44' title="bbox 479 4260 2063 4331">
    <p class='ocr_par' dir='ltr' id='par_1_44' title="bbox 479 4260 2063 4331">
     <span class='ocr_line' id='line_1_44' title="bbox 479 4260 2063 4331; baseline 0.003 -18"><span class='ocrx_word' id='word_1_342' title='bbox 479 4262 667 4328; x_wconf 86' lang='lat' dir='ltr'><strong>quavis</strong></span> <span class='ocrx_word' id='word_1_343' title='bbox 704 4260 820 4316; x_wconf 83' lang='lat' dir='ltr'><strong>fera</strong></span> <span class='ocrx_word' id='word_1_344' title='bbox 867 4261 1168 4327; x_wconf 74' lang='lat' dir='ltr'><strong>crudelior,</strong></span> <span class='ocrx_word' id='word_1_345' title='bbox 1216 4261 1307 4331; x_wconf 93' lang='lat' dir='ltr'><strong>qui</strong></span> <span class='ocrx_word' id='word_1_346' title='bbox 1337 4263 1807 4317; x_wconf 84' lang='lat' dir='ltr'><strong>esset-communis</strong></span> <span class='ocrx_word' id='word_1_347' title='bbox 1851 4262 2063 4317; x_wconf 90' lang='lat' dir='ltr'><strong>hostis?</strong></span> 
     </span>
    </p>
   </div>
   <div class='ocr_carea' id='block_1_45' title="bbox 483 4350 2064 4421">
    <p class='ocr_par' dir='ltr' id='par_1_45' title="bbox 483 4350 2064 4421">
     <span class='ocr_line' id='line_1_45' title="bbox 483 4350 2064 4421; baseline 0.003 -18"><span class='ocrx_word' id='word_1_348' title='bbox 483 4350 618 4417; x_wconf 88' lang='lat' dir='ltr'><strong>Quid</strong></span> <span class='ocrx_word' id='word_1_349' title='bbox 650 4351 804 4417; x_wconf 91' lang='lat' dir='ltr'><strong>dicis,</strong></span> <span class='ocrx_word' id='word_1_350' title='bbox 836 4364 870 4405; x_wconf 94' lang='lat' dir='ltr'><strong>o</strong></span> <span class='ocrx_word' id='word_1_351' title='bbox 899 4351 1099 4405; x_wconf 83' lang='lat' dir='ltr'><strong>homo?</strong></span> <span class='ocrx_word' id='word_1_352' title='bbox 1124 4350 1275 4405; x_wconf 89' lang='lat' dir='ltr'><strong>doles</strong></span> <span class='ocrx_word' id='word_1_353' title='bbox 1299 4350 1443 4421; x_wconf 75' lang='lat' dir='ltr'><strong>quod</strong></span> <span class='ocrx_word' id='word_1_354' title='bbox 1468 4366 1573 4405; x_wconf 87' lang='lat' dir='ltr'><strong>non</strong></span> <span class='ocrx_word' id='word_1_355' title='bbox 1599 4352 1854 4421; x_wconf 85' lang='lat' dir='ltr'><strong>perierint</strong></span> <span class='ocrx_word' id='word_1_356' title='bbox 1875 4366 2064 4408; x_wconf 89' lang='lat' dir='ltr'><strong>omnes</strong></span> 
     </span>
    </p>
   </div>
   <div class='ocr_carea' id='block_1_46' title="bbox 484 4441 2060 4512">
    <p class='ocr_par' dir='ltr' id='par_1_46' title="bbox 484 4441 2060 4512">
     <span class='ocr_line' id='line_1_46' title="bbox 484 4441 2060 4512; baseline 0.003 -19"><span class='ocrx_word' id='word_1_357' title='bbox 484 4450 543 4494; x_wconf 93' lang='lat' dir='ltr'><strong>ut</strong></span> <span class='ocrx_word' id='word_1_358' title='bbox 564 4457 751 4495; x_wconf 91' lang='lat' dir='ltr'><strong>aurum</strong></span> <span class='ocrx_word' id='word_1_359' title='bbox 773 4443 1031 4512; x_wconf 81' lang='lat' dir='ltr'><strong>cogeres?</strong></span> <span class='ocrx_word' id='word_1_360' title='bbox 1056 4457 1163 4497; x_wconf 90' lang='lat' dir='ltr'><strong>non</strong></span> <span class='ocrx_word' id='word_1_361' title='bbox 1187 4442 1433 4496; x_wconf 88' lang='lat' dir='ltr'><strong>audivisti</strong></span> <span class='ocrx_word' id='word_1_362' title='bbox 1455 4442 1580 4511; x_wconf 90' lang='lat' dir='ltr'><strong>quid</strong></span> <span class='ocrx_word' id='word_1_363' title='bbox 1602 4442 1745 4497; x_wconf 82' lang='lat' dir='ltr'><strong>dicat</strong></span> <span class='ocrx_word' id='word_1_364' title='bbox 1767 4441 2021 4497; x_wconf 85' lang='lat' dir='ltr'><strong>Salomon</strong></span> <span class='ocrx_word' id='word_1_365' title='bbox 2048 4462 2060 4499; x_wconf 90' lang='lat'><strong>:</strong></span> 
     </span>
    </p>
   </div>
   <div class='ocr_carea' id='block_1_47' title="bbox 486 4532 2065 4603">
    <p class='ocr_par' dir='ltr' id='par_1_47' title="bbox 486 4532 2065 4603">
     <span class='ocr_line' id='line_1_47' title="bbox 486 4532 2065 4603; baseline 0.002 -18"><span class='ocrx_word' id='word_1_366' title='bbox 486 4532 588 4597; x_wconf 83' lang='lat' dir='ltr'><strong>Qui</strong></span> <span class='ocrx_word' id='word_1_367' title='bbox 627 4532 867 4600; x_wconf 69' lang='lat' dir='ltr'><strong>frumenti</strong></span> <span class='ocrx_word' id='word_1_368' title='bbox 904 4542 1055 4603; x_wconf 79' lang='lat' dir='ltr'><strong>auget</strong></span> <span class='ocrx_word' id='word_1_369' title='bbox 1092 4534 1342 4601; x_wconf 78' lang='lat' dir='ltr'><strong>pretium,</strong></span> <span class='ocrx_word' id='word_1_370' title='bbox 1388 4542 1461 4586; x_wconf 80' lang='lat' dir='ltr'><strong>est</strong></span> <span class='ocrx_word' id='word_1_371' title='bbox 1501 4534 1690 4601; x_wconf 72' lang='lat' dir='ltr'><strong>poptdo</strong></span> <span class='ocrx_word' id='word_1_372' title='bbox 1727 4534 2065 4588; x_wconf 69' lang='lat' dir='ltr'><strong>meai-aridus</strong></span> 
     </span>
    </p>
   </div>
   <div class='ocr_carea' id='block_1_48' title="bbox 488 4620 2067 4694">
    <p class='ocr_par' dir='ltr' id='par_1_48' title="bbox 488 4620 2067 4694">
     <span class='ocr_line' id='line_1_48' title="bbox 488 4620 2067 4694; baseline 0.001 -18"><span class='ocrx_word' id='word_1_373' title='bbox 488 4622 672 4694; x_wconf 78' lang='lat' dir='ltr'><strong>(Prov.</strong></span> <span class='ocrx_word' id='word_1_374' title='bbox 705 4623 792 4679; x_wconf 87' lang='lat' dir='ltr'><strong>ll.</strong></span> <span class='ocrx_word' id='word_1_375' title='bbox 824 4620 954 4692; x_wconf 74' lang='lat'><strong>26)?</strong></span> <span class='ocrx_word' id='word_1_376' title='bbox 1000 4621 1093 4676; x_wconf 88' lang='lat' dir='ltr'><strong>sed</strong></span> <span class='ocrx_word' id='word_1_377' title='bbox 1122 4621 1318 4674; x_wconf 90' lang='lat' dir='ltr'><strong>circuis</strong></span> <span class='ocrx_word' id='word_1_378' title='bbox 1358 4621 1658 4674; x_wconf 86' lang='lat' dir='ltr'><strong>communis</strong></span> <span class='ocrx_word' id='word_1_379' title='bbox 1690 4620 1945 4675; x_wconf 77' lang='lat' dir='ltr'><strong>inimicus</strong></span> <span class='ocrx_word' id='word_1_380' title='bbox 1972 4622 2067 4677; x_wconf 86' lang='lat' dir='ltr'><strong>bo-</strong></span> 
     </span>
    </p>
   </div>
   <div class='ocr_carea' id='block_1_49' title="bbox 484 4710 2064 4779">
    <p class='ocr_par' dir='ltr' id='par_1_49' title="bbox 484 4710 2064 4779">
     <span class='ocr_line' id='line_1_49' title="bbox 484 4710 2064 4779; baseline -0.001 -10"><span class='ocrx_word' id='word_1_381' title='bbox 484 4730 675 4769; x_wconf 88' lang='lat' dir='ltr'><strong>norum</strong></span> <span class='ocrx_word' id='word_1_382' title='bbox 699 4714 846 4771; x_wconf 89' lang='lat' dir='ltr'><strong>orbis</strong></span> <span class='ocrx_word' id='word_1_383' title='bbox 868 4723 1045 4779; x_wconf 84' lang='lat' dir='ltr'><strong>teme,</strong></span> <span class='ocrx_word' id='word_1_384' title='bbox 1072 4720 1128 4769; x_wconf 91' lang='lat' dir='ltr'><strong>et</strong></span> <span class='ocrx_word' id='word_1_385' title='bbox 1154 4711 1324 4766; x_wconf 90' lang='lat' dir='ltr'><strong>hostis</strong></span> <span class='ocrx_word' id='word_1_386' title='bbox 1344 4710 1647 4766; x_wconf 87' lang='lat' dir='ltr'><strong>liberalitati</strong></span> <span class='ocrx_word' id='word_1_387' title='bbox 1670 4711 1878 4765; x_wconf 88' lang='lat' dir='ltr'><strong>Domini</strong></span> <span class='ocrx_word' id='word_1_388' title='bbox 1904 4713 2064 4767; x_wconf 89' lang='lat' dir='ltr'><strong>totius</strong></span> 
     </span>
    </p>
   </div>
   <div class='ocr_carea' id='block_1_50' title="bbox 487 4802 2064 4872">
    <p class='ocr_par' dir='ltr' id='par_1_50' title="bbox 487 4802 2064 4872">
     <span class='ocr_line' id='line_1_50' title="bbox 487 4802 2064 4872; baseline 0.001 -14"><span class='ocrx_word' id='word_1_389' title='bbox 487 4805 692 4867; x_wconf 85' lang='lat' dir='ltr'><strong>mundi,</strong></span> <span class='ocrx_word' id='word_1_390' title='bbox 722 4814 775 4859; x_wconf 92' lang='lat' dir='ltr'><strong>et</strong></span> <span class='ocrx_word' id='word_1_391' title='bbox 804 4818 1123 4859; x_wconf 65' lang='lat' dir='ltr'><strong>mammonae</strong></span> <span class='ocrx_word' id='word_1_392' title='bbox 1150 4804 1376 4869; x_wconf 88' lang='lat' dir='ltr'><strong>amicus,</strong></span> <span class='ocrx_word' id='word_1_393' title='bbox 1407 4802 1491 4858; x_wconf 92' lang='lat' dir='ltr'><strong>vel</strong></span> <span class='ocrx_word' id='word_1_394' title='bbox 1522 4802 1697 4872; x_wconf 89' lang='lat' dir='ltr'><strong>potius</strong></span> <span class='ocrx_word' id='word_1_395' title='bbox 1729 4803 1957 4859; x_wconf 81' lang='lat' dir='ltr'><strong>servus?</strong></span> <span class='ocrx_word' id='word_1_396' title='bbox 1980 4803 2064 4859; x_wconf 83' lang='lat' dir='ltr'><strong>An</strong></span> 
     </span>
    </p>
   </div>
   <div class='ocr_carea' id='block_1_51' title="bbox 476 4894 2066 4965">
    <p class='ocr_par' dir='ltr' id='par_1_51' title="bbox 476 4894 2066 4965">
     <span class='ocr_line' id='line_1_51' title="bbox 476 4894 2066 4965; baseline -0.001 -15"><span class='ocrx_word' id='word_1_397' title='bbox 476 4912 596 4951; x_wconf 73' lang='lat' dir='ltr'><strong>~non</strong></span> <span class='ocrx_word' id='word_1_398' title='bbox 647 4895 928 4965; x_wconf 88' lang='lat' dir='ltr'><strong>oportebat</strong></span> <span class='ocrx_word' id='word_1_399' title='bbox 982 4895 1214 4962; x_wconf 88' lang='lat' dir='ltr'><strong>linguam</strong></span> <span class='ocrx_word' id='word_1_400' title='bbox 1270 4894 1416 4948; x_wconf 88' lang='lat' dir='ltr'><strong>illam</strong></span> <span class='ocrx_word' id='word_1_401' title='bbox 1465 4894 1775 4963; x_wconf 85' lang='lat' dir='ltr'><strong>amputari?</strong></span> <span class='ocrx_word' id='word_1_402' title='bbox 1816 4909 1923 4948; x_wconf 89' lang='lat' dir='ltr'><strong>non</strong></span> <span class='ocrx_word' id='word_1_403' title='bbox 1972 4909 2066 4949; x_wconf 92' lang='lat' dir='ltr'><strong>cor</strong></span> 
     </span>
    </p>
   </div>
   <div class='ocr_carea' id='block_1_52' title="bbox 475 4981 1604 5055">
    <p class='ocr_par' dir='ltr' id='par_1_52' title="bbox 475 4981 1604 5055">
     <span class='ocr_line' id='line_1_52' title="bbox 475 4981 1604 5055; baseline -0.004 -15"><span class='ocrx_word' id='word_1_404' title='bbox 475 4986 753 5055; x_wconf 76' lang='lat' dir='ltr'><strong>exstingui</strong></span> <span class='ocrx_word' id='word_1_405' title='bbox 781 4983 922 5055; x_wconf 90' lang='lat' dir='ltr'><strong>quod</strong></span> <span class='ocrx_word' id='word_1_406' title='bbox 955 4983 1072 5036; x_wconf 60' lang='lat' dir='ltr'><strong>haec</strong></span> <span class='ocrx_word' id='word_1_407' title='bbox 1096 4981 1255 5036; x_wconf 89' lang='lat' dir='ltr'><strong>verba</strong></span> <span class='ocrx_word' id='word_1_408' title='bbox 1284 4984 1604 5051; x_wconf 77' lang='lat' dir='ltr'><strong>pepererat?</strong></span> 
     </span>
    </p>
   </div>
   <div class='ocr_carea' id='block_1_53' title="bbox 558 5071 2067 5145">
    <p class='ocr_par' dir='ltr' id='par_1_53' title="bbox 558 5071 2067 5145">
     <span class='ocr_line' id='line_1_53' title="bbox 558 5071 2067 5145; baseline 0 -16"><span class='ocrx_word' id='word_1_409' title='bbox 558 5077 610 5130; x_wconf 85' lang='lat'><strong>8.</strong></span> <span class='ocrx_word' id='word_1_410' title='bbox 658 5076 899 5131; x_wconf 81' lang='lat' dir='ltr'><strong>Vidistin‘</strong></span> <span class='ocrx_word' id='word_1_411' title='bbox 940 5071 1209 5145; x_wconf 91' lang='lat' dir='ltr'><strong>quomodo</strong></span> <span class='ocrx_word' id='word_1_412' title='bbox 1252 5087 1439 5126; x_wconf 90' lang='lat' dir='ltr'><strong>aurum</strong></span> <span class='ocrx_word' id='word_1_413' title='bbox 1480 5088 1586 5127; x_wconf 91' lang='lat' dir='ltr'><strong>non</strong></span> <span class='ocrx_word' id='word_1_414' title='bbox 1631 5074 1772 5127; x_wconf 89' lang='lat' dir='ltr'><strong>sinat</strong></span> <span class='ocrx_word' id='word_1_415' title='bbox 1818 5072 2067 5129; x_wconf 88' lang='lat' dir='ltr'><strong>homines</strong></span> 
     </span>
    </p>
   </div>
   <div class='ocr_carea' id='block_1_54' title="bbox 472 5162 2067 5231">
    <p class='ocr_par' dir='ltr' id='par_1_54' title="bbox 472 5162 2067 5231">
     <span class='ocr_line' id='line_1_54' title="bbox 472 5162 2067 5231; baseline -0.001 -10"><span class='ocrx_word' id='word_1_416' title='bbox 472 5180 607 5221; x_wconf 80' lang='lat' dir='ltr'><strong>esse</strong></span> <span class='ocrx_word' id='word_1_417' title='bbox 632 5166 893 5230; x_wconf 86' lang='lat' dir='ltr'><strong>homines,</strong></span> <span class='ocrx_word' id='word_1_418' title='bbox 918 5166 1015 5220; x_wconf 88' lang='lat' dir='ltr'><strong>sed</strong></span> <span class='ocrx_word' id='word_1_419' title='bbox 1042 5166 1181 5220; x_wconf 91' lang='lat' dir='ltr'><strong>feras</strong></span> <span class='ocrx_word' id='word_1_420' title='bbox 1208 5172 1259 5219; x_wconf 91' lang='lat' dir='ltr'><strong>et</strong></span> <span class='ocrx_word' id='word_1_421' title='bbox 1284 5163 1556 5219; x_wconf 67' lang='lat' dir='ltr'><strong>dmmones</strong></span> <span class='ocrx_word' id='word_1_422' title='bbox 1585 5165 1609 5217; x_wconf 82' lang='lat' dir='ltr'><strong>‘l</strong></span> <span class='ocrx_word' id='word_1_423' title='bbox 1635 5162 1773 5231; x_wconf 85' lang='lat' dir='ltr'><strong>Quid</strong></span> <span class='ocrx_word' id='word_1_424' title='bbox 1796 5164 1937 5218; x_wconf 88' lang='lat' dir='ltr'><strong>enim</strong></span> <span class='ocrx_word' id='word_1_425' title='bbox 1967 5164 2067 5219; x_wconf 89' lang='lat' dir='ltr'><strong>hoc</strong></span> 
     </span>
    </p>
   </div>
   <div class='ocr_carea' id='block_1_55' title="bbox 484 5252 2063 5324">
    <p class='ocr_par' dir='ltr' id='par_1_55' title="bbox 484 5252 2063 5324">
     <span class='ocr_line' id='line_1_55' title="bbox 484 5252 2063 5324; baseline -0.003 -12"><span class='ocrx_word' id='word_1_426' title='bbox 484 5253 838 5312; x_wconf 79' lang='lat' dir='ltr'><strong>divitefuerit</strong></span> <span class='ocrx_word' id='word_1_427' title='bbox 864 5257 1239 5320; x_wconf 79' lang='lat' dir='ltr'><strong>miserabilius,</strong></span> <span class='ocrx_word' id='word_1_428' title='bbox 1272 5253 1533 5324; x_wconf 90' lang='lat' dir='ltr'><strong>qui-optat</strong></span> <span class='ocrx_word' id='word_1_429' title='bbox 1558 5252 1795 5323; x_wconf 88' lang='lat' dir='ltr'><strong>quotidie</strong></span> <span class='ocrx_word' id='word_1_430' title='bbox 1824 5267 1943 5308; x_wconf 88' lang='lat' dir='ltr'><strong>esse</strong></span> <span class='ocrx_word' id='word_1_431' title='bbox 1984 5253 2063 5308; x_wconf 88' lang='lat' dir='ltr'><strong>fa-</strong></span> 
     </span>
    </p>
   </div>
   <div class='ocr_carea' id='block_1_56' title="bbox 489 5343 2064 5413">
    <p class='ocr_par' dir='ltr' id='par_1_56' title="bbox 489 5343 2064 5413">
     <span class='ocr_line' id='line_1_56' title="bbox 489 5343 2064 5413; baseline -0.001 -11"><span class='ocrx_word' id='word_1_432' title='bbox 489 5362 654 5413; x_wconf 87' lang='lat' dir='ltr'><strong>mem,</strong></span> <span class='ocrx_word' id='word_1_433' title='bbox 676 5354 744 5399; x_wconf 87' lang='lat' dir='ltr'><strong>ut</strong></span> <span class='ocrx_word' id='word_1_434' title='bbox 767 5345 819 5398; x_wconf 90' lang='lat' dir='ltr'><strong>ei</strong></span> <span class='ocrx_word' id='word_1_435' title='bbox 849 5345 919 5398; x_wconf 87' lang='lat' dir='ltr'><strong>sit</strong></span> <span class='ocrx_word' id='word_1_436' title='bbox 946 5361 1131 5401; x_wconf 86' lang='lat' dir='ltr'><strong>aurum</strong></span> <span class='ocrx_word' id='word_1_437' title='bbox 1152 5348 1177 5400; x_wconf 82' lang='lat'><strong>&#39;.&#39;</strong></span> <span class='ocrx_word' id='word_1_438' title='bbox 1215 5345 1294 5401; x_wconf 85' lang='lat' dir='ltr'><strong>Ad</strong></span> <span class='ocrx_word' id='word_1_439' title='bbox 1322 5343 1645 5400; x_wconf 88' lang='lat' dir='ltr'><strong>contrarium</strong></span> <span class='ocrx_word' id='word_1_440' title='bbox 1678 5344 1819 5397; x_wconf 91' lang='lat' dir='ltr'><strong>enim</strong></span> <span class='ocrx_word' id='word_1_441' title='bbox 1847 5344 1895 5398; x_wconf 90' lang='lat' dir='ltr'><strong>ei</strong></span> <span class='ocrx_word' id='word_1_442' title='bbox 1927 5347 2064 5400; x_wconf 81' lang='lat' dir='ltr'><strong>redit</strong></span> 
     </span>
    </p>
   </div>
   <div class='ocr_carea' id='block_1_57' title="bbox 487 5433 2060 5507">
    <p class='ocr_par' dir='ltr' id='par_1_57' title="bbox 487 5433 2060 5507">
     <span class='ocr_line' id='line_1_57' title="bbox 487 5433 2060 5507; baseline -0.002 -15"><span class='ocrx_word' id='word_1_443' title='bbox 487 5438 652 5493; x_wconf 86' lang='lat' dir='ltr'><strong>animi</strong></span> <span class='ocrx_word' id='word_1_444' title='bbox 694 5433 1064 5505; x_wconf 85' lang='lat' dir='ltr'><strong>perturbatio:</strong></span> <span class='ocrx_word' id='word_1_445' title='bbox 1092 5451 1266 5507; x_wconf 81' lang='lat' dir='ltr'><strong>neque</strong></span> <span class='ocrx_word' id='word_1_446' title='bbox 1308 5435 1449 5491; x_wconf 89' lang='lat' dir='ltr'><strong>enim</strong></span> <span class='ocrx_word' id='word_1_447' title='bbox 1492 5434 1704 5489; x_wconf 69' lang='lat' dir='ltr'><strong>ltetatur</strong></span> <span class='ocrx_word' id='word_1_448' title='bbox 1739 5433 2060 5489; x_wconf 84' lang='lat' dir='ltr'><strong>abundantia</strong></span> 
     </span>
    </p>
   </div>
   <div class='ocr_carea' id='block_1_58' title="bbox 491 5523 2063 5596">
    <p class='ocr_par' dir='ltr' id='par_1_58' title="bbox 491 5523 2063 5596">
     <span class='ocr_line' id='line_1_58' title="bbox 491 5523 2063 5596; baseline 0 -15"><span class='ocrx_word' id='word_1_449' title='bbox 491 5526 846 5596; x_wconf 78' lang='lat' dir='ltr'><strong>possessionis</strong></span> <span class='ocrx_word' id='word_1_450' title='bbox 874 5523 1173 5589; x_wconf 79' lang='lat' dir='ltr'><strong>fructuum,</strong></span> <span class='ocrx_word' id='word_1_451' title='bbox 1214 5527 1307 5580; x_wconf 86' lang='lat' dir='ltr'><strong>sed</strong></span> <span class='ocrx_word' id='word_1_452' title='bbox 1341 5532 1559 5594; x_wconf 77' lang='lat' dir='ltr'><strong>propter</strong></span> <span class='ocrx_word' id='word_1_453' title='bbox 1585 5524 1686 5579; x_wconf 87' lang='lat' dir='ltr'><strong>hoc</strong></span> <span class='ocrx_word' id='word_1_454' title='bbox 1712 5523 1885 5593; x_wconf 83' lang='lat' dir='ltr'><strong>ipsum</strong></span> <span class='ocrx_word' id='word_1_455' title='bbox 1907 5523 2063 5581; x_wconf 81' lang='lat' dir='ltr'><strong>dolet</strong></span> 
     </span>
    </p>
   </div>
   <div class='ocr_carea' id='block_1_59' title="bbox 489 5616 2061 5688">
    <p class='ocr_par' dir='ltr' id='par_1_59' title="bbox 489 5616 2061 5688">
     <span class='ocr_line' id='line_1_59' title="bbox 489 5616 2061 5688; baseline 0.001 -15"><span class='ocrx_word' id='word_1_456' title='bbox 489 5618 633 5687; x_wconf 89' lang='lat' dir='ltr'><strong>quod</strong></span> <span class='ocrx_word' id='word_1_457' title='bbox 663 5618 866 5674; x_wconf 85' lang='lat' dir='ltr'><strong>infinita</strong></span> <span class='ocrx_word' id='word_1_458' title='bbox 909 5616 1199 5687; x_wconf 87' lang='lat' dir='ltr'><strong>possideat.</strong></span> <span class='ocrx_word' id='word_1_459' title='bbox 1232 5616 1391 5685; x_wconf 83' lang='lat' dir='ltr'><strong>Atqui</strong></span> <span class='ocrx_word' id='word_1_460' title='bbox 1421 5630 1544 5671; x_wconf 90' lang='lat' dir='ltr'><strong>eum</strong></span> <span class='ocrx_word' id='word_1_461' title='bbox 1573 5616 1663 5685; x_wconf 81' lang='lat' dir='ltr'><strong>qui</strong></span> <span class='ocrx_word' id='word_1_462' title='bbox 1694 5617 1860 5672; x_wconf 82' lang='lat' dir='ltr'><strong>multa</strong></span> <span class='ocrx_word' id='word_1_463' title='bbox 1888 5619 2061 5688; x_wconf 89' lang='lat' dir='ltr'><strong>possi-</strong></span> 
     </span>
    </p>
   </div>
   <div class='ocr_carea' id='block_1_60' title="bbox 482 5707 2056 5782">
    <p class='ocr_par' dir='ltr' id='par_1_60' title="bbox 482 5707 2056 5782">
     <span class='ocr_line' id='line_1_60' title="bbox 482 5707 2056 5782; baseline 0.002 -16"><span class='ocrx_word' id='word_1_464' title='bbox 482 5710 595 5775; x_wconf 87' lang='lat' dir='ltr'><strong>det,</strong></span> <span class='ocrx_word' id='word_1_465' title='bbox 640 5710 807 5766; x_wconf 70' lang='lat' dir='ltr'><strong>lzetari</strong></span> <span class='ocrx_word' id='word_1_466' title='bbox 848 5714 1058 5782; x_wconf 76' lang='lat' dir='ltr'><strong>oportet</strong></span> <span class='ocrx_word' id='word_1_467' title='bbox 1087 5725 1102 5766; x_wconf 75' lang='grc' dir='ltr'>ς</span> <span class='ocrx_word' id='word_1_468' title='bbox 1134 5707 1234 5766; x_wconf 88' lang='lat' dir='ltr'><strong>iste</strong></span> <span class='ocrx_word' id='word_1_469' title='bbox 1274 5714 1450 5762; x_wconf 84' lang='lat' dir='ltr'><strong>autem</strong></span> <span class='ocrx_word' id='word_1_470' title='bbox 1490 5714 1707 5777; x_wconf 88' lang='lat' dir='ltr'><strong>propter</strong></span> <span class='ocrx_word' id='word_1_471' title='bbox 1741 5707 1843 5767; x_wconf 85' lang='lat' dir='ltr'><strong>hoc</strong></span> <span class='ocrx_word' id='word_1_472' title='bbox 1881 5708 2056 5780; x_wconf 84' lang='lat' dir='ltr'><strong>ipsum</strong></span> 
     </span>
    </p>
   </div>
   <div class='ocr_carea' id='block_1_61' title="bbox 1230 314 3021 397">
    <p class='ocr_par' dir='ltr' id='par_1_61' title="bbox 1230 314 3021 397">
     <span class='ocr_line' id='line_1_61' title="bbox 1230 314 3021 397; baseline 0.002 -4"><span class='ocrx_word' id='word_1_473' title='bbox 1230 340 1283 393; x_wconf 92' lang='lat' dir='ltr'><strong>S.</strong></span> <span class='ocrx_word' id='word_1_474' title='bbox 1322 314 1600 395; x_wconf 52' lang='lat' dir='ltr'><strong>103Nle</strong></span> <span class='ocrx_word' id='word_1_475' title='bbox 1634 330 2104 393; x_wconf 64' lang='lat' dir='ltr'><strong>tillttYSOSTOMl</strong></span> <span class='ocrx_word' id='word_1_476' title='bbox 2142 331 2453 390; x_wconf 80' lang='lat' dir='ltr'><strong>ARClllEP.</strong></span> <span class='ocrx_word' id='word_1_477' title='bbox 2495 336 3021 397; x_wconf 76' lang='lat' dir='ltr'><strong>CONSTANTINOP.</strong></span> 
     </span>
    </p>
   </div>
   <div class='ocr_carea' id='block_1_62' title="bbox 3656 349 3757 410">
    <p class='ocr_par' dir='ltr' id='par_1_62' title="bbox 3656 349 3757 410">
     <span class='ocr_line' id='line_1_62' title="bbox 3656 349 3757 410; baseline 0.01 -1"><span class='ocrx_word' id='word_1_478' title='bbox 3656 349 3757 410; x_wconf 66' lang='grc' dir='ltr'>ω</span> 
     </span>
    </p>
   </div>
   <div class='ocr_carea' id='block_1_63' title="bbox 2180 447 3753 525">
    <p class='ocr_par' dir='ltr' id='par_1_63' title="bbox 2180 447 3753 525">
     <span class='ocr_line' id='line_1_63' title="bbox 2180 447 3753 525; baseline 0.012 -26"><span class='ocrx_word' id='word_1_479' title='bbox 2180 447 2360 502; x_wconf 90' lang='lat' dir='ltr'><strong>animo</strong></span> <span class='ocrx_word' id='word_1_480' title='bbox 2386 450 2621 519; x_wconf 84' lang='lat' dir='ltr'><strong>angitur.</strong></span> <span class='ocrx_word' id='word_1_481' title='bbox 2656 450 2843 506; x_wconf 82' lang='lat' dir='ltr'><strong>Videu‘</strong></span> <span class='ocrx_word' id='word_1_482' title='bbox 2875 455 3013 523; x_wconf 87' lang='lat' dir='ltr'><strong>quod</strong></span> <span class='ocrx_word' id='word_1_483' title='bbox 3034 496 3048 520; x_wconf 93' lang='lat'><strong>,</strong></span> <span class='ocrx_word' id='word_1_484' title='bbox 3081 455 3216 512; x_wconf 86' lang='lat' dir='ltr'><strong>sicut</strong></span> <span class='ocrx_word' id='word_1_485' title='bbox 3243 458 3386 525; x_wconf 91' lang='lat' dir='ltr'><strong>dixi,</strong></span> <span class='ocrx_word' id='word_1_486' title='bbox 3419 474 3523 514; x_wconf 89' lang='lat' dir='ltr'><strong>non</strong></span> <span class='ocrx_word' id='word_1_487' title='bbox 3554 471 3753 518; x_wconf 82' lang='lat' dir='ltr'><strong>tantam</strong></span> 
     </span>
    </p>
   </div>
   <div class='ocr_carea' id='block_1_64' title="bbox 2176 540 3752 619">
    <p class='ocr_par' dir='ltr' id='par_1_64' title="bbox 2176 540 3752 619">
     <span class='ocr_line' id='line_1_64' title="bbox 2176 540 3752 619; baseline 0.011 -30"><span class='ocrx_word' id='word_1_488' title='bbox 2176 552 2239 589; x_wconf 90' lang='lat' dir='ltr'><strong>ex</strong></span> <span class='ocrx_word' id='word_1_489' title='bbox 2273 540 2626 605; x_wconf 58' lang='lat' dir='ltr'><strong>praesentibus</strong></span> <span class='ocrx_word' id='word_1_490' title='bbox 2648 543 2916 611; x_wconf 89' lang='lat' dir='ltr'><strong>accipiunt</strong></span> <span class='ocrx_word' id='word_1_491' title='bbox 2939 546 3261 614; x_wconf 85' lang='lat' dir='ltr'><strong>voluptatem</strong></span> <span class='ocrx_word' id='word_1_492' title='bbox 3284 566 3373 619; x_wconf 81' lang='lat' dir='ltr'><strong>qui</strong></span> <span class='ocrx_word' id='word_1_493' title='bbox 3395 560 3518 605; x_wconf 91' lang='lat' dir='ltr'><strong>sunt</strong></span> <span class='ocrx_word' id='word_1_494' title='bbox 3539 552 3752 617; x_wconf 75' lang='lat' dir='ltr'><strong>divites,</strong></span> 
     </span>
    </p>
   </div>
   <div class='ocr_carea' id='block_1_65' title="bbox 2177 632 3751 714">
    <p class='ocr_par' dir='ltr' id='par_1_65' title="bbox 2177 632 3751 714">
     <span class='ocr_line' id='line_1_65' title="bbox 2177 632 3751 714; baseline 0.013 -36"><span class='ocrx_word' id='word_1_495' title='bbox 2177 636 2427 694; x_wconf 87' lang='lat' dir='ltr'><strong>quantam</strong></span> <span class='ocrx_word' id='word_1_496' title='bbox 2474 632 2639 686; x_wconf 91' lang='lat' dir='ltr'><strong>animi</strong></span> <span class='ocrx_word' id='word_1_497' title='bbox 2684 635 2951 688; x_wconf 70' lang='lat' dir='ltr'><strong>sustinent</strong></span> <span class='ocrx_word' id='word_1_498' title='bbox 2998 634 3366 705; x_wconf 53' lang='lat' dir='ltr'><strong>:rg’ritudinem</strong></span> <span class='ocrx_word' id='word_1_499' title='bbox 3412 656 3475 696; x_wconf 90' lang='lat' dir='ltr'><strong>ex</strong></span> <span class='ocrx_word' id='word_1_500' title='bbox 3521 643 3587 697; x_wconf 90' lang='lat' dir='ltr'><strong>iis</strong></span> <span class='ocrx_word' id='word_1_501' title='bbox 3634 660 3751 714; x_wconf 64' lang='lat' dir='ltr'><strong>qua:</strong></span> 
     </span>
    </p>
   </div>
   <div class='ocr_carea' id='block_1_66' title="bbox 2176 719 3753 796">
    <p class='ocr_par' dir='ltr' id='par_1_66' title="bbox 2176 719 3753 796">
     <span class='ocr_line' id='line_1_66' title="bbox 2176 719 3753 796; baseline 0.012 -25"><span class='ocrx_word' id='word_1_502' title='bbox 2176 719 2410 773; x_wconf 84' lang='lat' dir='ltr'><strong>nondum</strong></span> <span class='ocrx_word' id='word_1_503' title='bbox 2457 722 2830 779; x_wconf 87' lang='lat' dir='ltr'><strong>advenerunt?</strong></span> <span class='ocrx_word' id='word_1_504' title='bbox 2877 725 3009 780; x_wconf 79' lang='lat' dir='ltr'><strong>Nam</strong></span> <span class='ocrx_word' id='word_1_505' title='bbox 3052 729 3142 796; x_wconf 93' lang='lat' dir='ltr'><strong>qui</strong></span> <span class='ocrx_word' id='word_1_506' title='bbox 3182 729 3429 785; x_wconf 79' lang='lat' dir='ltr'><strong>frumenti</strong></span> <span class='ocrx_word' id='word_1_507' title='bbox 3470 748 3753 790; x_wconf 79' lang='lat' dir='ltr'><strong>mensuras</strong></span> 
     </span>
    </p>
   </div>
   <div class='ocr_carea' id='block_1_67' title="bbox 2174 809 3752 891">
    <p class='ocr_par' dir='ltr' id='par_1_67' title="bbox 2174 809 3752 891">
     <span class='ocr_line' id='line_1_67' title="bbox 2174 809 3752 891; baseline 0.012 -31"><span class='ocrx_word' id='word_1_508' title='bbox 2174 809 2481 878; x_wconf 89' lang='lat' dir='ltr'><strong>possidebat</strong></span> <span class='ocrx_word' id='word_1_509' title='bbox 2528 814 2836 870; x_wconf 88' lang='lat' dir='ltr'><strong>innumeras</strong></span> <span class='ocrx_word' id='word_1_510' title='bbox 2862 856 2877 880; x_wconf 92' lang='lat'><strong>,</strong></span> <span class='ocrx_word' id='word_1_511' title='bbox 2909 817 3078 886; x_wconf 88' lang='lat' dir='ltr'><strong>magis</strong></span> <span class='ocrx_word' id='word_1_512' title='bbox 3116 817 3331 873; x_wconf 88' lang='lat' dir='ltr'><strong>dolebat</strong></span> <span class='ocrx_word' id='word_1_513' title='bbox 3358 831 3411 876; x_wconf 93' lang='lat' dir='ltr'><strong>et</strong></span> <span class='ocrx_word' id='word_1_514' title='bbox 3441 822 3752 891; x_wconf 80' lang='lat' dir='ltr'><strong>ingemisce-</strong></span> 
     </span>
    </p>
   </div>
   <div class='ocr_carea' id='block_1_68' title="bbox 2171 900 3750 982">
    <p class='ocr_par' dir='ltr' id='par_1_68' title="bbox 2171 900 3750 982">
     <span class='ocr_line' id='line_1_68' title="bbox 2171 900 3750 982; baseline 0.009 -29"><span class='ocrx_word' id='word_1_515' title='bbox 2171 900 2284 964; x_wconf 90' lang='lat' dir='ltr'><strong>bat,</strong></span> <span class='ocrx_word' id='word_1_516' title='bbox 2312 917 2468 971; x_wconf 90' lang='lat' dir='ltr'><strong>quam</strong></span> <span class='ocrx_word' id='word_1_517' title='bbox 2496 905 2586 973; x_wconf 92' lang='lat' dir='ltr'><strong>qui</strong></span> <span class='ocrx_word' id='word_1_518' title='bbox 2614 907 2886 961; x_wconf 88' lang='lat' dir='ltr'><strong>esuriebat</strong></span> <span class='ocrx_word' id='word_1_519' title='bbox 2911 924 2925 962; x_wconf 91' lang='lat'><strong>:</strong></span> <span class='ocrx_word' id='word_1_520' title='bbox 2948 917 3001 961; x_wconf 90' lang='lat' dir='ltr'><strong>et</strong></span> <span class='ocrx_word' id='word_1_521' title='bbox 3027 906 3116 977; x_wconf 91' lang='lat' dir='ltr'><strong>qui</strong></span> <span class='ocrx_word' id='word_1_522' title='bbox 3147 912 3503 965; x_wconf 84' lang='lat' dir='ltr'><strong>necessarium</strong></span> <span class='ocrx_word' id='word_1_523' title='bbox 3535 912 3750 982; x_wconf 83' lang='lat' dir='ltr'><strong>quidem</strong></span> 
     </span>
    </p>
   </div>
   <div class='ocr_carea' id='block_1_69' title="bbox 2173 990 3753 1063">
    <p class='ocr_par' dir='ltr' id='par_1_69' title="bbox 2173 990 3753 1063">
     <span class='ocr_line' id='line_1_69' title="bbox 2173 990 3753 1063; baseline 0.011 -19"><span class='ocrx_word' id='word_1_524' title='bbox 2173 990 2403 1047; x_wconf 90' lang='lat' dir='ltr'><strong>habebat</strong></span> <span class='ocrx_word' id='word_1_525' title='bbox 2426 994 2760 1063; x_wconf 85' lang='lat' dir='ltr'><strong>alimentum,</strong></span> <span class='ocrx_word' id='word_1_526' title='bbox 2784 999 3144 1053; x_wconf 87' lang='lat' dir='ltr'><strong>coronabatur</strong></span> <span class='ocrx_word' id='word_1_527' title='bbox 3166 1010 3221 1054; x_wconf 90' lang='lat' dir='ltr'><strong>et</strong></span> <span class='ocrx_word' id='word_1_528' title='bbox 3246 1002 3544 1057; x_wconf 84' lang='lat' dir='ltr'><strong>exsultabat</strong></span> <span class='ocrx_word' id='word_1_529' title='bbox 3562 1014 3617 1058; x_wconf 91' lang='lat' dir='ltr'><strong>et</strong></span> <span class='ocrx_word' id='word_1_530' title='bbox 3641 1006 3753 1061; x_wconf 90' lang='lat' dir='ltr'><strong>Deo</strong></span> 
     </span>
    </p>
   </div>
   <div class='ocr_carea' id='block_1_70' title="bbox 2170 1083 3752 1163">
    <p class='ocr_par' dir='ltr' id='par_1_70' title="bbox 2170 1083 3752 1163">
     <span class='ocr_line' id='line_1_70' title="bbox 2170 1083 3752 1163; baseline 0.01 -30"><span class='ocrx_word' id='word_1_531' title='bbox 2170 1083 2362 1150; x_wconf 89' lang='lat' dir='ltr'><strong>agebat</strong></span> <span class='ocrx_word' id='word_1_532' title='bbox 2382 1085 2609 1153; x_wconf 82' lang='lat' dir='ltr'><strong>gratias;</strong></span> <span class='ocrx_word' id='word_1_533' title='bbox 2636 1088 2726 1155; x_wconf 90' lang='lat' dir='ltr'><strong>qui</strong></span> <span class='ocrx_word' id='word_1_534' title='bbox 2747 1097 2923 1142; x_wconf 91' lang='lat' dir='ltr'><strong>autem</strong></span> <span class='ocrx_word' id='word_1_535' title='bbox 2948 1098 3055 1144; x_wconf 89' lang='lat' dir='ltr'><strong>tam</strong></span> <span class='ocrx_word' id='word_1_536' title='bbox 3077 1091 3239 1143; x_wconf 91' lang='lat' dir='ltr'><strong>multa</strong></span> <span class='ocrx_word' id='word_1_537' title='bbox 3264 1090 3587 1159; x_wconf 79' lang='lat' dir='ltr'><strong>possidebat,</strong></span> <span class='ocrx_word' id='word_1_538' title='bbox 3610 1110 3752 1163; x_wconf 57' lang='lat' dir='ltr'><strong>agre</strong></span> 
     </span>
    </p>
   </div>
   <div class='ocr_carea' id='block_1_71' title="bbox 2171 1169 3745 1251">
    <p class='ocr_par' dir='ltr' id='par_1_71' title="bbox 2171 1169 3745 1251">
     <span class='ocr_line' id='line_1_71' title="bbox 2171 1169 3745 1251; baseline 0.008 -27"><span class='ocrx_word' id='word_1_539' title='bbox 2171 1169 2398 1239; x_wconf 91' lang='lat' dir='ltr'><strong>ferebat,</strong></span> <span class='ocrx_word' id='word_1_540' title='bbox 2421 1182 2475 1227; x_wconf 91' lang='lat' dir='ltr'><strong>et</strong></span> <span class='ocrx_word' id='word_1_541' title='bbox 2496 1189 2555 1229; x_wconf 89' lang='lat' dir='ltr'><strong>se</strong></span> <span class='ocrx_word' id='word_1_542' title='bbox 2577 1176 2799 1244; x_wconf 91' lang='lat' dir='ltr'><strong>periisse</strong></span> <span class='ocrx_word' id='word_1_543' title='bbox 2818 1177 3177 1233; x_wconf 82' lang='lat' dir='ltr'><strong>existimabat.</strong></span> <span class='ocrx_word' id='word_1_544' title='bbox 3198 1179 3317 1234; x_wconf 75' lang='lat' dir='ltr'><strong>Non</strong></span> <span class='ocrx_word' id='word_1_545' title='bbox 3337 1188 3565 1251; x_wconf 82' lang='lat' dir='ltr'><strong>estergo</strong></span> <span class='ocrx_word' id='word_1_546' title='bbox 3581 1183 3745 1238; x_wconf 87' lang='lat' dir='ltr'><strong>abun-</strong></span> 
     </span>
    </p>
   </div>
   <div class='ocr_carea' id='block_1_72' title="bbox 2171 1261 3750 1343">
    <p class='ocr_par' dir='ltr' id='par_1_72' title="bbox 2171 1261 3750 1343">
     <span class='ocr_line' id='line_1_72' title="bbox 2171 1261 3750 1343; baseline 0.009 -28"><span class='ocrx_word' id='word_1_547' title='bbox 2171 1261 2350 1317; x_wconf 88' lang='lat' dir='ltr'><strong>dantia</strong></span> <span class='ocrx_word' id='word_1_548' title='bbox 2377 1281 2495 1335; x_wconf 85' lang='lat' dir='ltr'><strong>quae</strong></span> <span class='ocrx_word' id='word_1_549' title='bbox 2521 1266 2686 1322; x_wconf 85' lang='lat' dir='ltr'><strong>efficit</strong></span> <span class='ocrx_word' id='word_1_550' title='bbox 2714 1268 3063 1339; x_wconf 89' lang='lat' dir='ltr'><strong>voluptatem,</strong></span> <span class='ocrx_word' id='word_1_551' title='bbox 3097 1271 3192 1326; x_wconf 91' lang='lat' dir='ltr'><strong>sed</strong></span> <span class='ocrx_word' id='word_1_552' title='bbox 3222 1288 3371 1328; x_wconf 89' lang='lat' dir='ltr'><strong>mens</strong></span> <span class='ocrx_word' id='word_1_553' title='bbox 3396 1272 3750 1343; x_wconf 76' lang='lat' dir='ltr'><strong>philosOphizu</strong></span> 
     </span>
    </p>
   </div>
   <div class='ocr_carea' id='block_1_73' title="bbox 2169 1353 3749 1432">
    <p class='ocr_par' dir='ltr' id='par_1_73' title="bbox 2169 1353 3749 1432">
     <span class='ocr_line' id='line_1_73' title="bbox 2169 1353 3749 1432; baseline 0.008 -26"><span class='ocrx_word' id='word_1_554' title='bbox 2169 1353 2367 1409; x_wconf 87' lang='lat' dir='ltr'><strong>dedita.</strong></span> <span class='ocrx_word' id='word_1_555' title='bbox 2396 1356 2528 1410; x_wconf 89' lang='lat' dir='ltr'><strong>Nam</strong></span> <span class='ocrx_word' id='word_1_556' title='bbox 2554 1359 2756 1428; x_wconf 91' lang='lat' dir='ltr'><strong>absque</strong></span> <span class='ocrx_word' id='word_1_557' title='bbox 2776 1375 2841 1415; x_wconf 86' lang='lat' dir='ltr'><strong>ea</strong></span> <span class='ocrx_word' id='word_1_558' title='bbox 2867 1361 3075 1415; x_wconf 89' lang='lat' dir='ltr'><strong>etiamsi</strong></span> <span class='ocrx_word' id='word_1_559' title='bbox 3103 1363 3366 1432; x_wconf 87' lang='lat' dir='ltr'><strong>quispiam</strong></span> <span class='ocrx_word' id='word_1_560' title='bbox 3393 1365 3569 1417; x_wconf 84' lang='lat' dir='ltr'><strong>omnia</strong></span> <span class='ocrx_word' id='word_1_561' title='bbox 3595 1378 3749 1419; x_wconf 82' lang='lat' dir='ltr'><strong>accc-</strong></span> 
     </span>
    </p>
   </div>
   <div class='ocr_carea' id='block_1_74' title="bbox 2172 1444 3751 1521">
    <p class='ocr_par' dir='ltr' id='par_1_74' title="bbox 2172 1444 3751 1521">
     <span class='ocr_line' id='line_1_74' title="bbox 2172 1444 3751 1521; baseline 0.007 -23"><span class='ocrx_word' id='word_1_562' title='bbox 2172 1444 2329 1512; x_wconf 89' lang='lat' dir='ltr'><strong>perit,</strong></span> <span class='ocrx_word' id='word_1_563' title='bbox 2362 1454 2633 1516; x_wconf 87' lang='lat' dir='ltr'><strong>tamquam</strong></span> <span class='ocrx_word' id='word_1_564' title='bbox 2659 1451 2907 1504; x_wconf 89' lang='lat' dir='ltr'><strong>omnibus</strong></span> <span class='ocrx_word' id='word_1_565' title='bbox 2932 1452 3168 1521; x_wconf 90' lang='lat' dir='ltr'><strong>privatus</strong></span> <span class='ocrx_word' id='word_1_566' title='bbox 3191 1453 3451 1507; x_wconf 83' lang='lat' dir='ltr'><strong>efficietur</strong></span> <span class='ocrx_word' id='word_1_567' title='bbox 3470 1462 3525 1509; x_wconf 87' lang='lat' dir='ltr'><strong>et</strong></span> <span class='ocrx_word' id='word_1_568' title='bbox 3547 1453 3751 1509; x_wconf 80' lang='lat' dir='ltr'><strong>lamen-</strong></span> 
     </span>
    </p>
   </div>
   <div class='ocr_carea' id='block_1_75' title="bbox 2170 1534 3749 1611">
    <p class='ocr_par' dir='ltr' id='par_1_75' title="bbox 2170 1534 3749 1611">
     <span class='ocr_line' id='line_1_75' title="bbox 2170 1534 3749 1611; baseline 0.007 -23"><span class='ocrx_word' id='word_1_569' title='bbox 2170 1534 2389 1590; x_wconf 90' lang='lat' dir='ltr'><strong>tabitur.</strong></span> <span class='ocrx_word' id='word_1_570' title='bbox 2423 1536 2520 1592; x_wconf 89' lang='lat' dir='ltr'><strong>llic</strong></span> <span class='ocrx_word' id='word_1_571' title='bbox 2547 1540 2711 1606; x_wconf 88' lang='lat' dir='ltr'><strong>enim,</strong></span> <span class='ocrx_word' id='word_1_572' title='bbox 2744 1540 2813 1595; x_wconf 91' lang='lat' dir='ltr'><strong>de</strong></span> <span class='ocrx_word' id='word_1_573' title='bbox 2838 1557 2943 1610; x_wconf 89' lang='lat' dir='ltr'><strong>quo</strong></span> <span class='ocrx_word' id='word_1_574' title='bbox 2974 1558 3115 1597; x_wconf 88' lang='lat' dir='ltr'><strong>nunc</strong></span> <span class='ocrx_word' id='word_1_575' title='bbox 3139 1544 3332 1611; x_wconf 90' lang='lat' dir='ltr'><strong>agitur,</strong></span> <span class='ocrx_word' id='word_1_576' title='bbox 3361 1545 3569 1599; x_wconf 89' lang='lat' dir='ltr'><strong>etiamsi</strong></span> <span class='ocrx_word' id='word_1_577' title='bbox 3600 1555 3749 1599; x_wconf 86' lang='lat' dir='ltr'><strong>tanto</strong></span> 
     </span>
    </p>
   </div>
   <div class='ocr_carea' id='block_1_76' title="bbox 2168 1628 3744 1704">
    <p class='ocr_par' dir='ltr' id='par_1_76' title="bbox 2168 1628 3744 1704">
     <span class='ocr_line' id='line_1_76' title="bbox 2168 1628 3744 1704; baseline 0.01 -27"><span class='ocrx_word' id='word_1_578' title='bbox 2168 1636 2369 1693; x_wconf 89' lang='lat' dir='ltr'><strong>quanto</strong></span> <span class='ocrx_word' id='word_1_579' title='bbox 2413 1628 2672 1683; x_wconf 84' lang='lat' dir='ltr'><strong>voluisset</strong></span> <span class='ocrx_word' id='word_1_580' title='bbox 2715 1633 2889 1699; x_wconf 87' lang='lat' dir='ltr'><strong>pretio</strong></span> <span class='ocrx_word' id='word_1_581' title='bbox 2933 1634 3261 1689; x_wconf 86' lang='lat' dir='ltr'><strong>vendidisset</strong></span> <span class='ocrx_word' id='word_1_582' title='bbox 3306 1651 3424 1704; x_wconf 76' lang='lat' dir='ltr'><strong>qua:</strong></span> <span class='ocrx_word' id='word_1_583' title='bbox 3472 1636 3744 1703; x_wconf 89' lang='lat' dir='ltr'><strong>habebat,</strong></span> 
     </span>
    </p>
   </div>
   <div class='ocr_carea' id='block_1_77' title="bbox 2165 1720 3746 1793">
    <p class='ocr_par' dir='ltr' id='par_1_77' title="bbox 2165 1720 3746 1793">
     <span class='ocr_line' id='line_1_77' title="bbox 2165 1720 3746 1793; baseline 0.008 -22"><span class='ocrx_word' id='word_1_584' title='bbox 2165 1732 2349 1773; x_wconf 86' lang='lat' dir='ltr'><strong>rursus</strong></span> <span class='ocrx_word' id='word_1_585' title='bbox 2390 1720 2650 1775; x_wconf 89' lang='lat' dir='ltr'><strong>doluisset</strong></span> <span class='ocrx_word' id='word_1_586' title='bbox 2683 1723 2824 1790; x_wconf 93' lang='lat' dir='ltr'><strong>quod</strong></span> <span class='ocrx_word' id='word_1_587' title='bbox 2865 1738 2969 1777; x_wconf 91' lang='lat' dir='ltr'><strong>non</strong></span> <span class='ocrx_word' id='word_1_588' title='bbox 3012 1726 3178 1793; x_wconf 86' lang='lat' dir='ltr'><strong>pluris</strong></span> <span class='ocrx_word' id='word_1_589' title='bbox 3219 1727 3549 1783; x_wconf 87' lang='lat' dir='ltr'><strong>vendidisset</strong></span> <span class='ocrx_word' id='word_1_590' title='bbox 3577 1749 3590 1784; x_wconf 89' lang='lat'><strong>:</strong></span> <span class='ocrx_word' id='word_1_591' title='bbox 3618 1740 3672 1783; x_wconf 93' lang='lat' dir='ltr'><strong>et</strong></span> <span class='ocrx_word' id='word_1_592' title='bbox 3700 1730 3746 1784; x_wconf 93' lang='lat' dir='ltr'><strong>si</strong></span> 
     </span>
    </p>
   </div>
   <div class='ocr_carea' id='block_1_78' title="bbox 2168 1808 3745 1887">
    <p class='ocr_par' dir='ltr' id='par_1_78' title="bbox 2168 1808 3745 1887">
     <span class='ocr_line' id='line_1_78' title="bbox 2168 1808 3745 1887; baseline 0.009 -28"><span class='ocrx_word' id='word_1_593' title='bbox 2168 1808 2337 1875; x_wconf 88' lang='lat' dir='ltr'><strong>pluris</strong></span> <span class='ocrx_word' id='word_1_594' title='bbox 2363 1810 2662 1877; x_wconf 90' lang='lat' dir='ltr'><strong>potuisset,</strong></span> <span class='ocrx_word' id='word_1_595' title='bbox 2692 1827 2876 1866; x_wconf 88' lang='lat' dir='ltr'><strong>rursus</strong></span> <span class='ocrx_word' id='word_1_596' title='bbox 2904 1813 3063 1867; x_wconf 90' lang='lat' dir='ltr'><strong>aliam</strong></span> <span class='ocrx_word' id='word_1_597' title='bbox 3090 1816 3423 1882; x_wconf 75' lang='lat' dir='ltr'><strong>quzesivisset</strong></span> <span class='ocrx_word' id='word_1_598' title='bbox 3452 1833 3745 1887; x_wconf 87' lang='lat' dir='ltr'><strong>exsupera-</strong></span> 
     </span>
    </p>
   </div>
   <div class='ocr_carea' id='block_1_79' title="bbox 2168 1899 3746 1974">
    <p class='ocr_par' dir='ltr' id='par_1_79' title="bbox 2168 1899 3746 1974">
     <span class='ocr_line' id='line_1_79' title="bbox 2168 1899 3746 1974; baseline 0.01 -25"><span class='ocrx_word' id='word_1_599' title='bbox 2168 1899 2366 1951; x_wconf 91' lang='lat' dir='ltr'><strong>tionem</strong></span> <span class='ocrx_word' id='word_1_600' title='bbox 2394 1915 2409 1951; x_wconf 88' lang='lat'><strong>:</strong></span> <span class='ocrx_word' id='word_1_601' title='bbox 2435 1908 2489 1953; x_wconf 91' lang='lat' dir='ltr'><strong>et</strong></span> <span class='ocrx_word' id='word_1_602' title='bbox 2514 1901 2558 1954; x_wconf 94' lang='lat' dir='ltr'><strong>si</strong></span> <span class='ocrx_word' id='word_1_603' title='bbox 2588 1902 2823 1955; x_wconf 87' lang='lat' dir='ltr'><strong>modium</strong></span> <span class='ocrx_word' id='word_1_604' title='bbox 2856 1916 2961 1956; x_wconf 93' lang='lat' dir='ltr'><strong>uno</strong></span> <span class='ocrx_word' id='word_1_605' title='bbox 2986 1917 3150 1956; x_wconf 87' lang='lat' dir='ltr'><strong>aureo</strong></span> <span class='ocrx_word' id='word_1_606' title='bbox 3178 1906 3629 1974; x_wconf 84' lang='lat' dir='ltr'><strong>venumdedisset,</strong></span> <span class='ocrx_word' id='word_1_607' title='bbox 3658 1908 3746 1964; x_wconf 85' lang='lat' dir='ltr'><strong>hic</strong></span> 
     </span>
    </p>
   </div>
   <div class='ocr_carea' id='block_1_80' title="bbox 2165 1992 3744 2064">
    <p class='ocr_par' dir='ltr' id='par_1_80' title="bbox 2165 1992 3744 2064">
     <span class='ocr_line' id='line_1_80' title="bbox 2165 1992 3744 2064; baseline 0.008 -23"><span class='ocrx_word' id='word_1_608' title='bbox 2165 2003 2378 2058; x_wconf 89' lang='lat' dir='ltr'><strong>quoque</strong></span> <span class='ocrx_word' id='word_1_609' title='bbox 2426 2006 2613 2046; x_wconf 86' lang='lat' dir='ltr'><strong>rursus</strong></span> <span class='ocrx_word' id='word_1_610' title='bbox 2659 1992 2823 2046; x_wconf 90' lang='lat' dir='ltr'><strong>animi</strong></span> <span class='ocrx_word' id='word_1_611' title='bbox 2869 1993 3184 2063; x_wconf 63' lang='lat' dir='ltr'><strong>aegritudine</strong></span> <span class='ocrx_word' id='word_1_612' title='bbox 3232 1992 3418 2049; x_wconf 84' lang='lat' dir='ltr'><strong>fuisset</strong></span> <span class='ocrx_word' id='word_1_613' title='bbox 3459 1995 3744 2064; x_wconf 74' lang='lat' dir='ltr'><strong>laceratus,</strong></span> 
     </span>
    </p>
   </div>
   <div class='ocr_carea' id='block_1_81' title="bbox 2166 2078 3745 2147">
    <p class='ocr_par' dir='ltr' id='par_1_81' title="bbox 2166 2078 3745 2147">
     <span class='ocr_line' id='line_1_81' title="bbox 2166 2078 3745 2147; baseline 0.006 -16"><span class='ocrx_word' id='word_1_614' title='bbox 2166 2078 2309 2147; x_wconf 90' lang='lat' dir='ltr'><strong>quod</strong></span> <span class='ocrx_word' id='word_1_615' title='bbox 2339 2093 2444 2133; x_wconf 92' lang='lat' dir='ltr'><strong>non</strong></span> <span class='ocrx_word' id='word_1_616' title='bbox 2469 2080 2602 2135; x_wconf 91' lang='lat' dir='ltr'><strong>tanti</strong></span> <span class='ocrx_word' id='word_1_617' title='bbox 2626 2081 2815 2137; x_wconf 85' lang='lat' dir='ltr'><strong>fuisset</strong></span> <span class='ocrx_word' id='word_1_618' title='bbox 2836 2082 3204 2137; x_wconf 89' lang='lat' dir='ltr'><strong>semimodius.</strong></span> <span class='ocrx_word' id='word_1_619' title='bbox 3232 2083 3287 2139; x_wconf 91' lang='lat' dir='ltr'><strong>Si</strong></span> <span class='ocrx_word' id='word_1_620' title='bbox 3309 2092 3484 2138; x_wconf 90' lang='lat' dir='ltr'><strong>autem</strong></span> <span class='ocrx_word' id='word_1_621' title='bbox 3505 2085 3574 2139; x_wconf 92' lang='lat' dir='ltr'><strong>ab</strong></span> <span class='ocrx_word' id='word_1_622' title='bbox 3594 2088 3745 2141; x_wconf 90' lang='lat' dir='ltr'><strong>initio</strong></span> 
     </span>
    </p>
   </div>
   <div class='ocr_carea' id='block_1_82' title="bbox 2168 2169 3745 2244">
    <p class='ocr_par' dir='ltr' id='par_1_82' title="bbox 2168 2169 3745 2244">
     <span class='ocr_line' id='line_1_82' title="bbox 2168 2169 3745 2244; baseline 0.006 -23"><span class='ocrx_word' id='word_1_623' title='bbox 2168 2183 2275 2221; x_wconf 92' lang='lat' dir='ltr'><strong>non</strong></span> <span class='ocrx_word' id='word_1_624' title='bbox 2311 2170 2441 2223; x_wconf 90' lang='lat' dir='ltr'><strong>tanti</strong></span> <span class='ocrx_word' id='word_1_625' title='bbox 2471 2169 2571 2225; x_wconf 88' lang='lat' dir='ltr'><strong>fuit</strong></span> <span class='ocrx_word' id='word_1_626' title='bbox 2602 2172 2828 2240; x_wconf 89' lang='lat' dir='ltr'><strong>pretium</strong></span> <span class='ocrx_word' id='word_1_627' title='bbox 2851 2214 2867 2237; x_wconf 90' lang='lat'><strong>,</strong></span> <span class='ocrx_word' id='word_1_628' title='bbox 2900 2187 2969 2227; x_wconf 91' lang='lat' dir='ltr'><strong>ne</strong></span> <span class='ocrx_word' id='word_1_629' title='bbox 2995 2174 3226 2227; x_wconf 77' lang='lat' dir='ltr'><strong>mireris.</strong></span> <span class='ocrx_word' id='word_1_630' title='bbox 3267 2172 3401 2228; x_wconf 80' lang='lat' dir='ltr'><strong>Nam</strong></span> <span class='ocrx_word' id='word_1_631' title='bbox 3427 2184 3479 2229; x_wconf 91' lang='lat' dir='ltr'><strong>et</strong></span> <span class='ocrx_word' id='word_1_632' title='bbox 3506 2176 3594 2244; x_wconf 92' lang='lat' dir='ltr'><strong>qui</strong></span> <span class='ocrx_word' id='word_1_633' title='bbox 3621 2188 3745 2232; x_wconf 88' lang='lat' dir='ltr'><strong>sunt</strong></span> 
     </span>
    </p>
   </div>
   <div class='ocr_carea' id='block_1_83' title="bbox 2164 2258 3743 2330">
    <p class='ocr_par' dir='ltr' id='par_1_83' title="bbox 2164 2258 3743 2330">
     <span class='ocr_line' id='line_1_83' title="bbox 2164 2258 3743 2330; baseline 0.006 -17"><span class='ocrx_word' id='word_1_634' title='bbox 2164 2258 2323 2322; x_wconf 88' lang='lat' dir='ltr'><strong>ebrii,</strong></span> <span class='ocrx_word' id='word_1_635' title='bbox 2353 2275 2458 2313; x_wconf 92' lang='lat' dir='ltr'><strong>non</strong></span> <span class='ocrx_word' id='word_1_636' title='bbox 2481 2261 2549 2315; x_wconf 88' lang='lat' dir='ltr'><strong>ab</strong></span> <span class='ocrx_word' id='word_1_637' title='bbox 2570 2262 2723 2315; x_wconf 90' lang='lat' dir='ltr'><strong>initio</strong></span> <span class='ocrx_word' id='word_1_638' title='bbox 2747 2263 3120 2330; x_wconf 89' lang='lat' dir='ltr'><strong>incenduntur,</strong></span> <span class='ocrx_word' id='word_1_639' title='bbox 3142 2265 3235 2319; x_wconf 91' lang='lat' dir='ltr'><strong>sed</strong></span> <span class='ocrx_word' id='word_1_640' title='bbox 3256 2282 3376 2320; x_wconf 91' lang='lat' dir='ltr'><strong>cum</strong></span> <span class='ocrx_word' id='word_1_641' title='bbox 3402 2267 3743 2323; x_wconf 90' lang='lat' dir='ltr'><strong>multo&#39;mero</strong></span> 
     </span>
    </p>
   </div>
   <div class='ocr_carea' id='block_1_84' title="bbox 2165 2347 3735 2419">
    <p class='ocr_par' dir='ltr' id='par_1_84' title="bbox 2165 2347 3735 2419">
     <span class='ocr_line' id='line_1_84' title="bbox 2165 2347 3735 2419; baseline 0.007 -18"><span class='ocrx_word' id='word_1_642' title='bbox 2165 2347 2368 2402; x_wconf 86' lang='lat' dir='ltr'><strong>fuerint</strong></span> <span class='ocrx_word' id='word_1_643' title='bbox 2393 2349 2618 2418; x_wconf 88' lang='lat' dir='ltr'><strong>impleti,</strong></span> <span class='ocrx_word' id='word_1_644' title='bbox 2650 2360 2777 2405; x_wconf 91' lang='lat' dir='ltr'><strong>tunc</strong></span> <span class='ocrx_word' id='word_1_645' title='bbox 2798 2352 3096 2419; x_wconf 92' lang='lat' dir='ltr'><strong>graviorem</strong></span> <span class='ocrx_word' id='word_1_646' title='bbox 3124 2355 3425 2409; x_wconf 89' lang='lat' dir='ltr'><strong>accendunt</strong></span> <span class='ocrx_word' id='word_1_647' title='bbox 3450 2356 3735 2412; x_wconf 82' lang='lat' dir='ltr'><strong>flammam.</strong></span> 
     </span>
    </p>
   </div>
   <div class='ocr_carea' id='block_1_85' title="bbox 2165 2437 3740 2511">
    <p class='ocr_par' dir='ltr' id='par_1_85' title="bbox 2165 2437 3740 2511">
     <span class='ocr_line' id='line_1_85' title="bbox 2165 2437 3740 2511; baseline 0.006 -19"><span class='ocrx_word' id='word_1_648' title='bbox 2165 2437 2308 2507; x_wconf 85' lang='lat' dir='ltr'><strong>Ergo</strong></span> <span class='ocrx_word' id='word_1_649' title='bbox 2332 2439 2420 2492; x_wconf 89' lang='lat' dir='ltr'><strong>isti</strong></span> <span class='ocrx_word' id='word_1_650' title='bbox 2446 2454 2659 2509; x_wconf 90' lang='lat' dir='ltr'><strong>quoque</strong></span> <span class='ocrx_word' id='word_1_651' title='bbox 2682 2454 2790 2509; x_wconf 92' lang='lat' dir='ltr'><strong>quo</strong></span> <span class='ocrx_word' id='word_1_652' title='bbox 2817 2440 2968 2509; x_wconf 88' lang='lat' dir='ltr'><strong>plura</strong></span> <span class='ocrx_word' id='word_1_653' title='bbox 3015 2441 3209 2495; x_wconf 90' lang='lat' dir='ltr'><strong>fuerint</strong></span> <span class='ocrx_word' id='word_1_654' title='bbox 3246 2444 3545 2511; x_wconf 87' lang='lat' dir='ltr'><strong>complexi,</strong></span> <span class='ocrx_word' id='word_1_655' title='bbox 3583 2462 3651 2502; x_wconf 90' lang='lat' dir='ltr'><strong>eo</strong></span> <span class='ocrx_word' id='word_1_656' title='bbox 3689 2450 3740 2501; x_wconf 83' lang='lat' dir='ltr'><strong>in</strong></span> 
     </span>
    </p>
   </div>
   <div class='ocr_carea' id='block_1_86' title="bbox 2164 2527 3742 2604">
    <p class='ocr_par' dir='ltr' id='par_1_86' title="bbox 2164 2527 3742 2604">
     <span class='ocr_line' id='line_1_86' title="bbox 2164 2527 3742 2604; baseline 0.005 -22"><span class='ocrx_word' id='word_1_657' title='bbox 2164 2527 2354 2597; x_wconf 88' lang='lat' dir='ltr'><strong>majori</strong></span> <span class='ocrx_word' id='word_1_658' title='bbox 2394 2538 2519 2583; x_wconf 91' lang='lat' dir='ltr'><strong>sunt</strong></span> <span class='ocrx_word' id='word_1_659' title='bbox 2554 2529 2729 2600; x_wconf 89' lang='lat' dir='ltr'><strong>inopia</strong></span> <span class='ocrx_word' id='word_1_660' title='bbox 2756 2548 2769 2583; x_wconf 95' lang='lat'>:</span> <span class='ocrx_word' id='word_1_661' title='bbox 2792 2541 2846 2585; x_wconf 93' lang='lat' dir='ltr'><strong>et</strong></span> <span class='ocrx_word' id='word_1_662' title='bbox 2874 2530 2963 2600; x_wconf 93' lang='lat' dir='ltr'><strong>qui</strong></span> <span class='ocrx_word' id='word_1_663' title='bbox 2988 2530 3138 2600; x_wconf 91' lang='lat' dir='ltr'><strong>plura</strong></span> <span class='ocrx_word' id='word_1_664' title='bbox 3170 2532 3445 2589; x_wconf 85' lang='lat' dir='ltr'><strong>lucramur</strong></span> <span class='ocrx_word' id='word_1_665' title='bbox 3465 2573 3479 2597; x_wconf 93' lang='lat'><strong>,</strong></span> <span class='ocrx_word' id='word_1_666' title='bbox 3511 2535 3544 2586; x_wconf 93' lang='lat' dir='ltr'><strong>ii</strong></span> <span class='ocrx_word' id='word_1_667' title='bbox 3575 2538 3742 2604; x_wconf 88' lang='lat' dir='ltr'><strong>magis</strong></span> 
     </span>
    </p>
   </div>
   <div class='ocr_carea' id='block_1_87' title="bbox 2162 2620 3742 2690">
    <p class='ocr_par' dir='ltr' id='par_1_87' title="bbox 2162 2620 3742 2690">
     <span class='ocr_line' id='line_1_87' title="bbox 2162 2620 3742 2690; baseline 0.006 -18"><span class='ocrx_word' id='word_1_668' title='bbox 2162 2629 2340 2690; x_wconf 87' lang='lat' dir='ltr'><strong>egent.</strong></span> <span class='ocrx_word' id='word_1_669' title='bbox 2372 2620 2496 2676; x_wconf 64' lang='lat' dir='ltr'><strong>Hac</strong></span> <span class='ocrx_word' id='word_1_670' title='bbox 2519 2632 2694 2676; x_wconf 89' lang='lat' dir='ltr'><strong>autem</strong></span> <span class='ocrx_word' id='word_1_671' title='bbox 2716 2638 2746 2676; x_wconf 93' lang='lat' dir='ltr'><strong>a</strong></span> <span class='ocrx_word' id='word_1_672' title='bbox 2768 2637 2855 2677; x_wconf 88' lang='lat' dir='ltr'><strong>me</strong></span> <span class='ocrx_word' id='word_1_673' title='bbox 2881 2638 2985 2677; x_wconf 89' lang='lat' dir='ltr'><strong>non</strong></span> <span class='ocrx_word' id='word_1_674' title='bbox 3009 2624 3180 2678; x_wconf 91' lang='lat' dir='ltr'><strong>solum</strong></span> <span class='ocrx_word' id='word_1_675' title='bbox 3208 2624 3282 2677; x_wconf 93' lang='lat' dir='ltr'><strong>illi</strong></span> <span class='ocrx_word' id='word_1_676' title='bbox 3309 2624 3448 2679; x_wconf 89' lang='lat' dir='ltr'><strong>dicta</strong></span> <span class='ocrx_word' id='word_1_677' title='bbox 3475 2635 3617 2687; x_wconf 86' lang='lat' dir='ltr'><strong>sunt.</strong></span> <span class='ocrx_word' id='word_1_678' title='bbox 3646 2629 3742 2681; x_wconf 85' lang='lat' dir='ltr'><strong>sed</strong></span> 
     </span>
    </p>
   </div>
   <div class='ocr_carea' id='block_1_88' title="bbox 2163 2713 3742 2785">
    <p class='ocr_par' dir='ltr' id='par_1_88' title="bbox 2163 2713 3742 2785">
     <span class='ocr_line' id='line_1_88' title="bbox 2163 2713 3742 2785; baseline 0.004 -19"><span class='ocrx_word' id='word_1_679' title='bbox 2163 2713 2449 2782; x_wconf 90' lang='lat' dir='ltr'><strong>unicuique</strong></span> <span class='ocrx_word' id='word_1_680' title='bbox 2476 2729 2663 2769; x_wconf 89' lang='lat' dir='ltr'><strong>eorum</strong></span> <span class='ocrx_word' id='word_1_681' title='bbox 2686 2716 2776 2785; x_wconf 92' lang='lat' dir='ltr'><strong>qui</strong></span> <span class='ocrx_word' id='word_1_682' title='bbox 2804 2717 2905 2771; x_wconf 91' lang='lat' dir='ltr'><strong>hoc</strong></span> <span class='ocrx_word' id='word_1_683' title='bbox 2930 2716 3118 2771; x_wconf 90' lang='lat' dir='ltr'><strong>morbo</strong></span> <span class='ocrx_word' id='word_1_684' title='bbox 3145 2717 3406 2783; x_wconf 86' lang='lat' dir='ltr'><strong>laborant,</strong></span> <span class='ocrx_word' id='word_1_685' title='bbox 3436 2727 3490 2772; x_wconf 91' lang='lat' dir='ltr'><strong>et</strong></span> <span class='ocrx_word' id='word_1_686' title='bbox 3515 2733 3742 2772; x_wconf 78' lang='lat' dir='ltr'><strong>annona:</strong></span> 
     </span>
    </p>
   </div>
   <div class='ocr_carea' id='block_1_89' title="bbox 2164 2805 3739 2881">
    <p class='ocr_par' dir='ltr' id='par_1_89' title="bbox 2164 2805 3739 2881">
     <span class='ocr_line' id='line_1_89' title="bbox 2164 2805 3739 2881; baseline 0.006 -24"><span class='ocrx_word' id='word_1_687' title='bbox 2164 2805 2391 2874; x_wconf 90' lang='lat' dir='ltr'><strong>pretium</strong></span> <span class='ocrx_word' id='word_1_688' title='bbox 2423 2815 2634 2874; x_wconf 85' lang='lat' dir='ltr'><strong>augent,</strong></span> <span class='ocrx_word' id='word_1_689' title='bbox 2661 2809 3012 2881; x_wconf 88' lang='lat' dir='ltr'><strong>proximoque</strong></span> <span class='ocrx_word' id='word_1_690' title='bbox 3039 2820 3325 2877; x_wconf 88' lang='lat' dir='ltr'><strong>procurant</strong></span> <span class='ocrx_word' id='word_1_691' title='bbox 3353 2824 3739 2881; x_wconf 84' lang='lat' dir='ltr'><strong>paupertatem.</strong></span> 
     </span>
    </p>
   </div>
   <div class='ocr_carea' id='block_1_90' title="bbox 2164 2888 3743 2970">
    <p class='ocr_par' dir='ltr' id='par_1_90' title="bbox 2164 2888 3743 2970">
     <span class='ocr_line' id='line_1_90' title="bbox 2164 2888 3743 2970; baseline 0.004 -20"><span class='ocrx_word' id='word_1_692' title='bbox 2164 2894 2514 2965; x_wconf 88' lang='lat' dir='ltr'><strong>Benignitatis</strong></span> <span class='ocrx_word' id='word_1_693' title='bbox 2539 2897 2683 2950; x_wconf 92' lang='lat' dir='ltr'><strong>enim</strong></span> <span class='ocrx_word' id='word_1_694' title='bbox 2712 2905 2767 2951; x_wconf 91' lang='lat' dir='ltr'><strong>et</strong></span> <span class='ocrx_word' id='word_1_695' title='bbox 2794 2888 3141 2953; x_wconf 81' lang='lat' dir='ltr'><strong>humanitatis</strong></span> <span class='ocrx_word' id='word_1_696' title='bbox 3167 2913 3427 2968; x_wconf 87' lang='lat' dir='ltr'><strong>nusquam</strong></span> <span class='ocrx_word' id='word_1_697' title='bbox 3459 2902 3596 2970; x_wconf 90' lang='lat' dir='ltr'><strong>apud</strong></span> <span class='ocrx_word' id='word_1_698' title='bbox 3626 2902 3743 2956; x_wconf 88' lang='lat' dir='ltr'><strong>illos</strong></span> 
     </span>
    </p>
   </div>
   <div class='ocr_carea' id='block_1_91' title="bbox 2163 2987 3746 3062">
    <p class='ocr_par' dir='ltr' id='par_1_91' title="bbox 2163 2987 3746 3062">
     <span class='ocr_line' id='line_1_91' title="bbox 2163 2987 3746 3062; baseline 0.005 -22"><span class='ocrx_word' id='word_1_699' title='bbox 2163 2995 2247 3041; x_wconf 91' lang='lat' dir='ltr'><strong>est</strong></span> <span class='ocrx_word' id='word_1_700' title='bbox 2268 2996 2437 3053; x_wconf 82' lang='lat' dir='ltr'><strong>ratio;</strong></span> <span class='ocrx_word' id='word_1_701' title='bbox 2460 2987 2555 3042; x_wconf 89' lang='lat' dir='ltr'><strong>sed</strong></span> <span class='ocrx_word' id='word_1_702' title='bbox 2578 2988 2773 3057; x_wconf 90' lang='lat' dir='ltr'><strong>ubique</strong></span> <span class='ocrx_word' id='word_1_703' title='bbox 2796 2989 3033 3057; x_wconf 73' lang='lat' dir='ltr'><strong>pecunia:</strong></span> <span class='ocrx_word' id='word_1_704' title='bbox 3047 3004 3201 3043; x_wconf 90' lang='lat' dir='ltr'><strong>amor</strong></span> <span class='ocrx_word' id='word_1_705' title='bbox 3217 2991 3481 3044; x_wconf 90' lang='lat' dir='ltr'><strong>venalium</strong></span> <span class='ocrx_word' id='word_1_706' title='bbox 3501 3002 3746 3062; x_wconf 86' lang='lat' dir='ltr'><strong>tempore</strong></span> 
     </span>
    </p>
   </div>
   <div class='ocr_carea' id='block_1_92' title="bbox 2163 3078 3744 3151">
    <p class='ocr_par' dir='ltr' id='par_1_92' title="bbox 2163 3078 3744 3151">
     <span class='ocr_line' id='line_1_92' title="bbox 2163 3078 3744 3151; baseline 0.004 -19"><span class='ocrx_word' id='word_1_707' title='bbox 2163 3078 2362 3132; x_wconf 88' lang='lat' dir='ltr'><strong>multos</strong></span> <span class='ocrx_word' id='word_1_708' title='bbox 2384 3080 2647 3147; x_wconf 85' lang='lat' dir='ltr'><strong>exagitat,</strong></span> <span class='ocrx_word' id='word_1_709' title='bbox 2682 3094 2745 3133; x_wconf 89' lang='lat' dir='ltr'><strong>ac</strong></span> <span class='ocrx_word' id='word_1_710' title='bbox 2773 3078 3097 3135; x_wconf 91' lang='lat' dir='ltr'><strong>frumentum</strong></span> <span class='ocrx_word' id='word_1_711' title='bbox 3125 3089 3179 3133; x_wconf 92' lang='lat' dir='ltr'><strong>et</strong></span> <span class='ocrx_word' id='word_1_712' title='bbox 3205 3081 3383 3134; x_wconf 89' lang='lat' dir='ltr'><strong>vinum</strong></span> <span class='ocrx_word' id='word_1_713' title='bbox 3414 3081 3502 3135; x_wconf 91' lang='lat' dir='ltr'><strong>ille</strong></span> <span class='ocrx_word' id='word_1_714' title='bbox 3525 3084 3744 3151; x_wconf 90' lang='lat' dir='ltr'><strong>quidem</strong></span> 
     </span>
    </p>
   </div>
   <div class='ocr_carea' id='block_1_93' title="bbox 2163 3167 3743 3235">
    <p class='ocr_par' dir='ltr' id='par_1_93' title="bbox 2163 3167 3743 3235">
     <span class='ocr_line' id='line_1_93' title="bbox 2163 3167 3743 3235; baseline 0.003 -13"><span class='ocrx_word' id='word_1_715' title='bbox 2163 3170 2343 3235; x_wconf 88' lang='lat' dir='ltr'><strong>citius,</strong></span> <span class='ocrx_word' id='word_1_716' title='bbox 2367 3167 2454 3221; x_wconf 90' lang='lat' dir='ltr'><strong>hic</strong></span> <span class='ocrx_word' id='word_1_717' title='bbox 2472 3182 2601 3222; x_wconf 91' lang='lat' dir='ltr'><strong>vero</strong></span> <span class='ocrx_word' id='word_1_718' title='bbox 2616 3170 2797 3223; x_wconf 88' lang='lat' dir='ltr'><strong>vendit</strong></span> <span class='ocrx_word' id='word_1_719' title='bbox 2817 3170 3017 3225; x_wconf 89' lang='lat' dir='ltr'><strong>tardius</strong></span> <span class='ocrx_word' id='word_1_720' title='bbox 3037 3187 3052 3235; x_wconf 89' lang='lat'><strong>;</strong></span> <span class='ocrx_word' id='word_1_721' title='bbox 3077 3180 3265 3225; x_wconf 91' lang='lat' dir='ltr'><strong>neuter</strong></span> <span class='ocrx_word' id='word_1_722' title='bbox 3278 3182 3455 3225; x_wconf 86' lang='lat' dir='ltr'><strong>autem</strong></span> <span class='ocrx_word' id='word_1_723' title='bbox 3473 3171 3542 3224; x_wconf 93' lang='lat' dir='ltr'><strong>ob</strong></span> <span class='ocrx_word' id='word_1_724' title='bbox 3561 3183 3743 3226; x_wconf 88' lang='lat' dir='ltr'><strong>curam</strong></span> 
     </span>
    </p>
   </div>
   <div class='ocr_carea' id='block_1_94' title="bbox 2166 3256 3746 3329">
    <p class='ocr_par' dir='ltr' id='par_1_94' title="bbox 2166 3256 3746 3329">
     <span class='ocr_line' id='line_1_94' title="bbox 2166 3256 3746 3329; baseline 0.002 -18"><span class='ocrx_word' id='word_1_725' title='bbox 2166 3274 2323 3327; x_wconf 89' lang='lat' dir='ltr'><strong>quam</strong></span> <span class='ocrx_word' id='word_1_726' title='bbox 2352 3256 2580 3328; x_wconf 66' lang='lat' dir='ltr'><strong>publicae</strong></span> <span class='ocrx_word' id='word_1_727' title='bbox 2606 3258 2681 3311; x_wconf 90' lang='lat' dir='ltr'><strong>rei</strong></span> <span class='ocrx_word' id='word_1_728' title='bbox 2707 3268 2876 3327; x_wconf 90' lang='lat' dir='ltr'><strong>gerat,</strong></span> <span class='ocrx_word' id='word_1_729' title='bbox 2905 3259 2999 3313; x_wconf 90' lang='lat' dir='ltr'><strong>sed</strong></span> <span class='ocrx_word' id='word_1_730' title='bbox 3030 3260 3122 3313; x_wconf 88' lang='lat' dir='ltr'><strong>ille</strong></span> <span class='ocrx_word' id='word_1_731' title='bbox 3147 3260 3361 3329; x_wconf 92' lang='lat' dir='ltr'><strong>quidem</strong></span> <span class='ocrx_word' id='word_1_732' title='bbox 3394 3268 3447 3313; x_wconf 93' lang='lat' dir='ltr'><strong>ul</strong></span> <span class='ocrx_word' id='word_1_733' title='bbox 3481 3260 3628 3328; x_wconf 89' lang='lat' dir='ltr'><strong>plura</strong></span> <span class='ocrx_word' id='word_1_734' title='bbox 3655 3275 3746 3314; x_wconf 66' lang='grc' dir='ltr'><strong>θος</strong></span> 
     </span>
    </p>
   </div>
   <div class='ocr_carea' id='block_1_95' title="bbox 2166 3348 3636 3418">
    <p class='ocr_par' dir='ltr' id='par_1_95' title="bbox 2166 3348 3636 3418">
     <span class='ocr_line' id='line_1_95' title="bbox 2166 3348 3636 3418; baseline -0.002 -14"><span class='ocrx_word' id='word_1_735' title='bbox 2166 3350 2353 3418; x_wconf 89' lang='lat' dir='ltr'><strong>cipiat,</strong></span> <span class='ocrx_word' id='word_1_736' title='bbox 2383 3348 2471 3403; x_wconf 90' lang='lat' dir='ltr'><strong>hic</strong></span> <span class='ocrx_word' id='word_1_737' title='bbox 2494 3356 2672 3402; x_wconf 92' lang='lat' dir='ltr'><strong>autem</strong></span> <span class='ocrx_word' id='word_1_738' title='bbox 2700 3362 2770 3402; x_wconf 90' lang='lat' dir='ltr'><strong>ne</strong></span> <span class='ocrx_word' id='word_1_739' title='bbox 2797 3349 3075 3417; x_wconf 89' lang='lat' dir='ltr'><strong>pauciora,</strong></span> <span class='ocrx_word' id='word_1_740' title='bbox 3104 3349 3181 3403; x_wconf 91' lang='lat' dir='ltr'><strong>sic</strong></span> <span class='ocrx_word' id='word_1_741' title='bbox 3208 3358 3411 3403; x_wconf 89' lang='lat' dir='ltr'><strong>mutato</strong></span> <span class='ocrx_word' id='word_1_742' title='bbox 3440 3348 3636 3403; x_wconf 90' lang='lat' dir='ltr'><strong>fructu.</strong></span> 
     </span>
    </p>
   </div>
   <div class='ocr_carea' id='block_1_96' title="bbox 2237 3437 3753 3507">
    <p class='ocr_par' dir='ltr' id='par_1_96' title="bbox 2237 3437 3753 3507">
     <span class='ocr_line' id='line_1_96' title="bbox 2237 3437 3753 3507; baseline 0.001 -15"><span class='ocrx_word' id='word_1_743' title='bbox 2237 3441 2521 3492; x_wconf 75' lang='lat' dir='ltr'><strong>Aoarorum</strong></span> <span class='ocrx_word' id='word_1_744' title='bbox 2555 3437 3061 3491; x_wconf 82' lang='lat' dir='ltr'><strong>tenacitas.——Nam</strong></span> <span class='ocrx_word' id='word_1_745' title='bbox 3100 3439 3350 3505; x_wconf 89' lang='lat' dir='ltr'><strong>quoniam</strong></span> <span class='ocrx_word' id='word_1_746' title='bbox 3391 3438 3573 3507; x_wconf 90' lang='lat' dir='ltr'><strong>plures</strong></span> <span class='ocrx_word' id='word_1_747' title='bbox 3613 3438 3753 3507; x_wconf 82' lang='lat' dir='ltr'><strong>legis</strong></span> 
     </span>
    </p>
   </div>
   <div class='ocr_carea' id='block_1_97' title="bbox 2168 3528 3749 3600">
    <p class='ocr_par' dir='ltr' id='par_1_97' title="bbox 2168 3528 3749 3600">
     <span class='ocr_line' id='line_1_97' title="bbox 2168 3528 3749 3600; baseline -0.003 -13"><span class='ocrx_word' id='word_1_748' title='bbox 2168 3532 2263 3587; x_wconf 86' lang='lat' dir='ltr'><strong>Dei</strong></span> <span class='ocrx_word' id='word_1_749' title='bbox 2304 3544 2553 3600; x_wconf 89' lang='lat' dir='ltr'><strong>magnam</strong></span> <span class='ocrx_word' id='word_1_750' title='bbox 2602 3545 2708 3583; x_wconf 92' lang='lat' dir='ltr'><strong>non</strong></span> <span class='ocrx_word' id='word_1_751' title='bbox 2741 3528 2996 3583; x_wconf 88' lang='lat' dir='ltr'><strong>habentes</strong></span> <span class='ocrx_word' id='word_1_752' title='bbox 3027 3530 3325 3592; x_wconf 89' lang='lat' dir='ltr'><strong>rationem,</strong></span> <span class='ocrx_word' id='word_1_753' title='bbox 3357 3529 3532 3581; x_wconf 90' lang='lat' dir='ltr'><strong>omnia</strong></span> <span class='ocrx_word' id='word_1_754' title='bbox 3566 3538 3749 3583; x_wconf 89' lang='lat' dir='ltr'><strong>tenent</strong></span> 
     </span>
    </p>
   </div>
   <div class='ocr_carea' id='block_1_98' title="bbox 2167 3617 3748 3688">
    <p class='ocr_par' dir='ltr' id='par_1_98' title="bbox 2167 3617 3748 3688">
     <span class='ocr_line' id='line_1_98' title="bbox 2167 3617 3748 3688; baseline -0.002 -13"><span class='ocrx_word' id='word_1_755' title='bbox 2167 3622 2310 3676; x_wconf 89' lang='lat' dir='ltr'><strong>intus</strong></span> <span class='ocrx_word' id='word_1_756' title='bbox 2338 3621 2543 3675; x_wconf 89' lang='lat' dir='ltr'><strong>inclusa</strong></span> <span class='ocrx_word' id='word_1_757' title='bbox 2569 3636 2584 3685; x_wconf 90' lang='lat'><strong>;</strong></span> <span class='ocrx_word' id='word_1_758' title='bbox 2631 3620 2788 3673; x_wconf 91' lang='lat' dir='ltr'><strong>aliter</strong></span> <span class='ocrx_word' id='word_1_759' title='bbox 2816 3634 2910 3674; x_wconf 90' lang='lat' dir='ltr'><strong>eos</strong></span> <span class='ocrx_word' id='word_1_760' title='bbox 2939 3618 3081 3673; x_wconf 89' lang='lat' dir='ltr'><strong>Deus</strong></span> <span class='ocrx_word' id='word_1_761' title='bbox 3108 3618 3379 3673; x_wconf 89' lang='lat' dir='ltr'><strong>adducens</strong></span> <span class='ocrx_word' id='word_1_762' title='bbox 3406 3617 3475 3673; x_wconf 89' lang='lat' dir='ltr'><strong>ad</strong></span> <span class='ocrx_word' id='word_1_763' title='bbox 3502 3618 3748 3688; x_wconf 85' lang='lat' dir='ltr'><strong>benigni-</strong></span> 
     </span>
    </p>
   </div>
   <div class='ocr_carea' id='block_1_99' title="bbox 2138 3708 3748 3780">
    <p class='ocr_par' dir='ltr' id='par_1_99' title="bbox 2138 3708 3748 3780">
     <span class='ocr_line' id='line_1_99' title="bbox 2138 3708 3748 3780; baseline -0.001 -15"><span class='ocrx_word' id='word_1_764' title='bbox 2138 3720 2332 3780; x_wconf 88' lang='lat' dir='ltr'><strong>_tatem</strong></span> <span class='ocrx_word' id='word_1_765' title='bbox 2374 3721 2429 3765; x_wconf 90' lang='lat' dir='ltr'><strong>et</strong></span> <span class='ocrx_word' id='word_1_766' title='bbox 2455 3710 2836 3764; x_wconf 89' lang='lat' dir='ltr'><strong>humanitatem</strong></span> <span class='ocrx_word' id='word_1_767' title='bbox 2856 3749 2873 3777; x_wconf 90' lang='lat'><strong>,</strong></span> <span class='ocrx_word' id='word_1_768' title='bbox 2915 3717 2974 3764; x_wconf 92' lang='lat' dir='ltr'><strong>ut</strong></span> <span class='ocrx_word' id='word_1_769' title='bbox 2998 3710 3079 3763; x_wconf 92' lang='lat' dir='ltr'><strong>vel</strong></span> <span class='ocrx_word' id='word_1_770' title='bbox 3111 3725 3175 3763; x_wconf 91' lang='lat' dir='ltr'><strong>ex</strong></span> <span class='ocrx_word' id='word_1_771' title='bbox 3205 3708 3521 3764; x_wconf 85' lang='lat' dir='ltr'><strong>necessitate</strong></span> <span class='ocrx_word' id='word_1_772' title='bbox 3544 3709 3748 3780; x_wconf 91' lang='lat' dir='ltr'><strong>aliquid</strong></span> 
     </span>
    </p>
   </div>
   <div class='ocr_carea' id='block_1_100' title="bbox 2168 3798 3750 3869">
    <p class='ocr_par' dir='ltr' id='par_1_100' title="bbox 2168 3798 3750 3869">
     <span class='ocr_line' id='line_1_100' title="bbox 2168 3798 3750 3869; baseline -0.002 -14"><span class='ocrx_word' id='word_1_773' title='bbox 2168 3800 2293 3855; x_wconf 90' lang='lat' dir='ltr'><strong>boni</strong></span> <span class='ocrx_word' id='word_1_774' title='bbox 2316 3800 2531 3866; x_wconf 91' lang='lat' dir='ltr'><strong>faciant,</strong></span> <span class='ocrx_word' id='word_1_775' title='bbox 2550 3801 2768 3869; x_wconf 88' lang='lat' dir='ltr'><strong>majoris</strong></span> <span class='ocrx_word' id='word_1_776' title='bbox 2788 3799 2970 3854; x_wconf 89' lang='lat' dir='ltr'><strong>damni</strong></span> <span class='ocrx_word' id='word_1_777' title='bbox 2992 3798 3164 3867; x_wconf 90' lang='lat' dir='ltr'><strong>injicit</strong></span> <span class='ocrx_word' id='word_1_778' title='bbox 3179 3808 3380 3853; x_wconf 90' lang='lat' dir='ltr'><strong>metum</strong></span> <span class='ocrx_word' id='word_1_779' title='bbox 3402 3816 3416 3852; x_wconf 88' lang='lat'><strong>:</strong></span> <span class='ocrx_word' id='word_1_780' title='bbox 3438 3814 3542 3853; x_wconf 91' lang='lat' dir='ltr'><strong>non</strong></span> <span class='ocrx_word' id='word_1_781' title='bbox 3563 3800 3750 3853; x_wconf 87' lang='lat' dir='ltr'><strong>sinens</strong></span> 
     </span>
    </p>
   </div>
   <div class='ocr_carea' id='block_1_101' title="bbox 2166 3888 3749 3958">
    <p class='ocr_par' dir='ltr' id='par_1_101' title="bbox 2166 3888 3749 3958">
     <span class='ocr_line' id='line_1_101' title="bbox 2166 3888 3749 3958; baseline -0.001 -13"><span class='ocrx_word' id='word_1_782' title='bbox 2166 3891 2221 3945; x_wconf 94' lang='lat' dir='ltr'><strong>in</strong></span> <span class='ocrx_word' id='word_1_783' title='bbox 2250 3891 2479 3944; x_wconf 91' lang='lat' dir='ltr'><strong>multum</strong></span> <span class='ocrx_word' id='word_1_784' title='bbox 2509 3898 2718 3958; x_wconf 89' lang='lat' dir='ltr'><strong>tempus</strong></span> <span class='ocrx_word' id='word_1_785' title='bbox 2745 3888 2939 3943; x_wconf 89' lang='lat' dir='ltr'><strong>durare</strong></span> <span class='ocrx_word' id='word_1_786' title='bbox 2961 3890 3163 3943; x_wconf 89' lang='lat' dir='ltr'><strong>fructus</strong></span> <span class='ocrx_word' id='word_1_787' title='bbox 3187 3898 3359 3952; x_wconf 68' lang='lat' dir='ltr'><strong>terrae,</strong></span> <span class='ocrx_word' id='word_1_788' title='bbox 3386 3896 3444 3941; x_wconf 91' lang='lat' dir='ltr'><strong>ut</strong></span> <span class='ocrx_word' id='word_1_789' title='bbox 3463 3888 3650 3943; x_wconf 87' lang='lat' dir='ltr'><strong>saltem</strong></span> <span class='ocrx_word' id='word_1_790' title='bbox 3676 3903 3749 3944; x_wconf 82' lang='lat' dir='ltr'><strong>ex</strong></span> 
     </span>
    </p>
   </div>
   <div class='ocr_carea' id='block_1_102' title="bbox 2165 3980 3749 4050">
    <p class='ocr_par' dir='ltr' id='par_1_102' title="bbox 2165 3980 3749 4050">
     <span class='ocr_line' id='line_1_102' title="bbox 2165 3980 3749 4050; baseline -0.003 -12"><span class='ocrx_word' id='word_1_791' title='bbox 2165 3998 2355 4038; x_wconf 88' lang='lat' dir='ltr'><strong>eorum</strong></span> <span class='ocrx_word' id='word_1_792' title='bbox 2384 3982 2732 4050; x_wconf 89' lang='lat' dir='ltr'><strong>corruptione</strong></span> <span class='ocrx_word' id='word_1_793' title='bbox 2775 3981 3028 4034; x_wconf 88' lang='lat' dir='ltr'><strong>damnum</strong></span> <span class='ocrx_word' id='word_1_794' title='bbox 3074 3980 3357 4043; x_wconf 90' lang='lat' dir='ltr'><strong>timentes,</strong></span> <span class='ocrx_word' id='word_1_795' title='bbox 3387 3993 3449 4033; x_wconf 87' lang='lat' dir='ltr'><strong>ea</strong></span> <span class='ocrx_word' id='word_1_796' title='bbox 3480 3980 3565 4034; x_wconf 87' lang='lat' dir='ltr'><strong>vel</strong></span> <span class='ocrx_word' id='word_1_797' title='bbox 3596 3981 3749 4034; x_wconf 87' lang='lat' dir='ltr'><strong>inviti</strong></span> 
     </span>
    </p>
   </div>
   <div class='ocr_carea' id='block_1_103' title="bbox 2168 4070 3747 4142">
    <p class='ocr_par' dir='ltr' id='par_1_103' title="bbox 2168 4070 3747 4142">
     <span class='ocr_line' id='line_1_103' title="bbox 2168 4070 3747 4142; baseline -0.001 -14"><span class='ocrx_word' id='word_1_798' title='bbox 2168 4074 2382 4128; x_wconf 89' lang='lat' dir='ltr'><strong>tradant</strong></span> <span class='ocrx_word' id='word_1_799' title='bbox 2408 4073 2717 4142; x_wconf 88' lang='lat' dir='ltr'><strong>egentibus,</strong></span> <span class='ocrx_word' id='word_1_800' title='bbox 2757 4086 2877 4141; x_wconf 69' lang='lat' dir='ltr'><strong>quae</strong></span> <span class='ocrx_word' id='word_1_801' title='bbox 2914 4071 3061 4125; x_wconf 89' lang='lat' dir='ltr'><strong>domi</strong></span> <span class='ocrx_word' id='word_1_802' title='bbox 3100 4070 3297 4125; x_wconf 88' lang='lat' dir='ltr'><strong>infossa</strong></span> <span class='ocrx_word' id='word_1_803' title='bbox 3328 4070 3467 4125; x_wconf 89' lang='lat' dir='ltr'><strong>male</strong></span> <span class='ocrx_word' id='word_1_804' title='bbox 3509 4080 3747 4127; x_wconf 86' lang='lat' dir='ltr'><strong>servant.</strong></span> 
     </span>
    </p>
   </div>
   <div class='ocr_carea' id='block_1_104' title="bbox 2170 4162 3748 4233">
    <p class='ocr_par' dir='ltr' id='par_1_104' title="bbox 2170 4162 3748 4233">
     <span class='ocr_line' id='line_1_104' title="bbox 2170 4162 3748 4233; baseline -0.001 -14"><span class='ocrx_word' id='word_1_805' title='bbox 2170 4166 2366 4220; x_wconf 78' lang='lat' dir='ltr'><strong>Verum</strong></span> <span class='ocrx_word' id='word_1_806' title='bbox 2408 4173 2528 4233; x_wconf 90' lang='lat' dir='ltr'><strong>post</strong></span> <span class='ocrx_word' id='word_1_807' title='bbox 2567 4163 2682 4217; x_wconf 71' lang='lat' dir='ltr'><strong>hazc</strong></span> <span class='ocrx_word' id='word_1_808' title='bbox 2723 4164 2885 4218; x_wconf 93' lang='lat' dir='ltr'><strong>etiam</strong></span> <span class='ocrx_word' id='word_1_809' title='bbox 2927 4172 3051 4217; x_wconf 90' lang='lat' dir='ltr'><strong>sunt</strong></span> <span class='ocrx_word' id='word_1_810' title='bbox 3087 4162 3302 4232; x_wconf 85' lang='lat' dir='ltr'><strong>quidam</strong></span> <span class='ocrx_word' id='word_1_811' title='bbox 3332 4162 3465 4216; x_wconf 89' lang='lat' dir='ltr'><strong>adeo</strong></span> <span class='ocrx_word' id='word_1_812' title='bbox 3504 4163 3748 4231; x_wconf 87' lang='lat' dir='ltr'><strong>inexple-</strong></span> 
     </span>
    </p>
   </div>
   <div class='ocr_carea' id='block_1_105' title="bbox 2167 4252 3749 4325">
    <p class='ocr_par' dir='ltr' id='par_1_105' title="bbox 2167 4252 3749 4325">
     <span class='ocr_line' id='line_1_105' title="bbox 2167 4252 3749 4325; baseline -0.003 -13"><span class='ocrx_word' id='word_1_813' title='bbox 2167 4258 2325 4322; x_wconf 90' lang='lat' dir='ltr'><strong>biles,</strong></span> <span class='ocrx_word' id='word_1_814' title='bbox 2348 4266 2492 4311; x_wconf 89' lang='lat' dir='ltr'><strong>utne</strong></span> <span class='ocrx_word' id='word_1_815' title='bbox 2513 4256 2637 4311; x_wconf 90' lang='lat' dir='ltr'><strong>hinc</strong></span> <span class='ocrx_word' id='word_1_816' title='bbox 2655 4254 2868 4325; x_wconf 91' lang='lat' dir='ltr'><strong>quidem</strong></span> <span class='ocrx_word' id='word_1_817' title='bbox 2891 4253 3238 4324; x_wconf 83' lang='lat' dir='ltr'><strong>castigentur.</strong></span> <span class='ocrx_word' id='word_1_818' title='bbox 3255 4252 3400 4306; x_wconf 81' lang='lat' dir='ltr'><strong>Multi</strong></span> <span class='ocrx_word' id='word_1_819' title='bbox 3420 4260 3565 4307; x_wconf 82' lang='lat' dir='ltr'><strong>certe</strong></span> <span class='ocrx_word' id='word_1_820' title='bbox 3585 4255 3749 4308; x_wconf 87' lang='lat' dir='ltr'><strong>etiam</strong></span> 
     </span>
    </p>
   </div>
   <div class='ocr_carea' id='block_1_106' title="bbox 2168 4342 3750 4417">
    <p class='ocr_par' dir='ltr' id='par_1_106' title="bbox 2168 4342 3750 4417">
     <span class='ocr_line' id='line_1_106' title="bbox 2168 4342 3750 4417; baseline -0.002 -16"><span class='ocrx_word' id='word_1_821' title='bbox 2168 4348 2373 4417; x_wconf 88' lang='lat' dir='ltr'><strong>integra</strong></span> <span class='ocrx_word' id='word_1_822' title='bbox 2411 4346 2552 4400; x_wconf 87' lang='lat' dir='ltr'><strong>dolia</strong></span> <span class='ocrx_word' id='word_1_823' title='bbox 2596 4346 3005 4411; x_wconf 87' lang='lat' dir='ltr'><strong>exinanierunt,</strong></span> <span class='ocrx_word' id='word_1_824' title='bbox 3046 4354 3103 4398; x_wconf 92' lang='lat' dir='ltr'><strong>et</strong></span> <span class='ocrx_word' id='word_1_825' title='bbox 3140 4357 3208 4398; x_wconf 90' lang='lat' dir='ltr'><strong>ne</strong></span> <span class='ocrx_word' id='word_1_826' title='bbox 3242 4342 3492 4414; x_wconf 83' lang='lat' dir='ltr'><strong>cyathum</strong></span> <span class='ocrx_word' id='word_1_827' title='bbox 3531 4343 3750 4411; x_wconf 85' lang='lat' dir='ltr'><strong>quidem</strong></span> 
     </span>
    </p>
   </div>
   <div class='ocr_carea' id='block_1_107' title="bbox 2168 4432 3749 4509">
    <p class='ocr_par' dir='ltr' id='par_1_107' title="bbox 2168 4432 3749 4509">
     <span class='ocr_line' id='line_1_107' title="bbox 2168 4432 3749 4509; baseline -0.004 -17"><span class='ocrx_word' id='word_1_828' title='bbox 2168 4437 2387 4509; x_wconf 83' lang='lat' dir='ltr'><strong>pauperi</strong></span> <span class='ocrx_word' id='word_1_829' title='bbox 2416 4437 2678 4491; x_wconf 89' lang='lat' dir='ltr'><strong>dederunt</strong></span> <span class='ocrx_word' id='word_1_830' title='bbox 2696 4475 2713 4497; x_wconf 91' lang='lat'><strong>,</strong></span> <span class='ocrx_word' id='word_1_831' title='bbox 2743 4449 2842 4489; x_wconf 91' lang='lat' dir='ltr'><strong>nec</strong></span> <span class='ocrx_word' id='word_1_832' title='bbox 2868 4434 3109 4503; x_wconf 66' lang='lat' dir='ltr'><strong>pecuniae</strong></span> <span class='ocrx_word' id='word_1_833' title='bbox 3139 4432 3405 4487; x_wconf 83' lang='lat' dir='ltr'><strong>tantillum</strong></span> <span class='ocrx_word' id='word_1_834' title='bbox 3433 4434 3749 4501; x_wconf 84' lang='lat' dir='ltr'><strong>egentibus,</strong></span> 
     </span>
    </p>
   </div>
   <div class='ocr_carea' id='block_1_108' title="bbox 2168 4520 3751 4594">
    <p class='ocr_par' dir='ltr' id='par_1_108' title="bbox 2168 4520 3751 4594">
     <span class='ocr_line' id='line_1_108' title="bbox 2168 4520 3751 4594; baseline -0.003 -11"><span class='ocrx_word' id='word_1_835' title='bbox 2168 4540 2377 4583; x_wconf 91' lang='lat' dir='ltr'><strong>acetum</strong></span> <span class='ocrx_word' id='word_1_836' title='bbox 2410 4538 2586 4583; x_wconf 90' lang='lat' dir='ltr'><strong>autem</strong></span> <span class='ocrx_word' id='word_1_837' title='bbox 2618 4542 2682 4581; x_wconf 86' lang='lat' dir='ltr'><strong>ex</strong></span> <span class='ocrx_word' id='word_1_838' title='bbox 2709 4528 2835 4580; x_wconf 93' lang='lat' dir='ltr'><strong>vino</strong></span> <span class='ocrx_word' id='word_1_839' title='bbox 2863 4525 3061 4579; x_wconf 87' lang='lat' dir='ltr'><strong>factum</strong></span> <span class='ocrx_word' id='word_1_840' title='bbox 3090 4532 3257 4579; x_wconf 85' lang='lat' dir='ltr'><strong>totum</strong></span> <span class='ocrx_word' id='word_1_841' title='bbox 3291 4520 3707 4594; x_wconf 80' lang='lat' dir='ltr'><strong>humi&#39;jecerunt</strong></span> <span class='ocrx_word' id='word_1_842' title='bbox 3731 4562 3751 4589; x_wconf 86' lang='lat'><strong>,</strong></span> 
     </span>
    </p>
   </div>
   <div class='ocr_carea' id='block_1_109' title="bbox 2169 4614 3752 4686">
    <p class='ocr_par' dir='ltr' id='par_1_109' title="bbox 2169 4614 3752 4686">
     <span class='ocr_line' id='line_1_109' title="bbox 2169 4614 3752 4686; baseline -0.003 -15"><span class='ocrx_word' id='word_1_843' title='bbox 2169 4617 2418 4686; x_wconf 89' lang='lat' dir='ltr'><strong>doliaque</strong></span> <span class='ocrx_word' id='word_1_844' title='bbox 2462 4632 2557 4671; x_wconf 90' lang='lat' dir='ltr'><strong>sua</strong></span> <span class='ocrx_word' id='word_1_845' title='bbox 2602 4616 2761 4669; x_wconf 92' lang='lat' dir='ltr'><strong>simul</strong></span> <span class='ocrx_word' id='word_1_846' title='bbox 2800 4630 2922 4669; x_wconf 90' lang='lat' dir='ltr'><strong>cum</strong></span> <span class='ocrx_word' id='word_1_847' title='bbox 2951 4614 3075 4669; x_wconf 90' lang='lat' dir='ltr'><strong>vino</strong></span> <span class='ocrx_word' id='word_1_848' title='bbox 3100 4627 3408 4683; x_wconf 88' lang='lat' dir='ltr'><strong>cormpere.</strong></span> <span class='ocrx_word' id='word_1_849' title='bbox 3435 4615 3537 4669; x_wconf 89' lang='lat' dir='ltr'><strong>Alii</strong></span> <span class='ocrx_word' id='word_1_850' title='bbox 3568 4623 3752 4668; x_wconf 83' lang='lat' dir='ltr'><strong>autem</strong></span> 
     </span>
    </p>
   </div>
   <div class='ocr_carea' id='block_1_110' title="bbox 2169 4706 3750 4777">
    <p class='ocr_par' dir='ltr' id='par_1_110' title="bbox 2169 4706 3750 4777">
     <span class='ocr_line' id='line_1_110' title="bbox 2169 4706 3750 4777; baseline -0.005 -12"><span class='ocrx_word' id='word_1_851' title='bbox 2169 4725 2357 4765; x_wconf 88' lang='lat' dir='ltr'><strong>rursus</strong></span> <span class='ocrx_word' id='word_1_852' title='bbox 2386 4724 2507 4763; x_wconf 92' lang='lat' dir='ltr'><strong>cum</strong></span> <span class='ocrx_word' id='word_1_853' title='bbox 2538 4724 2605 4763; x_wconf 92' lang='lat' dir='ltr'><strong>ne</strong></span> <span class='ocrx_word' id='word_1_854' title='bbox 2629 4708 2785 4762; x_wconf 87' lang='lat' dir='ltr'><strong>offam</strong></span> <span class='ocrx_word' id='word_1_855' title='bbox 2813 4707 3028 4777; x_wconf 92' lang='lat' dir='ltr'><strong>quidem</strong></span> <span class='ocrx_word' id='word_1_856' title='bbox 3057 4708 3314 4763; x_wconf 86' lang='lat' dir='ltr'><strong>esurienti</strong></span> <span class='ocrx_word' id='word_1_857' title='bbox 3342 4706 3750 4775; x_wconf 87' lang='lat' dir='ltr'><strong>impertiissent,</strong></span> 
     </span>
    </p>
   </div>
   <div class='ocr_carea' id='block_1_111' title="bbox 2172 4797 3755 4869">
    <p class='ocr_par' dir='ltr' id='par_1_111' title="bbox 2172 4797 3755 4869">
     <span class='ocr_line' id='line_1_111' title="bbox 2172 4797 3755 4869; baseline -0.003 -14"><span class='ocrx_word' id='word_1_858' title='bbox 2172 4801 2407 4869; x_wconf 87' lang='lat' dir='ltr'><strong>integras</strong></span> <span class='ocrx_word' id='word_1_859' title='bbox 2439 4798 2687 4853; x_wconf 90' lang='lat' dir='ltr'><strong>frumenti</strong></span> <span class='ocrx_word' id='word_1_860' title='bbox 2728 4812 2916 4868; x_wconf 84' lang='lat' dir='ltr'><strong>capsas</strong></span> <span class='ocrx_word' id='word_1_861' title='bbox 2958 4801 3011 4853; x_wconf 94' lang='lat' dir='ltr'><strong>in</strong></span> <span class='ocrx_word' id='word_1_862' title='bbox 3043 4798 3258 4852; x_wconf 89' lang='lat' dir='ltr'><strong>fluvium</strong></span> <span class='ocrx_word' id='word_1_863' title='bbox 3286 4797 3628 4866; x_wconf 70' lang='lat' dir='ltr'><strong>projererunt</strong></span> <span class='ocrx_word' id='word_1_864' title='bbox 3652 4811 3667 4849; x_wconf 88' lang='lat'>:</span> <span class='ocrx_word' id='word_1_865' title='bbox 3691 4804 3755 4850; x_wconf 84' lang='lat' dir='ltr'><strong>et</strong></span> 
     </span>
    </p>
   </div>
   <div class='ocr_carea' id='block_1_112' title="bbox 2169 4884 3748 4961">
    <p class='ocr_par' dir='ltr' id='par_1_112' title="bbox 2169 4884 3748 4961">
     <span class='ocr_line' id='line_1_112' title="bbox 2169 4884 3748 4961; baseline -0.003 -18"><span class='ocrx_word' id='word_1_866' title='bbox 2169 4891 2422 4961; x_wconf 87' lang='lat' dir='ltr'><strong>quoniam</strong></span> <span class='ocrx_word' id='word_1_867' title='bbox 2451 4890 2615 4943; x_wconf 89' lang='lat' dir='ltr'><strong>Deum</strong></span> <span class='ocrx_word' id='word_1_868' title='bbox 2644 4904 2750 4943; x_wconf 91' lang='lat' dir='ltr'><strong>non</strong></span> <span class='ocrx_word' id='word_1_869' title='bbox 2779 4890 3063 4943; x_wconf 90' lang='lat' dir='ltr'><strong>audierunt</strong></span> <span class='ocrx_word' id='word_1_870' title='bbox 3081 4888 3357 4957; x_wconf 90' lang='lat' dir='ltr'><strong>jubentem</strong></span> <span class='ocrx_word' id='word_1_871' title='bbox 3384 4884 3512 4937; x_wconf 90' lang='lat' dir='ltr'><strong>dare</strong></span> <span class='ocrx_word' id='word_1_872' title='bbox 3538 4886 3748 4954; x_wconf 87' lang='lat' dir='ltr'><strong>egenis,</strong></span> 
     </span>
    </p>
   </div>
   <div class='ocr_carea' id='block_1_113' title="bbox 2166 4972 3756 5052">
    <p class='ocr_par' dir='ltr' id='par_1_113' title="bbox 2166 4972 3756 5052">
     <span class='ocr_line' id='line_1_113' title="bbox 2166 4972 3756 5052; baseline -0.004 -16"><span class='ocrx_word' id='word_1_873' title='bbox 2166 4982 2387 5052; x_wconf 87' lang='lat' dir='ltr'><strong>jubente</strong></span> <span class='ocrx_word' id='word_1_874' title='bbox 2413 4979 2552 5035; x_wconf 86' lang='lat' dir='ltr'><strong>tinea</strong></span> <span class='ocrx_word' id='word_1_875' title='bbox 2572 4981 2655 5036; x_wconf 85' lang='lat' dir='ltr'><strong>vel</strong></span> <span class='ocrx_word' id='word_1_876' title='bbox 2684 4980 2833 5034; x_wconf 90' lang='lat' dir='ltr'><strong>inviti</strong></span> <span class='ocrx_word' id='word_1_877' title='bbox 2858 4978 3113 5048; x_wconf 92' lang='lat' dir='ltr'><strong>quidquid</strong></span> <span class='ocrx_word' id='word_1_878' title='bbox 3140 4983 3256 5028; x_wconf 86' lang='lat' dir='ltr'><strong>erat</strong></span> <span class='ocrx_word' id='word_1_879' title='bbox 3282 4974 3423 5027; x_wconf 90' lang='lat' dir='ltr'><strong>intus</strong></span> <span class='ocrx_word' id='word_1_880' title='bbox 3447 4972 3756 5030; x_wconf 80' lang='lat' dir='ltr'><strong>effuderunt</strong></span> 
     </span>
    </p>
   </div>
   <div class='ocr_carea' id='block_1_114' title="bbox 2169 5065 3752 5135">
    <p class='ocr_par' dir='ltr' id='par_1_114' title="bbox 2169 5065 3752 5135">
     <span class='ocr_line' id='line_1_114' title="bbox 2169 5065 3752 5135; baseline -0.006 -7"><span class='ocrx_word' id='word_1_881' title='bbox 2169 5074 2234 5128; x_wconf 86' lang='lat' dir='ltr'><strong>ad</strong></span> <span class='ocrx_word' id='word_1_882' title='bbox 2263 5074 2485 5128; x_wconf 90' lang='lat' dir='ltr'><strong>exitium</strong></span> <span class='ocrx_word' id='word_1_883' title='bbox 2513 5082 2567 5128; x_wconf 92' lang='lat' dir='ltr'><strong>et</strong></span> <span class='ocrx_word' id='word_1_884' title='bbox 2596 5082 2894 5127; x_wconf 87' lang='lat' dir='ltr'><strong>extremum</strong></span> <span class='ocrx_word' id='word_1_885' title='bbox 2934 5066 3209 5121; x_wconf 88' lang='lat' dir='ltr'><strong>interitum</strong></span> <span class='ocrx_word' id='word_1_886' title='bbox 3234 5105 3250 5130; x_wconf 92' lang='lat'><strong>,</strong></span> <span class='ocrx_word' id='word_1_887' title='bbox 3283 5065 3506 5120; x_wconf 87' lang='lat' dir='ltr'><strong>multum</strong></span> <span class='ocrx_word' id='word_1_888' title='bbox 3532 5066 3752 5135; x_wconf 83' lang='lat' dir='ltr'><strong>quidem</strong></span> 
     </span>
    </p>
   </div>
   <div class='ocr_carea' id='block_1_115' title="bbox 2170 5156 3753 5232">
    <p class='ocr_par' dir='ltr' id='par_1_115' title="bbox 2170 5156 3753 5232">
     <span class='ocr_line' id='line_1_115' title="bbox 2170 5156 3753 5232; baseline -0.009 -12"><span class='ocrx_word' id='word_1_889' title='bbox 2170 5168 2336 5220; x_wconf 73' lang='lat' dir='ltr'><strong>risum</strong></span> <span class='ocrx_word' id='word_1_890' title='bbox 2361 5207 2377 5232; x_wconf 95' lang='lat'><strong>,</strong></span> <span class='ocrx_word' id='word_1_891' title='bbox 2419 5165 2615 5219; x_wconf 84' lang='lat' dir='ltr'><strong>multas</strong></span> <span class='ocrx_word' id='word_1_892' title='bbox 2661 5173 2838 5216; x_wconf 86' lang='lat' dir='ltr'><strong>autem</strong></span> <span class='ocrx_word' id='word_1_893' title='bbox 2885 5156 3283 5211; x_wconf 85' lang='lat' dir='ltr'><strong>exsecrationes</strong></span> <span class='ocrx_word' id='word_1_894' title='bbox 3311 5156 3364 5211; x_wconf 88' lang='lat' dir='ltr'><strong>in</strong></span> <span class='ocrx_word' id='word_1_895' title='bbox 3393 5170 3548 5213; x_wconf 89' lang='lat' dir='ltr'><strong>suum</strong></span> <span class='ocrx_word' id='word_1_896' title='bbox 3590 5162 3753 5221; x_wconf 83' lang='lat' dir='ltr'><strong>caput</strong></span> 
     </span>
    </p>
   </div>
   <div class='ocr_carea' id='block_1_116' title="bbox 2168 5241 3747 5317">
    <p class='ocr_par' dir='ltr' id='par_1_116' title="bbox 2168 5241 3747 5317">
     <span class='ocr_line' id='line_1_116' title="bbox 2168 5241 3747 5317; baseline -0.011 -6"><span class='ocrx_word' id='word_1_897' title='bbox 2168 5258 2328 5311; x_wconf 81' lang='lat' dir='ltr'><strong>simul</strong></span> <span class='ocrx_word' id='word_1_898' title='bbox 2355 5272 2475 5310; x_wconf 92' lang='lat' dir='ltr'><strong>cum</strong></span> <span class='ocrx_word' id='word_1_899' title='bbox 2518 5255 2617 5307; x_wconf 89' lang='lat' dir='ltr'><strong>hoc</strong></span> <span class='ocrx_word' id='word_1_900' title='bbox 2647 5252 2846 5306; x_wconf 87' lang='lat' dir='ltr'><strong>damno</strong></span> <span class='ocrx_word' id='word_1_901' title='bbox 2871 5244 3221 5303; x_wconf 86' lang='lat' dir='ltr'><strong>attrahentes.</strong></span> <span class='ocrx_word' id='word_1_902' title='bbox 3254 5245 3321 5302; x_wconf 83' lang='lat' dir='ltr'><strong>Et</strong></span> <span class='ocrx_word' id='word_1_903' title='bbox 3348 5261 3468 5317; x_wconf 63' lang='lat' dir='ltr'><strong>quae</strong></span> <span class='ocrx_word' id='word_1_904' title='bbox 3499 5245 3587 5298; x_wconf 91' lang='lat' dir='ltr'><strong>hic</strong></span> <span class='ocrx_word' id='word_1_905' title='bbox 3623 5241 3747 5310; x_wconf 86' lang='lat' dir='ltr'><strong>qui-</strong></span> 
     </span>
    </p>
   </div>
   <div class='ocr_carea' id='block_1_117' title="bbox 2166 5340 3748 5411">
    <p class='ocr_par' dir='ltr' id='par_1_117' title="bbox 2166 5340 3748 5411">
     <span class='ocr_line' id='line_1_117' title="bbox 2166 5340 3748 5411; baseline -0.009 -8"><span class='ocrx_word' id='word_1_906' title='bbox 2166 5349 2291 5403; x_wconf 89' lang='lat' dir='ltr'><strong>dem</strong></span> <span class='ocrx_word' id='word_1_907' title='bbox 2320 5349 2453 5402; x_wconf 85' lang='lat' dir='ltr'><strong>fiunt</strong></span> <span class='ocrx_word' id='word_1_908' title='bbox 2479 5354 2607 5400; x_wconf 88' lang='lat' dir='ltr'><strong>sunt</strong></span> <span class='ocrx_word' id='word_1_909' title='bbox 2644 5340 2907 5411; x_wconf 86' lang='lat' dir='ltr'><strong>ejusmodi</strong></span> <span class='ocrx_word' id='word_1_910' title='bbox 2940 5357 2953 5394; x_wconf 94' lang='lat'><strong>:</strong></span> <span class='ocrx_word' id='word_1_911' title='bbox 2984 5355 3101 5407; x_wconf 59' lang='lat' dir='ltr'><strong>qua:</strong></span> <span class='ocrx_word' id='word_1_912' title='bbox 3126 5350 3302 5396; x_wconf 89' lang='lat' dir='ltr'><strong>autem</strong></span> <span class='ocrx_word' id='word_1_913' title='bbox 3331 5340 3472 5403; x_wconf 89' lang='lat' dir='ltr'><strong>illic,</strong></span> <span class='ocrx_word' id='word_1_914' title='bbox 3498 5348 3748 5405; x_wconf 70' lang='lat' dir='ltr'><strong>quaenam</strong></span> 
     </span>
    </p>
   </div>
   <div class='ocr_carea' id='block_1_118' title="bbox 2168 5432 3752 5509">
    <p class='ocr_par' dir='ltr' id='par_1_118' title="bbox 2168 5432 3752 5509">
     <span class='ocr_line' id='line_1_118' title="bbox 2168 5432 3752 5509; baseline -0.009 -14"><span class='ocrx_word' id='word_1_915' title='bbox 2168 5438 2448 5509; x_wconf 83' lang='lat' dir='ltr'><strong>explicarit</strong></span> <span class='ocrx_word' id='word_1_916' title='bbox 2475 5433 2695 5489; x_wconf 75' lang='lat' dir='ltr'><strong>oratio?</strong></span> <span class='ocrx_word' id='word_1_917' title='bbox 2741 5432 2891 5487; x_wconf 88' lang='lat' dir='ltr'><strong>Sicut</strong></span> <span class='ocrx_word' id='word_1_918' title='bbox 2931 5432 3073 5487; x_wconf 89' lang='lat' dir='ltr'><strong>enim</strong></span> <span class='ocrx_word' id='word_1_919' title='bbox 3102 5432 3187 5486; x_wconf 89' lang='lat' dir='ltr'><strong>isti</strong></span> <span class='ocrx_word' id='word_1_920' title='bbox 3218 5446 3247 5485; x_wconf 94' lang='lat' dir='ltr'><strong>a</strong></span> <span class='ocrx_word' id='word_1_921' title='bbox 3278 5432 3422 5485; x_wconf 87' lang='lat' dir='ltr'><strong>tinea</strong></span> <span class='ocrx_word' id='word_1_922' title='bbox 3447 5438 3667 5481; x_wconf 86' lang='lat' dir='ltr'><strong>exesum</strong></span> <span class='ocrx_word' id='word_1_923' title='bbox 3690 5436 3752 5481; x_wconf 87' lang='lat' dir='ltr'><strong>et</strong></span> 
     </span>
    </p>
   </div>
   <div class='ocr_carea' id='block_1_119' title="bbox 2167 5514 3751 5585">
    <p class='ocr_par' dir='ltr' id='par_1_119' title="bbox 2167 5514 3751 5585">
     <span class='ocr_line' id='line_1_119' title="bbox 2167 5514 3751 5585; baseline -0.008 -3"><span class='ocrx_word' id='word_1_924' title='bbox 2167 5528 2357 5583; x_wconf 86' lang='lat' dir='ltr'><strong>inutile</strong></span> <span class='ocrx_word' id='word_1_925' title='bbox 2401 5524 2667 5579; x_wconf 86' lang='lat' dir='ltr'><strong>redditum</strong></span> <span class='ocrx_word' id='word_1_926' title='bbox 2706 5520 3034 5577; x_wconf 88' lang='lat' dir='ltr'><strong>frumentum</strong></span> <span class='ocrx_word' id='word_1_927' title='bbox 3073 5522 3127 5576; x_wconf 94' lang='lat' dir='ltr'><strong>in</strong></span> <span class='ocrx_word' id='word_1_928' title='bbox 3166 5520 3355 5577; x_wconf 86' lang='lat' dir='ltr'><strong>fluvios</strong></span> <span class='ocrx_word' id='word_1_929' title='bbox 3397 5514 3598 5585; x_wconf 77' lang='lat' dir='ltr'><strong>iaciunt</strong></span> <span class='ocrx_word' id='word_1_930' title='bbox 3625 5530 3640 5569; x_wconf 90' lang='lat'><strong>:</strong></span> <span class='ocrx_word' id='word_1_931' title='bbox 3666 5516 3751 5570; x_wconf 75' lang='lat' dir='ltr'><strong>sic</strong></span> 
     </span>
    </p>
   </div>
   <div class='ocr_carea' id='block_1_120' title="bbox 2167 5603 3756 5685">
    <p class='ocr_par' dir='ltr' id='par_1_120' title="bbox 2167 5603 3756 5685">
     <span class='ocr_line' id='line_1_120' title="bbox 2167 5603 3756 5685; baseline -0.008 -13"><span class='ocrx_word' id='word_1_932' title='bbox 2167 5630 2265 5672; x_wconf 85' lang='lat' dir='ltr'><strong>eos</strong></span> <span class='ocrx_word' id='word_1_933' title='bbox 2283 5614 2372 5685; x_wconf 91' lang='lat' dir='ltr'><strong>qui</strong></span> <span class='ocrx_word' id='word_1_934' title='bbox 2397 5613 2514 5667; x_wconf 66' lang='lat' dir='ltr'><strong>hac</strong></span> <span class='ocrx_word' id='word_1_935' title='bbox 2538 5611 2801 5681; x_wconf 88' lang='lat' dir='ltr'><strong>fecerunt,</strong></span> <span class='ocrx_word' id='word_1_936' title='bbox 2828 5624 3047 5685; x_wconf 91' lang='lat' dir='ltr'><strong>propter</strong></span> <span class='ocrx_word' id='word_1_937' title='bbox 3066 5611 3173 5667; x_wconf 90' lang='lat' dir='ltr'><strong>hoc</strong></span> <span class='ocrx_word' id='word_1_938' title='bbox 3196 5611 3369 5680; x_wconf 83' lang='lat' dir='ltr'><strong>ipsum</strong></span> <span class='ocrx_word' id='word_1_939' title='bbox 3388 5603 3601 5661; x_wconf 83' lang='lat' dir='ltr'><strong>inutiles</strong></span> <span class='ocrx_word' id='word_1_940' title='bbox 3626 5606 3756 5660; x_wconf 79' lang='lat' dir='ltr'><strong>ted-</strong></span> 
     </span>
    </p>
   </div>
   <div class='ocr_carea' id='block_1_121' title="bbox 2168 5698 3747 5777">
    <p class='ocr_par' dir='ltr' id='par_1_121' title="bbox 2168 5698 3747 5777">
     <span class='ocr_line' id='line_1_121' title="bbox 2168 5698 3747 5777; baseline -0.005 -14"><span class='ocrx_word' id='word_1_941' title='bbox 2168 5708 2333 5774; x_wconf 82' lang='lat' dir='ltr'><strong>ditos,</strong></span> <span class='ocrx_word' id='word_1_942' title='bbox 2358 5704 2573 5777; x_wconf 77' lang='lat' dir='ltr'><strong>proiicit</strong></span> <span class='ocrx_word' id='word_1_943' title='bbox 2599 5704 2740 5766; x_wconf 81' lang='lat' dir='ltr'><strong>Deus</strong></span> <span class='ocrx_word' id='word_1_944' title='bbox 2766 5708 2823 5766; x_wconf 91' lang='lat' dir='ltr'><strong>in</strong></span> <span class='ocrx_word' id='word_1_945' title='bbox 2847 5706 3067 5764; x_wconf 81' lang='lat' dir='ltr'><strong>fluvium</strong></span> <span class='ocrx_word' id='word_1_946' title='bbox 3097 5702 3255 5775; x_wconf 81' lang='lat' dir='ltr'><strong>ignis.</strong></span> <span class='ocrx_word' id='word_1_947' title='bbox 3282 5698 3430 5759; x_wconf 84' lang='lat' dir='ltr'><strong>Sicut</strong></span> <span class='ocrx_word' id='word_1_948' title='bbox 3456 5698 3600 5757; x_wconf 81' lang='lat' dir='ltr'><strong>enim</strong></span> <span class='ocrx_word' id='word_1_949' title='bbox 3625 5698 3747 5756; x_wconf 77' lang='lat' dir='ltr'><strong>fru-</strong></span> 
     </span>
    </p>
   </div>
  </div>
