4038 6216
266 435 375 493 ΜΞ

251 548 606 614 πλουτοῦντα,
654 548 1142 621 δορυφορούμενον,
1194 553 1431 615 κόλακας
1472 553 1661 623 ἔχοντα
1696 553 1822 605 πολ-

253 635 399 700 λιιύς,
458 638 533 709 μὴ
585 639 921 712 καταπέσης,
992 641 1131 695 ἀλλά
1195 642 1471 709 στέναξον,
1536 643 1822 713 δάκρυσον,

248 728 632 796 παρακάλεσον
676 729 766 782 τὸν
798 730 950 794 Θεὸν,
981 731 1121 785 ὥστε
1160 732 1324 785 αὐτὸν
1365 733 1447 795 είς
1478 734 1605 796 τοὺς
1640 733 1825 801 φίλους

248 818 572 884 κατατάξαι·
600 820 694 873 καὶ
715 822 828 891 ὅσῳ
851 820 917 874 ἂν
941 818 1001 876 εὖ
1031 822 1245 894 πράττῃ
1266 822 1455 891 ἐχθρὸς
1474 821 1571 883 ὢν,
1587 820 1824 891 τοσούτῳ

250 907 413 959 αὐτὸν
441 907 640 977 μᾶλλον
670 910 961 979 πένθησον.
994 912 1132 973 Τοὺς
1178 912 1286 979 γάρ
1340 911 1695 981 ἁμαρτωλοὺς
1738 913 1823 965 ἀεὶ

253 997 353 1067 μὲν
394 996 612 1069 θρηνεῖν
641 998 741 1063 δεῖ,
785 1000 1020 1069 μάλιστα
1052 1001 1124 1053 δὲ
1161 1002 1289 1053 ὅταν
1330 1002 1423 1054 καὶ
1458 1001 1687 1055 πλούτου
1729 1002 1823 1054 καὶ

249 1085 453 1157 πολλῆς
478 1089 823 1142 ἀπολαύωσιν
846 1090 1166 1161 εὐημερίας,
1193 1090 1442 1161 καθάπερ
1462 1091 1589 1153 τοὺς
1607 1090 1815 1144 νοσοῦν-

248 1191 365 1241 τας,
394 1175 523 1229 ὅταν
548 1178 949 1248 γαστρίζωνται
985 1181 1080 1233 καί⁵
1108 1179 1397 1250 μεθύωσιν.
1448 1180 1585 1233 Ἀλλ’
1613 1181 1716 1233 είσί
1742 1198 1821 1233 τι·

246 1284 359 1332 νες,
398 1269 447 1321 οἳ
487 1272 579 1323 καὶ
616 1272 820 1324 τούτων
865 1274 1154 1334 ἀκούοντες
1186 1272 1294 1325 τῶν
1333 1273 1614 1342 ῥημάτων,
1647 1272 1821 1336 οὕτως

246 1358 447 1422 ἀθλίως
488 1360 807 1424 διάκεινται,
846 1362 922 1425 ώς
957 1362 1235 1425 στενάζειν
1264 1362 1347 1428 ἐφ’
1378 1365 1593 1426 ἑαυτοῖς
1626 1363 1820 1431 πικρὸν

249 1452 343 1504 καὶ
369 1451 572 1521 λέγειν,
606 1454 688 1506 δτι
718 1453 981 1521 Δακρύων
1012 1454 1159 1518 ἄξιος
1207 1453 1317 1520 ἐγὼ
1366 1457 1395 1507 6
1451 1455 1617 1525 μηδὲν
1656 1455 1817 1525 έχων.

248 1541 444 1605 Καλῶς
485 1538 660 1606 εἶπες,
699 1542 757 1597 '0
795 1544 960 1614 μηδὲν
1006 1546 1163 1614 ἔχων,
1199 1547 1298 1597 οὐκ
1331 1545 1518 1616 ἐπειδὴ
1550 1548 1650 1599 οὐκ
1676 1546 1820 1617 ἔχεις

245 1631 388 1703 άπερ
412 1635 637 1698 ἐκεῖνος,
670 1634 784 1689 ἀλλ’
816 1635 1001 1704 ἐπειδὴ
1027 1636 1361 1707 μακαριστὸν
1386 1636 1447 1689 τὸ
1477 1640 1709 1706 πρᾶγμα
1735 1654 1820 1690 νο-

248 1723 426 1793 μίζεις
451 1741 466 1755 ο
518 1724 598 1778 διὸ
641 1724 737 1778 καὶ
769 1724 976 1795 μυρίων
1005 1726 1152 1790 ἄξιος
1180 1726 1246 1778 ἀν
1281 1726 1399 1796 εῖης
1435 1726 1669 1796 θρήνων.
1710 1729 1818 1780 Καὶ

245 1810 354 1881 γάρ
391 1810 445 1862 εί
470 1828 554 1874 τις
582 1813 639 1864 έν
661 1812 820 1883 ὐγείᾳ
853 1812 962 1876 ζῶν
986 1812 1281 1884 μακαρίζοι
1314 1814 1405 1867 τὸν
1432 1812 1819 1884 ἀρρωστοῦντα

244 1896 340 1952 καὶ
365 1899 423 1951 έν
445 1898 663 1970 μαλακῇ
684 1902 943 1970 στρωμνῇ
972 1900 1386 1970 κατακείμενον,
1410 1903 1616 1955 ἐκείνου
1639 1902 1818 1972 πολλῷ

240 1989 713 2061 ταλαιπωρότερος
737 1990 828 2043 καὶ⁵
844 1990 1169 2058 ἀθλιώτερος
1187 1985 1362 2055 οὗτος,
1380 1994 1461 2046 ὅτι
1484 1992 1590 2046 τῶν
1605 1993 1816 2046 οἰκείων

241 2080 464 2149 ἀγαθῶν
493 2081 747 2151 οὐδεμίαν
786 2081 1037 2152 αἴσθησιν
1070 2083 1204 2152 ἔχει.
1246 2085 1309 2136 Ὀ
1352 2084 1415 2151 δὴ
1450 2085 1544 2136 καὶ
1572 2086 1664 2137 ἐπὶ
1696 2085 1818 2137 τού-

240 2185 349 2223 των
404 2169 551 2223 ἐστιν
601 2171 727 2224 ίδεῖν
775 2171 1106 2241 συμϐαῖνονο
1138 2172 1258 2225 ὅθεν
1314 2173 1406 2224 καὶ
1448 2174 1476 2225 6
1510 2171 1622 2240 βίος
1661 2174 1816 2243 ἡμῶν

240 2260 387 2325 ἅπας
419 2262 749 2331 συγκέχυται
778 2262 872 2315 καὶ
898 2263 1249 2331 τετάρακται.
1281 2262 1467 2315 Ταῦτα
1496 2263 1602 2332 γὰρ
1628 2265 1694 2316 τὰ
1718 2264 1816 2333 ῥή-

244 2365 392 2419 ματα
442 2349 669 2420 μυρίους
713 2349 982 2414 ἀπώλεσε,
1014 2351 1108 2403 καὶ
1145 2349 1223 2419 τῷ
1252 2350 1480 2420 διαϐόλῳ
1516 2351 1813 2420 προέδωκε,

238 2439 333 2492 καὶ
377 2437 485 2491 τῶν
530 2438 673 2509 λιμῷ
717 2440 1032 2510 τηκομένων
1084 2439 1483 2510 ὲλεεινοτέρους
1535 2441 1811 2511 ἐποίησεν.

241 2527 362 2583 Ὀτι
385 2529 495 2597 γάρ
515 2530 667 2583 οἰτοῦ
693 2530 933 2595 πλείονος
961 2531 1259 2600 ἐφιέμενοι,
1278 2525 1424 2584 οῦτοι
1444 2531 1661 2584 καὶτῶν
1688 2548 1816 2601 προ-

241 2620 569 2676 σαιτούντων
585 2624 721 2675 εἰσὶν
738 2621 1076 2692 ἀθλιώτεροι,
1103 2623 1197 2675 ἅτε
1216 2622 1311 2675 καὶ
1334 2624 1540 2691 μείζονι
1567 2625 1662 2675 καὶ
1699 2624 1814 2691 δρι-

240 2711 454 2783 μυτέρα
477 2712 684 2789 ἀθυμίᾳ
718 2713 921 2765 τούτων
948 2714 1322 2783 κατεχόμενοι,
1352 2715 1511 2783 δῆλον
1538 2715 1809 2771 ἐντεῦθεν.

309 2804 529 2873 Δύχμὸς
562 2803 830 2859 κατέλαϐέ
871 2820 1001 2855 ποτε
1042 2805 1141 2874 τὴν
1181 2805 1333 2857 πόλιν
1372 2806 1472 2875 τὴν
1514 2808 1811 2878 ἡμετέραν,

236 2895 334 2949 καὶ
360 2894 565 2957 πάντες
596 2895 823 2965 ἔτρεμον
856 2894 996 2965 ὑπὲρ
1017 2895 1124 2948 τῶν
1152 2896 1411 2965 ἐσχάτων,
1440 2898 1531 2950 καί¹
1563 2898 1653 2951 τὸν
1682 2899 1813 2951 Θεὸν

236 2986 580 3057 παρεκάλουν
612 2986 770 3039 λῦσαι
792 2986 937 3039 τουτὶ
957 2986 1017 3039 τὸ
1049 2985 1185 3050 δέος·
1218 2988 1311 3039 καὶ
1338 2983 1406 3059 ἦν
1436 2990 1563 3042 ἰδεῖν
1600 2990 1719 3041 τότε
1752 2989 1813 3042 τὸ

237 3076 344 3128 ὑπὸ
372 3077 650 3139 Μωῦσέως
676 3075 981 3146 εἰρημένον,
1013 3076 1249 3145 χαλκοῦν
1276 3078 1368 3130 τὸν
1400 3080 1628 3148 οὐρανὸν
1656 3097 1813 3148 γεγε-

236 3168 489 3236 νημένον,
531 3171 625 3222 καὶ
664 3168 893 3222 θάνατον
926 3168 1031 3221 τῶν
1073 3169 1327 3222 ἁπάντων
1369 3169 1615 3223 θανάτων
1658 3171 1814 3240 χαλε-

235 3254 485 3326 πώτερον
525 3256 647 3309 καθ’
677 3258 914 3326 ἑκάστην
948 3255 1397 3326 προσδοκώμενον
1433 3258 1531 3328 τήν
1576 3262 1807 3329 ἡμέραν.

246 3344 389 3397 Ἀλλ’
416 3342 658 3416 ὕστερον,
684 3345 843 3409 δόξαν
879 3345 955 3416 τῷ
984 3346 1351 3416 φιλανθρώπῳ
1390 3347 1530 3417 Θεῷ,
1569 3350 1697 3418 παρ’
1725 3350 1813 3401 έλο

232 3437 364 3492 πίδα
390 3436 606 3491 ἃπασαν
642 3439 808 3501 πολὺς
843 3438 1175 3507 κατεφέρετο
1212 3438 1307 3491 καὶ
1349 3440 1575 3510 ἄπειρος
1606 3444 1812 3498 ἄνωθεν

229 3530 409 3594 ὑετὸς,
455 3530 548 3582 καὶ
589 3531 789 3593 πάντες
828 3532 885 3585 ὲν
923 3529 1224 3600 πανηγύρει
1259 3532 1353 3585 καὶ
1400 3534 1560 3604 ἑορτῇ
1606 3535 1809 3599 λοιπὸν,

230 3619 330 3675 an
370 3617 429 3681 ὲξ
473 3618 651 3671 αὐτῶν
688 3618 986 3680 ἀναϐάντες
1028 3617 1139 3671 τῶν
1185 3618 1278 3672 τοῦ
1318 3620 1551 3674 θανάτου
1605 3623 1807 3679 πυλῶν.

231 3705 387 3782 [574]
423 3707 560 3760 Ἀλλ’
581 3709 639 3761 έν
656 3708 927 3771 τοσούτοις
950 3708 1175 3774 ἀγαθοῖς
1204 3709 1297 3762 καὶ
1319 3713 1382 3779 τῇ
1407 3715 1557 3782 κοινῇ
1591 3714 1809 3767 πάντων

228 3795 562 3866 εὐφροσύνη,
592 3796 699 3849 τῶν
738 3796 1185 3860 ζαπλουτούντων
1214 3816 1297 3862 τις
1331 3800 1539 3854 τούτων
1582 3806 1808 3871 στυγνὸς

227 3889 327 3943 καὶ
350 3888 620 3957 κατηφὴς,
650 3887 1035 3958 άποτεθνηκὼς
1064 3887 1169 3941 ὐπὸ
1192 3890 1289 3959 τῆς
1309 3890 1549 3962 ἀθυμίας
1570 3896 1805 3967 περιῄει,

226 3978 328 4032 καὶ
360 3976 569 4029 πολλῶν
598 3978 696 4046 τὴν
723 3977 899 4031 αἰτίαν
935 3978 1373 4051 πυνθανομένων,
1407 3980 1475 4034 δι’
1530 3984 1596 4055 ἡν
1638 3986 1697 4039 έν
1738 3990 1804 4057 τῇ

223 4070 385 4139 κοινῇ
429 4068 647 4123 πάντων
692 4069 995 4140 ἀνθρώπων
1038 4071 1201 4143 ἡδονῇ
1248 4074 1408 4143 μόνος
1462 4077 1637 4145 ἀλγεῖ,
1688 4079 1808 4133 οὐδὲ

224 4162 526 4229 κατασχεῖν
555 4160 701 4213 ἔνδον
731 4161 917 4228 ἴσχυσε
944 4162 1006 4213 τὸ
1030 4162 1263 4232 χαλεπὸν
1288 4165 1445 4218 τοῦτο
1474 4168 1666 4233 πάθος,
1690 4170 1805 4221 ἀλλ’

225 4251 335 4305 ὐπὸ
368 4251 466 4320 τῆς
493 4250 805 4320 τυραννίδος
836 4251 931 4304 τοῦ
962 4253 1266 4323 νοσήματος
1311 4257 1687 4327 κεντούμενος,
1726 4261 1807 4322 εἰς

225 4340 395 4412 μέσον
426 4340 688 4408 ἐξήνεγκε
718 4340 815 4411 τὴν
840 4342 1039 4395 αἰτίαν⁸
1072 4344 1255 4413 Μυρία
1289 4346 1397 4415 γάρ
1436 4348 1609 4419 μέτρα
1656 4350 1803 4402 σίτου

222 4434 585 4503 κεκτημένος,
628 4435 813 4503 φησὶν,
851 4434 949 4488 οὐκ
992 4434 1096 4504 ἔχω
1148 4437 1267 4499 πῶς
1320 4437 1590 4509 διάθωμαι
1632 4441 1805 4495 ταῦτα

220 4519 565 4594 λοιττόν.’Δρ’
595 4520 689 4577 οὖν
714 4524 905 4578 τοῦτον
936 4524 1335 4597 μακαριοῦμεν,
1367 4529 1490 4581 είπέ
1520 4548 1631 4599 μοι,
1665 4532 1803 4601 ὑπὲρ

218 4613 429 4669 τούτων
469 4614 580 4667 τῶν
622 4614 904 4684 ῥημάτων,
934 4616 1073 4686 ὑπὲρ
1102 4612 1177 4671 ὧν
1212 4617 1604 4673 καταλεύεσθαι
1641 4623 1803 4675 αὐτὸν

219 4708 356 4770 εδει,
377 4705 468 4757 τὸν
491 4704 681 4773 θηρίου
706 4712 906 4768 παντὸς
929 4706 1225 4778 ὠμότερον,
1253 4708 1345 4760 τὸν
1366 4711 1545 4763 κοινὸν
1576 4712 1799 4783 ἐχθρόν;

218 4798 289 4851 Τί
326 4796 523 4861 λέγεις,
547 4794 800 4863 ἄνθρωπε
822 4812 835 4859 ;
859 4797 1041 4864 ἀλγεῖ(⁸
1069 4798 1148 4851 ὃτι
1176 4799 1251 4868 μὴ
1279 4800 1477 4864 πάντες
1499 4802 1799 4867 ἀπώλοντο,

220 4887 315 4940 ῖνα
359 4887 423 4939 σὺ
460 4886 771 4955 συναγάγῃς
802 4896 1057 4955 χρυσιονς
1094 4889 1191 4941 οὐκ
1222 4890 1463 4958 ἡκούσας
1502 4893 1555 4944 τί
1583 4911 1745 4962 φησιν
1773 4892 1801 4945 ό

220 4973 503 5042 Σολομῶν,
555 4973 608 5023 '0
657 4974 1015 5041 τιμιουλκῶν
1046 4975 1238 5041 σῖτον,
1280 4978 1799 5048 δημοκατάρατος;

217 5062 363 5117 ἀλλά
412 5062 677 5133 περιέρχῃ
727 5062 903 5123 κοινὸς
946 5063 1139 5133 ἐχθρὸς
1182 5065 1289 5117 τῶν
1330 5071 1425 5138 τῆς
1477 5072 1803 5141 οἰκουμένης

217 5154 467 5224 ἀγαθῶν,
494 5157 585 5208 καὶ
615 5158 679 5226 τῇ
710 5155 987 5225 φιλοτιμίᾳ
1006 5156 1096 5208 τοῦ
1122 5159 1391 5212 Δεσπότου
1417 5162 1515 5231 τῆς
1548 5164 1801 5232 οἰκουμέ-

216 5261 325 5316 νης
351 5244 625 5312 πολέμιος,
655 5246 749 5298 καὶ
775 5245 869 5299 τοῦ
903 5248 1139 5315 μαμωνᾶ
1172 5247 1343 5315 φίλος,
1367 5250 1568 5317 μᾶλλον
1598 5253 1654 5305 δε
1678 5252 1801 5305 δοῦ-

217 5336 351 5398 px;
375 5334 449 5385 Οὐ
472 5336 580 5404 γὰρ
609 5336 907 5405 ἐκκοπῆναι
935 5337 1032 5405 τὴν
1060 5336 1304 5404 γλῶτταν
1332 5339 1547 5408 ἐκείνην
1571 5341 1708 5407 ἔδει;
1738 5346 1799 5395 οὐ

219 5429 336 5494 γὰρ
371 5422 663 5493 σϐεσθῆναι
699 5426 800 5496 τὴν
835 5427 1058 5498 καρδίαν
1090 5427 1186 5497 τὴν
1225 5428 1398 5479 ταῦτα
1436 5430 1700 5483 τεκοῦσαν
1733 5434 1802 5486 τά

226 5514 297 5583 μή
308 5528 453 5575 ματα
469 5527 483 5571 ς

298 5610 372 5672 η’.
409 5597 560 5665 Εἶδες
586 5602 703 5665 πῶς
732 5603 833 5657 οὐκ
864 5606 1087 5676 ἀφίησιν
1134 5604 1455 5676 ἀνθρώπους
1489 5604 1629 5662 εἶναι
1674 5612 1800 5675 τοὺς

222 5692 550 5765 ἀνθρώπους
592 5694 652 5746 τὸ
680 5696 921 5765 χρυσίον,
950 5698 1085 5752 ἀλλά
1112 5697 1274 5769 θηρία
1304 5698 1396 5751 καὶ
1416 5698 1702 5768 δαίμονας;
1734 5703 1799 5754 Τί

226 5782 344 5852 γὰρ
373 5782 438 5835 ἂν
467 5780 654 5836 τούτου
695 5783 889 5848 γένοιτ’
911 5784 977 5839 ἂν
1011 5786 1365 5859 ἐλεεινότερον
1393 5787 1487 5842 τοῦ
1520 5790 1792 5861 πλουσίου,

1260 432 1325 491 IN
1364 432 1578 494 EPIST.
1611 437 1630 491 Ι
1690 436 1782 493 AD
1815 433 1975 494 (ΞΟΠ.
2027 437 2268 495 ιιοιιιιι.
2308 437 2547 499 XXXIX.

3397 446 3505 504 3M

1937 552 2036 605 τοῦ
2066 554 2187 607 καθ’
2218 555 2453 625 ἑκάστην
2482 555 2695 627 ἡμέραν
2719 553 3011 627 εὐχομένου
3048 558 3296 624 γενέσθαι
3328 532 3501 630 λιμὸν

1941 646 2027 696 ἵνα
2056 645 2204 716 αὐτῴ
2236 646 2461 717 γένηται
2503 648 2761 718 χρυσίον;
2801 648 2910 701 Καὶ
2947 649 3054 719 γάρ
3086 651 3165 712 είς
3203 651 3508 717 τούναντίον

1936 734 2087 805 αὐτῷ
2122 734 2183 788 τὸ
2218 736 2388 799 πάθος
2435 736 2782 807 περιίσταται
2800 736 3005 790 λοιπόνο
3034 739 3152 792 οὐδὲ
3188 739 3295 809 γὰρ
3327 742 3508 810 χαίρει

1934 827 1999 893 τῇ
2028 825 2264 897 ἀφθονίᾳ
2306 827 2403 895 τῆς
2428 826 2536 879 τῶν
2566 827 2793 897 καρπῶν
2821 829 3085 897 κτήσεως,
3117 829 3252 882 άλλά
3282 830 3351 882 δι’
3379 832 3511 884 αὐτὸ

1933 915 2034 982 μὲν
2082 899 2176 968 οῦν
2225 916 2385 969 τοῦτο
2430 916 2586 983 ἀλγεῖ
2615 916 2818 981 λοιπὸν,
2850 917 2932 968 ὅτι
2973 916 3176 987 ἄπειρα
3221 920 3505 989 κέκτηται.

1931 1003 2123 1057 Καίτοι
2150 1005 2240 1058 τὸν
2273 1004 2443 1057 πολλά
2480 1006 2817 1075 κεκτημένον
2854 1008 3063 1076 χαίρειν
3103 1005 3237 1061 ἔδει·
3265 1002 3420 1073 οὗτος
3451 1011 3507 1064 δὲ

1929 1092 1997 1145 δι’
2041 1093 2171 1146 αὐτὸ
2215 1094 2373 1148 τοῦτο
2427 1095 2645 1165 ἀθυμεῖ.
2689 1096 2850 1166 Ὁρᾷς
2890 1097 2988 1159 ὅτι,
3028 1096 3164 1167 ὅπερ
3201 1098 3404 1165 ἔλεγον,
3444 1099 3506 1151 οὐ

1928 1183 2199 1253 τοσαύτην
2224 1184 2333 1237 ἀπὸ
2357 1184 2464 1237 τῶν
2490 1185 2774 1255 παρόντων
2809 1184 3143 1253 καρποῦνται
3183 1187 3281 1256 τὴν
3310 1186 3509 1257 ἡδονὴν

1926 1274 1977 1325 οῖ
2004 1272 2385 1336 πλουτοῦντες,
2417 1275 2549 1343 ὅσην
2589 1274 2697 1327 ἀπὸ
2734 1274 2842 1326 τῶν
2884 1275 3109 1345 μηδέπω
3137 1290 3504 1348 προσγεγενηο

1929 1362 2109 1432 μένων
2139 1364 2470 1433 ὑπομένουσι
2494 1363 2593 1434 τὴν
2614 1362 2883 1433 ἀθυμίαν;
2919 1363 2977 1416 '0
3004 1365 3112 1435 γάρ
3136 1366 3283 1418 σίτου
3310 1368 3502 1437 μυριά-

1925 1453 2024 1516 δας
2051 1454 2314 1524 ἀπείρους
2348 1455 2686 1525 κεκτημένος
2717 1454 2810 1506 τοῦ
2839 1455 3131 1518 πεινῶντος
3165 1456 3366 1525 μᾶλλον
3404 1457 3506 1528 ἡλ-

1927 1556 2016 1608 γει
2058 1542 2151 1594 καὶ
2190 1541 2395 1594 έστενε’
2425 1542 2521 1594 καὶ
2545 1544 2573 1594 6
2602 1540 2701 1611 μὲν
2727 1541 2825 1612 τὴν
2861 1543 3169 1610 ἀναγκαίαν
3202 1544 3338 1613 ἔχων
3376 1562 3506 1615 τρο-

1929 1633 2036 1700 φὴν
2105 1631 2466 1700 ἐστεφανοῦτο
2507 1632 2602 1684 καὶ
2648 1632 2876 1700 ἐσκίρτα
2927 1631 3021 1685 καὶ
3059 1632 3380 1703 ηὐχαρίστει
3428 1636 3505 1705 τῷ

1926 1720 2065 1791 Θεῷ·
2096 1723 2124 1775 ό
2151 1721 2207 1774 δὲ
2241 1721 2493 1774 τοσοῦτον
2520 1722 2855 1791 κεκτημένος
2892 1722 3241 1793 ἐδυσχέραινε
3277 1725 3369 1777 καὶ
3399 1725 3506 1779 ἀπ·-

1926 1806 2182 1861 ολωλέναι
2215 1807 2481 1878 ἐνόμιζεν,
2516 1810 2632 1862 Οὐκ
2676 1809 2787 1880 ἄρα
2835 1811 3122 1880 περιουσία
3157 1814 3303 1867 ἐστὶν
3338 1815 3371 1883 ἡ
3403 1814 3506 1885 τὴν

1927 1899 2122 1970 ἡδονὴν
2154 1899 2406 1964 ποιοῦσα,
2449 1899 2583 1954 ἀλλά
2623 1900 2818 1972 γνώμη
2856 1901 3169 1972 φιλόσοφος’
3198 1906 3274 1967 ὼς
3301 1904 3504 1975 ταύτης

1926 1990 2076 2053 ἀνευ,
2109 1989 2213 2044 κᾶν
2238 1991 2307 2042 τὰ
2335 1990 2514 2043 πάντα
2546 2007 2630 2053 τις
2650 1990 2831 2043 λαϐὼν
2863 1991 2981 2063 ἔχῃ,
3008 1992 3085 2055 ὡς
3114 1994 3327 2047 πάντων
3355 1996 3507 2048 ἑστε-

1929 2081 2163 2151 ρημένος
2210 2080 2354 2134 οὕτω
2384 2080 2722 2135 διακείσεται
2765 2083 2859 2133 καί¹
2896 2081 3176 2153 θρηνήσει.
3221 2084 3374 2137 Ἐπεὶ
3407 2084 3505 2138 καὶ

1925 2165 2099 2232 οὗτος,
2152 2169 2281 2239 περὶ
2299 2162 2360 2221 οῦ
2386 2168 2480 2221 νῦν
2501 2169 2632 2238 ἡμῖν
2653 2171 2682 2221 ό
2706 2167 2887 2237 λόγος,
2912 2171 2961 2223 εἰ
2992 2171 3086 2224 καὶ
3110 2171 3377 2243 τοσαύτης
3399 2176 3505 2228 άπ-

1925 2260 2073 2312 έδοτο
2106 2260 2272 2329 τιμῆς
2304 2258 2447 2329 ἀπερ
2469 2253 2635 2329 εἶχεν,
2661 2260 2793 2329 ὅσης
2827 2259 3097 2325 ἐϐούλετο,
3127 2263 3285 2317 πάλιν
3309 2264 3374 2317 ἂν
3406 2266 3495 2336 nx.

1925 2368 2094 2421 γησεν
2120 2352 2202 2404 ὅτι
2229 2350 2305 2420 μὴ
2332 2349 2597 2414 πλείονος,
2628 2351 2720 2404 καὶ
2747 2352 2797 2403 εἰ
2835 2351 3077 2414 πλείονος
3107 2353 3313 2423 ἴσχυσε,
3340 2357 3503 2409 πάλιν

1925 2443 1991 2495 ἂν
2026 2441 2218 2512 ἑτέραν
2261 2441 2526 2511 ἐζήτησεν
2575 2441 2904 2511 ὑπερϐολὴν,
2944 2443 3038 2495 καὶ
3070 2445 3117 2495 εἰ
3156 2444 3217 2497 τὸ
3245 2445 3503 2515 μέδιμνον

1926 2532 2041 2593 ἑνὸς
2062 2547 2286 2601 χρυσιου
2316 2530 2542 2595 διέθετο,
2567 2529 2844 2583 κάνταῦθα
2874 2530 3185 2585 διεκόπτετο
3213 2534 3375 2587 πάλιν
3397 2537 3503 2590 ὐπὸ

1923 2622 2023 2690 τῆς
2060 2622 2321 2691 ἀθυμίας,
2355 2623 2437 2675 ὅτι
2476 2623 2551 2691 μὴ
2581 2622 2640 2674 τὸ
2663 2621 3022 2693 ἡμιμέδιμνον
3042 2624 3296 2678 τοσούτου
3323 2621 3409 2696 ἦν.
3438 2628 3504 2681 Εἰ

1922 2712 1979 2765 δὲ
2002 2712 2077 2783 μὴ
2112 2713 2262 2782 παρά
2286 2713 2385 2781 τὴν
2421 2712 2595 2783 ἀρχὴν
2626 2712 2883 2779 τοσούτου
2916 2716 2948 2781 ἡ
2979 2714 3133 2783 τιμὴ,
3173 2716 3248 2786 μὴ
3285 2716 3499 2787 θαυμά-

1926 2819 2044 2876 σηῃς⁸
2082 2804 2203 2857 ἐπεὶ
2238 2802 2331 2855 καὶ
2358 2803 2407 2854 οί
2440 2802 2728 2871 μεθύοντες
2759 2802 2861 2855 οὐκ
2890 2802 2948 2868 ἐξ
2983 2804 3155 2874 ἀρχῆς
3187 2807 3501 2878 ἐμπίπραν-

1922 2912 2033 2958 ται,
2066 2894 2181 2947 ἀλλ’
2210 2895 2339 2947 ὅταν
2362 2891 2557 2944 πολλοῦ
2581 2892 2676 2944 τοῦ
2697 2891 2936 2961 ἀκράτου
2963 2895 2986 2945 ὲ
2996 2895 3337 2965 μφορηθῶσι,
3378 2898 3500 2951 τότε

1924 2982 2309 3052 χαλεπωτέραν
2337 2982 2635 3034 ἀνάπτουσι
2660 2979 2756 3048 τὴν
2785 2980 2978 3047 φλόγα.
3011 2983 3118 3034 Καὶ
3147 2978 3289 3037 οὗτοι
3318 2985 3500 3037 τοίνυν

1921 3078 2031 3142 ὅσῳ
2075 3074 2140 3127 ἂν
2182 3073 2401 3125 πλείονα
2435 3072 2861 3142 περιϐάλωνται,
2912 3074 3148 3144 τοσούτῳ
3192 3077 3248 3128 ὲν
3290 3077 3498 3145 μείζονι

1922 3166 2100 3236 ἐνδείᾳ
2124 3164 2501 3225 καθίστανται,
2527 3164 2620 3215 καὶ¹
2646 3163 2693 3214 οί
2717 3162 2939 3216 πλείονα
2972 3165 3366 3234 κερδαίνοντες,
3404 3170 3499 3222 αὐ-

1921 3255 2003 3306 τοὶ
2038 3252 2273 3323 μάλιστά
2321 3253 2457 3303 εἰσιν
2486 3252 2535 3303 οί
2570 3252 2882 3318 πενόμενοι.
2916 3252 3065 3324 [575]
3098 3255 3280 3307 Ταῦτα
3319 3257 3375 3309 δέ
3405 3276 3497 3327 μοι

1920 3346 1979 3395 οὐ
2010 3343 2147 3412 πρὸς
2170 3341 2355 3394 τοῦτον
2382 3343 2595 3411 εἴρηται
2624 3342 2801 3409 μόνον,
2839 3342 2969 3395 ἀλλά
2994 3346 3087 3396 καὶ
3112 3345 3246 3415 πρὸς
3266 3347 3497 3403 ἕκαστον

1920 3436 2026 3486 τῶν
2056 3434 2124 3487 τὰ
2157 3433 2385 3487 τοιαῦτα
2412 3432 2731 3497 νοσούντων,
2758 3428 2851 3485 καὶ
2876 3432 2972 3501 τὴν
2995 3434 3102 3488 τῶν
3124 3433 3300 3490 ώνίων
3328 3441 3496 3511 τιμὴν

1920 3524 2317 3587 ἐπιτεινόντων,
2350 3523 2446 3576 καὶ
2478 3522 2586 3574 τῶν
2620 3522 2846 3591 πλησίον
2877 3524 2977 3594 τὴν
3009 3524 3198 3580 πενίαν
3234 3542 3498 3599 πραγμα-

1918 3618 2249 3685 τευομένων.
2284 3614 2698 3684 Φιλανθρωπίας
2750 3615 2849 3684 μὲν
2893 3618 3001 3686 γὰρ
3039 3618 3213 3680 οὐδεὶς
3255 3620 3494 3690 οὐδαμοῦ

1920 3707 2093 3774 λόγος’
2125 3704 2398 3777 πανταχοῦ
2447 3705 2503 3757 δὲ
2540 3707 2569 3757 6
2611 3707 2709 3775 τῆς
2738 3705 3051 3772 πλεονεξίας
3089 3707 3229 3779 ἔρως
3270 3711 3363 3765 ἐπὶ
3397 3714 3491 3766 τοῦ

1918 3796 2111 3867 καιροῦ
2145 3798 2245 3865 τῆς
2291 3798 2547 3867 πράσεως
2588 3796 2817 3860 πολλοὺς
2851 3797 3056 3867 ἐξάγει,
3087 3800 3181 3852 καὶ
3225 3802 3368 3854 σῖτον
3399 3804 3495 3856 καὶ⁸

1917 3884 2062 3940 οἶνον
2084 3889 2112 3940 6
2138 3888 2237 3956 μὲν
2272 3887 2484 3950 θᾶττον,
2508 3890 2537 3939 6
2559 3887 2617 3939 δὲ
2652 3888 2980 3958 βραδύτερον
3008 3890 3255 3951 ἀπέδοτο,
3284 3892 3495 3945 οὐδέτε-

1920 3993 2011 4047 ρος
2057 3977 2243 4048 μέντοι
2274 3978 2383 4031 ἀπὸ
2420 3978 2766 4048 κηδεμονίας,
2795 3978 2910 4032 ἀλλ’
2943 3982 2971 4033 6
3000 3977 3119 4051 μὲν,
3153 3982 3239 4034 ῖνα
3272 3982 3493 4038 πλείονα

1917 4069 2076 4141 λάϐῃ,
2091 4071 2118 4122 6
2136 4068 2192 4121 δὲ
2214 4069 2303 4121 ῖνα
2320 4068 2394 4140 μὴ
2408 4069 2632 4135 ἐλάττω,
2646 4070 2946 4139 τραπέντος
2962 4070 3231 4126 αὐτοῦτοῦ
3249 4073 3487 4140 καρποῦ.

2001 4159 2216 4230 Ἐπειδὴ
2236 4159 2347 4230 γάρ
2371 4162 2419 4211 οἰ
2448 4159 2664 4223 πλείους
2697 4162 2757 4213 οὐ
2790 4161 2957 4214 πολὺν
2981 4163 3089 4215 τῶν
3121 4162 3214 4215 τοῦ
3245 4162 3380 4215 Θεοῦ
3406 4170 3489 4216 v6-

1920 4266 2037 4320 μων
2071 4249 2383 4319 ποιούμενοι
2415 4249 2595 4316 λόγον,
2636 4250 2815 4304 πάντα
2848 4251 2996 4304 ένδον
3032 4252 3491 4317 κατακλείσαντες

1916 4342 2154 4411 ἐχουσιν,
2184 4340 2384 4411 ἑτέρως
2429 4341 2627 4403 αὐτοὺς
2664 4344 2745 4405 εἰς
2784 4342 3192 4413 φιλανθρωπίαν
3225 4344 3433 4413 ἐξάγων
3461 4348 3491 4399 6

1916 4432 2068 4494 Θεὸς,
2112 4432 2198 4484 ῖνα
2220 4432 2323 4485 κᾶν
2354 4432 2571 4505 ἀνάγκη
2597 4450 2651 4485 τι
2676 4434 2941 4504 ποιήσωσι
2961 4433 3218 4505 χρηστὸν,
3246 4435 3490 4504 μείζονος

1916 4524 2120 4593 ζημίας
2163 4523 2382 4576 ἐνέϐαλε
2424 4525 2563 4591 δέος,
2593 4526 2693 4578 οὐκ
2727 4526 2908 4593 ἀφιεὶς
2941 4527 3020 4589 εἰς
3051 4526 3219 4579 πολὺν
3247 4527 3489 4593 διαρκεῖν

1916 4616 2107 4685 χρόνον
2148 4617 2246 4683 τῆς
2284 4616 2389 4684 γῆς
2424 4617 2549 4679 τοὺς
2573 4617 2839 4686 καρποὺς,
2867 4617 2956 4669 ἵνα
2990 4617 3097 4669 κᾶν
3130 4617 3222 4686 τὴν
3256 4617 3361 4669 ἀπὸ
3388 4618 3489 4682 τῆς

1915 4704 2123 4773 φθορᾶς
2139 4700 2435 4767 δεδοικότες
2456 4702 2679 4775 βλάϐην,
2708 4704 2949 4775 προθῶσι
2969 4707 3081 4768 τοῖς
3101 4706 3373 4772 δεομένοις
3396 4708 3490 4758 καὶ

1913 4794 2157 4856 ἄκοντες,
2206 4795 2348 4865 ἅπερ
2392 4796 2532 4847 οῖκοι
2576 4795 2967 4865 κατορύξαντες
3008 4794 3233 4863 τηροῦσι
3276 4795 3484 4855 κακῶς.

1925 4884 2086 4937 Ἀλλά
2120 4888 2229 4951 γάρ
2262 4885 2355 4935 καὶ
2397 4885 2535 4951 μετὰ
2574 4884 2743 4937 ταῦτα
2772 4884 2914 4937 οὕτω
2952 4885 3093 4945 τινές
3131 4884 3267 4935 εἰσιν
3309 4883 3486 4950 ἀπλη-

1912 4989 2048 5035 στοι,
2082 4972 2157 5034 ὡς
2190 4974 2324 5042 μηδὲ
2354 4973 2600 5026 ἐντεῦθεν
2626 4973 2990 5027 παιδεύεσθαι.
3017 4973 3208 5026 Πολλοί
3241 4974 3367 5041 γοῦν
3392 4974 3486 5026 καὶ

1912 5063 2104 5125 πίθους
2170 5064 2497 5135 ὁλοκλήρους
2569 5063 2876 5127 έκένωσαν,
2939 5065 3131 5134 πένητι
3198 5066 3297 5133 μὲν
3360 5065 3483 5116 οὐδὲ

1912 5154 2113 5208 κύαθον
2146 5154 2348 5218 δόντες,
2375 5154 2497 5207 οὐδὲ
2522 5155 2781 5225 ἀργυρίου
2823 5157 2937 5216 τοῖς
2978 5154 3269 5221 δεομένοις,
3297 5153 3480 5223 ὀξίνην

1911 5246 1969 5298 δὲ
2004 5245 2285 5314 γινόμενον
2324 5246 2403 5307 εἰς
2424 5247 2523 5315 τὴν
2551 5249 2654 5313 γῆν
2684 5245 2941 5313 ῥίψαντες
2970 5243 3203 5306 ἅπαντα,
3234 5248 3329 5299 καὶ
3355 5246 3480 5310 τοὺς

1913 5333 2102 5397 πίθους
2126 5335 2305 5388 αὐτῶν
2335 5334 2882 5404 προσδιαφθείραντες
2915 5334 2991 5403 τῷ
3020 5334 3235 5406 καρπῷ.
3263 5338 3480 5408 Ἐτεροι

1910 5427 1967 5478 δὲ
2006 5425 2167 5479 πάλιν
2209 5424 2328 5478 οὐδὲ
2368 5425 2544 5495 μάζης
2584 5426 2711 5493 μιᾶς
2739 5423 2819 5493 τῷ
2845 5425 3096 5479 πεινῶντι
3132 5427 3476 5494 μεταδόντες,

1912 5518 2182 5588 ὁλόκληρα
2210 5519 2502 5585 σιτοδοχεῖα
2536 5517 2615 5579 εἰς
2648 5517 2893 5587 ποταμὸν
2925 5518 3173 5589 ερριψαψ
3208 5519 3306 5571 καὶ
3330 5519 3480 5573 ἐπει-

1910 5608 1975 5678 δὴ
2024 5608 2117 5659 τοῦ
2166 5607 2301 5659 Θεοῦ
2341 5605 2652 5668 κελεύοντος
2687 5606 2883 5659 διδόναι
2927 5608 3039 5667 τοῖς
3074 5606 3347 5674 δεομένοις
3378 5609 3479 5663 οὐκ

1910 5699 2189 5767 ἡκουσαν,·
2216 5694 2310 5749 τοῦ
2362 5695 2522 5764 σητὸς
2573 5696 2951 5757 ἐπιτάττοντος
2998 5696 3094 5749 καὶ
3142 5698 3364 5761 ἄκοντες
3417 5698 3478 5751 τὸ

1912 5792 2058 5846 ἔνδον
2105 5792 2250 5849 ἅπαν
2295 5790 2625 5861 ἐξήντλησαν
2675 5792 2753 5852 εἰς
2802 5791 3082 5845 ἀπώλειαν
3134 5792 3227 5844 καὶ
3272 5788 3479 5858 φθορὰν
