4038 6216
630 350 740 407 365

630 460 885 529 ἐσχάτην,
922 460 1084 511 πολὺν
1120 458 1216 527 μὲν
1240 458 1331 512 τὸν
1357 461 1591 527 γέλωτα,
1619 462 1817 526 πολλὰς
1840 463 1895 516 δὲ
1923 466 2021 527 τὰς
2049 461 2185 531 ἀρὰς

631 551 770 603 κατά
797 550 893 617 τῆς
922 550 1125 602 ἑαυτῶν
1154 550 1391 619 κεφαλῆς
1419 552 1557 620 μετὰ
1590 553 1687 621 τῆς
1718 552 1918 622 ζημίας
1950 555 2183 606 ἐπισπα-

631 641 854 709 σάμενοι
883 638 1103 707 ταύτης.
1135 639 1241 689 Καὶ
1265 640 1331 691 τὰ
1361 641 1458 708 μὲν
1478 640 1734 704 ἐνταῦθα,
1764 642 2005 695 τοιαῦτα*
2041 643 2109 695 τά
2131 642 2187 694 δὲ

630 730 747 781 ἐκεῖ
788 730 870 792 τίς
912 730 1253 799 παραστήσει
1309 730 1498 797 λόγος;
1534 732 1741 803 Ὠσπερ
1773 732 1881 801 γὰρ
1917 727 2061 785 οῦτοι
2096 733 2186 784 τὸν

630 818 967 887 σητόϐρωτον
996 817 1228 870 ἐνταῦθα
1272 820 1415 870 σῖτον
1463 820 1732 889 ἄχρηστον
1776 823 2063 891 γενόμενον
2107 825 2184 886 είς

628 910 901 975 ποταμοὺς
926 908 1228 977 ῥίπτουσιν,
1258 907 1399 961 οὕτω
1436 912 1557 971 τοὺς
1585 910 1755 962 ταῦτα
1785 913 2185 981 ἐργασαμένους

628 992 697 1048 δι’
716 996 845 1048 αὐτὸ
869 996 1025 1048 τοῦτο
1052 998 1358 1067 ἀχρήστους
1385 999 1704 1067 γενομένους
1736 1003 1817 1063 είς
1850 1003 1941 1054 τὸν
1967 1002 2060 1054 τοῦ
2086 1020 2187 1055 πυ-

631 1087 721 1157 ρὸς
745 1086 921 1155 ῥίπτει
954 1087 1192 1155 ποταμὸν
1223 1089 1250 1139 6
1268 1087 1417 1149 Θεὸς.
1450 1090 1713 1161 Καθάπερ
1742 1092 1848 1162 γὰρ
1876 1092 1965 1145 τὸν
1994 1095 2136 1145 σῖτον
2159 1094 2186 1145 6

628 1172 727 1241 σὴς
754 1175 844 1225 καὶ
872 1174 899 1225 6
928 1172 1159 1241 σκώληξ,
1189 1173 1328 1226 οὕτω
1360 1177 1457 1239 τὰς
1478 1178 1681 1231 τούτων
1713 1181 1890 1250 ψυχὰς
1913 1183 1946 1251 η
1970 1182 2188 1251 ὠμότης

628 1261 721 1312 καὶ
753 1263 786 1330 ή
810 1261 1166 1329 ἀπανθρωπία
1203 1262 1443 1329 διέφαγε.
1468 1266 1682 1318 Τούτων
1707 1267 1764 1319 δὲ
1794 1267 1967 1320 αἴτιον
1999 1267 2059 1320 τὸ
2078 1271 2187 1328 τοῖς

628 1347 861 1416 παροῦσι
904 1350 1300 1420 προσηλῶσθαι,
1336 1354 1427 1405 καὶ
1478 1355 1615 1423 πρὸς
1663 1357 1761 1425 τὴν
1800 1357 1944 1425 ζωὴν
1986 1356 2186 1426 ταύτην

628 1437 912 1506 κεχηνέναι
947 1440 1132 1507 μόνον’
1178 1440 1300 1493 ὅθεν
1340 1444 1435 1495 καὶ
1477 1446 1678 1513 μυρίας
1730 1449 1969 1517 ἀθυμίας
2000 1453 2186 1518 μεστοὶ

625 1525 861 1592 γίνονται
909 1530 961 1580 οἱ
1024 1530 1272 1584 τοιοῦτοι.
1341 1534 1457 1586 Κᾶν
1508 1537 1616 1606 γὰρ
1657 1537 1833 1591 ὁτιοῦν
1872 1541 2030 1609 εἴπῃς
2062 1540 2179 1609 ἡδὺ,

625 1616 803 1668 πάντα
840 1619 1019 1680 ίκανός
1061 1620 1207 1671 ἐστιν
1238 1624 1493 1689 ἀφανίσαι
1519 1625 1620 1693 τῆς
1644 1627 1896 1695 τελευτῆς
1942 1632 1969 1681 6
1998 1631 2179 1697 φόϐος,

623 1708 717 1758 καὶ
753 1707 1014 1778 τέθνηκεν
1056 1711 1086 1762 6
1123 1712 1360 1775 τοιοῦτος
1397 1715 1475 1767 ἔτι
1512 1714 1639 1777 ζῶν.
1678 1717 1785 1768 Καὶ
1828 1718 1888 1770 τὸ
1926 1720 2025 1787 μὲν
2058 1720 2184 1782 τοὺς

624 1795 886 1859 ἀπίστους
914 1798 1081 1852 ταῦτα
1114 1803 1359 1871 πάσχειν,
1397 1804 1707 1873 θαυμαστὸν
1750 1808 1922 1861 οὐδέν·
1969 1810 2099 1863 ὅταν
2128 1810 2184 1862 δὲ

622 1886 673 1937 οί
710 1887 974 1941 τοσούτων
1007 1894 1319 1963 μυστηρίων
1352 1896 1802 1961 ἀπολελαυκότες,
1831 1900 1926 1950 καὶ
1950 1900 2185 1953 τοσαῦτα

620 1982 751 2046 περὶ
782 1979 889 2031 τῶν
922 1982 1221 2048 μελλόντων
1259 1983 1739 2053 φιλοσοφήσαντες,
1772 1989 1888 2049 τοῖς
1921 1990 2185 2059 παροῦσιν

619 2064 1055 2135 ἐμφιλοχωρῶσι,
1078 2069 1219 2132 τίνος
1237 2070 1302 2124 ἂν
1332 2068 1441 2124 εἷεν
1466 2073 1605 2137 ἀξιοι
1631 2073 1984 2143 συγγνώμης;
2017 2077 2184 2131 Πόθεν

618 2149 715 2207 οὖν
736 2154 941 2221 γίνεται
971 2157 1031 2208 τὸ
1052 2161 1163 2219 τοῖς
1183 2160 1451 2227 παροῦσιν
1476 2162 1901 2233 ἐμφιλοχωρείν;
1934 2165 2066 2217 Ἀπὸ
2089 2166 2182 2219 τοῦ

618 2249 797 2315 τρυφῇ
823 2248 1131 2317 προσέχειν,
1166 2250 1261 2301 καὶ
1285 2251 1552 2304 λιπαίνειν
1581 2252 1677 2322 τὴν
1706 2253 1903 2324 σάρκα,
1935 2255 2027 2307 καὶ
2052 2256 2182 2326 θρύ-

620 2352 776 2387 πτειν
821 2336 918 2406 τὴν
946 2338 1143 2407 ψυχὴν,
1177 2340 1269 2391 καὶ
1314 2340 1454 2409 βαρὺ
1497 2340 1557 2393 τὸ
1592 2342 1808 2412 φορτίον
1858 2343 2183 2411 ἐργάζεσθαι

619 2426 714 2477 καὶ
757 2425 891 2477 πολῦ
919 2425 980 2478 τὸ
1014 2427 1202 2490 σκότος
1240 2429 1335 2481 καὶ
1361 2430 1506 2497 παχὺ
1535 2430 1594 2483 τὸ
1623 2433 2050 2503 παραπέτασμα.
2095 2435 2184 2487 Ἐν

619 2517 730 2584 γὰρ
786 2518 850 2585 τῇ
899 2519 1074 2587 τρυφῇ
1112 2517 1172 2570 τὸ
1216 2519 1313 2588 μὲν
1364 2522 1611 2588 κρεῖττον
1666 2520 1964 2587 δουλοῦται,
2015 2524 2077 2574 τὸ
2126 2522 2184 2574 δὲ

621 2609 802 2676 χεῖρον
851 2612 1060 2678 κρατεῖ·
1120 2611 1213 2662 καὶ
1274 2612 1337 2663 τὸ
1404 2613 1501 2681 μὲν
1564 2613 1861 2679 τυφλοῦται
1925 2615 2185 2667 πάντοθεν

620 2694 719 2746 καὶ
776 2693 1001 2764 σύρεται
1050 2697 1470 2765 πεπηρωμένον,
1523 2697 1582 2751 τὸ
1630 2700 1687 2752 δὲ
1733 2700 1853 2767 ἀγει
1894 2702 1988 2755 καὶ
2033 2718 2186 2771 περι-

623 2784 746 2849 άγει
789 2784 1086 2854 πανταχοῦ,
1133 2787 1191 2837 ἐν
1224 2785 1373 2857 [576]
1408 2790 1473 2857 τῇ
1508 2788 1617 2840 τῶν
1656 2789 1938 2859 ἀγομένων
1976 2792 2184 2860 ὀφεῖλον

620 2873 837 2927 κεῖσθαι
867 2872 1037 2937 τάξει.
1078 2876 1183 2926 Καὶ
1210 2876 1319 2944 γάρ
1348 2877 1517 2939 πολὺς
1559 2880 1587 2930 6
1627 2878 1918 2947 σύνδεσμος
1946 2882 2046 2952 τῆς
2080 2883 2185 2951 ψυ-

620 2962 724 3031 χῆς
761 2962 893 3031 πρὸς
922 2962 989 3014 τὸ
1010 2962 1189 3031 σῶμα,
1208 2962 1368 3016 τοῦτο
1389 2965 1483 3016 τοῦ
1508 2968 1581 3037 Δη
1592 2966 1852 3037 μιουργοῦ
1879 2986 2188 3038 μηχανησα.

626 3049 811 3119 μένου,
843 3050 928 3101 ἵνα
948 3051 1022 3118 μὴ
1035 3050 1110 3111 ὡς
1128 3050 1407 3121 ἀλλότριον
1427 3054 1558 3106 αὐτὸ
1579 3055 1808 3108 πείθωσί
1823 3073 1969 3120 τινες
1984 3061 2181 3126 μισεῖν.

692 3138 760 3191 θ’.
788 3139 844 3189 '0
864 3138 961 3206 μὲν
982 3138 1087 3209 γάρ
1103 3139 1235 3202 Θεὸς
1266 3141 1393 3203 τοὺς
1417 3141 1644 3210 ἐχθροὺς
1668 3144 1917 3196 ἐκέλευσε
1944 3147 2135 3211 φιλεῖν⁸
2155 3148 2184 3198 6

618 3228 679 3283 66
702 3228 943 3290 διάϐολος
967 3228 1216 3282 τοσοῦτον
1236 3230 1475 3299 ἴσχυσεν,
1502 3232 1578 3292 ὡς
1606 3233 1700 3285 καὶ
1722 3234 1783 3284 τὸ
1807 3236 2002 3285 οἰκεῖον
2026 3234 2185 3303 σῶμα

619 3316 804 3369 πεῖσαί
831 3334 981 3378 τινας
1014 3320 1211 3383 μισεῖν.
1247 3318 1417 3370 Ὅταν
1443 3317 1552 3387 γὰρ
1580 3319 1730 3390 εῐπ-ῃ,
1770 3321 1851 3372 ὅτι
1882 3321 1975 3373 τοῦ
2004 3320 2185 3374 διαϐό-

618 3404 712 3457 λου
744 3406 911 3467 ἐστὶν,
954 3406 1104 3456 οὐδὲν
1136 3406 1262 3458 ἄλλο
1290 3408 1708 3473 κατασκευάζει,
1762 3410 1793 3479 ἢ
1833 3411 2020 3464 τοῦτο·
2048 3411 2182 3482 ὅπερ

619 3494 854 3561 ἐσχάτης
903 3494 1169 3564 ληρωδίας
1214 3496 1377 3549 ἐστίν.
1411 3499 1473 3550 EE
1506 3500 1613 3568 γάρ
1645 3500 1737 3551 τοῦ
1771 3501 2016 3553 διαϐόλου
2044 3504 2181 3565 ἐστὶ,

620 3584 703 3645 τίς
742 3586 775 3652 ἡ
803 3584 1033 3653 τοσαύτη
1062 3588 1365 3656 συμφωνία,
1395 3589 1470 3649 ὼς
1500 3590 1801 3659 ἐπιτήδειον
1828 3592 1959 3643 αὐτὸ
1988 3594 2184 3645 πάντο-

620 3674 714 3725 θεν
743 3676 819 3735 είς
857 3675 955 3736 τὰς
992 3676 1090 3743 τῆς
1134 3677 1421 3743 φιλοσόφου
1468 3678 1645 3747 ψυχῆς
1692 3682 1970 3750 ἐνεργείας
2020 3700 2185 3737 κατα-

624 3765 921 3827 σκευάσαις
967 3766 1074 3817 Καὶ
1112 3769 1158 3818 εί
1186 3768 1504 3836 ἐπιτήδειον,
1540 3772 1690 3840 φησὶ,
1721 3770 1838 3833 πῶς
1882 3773 2051 3841 αὐτὴν
2092 3790 2185 3826 τυ-

620 3854 776 3921 φλοῖ;
830 3853 962 3921 Οὐχὶ
995 3854 1056 3909 16
1104 3854 1263 3923 σῶμά
1300 3858 1413 3907 ἐστι
1463 3857 1523 3910 τὸ
1560 3858 1791 3925 τυφλοῦν
1840 3860 1937 3929 τὴν
1984 3861 2182 3929 ψυχὴν,

620 3944 817 4009 ἄπαγε,
843 3944 1111 4012 ἄνθρωπε,
1140 3945 1252 3997 ἀλλ’
1285 3946 1319 4013 ἡ
1346 3950 1543 4015 τρυφή.
1570 3948 1679 4017 Τῆς
1705 3948 1761 3999 δὲ
1789 3950 1998 4018 τρυφῆς
2024 3951 2187 4004 πόθεν

620 4035 920 4103 ὔφιέμεθα;
955 4036 1027 4087 Οὐ
1061 4034 1218 4106 ’παρὰ
1249 4036 1309 4087 16
1356 4036 1512 4106 σῶμα
1544 4037 1706 4106 ἔχειν,
1746 4040 2018 4109 οὐδαμῶς,
2051 4042 2186 4095 ἀλλὰ

619 4126 774 4193 παρά
808 4126 1122 4195 προαίρεσιν
1172 4128 1434 4196 πονηράν.
1489 4126 1561 4180 Τὸ
1617 4127 1722 4198 γὰρ
1776 4128 1934 4198 σῶμα
1982 4132 2187 4200 τροφῆς

621 4218 810 4283 δεῖται,
845 4218 906 4269 οὐ
948 4218 1159 4287 τρυφῆς
1181 4257 1195 4277 ,
1229 4220 1289 4269 τὸ
1319 4216 1478 4286 σῶμα
1506 4218 1599 4270 τοῦ
1641 4219 1934 4288 τρέφεσθαι
1978 4220 2181 4290 χρῄζει,

614 4307 740 4375 οὐχὶ
765 4306 857 4359 τοῦ
888 4308 1273 4359 διακόπτεσθαι
1300 4309 1391 4359 καὶ
1430 4309 1691 4377 διαρρεῖν.
1727 4310 1860 4362 Οὐδὲ
1902 4312 2009 4381 γὰρ
2040 4314 2183 4385 ψυχῇ

625 4395 805 4463 μόνον,
850 4396 985 4448 ἀλλά
1035 4397 1129 4450 καὶ
1181 4397 1327 4465 αὐτῷ
1380 4396 1457 4466 τῷ
1501 4398 1710 4467 σώματι
1748 4400 1825 4469 τῷ
1871 4406 2187 4473 τρεφομένῳ

623 4480 881 4549 πολέμιον
912 4485 944 4550 ἡ
972 4499 1171 4553 τρυφη.
1215 4485 1321 4535 Καὶ
1347 4485 1452 4555 γάρ
1482 4486 1868 4558 ἀσθενέστερον
1895 4490 2013 4543 ἀντὶ
2041 4494 2188 4561 ίσχυ-

626 4568 721 4637 ροῦ
762 4570 989 4636 γίνεται,
1041 4574 1134 4623 καὶ
1186 4572 1570 4643 μαλακώτερον
1616 4576 1736 4628 ἀντὶ
1789 4579 2037 4647 στερροῦ,
2095 4582 2187 4633 καὶ

624 4660 872 4713 ὲπίνοσον
902 4663 1022 4713 ἀντὶ
1050 4663 1308 4729 ὑγιεινοῦ,
1338 4666 1432 4716 καὶ
1472 4664 1763 4735 βαρύτερον
1796 4669 1917 4720 ἀντὶ
1960 4669 2184 4738 κούφου,

627 4749 722 4800 καὶ
737 4750 1051 4821 ἀραιότερον
1073 4753 1191 4805 ἀντὶ
1212 4755 1438 4816 πυκνοῦ,
1470 4756 1559 4807 καὶ
1580 4757 1801 4824 αἰσχρὸν
1822 4761 1941 4811 ἀντὶ
1963 4761 2185 4830 ὡραίου,

628 4838 722 4890 καὶ
750 4840 1141 4912 δυσωδέστερον
1174 4844 1293 4895 ἀντὶ
1326 4844 1577 4907 εὐώδους,
1609 4846 1703 4897 καὶ
1738 4847 2041 4917 ἀκάθαρτον
2070 4852 2192 4905 ἀντὶ

628 4928 896 4997 καθαροῦ,
926 4933 1017 4983 καλ⁸
1045 4933 1373 5001 περιώδυνον
1406 4936 1525 4987 ἀντὶ
1554 4935 1857 5004 ἀνειμένου,
1896 4941 1989 4992 καὶ
2015 4940 2183 5009 ἀχρη-

631 5034 755 5069 στον
809 5019 929 5070 ἀντὶ
980 5022 1269 5089 χρησίμου,
1322 5025 1415 5075 καὶ
1461 5026 1689 5079 παλαιὸν
1741 5028 1859 5079 ἀντὶ
1898 5029 2040 5096 νέου,
2097 5032 2189 5083 καὶ

639 5109 834 5178 σαθρὸν
884 5110 1003 5161 ἀντὶ
1045 5110 1285 5178 ἰσχυροῦ,
1335 5116 1429 5165 καὶ
1483 5114 1644 5182 βραδὺ
1682 5120 1773 5169 καὶ
1824 5120 2025 5188 νωθρὸν
2072 5121 2192 5172 ἀντὶ

638 5200 844 5269 ταχέος,
880 5202 970 5253 καὶ
998 5202 1163 5269 χωλὸν
1196 5202 1314 5253 ἀντὶ
1346 5204 1555 5270 ἀρτίου.
1588 5207 1778 5257 Καίτοι
1809 5209 1855 5259 εί
1885 5210 1977 5261 τοῦ
2013 5211 2194 5263 διαϐό-

635 5287 727 5343 λου
765 5287 853 5360 ἦν,
901 5293 996 5344 οὐκ
1024 5293 1189 5361 ἐχρῆν
1217 5293 1320 5345 ὑπὸ
1356 5292 1464 5345 τῶν
1488 5294 1650 5345 αὐτοῦ
1688 5297 2190 5365 παραϐλάπτεσθαι,

634 5378 731 5449 τῆς
758 5383 949 5446 κακίας
975 5382 1135 5451 λέγω.
1181 5384 1317 5435 Ἀλλ’
1344 5383 1465 5436 οὐτε
1492 5384 1551 5436 16
1579 5385 1758 5453 σῶμα,
1782 5386 1902 5438 οῦτε
1931 5391 1997 5441 τὰ
2028 5393 2192 5455 σιτία,

635 5468 729 5519 τοῦ
758 5470 1021 5535 διαϐόλου,
1067 5472 1182 5524 ἀλλ’
1228 5474 1262 5543 ή
1296 5473 1471 5542 τρυφὴ
1510 5474 1665 5542 μόνη.
1707 5474 1804 5526 Διά
1850 5476 1957 5545 γάρ
1994 5481 2195 5549 ταύτης

636 5558 705 5611 τά
742 5562 902 5629 μυρία
954 5564 979 5614 6
1023 5565 1255 5634 πονηρὸς
1308 5564 1515 5631 δαίμων
1566 5567 1771 5627 ἐκεῖνος
1817 5566 1968 5619 ἀνύει
2015 5573 2191 5624 κακά·

638 5649 777 5705 οῦτω
826 5652 991 5723 δῆμον
1041 5654 1330 5726 ὁλόκληρον
1364 5656 1805 5727 ἐξετραχήλισεν·
1869 5657 2191 5729 Ἐλιπιὶνθη

1342 346 1400 402 S.
1443 344 1730 403 JOANNIS
1767 342 2260 405 CHRYSOSTOMI
2299 345 2618 402 ARCHIEP.
2655 347 3208 407 CONSTANTINOP.

3730 354 3845 412 358

2287 460 2412 529 γὰρ,
2470 462 2621 532 φησὶ,
2656 461 2751 515 καὶ
2807 463 3134 531 ἐπαχύνθη,
3189 465 3285 518 καί
3326 465 3688 533 ἐπλατύνθη,
3748 468 3843 520 καὶ

2284 551 2689 604 ἀπελάκτισεν
2734 555 2766 605 ὀ
2799 553 3199 621 ἠταπημένος.
3236 557 3345 609 Καὶ
3375 558 3624 626 Σοδόμοις
3655 556 3711 608 δέ
3761 558 3844 609 ἐν-

2283 640 2474 693 τεῦθεν
2502 644 2535 710 ἡ
2571 643 2711 712 ἀρχὴ
2752 643 2859 695 τῶν
2902 645 3181 713 κεραυνῶν
3224 648 3445 699 ἐκείνων
3475 648 3709 714 ἐγένετο.
3738 647 3846 699 Καὶ

2283 731 2440 785 τοῦτο
2486 734 2659 801 οηλῶν
2714 735 2741 786 6
2800 732 3058 804 Ἱεζεκιὴλ
3104 734 3292 803 ἔλεγε·
3342 737 3516 803 Πλὴν
3571 736 3745 791 τοῦτο
3780 738 3846 789 τὸ

2283 823 2557 890 ἀνόμημα
2593 823 2898 890 Σοδόμων,
2930 823 2999 875 ἂν
3038 826 3416 894 ὑπερηφανίᾳ
3448 827 3546 879 καὶ
3584 828 3652 879 ἐν
3698 829 3848 893 πλη.

2284 910 2483 979 σμονῇ
2511 911 2702 978 ἄρτων
2733 913 2829 965 καί
2864 913 2933 965 ἐν
2956 914 3260 980 εὐθηνίαις
3282 914 3659 968 ἐσπατάλων.

2354 1002 2451 1052 Διά
2476 1001 2631 1056 τοῦτο
2655 1002 2747 1055 καὶ
2774 1005 2802 1055 6
2822 1002 3028 1064 Παῦλος
3050 1004 3251 1072 ἐλεγενο
3283 1006 3353 1058 Ἠ
3367 1006 3424 1057 δὲ
3454 1003 3845 1068 σπαταλῶσα,

2287 1088 2447 1151 ζῶσα
2481 1090 2752 1156 τέθνηκε.
2784 1091 2849 1142 Τί
2906 1092 3135 1161 δήποτε;
3176 1095 3296 1145 Ὅτι
3349 1092 3538 1163 ῶσπερ
3571 1094 3736 1161 τάφον
3787 1093 3848 1147 τὸ

2288 1179 2445 1248 σῶμα
2480 1181 2763 1252 περιφέρει
2795 1181 3008 1251 μυρίοις
3054 1183 3434 1252 συνδεδεμένον
3464 1186 3676 1245 κακοῖς.
3708 1184 3768 1236 El
3791 1184 3847 1238 δὲ

2280 1265 2344 1316 16
2376 1266 2533 1335 σῶμα
2564 1267 2735 1330 οὕτως
2761 1268 3075 1329 ἀπόλλυται,
3111 1270 3227 1332 πῶς
3262 1272 3296 1340 ἡ
3325 1271 3469 1341 ψυχὴ
3494 1271 3847 1335 διακείσεται,

2286 1356 2451 1407 πόσου
2482 1355 2726 1427 θορύϐου,
2763 1358 2943 1409 πόσων
2988 1360 3263 1427 κυμάτων,
3298 1362 3470 1428 πόσης
3512 1354 3680 1429 ζάλης
3716 1363 3850 1415 ἀνά-

2284 1443 2462 1505 πλεως
2506 1443 2689 1504 ἐσταις
2733 1446 2832 1497 Διά
2858 1462 2939 1497 τοι
2983 1446 3139 1498 τοῦτο
3186 1448 3321 1515 πρὸς
3364 1449 3540 1501 πάντα
3578 1448 3852 1517 ἀχρηστος

2283 1532 2490 1599 γίνεται
2533 1533 2625 1585 καὶ
2656 1533 2777 1585 οὔτε
2806 1536 3000 1594 εἰπεῖν,
3039 1535 3161 1587 οὐτε
3192 1537 3444 1602 ἀκοῦσαι,
3474 1537 3597 1590 οὐτε
3633 1538 3850 1607 βουλεύ-

2285 1621 2498 1686 σασθαι,
2546 1622 2669 1675 οὔτε
2715 1638 2769 1674 τι
2821 1622 3023 1692 πρᾶξαι
3052 1623 3160 1676 τῶν
3201 1624 3425 1677 δεόντων
3457 1626 3656 1696 ῥᾳδίως
3686 1626 3848 1695 δυνή-

2285 1727 2464 1763 σεται·
2523 1713 2638 1765 ἀλλ’
2687 1712 2873 1783 ὥσπερ
2921 1713 3276 1783 κυϐερνήτης,
3334 1716 3602 1784 χειμῶνος
3640 1719 3849 1784 κρατηο

2285 1816 2475 1861 σαντος
2523 1800 2622 1869 τῆς
2668 1802 2881 1871 τέχνης,
2944 1802 3092 1870 αὐτῷ
3122 1801 3198 1871 τῷ
3232 1802 3400 1871 πλοίῳ
3442 1804 3535 1855 καὶ
3576 1805 3686 1865 τοῖς
3726 1807 3849 1857 ἐπι-

2283 1888 2475 1950 ϐάταις
2520 1888 2848 1959 ὑποϐρύχιος
2890 1890 3133 1956 γίνεταιο
3172 1890 3314 1942 οῦτω
3345 1891 3436 1942 καὶ
3465 1894 3497 1960 ἡ
3529 1892 3675 1962 ψυχὴ
3711 1894 3852 1962 μετὰ

2284 1978 2380 2030 τοῦ
2433 1977 2683 2047 σώματος
2723 1982 2802 2042 είς
2837 1980 2937 2049 τὴν
2968 1980 3207 2049 χαλεπὴν
3236 1976 3331 2049 τῆς
3363 1982 3715 2050 ἀναισθησίας
3747 2000 3852 2036 κα-

2282 2068 2661 2131 ταποντίζεται
2693 2069 2946 2122 ἄϐυσσον.
2986 2071 3093 2121 Καὶ
3122 2072 3229 2138 γὰρ
3259 2070 3509 2140 καθάπερ
3532 2072 3709 2140 μύλην
3730 2071 3852 2125 τινά

2280 2158 2379 2227 τὴν
2410 2158 2650 2229 γαστέρα
2680 2160 2812 2228 ἡμῖν
2836 2159 3088 2230 ἐνέθηκεν
3113 2161 3142 2211 6
3181 2161 3334 2224 Θεὸς,
3371 2162 3683 2233 σύμμετρον
3710 2164 3849 2231 αὐτῇ

2280 2247 2505 2318 δύναμιν
2542 2249 2684 2310 δοὺς,
2733 2249 2826 2301 καὶ
2854 2248 3019 2313 τάξας
3052 2248 3246 2317 μέτρον
3281 2250 3461 2319 ῥητὸν,
3511 2251 3647 2319 ὅπερ
3683 2250 3853 2321 αὐτὴν

2278 2338 2431 2391 ἀλεῖν
2468 2339 2552 2390 δεῖ
2581 2339 2700 2391 καθ’
2734 2338 2970 2407 ἑκάστην
2992 2337 3223 2405 ἡμέραν.
3259 2340 3354 2389 ’Ἂν
3383 2334 3476 2391 οὖν
3503 2355 3587 2401 τις
3616 2339 3853 2411 ἐπιϐάλῃ

2281 2428 2527 2491 πλείονα,
2556 2427 2937 2497 ἀκατέργαστα
2976 2426 3125 2497 [577]
3155 2427 3419 2495 γενόμενα
3463 2430 3541 2497 τῷ
3570 2430 3733 2480 παντὶ
3761 2429 3853 2479 λυ-

2286 2519 2557 2587 μαίνεται.
2613 2516 2891 2569 Ἐντεῦθεν
2945 2518 3089 2568 νόσοι
3121 2518 3214 2569 καὶ
3253 2516 3530 2570 ἀσθένειαι
3563 2519 3655 2570 καὶ
3681 2518 3854 2587 ἀμορ-

2282 2600 2399 2667 φίαι
2420 2616 2433 2630 ·
2460 2601 2553 2653 καὶ
2584 2600 2691 2669 γὰρ
2716 2600 2816 2651 οὐκ
2833 2600 3081 2652 ἐπίνοσον
3111 2600 3290 2669 μόνον,
3322 2601 3457 2654 ἀλλά
3487 2602 3582 2655 καὶ
3613 2604 3854 2672 αἰσχρὰν

2283 2692 2429 2741 ποιεῖ
2479 2690 2513 2759 ἡ
2564 2689 2741 2759 τρυφὴ
2785 2689 2882 2757 τὴν
2926 2690 3119 2759 καλήν.
3176 2691 3345 2743 Ὅταν
3393 2690 3502 2761 γὰρ
3556 2689 3854 2761 ἐρεύγηται

2284 2779 2521 2847 συνεχῶς
2554 2778 2714 2847 ἀηδῆ,
2752 2778 2846 2830 καὶ
2878 2779 3176 2848 σεσηπότος
3209 2780 3352 2832 οῐνου
3377 2782 3532 2851 πνέῃ,
3564 2786 3658 2833 καὶ
3690 2782 3855 2834 πλέον

2281 2864 2374 2918 τοῦ
2399 2866 2607 2927 δέοντος
2638 2866 3006 2936 ἐρυθαίνηται,
3038 2869 3130 2919 καλ
3148 2868 3238 2920 τὸν
3265 2870 3609 2939 προσήκοντα
3633 2873 3854 2938 γυναικὶ

2286 2956 2489 3027 ῥυθμὸν
2517 2955 2823 3026 διαφθείρη,
2865 2959 2958 3010 καὶ
3001 2958 3099 3027 τὴν
3141 2959 3436 3029 εὐκοσμίαν
3480 2961 3721 3032 ἀπολέσῃ
3747 2963 3854 3016 nd-

2284 3061 2403 3108 σαν,
2452 3047 2544 3097 καὶ
2588 3045 2837 3115 πλαδαρά
2873 3046 2971 3114 μὲν
3001 3048 3046 3116 ,ὴ
3076 3046 3213 3117 σάρξ
3255 3050 3491 3119 γίνηται,
3525 3049 3754 3120 ὓφαιμοι
3792 3052 3854 3105 δὲ

2283 3136 2377 3187 καλ⁸
2414 3135 2797 3204 διατεταμέναι
2843 3137 2899 3187 αί
2940 3136 3275 3205 βλεφαρίδες,
3326 3140 3421 3193 καὶ
3468 3141 3641 3210 πάχος
3691 3142 3855 3195 πλέον

2283 3224 2376 3279 τοῦ
2437 3225 2669 3288 δέοντος,
2726 3226 2824 3277 καὶ
2881 3227 3217 3293 πολυσαρκία
3274 3232 3534 3298 περιττή·
3597 3230 3855 3299 ἐννόησον

2286 3315 2422 3384 πόση
2460 3316 2667 3383 γίνεται
2708 3314 2956 3368 ἐντεῦθεν
3002 3316 3182 3385 ἀηδία.
3241 3317 3381 3384 Ἐγὼ
3412 3318 3468 3370 δὲ
3514 3318 3607 3370 καὶ
3654 3319 3856 3387 ίατρῶν

2285 3406 2491 3475 ἥκουσα
2515 3407 2800 3475 λεγόντων,
2829 3406 2912 3458 ὅτι
2941 3406 3167 3467 πολλοὺς
3190 3407 3281 3458 καὶ
3308 3408 3440 3475 πρὸς
3464 3408 3595 3476 ὕψος
3616 3408 3857 3477 ἀναδρα-

2289 3497 2405 3563 μεῖν
2437 3498 2469 3564 ἡ
2499 3494 2680 3564 τρυφὴ
2722 3494 2957 3563 μάλιστα
2984 3493 3242 3547 ἐκώλυσε.
3279 3495 3385 3547 Τοῦ
3414 3495 3520 3561 γάρ
3546 3496 3857 3564 πνεύματος

2286 3585 2683 3652 ὲγκοπτομένου
2731 3582 2808 3652 τῷ
2854 3582 3047 3651 πλήθει
3087 3583 3191 3634 τῶν
3240 3584 3722 3652 καταϐαλλομένων
3760 3587 3857 3638 καὶ

2284 3676 2412 3743 περὶ
2447 3674 2543 3743 τὴν
2584 3673 2788 3727 τούτων
2826 3673 3088 3743 ἐργασίαν
3138 3675 3561 3744 ἀσχολουμένου,
3604 3676 3742 3745 ὅπερ
3774 3678 3856 3740 είς

2284 3762 2510 3831 αῦξησιν
2557 3762 2665 3814 ἔδει
2712 3766 3037 3832 προχωρεῖν,
3086 3764 3243 3816 τοῦτο
3276 3764 3579 3817 δαπανᾶται
3629 3767 3710 3826 είς
3755 3766 3857 3836 τὴν

2284 3852 2392 3903 τῶν
2443 3852 2709 3921 περιττῶν
2757 3854 3035 3922 ἐργασίαν.
3070 3852 3134 3905 Τί
3167 3853 3231 3906 ἀν
3254 3871 3337 3917 τις
3375 3854 3516 3907 εἴποι
3544 3855 3640 3916 τὰς
3661 3856 3859 3908 ποδαλ-

2286 3941 2430 4007 γίας,
2468 3942 2528 3994 τὸ
2561 3943 2737 4013 ῥεῦμα
2772 3943 2833 3994 τὸ
2859 3942 3133 4012 πανταχοῦ
3162 3944 3529 4013 πλανώμενον,
3559 3946 3654 3999 τὰς
3688 3946 3859 4011 ἄλλας

2287 4033 2471 4095 νόσους
2507 4035 2602 4094 τὰς
2642 4032 2909 4094 ἐντεῦθεν,
2958 4036 3053 4102 τὴν
3100 4033 3381 4103 βδελυρίαν
3411 4037 3655 4103 ἆπασαν;
3689 4038 3860 4090 Οὐδὲν

2286 4122 2393 4192 γὰρ
2437 4124 2609 4185 οὕτως
2666 4124 2849 4194 ἀηδὲς,
2892 4124 2965 4186 ὡς
3012 4126 3147 4193 γυνὴ
3196 4126 3366 4179 πολλὰ
3397 4127 3706 4195 σιτουμένη.
3758 4130 3859 4181 Διά

2285 4212 2441 4265 τοῦτο
2485 4215 2540 4266 ἐν
2588 4216 2707 4277 ταῖς
2761 4216 3081 4283 πενομέναις
3128 4215 3347 4267 πλείονα
3393 4234 3490 4283 την
3547 4218 3857 4287 εὐμορφὲαν

2288 4304 2385 4355 ῐδοι
2425 4321 2507 4366 τις
2553 4306 2639 4368 ἂν,
2674 4304 2781 4357 τῶν
2830 4305 3255 4374 περιττωμάτων
3288 4306 3723 4375 ἀναλισκομένων
3761 4312 3857 4361 καὶ

2286 4394 2406 4461 οὐχὶ
2436 4394 2978 4463 προσπεπλασμένων
3000 4396 3210 4457 αὐταῖς,
3244 4397 3413 4465 πηλοῦ
3434 4413 3575 4460 τινος
3600 4399 3856 4468 περιττοῦ

2285 4482 2460 4550 δίκην,
2484 4484 2606 4553 εἰκῆ
2632 4484 2724 4535 καὶ
2759 4484 2956 4553 μάτην.
2992 4485 3054 4535 Ἡ
3083 4485 3189 4555 γάρ
3215 4486 3553 4556 καθημερινὴ
3578 4490 3859 4557 γυμνασία

2287 4570 2382 4622 καὶ
2427 4572 2475 4622 ot
2521 4572 2671 4625 πόνοι
2699 4574 2791 4625 καὶ
2834 4576 2890 4624 αί
2934 4575 3301 4643 ταλαιπωρίαι
3345 4577 3438 4627 καὶ
3474 4580 3507 4645 ἡ
3543 4576 3860 4647 σύμμετρος

2288 4660 2531 4730 τράπεζα
2573 4663 2663 4715 καὶ
2705 4665 2737 4732 ἡ
2775 4664 2893 4733 λιτὴ
2932 4664 3110 4716 δίαιτα
3154 4666 3353 4735 πολλὴν
3388 4668 3485 4733 μὲν
3528 4667 3716 4729 αὐταῖς
3752 4670 3858 4739 τὴν

2289 4751 2519 4814 εὐεξίαν,
2548 4753 2744 4822 πολλὴν
2771 4754 2826 4805 δὲ
2868 4754 3119 4806 ἐντεῦθεν
3146 4758 3239 4807 καὶ
3270 4758 3369 4824 τὴν
3404 4757 3553 4823 ῶραν
3584 4759 3861 4828 παρέχου-

2291 4860 2394 4894 σιν.
2422 4844 2483 4894 Εί
2518 4843 2573 4895 δὲ
2604 4842 2701 4911 τὴν
2734 4842 2923 4912 ἡδονὴν
2953 4844 3051 4911 τῆς
3080 4846 3292 4915 τρυφῆς
3318 4845 3523 4913 λέγοις,
3565 4846 3725 4917 μέχρι
3757 4852 3858 4918 τῆς

2290 4932 2565 5001 φάρυγγος
2604 4932 2773 5001 αὐτὴν
2807 4934 3059 5000 εὑρήσεις
3097 4934 3276 4999 μόνον.
3324 4935 3487 5003 Ὀμοῦ
3518 4953 3575 4987 τε
3618 4954 3728 5005 γαρ
3757 4938 3857 5007 τὴν

2290 5022 2535 5090 γλῶτταν
2564 5022 2807 5092 παρῆλθε
2836 5024 2925 5074 καὶ
2948 5023 3191 5091 ἀπέπτη,
3223 5024 3421 5087 πολλὰς
3448 5027 3728 5092 ἐναφιεῑσα
3761 5029 3859 5089 τὰς

2290 5111 2500 5179 ἀηδίας.
2536 5112 2626 5181 Μὴ
2657 5113 2764 5180 γάρ
2792 5128 2881 5180 μοι
2924 5113 3351 5179 κατακειμένους
3382 5115 3540 5182 μόνον
3571 5118 3695 5178 τοὺς
3723 5133 3859 5185 τρυ-

2294 5204 2507 5271 φῶντας
2545 5204 2677 5275 ἴδῃς,
2701 5203 2812 5255 ἀλλ’
2840 5203 2969 5254 ὅταν
2992 5203 3186 5265 αὐτοὺς
3212 5204 3544 5267 ἀναστάντας
3572 5206 3707 5275 ἴδῃς,
3734 5208 3856 5257 τότε

2293 5294 2794 5366 παρακολούθησον,
2830 5296 2923 5345 καὶ
2956 5292 3077 5359 ὄψει
3108 5291 3311 5363 θηρίων
3367 5297 3566 5363 μᾶλλον
3614 5297 3705 5347 καὶ
3735 5296 3861 5347 ἀλό-

2293 5403 2425 5453 γων,
2490 5388 2519 5453 ἢ
2583 5387 2885 5454 ἀνθρώπων
2942 5384 3188 5451 σώματα.
3251 5387 3409 5453 Ὀψει
3460 5388 3567 5456 γὰρ
3616 5388 3861 5458 καρηϐαυ

2298 5476 2542 5545 ροῦντας,
2572 5474 3024 5541 διατεινομένους,
3062 5472 3490 5541 συνδεδεμένους,
3530 5474 3715 5541 κλίνης
3743 5474 3859 5522 δεο-

2300 5564 2487 5631 μένους
2521 5565 2608 5615 καὶ
2643 5563 2929 5631 στρωμνῆς
2976 5560 3069 5612 καὶ
3099 5560 3323 5629 ἡσυχίας
3350 5561 3571 5628 πολλῆς,
3603 5561 3692 5612 καὶ
3726 5557 3859 5608 καθ-

2300 5658 2439 5727 άπερ
2489 5659 2542 5707 ἐν
2588 5656 2865 5723 κλυδωνίῳ
2927 5652 3103 5720 πολλῷ
3139 5656 3590 5723 ταραττομένους,
3621 5652 3715 5703 καὶ
3748 5650 3854 5702 τῶν
