4038 6216
230 401 340 460 ιιδ

234 521 472 570 mentum
502 509 644 566 tinea
671 519 722 563 et
747 506 944 561 vermis
967 542 984 567 ,
1032 502 1102 557 ita
1130 502 1353 554 istorum
1394 497 1599 549 animas
1626 489 1805 545 exedit

230 602 522 657 crudelitas
549 608 606 655 et
636 596 1010 651 inhumanitas.
1056 591 1254 646 Horum
1286 597 1461 643 autem
1491 600 1648 639 causa
1679 589 1801 646 est,

230 688 511 760 quod'sint
535 688 680 742 afﬁxi
711 684 1086 756 prtesentibus,
1109 691 1162 735 et
1187 680 1252 734 ad
1280 679 1440 732 vitam
1469 677 1638 730 solutn
1670 688 1806 741 pra:-

231 790 441 836 seutem
475 778 717 833 inhient:
742 776 884 830 unde
922 774 1082 829 etiam
1127 772 1182 824 ﬁt
1213 778 1271 823 ut
1299 767 1499 838 ingenti
1526 765 1666 834 pleni
1696 763 1805 817 sint

228 872 397 925 animi
424 868 759 939 aegritudine.
790 867 920 921 Nam
955 864 1159 919 etiamsi
1188 861 1398 931 quidvis
1435 858 1725 929 jucundum
1751 864 1807 909 et

228 976 395 1015 suave
420 960 617 1015 dixeris
640 998 655 1021 ,
684 960 750 1013 ad
778 958 953 1010 omnia
981 954 1206 1009 delenda
1232 952 1429 1007 sufﬁcit
1458 958 1630 1003 metus
1657 963 1803 1001 mor-

231 1051 301 1105 tis
332 1070 345 1105 :
375 1050 465 1119 qui
504 1059 683 1104 autem
726 1055 811 1103 est
852 1044 1184 1115 bujusmodi,
1228 1052 1309 1097 est
1350 1050 1592 1095 mortuus
1631 1038 1803 1092 adhuc

228 1143 433 1196 vivens.
467 1142 531 1194 Et
568 1139 707 1210 quod
757 1138 1061 1192 inﬁdelibus
1108 1135 1321 1206 quidem
1368 1135 1481 1187 haec
1518 1131 1801 1195 accidant,

229 1247 337 1285 non
379 1240 460 1285 est
500 1232 692 1285 mirum
721 1247 735 1284 :
764 1229 977 1297 quando
1021 1236 1198 1280 autem
1240 1226 1295 1289 ii,
1338 1230 1428 1293 qui
1472 1233 1549 1277 tot
1579 1232 1629 1275 et
1658 1228 1803 1273 tanta

230 1330 586 1391 perceperunt
626 1320 878 1391 mysteria
925 1328 979 1373 et
1026 1318 1095 1373 de
1136 1318 1325 1372 futuris
1354 1328 1458 1369 tam
1488 1314 1652 1367 multa
1680 1320 1805 1366 sunt

228 1414 615 1482 philosophati,
646 1412 806 1465 rebus
833 1411 1182 1478 praesentibus
1206 1408 1401 1461 addicti
1433 1407 1481 1459 in
1510 1406 1587 1459 eis
1611 1405 1803 1459 luben-

228 1513 311 1556 ter
353 1510 631 1554 versentur
652 1541 666 1563 ,
695 1515 924 1567 quanam
971 1499 1167 1552 fuerint
1194 1498 1337 1566 digni
1366 1495 1562 1551 venia?
1603 1494 1703 1561 Qui
1744 1493 1802 1547 ﬁt

226 1601 431 1652 autem,
463 1590 603 1659 quod
636 1590 884 1643 lubenter
913 1600 1192 1643 versentur
1222 1589 1275 1641 in
1309 1585 1693 1656 prmsentibus?
1723 1585 1797 1637 Ex

224 1695 293 1734 eo
316 1679 457 1749 quod
482 1680 788 1735 incumbant
807 1680 1033 1741 deliciis,
1052 1694 1264 1733 carnem
1288 1680 1547 1747 saginent,
1567 1678 1795 1730 animam

226 1772 476 1841 frangant
499 1788 561 1825 ae
589 1772 851 1835 molliant,
881 1780 935 1823 et
958 1785 1123 1839 grave
1146 1785 1279 1823 onus
1309 1768 1551 1831 reddant,
1581 1768 1798 1820 multas-

225 1878 330 1929 que
363 1862 611 1916 tenebras
637 1871 690 1915 et
718 1877 958 1917 crassum
1004 1862 1179 1913 velum
1220 1860 1529 1912 obtendant.
1571 1858 1702 1911 Nam
1745 1858 1797 1911 in

224 1951 436 2005 deliciis
466 1950 679 2019 quidem
709 1950 783 2013 id,
811 1950 949 2019 quod
973 1960 1056 2004 est
1082 1950 1293 2013 melius,
1325 1949 1579 2017 redigitur
1605 1949 1653 2001 in
1680 1962 1799 2001 ser-

222 2041 484 2104 vitutem;
516 2041 656 2108 quod
685 2048 767 2093 est
794 2049 969 2093 autem
999 2041 1169 2107 pejus,
1193 2040 1521 2092 dominatum
1553 2037 1758 2091 obtinet
1783 2053 1799 2089 :

220 2136 278 2180 et
324 2128 448 2180 illud
489 2129 703 2196 quidem
736 2128 967 2197 undique
994 2138 1319 2191 excaecatur,
1352 2143 1705 2195 mancumque
1736 2142 1799 2179 ac

223 2220 467 2272 mutilum
497 2218 750 2283 trahitur;
772 2218 871 2271 hoc
900 2227 1076 2272 autem
1107 2220 1156 2271 in
1187 2233 1375 2271 omnes
1402 2228 1581 2287 partes
1609 2218 1715 2284 agit
1746 2225 1800 2269 et

222 2310 557 2377 circumagit,
579 2324 699 2362 cum
721 2310 943 2363 deberet
967 2323 1087 2363 esse
1111 2310 1160 2362 in
1186 2310 1305 2363 loco
1327 2318 1379 2362 et
1402 2308 1589 2361 ordine
1611 2322 1797 2360 eorum

221 2414 346 2468 quae
372 2408 615 2467 aguntur.
639 2398 889 2453 Estenim
913 2414 1158 2469 magnum
1178 2399 1366 2451 anima:
1388 2398 1653 2451 vinculum
1678 2412 1798 2450 cum

219 2506 472 2561 corpore,
500 2490 658 2559 idque
682 2490 913 2558 providit
936 2502 989 2544 et
1016 2483 1314 2559 procuravit
1337 2489 1546 2557 Opifex,
1572 2505 1637 2543 ne
1661 2498 1799 2543 tam-

223 2598 386 2650 quam
414 2582 649 2635 alienum
682 2582 731 2634 id
760 2582 938 2635 odisse
962 2582 1124 2649 aliqui
1154 2582 1557 2649 persuaderent.

292 2672 346 2723 9.
380 2670 510 2724 Nam
538 2670 674 2723 Deus
702 2671 914 2739 quidem
935 2672 1093 2739 jussit
1116 2672 1337 2741 diligere
1368 2673 1613 2726 inimicos
1640 2688 1653 2724 :
1688 2670 1801 2724 dia-

219 2762 375 2816 bolus
400 2770 573 2818 autem
604 2770 805 2814 tantum
833 2764 1030 2831 potuit,
1081 2772 1139 2816 ut
1177 2764 1505 2832 persuaserit
1531 2764 1797 2832 aliquibus

218 2855 381 2906 etiam
416 2866 569 2904 suum
596 2866 788 2918 corpus
818 2852 1013 2906 odisse.
1042 2852 1171 2907 Nam
1204 2856 1418 2922 quando
1444 2854 1571 2907 dicit
1598 2855 1646 2905 id
1679 2868 1799 2906 esse

219 2942 457 3005 diaboli,
492 2942 620 2996 nihil
651 2943 793 2996 aliud
822 2959 979 3013 quam
1011 2943 1111 2997 hoc
1157 2945 1345 3012 probat
1372 2961 1385 2997 :
1419 2943 1557 3011 quod
1586 2951 1668 2995 est
1698 2957 1797 2996 ex-

222 3034 378 3091 tremi
408 3032 599 3086 delirii.
632 3032 685 3087 Si
714 3035 855 3087 enim
883 3043 963 3088 est
987 3034 1215 3097 diaboli,
1241 3034 1358 3101 quis
1388 3042 1470 3087 est
1492 3032 1793 3101 hujusmodi

220 3137 517 3179 consensus
546 3131 600 3176 et
627 3123 909 3177 concordia
928 3164 942 3187 ,
971 3133 1029 3177 ut
1067 3123 1116 3175 id
1150 3122 1337 3177 reddat
1366 3122 1511 3176 omni
1554 3137 1617 3175 ex
1647 3132 1798 3190 parte

220 3224 407 3285 aptum
450 3216 515 3270 ad
565 3215 905 3282 operationes
952 3214 1177 3277 animae,
1210 3230 1330 3282 qua:
1361 3222 1571 3269 tenetur
1613 3214 1793 3267 studio

220 3308 613 3377 phi|050pbitei
654 3309 721 3361 At
768 3308 813 3360 si
859 3314 970 3370 est,
1024 3306 1220 3375 inquit,
1272 3318 1483 3375 aptum,
1532 3306 1801 3375 quomodo

220 3398 371 3453 illam
392 3406 623 3453 excaecat
641 3397 663 3450 ?
684 3397 798 3450 Non
816 3406 896 3451 est
917 3411 1112 3465 corpus
1134 3396 1273 3465 quod
1290 3406 1525 3451 exczncat
1542 3398 1795 3464 animam,

222 3489 403 3553 absit,
427 3491 520 3543 sed
550 3489 774 3543 delicia.
816 3488 1044 3541 Delicias
1088 3497 1265 3541 autem
1298 3488 1563 3542 undenam
1596 3489 1802 3557 appeti-

220 3579 381 3632 mus?
427 3577 543 3633 Non
575 3579 759 3645 utique
789 3593 857 3631 ex
903 3592 1000 3640 eo,
1048 3578 1188 3646 quod
1237 3592 1430 3646 corpus
1476 3577 1796 3644 habeamus,

220 3666 320 3721 sed
352 3683 415 3719 ex
443 3681 608 3734 prava
654 3667 806 3720 liberi
852 3666 1057 3718 arbitrii
1104 3666 1388 3720 electione.
1420 3666 1625 3734 Corpus
1656 3667 1796 3719 enim

220 3763 349 3824 eget
375 3754 627 3809 alimento
648 3796 663 3820 ,
711 3770 815 3807 non
866 3754 1103 3819 deliciis;
1155 3769 1348 3823 corpus
1379 3769 1513 3823 opus
1546 3756 1704 3809 habet
1740 3765 1799 3809 ut

219 3845 433 3908 alatur,
462 3859 568 3899 non
607 3856 665 3898 ut
711 3844 1033 3914 infringatur
1062 3854 1115 3898 et
1154 3843 1377 3898 difﬂuat.
1427 3845 1609 3914 Neque
1656 3846 1796 3899 enim

220 3935 418 3989 anima:
448 3943 649 3989 tantum
670 3974 687 4000 ,
728 3935 819 3990 sed
851 3936 1011 3990 etiam
1054 3934 1150 4003 ipsi
1180 3935 1391 4003 corpori
1422 3934 1563 4003 quod
1593 3936 1753 3989 alitur
1780 3976 1795 4001 ,

223 4025 410 4078 hostes
438 4033 563 4079 sunt
586 4024 811 4079 delicire.
830 4023 957 4077 Nam
987 4038 1083 4092 pro
1113 4024 1332 4079 robusto
1363 4025 1421 4076 ﬁt
1448 4024 1787 4090 imbecillius,

224 4130 329 4184 pro
356 4115 510 4169 ﬁrmo
540 4115 785 4181 mollius,
829 4130 928 4182 pro
957 4113 1157 4168 salubri
1190 4114 1633 4168 valetudinarium
1653 4155 1669 4181 ,
1706 4129 1800 4183 pro

219 4206 334 4260 levi
359 4205 592 4275 gravius,
615 4219 713 4274 pro
734 4205 903 4260 denso
929 4207 1123 4272 rarius,
1150 4215 1204 4259 et
1228 4214 1380 4275 turpe
1406 4221 1505 4274 pro
1532 4207 1798 4273 formoso,

219 4308 277 4353 et
308 4312 404 4366 pro
434 4298 570 4352 bene
607 4298 785 4351 olente
832 4298 988 4367 pejus
1033 4298 1185 4352 olens
1214 4313 1276 4352 ae
1306 4299 1547 4352 foetidum
1569 4340 1582 4363 ,
1612 4309 1665 4353 et
1705 4312 1802 4367 pro

220 4389 427 4444 mundo
455 4390 786 4444 immundum
806 4430 821 4454 ,
851 4399 906 4445 et
928 4391 1117 4447 dolore
1142 4392 1395 4461 agitatum
1421 4405 1517 4460 pro
1538 4392 1765 4447 remisso
1784 4431 1799 4457 ,

222 4480 419 4535 inutile
450 4495 547 4549 pro
573 4481 722 4544 utili,
755 4492 907 4535 vetus
930 4496 1025 4551 pro
1056 4497 1197 4536 novo
1218 4524 1233 4548 ,
1266 4483 1535 4552 putridum
1564 4498 1660 4552 pro
1691 4482 1802 4535 for-

225 4572 264 4623 ti
289 4610 307 4634 ,
346 4570 657 4639 tardumque
683 4580 737 4625 et
767 4571 929 4626 hebes
981 4587 1077 4641 pro
1105 4574 1269 4628 celeri
1297 4615 1312 4639 ,
1342 4584 1397 4629 et
1425 4575 1674 4629 claudum
1707 4589 1803 4642 pro

220 4666 378 4714 recto
402 4668 456 4714 et
486 4659 716 4729 integro.
744 4661 904 4729 Atqui
934 4663 977 4715 si
1000 4672 1143 4717 esset
1172 4663 1405 4730 diaboli,
1438 4680 1544 4719 non
1586 4676 1800 4736 Oporte-

221 4757 313 4803 ret
353 4749 525 4817 ipsum
555 4749 623 4801 ab
652 4764 716 4803 eo
763 4750 919 4815 laedi,
953 4766 980 4803 a
1018 4751 1148 4804 vitio
1195 4754 1431 4822 inquam.
1477 4752 1583 4809 Sed
1632 4769 1804 4825 neque

222 4852 460 4904 corpus,
491 4852 665 4907 neque
705 4839 811 4892 cibi
857 4849 980 4894 sunt
1009 4841 1241 4909 diaboli,
1272 4842 1368 4898 sed
1399 4843 1529 4897 solae
1575 4844 1800 4898 delicize.

223 4926 363 4981 Nam
396 4940 489 4993 per
517 4942 610 4981 eas
652 4928 943 4983 sceleratus
972 4929 1060 4983 ille
1102 4928 1311 4985 daemon
1342 4933 1480 4986 mala
1528 4933 1694 4988 efﬁcit
1724 4934 1806 4991 in-

225 5014 578 5069 numerabilia
613 5032 627 5068 :
677 5016 756 5070 sic
808 5017 1061 5087 populum
1093 5019 1356 5089 integrum
1390 5037 1603 5090 pessum
1635 5022 1803 5077 dedit.

224 5104 588 5172 Impingnatus
616 5114 689 5159 est
712 5106 875 5171 enim,
900 5107 1105 5177 inquit,
1130 5118 1177 5162 et
1235 5111 1496 5174 dilatatus,
1520 5122 1568 5166 et
1592 5114 1804 5167 recalci-

227 5194 381 5248 travit
404 5194 614 5247 dilectus
645 5195 821 5264 (Deut.
848 5198 936 5251 52.
968 5198 1080 5267 15).
1105 5199 1274 5254 Porro
1303 5202 1427 5255 hinc
1456 5218 1669 5273 quoque
1706 5206 1806 5259 So-

227 5286 408 5339 domis
441 5282 537 5337 fuit
576 5284 791 5339 illorum
820 5286 1099 5342 fulminum
1148 5292 1374 5345 initium.
1408 5294 1560 5359 Quod
1589 5296 1804 5364 quidem

228 5372 541 5443 signiﬁcans
621 5372 865 5430 Ezechiel
896 5378 1140 5433 dicebat:
1174 5381 1279 5435 Sed
1308 5383 1414 5436 haec
1442 5384 1680 5452 iniquitas
1706 5386 1806 5440 So-

230 5468 502 5517 domorum
528 5478 547 5516 :
589 5463 643 5515 in
682 5465 946 5532 superbia,
975 5476 1022 5520 et
1050 5468 1103 5521 in
1128 5472 1443 5525 abundantia
1471 5476 1617 5541 panis
1641 5516 1654 5539 ,
1683 5486 1727 5529 et
1755 5476 1806 5528 in

234 5556 384 5608 rebus
424 5554 656 5608 secundis
680 5570 735 5608 se
761 5555 1024 5623 explebant
1066 5557 1260 5612 deliciis
1300 5561 1525 5629 (Ezeclt.
1556 5564 1640 5618 16.
1673 5566 1741 5620 48
1766 5566 1804 5632 ).

314 5644 519 5711 Quanta
545 5647 679 5700 mala
706 5663 770 5701 ea:
806 5646 926 5716 gula
950 5648 1270 5702 oriantur.--
1284 5649 1571 5720 Propterea
1615 5656 1806 5711 Paulus

238 5744 451 5804 Quoque
495 5736 747 5794 dicebat:
796 5737 921 5802 Qui:
963 5747 1138 5795 autem
1180 5742 1232 5796 in
1278 5742 1469 5798 deliciis
1497 5743 1673 5814 degit,
1724 5745 1797 5802 ri-

1222 386 1285 440 ΙΝ
1324 380 1539 440 EPIST.
1578 379 1598 432 Ι
1663 376 1754 431 Δὶ)
1790 373 1945 433 COR.
1988 374 2213 430 IIOMIL.
2258 375 2496 431 XXXIX.

3381 371 3483 427 556

1913 502 2029 541 oens
2077 500 2150 542 est
2189 500 2384 544 mortua
2422 493 2513 559 (l.
2557 490 2691 545 Tim.
2733 493 2786 547 5.
2828 492 2918 561 6).
2979 493 3188 559 Quare?
3220 492 3480 557 Quoniam

1912 581 2220 635 circumfert
2264 596 2461 651 corpus
2514 593 2780 653 tamquam
2823 584 3149 653 sepulcrum,
3178 584 3481 653 colligatum

1914 668 2067 723 malis
2096 670 2590 727 innumerabilibus.
2632 674 2689 728 Si
2734 684 2913 727 autem
2963 688 3157 742 corpus
3197 675 3268 728 ita
3309 676 3482 742 perit,

1912 761 2181 826 quomodo
2208 760 2475 818 afﬁcietur
2502 763 2677 817 anima
2701 803 2714 826 ,
2747 771 2945 831 quanto
2970 764 3197 817 tumultu
3218 803 3235 827 ,
3269 765 3482 831 quantis

1911 848 2162 903 ﬂuctibus
2182 891 2197 915 ,
2230 862 2426 919 quanta
2456 860 2774 920 tempestate
2802 855 2904 906 erit
2933 854 3165 906 referta?
3193 853 3480 921 Propterea

1912 940 2127 1008 quidem
2154 952 2299 995 certe
2320 942 2384 996 ad
2414 944 2593 996 omnia
2616 944 2680 997 sit
2712 944 2935 1002 inutilis.
2957 954 3011 998 et
3039 957 3137 996 nec
3164 942 3363 1007 dicere,
3384 956 3481 995 nec

1911 1032 2117 1097 audire,
2146 1048 2319 1103 neque
2340 1036 2647 1089 consultare
2684 1040 2856 1103 neque
2883 1036 3079 1105 aliquid
3110 1050 3265 1104 agere
3289 1050 3477 1090 eorum

1910 1138 2028 1191 quae
2056 1122 2211 1177 decet
2255 1124 2409 1178 facile
2458 1126 2687 1192 poterit:
2720 1125 2814 1179 sed
2856 1126 2995 1180 sicut
3036 1126 3356 1195 gubernator
3380 1166 3393 1188 ,
3427 1125 3477 1178 si

1910 1220 2201 1281 tempestas
2229 1214 2418 1267 vicerit
2440 1224 2608 1269 artem
2633 1255 2645 1277 ,
2678 1230 2799 1269 cum
2834 1216 2946 1283 ipsa
2978 1232 3111 1270 nave
3152 1224 3201 1269 et
3250 1216 3479 1268 vectori-

1908 1303 2010 1359 bus
2038 1304 2430 1374 submergitur:
2461 1306 2532 1358 ita
2562 1307 2724 1360 etiam
2756 1308 2929 1359 anima
2959 1322 3079 1358 cum
3120 1322 3347 1376 corpore
3375 1306 3469 1361 de-

1909 1398 2169 1466 mergitur
2212 1398 2264 1450 in
2312 1412 2526 1463 gravem
2579 1397 2831 1466 abyssum
2876 1398 3318 1452 iusensibilitatis.
3348 1399 3478 1452 Nam

1908 1487 2046 1540 sicut
2074 1485 2356 1555 quamdam
2387 1488 2582 1541 molam
2618 1488 2756 1542 Deus
2798 1488 2949 1543 nobis
2998 1498 3237 1542 ventrem
3266 1489 3473 1551 indidit,

1907 1577 2027 1631 data
2056 1579 2373 1647 congruenti
2401 1587 2456 1633 et
2484 1579 2757 1634 moderata
2790 1580 3057 1646 facultate,
3091 1589 3144 1635 et
3171 1591 3316 1634 certa
3343 1596 3477 1634 con-

1907 1667 2088 1720 stituta
2127 1682 2377 1721 mensura
2400 1708 2415 1732 ,
2449 1684 2605 1736 quam
2640 1671 2811 1739 ipsum
2858 1679 3069 1739 Oportet
3097 1672 3330 1740 quotidie
3365 1688 3478 1725 mo-

1906 1756 2038 1811 lere.
2063 1757 2119 1811 Si
2146 1758 2263 1826 quis
2289 1774 2417 1827 ergo
2445 1759 2596 1825 plura
2624 1760 2844 1828 injiciat,
2874 1777 2932 1816 ea
2960 1776 3065 1815 non
3092 1763 3331 1817 confecta
3361 1763 3481 1817 uui-

1905 1862 2061 1903 verso
2091 1848 2308 1902 exitium
2336 1850 2584 1903 aﬁ'erunt.
2634 1850 2769 1905 llinc
2797 1853 2969 1906 morbi
3001 1864 3055 1906 et
3091 1855 3477 1909 imbecillitates

1905 1946 1961 1991 et
1990 1936 2355 1993 deformitates
2382 1956 2395 1991 :
2429 1955 2533 1993 neu
2568 1943 2710 1995 enim
2741 1943 2911 1998 solum
2943 1947 3269 2012 morbidum,
3300 1948 3391 2001 sed
3423 1957 3479 2001 et

1906 2040 2114 2100 turpem
2145 2030 2345 2085 faciunt
2368 2032 2571 2087 delicia:
2598 2048 2714 2088 eam
2747 2050 2864 2104 qua:
2893 2037 3107 2103 pulchra
3135 2048 3270 2093 erat.
3299 2040 3479 2104 Quam-

1904 2122 1975 2176 do
2020 2123 2161 2177 enim
2192 2122 2473 2192 injucunda
2507 2125 2720 2179 assidue
2751 2138 2982 2190 eructat,
3012 2137 3065 2181 et
3096 2129 3361 2196 putridum
3392 2129 3474 2181 vi-

1904 2226 2031 2264 num
2059 2213 2261 2279 spirat,
2293 2221 2347 2266 et
2385 2213 2502 2281 plus
2529 2228 2684 2282 quam
2728 2230 2827 2282 par
2866 2216 2935 2269 sit
2973 2217 3232 2282 rubescit,
3262 2228 3317 2270 et
3346 2233 3473 2271 eum

1905 2301 1994 2367 qni
2023 2301 2235 2354 mulieri
2262 2304 2513 2357 convenit
2540 2314 2785 2359 ornatum
2811 2308 3122 2375 corrumpit,
3156 2323 3476 2376 omnemque

1904 2389 2353 2459 perditdecorem
2396 2402 2450 2445 ct
2500 2395 2870 2459 honestatem;
2920 2406 2973 2451 et
3024 2398 3239 2451 ﬁaccida
3264 2398 3472 2464 quidem

1906 2480 1963 2530 lit
1992 2493 2148 2540 caro,
2191 2481 2476 2549 sanguinea
2516 2491 2692 2535 autem
2732 2494 2785 2537 et
2829 2486 3033 2538 intensa
3066 2486 3351 2553 supercilia
3376 2528 3388 2549 ,
3424 2496 3501 2540 et.

1906 2569 2076 2635 major
2105 2586 2260 2637 quam
2290 2587 2381 2639 par
2411 2577 2481 2625 sit
2509 2574 2897 2641 crassitudo,et
2926 2591 3317 2645 snpervacanea
3350 2594 3469 2630 car-

1906 2661 1988 2713 nis
2016 2666 2375 2717 excrescentia
2398 2680 2408 2715 :
2434 2665 2603 2733 cogita
2632 2676 2826 2734 quanta
2853 2668 2975 2720 hinc
3005 2669 3073 2721 sit
3100 2669 3393 2721 insuavitas
3418 2678 3473 2722 et

1904 2754 2167 2807 molestia.
2213 2757 2401 2809 Audivi
2449 2772 2660 2826 quoque
2708 2759 2946 2813 medicos
2982 2759 3252 2824 dicentes,
3294 2762 3473 2812 multis

1904 2842 2283 2910 impedimento
2310 2844 2475 2898 fuisse
2502 2845 2721 2900 delicias
2749 2863 2815 2902 ne
2846 2850 3148 2915 proceriore
3169 2858 3346 2903 essent
3368 2858 3475 2901 sta-

1904 2941 2040 2985 tura.
2078 2933 2209 2986 Nam
2229 2948 2350 2987 cum
2376 2934 2724 2989 intersecetur
2753 2938 2970 3003 spiritus
3013 2940 3347 2997 multitudine
3377 2955 3473 2994 eo-

1902 3037 2020 3075 rum
2065 3039 2181 3091 que:
2211 3025 2549 3092 dejietuntur,
2582 3035 2635 3080 et
2664 3038 2949 3095 occupetur
2980 3030 3032 3081 in
3074 3030 3137 3083 iis
3175 3030 3465 3084 conﬁcien—

1901 3112 1985 3165 dis
2006 3154 2018 3176 ,
2047 3114 2193 3181 quod
2220 3118 2502 3182 Oportebat
2547 3117 2611 3170 ad
2663 3128 3003 3187 augmentum
3059 3121 3353 3189 procedere
3373 3163 3388 3186 ,
3419 3120 3473 3175 id

1902 3202 1955 3257 in
1987 3216 2497 3272 Supervacaneorum
2527 3206 2809 3260 insumitur
2834 3210 3190 3263 confectione.
3220 3211 3353 3275 Quid
3385 3211 3469 3265 di-

1903 3296 2047 3349 xeris
2075 3295 2143 3349 de
2174 3296 2364 3365 pedum
2394 3296 2667 3352 doloribus
2689 3338 2703 3363 ,
2737 3299 2804 3352 de
2846 3300 3123 3354 rheumate
3152 3302 3291 3369 quod
3323 3302 3477 3355 ober-

1902 3398 1983 3443 rat
2014 3391 2065 3442 in
2112 3403 2299 3443 omnes
2344 3401 2551 3459 partes.
2584 3392 2708 3459 quid
2737 3391 2803 3445 de
2848 3393 2965 3445 aliis
2995 3394 3193 3448 morbis
3218 3394 3304 3462 qui
3354 3392 3477 3445 hine

1903 3488 2147 3540 oriuntur
2169 3528 2183 3551 ,
2213 3496 2266 3540 et
2297 3487 2417 3541 aliis
2442 3487 2845 3545 abominandis?
2882 3488 3021 3541 Nihil
3050 3500 3131 3543 est
3158 3492 3295 3543 enim
3324 3506 3478 3557 :eque

1904 3578 2247 3644 injucundum
2277 3586 2330 3631 et
2360 3578 2577 3631 insuave
2605 3588 2664 3632 ut
2691 3578 2880 3632 mulier
2907 3619 2921 3643 ,
2956 3595 3071 3646 qua:
3100 3582 3263 3632 multa
3291 3594 3473 3633 come—

1912 3667 2001 3719 iit.
2037 3666 2322 3735 Pr0pterea
2354 3668 2403 3720 in
2436 3670 2772 3735 pauperculis
2793 3669 2987 3723 videris
3014 3670 3269 3737 majorem
3292 3670 3477 3724 formae

1904 3756 2390 3826 pulchritudinem,
2420 3756 2547 3809 dum
2591 3768 2977 3811 consumuntur
3019 3768 3357 3812 excrementa
3380 3800 3392 3823 ,
3421 3770 3477 3813 et

1902 3861 2011 3898 non
2052 3845 2329 3900 adhaerent
2358 3862 2530 3915 neque
2576 3846 2769 3900 frustra
2800 3847 3121 3915 adjiciuntur
3151 3848 3280 3914 ipsis
3310 3850 3477 3901 instar

1906 3936 1999 3990 luti
2024 3938 2426 4004 supervacanei.
2458 3935 2588 3990 Nam
2622 3937 2929 4007 quotidiana
2954 3938 3263 3991 exercitatio
3290 3979 3302 4001 ,
3328 3938 3474 3992 lam

1903 4041 2012 4092 res,
2042 4026 2360 4081 afﬂictiones
2381 4068 2395 4090 ,
2429 4043 2613 4082 mensa
2644 4029 2914 4082 moderata
2947 4042 2999 4083 et
3039 4030 3209 4083 tenuis
3234 4030 3353 4082 vitm
3382 4046 3469 4082 ra-

1904 4120 1999 4183 tio,
2032 4120 2257 4173 multam
2279 4120 2356 4173 eis
2384 4121 2623 4188 praebent
2653 4122 2842 4173 bonam
2868 4121 3247 4185 habitudinem,
3278 4130 3331 4173 et
3353 4122 3477 4176 hinc

1905 4223 2116 4278 quoque
2147 4225 2391 4280 magnam
2422 4210 2893 4279 pulchritudinem.
2926 4212 2980 4265 Si
3010 4220 3184 4266 autem
3216 4212 3477 4265 obtendas

1904 4299 2215 4355 deliciarum
2240 4301 2588 4369 voluptatem,
2618 4316 2737 4356 eam
2765 4301 3000 4355 invenies
3023 4302 3196 4355 solum
3224 4316 3388 4368 usque
3410 4302 3476 4355 ad

1912 4392 2081 4460 gulam
2107 4410 2121 4445 :
2150 4406 2271 4445 nam
2316 4393 2474 4446 simul
2500 4400 2657 4462 atque
2686 4394 2916 4461 linguam
2949 4394 3235 4462 praeteriit,
3269 4394 3474 4458 avolat,

1909 4483 2101 4537 multas
2131 4484 2426 4537 immittens
2454 4484 2745 4537 molestias.
2774 4484 2850 4538 Ne
2871 4484 2998 4537 mihi
3026 4486 3165 4537 enim
3196 4484 3366 4537 solum
3390 4498 3479 4537 ac-

1905 4575 2217 4630 cumbentes
2241 4574 2421 4628 videas
2444 4588 2537 4629 eos
2557 4575 2644 4643 qui
2667 4575 2848 4628 vivunt
2870 4575 2919 4627 in
2944 4574 3167 4637 deliciis,
3197 4575 3287 4627 sed
3310 4590 3477 4641 quan-

1906 4665 1975 4719 do
2006 4666 2201 4719 videris
2242 4680 2337 4719 eos
2379 4666 2713 4728 surrexisse,
2747 4675 2869 4719 tunc
2910 4680 3133 4734 sequere
3154 4704 3166 4727 ,
3195 4674 3247 4717 et
3274 4662 3478 4718 videbis

1907 4756 2074 4827 magis
2104 4770 2225 4811 esse
2258 4755 2485 4810 ferarum
2512 4764 2565 4809 et
2592 4755 2867 4809 brutorum
2890 4769 3111 4824 corpora
3132 4795 3146 4819 ,
3190 4768 3344 4823 quam
3377 4753 3476 4805 ho-

1909 4848 2133 4901 tninum.
2158 4845 2379 4901 Videbis
2401 4846 2541 4900 enim
2563 4846 2736 4915 capite
2758 4854 3025 4915 gravatos,
3052 4844 3473 4913 pandiculantes,

1907 4938 2190 5007 colligatos
2211 4978 2227 5003 ,
2257 4936 2395 4989 lecto
2438 4950 2573 5005 Opus
2602 4936 2894 5003 habentes,
2941 4935 3189 5005 stragulis
3228 4944 3280 4988 et
3312 4935 3474 4987 multa

1906 5030 2085 5098 quiete
2108 5067 2123 5093 ,
2154 5037 2209 5081 et
2237 5036 2505 5096 tamquam
2538 5028 2591 5081 in
2623 5028 2806 5083 multis
2838 5027 2993 5082 undis
3020 5026 3367 5095 ﬂuctibusque
3390 5026 3474 5093 ja-

1907 5126 2080 5173 ctatos
2105 5128 2157 5172 et
2186 5118 2525 5186 perturbatos
2544 5159 2558 5182 ,
2587 5127 2640 5172 et
2668 5118 2733 5171 iis
2761 5119 2851 5187 qui
2875 5127 3089 5173 servent
3111 5131 3243 5187 opus
3274 5116 3473 5169 haben-

1910 5219 2025 5276 tes,
2056 5209 2439 5278 cupientesque
2472 5210 2522 5262 in
2566 5209 2660 5262 illo
2696 5224 2817 5263 esse
2861 5218 3034 5273 statu,
3081 5209 3133 5261 in
3179 5224 3285 5278 quo
3326 5217 3478 5259 erant

1908 5302 2218 5370 priusquam
2248 5302 2730 5369 disrumperentur.
2762 5299 3053 5370 Tamquam
3076 5302 3215 5356 enim
3240 5298 3477 5369 gravida:

1910 5392 2162 5446 mulieres
2182 5433 2195 5457 ,
2226 5393 2295 5445 ita
2318 5393 2519 5462 gravati
2550 5401 2764 5446 ventres
2789 5391 3186 5455 circumferunt,
3210 5398 3263 5443 et
3283 5390 3367 5443 vix
3396 5390 3477 5443 iu-

1909 5483 2254 5549 grediuntur,
2314 5486 2399 5536 vix
2450 5482 2746 5550 aspiciunt,
2780 5485 2865 5538 vix
2920 5485 3231 5552 loquuntur,
3286 5492 3339 5535 et
3385 5483 3477 5536 vix

1910 5575 2112 5627 omnia.
2142 5572 2297 5640 Quod
2325 5573 2368 5627 si
2399 5581 2682 5642 contigerit
2723 5589 2815 5629 eos
2855 5587 3038 5643 parum
3080 5571 3344 5636 dormire,
3379 5572 3475 5626 ab-

1912 5665 2073 5718 surda
2106 5679 2293 5719 rursus
2322 5663 2501 5717 vident
2519 5667 2722 5719 somnia
2742 5705 2756 5731 ,
2784 5676 2837 5718 et
2862 5662 3054 5717 referta
3075 5661 3202 5717 visis
3230 5663 3476 5717 innume-

1912 5753 2189 5809 rabilibus.
2213 5753 2350 5819 Quid
2378 5764 2563 5810 rursus
2578 5753 2777 5810 dixeris
2800 5755 2865 5809 de
2893 5755 2995 5809 alia
3017 5754 3225 5810 illorum
3248 5756 3473 5821 insania,
