4038 6216
512 277 619 341 317

515 396 584 450 de
612 410 704 461 re,
753 394 997 465 inquam,
1044 395 1311 450 venerea?
1359 395 1490 449 Nam
1518 410 1581 450 ea
1625 408 1838 464 quoque
1868 393 1943 447 'cx
1989 390 2091 446 hoc

522 487 670 541 fonte
697 494 908 540 manat:
930 495 985 540 et
1012 486 1147 540 sicut
1174 486 1298 554 equi
1328 486 1382 539 in
1414 485 1640 540 feminas
1667 483 1847 539 furore
1873 482 2091 553 perciti,

522 578 593 629 ita
624 576 895 631 ebrietatis
923 584 1091 631 (nstro
1129 576 1418 641 stimulati,
1449 590 1635 630 omnes
1680 574 1953 637 insiliunt,
1980 581 2093 626 sto-

522 668 680 722 lidius
718 676 773 721 et
820 667 1072 720 furiosius
1120 681 1279 735 quam
1312 666 1387 719 ilii
1434 665 1802 728 exsultantes,
1833 673 1887 717 et
1929 661 2096 716 multa

520 759 623 811 alia
652 757 897 812 indecore
925 758 1200 821 facientes,
1225 773 1343 827 qute
1366 756 1516 811 nefas
1543 755 1759 826 quidem
1789 763 1868 808 est
1896 753 2094 806 dicere.

524 848 706 917 Neque
734 848 876 901 enim
922 849 1100 902 sciunt
1127 863 1187 901 ea
1210 888 1225 912 ,
1257 862 1376 916 quae
1408 847 1721 915 patiuntur,
1769 857 1941 911 neque
1980 856 2102 911 quae

522 946 708 1007 agunt.
735 936 840 993 Sed
869 953 976 992 non
1001 947 1085 992 est
1122 938 1383 1006 ejusmodi
1413 938 1460 990 is
1496 936 1587 1006 qui
1618 949 1725 988 non
1758 934 1850 986 dat
1880 946 2098 999 operam

523 1031 763 1092 deliciis;
792 1030 886 1084 sed
925 1030 1078 1085 sedet
1105 1030 1155 1083 in
1186 1039 1375 1097 portu,
1409 1028 1638 1080 aliorum
1664 1024 1853 1077 videns
1884 1021 2105 1076 naufra-

523 1120 636 1187 gia,
664 1129 720 1173 et
743 1134 872 1185 pura
903 1128 1265 1189 perpetuaque
1291 1119 1484 1173 fruitur
1510 1118 1815 1185 voluptate,
1842 1129 1960 1169 eain
1986 1129 2106 1183 qua;

1264 273 1323 340 8.
1349 281 1623 341 JOANNIS
1656 271 2126 337 CHRYSOSTOMI
2164 276 2478 334 ARCHIEP.
2505 270 3034 336 CONSTANTINOP.

3669 270 3776 339 3&8

2198 392 2371 448 libero
2397 390 2597 446 homini
2624 393 2875 447 convenit
2902 392 3064 445 vitam
3094 404 3276 460 agens.
3301 389 3427 445 Rrec
3448 404 3578 462 ergo
3596 392 3774 446 scien-

2199 495 2280 538 tes
2300 527 2314 549 ,
2344 484 2605 554 fugiamus
2648 486 2787 537 mala
2828 484 3071 537 convivia
3099 482 3410 535 deliciarum
3437 492 3491 537 et
3533 496 3778 537 mensam

2200 586 2480 631 teneamus
2509 585 2728 631 tenuem
2754 594 2767 629 :
2798 587 2855 629 ut
2894 584 2947 628 et
2975 577 3151 628 anima
3191 584 3246 629 et
3272 589 3497 645 corpore
3534 574 3673 652 bene
3702 573 3782 628 af-

2201 667 2346 733 fecti,
2374 680 2588 721 omnem
2617 681 2905 735 operemur
2932 667 3213 727 virtutem.
3245 672 3300 718 et
3325 664 3462 717 bona
3495 664 3665 717 futura
3695 678 3785 717 as-

2202 771 2522 825 sequamur,
2554 755 2720 824 gratia
2752 764 2807 809 et
2837 755 3164 823 benignitate
3195 753 3402 807 Domini
3444 754 3611 807 nostri
3653 753 3782 807 Jesu

2202 844 2437 909 Christi,
2468 845 2682 915 quicum
2714 844 2856 899 Patri
2888 859 3102 913 unaque
3119 843 3339 912 Spiritui
3370 850 3559 897 sancto
3579 843 3780 911 gloria,

2205 936 2520 1004 imperium,
2554 939 2761 1001 honor,
2811 950 2955 991 nunc
3003 945 3058 989 et
3105 949 3356 1004 semper,
3405 942 3461 988 et
3504 935 3558 987 in
3589 932 3785 988 saecula

2207 1026 2546 1081 saeculorum.
2577 1026 2772 1081 Amen.

1907 1297 2255 1359 HOMILIA
2297 1298 2435 1358 XL.

527 1443 652 1497 CAP.
698 1443 786 1498 15.
824 1459 878 1497 v.
908 1442 999 1498 29.
1041 1442 1243 1511 Alioqui
1271 1442 1393 1512 quid
1437 1441 1621 1512 facient
1659 1438 1744 1506 qui
1788 1437 2108 1505 baptizantur

600 1550 692 1605 pro
721 1534 959 1600 mortuis,
994 1536 1038 1588 si
1067 1535 1272 1587 omnino
1301 1533 1485 1587 mortui
1513 1548 1615 1586 non
1640 1534 1949 1600 resurgunt?
1984 1529 2105 1601 quid

598 1634 647 1677 et
674 1625 994 1694 baptizantur
1020 1640 1110 1692 pro
1137 1624 1238 1677 illis
1258 1624 1284 1677 ?

602 1718 655 1769 i.
699 1713 1144 1769 Hareiouistarum
1186 1717 1333 1767 ritus.
1378 1742 1452 1754 â€”
1497 1710 1655 1766 Aliud
1696 1724 1907 1765 rursum
1951 1718 2111 1777 caput

529 1806 864 1876 aggreditur,
893 1806 1176 1876 aliquando
1204 1805 1416 1875 quidem
1443 1820 1511 1859 ex
1538 1805 1603 1859 iis
1626 1819 1746 1873 quae
1773 1803 1914 1856 Deus
1944 1800 2069 1854 facit
2089 1839 2118 1863 ,.

530 1897 817 1969 aliquando
845 1910 1027 1953 autem
1051 1913 1119 1953 ex
1162 1898 1227 1951 iis
1265 1911 1386 1967 quae
1416 1896 1515 1964 ipsi
1552 1901 1752 1964 agunt,
1789 1892 2021 1960 probans
2048 1904 2112 1943 ea

532 2005 654 2059 qua:
694 1988 960 2043 dicuntur.
1003 1989 1099 2045 Est
1138 1997 1315 2043 autem
1356 1988 1458 2041 hoc
1499 1986 1565 2039 ad
1608 1984 1974 2056 defensionem
2004 1994 2113 2036 non

535 2095 756 2149 parvum
785 2090 1155 2149 argumentum
1182 2118 1196 2141 ,
1228 2076 1443 2146 quando
1466 2089 1560 2130 eos
1587 2074 1678 2145 qui
1704 2072 2111 2137 contradicunt,

536 2162 752 2217 adducit
791 2170 952 2217 testes
992 2176 1180 2215 eorum
1218 2175 1339 2228 quae
1367 2160 1614 2213 dicuntur
1638 2198 1653 2224 ,
1684 2172 1779 2227 per
1804 2170 1867 2209 ea
1894 2169 2011 2225 qua:
2036 2152 2114 2207 fa-

535 2254 705 2309 ciunt.
742 2252 881 2320 Quid
918 2260 1002 2305 est
1037 2266 1165 2319 ergo
1194 2251 1336 2320 quod
1376 2250 1547 2304 dicit?
1588 2264 1657 2302 an
1688 2247 1848 2303 vultis
1885 2246 2113 2317 primum

538 2344 740 2408 dicam,
768 2342 1035 2412 quomodo
1062 2342 1198 2397 hanc
1222 2343 1506 2397 dictionem
1532 2342 1835 2395 adulterant
1858 2340 1948 2409 qui
1974 2352 2119 2392 mor-

542 2436 614 2489 bo
655 2434 896 2489 laborant
935 2432 1259 2487 Marcionis?
1298 2434 1473 2502 Atque
1514 2432 1626 2487 scio
1662 2430 1877 2501 quidem
1918 2428 2034 2482 fore
2063 2435 2123 2481 ut

541 2527 709 2581 risum
739 2526 959 2579 multum
988 2539 1229 2578 moveam
1253 2539 1267 2589 ;
1298 2539 1482 2578 verum
1509 2523 1671 2577 etiam
1701 2528 1979 2589 propterea
2010 2532 2123 2571 ma-

543 2617 688 2673 xime
714 2616 886 2669 dicam
904 2655 924 2682 ,
944 2622 1004 2670 ut
1033 2615 1244 2669 illorum
1273 2614 1514 2667 morbum
1539 2611 1707 2679 magis
1732 2607 1961 2678 fugiatis.
1992 2606 2122 2660 Nam

543 2718 825 2779 postquam
840 2706 1253 2761 catechumenus
1267 2703 1527 2774 quiSpiam
1545 2700 1683 2771 apud
1698 2715 1791 2755 eos
1806 2700 2121 2765 excesserit,

545 2799 648 2853 sub
666 2798 803 2851 lecto
825 2798 1017 2851 mortui
1041 2797 1302 2850 absconso
1323 2794 1500 2864 aliquo
1522 2795 1752 2857 vivente,
1780 2790 2039 2846 accedunt
2056 2788 2125 2842 ad

546 2896 816 2941 mortuum
858 2896 913 2941 et
954 2888 1291 2955 alloquuntur
1328 2892 1619 2954 rogantque
1654 2887 1851 2937 velitne
1887 2881 2129 2949 accipere

547 2976 868 3046 baptismum
898 2993 913 3031 :
942 2975 1134 3030 deinde
1178 2974 1271 3029 illo
1309 2974 1440 3029 nihil
1482 2972 1879 3043 respondente,
1918 2972 2009 3041 qui
2046 2978 2132 3025 est

548 3069 845 3123 absconsus
873 3067 1080 3123 inferne
1103 3108 1118 3134 ,
1160 3081 1258 3136 pro
1298 3066 1391 3120 illo
1419 3064 1549 3119 dicit
1577 3079 1636 3119 se
1665 3063 1802 3119 velle
1836 3060 2130 3130 baptizari;

549 3170 608 3215 et
635 3163 713 3216 sic
739 3175 861 3214 eum
891 3160 1163 3229 baptizaut
1194 3172 1289 3227 pro
1314 3173 1381 3213 eo
1407 3157 1497 3227 qui
1524 3154 1793 3217 excessit,
1821 3152 2042 3221 perinde
2070 3165 2135 3205 ac

550 3266 598 3304 si
627 3251 684 3304 in
710 3264 870 3304 scena
898 3250 1141 3303 luderent
1171 3265 1185 3301 :
1213 3258 1414 3301 tantum
1442 3246 1606 3300 valuit
1633 3244 1882 3299 diabolus
1908 3242 1962 3296 in
1986 3242 2136 3311 igna-

551 3357 743 3395 vorum
765 3340 978 3394 animis.
1008 3338 1206 3395 Deinde
1230 3353 1351 3393 cum
1378 3347 1717 3397 accusantur,
1741 3335 2012 3389 adducunt
2035 3334 2136 3388 hoc

552 3433 813 3487 verbum.
840 3431 1080 3485 dicentes
1100 3431 1411 3500 Apostolum
1437 3427 1659 3492 dixisse,
1696 3426 1794 3492 Qui
1821 3425 2138 3494 baptizautur

557 3541 652 3593 pro
673 3523 905 3578 mortuis.
933 3521 1174 3575 Vidistinâ€™
1194 3536 1435 3589 magnam
1458 3518 1798 3574 irrisionem?
1819 3516 2138 3570 convenitne

556 3614 814 3668 adversus
844 3630 905 3667 ea
941 3612 1279 3681 disceptare?
1319 3611 1432 3681 Ego
1468 3610 1681 3679 quidem
1721 3623 1827 3663 non
1868 3608 2135 3663 arbitror:

558 3706 663 3761 nisi
688 3705 953 3761 disserere
974 3713 1219 3774 oporteat
1240 3719 1359 3757 cum
1388 3702 1687 3756 furentibus
1710 3715 1809 3769 pro
1831 3700 1894 3751 iis
1914 3714 2031 3767 quas
2057 3698 2138 3750 lo-

560 3807 796 3867 quuntur
817 3797 1128 3851 delirantes.
1171 3794 1242 3848 Ut
1269 3808 1426 3846 nemo
1452 3801 1629 3845 autem
1659 3792 1899 3857 capiatur
1922 3803 1988 3841 ex
2016 3787 2143 3841 sim-

561 3889 897 3961 plicioribus,
918 3901 1136 3941 necesse
1152 3894 1234 3939 est
1252 3895 1309 3939 ut
1323 3884 1459 3937 banc
1476 3897 1688 3953 quoque
1704 3879 2142 3949 disceptationem

564 3982 826 4036 adversus
844 3993 939 4033 eos
965 3977 1329 4031 instituamus.
1352 3974 1483 4029 Nam
1505 3974 1547 4027 si
1577 3972 1678 4027 hoc
1702 3971 1905 4026 diceret
1927 3969 2144 4035 Paulus,

566 4087 665 4126 cur
692 4072 924 4125 minatus
953 4078 1036 4124 est
1061 4068 1200 4122 Deus
1224 4068 1273 4122 ei
1301 4067 1389 4136 qui
1422 4076 1526 4119 nou
1558 4063 1893 4131 baptizatur?
1920 4076 2023 4115 non
2050 4076 2145 4131 poâ€”

569 4170 676 4218 test
702 4161 846 4215 enim
876 4160 989 4212 fieri
1019 4169 1078 4212 ut
1105 4159 1366 4227 quispiam
1397 4156 1649 4223 deinceps
1676 4169 1783 4207 non
1810 4152 2104 4221 baptizetur
2125 4192 2142 4218 ,

566 4253 669 4305 hoc
693 4248 1015 4319 excogitato.
1063 4247 1271 4315 Alioqui
1303 4260 1430 4299 vero
1468 4259 1572 4297 non
1613 4252 1693 4296 est
1730 4241 1881 4309 culpa
1913 4241 2026 4309 ejus
2055 4241 2148 4310 qui

568 4342 823 4407 excessit,
851 4340 945 4395 sed
969 4340 1084 4410 ejus
1111 4340 1200 4408 qui
1227 4338 1383 4393 vivit.
1412 4336 1743 4405 Quibusnam
1768 4343 1944 4389 autem
1974 4334 2107 4388 dixit
2130 4374 2149 4399 ,

570 4431 691 4487 Nisi
718 4430 1031 4485 comederitis
1055 4445 1259 4482 carnem
1284 4444 1475 4494 aream,
1507 4438 1552 4481 et
1583 4426 1804 4481 biberitis
1832 4442 1998 4479 meum
2025 4440 2149 4477 sart-

570 4522 769 4593 guineus
792 4561 806 4585 ,
837 4535 940 4576 non
978 4520 1217 4573 habebitis
1244 4519 1397 4572 vitam
1435 4520 1488 4571 in
1514 4517 1649 4572 vobis
1678 4515 1878 4588 (Joan.
1909 4515 1960 4569 6.
1992 4514 2060 4569 54
2086 4512 2151 4585 )2

573 4612 780 4666 vivisne
808 4626 875 4665 an
903 4610 1129 4665 mortuis
1149 4650 1163 4674 ,
1195 4608 1283 4664 dic
1307 4608 1528 4677 quaeso?
1557 4617 1611 4661 et
1638 4621 1823 4661 rursus
1846 4646 1862 4670 ,
1896 4604 2013 4659 Nisi
2040 4605 2152 4675 quis

569 4712 897 4772 regeneratus
918 4702 1067 4769 fuerit
1097 4716 1158 4752 ex
1183 4714 1314 4767 aqua
1341 4708 1387 4750 et
1419 4696 1615 4764 Spiritu
1637 4737 1653 4761 ,
1677 4712 1779 4749 non
1806 4705 1963 4765 potest
1987 4697 2155 4750 videre

570 4808 782 4863 regnum
813 4790 906 4843 Dei
936 4791 953 4854 (
985 4789 1071 4842 Id.
1098 4790 1152 4843 3.
1181 4790 1255 4857 5)
1278 4790 1301 4841 ?
1328 4788 1383 4842 Si
1437 4787 1579 4840 enim
1633 4787 1735 4841 hoc
1789 4788 2111 4857 permittitur
2132 4825 2148 4852 ,

574 4900 675 4938 nec
701 4896 839 4951 Opus
873 4890 955 4934 est
983 4879 1258 4933 voluntate
1286 4886 1341 4932 et
1384 4877 1623 4930 instituto
1648 4876 1765 4945 ejus
1788 4878 1875 4945 qui
1917 4878 2152 4945 accipit,

578 4990 679 5028 nec
706 4986 932 5027 assensu
958 4970 1075 5038 ejus
1098 4970 1187 5037 qui
1215 4978 1296 5023 est
1320 4969 1372 5021 in
1396 4968 1501 5020 vita
1524 4984 1537 5031 ;
1566 4968 1689 5035 quid
1715 4976 1853 5022 vetat
1873 4968 2155 5039 quominus

576 5075 632 5116 et
660 5062 857 5116 ethnici
886 5069 940 5114 et
965 5058 1133 5113 Judaei
1162 5057 1238 5110 sic
1263 5057 1390 5110 ï¬ant
1417 5056 1628 5116 fideles.
1656 5057 1775 5111 aliis
1801 5066 1920 5126 post
1944 5057 2154 5111 illorum

578 5154 855 5208 decessum
884 5166 977 5220 pro
1000 5150 1104 5203 illis
1127 5148 1243 5201 hinc
1264 5145 1610 5200 facientibus?
1628 5145 1733 5199 Sed
1757 5162 1823 5201 ne
1840 5162 2157 5211 aranearum

584 5244 716 5296 ti-las
738 5244 966 5312 amplius
989 5239 1418 5301 conscindentes,
1448 5238 1675 5291 inaniter
1702 5237 2000 5293 laboremus
2017 5281 2031 5305 ,
2059 5255 2157 5309 age

583 5331 741 5397 hujus
762 5333 1010 5387 dictioois
1037 5332 1143 5386 vim
1168 5331 1512 5398 explicemus.
1541 5328 1677 5393 Quid
1707 5342 1833 5396 ergo
1862 5330 1989 5382 dicit
2016 5330 2155 5383 Pau-

580 5418 709 5477 lus?
738 5422 897 5479 Vobis
927 5440 1179 5495 primum,
1209 5424 1297 5493 qui
1328 5422 1594 5493 mysteriis
1620 5420 1750 5475 estis
1781 5419 2004 5483 initiati,
2036 5422 2157 5475 volo

583 5515 640 5569 in
673 5517 977 5571 memoriam
1007 5530 1265 5571 revocare
1288 5527 1407 5569 eam
1437 5512 1725 5565 dictionem
1752 5552 1767 5575 ,
1798 5525 1954 5579 quam
1986 5510 2036 5562 in
2068 5511 2158 5565 illa

583 5618 804 5676 vespera
833 5606 1022 5674 iubent
1053 5623 1152 5664 vos
1188 5607 1365 5663 dicere
1404 5608 1496 5677 qui
1538 5605 1791 5675 mysterio
1830 5602 2073 5668 initiant,
2104 5611 2159 5657 et

2216 1445 2343 1492 tunc
2367 1437 2491 1507 quid
2515 1437 2659 1493 dicat
2687 1438 2883 1494 Paulus
2909 1440 3187 1510 explicabo
3215 1460 3229 1497 :
3256 1444 3335 1500 sic
3363 1447 3504 1502 enim
3534 1449 3635 1506 hoc
3663 1466 3797 1522 quo-

2214 1540 2321 1595 que
2347 1528 2500 1581 vobis
2526 1528 2630 1581 erit
2670 1527 2978 1584 dilucidius.
3009 1530 3140 1585 Nam
3188 1543 3308 1602 post
3346 1537 3446 1589 alia
3476 1542 3651 1594 omnia
3694 1542 3800 1597 hoc

2215 1619 2459 1675 addimus
2484 1659 2499 1683 ,
2527 1620 2669 1689 quod
2714 1636 2857 1676 nunc
2896 1623 3026 1676 dicit
3070 1624 3283 1680 Paulus.
3326 1628 3397 1682 Et
3429 1632 3553 1685 volo
3581 1634 3796 1702 quidem

2214 1719 2400 1779 aperte
2431 1711 2533 1764 hoc
2555 1711 2734 1766 dicere
2762 1729 2775 1764 :
2806 1729 2912 1794 non
2942 1714 3112 1768 audeo
3139 1725 3316 1772 autem
3349 1731 3564 1789 propter
3589 1739 3681 1777 eos
3708 1726 3799 1794 qui

2218 1815 2325 1853 non
2354 1810 2477 1854 sunt
2505 1801 2695 1855 initiati
2728 1820 2742 1856 :
2771 1803 2807 1857 ii
2834 1793 2975 1858 e'nim
3005 1808 3392 1874 expositionem
3422 1812 3574 1865 nobis
3601 1793 3802 1870 faciunt

2218 1888 2597 1955 difficiliorem,
2622 1899 2679 1943 ut
2702 1892 2791 1960 qui
2818 1906 2916 1946 nos
2940 1905 3130 1963 cogant
3151 1897 3233 1950 vel
3261 1914 3366 1951 non
3392 1910 3577 1969 aperte
3599 1903 3799 1968 dicere,

2220 1989 2313 2033 aut
2349 1981 2428 2034 eis
2471 1996 2664 2035 arcana
2703 1984 3004 2039 enuntiare.
3047 1986 3150 2040 Sed
3183 1997 3356 2042 tamen
3388 1991 3559 2045 dicam
3583 2034 3600 2059 ,
3628 1996 3802 2063 quoad

2221 2070 2338 2141 ejus
2363 2086 2393 2124 a
2420 2086 2507 2127 me
2534 2071 2646 2126 fieri
2678 2074 2890 2141 poterit,
2920 2083 3060 2131 tecte
3086 2089 3141 2131 et
3163 2079 3495 2136 adumbrate.
3526 2083 3657 2138 Nam
3687 2097 3807 2153 post

2222 2163 2567 2233 mysticorum
2598 2165 2809 2220 illorum
2835 2175 2892 2221 et
2918 2169 3231 2224 terribilium
3255 2172 3537 2227 verborum
3563 2179 3807 2231 enuntia-

2224 2256 2446 2319 tionem,
2474 2265 2529 2309 et
2558 2256 2853 2311 horrendas
2884 2260 3093 2327 regulas
3121 2261 3452 2330 dogmatum,
3478 2282 3598 2333 qua:
3619 2284 3650 2321 e
3675 2270 3809 2322 caelo

2225 2354 2348 2398 sunt
2377 2344 2633 2406 demissa.
2677 2346 2782 2401 hoc
2818 2363 3028 2417 quoque
3066 2350 3117 2402 in
3151 2350 3257 2406 line
3278 2352 3523 2409 addimus
3546 2394 3561 2417 ,
3596 2359 3810 2424 quando

2226 2449 2413 2489 sumus
2452 2436 2749 2506 baptizandi
2776 2474 2791 2502 ,
2814 2438 3065 2508 jubentes
3094 2440 3273 2496 dicere
3296 2484 3311 2507 ,
3339 2444 3515 2499 Credo
3546 2448 3597 2499 in
3628 2463 3811 2502 resur-

2228 2527 2518 2580 rectionem
2568 2536 2898 2582 mortuorum
2930 2546 2943 2582 :
2972 2540 3026 2585 et
3070 2532 3120 2585 in
3169 2531 3269 2587 hac
3316 2532 3419 2588 llde
3459 2536 3811 2606 baptizamur.

2230 2616 2513 2685 Postquam
2544 2620 2685 2672 enim
2718 2618 2819 2673 hoc
2844 2621 3072 2676 confessi
3115 2638 3300 2677 sumus
3335 2640 3457 2679 cum
3498 2628 3614 2681 aliis
3636 2670 3653 2693 ,
3689 2639 3814 2683 tunc

2229 2705 2553 2761 demittiinur
2592 2709 2641 2761 in
2673 2709 2872 2763 fontem
2909 2725 3183 2765 sacrorum
3215 2713 3429 2768 illorum
3469 2716 3811 2771 fluentorum.

2232 2797 2345 2851 lloc
2371 2813 2498 2867 ergo
2530 2798 2580 2851 in
2612 2800 2923 2853 memoriam
2961 2815 3221 2855 revocans
3248 2802 3460 2857 dicebat
3490 2805 3686 2859 Paulus
3706 2846 3722 2869 ,
3756 2807 3818 2861 Si

2232 2902 2335 2940 non
2365 2897 2435 2941 est
2461 2890 2781 2953 resurrectio,
2810 2906 2900 2942 cur
2928 2890 3199 2961 baptizaris
3229 2908 3321 2961 pro
3350 2895 3602 2948 mortuis!
3630 2896 3680 2950 id
3711 2906 3817 2961 est,

2235 2992 2336 3047 pro
2359 2980 2694 3046 corporibus.
2728 2980 2955 3049 Propter
2982 2982 3082 3036 hoc
3108 2983 3248 3036 enim
3278 2984 3594 3052 baptizaris,
3623 2988 3821 3041 mortui

2237 3068 2480 3136 corporis
2520 3069 2746 3122 credens
2790 3072 3233 3127 resurrectionem
3259 3113 3274 3139 ,
3307 3090 3499 3148 nempe
3527 3077 3670 3145 quod
3714 3093 3823 3131 non

2238 3167 2451 3213 maneat
2477 3167 2765 3211 mortuum.
2797 3160 2861 3213 Et
2890 3168 2943 3213 tu
2969 3162 3183 3230 quidem
3211 3177 3307 3231 per
3332 3166 3492 3218 verba
3518 3166 3653 3220 dicis
3680 3182 3833 3236 mor-,

2242 3257 2451 3303 tuorum
2480 3251 2923 3303 resurrectionem
2953 3268 2968 3303 :
2996 3253 3247 3306 sacerdos
3270 3262 3451 3307 autem
3475 3266 3743 3324 tamquam
3771 3258 3827 3311 in

2242 3339 2467 3406 quadam
2500 3338 2748 3407 imagine,
2777 3354 2897 3407 quze
2925 3340 3197 3394 credidisti
3226 3351 3280 3395 et
3308 3357 3402 3409 per
3430 3344 3586 3397 verba
3614 3359 3675 3398 es
3698 3360 3832 3399 con-

2244 3426 2417 3482 fessus
2441 3469 2455 3493 ,
2489 3428 2647 3481 etiam
2682 3443 2776 3497 per
2807 3443 2893 3482 res
2924 3430 3065 3497 ipsas
3092 3430 3347 3485 ostendit.
3378 3432 3601 3499 Quando
3627 3436 3833 3506 absque

2244 3518 2396 3588 signo
2419 3517 2622 3582 credis,
2653 3527 2779 3573 tunc
2806 3520 2900 3572 tibi
2927 3521 3087 3574 etiam
3116 3521 3317 3589 praebet
3344 3523 3551 3593 signum
3580 3541 3593 3579 :
3616 3526 3835 3595 quando

2244 3625 2364 3679 qua:
2409 3619 2495 3663 tua
2538 3619 2664 3664 sunt
2706 3610 2936 3674 feceris,
2979 3620 3105 3667 tunc
3149 3613 3289 3669 Deus
3324 3631 3537 3686 quoque
3568 3626 3619 3672 te
3655 3619 3835 3674 reddit

2245 3699 2555 3753 certiorem.
2600 3699 2925 3765 Quomodo?
2974 3702 3077 3756 Per
3119 3717 3330 3771 aquam.
3382 3705 3642 3773 Baptizari
3689 3709 3835 3762 enim

2249 3797 2304 3841 et
2326 3788 2585 3858 demergi,
2615 3790 2809 3845 deinde
2836 3808 3048 3845 sursum
3082 3809 3322 3847 remeare
3351 3804 3401 3848 et
3431 3810 3724 3866 emergere,
3752 3807 3838 3852 est

2249 3878 2549 3949 symbolum
2585 3895 2680 3934 seu
2718 3882 2924 3948 signum
2957 3881 3246 3936 descensus
3290 3883 3356 3937 ad
3401 3884 3599 3940 inferos
3626 3894 3683 3940 et
3712 3886 3839 3942 inde

2250 3983 2523 4025 ascensus.
2553 3971 2910 4037 Quamobrem
2944 3971 3136 4026 Paulus
3162 3988 3371 4043 quoque
3400 3974 3721 4044 baptismum
3750 3992 3837 4030 se-

2253 4061 2492 4130 pulcrum
2528 4070 2717 4125 vocat,
2755 4062 2941 4117 dicens
2970 4078 2982 4115 :
3012 4062 3304 4135 Cousepulti
3339 4066 3471 4118 enim
3510 4083 3683 4121 sumus
3721 4085 3841 4121 cum

2251 4153 2343 4207 illo
2363 4170 2451 4222 per
2469 4153 2772 4223 baptismum
2790 4157 2843 4208 in
2864 4165 3071 4210 mortem
3087 4157 3265 4225 (Boni.
3288 4160 3340 4213 6.
3365 4159 3445 4227 4).
3468 4159 3545 4213 Ex
3572 4175 3638 4215 eo
3658 4172 3841 4217 autem

2253 4258 2367 4297 rem
2396 4241 2628 4297 futuram
2658 4260 2869 4314 quoque
2896 4245 3021 4298 facit
3049 4247 3390 4315 credibilem,
3421 4263 3726 4318 corporum,
3757 4253 3841 4305 in-

2254 4350 2437 4403 quam,
2460 4336 2929 4393 resurrectionem.
2958 4335 3050 4388 Est
3078 4338 3218 4390 enim
3246 4339 3401 4406 longe
3426 4338 3596 4408 majus
3622 4352 3839 4408 peccata

2256 4425 2476 4492 delere,
2520 4441 2679 4495 quam
2728 4439 2923 4492 corpus
2972 4425 3251 4479 suscitare.
3299 4428 3365 4479 Et
3408 4426 3511 4481 hoc
3552 4431 3843 4486 enuntians

2255 4514 2499 4571 Christus
2520 4516 2729 4571 dicebat
2753 4533 2766 4568 :
2795 4516 2929 4582 Quid
2951 4517 3091 4570 enim
3114 4526 3184 4569 est
3212 4516 3413 4587 facilius
3439 4518 3623 4582 dicere,
3651 4520 3844 4574 Remit-

2260 4614 2435 4658 tuntur
2462 4607 2549 4658 tibi
2576 4615 2800 4674 peccata,
2827 4623 2892 4660 an
2918 4606 3103 4669 dicere,
3139 4605 3278 4659 Tolle
3303 4605 3599 4675 grabbatum
3623 4618 3765 4662 tuum
3795 4620 3844 4664 et

2258 4696 2461 4749 ambula
2507 4697 2528 4765 (
2550 4696 2735 4751 Matth.
2764 4696 2819 4751 9.
2846 4697 2899 4751 5.
2926 4697 2959 4751 6
2983 4697 3042 4767 )â€˜l
3080 4695 3211 4749 illud
3241 4695 3455 4764 quidem
3476 4737 3492 4761 ,
3521 4698 3729 4769 inquit,
3761 4693 3846 4755 est

2258 4786 2530 4842 difficilius
2554 4802 2569 4838 :
2595 4788 2845 4855 quoniam
2870 4796 3047 4842 autem
3078 4786 3127 4841 id
3157 4788 3330 4840 minus
3354 4788 3594 4855 creditis,
3622 4801 3677 4845 ut
3702 4792 3843 4861 quod

2260 4893 2369 4931 non
2395 4877 2464 4930 sit
2492 4876 2709 4930 evidens
2733 4917 2751 4943 ,
2781 4888 2835 4931 et
2860 4877 3002 4946 quod
3040 4887 3126 4931 est
3156 4876 3361 4931 facilius
3388 4892 3484 4946 pro
3508 4878 3711 4932 dillicili
3744 4880 3843 4932 ha-

2261 4968 2435 5032 betis,
2478 4982 2667 5036 nempe
2711 4973 2993 5037 potestatis
3034 4982 3168 5043 mea;
3205 4968 3603 5031 ostensionem;
3644 4984 3714 5022 ne
3743 4970 3845 5024 hoc

2262 5059 2475 5127 quidem
2500 5058 2750 5112 indicium
2779 5056 3037 5111 recusabo
3066 5056 3218 5109 vobis
3245 5056 3522 5111 exhibere.
3554 5056 3697 5110 Tum:
3723 5060 3845 5112 dicit

2264 5151 2563 5221 paralytico,
2590 5151 2775 5221 Surge,
2806 5149 2927 5203 tolle
2949 5149 3131 5201 lectum
3157 5157 3319 5211 tuum,
3340 5158 3388 5201 et
3410 5147 3537 5201 uade
3560 5150 3614 5201 in
3638 5150 3846 5203 domum

2263 5252 2425 5293 tuam.

2331 5330 2388 5384 2.
2430 5330 2496 5384 Et
2533 5328 2803 5400 quomodo
2840 5336 2919 5382 est
2944 5368 2959 5389 .
3000 5327 3244 5396 inquies,
3286 5328 3503 5383 difficile
3526 5370 3541 5395 ,
3572 5344 3696 5383 cum
3742 5327 3845 5381 hoc

2263 5423 2469 5491 possint
2490 5419 2663 5474 facere
2684 5429 2737 5473 et
2761 5432 2913 5487 reges
2935 5425 2990 5472 et
3012 5418 3313 5488 principes?
3337 5418 3609 5472 adulteros
3630 5418 3771 5470 enim
3792 5423 3846 5468 et

2266 5512 2558 5566 homicidas
2584 5512 2659 5565 illi
2686 5510 2980 5565 dimittunt.
3007 5508 3191 5575 Ludis,
3215 5524 3249 5563 o
3275 5508 3456 5573 homo,
3486 5508 3603 5562 haec
3627 5506 3840 5559 dicetis:

2266 5616 2388 5658 nam
2436 5618 2581 5659 souis
2626 5602 2841 5674 quidem
2883 5601 3023 5657 Deus
3060 5610 3236 5672 potest
3274 5607 3494 5671 peccata
3529 5596 3843 5655 remittens:
