4038 6216
500 405 606 463 349

495 521 674 574 ταῦτα
703 518 895 586 λέγων·
923 521 1299 592 ἁμαρτήματα
1347 525 1446 593 μὲν
1494 524 1605 595 γὰρ
1653 526 1868 593 ἀφεῖναι
1918 522 2065 594 μόνῳ

495 612 614 681 Θεῷ
657 612 877 664 δυνατόν
903 629 916 642 ·
951 611 1210 682 ἄρχοντες
1250 614 1308 667 δὲ
1349 616 1446 669 καὶ
1484 615 1747 686 βασιλεῖς,
1793 616 1899 669 κάν
1948 632 2067 686 μοι·

494 703 645 770 χοῦς,
673 701 774 754 κᾶν
802 703 1161 772 ἀνδροφόνους
1181 706 1385 778 ἀφῶσι,
1409 707 1510 776 τῆς
1537 706 1638 776 μὶν
1665 707 1935 770 κολάσεως
1968 706 2074 776 τῆς

495 789 780 858 παρούσης
799 791 1482 866 ἀπαλλάπουσι,[586]τὴν
1506 795 1564 848 δὲ
1588 797 1864 866 ἁμαρτίαν
1887 796 2068 851 αὐτῶν

496 881 595 933 οὐκ
609 879 1017 951 ἐκκαθαίρουσι·
1037 884 1141 938 κάν
1155 888 1234 948 εἰς
1248 887 1420 956 ἀρχὰς
1435 888 1683 956 ἀγάγωσι
1697 890 1824 952 τοὺς
1837 889 2068 958 ἀφεθέν-

506 988 614 1034 τας,
641 973 746 1025 κᾶν
777 974 948 1043 αὐτὴν
982 975 1319 1044 περιϐάλωσι
1349 978 1446 1046 τὴν
1491 980 1805 1050 ἁλουργίδα,
1859 981 1962 1034 κᾶν
2005 981 2068 1033 τὺ

491 1060 730 1131 διάδημα
777 1064 1065 1129 ἐπιθῶσιν,
1096 1064 1233 1119 ἀλλά
1264 1067 1517 1135 βασιλέας
1567 1070 1667 1138 μὲν
1708 1069 1971 1140 ἐποίησαν
2001 1069 2070 1123 ἀν

493 1149 658 1213 οῦτω,
693 1151 791 1220 τῆς
820 1151 878 1203 δὲ
921 1153 1200 1222 ἁμαρτίας
1243 1156 1343 1209 οὐκ
1387 1157 1454 1212 ἂν
1504 1158 1905 1229 ἡλευθέρωσαν·
1935 1159 2069 1223 Θεδς

493 1239 608 1309 γὰρ
634 1240 793 1309 μόνος
824 1241 984 1294 τοῦτο
1017 1246 1181 1297 ποιεῖ.
1213 1246 1278 1297 Ὀ
1303 1245 1373 1316 δὴ
1401 1248 1496 1300 καὶ
1533 1251 1592 1300 ἐν
1625 1233 1703 1318 τῖἷ)
1730 1248 1940 1317 λουτρῷ
1969 1249 2068 1317 τῆς

495 1330 917 1397 παλιγγενεσίας
967 1331 1284 1403 ἐργάζεται·
1333 1339 1506 1406 αὐτῆς
1543 1341 1660 1409 ’γὰρ
1705 1339 1936 1392 ἅπτεται
1966 1337 2068 1407 τῆς

494 1419 670 1489 ψυχῆς
718 1421 752 1491 ἡ
807 1423 987 1490 χάρις,
1040 1426 1297 1478 κάκεῖθεν
1349 1426 1647 1496 πρόρριζον
1705 1429 1923 1499 ἀνασπᾷ
1968 1430 2068 1498 τὴν

497 1505 789 1580 ἁμαρτίαν.
826 1513 923 1566 Διά
955 1514 1020 1584 δὴ
1051 1515 1209 1567 τοῦτο
1238 1515 1330 1566 τοῦ
1372 1517 1470 1584 μὲν
1501 1516 1605 1569 ὑπὸ
1666 1518 1932 1586 βασιλέως
1965 1521 2073 1586 ἀφ-

497 1598 707 1665 εθέντος
731 1602 991 1672 ῥυπῶσαν
1016 1603 1113 1673 τὴν
1134 1605 1315 1674 ψυχὴν
1363 1606 1511 1658 ἐστιν
1563 1607 1708 1674 ἰδεῖν,
1755 1609 1854 1678 τὴν
1876 1609 1932 1661 δὲ
1971 1609 2070 1661 τοῦ

498 1688 887 1758 βαπτισθέντος
918 1693 1126 1757 οὐκέτι,
1157 1694 1272 1746 ἀλλ’
1299 1695 1478 1747 αὐτῶν
1508 1696 1622 1749 τῶν
1647 1697 1887 1767 ἡλιακῶν
1917 1697 2069 1750 ἀκτί-

496 1795 604 1830 νων
630 1778 1043 1850 καθαρωτέραν,
1079 1783 1174 1833 καὶ
1203 1783 1292 1836 οἶα
1323 1783 1381 1848 ἐξ
1417 1785 1594 1854 ἀρχῆς
1624 1783 1944 1854 γεννηθεῖσα
1974 1782 2065 1855 ἦν,

499 1869 701 1940 μᾶλλον
722 1870 776 1922 δδ
803 1871 896 1923 καὶ
918 1872 1132 1941 ἐκείνης
1157 1874 1364 1944 ἀμείνω
1389 1875 1592 1944 πολλῷ·
1627 1877 1764 1928 Πνεύ
1773 1895 1940 1945 ματος
1962 1878 2069 1947 γὰρ

496 1959 764 2013 ἀπολαύει
788 1961 888 2014 τοῦ
921 1959 1258 2032 πανταχόθεν
1289 1963 1458 2032 αὐτὴν
1487 1963 1785 2035 πυροῦντος
1833 1968 1930 2019 καί⁵
1970 1967 2070 2037 τὴν

495 2052 807 2123 ἁγιωσύνην
875 2055 1263 2115 ἐπιτείνοντος.
1328 2054 1436 2108 Καὶ
1497 2055 1683 2126 ῶσπερ
1751 2057 1970 2127 σίδηρον
2034 2057 2068 2126 ἢ

497 2143 697 2211 χρυσὸν
744 2142 1130 2211 ἀναχωνεύων,
1186 2145 1423 2215 καθαρὸν
1473 2147 1568 2198 καὶ
1620 2148 1809 2201 καινὸν
1862 2148 2069 2200 ἀνωθεν

497 2236 689 2295 ποιεῖς·
719 2232 861 2286 οὕτω
896 2233 964 2304 δὴ
991 2234 1085 2286 καὶ
1123 2235 1184 2287 τὸ
1219 2237 1443 2307 Πνεῦμα
1483 2238 1544 2289 τὸ
1590 2239 1743 2300 ἀγιον
1795 2237 1983 2307 ῶσπερ
2013 2239 2070 2291 ἐν

496 2324 849 2395 χωνευτηρίῳ
885 2325 962 2394 τῷ
1009 2325 1349 2396 βαπτίσματι
1378 2318 1719 2396 ἀναχωνεῦον
1749 2329 1943 2397 αὐτὴν,
1976 2331 2070 2382 καὶ

495 2415 748 2470 δαπανῶν
777 2416 845 2469 τά
875 2416 1283 2487 ἁμαρτήματα,
1318 2418 1541 2488 χρυσίου
1590 2420 1789 2482 παντὸς
1823 2422 2067 2492 καθαροῦ

496 2504 884 2576 καθαρώτερον
921 2505 1269 2557 ἀποστίλϐειν
1325 2509 1758 2577 παρασκευάζει.
1810 2511 1920 2563 Καὶ
1969 2513 2070 2580 τὴν

496 2594 607 2647 τῶν
642 2594 912 2663 σωμάτων
956 2593 1015 2645 δέ
1067 2594 1364 2648 ἀνάστασιν
1413 2596 1724 2660 ἀξιόπιστον
1775 2599 2070 2652 κάντεῦθεν

499 2699 578 2735 σοι
614 2683 1072 2738 πάλινδείκνυσιν
1098 2682 1284 2739 οὖσαν.
1328 2685 1547 2756 Ἐπειδὴ
1593 2689 1702 2757 γάρ
1746 2690 1778 2757 ἡ
1827 2689 2071 2758 ἁμαρτία

495 2775 588 2826 τὸν
622 2774 852 2826 θάνατον
874 2776 1158 2843 εἰσήγαγε,
1186 2777 1286 2843 τῆς
1316 2777 1471 2846 ῥίζης
1510 2777 1885 2847 ξηρανθείσης,
1918 2781 2070 2831 οὐδὲν

495 2863 576 2914 δεῖ
625 2862 811 2914 λοιπὸν
865 2863 1232 2931 ἀμφιϐάλλειν
1266 2865 1405 2932 ὑπὲρ
1453 2863 1550 2933 τῆς
1591 2866 1683 2918 τοῦ
1715 2867 1930 2936 καρποῦ
1968 2871 2072 2921 ἀπ-

497 2953 712 3014 ωλείας.
739 2951 839 3004 Διιά
868 2951 1025 3004 τοῦτο
1054 2953 1320 3022 πρότερον
1351 2953 1521 3006 εἰπὼν
1546 2955 1831 3026 ἁμαρτιῶν
1857 2959 2068 3026 ἄφεσιν,

497 3044 619 3096 τότε
649 3043 932 3111 ὁμολογεῖς
961 3043 1058 3095 καὶ
1081 3043 1292 3113 νεκρῶν
1322 3047 1637 3112 ἀνάστασιν,
1670 3048 1924 3100 ἐντεῦθεν
1973 3049 2069 3100 καὶ

497 3134 578 3195 εἰς
613 3134 786 3184 ἐκεῖνο
815 3135 1337 3204 χειραγωγούμενος.
1387 3130 1519 3186 Εἶτα
1549 3137 1733 3204 ἐπειδὴ
1775 3138 1875 3189 οὐκ
1915 3139 2074 3208 ἀρκεῖ

497 3222 560 3276 τδ
586 3220 760 3290 ὄνομα
788 3221 888 3290 τῆς
918 3221 1267 3283 ἀναστάσεως
1295 3221 1466 3284 δεῖξαι
1498 3221 1557 3274 τὸ
1585 3225 1692 3275 πᾶν
1731 3225 1937 3292 (πολλοὶ
1965 3225 2073 3293 γάρ

502 3314 829 3375 ἀναστάντες
859 3312 1019 3365 πάλιν
1065 3312 1330 3381 ἀπῆλθον,
1361 3314 1436 3375 ὡς
1466 3316 1514 3366 οἱ
1543 3317 1602 3366 ὲν
1632 3318 1696 3384 τῇ
1729 3315 1964 3384 Παλαιᾷ,
1999 3316 2074 3378 ὡς

499 3401 774 3472 Λάζαρος,
797 3402 870 3465 ὡς
905 3403 955 3454 οὶ
994 3405 1052 3455 ἐν
1071 3403 1155 3473 τῷ
1187 3402 1360 3472 καιρῷ
1398 3402 1493 3455 τοῦ
1538 3403 1832 3473 σταυροῦ),
1863 3404 2074 3457 κελεύει

500 3493 706 3561 λέγειν,
739 3493 852 3547 Καὶ
883 3495 961 3556 εἰς
992 3492 1136 3562 ζωὴν
1168 3492 1409 3555 αἰώνιον,
1461 3493 1548 3546 ἵνα
1597 3498 1796 3564 μηκέτι
1843 3496 2074 3549 θάνατον

502 3584 822 3655 ὑποπτεύσῃ
847 3602 933 3647 τις
963 3584 1099 3653 μετά
1127 3584 1227 3652 τὴν
1262 3583 1560 3636 ἀνάστασιν
1591 3584 1829 3654 ἐκείνην.
1857 3585 2076 3638 Τούτων

501 3676 682 3729 τοίνυν
715 3675 824 3726 τῶν
852 3674 1110 3744 ῥημάτιον
1144 3674 1574 3741 ἀναμιμνήσκων
1608 3673 1636 3723 ὁ
1671 3673 1881 3734 Παῦλός
1918 3691 2071 3744 φησι·

507 3768 573 3821 Τί
594 3767 964 3830 ποιήσουσιν
980 3765 1038 3815 οι
1059 3762 1476 3830 βαπτιζόμενοι
1506 3762 1659 3829 ὑπὲρ
1678 3764 1794 3815 τῶν
1815 3765 2077 3832 raptim;

504 3858 567 3909 Εἰ
596 3856 704 3926 γὰρ
735 3855 809 3924 μὴ
843 3854 988 3906 ἐστιν
1017 3853 1332 3914 ἀνάστασις,
1368 3853 1520 3922 φησὶ,
1558 3855 1730 3923 σκηνὴ
1762 3853 1831 3906 τὰ
1855 3857 2077 3924 ῥήματα

502 3946 697 4000 ταῦτα·
726 3948 773 3999 εἰ
809 3945 885 4015 μὴ
915 3945 1061 3996 ἐστιν
1087 3943 1406 4006 ἀνάστασις,
1439 3943 1556 4006 πῶς
1590 3946 1789 4009 αὐτοὺς
1820 3946 2079 4016 πείθομεν

505 4037 802 4099 πιστεύειν,
871 4035 1019 4105 ὅπερ
1080 4034 1144 4087 οὗ
1212 4033 1501 4104 διδόαμεν;
1556 4035 1744 4106 ὥσπερ
1793 4036 1860 4089 ἂν
1899 4037 1955 4088 εί
1994 4054 2078 4098 τις

507 4126 743 4180 κελεὲων
775 4126 1156 4196 γραμματεῖον
1186 4124 1443 4177 ἐκθέσθαι
1475 4125 1556 4177 ὃτι
1585 4124 1645 4177 τὸ
1676 4127 1768 4178 καὶ
1800 4126 1861 4178 τὸ
1895 4127 2076 4190 ἔλαϐε,

510 4215 714 4284 μηκέτι
735 4215 845 4282 δῲη
878 4214 946 4265 τά
969 4213 1338 4282 ἐγγραφέντα,
1377 4210 1494 4266 εἶτα
1534 4214 1672 4282 μετὰ
1709 4215 1806 4282 την
1841 4216 2081 4284 ὑπογρα-

507 4309 614 4378 φὴν
646 4308 903 4379 ἀπαιτοίη
957 4307 1024 4359 τὰ
1075 4306 1527 4378 ἐγγεγραμμένα.
1580 4306 1644 4358 Τί
1698 4308 1806 4376 γὰρ
1863 4309 2081 4376 ποιήσει

508 4398 697 4450 λοιπὸν
723 4400 751 4448 δ
783 4399 1127 4467 ὑπογράψας,
1154 4396 1454 4450 ὑπεύθυνον
1487 4397 1588 4462 μὲν
1613 4396 1804 4446 ἑαυτὸν
1829 4397 2079 4464 ποιήσας,

509 4489 571 4540 οὐ
605 4486 785 4539 λαϐὼν
814 4487 871 4539 δὲ
895 4488 1038 4554 ἅπερ
1067 4486 1422 4554 ὡμολόγησεν
1439 4484 1751 4551 εἰληφέναι;
1779 4483 1884 4535 Τοῦ
1896 4501 1949 4535 το
1973 4484 2083 4554 γὰρ

510 4577 604 4630 καὶ
635 4575 868 4630 ἐνταῦθα
893 4575 1044 4643 λέγει
1073 4575 1199 4645 περὶ
1224 4574 1330 4627 τῶν
1359 4571 1803 4643 βαπτιζομένων.
1830 4574 1895 4624 Τί
1928 4577 2083 4642 ποιὴ-

512 4684 695 4720 σουσιν
744 4669 793 4720 οἱ
843 4666 1254 4737 βαπτιζόμενοι,
1302 4667 1488 4738 φησὶν,
1539 4663 1954 4736 ὑπογράψαντες
1986 4665 2083 4733 μὲν

443 4787 448 4792 ι
510 4757 803 4810 ἀνάστασιν
860 4757 1128 4825 σωμάτων
1183 4757 1412 4828 νεκρῶν,
1467 4758 1530 4810 οὑ
1582 4755 1954 4826 λαμϐάνοντες
2003 4755 2079 4816 δὲ,

512 4845 626 4898 ἀλλ’
653 4844 1035 4914 ἀπατώμενοις
1067 4845 1118 4896 τί
1150 4845 1206 4897 δὲ
1234 4847 1369 4910 ὅλως
1394 4849 1488 4900 καὶ
1515 4847 1614 4916 τῆς
1639 4846 1931 4915 ὁμολογίας
1958 4845 2084 4899 ταύ-

512 4952 611 5004 της
642 4934 768 4997 ἒδει,
795 4937 842 4988 εἰ
862 4935 924 4987 τδ
947 4935 1109 5005 ἔργον
1135 4935 1210 5006 μὴ
1238 4937 1448 5002 etne-to;
1477 4939 1541 4991 Τί
1561 4938 1659 4991 καὶ
1683 4938 1857 5006 ἡμεῖς
1880 4939 2081 4991 κινδυ-

514 5025 769 5094 νεύομεν
800 5024 1006 5079 πᾶσαν
1037 5025 1231 5093 ὧραν;
1266 5026 1403 5080 Καθ’
1431 5027 1662 5095 ἡμέραν
1691 5029 2080 5096 ἀποθνήσκω,

517 5117 592 5184 νὴ
652 5116 766 5179 τὴν
803 5115 1093 5185 ὑμετέραν
1126 5117 1446 5185 καύχησιν,
1481 5116 1561 5183 ἢν
1589 5119 1708 5188 ἔχω
1752 5121 1825 5172 ἐν
1855 5120 2085 5186 Χριστῷ

528 5207 756 5274 Ἰησοῦ.
792 5207 934 5276 Ὅρα
962 5207 1122 5260 πάλιν
1158 5207 1319 5264 πόθεν
1358 5208 1632 5279 ἐπιχειρεῖ
1672 5210 2083 5264 κατασκευάσαι

517 5298 579 5350 τὸ
608 5298 801 5366 δόγμα,
848 5298 954 5352 ἀπὸ
995 5299 1092 5368 τῆς
1118 5298 1328 5359 οἰκείας
1354 5297 1557 5366 ψήφου,
1591 5299 1792 5366 μᾶλλον
1822 5299 1878 5350 δὲ
1902 5299 1960 5350 οὐ
1989 5302 2087 5369 τῆς

518 5387 686 5442 αὐτοῦ
722 5388 902 5456 μόνον,
950 5387 1084 5441 ἀλλά
1131 5389 1226 5441 καὶ
1253 5387 1352 5456 τῆς
1393 5386 1499 5438 τῶν
1523 5386 1723 5441 λοιπῶν
1753 5390 2086 5444 ἀποστόλων.

521 5481 598 5534 Οὐ
632 5479 825 5550 μικρὸν
852 5479 909 5532 δέ
938 5480 1032 5532 καὶ
1061 5479 1217 5536 τοῦτο
1245 5480 1308 5532 τὸ
1328 5479 1453 5542 τοὺς
1475 5478 1825 5545 διδασκάλους
1849 5483 2087 5551 εἰσάγειν

527 5571 733 5641 σφόδρα
763 5569 1372 5641 πεπληροφορημένους,
1421 5570 1516 5623 καὶ
1566 5568 1725 5622 τοῦτο
1775 5572 2088 5637 δεικνύντας

523 5660 584 5710 οὐ
617 5659 707 5711 διά
737 5659 911 5727 λόγων
942 5660 1122 5730 μόνον,
1156 5659 1292 5714 ἀλλά
1323 5661 1417 5713 καὶ
1453 5660 1520 5713 δι’
1553 5660 1735 5714 αὐτῶν
1787 5661 1896 5714 τῶν
1951 5681 2090 5732 πρα-

523 5750 766 5816 γμάτων.
789 5753 885 5805 Διά
909 5751 1150 5824 δήτοῦτο
1183 5753 1242 5806 οὔ
1276 5751 1422 5821 λέγει
1454 5750 1658 5820 ἁπλῶς,
1689 5754 1770 5806 ὅτι
1791 5753 1900 5807 Καὶ
1931 5755 2092 5824 ἡμεῖς

1226 406 1286 463 S.
1323 405 1610 463 JOANNIS
1646 402 2074 464 CHRYSOSTO]

2181 404 2502 464 ARCHIEP.
2542 407 3099 472 CONSTANTINOP.

2169 525 2532 596 πεπείσμεθα·
2562 527 2682 581 οὐδὲ
2741 528 2891 600 [381]
2944 531 3053 602 γάρ
3113 532 3274 602 ἡρκει
3330 532 3487 585 τοῦτο
3547 533 3733 585 πεῖσαι

2169 616 2351 684 μόνον·
2377 617 2512 671 ἀλλά
2539 619 2633 671 καὶ
2657 618 2755 688 τὴν
2786 618 2876 672 διὰ
2917 619 3026 672 τῶν
3080 621 3418 690 πραγμάτων
3463 620 3736 683 ἀπόδειξιν

2168 707 2486 776 παρέχεται·
2513 708 2588 770 ὡς
2613 708 2681 762 ἀν
2710 709 2760 761 εἰ
2789 709 3213 778 ελεγε,”Ρὴμασι
3241 712 3418 766 ταῦτα
3444 714 3730 781 ὁμολογεῖν

2167 797 2318 850 οὐδὲν
2350 799 2477 860 ίσως
2501 799 2630 868 ὑμῖν
2660 799 2808 853 δοκεῖ
2836 799 3144 870 θαυμαστὸν
3173 797 3332 856 εἶναι·
3360 806 3409 856 εἰ
3431 803 3488 856 δὲ
3520 807 3615 856 καὶ
3634 802 3734 874 τὴν

2167 887 2274 940 ἀπὸ
2306 889 2415 940 τῶν
2442 888 2620 959 ἔργων
2646 889 2774 960 ὑμῖν
2809 891 3188 962 παράσχοιμεν
3235 893 3438 962 φωνὴν,
3489 901 3547 946 τί
3596 893 3733 964 πρὸς

2167 977 2322 1030 τοῦτο
2337 978 2528 1056 ¹ἔχοιτε
2569 982 2878 1045 ἀντειπεῖν;
2927 981 3220 1034 Ἀκούσατε
3248 983 3448 1045 τοίνυν,
3482 983 3600 1045 πῶς
3633 985 3730 1036 καὶ

2168 1065 2254 1119 διὰ
2275 1068 2383 1119 τῶν
2405 1067 2669 1120 κινδύνων
2714 1068 2888 1122 ταῦτα
2929 1068 3050 1122 καθ’
3097 1070 3334 1139 ἑκάστην
3361 1070 3732 1140 ὁμολογοῦμεν

2167 1156 2264 1226 τὴν
2291 1158 2526 1226 ἡμέραν.
2559 1158 2671 1212 Καὶ
2698 1158 2798 1211 οὐκ
2825 1154 3180 1226 εἶπεν,Ἐγὼ,
3215 1157 3352 1222 ἀλλ’,
3381 1157 3594 1227 Ἡμεῖς,
3627 1175 3734 1210 πα-

2171 1247 2528 1316 ραλαμϐάνων
2580 1248 2790 1312 πάντας
2845 1250 2980 1320 ὁμοῦ
3043 1251 3167 1312 τοὺς
3229 1248 3579 1312 ἀποστόλους,
3639 1247 3734 1302 καὶ

2166 1336 2340 1408 ταύτῃ
2366 1338 2674 1408 μετριάζων
2699 1356 2756 1392 τε
2790 1340 2884 1394 καὶ
2914 1341 3225 1406 ἀξιόπιστον
3249 1341 3417 1394 ποιῶν
3437 1341 3526 1393 τὸν
3552 1339 3731 1406 λόγον.

2169 1423 2236 1475 Τί
2263 1423 2369 1494 γὰρ
2399 1424 2465 1477 ἂν
2492 1425 2666 1494 ἔχοιτε
2701 1425 2911 1494 εἰπεῖνζ
2943 1431 3024 1481 ὅτι
3047 1429 3350 1501 ἀπατῶμεν
3381 1431 3526 1500 ὑμᾶς
3556 1427 3730 1481 ταῦτα

2170 1512 2550 1582 κηρύττοντες,
2588 1517 2682 1570 καί⁵
2725 1515 3031 1584 κενοδοξίας
3072 1520 3257 1573 ἕνεκεν
3294 1520 3735 1590 δογματίζομενς

2182 1604 2320 1656 Ἀλλ’
2351 1605 2450 1658 οὐκ
2495 1607 2626 1659 ἐῶσι
2675 1606 2848 1662 ταῦτα
2899 1609 3228 1678 ψηφίζεσθαι
3282 1613 3332 1664 οἰ
3369 1612 3618 1665 κίνδυνοι·
3652 1611 3737 1673 τίς

2170 1693 2278 1763 γὰρ
2303 1694 2367 1747 ἂν
2391 1695 2561 1748 ἕλοιτο
2585 1697 2915 1752 κινδυνεύειν
2951 1699 3214 1768 διηνεκῶς
3252 1701 3372 1769 εἰκῆ
3399 1702 3494 1754 καὶ⁵
3525 1702 3733 1770 μάτηνς

2170 1783 2261 1835 Διὸ
2290 1785 2384 1836 καὶ
2427 1784 2599 1852 ἔλεγε·
2637 1789 2698 1838 Τί
2731 1788 2825 1838 καί
2864 1789 3034 1854 ἡμεῖς
3073 1790 3500 1857 κινδυνεύομεν
3531 1790 3738 1844 πᾶσαν

2168 1871 2361 1938 ὦραν;
2397 1874 2458 1924 Εἰ
2487 1873 2594 1942 γάρ
2624 1876 2716 1925 καὶ
2751 1875 2922 1926 ἕλοιτο
2949 1893 3034 1938 τις
3082 1877 3168 1928 διὰ
3223 1880 3548 1944 κενοδοξίαν,
3591 1877 3742 1942 ἅπαξ

2170 1962 2264 2014 καὶ
2291 1960 2538 2031 δεύτερον
2561 1960 2718 2013 τοῦτο
2750 1963 3058 2031 αἰρὴσεται,
3090 1961 3207 2033 οὐχὶ
3254 1968 3430 2019 πάντα
3461 1969 3554 2020 τὸν
3600 1969 3737 2037 βίον,

2172 2051 2421 2119 καθάπερ
2471 2053 2653 2120 ἡμεῖς·
2685 2053 2845 2120 ἡμεῖς
2898 2053 3006 2121 γὰρ
3056 2055 3152 2123 τὴν
3211 2055 3353 2124 ζωην
3405 2056 3622 2110 ἅπασαν
3658 2059 3738 2120 εἰς

2169 2140 2329 2193 τοῦτο
2377 2139 2852 2210 κατεστησάμεθα.
2911 2142 3049 2195 Καθ’
3077 2141 3303 2209 ἡμέραν
3355 2143 3741 2209 ἀποθνήσκω,

2169 2230 2248 2298 νὴ
2281 2231 2394 2298 τὴν
2421 2231 2712 2300 ὑμετέραν
2760 2233 3084 2300 καύχησιν,
3117 2232 3196 2300 ἢν
3228 2233 3344 2301 ἔχω
3389 2235 3460 2286 ἑν
3509 2234 3739 2302 Χριστῷ

2183 2323 2408 2389 Ἰησοῦ·
2444 2325 2712 2392 καύχησιν
2744 2323 2977 2375 ἐνταῦθα
3006 2324 3104 2392 τὴν
3127 2323 3307 2376 αὐτῶν
3331 2324 3615 2392 προκοπὴν
3651 2323 3740 2375 λέ-

2169 2429 2301 2479 γων.
2343 2412 2558 2482 Ἐπειδὴ
2593 2412 2703 2480 γάρ
2756 2412 2986 2474 πολλοὺς
3048 2412 3216 2476 ἔδειξε
3271 2413 3398 2475 τοὺς
3455 2413 3740 2475 κινδύνους

2169 2502 2347 2562 ὄντας,
2375 2501 2458 2552 ἵνα
2493 2501 2567 2568 μὴ
2603 2499 2728 2571 δόξῃ
2757 2504 2831 2561 ὡς
2862 2501 3263 2570 ἀποδυρόμενος
3305 2501 3478 2555 ταῦτα
3534 2503 3740 2570 λέγειν,

2171 2593 2246 2644 Οὐ
2274 2591 2433 2659 μόνον
2459 2591 2572 2643 οὑκ.
2587 2591 2755 2657 ἀλγῶ,
2783 2591 2967 2660 φησὶν,
2999 2590 3133 2643 ἀλλά
3184 2593 3276 2642 καὶ
3324 2594 3613 2662 καυχῶμαι
3659 2593 3743 2662 τῷ

2170 2680 2341 2733 ταῦτα
2368 2681 2597 2750 πάσχειν
2625 2680 2764 2750 ὑπὲρ
2800 2680 2973 2749 ὑμῶν.
3029 2680 3198 2749 Διπλῆ
3247 2681 3302 2732 δὲ
3350 2683 3744 2751 ἐναϐρύνεσθαί

2173 2789 2323 2839 φησι,
2360 2774 2453 2824 καὶ
2506 2772 2586 2840 τῷ
2621 2773 2687 2824 δι’
2713 2772 2912 2834 αὐτοὺς
2965 2771 3316 2835 κινδυνεύειν,
3378 2774 3473 2823 καὶ
3500 2774 3578 2842 τῷ
3607 2775 3744 2844 όρᾷν

2170 2865 2365 2924 αὐτοὺς
2415 2861 2766 2923 ἐπιδιδόντας.
2803 2857 2934 2915 Εἶτα
2988 2863 3047 2913 τὸ
3081 2862 3228 2931 αὐτῷ
3285 2863 3512 2932 σύνηθες
3547 2866 3743 2926 ποιῶν,

2172 2953 2359 3022 ἐπειδὴ
2399 2953 2608 3021 μεγάλα
2634 2952 2957 3020 ἐφθέγξατο,
2992 2953 3277 3021 ἀμφότερα
3331 2953 3612 3019 ἀνατίθησι
3665 2953 3746 3020 τῷ

2172 3043 2409 3112 Χριστῷ.
2431 3043 2555 3104 Πῶς
2577 3042 2632 3094 δὲ
2651 3042 2984 3110 ἀποθνήσκει
3011 3041 3132 3094 καθ’
3152 3043 3386 3110 ἑκάστην
3404 3041 3638 3112 ἡμέραν;
3663 3043 3744 3111 Τῇ

2173 3131 2449 3199 προθυμίᾳ
2467 3135 2558 3182 καὶ
2575 3130 2650 3198 τῷ
2672 3127 3109 3198 παρεσκευάσθαι
3129 3129 3262 3197 πρὸς
3278 3128 3452 3180 τοῦτο.
3474 3128 3583 3179 Καὶ
3601 3126 3747 3188 τίνος

2173 3224 2356 3275 ἕνεκεν
2385 3223 2555 3276 ταῦτα
2590 3221 2766 3288 λέγει;
2805 3220 2971 3274 Πάλιν
2994 3221 3085 3272 τὸν
3120 3220 3246 3289 περὶ
3275 3219 3373 3288 τῆς
3399 3219 3748 3280 ἀναστάσεως

2175 3318 2268 3372 καὶ
2300 3315 2386 3367 διά
2420 3313 2624 3366 τούτων
2673 3309 3101 3373 κατασκευάζων
3153 3309 3329 3377 λόγον.
3380 3311 3476 3372 Τίς
3520 3310 3628 3380 γάρ
3680 3309 3749 3362 ἂν

2175 3407 2368 3468 ⁶ἐλοιτο,
2395 3406 2545 3472 φησὶ,
2578 3405 2863 3464 τοσούτους
2895 3401 3185 3470 ὑπομένειν
3212 3399 3491 3462 θανάτους,
3515 3401 3749 3451 ἀναστά-

2179 3514 2312 3559 σεως
2365 3498 2464 3548 οὐκ
2495 3495 2660 3563 οῦσης
2707 3494 2827 3546 οὐδὲ
2885 3491 3029 3562 ζωῆς
3067 3494 3204 3561 μετά
3233 3492 3437 3556 ταῦτα;
3469 3492 3529 3543 Εἰ
3562 3492 3670 3559 γάρ
3699 3493 3748 3543 οἰ

2176 3589 2522 3649 πιστεύοντες
2553 3589 2617 3655 τῇ
2643 3587 2961 3645 ἀναστάσει,
3001 3585 3153 3653 μόλις
3183 3584 3246 3638 ἂν
3268 3585 3406 3650 ὑπὲρ
3434 3584 3603 3651 αὐτῆς
3636 3602 3752 3635 κιν-

2176 3678 2508 3739 δυνεύσοιεν,
2540 3678 2587 3728 εἰ
2625 3675 2699 3746 μὴ
2735 3677 2939 3745 σφόδρα
2977 3673 3088 3728 εἶεν
3112 3678 3368 3742 γενναῖοι·
3398 3673 3575 3741 πολλῷ
3614 3672 3750 3740 μάλ·

2176 3771 2265 3823 λον
2310 3772 2338 3822 ὁ
2383 3769 2456 3839 μὴ
2488 3766 2778 3827 πιστεύων,
2817 3767 3000 3835 φησιν,
3032 3766 3130 3818 οὐκ
3164 3766 3230 3817 ἂν
3253 3766 3429 3817 ἕλοιτο
3460 3763 3750 3824 τοσούτους

2177 3858 2468 3926 ὑπομένειν
2512 3854 2794 3916 θανάτους,
2848 3854 2942 3906 καὶ
2991 3853 3132 3905 οὕτω
3175 3853 3464 3921 χαλεπούς.
3497 3852 3607 3903 Καὶ
3640 3851 3751 3922 γὰρ

2179 3949 2318 4004 κατὰ
2344 3947 2535 4018 μικρλν
2565 3947 2666 4014 ὅρα
2699 3945 2868 4012 πόσην
2894 3947 3124 3995 ποιεῖται
3148 3944 3247 4010 τὴν
3276 3942 3522 4011 αὔξησιν.
3562 3937 3748 4006 Εἶπεν,

2178 4042 2261 4094 ὅτι
2287 4038 2749 4105 Κινδυνεύομεν,
2797 4034 3154 4103 προσέθηκεν,
3189 4034 3270 4083 ὅτι
3313 4029 3526 4085 Πᾶσαν
3564 4028 3750 4096 ὥραν,

2179 4126 2319 4192 εἶτα,
2346 4131 2428 4182 ὅτι
2453 4129 2592 4182 Καθ’
2649 4125 2896 4193 ἡμέραν,
2951 4119 3089 4185 εἷτα,
3146 4124 3225 4175 ότι
3275 4123 3362 4187 οὐ,
3416 4121 3751 4183 Κινδυνεύω,

2183 4221 2363 4290 μόνον,
2405 4217 2592 4285 φησὶν,
2639 4213 2774 4265 ἀλλά
2817 4211 2933 4274 καὶ,
2971 4211 3348 4281 Ἀποθνήσκω.
3397 4212 3647 4265 Δείκνυσι
3687 4211 3755 4281 δὴ

2179 4308 2362 4361 λοιπὸν
2388 4307 2480 4358 καὶ
2509 4304 2784 4364 ποταποὺς
2813 4301 3096 4363 θανάτους,
3120 4300 3261 4353 οὕτω
3285 4302 3480 4370 λέγων·
3505 4304 3572 4354 Εἰ
3603 4303 3754 4354 κατὰ

2178 4399 2494 4465 ἄνθρωπον
2542 4393 2989 4463 ἐθηριομάχησα
3039 4393 3108 4446 ἐν
3157 4393 3408 4460 Ἐφέσῳ,
3439 4393 3498 4445 τί
3537 4409 3640 4460 μοι
3687 4392 3756 4445 τὸ

2182 4491 2401 4560 ὄφελος
2417 4504 2437 4553 ,°

2250 4595 2321 4651 γ’.
2363 4582 2429 4635 Τί
2459 4583 2628 4645 ἐστιν,
2670 4579 2740 4632 Εἰ
2765 4575 2927 4629 κατὰ
2972 4573 3321 4639 ἇνθρωπον;
3359 4573 3522 4627 Ὅσον
3559 4574 3619 4626 τὸ
3671 4573 3756 4634 εἰς

2183 4672 2502 4742 ἀνθρώπους
2528 4667 2682 4742 ἧκον,
2726 4664 3157 4735 ἐθηριομάχησα.
3189 4663 3254 4715 Τί
3292 4664 3420 4735 γάρ,
3459 4667 3505 4716 εἰ
3549 4667 3577 4717 ό
3621 4663 3756 4723 Θεὸς

2184 4760 2459 4829 ἐξήρπασέ
2492 4776 2556 4829 με
2588 4756 2698 4808 τῶν
2724 4754 3016 4819 κινδύνωνς
3060 4754 3219 4807 Ὥστε
3256 4756 3283 4806 ό
3329 4755 3569 4823 μάλιστα
3615 4753 3755 4819 ὑπὲρ

2183 4852 2384 4902 τούτων
2430 4846 2658 4916 ὀφείλων
2709 4845 3000 4915 μεριμνᾷν,
3052 4842 3161 4911 ἐγώ
3217 4847 3332 4912 εἰμι
3384 4846 3412 4896 ὁ
3467 4840 3755 4901 τοσούτους

2185 4938 2460 4998 κινδύνους
2488 4934 2793 5004 ὑπομένων,
2845 4936 2939 4988 καὶ
2994 4934 3264 5004 μηδεμίαν
3315 4931 3540 5000 μηδέπω
3571 4926 3754 4980 λαϐὼν

2185 5027 2441 5098 ἀμοιϐήν.
2475 5027 2537 5078 Εἰ
2573 5026 2680 5096 γὰρ
2715 5025 2790 5096 μὴ
2831 5025 3191 5096 παραγίνεται
3222 5025 3251 5074 ό
3291 5021 3394 5087 τῆς
3431 5018 3755 5080 ἀντιδόσεως

2187 5118 2395 5189 καιρὸς,
2421 5116 2555 5172 ἀλλά
2589 5118 2748 5188 μέχρι
2776 5117 2871 5170 τοῦ
2901 5115 3172 5185 παρόντος
3196 5111 3266 5164 τά
3284 5111 3530 5179 ἡμέτερα
3557 5109 3756 5177 συγκέ-

2187 5210 2450 5272 κλεισται,
2476 5211 2635 5280 ἡμεῖς
2657 5211 2715 5261 ὲν
2748 5207 2955 5278 μείζονι
2989 5201 3161 5272 ζημίᾳ
3188 5201 3373 5270 ἐσμέν.
3424 5198 3613 5269 Ὑμεῖς
3655 5201 3756 5270 μὲν

2187 5301 2293 5369 γὰρ
2323 5301 2617 5363 ἀκινδύνως
2665 5297 3042 5354 ἐπιστεύσατε,
3078 5293 3235 5362 ἡμεῖς
3275 5291 3332 5344 δὲ
3373 5291 3494 5344 καθ’
3516 5291 3756 5362 ἑκάστην

2189 5391 2534 5461 σφαττόμεθα
2563 5390 2663 5461 τὴν
2705 5387 2939 5459 ἡμέραν.
2982 5382 3168 5435 Ταῦτα
3198 5382 3253 5435 δὲ
3285 5382 3501 5437 ἅπαντα
3542 5383 3753 5450 ἔλεγεν.

2185 5485 2285 5538 οὐκ
2318 5482 2501 5551 ἐπειδὴ
2525 5482 2626 5534 οὐκ
2650 5475 2796 5548 εῖχεν
2817 5472 3007 5543 ὅφελος
3035 5474 3127 5526 καὶ
3147 5475 3204 5528 ἐν
3228 5475 3376 5546 αὺτῷ
3402 5474 3476 5546 τῷ
3501 5474 3754 5542 πάσχειν,

2189 5573 2321 5626 ἀλλά
2345 5572 2431 5624 διά
2455 5571 2555 5640 τὴν
2583 5569 2690 5623 τῶν
2719 5564 2930 5619 πολλῶν
2960 5564 3261 5632 ἀσθένειαν,
3286 5567 3379 5620 καὶ
3401 5565 3541 5619 ῶστε
3558 5560 3756 5622 αὐτοὺς

2189 5666 2267 5728 εἰς
2303 5663 2395 5715 τὸν
2423 5662 2549 5730 περὶ
2582 5659 2680 5728 τῆς
2730 5656 3078 5723 ἀναστάσεως
3111 5658 3261 5731 [582]
3295 5658 3544 5729 στηρίξαι
3570 5653 3749 5720 λόγον·

2193 5755 2290 5807 οὐκ
2310 5753 2494 5824 ἐπειδὴ
2522 5750 2680 5814 αὐτὸς
2703 5748 2791 5802 ἐπὶ
2816 5749 2992 5822 μισθῷ
3024 5751 3258 5823 ἔτρεχεν·
3282 5749 3524 5822 ἀρκοῦσα
3554 5744 3661 5815 γὰρ
3687 5740 3758 5816 ἦν
