4038 6216
262 407 367 464 διο

263 521 532 591 principes
552 527 730 574 autem
759 524 815 573 et
842 529 1015 587 reges,
1042 515 1251 571 etiamsi
1278 517 1548 572 dimitlant
1575 524 1629 573 et
1652 520 1834 573 absol-

262 622 385 665 vant
405 610 677 665 adulteros
700 617 755 663 et
780 607 1076 663 homicidas
1094 648 1111 673 ,
1137 621 1167 660 a
1193 607 1441 675 pmsenti
1464 607 1675 676 quidem
1705 609 1837 662 libe-

257 709 378 755 rant
402 700 685 769 supplicio,
706 712 892 755 eorum
915 706 1092 753 autem
1119 706 1392 767 peccatum
1416 712 1520 752 non
1543 699 1833 751 emundant

254 799 311 845 et
355 791 601 858 expiant;
650 797 706 844 et
746 790 791 843 si
837 789 1086 843 dimissos
1128 788 1340 857 quidem
1384 790 1724 855 provexerint
1764 788 1831 841 ad

252 882 624 950 magistratus,
657 890 711 934 et
735 880 818 935 vel
848 880 959 948 ipsa
992 878 1259 932 induerint
1288 891 1516 946 purpura
1541 918 1557 941 ,
1585 887 1638 931 et
1664 879 1832 946 impo-

251 970 458 1025 suerint
494 970 572 1023 eis
607 969 886 1033 diadema;
932 983 1086 1037 reges
1122 968 1336 1036 quidem
1375 967 1454 1020 sic
1492 966 1769 1031 fecer-init,
1798 983 1830 1022 a

250 1059 485 1129 peccatis
511 1069 689 1115 autem
715 1074 821 1114 non
852 1059 1143 1113 liberarunt
1172 1075 1185 1112 :
1214 1058 1361 1111 solus
1389 1058 1530 1111 enim
1563 1059 1699 1112 Deus
1728 1058 1829 1113 hoc

247 1149 393 1202 facit.
427 1148 576 1214 Quod
611 1148 824 1218 quidem
861 1156 1112 1213 operatur
1144 1146 1195 1199 in
1238 1146 1447 1199 lavacro
1471 1149 1831 1216 regeneratio-

247 1238 333 1293 nis
359 1256 372 1291 :
399 1240 566 1309 ipsam
596 1240 737 1293 enim
767 1238 999 1292 animam
1031 1238 1194 1306 tangit
1222 1240 1387 1306 gratia
1408 1278 1425 1302 ,
1454 1248 1507 1291 et
1532 1238 1674 1292 illinc
1701 1253 1829 1307 pec-

245 1342 427 1384 catum
456 1330 640 1386 evellit
677 1330 950 1385 radicitus.
993 1329 1278 1398 Propterea
1309 1330 1426 1397 ejus
1454 1329 1666 1398 quidem
1692 1372 1706 1397 ,
1736 1332 1825 1401 qui

242 1433 329 1476 est
356 1424 607 1477 dimissus
634 1436 664 1475 a
696 1436 822 1491 rege
846 1463 861 1485 ,
892 1421 1160 1475 sordidam
1190 1420 1370 1475 videre
1402 1421 1523 1475 licet
1552 1422 1782 1476 animam
1808 1438 1821 1475 :

243 1513 362 1580 ejus
402 1522 575 1569 autem
614 1513 703 1582 qui
748 1523 829 1567 est
869 1512 1161 1580 baptizatus
1185 1550 1201 1573 ,
1232 1511 1487 1575 minime,
1517 1513 1611 1567 sed
1651 1513 1825 1581 ipsum

241 1604 374 1657 solis
399 1603 560 1657 radiis
586 1604 874 1670 puriorem,
898 1610 952 1654 et
972 1600 1139 1669 qualis
1164 1600 1259 1653 fuit
1279 1610 1530 1669 generata
1550 1604 1619 1657 ab
1641 1602 1821 1669 initio;

242 1692 352 1743 imo
385 1706 515 1744 vero
542 1690 630 1744 illa
669 1704 879 1758 quoque
916 1689 1075 1757 longe
1114 1690 1388 1743 meliorem
1418 1707 1431 1742 :
1460 1688 1653 1744 fruitur
1680 1692 1819 1746 enim

240 1781 442 1849 Spiritu
482 1783 573 1850 qui
610 1796 727 1835 eam
755 1781 901 1833 omni
931 1796 998 1833 ex
1037 1786 1187 1848 parte
1228 1778 1517 1833 inﬂammat
1539 1774 1561 1843 ,’
1583 1789 1635 1834 et
1664 1791 1822 1851 auget

238 1873 597 1927 sanctitatem.
628 1873 693 1933 Et
716 1873 855 1925 sicut
880 1887 1066 1925 aurum
1093 1881 1185 1925 aut
1208 1883 1483 1942 argentum
1509 1872 1817 1939 refundens,

240 1980 433 2033 purum
461 1974 515 2018 et
539 1980 732 2018 novum
763 1964 891 2017 facis
916 1964 1091 2017 denuo
1119 1978 1133 2015 :
1164 1963 1232 2016 ita
1258 1964 1415 2016 etiam
1444 1963 1671 2032 Spiritus
1696 1978 1820 2019 san-

236 2066 355 2109 ctus
381 2057 431 2109 in
462 2056 720 2123 baptismo
750 2065 1012 2122 tamquam
1042 2054 1094 2105 in
1122 2053 1337 2107 fornace
1362 2068 1478 2106 eam
1506 2053 1815 2120 refundens,

235 2160 291 2201 et
332 2156 546 2215 peccata
588 2160 947 2208 consumens,
989 2143 1151 2197 efﬁcit
1191 2154 1248 2197 ut
1288 2146 1477 2213 quovis
1512 2156 1647 2197 auro
1686 2160 1818 2213 puro

236 2238 424 2305 purius
473 2234 689 2303 fulgeat.
746 2235 983 2302 itemque
1030 2246 1317 2301 corporum
1366 2234 1815 2288 resurrectionem

236 2326 362 2377 hinc
391 2340 600 2394 quoque
641 2338 825 2378 rursus
873 2323 964 2376 tibi
1012 2323 1135 2376 facit
1174 2335 1293 2376 esse
1322 2322 1653 2377 credibilem.
1683 2323 1814 2376 Nam

235 2416 485 2481 quoniam
530 2428 803 2482 peccatum
844 2424 1066 2468 mortem
1098 2415 1314 2479 intulit,
1347 2416 1607 2468 exsiccata
1638 2416 1815 2469 radice

236 2522 343 2559 non
371 2516 453 2559 est
478 2506 705 2573 amplius
726 2504 1073 2558 dubitandum
1101 2504 1167 2557 de
1192 2503 1393 2557 fruetus
1420 2504 1654 2558 interitu.
1684 2504 1817 2559 Pro-

235 2606 413 2662 pterea
444 2609 563 2647 cum
596 2596 739 2661 prius
768 2594 998 2647 dixisses
1029 2594 1397 2647 remissionem
1434 2603 1770 2661 peccatorum
1798 2636 1813 2661 ,

236 2695 362 2736 tunc
382 2682 655 2735 confiteris
676 2683 833 2735 etiam
859 2693 1187 2734 mortuorum
1210 2683 1672 2746 resurrectionem,
1696 2684 1816 2737 hinc

232 2774 301 2827 ad
330 2773 455 2827 illud
478 2772 755 2826 deductus.
784 2772 979 2825 Deinde
1001 2773 1248 2839 quoniam
1276 2788 1380 2824 non
1404 2772 1597 2825 sufficit
1620 2788 1813 2827 nomen

232 2864 641 2919 resurrectionis
661 2863 725 2915 ad
747 2864 1053 2915 universum
1073 2863 1457 2916 ostendendum
1478 2864 1647 2931 (multi
1668 2868 1810 2919 enim

231 2956 323 3022 qui
354 2962 754 3007 resurrexerant
780 2968 963 3006 rursus
990 2964 1355 3013 excesserunt,
1384 2964 1439 3007 ut
1464 2957 1548 3023 qui
1582 2972 1813 3011 resurre-

233 3054 427 3097 xerunt
459 3046 508 3097 in
539 3044 735 3106 Veteri,
765 3054 821 3096 ut
847 3044 1096 3105 Lazarus,
1130 3054 1184 3096 ut
1210 3049 1297 3111 qui
1332 3056 1567 3113 tempore
1594 3048 1809 3117 crucis),

229 3134 383 3203 jubet
404 3134 583 3187 dicere
608 3174 621 3199 ,
651 3135 716 3187 Et
746 3135 795 3185 in
826 3136 985 3186 vitam
1018 3147 1271 3188 ademtam
1298 3176 1310 3197 ,
1346 3152 1411 3188 ne
1441 3139 1557 3205 quis
1587 3140 1813 3206 amplius

230 3227 532 3291 suspicetur
575 3233 799 3278 morteut
847 3238 967 3293 post
1013 3228 1476 3279 resurrectionem.
1522 3228 1646 3281 Haec
1685 3247 1812 3299 ergo

230 3318 393 3369 verba
428 3317 477 3369 in
508 3318 815 3369 memoriam
851 3332 1105 3370 revocans
1138 3318 1329 3370 Paulus
1359 3319 1488 3372 dicit
1521 3338 1532 3371 :
1566 3322 1701 3386 Quid
1732 3329 1813 3391 fa-

232 3410 364 3459 cient
400 3408 484 3475 qui
522 3408 839 3474 baptizontur
876 3424 965 3474 pro
1008 3410 1249 3460 mortuis?
1288 3408 1417 3461 Nam
1457 3410 1501 3463 si
1541 3426 1645 3463 non
1687 3422 1767 3466 est
1792 3456 1808 3479 ,

230 3497 438 3565 inquit,
471 3497 807 3558 resurrectio,
840 3496 951 3549 inec
980 3499 1137 3549 verba
1173 3500 1324 3565 plane
1355 3509 1479 3552 sunt
1506 3501 1662 3555 ludus
1690 3517 1809 3557 sce-

231 3593 401 3643 nicus.
432 3590 487 3643 Si
516 3604 619 3642 non
644 3598 725 3641 est
750 3589 1101 3652 resurrectio,
1128 3590 1396 3657 quomodo
1421 3593 1498 3645 eis
1524 3593 1809 3648 suademus

229 3691 295 3734 ut
322 3678 541 3731 credant
568 3692 686 3745 qua:
716 3693 821 3729 non
851 3678 1075 3731 damus?
1106 3688 1163 3731 ut
1192 3680 1235 3730 si
1272 3680 1392 3746 quis
1424 3681 1618 3748 jubens
1648 3684 1810 3738 edere

236 3767 541 3823 schedulam
598 3767 736 3837 quod
793 3766 893 3822 hoc
947 3778 1002 3822 et
1055 3768 1182 3821 illud
1239 3772 1539 3837 acceperit,
1592 3775 1809 3829 minime

230 3860 439 3915 dederit
479 3875 599 3928 quae
643 3859 699 3912 in
742 3874 805 3912 ea
850 3861 1043 3928 scripta
1086 3869 1245 3925 sunt;
1294 3863 1484 3915 deinde
1531 3873 1807 3933 postquam

230 3952 530 4018 subscripta
575 3950 733 4004 fuerit
773 3950 1063 4015 schedula,
1109 3952 1291 4020 exigat
1333 3968 1450 4021 qua:
1494 3954 1543 4005 in
1583 3969 1643 4006 ea
1686 3964 1809 4009 sunt

228 4040 446 4107 sc'ripta.
476 4040 609 4104 Quid
632 4042 773 4093 enim
796 4040 863 4094 de
882 4051 1077 4094 cretero
1106 4041 1262 4095 faciet
1286 4043 1329 4095 is
1344 4044 1439 4112 qui
1462 4044 1804 4112 subscripsit,

228 4148 352 4185 cum
381 4147 439 4185 se
464 4132 675 4200 quidem
704 4131 999 4186 debitorem
1027 4135 1383 4198 constituerit,
1413 4152 1519 4189 non
1547 4139 1809 4206 acceperit

227 4232 406 4275 autem
435 4236 496 4275 ea
522 4238 641 4289 qua:
670 4222 946 4276 confessus
976 4232 1057 4276 est
1085 4239 1145 4275 se
1170 4226 1480 4292 accepisse?
1526 4225 1636 4279 Hoc
1666 4228 1803 4279 enim

229 4312 318 4366 hic
342 4326 551 4380 quoque
575 4311 703 4363 dicit
725 4312 792 4363 de
817 4314 880 4364 iis
904 4312 991 4379 qui
1016 4313 1352 4380 baptizantur
1377 4331 1389 4366 :
1414 4315 1547 4380 Quid
1577 4316 1802 4382 facient,

230 4403 472 4472 inquies,
501 4402 589 4470 qui
618 4402 987 4469 boptizantur,
1016 4403 1104 4470 qui
1135 4404 1563 4470 subscripserunt
1592 4407 1804 4472 quidem

228 4494 675 4548 resurrectionem
703 4504 1030 4546 mortuorum
1061 4508 1345 4561 corporum
1366 4534 1380 4557 ,
1410 4510 1514 4547 non
1547 4498 1807 4565 recipiunt

228 4594 406 4639 autem
428 4626 443 4651 ,
476 4585 569 4639 sed
600 4584 971 4654 decipiuntur?
1001 4584 1125 4653 quid
1154 4586 1372 4638 ornnino
1400 4596 1514 4640 erat
1543 4602 1677 4655 opus
1707 4588 1806 4644 hac

226 4678 564 4733 confessione
585 4716 600 4742 ,
632 4679 676 4731 si
718 4692 807 4731 res
835 4692 940 4731 non
970 4676 1327 4746 sequebatur?
1357 4676 1444 4731 50.
1482 4678 1613 4741 Quid
1643 4689 1688 4731 et
1715 4698 1806 4735 nos

230 4769 575 4836 perdolitum
601 4769 739 4821 omni
778 4770 943 4821 hora?
985 4769 1075 4823 51.
1107 4767 1342 4831 Quotidie
1379 4768 1568 4821 morior
1603 4781 1807 4838 propter

228 4872 443 4912 vestram
483 4858 735 4927 gloriam,
764 4876 915 4927 quam
958 4859 1113 4911 habeo
1152 4859 1207 4908 in
1251 4857 1449 4910 Christo
1486 4857 1631 4912 Jesu.
1680 4861 1805 4929 Vide

229 4963 417 5003 rursus
447 4948 710 5001 undenam
739 4949 932 5016 dogma
972 4948 1310 5019 aggrediatur
1351 4952 1577 5015 probare
1600 4991 1614 5015 ,
1647 4968 1677 5006 a
1708 4967 1807 5007 suo

230 5040 512 5110 suffragio;
537 5040 646 5093 imo
670 5055 795 5093 vero
820 5056 922 5093 non
949 5043 1118 5094 solum
1145 5056 1261 5106 suo,
1285 5041 1373 5095 sed
1397 5043 1555 5096 etiam
1582 5054 1805 5099 caetero-

231 5147 349 5186 rum
370 5132 750 5199 apostolorum.
778 5132 870 5186 Est
889 5142 1062 5187 autem
1086 5134 1185 5187 hoc
1206 5147 1412 5203 quoque
1435 5148 1536 5186 non
1563 5149 1801 5201 parvum,

230 5222 499 5277 adducere
537 5224 783 5280 doctores
825 5226 914 5295 qui
954 5225 1020 5279 de
1057 5239 1123 5279 eo
1151 5225 1303 5278 valde
1332 5234 1533 5277 certam
1578 5225 1808 5280 habeant

232 5312 631 5383 persuasionem
656 5355 671 5379 ,
704 5324 759 5369 et
792 5314 891 5369 hoc
930 5330 1037 5369 non
1078 5317 1249 5369 solum
1276 5315 1457 5368 verbis
1481 5356 1496 5379 ,
1526 5316 1620 5367 sed
1645 5316 1805 5370 etiam

232 5404 393 5459 rebus
429 5404 732 5459 ostendant.
774 5407 1060 5477 Propterea
1092 5423 1196 5461 non
1227 5407 1361 5461 dicit
1392 5407 1634 5461 absolute
1657 5448 1671 5471 ,
1701 5407 1808 5463 Nos

231 5508 447 5565 quoque
490 5492 541 5548 id
591 5493 845 5550 habemus
888 5514 1229 5566 persuasum;
1276 5510 1448 5569 neque
1494 5500 1635 5553 enim
1680 5501 1810 5554 satis

230 5597 348 5642 erat
388 5588 490 5644 hoc
516 5588 687 5643 solum
719 5589 1067 5657 persuadere;
1114 5592 1207 5647 sed
1238 5594 1396 5646 etiam
1424 5608 1520 5661 per
1548 5608 1636 5647 res
1666 5596 1807 5661 ipsas

230 5678 968 5736 exhibetdemonstrationem
992 5699 1004 5734 :
1028 5684 1251 5749 perinde
1275 5699 1337 5739 ac
1353 5685 1396 5737 si
1424 5685 1650 5739 diceret:
1673 5685 1807 5739 Ver—

233 5768 315 5825 bis
355 5770 470 5827 haec
508 5772 749 5829 conﬁteri
785 5771 915 5827 nihil
950 5772 1097 5829 vobis
1137 5775 1272 5831 forte
1308 5777 1514 5833 videtur
1548 5792 1668 5834 esse
1700 5782 1802 5834 nii-

1309 403 1378 460 ΚΝ
1415 402 1628 462 EPIST.‘
1666 403 1689 460 Ι
1748 402 1843 462 AD
1875 400 2034 463 C08.
2076 406 2307 465 HOMIL.
2351 411 2463 469 XL.

3410 428 3515 486 550

1939 522 2197 589 randum;
2236 528 2283 580 si
2320 536 2498 582 autem
2537 528 2697 583 etiam
2730 544 2760 584 a
2798 525 2960 588 rebus
2996 534 3128 603 ipsis
3152 549 3337 595 vocem
3367 543 3517 601 vobis

1936 610 2323 680 exhibeamus,
2364 616 2489 685 quid
2537 618 2601 671 ad
2649 618 2764 673 inec
2811 623 3056 689 poleritis
3107 629 3515 686 contradicere?

1936 698 2130 754 Audite
2150 716 2279 772 ergo
2299 706 2566 773 quomodo
2584 708 2742 761 etiam
2769 724 2862 776 per
2886 711 3121 780 pericula
3143 714 3256 771 haec
3276 721 3515 787 quotidie

1936 788 2305 847 conﬁteamur.
2333 795 2398 849 Et
2425 810 2531 851 non
2559 796 2727 862 dixit,
2759 799 2892 871 Ego.
2925 802 3050 867 sed,
3075 804 3207 870 Nos,
3235 823 3514 867 assumens

1934 891 2120 934 omnes
2149 882 2305 936 simul
2333 888 2626 954 apostolos,
2658 899 2710 944 et
2739 903 2799 945 ea
2832 895 3035 946 ratione
3060 896 3300 952 modeste
3327 914 3390 953 se
3416 916 3512 969 ge-

1934 982 2061 1022 rens
2082 1010 2097 1034 ,
2129 986 2192 1025 ac
2220 972 2323 1028 (ide
2353 975 2569 1045 dignam
2610 980 2807 1035 faciens
2844 984 3163 1039 orationem.
3202 989 3336 1053 Quid
3367 994 3511 1045 enim

1932 1057 2112 1115 dicere
2152 1066 2472 1132 potueritis?
2499 1069 2638 1136 quod
2675 1084 2770 1123 vos
2807 1072 3136 1143 decipiemus
3173 1076 3286 1131 hzcc
3314 1082 3509 1149 praedi-

1931 1160 2150 1217 cantes,
2196 1162 2250 1207 et
2304 1163 2520 1225 prepter
2574 1158 2784 1214 inanem
2827 1162 3049 1230 gloriam
3105 1164 3221 1221 haec
3261 1168 3506 1238 dogmata

1930 1246 2263 1299 statuamus?
2308 1246 2415 1301 Sed
2457 1249 2592 1302 hanc
2632 1254 2951 1306 sententiam
2990 1253 3133 1309 ferre
3176 1272 3281 1311 non
3328 1261 3509 1316 sinunt

1928 1333 2162 1399 pericula
2194 1353 2207 1387 :
2237 1337 2358 1406 quis
2395 1339 2536 1392 enim
2576 1353 2669 1394 sua
2714 1353 2903 1410 sponte
2944 1345 3172 1401 voluerit
3215 1349 3410 1405 frustra
3450 1365 3507 1406 et

1928 1430 2131 1477 temere
2158 1425 2305 1480 adire
2332 1430 2609 1495 pericula?
2639 1431 2706 1484 Et
2746 1432 2865 1487 ideo
2892 1434 3101 1490 dicebat
3122 1476 3138 1499 ,
3174 1439 3311 1505 Quid
3337 1452 3386 1493 et
3413 1460 3505 1497 nos

1927 1514 2272 1579 periclitamur
2298 1521 2434 1572 omni
2464 1521 2630 1576 hora?
2670 1521 2801 1577 Nam
2829 1534 2884 1580 et
2924 1528 2967 1580 si
2995 1530 3125 1597 quis
3143 1541 3358 1599 prepter
3388 1535 3504 1587 ina-

1925 1616 2046 1656 nem
2071 1605 2291 1672 gloriam
2312 1608 2421 1663 hoc
2443 1622 2538 1663 sua
2564 1624 2755 1681 sponte
2779 1615 3019 1684 elegerit,
3046 1621 3210 1673 semel
3231 1632 3285 1676 et
3311 1623 3502 1678 iterum

1923 1692 2025 1747 hoe
2062 1694 2252 1761 faciet,
2286 1712 2393 1753 non
2437 1705 2579 1755 omni
2622 1713 2864 1774 telnpure
2896 1710 3033 1762 sicut
3064 1726 3161 1765 nos
3190 1729 3203 1765 :
3232 1728 3330 1769 nos
3359 1718 3499 1771 enim

1923 1791 2086 1836 totam
2116 1786 2278 1838 vitam
2319 1786 2442 1842 huic
2482 1791 2556 1844 rei
2586 1792 2903 1849 addicimus.
2938 1798 3175 1864 Quotidie
3201 1806 3387 1857 morior
3414 1824 3505 1876 per

1921 1884 2132 1927 vestram
2170 1879 2521 1945 gloriationem
2544 1922 2559 1944 ,
2598 1898 2749 1951 quam
2795 1886 2950 1941 habeo
2992 1890 3046 1943 in
3090 1891 3289 1947 Christo
3331 1895 3499 1965 less;

1918 1964 2287 2031 gloriationern
2321 1970 2406 2022 hic
2431 1971 2613 2025 dicens
2640 1990 2827 2031 eorum
2858 1978 3171 2045 profectum.
3202 1984 3333 2038 Nam
3357 1964 3499 2057 quo-

1921 2056 2060 2109 niam
2089 2060 2251 2113 multa
2276 2063 2511 2117 ostendit
2537 2080 2657 2120 esse
2682 2070 2947 2136 pericula;
2975 2088 3042 2126 ne
3065 2074 3332 2131 videretur
3360 2056 3496 2133 tam-

1916 2160 2076 2236 quam
2118 2147 2323 2203 deﬂens
2364 2154 2476 2207 haec
2512 2154 2729 2223 dicere,
2758 2158 2873 2214 Non
2912 2162 3082 2218 solum
3104 2205 3117 2228 ,
3152 2166 3359 2236 inquit,
3390 2186 3499 2225 non

1918 2232 2108 2325 doleo,
2142 2237 2238 2291 sed
2269 2240 2428 2294 etiam
2456 2242 2654 2310 glorior
2679 2246 2818 2314 quod
2858 2264 2953 2315 pro
2980 2252 3129 2306 vobis
3163 2232 3277 2309 inec
3305 2232 3495 2325 patiar.

1918 2324 2121 2419 Duplim
2153 2336 2329 2383 autem
2362 2335 2565 2388 ratione
2595 2350 2652 2390 se
2680 2338 2807 2393 dicit
2833 2340 3081 2409 gloriari,
3114 2352 3166 2399 et
3197 2324 3337 2416 quod
3369 2367 3495 2419 pro-

1918 2423 2034 2481 pter
2064 2415 2205 2483 ipsos
2230 2424 2460 2487 pericula
2490 2426 2664 2489 adeat,
2696 2438 2748 2482 et
2773 2432 2912 2500 quod
2944 2434 3088 2503 ipsos
3117 2438 3293 2493 videat
3322 2415 3497 2497 incre-

1916 2516 2152 2596 mentum
2193 2510 2486 2577 suscipere.
2532 2515 2731 2573 Deinde
2769 2521 2969 2577 faciens
3012 2525 3063 2579 id
3104 2530 3247 2596 quod
3285 2542 3365 2586 est
3395 2534 3495 2587 sibi

1916 2595 2150 2664 solitum,
2170 2600 2419 2667 quoniam
2442 2618 2628 2672 magna
2652 2616 2733 2661 est
2753 2610 3017 2679 loquutus,
3043 2595 3263 2688 utraque
3284 2622 3497 2677 Christo

1918 2687 2117 2741 tribuit.
2147 2689 2423 2755 Quomodo
2447 2706 2623 2748 autem
2649 2700 2872 2753 moritur
2892 2705 3162 2771 quotidie?
3181 2687 3361 2766 iAnimi
3383 2715 3497 2767 ala-

1915 2778 2122 2843 critate,
2153 2788 2206 2832 et
2232 2782 2371 2849 quod
2401 2783 2465 2836 ad
2494 2784 2593 2839 hoc
2616 2788 2684 2840 sit
2710 2800 2942 2855 paratus.
2978 2793 3043 2846 Et
3069 2810 3165 2849 cur
3192 2799 3305 2853 haec
3334 2803 3495 2856 dicit?

1913 2868 2118 2921 Rursus
2158 2885 2253 2937 per
2294 2872 2405 2925 hrec
2435 2890 2649 2943 quoque
2690 2880 3010 2936 confirmans
3040 2889 3180 2955 quod
3207 2891 3399 2945 dicitur
3428 2893 3495 2946 de

1916 2960 2326 3013 resurrectione.
2357 2962 2484 3026 Quis
2512 2966 2671 3032 enim,
2705 2970 2887 3039 inquit,
2922 2978 3137 3045 elegerit
3168 2990 3270 3033 tam
3303 2985 3493 3036 nmltas

1913 3052 2094 3105 subire
2138 3062 2374 3119 mortes,
2405 3056 2450 3109 si
2488 3072 2557 3110 ne
2594 3060 2663 3111 sit
2698 3063 2907 3128 quidem
2952 3080 3132 3135 postea
3173 3078 3493 3129 resurrectio

1914 3158 2086 3209 neque
2115 3146 2259 3198 vita?
2302 3146 2430 3199 Nam
2471 3150 2514 3200 si
2560 3151 2649 3218 qui
2694 3154 2920 3208 credunt
2956 3168 3331 3220 resurrectioni
3359 3209 3371 3231 ,
3401 3168 3488 3221 vix

1914 3247 2011 3299 pro
2039 3246 2100 3287 ea
2132 3235 2365 3302 pericula
2396 3238 2623 3292 adierint
2652 3241 2751 3295 nisi
2781 3246 2886 3297 sint
2917 3247 3079 3303 fortes
3112 3267 3173 3307 ac
3201 3259 3444 3322 generosi
3473 3275 3485 3311 :

1914 3325 2082 3381 multo
2106 3327 2270 3394 magis
2298 3328 2341 3380 is
2368 3332 2452 3396 qui
2481 3346 2583 3383 non
2608 3333 2795 3397 credit,
2822 3352 2923 3391 non
2956 3348 3058 3394 tam
3086 3345 3280 3399 multas
3306 3357 3357 3400 et
3382 3359 3487 3401 tam

1910 3428 2097 3481 graves
2124 3430 2185 3469 ac
2207 3416 2451 3473 difliciles
2475 3432 2672 3475 mortes
2695 3424 2931 3494 elegerit.
2959 3430 3168 3486 Etenim
3190 3436 3307 3489 vide
3329 3452 3491 3505 quan-

1915 3519 2021 3560 tum
2047 3511 2292 3576 paulatim
2312 3512 2466 3565 faciat
2484 3515 2883 3572 incrementum.
2908 3521 3071 3586 Dixit,
3096 3522 3488 3596 Periclitemur;

1911 3600 2149 3665 addidit,
2196 3602 2346 3655 ()nmi
2387 3605 2547 3665 hora;
2583 3606 2812 3674 deinde,
2852 3612 3128 3680 Quotidie;
3168 3630 3345 3686 postea
3383 3641 3488 3679 non

1910 3693 2079 3745 solum
2122 3693 2286 3757 dicit,
2334 3696 2647 3763 Periclitor,
2693 3701 2786 3753 sed
2832 3705 3250 3769 etiam,M‘orior.
3290 3714 3490 3770 Deinde

1910 3781 2141 3834 ostendit
2165 3791 2216 3834 et
2244 3794 2371 3851 quot
2398 3799 2615 3849 mortes,
2644 3789 2721 3841 sic
2746 3791 2928 3845 dicens
2959 3811 2971 3847 :
3000 3796 3089 3849 5‘2.
3125 3799 3184 3851 Si
3213 3807 3487 3857 secundum

1911 3872 2158 3924 hominem
2183 3875 2250 3925 ad
2277 3875 2457 3928 bestias
2480 3880 2698 3945 pugnaui
2724 3878 2931 3949 Ephesi,
2956 3887 3078 3951 quid
3102 3890 3226 3941 mihi
3250 3893 3447 3959 prodest
3464 3894 3490 3947 Ρ

1980 3964 2031 4016 5.
2071 3964 2207 4030 Quid
2236 3975 2316 4018 est
2336 4007 2349 4030 ,
2382 3965 2442 4019 Si
2468 3970 2742 4023 secundum
2781 3973 3073 4030 hominem?
3101 3978 3253 4046 Quod
3280 3985 3346 4035 ad
3378 3985 3475 4036 ho-

1910 4055 2079 4108 'nines
2107 4058 2317 4119 attinet,
2365 4061 2589 4127 pugnavi
2635 4077 2755 4115 cum
2797 4065 3003 4119 bestiis.
3057 4070 3194 4132 Quid
3250 4075 3390 4128 enim
3440 4080 3487 4132 si

1909 4161 1995 4200 me
2028 4147 2165 4199 Dens
2194 4149 2388 4215 eripuit
2426 4164 2453 4201 a
2484 4152 2773 4218 periculis?
2811 4154 2988 4219 Quare
3014 4160 3101 4226 qui
3131 4176 3226 4227 pro
3255 4162 3336 4217 his
3367 4182 3483 4219 ma~

1909 4238 2050 4291 xime
2079 4236 2248 4291 debeo
2275 4252 2395 4291 esse
2421 4240 2700 4304 sollicitus,
2747 4259 2847 4310 ego
2876 4259 3015 4309 sum,
3050 4250 3139 4316 qui
3175 4258 3277 4303 tam
3319 4256 3485 4312 multa

1908 4328 2147 4383 sustineo
2190 4329 2444 4397 pericula,
2489 4338 2543 4383 et
2581 4331 2755 4386 adhuc
2784 4336 2979 4389 nullam
3007 4342 3189 4409 accepi
3228 4358 3482 4402 remune.

1908 4419 2189 4471 rationem.
2234 4417 2363 4471 Nam
2396 4420 2437 4473 si
2465 4435 2569 4473 non
2600 4421 2820 4477 advenit
2854 4436 3062 4494 tempus
3092 4438 3483 4489 remuneratio-

1908 4509 2013 4573 nis,
2040 4510 2132 4563 sed
2165 4511 2299 4563 intra
2345 4526 2581 4579 pnesens
2610 4523 2817 4581 tempus
2848 4530 2935 4569 res
2980 4527 3175 4573 nostra-
3207 4535 3341 4576 sunt
3357 4542 3486 4580 con-

1908 4601 2087 4664 clusaa,
2117 4616 2216 4655 nos
2238 4601 2405 4669 majus
2436 4601 2687 4655 damnum
2714 4610 2960 4671 patimur.
2991 4608 3123 4663 Nam
3147 4627 3242 4665 vos
3270 4616 3481 4683 quidem

1907 4691 2037 4743 citra
2082 4690 2372 4757 periculum
2415 4690 2717 4745 credidistis
2763 4710 2775 4744 :
2821 4710 2918 4748 nos
2959 4708 3135 4754 autem
3190 4717 3484 4767 maetamur

1908 4780 2159 4847 quotidie.
2195 4776 2321 4832 Htec
2341 4787 2515 4832 autem
2544 4783 2721 4835 omnia
2748 4782 2979 4852 dicebat,
3015 4806 3117 4843 non
3149 4796 3396 4860 quioniani
3427 4801 3478 4857 in

1909 4872 2156 4939 patiendo
2185 4871 2384 4925 nullam
2414 4871 2634 4927 haberet
2661 4874 2963 4943 utilitatem,
2995 4880 3087 4934 sed
3112 4893 3329 4950 propter
3355 4890 3484 4944 ιηυι.

1910 4973 2081 5016 torum
2120 4962 2563 5024 imbecillitatem,
2593 4973 2732 5018 etut
2762 4966 2905 5032 ipsos
2942 4971 3289 5027 conlirmaret
3319 4977 3369 5029 in
3395 4996 3483 5031 ra.

1910 5055 2053 5116 tione
2082 5054 2487 5108 resurrectionis
2521 5073 2532 5105 :
2567 5069 2672 5107 non
2704 5056 2845 5122 quod
2873 5058 2986 5124 ipse
3008 5075 3247 5118 curreret
3270 5081 3486 5138 propter

1910 5146 2208 5200 mercedem
2240 5152 2394 5198 :crat
2435 5144 2575 5197 enim
2612 5144 2882 5201 sufﬁciens
2908 5151 2956 5202 ei
2990 5158 3382 5224 remuneratio,
3431 5162 3483 5219 id

1909 5235 2084 5289 facere
2111 5234 2250 5305 quod
2278 5234 2384 5288 Deo
2411 5233 2661 5301 placeret.
2708 5235 3061 5303 Quamobrem
3088 5244 3244 5297 etiam
3271 5252 3483 5316 quando

1910 5325 2057 5391 dicit,
2091 5325 2150 5377 Si
2172 5329 2223 5376 in
2248 5323 2342 5376 hac
2369 5326 2468 5376 vita
2496 5342 2755 5393 speramus
2780 5331 2833 5380 in
2862 5328 3059 5383 Christo
3088 5343 3302 5400 tantum,
3335 5342 3483 5393 mise-

1911 5416 2170 5468 rabiliores
2208 5416 2437 5468 omnibus
2466 5417 2749 5470 hominibus
2777 5435 2970 5472 sumus.
3010 5421 3183 5477 Etiam
3222 5426 3329 5481 illic
3370 5446 3490 5484 rur-

1912 5520 2005 5558 sus
2032 5514 2247 5573 propter
2271 5505 2413 5570 illos,
2462 5514 2519 5559 ut
2562 5518 2704 5560 metu
2742 5506 2899 5576 hujus
2931 5512 3159 5567 miseria:
3188 5531 3376 5572 eorum
3416 5522 3486 5573 de

1911 5599 2304 5651 resurrectione
2345 5598 2578 5666 exagitet
2622 5599 3046 5655 incredulitatem
3067 5645 3081 5667 ,
3114 5613 3168 5658 et
3204 5609 3270 5661 ad
3302 5624 3486 5665 eorum

1913 5689 2322 5744 imbecillitatem
2349 5704 2407 5743 se
2434 5688 2753 5753 demittens,
2785 5690 2863 5744 sic
2885 5692 3120 5761 loquitur
3150 5712 3163 5747 :
3200 5697 3296 5751 Est
3341 5702 3483 5754 enim

1911 5794 2095 5853 magna
2135 5794 2375 5846 merces,
2422 5779 2637 5834 Christo
2668 5778 2881 5851 placere
2921 5782 2974 5836 in
3003 5785 3252 5839 omnibus
3286 5789 3485 5845 :etiam
