4038 6216
560 444 763 514 absque
806 437 1271 504 remuneratione,
1311 452 1503 509 magna
1546 448 1630 493 est
1671 452 1877 493 merces
1914 446 2138 507 propter

560 537 733 603 ipsum
764 533 912 589 adire
936 532 1193 604 pericula.
1236 530 1298 585 Si
1322 531 1509 584 mortui
1534 546 1637 584 non
1659 541 1965 602 resurgunt,
1992 548 2140 584 nian-

560 629 802 682 ducemus
837 636 884 681 et
921 626 1149 680 bibamus
1184 636 1207 677 :
1243 639 1358 677 cras
1385 624 1518 676 enim
1547 623 1835 676 moriemur.
1875 621 1988 679 [loc
2024 624 2135 691 jam

557 718 778 774 verbum
804 724 887 771 est
914 712 1204 769 irridentis.
1232 711 1589 779 Quamobrem
1612 724 1719 763 non
1744 709 1849 765 hoc
1867 726 1931 765 ex
1953 725 2012 766 se
2036 711 2136 764 ad-

559 807 732 874 dux’it,
762 804 854 860 sed
883 801 1524 873 magniloquentissimum
1556 799 1868 868 prophetam
1890 800 2137 870 produxit

559 897 772 960 Isaiam,
798 896 887 965 qui
914 894 983 951 de
1028 894 1093 946 iis
1114 933 1129 955 ,
1157 892 1245 961 qui
1270 904 1483 945 omnem
1505 905 1721 945 sensum
1745 890 1944 945 doloris
1971 906 2137 945 exue—

561 996 689 1041 runt
713 995 769 1041 et
795 992 923 1039 sunt
949 981 1232 1051 deplorati,
1255 980 1467 1034 dicebat
1500 978 1616 1034 haec
1648 979 1811 1033 verba
1845 996 1859 1033 :
1892 980 1993 1046 Qui
2020 997 2133 1033 ma-

559 1087 697 1131 ctant
724 1077 910 1129 situlos
933 1083 981 1128 et
1003 1072 1294 1140 sacriﬁcant
1327 1086 1461 1136 oves,
1507 1080 1564 1124 ut
1591 1086 1766 1125 carnes
1793 1072 2056 1126 comedunt
2086 1081 2135 1126 et

558 1171 728 1222 uinum
750 1168 917 1221 bibant
947 1182 966 1221 .°
990 1167 1075 1237 qui
1093 1165 1286 1230 dicunt,
1311 1164 1645 1218 Comedamus
1668 1172 1715 1218 et
1738 1165 1998 1228 bibamus;
2021 1180 2135 1218 cras

557 1260 693 1314 enim
720 1258 1012 1311 moriemur.
1050 1254 1177 1309 Huic
1214 1264 1331 1309 sunt
1365 1265 1541 1323 aperta
1578 1255 1634 1307 in
1677 1256 1887 1308 auribus
1926 1253 2133 1309 Domini

557 1348 789 1404 Sabaoth
817 1363 837 1400 :
869 1355 917 1400 et
940 1361 1041 1399 non
1071 1344 1353 1398 remittetur
1380 1343 1517 1395 vobis
1546 1342 1640 1395 hoc
1668 1353 1943 1413 peccatum,
1974 1344 2133 1396 donec

556 1438 755 1507 fueritis
801 1435 987 1489 mortui
1024 1431 1434 1502 (Isai.22.13.
1469 1431 1537 1486 i4
1561 1432 1602 1500 ).
1658 1430 1717 1486 Si
1754 1440 1931 1486 autem
1974 1432 2131 1487 venia

553 1538 680 1581 tunc
704 1526 917 1580 fuerunt
944 1523 1135 1593 privati
1159 1522 1251 1591 qui
1290 1522 1404 1576 hmo
1441 1521 1723 1587 dicebant,
1754 1524 1925 1577 multo
1957 1523 2131 1593 magis

554 1618 607 1672 in
636 1616 829 1687 gratia.
862 1614 1062 1669 Deinde
1083 1628 1152 1669 ne
1170 1612 1498 1682 asperiorem
1528 1612 1777 1668 redderet
1804 1616 2125 1680 orationem,

552 1722 661 1761 non
682 1705 913 1774 amplius
943 1703 1261 1757 immoratur
1283 1702 1334 1756 in
1355 1701 1675 1758 adductione
1700 1702 1767 1757 ad
1797 1703 2125 1773 absurdum;

550 1797 649 1853 sed
693 1799 990 1851 orationem
1032 1808 1221 1850 rursus
1258 1795 1523 1849 convertit
1566 1792 1634 1849 ad
1678 1794 2125 1861 exhortationem,

550 1889 774 1943 dicens:
807 1888 897 1944 55.
947 1886 1123 1940 Nolite
1145 1886 1321 1939 seduci
1348 1901 1366 1941 :
1393 1895 1726 1955 corrumpunt
1762 1886 1920 1941 bonos
1963 1904 2128 1941 mores

549 1979 805 2047 colloquia
843 1990 1023 2047 praua.
1072 1974 1197 2029 Haec
1242 1982 1420 2029 autem
1460 1973 1693 2040 dicebat,
1725 1975 1882 2029 simul
1910 1975 2123 2045 quidem

551 2081 646 2121 eos
672 2067 947 2121 insectans
966 2072 1237 2134 tamquam
1263 2063 1601 2133 insipientes;
1635 2064 1803 2119 bonos
1822 2064 1966 2118 enim
1984 2064 2128 2119 beni-

548 2170 651 2226 gna
694 2170 758 2210 ac
800 2155 916 2210 miti
955 2154 1313 2224 appellatione
1357 2152 1445 2208 hic
1465 2151 1805 2225 signiﬁcavit,
1850 2154 1941 2224 qui
1970 2154 2124 2211 facile

552 2254 777 2315 possunt
800 2244 977 2315 decipi
1003 2261 1018 2309 ;
1045 2244 1332 2313 simulque,
1355 2252 1612 2313 quantum
1645 2244 1831 2313 potuit,
1863 2259 1959 2315 pro
1986 2260 2126 2315 prte-

548 2336 864 2392 cedcntibus
925 2337 1054 2404 ipsis
1093 2335 1305 2390 veniam
1355 2333 1694 2399 concedens,
1738 2343 1794 2390 et
1838 2337 2121 2390 maximam

551 2438 755 2496 partem
782 2426 1065 2483 criminum
1089 2425 1158 2480 ab
1180 2425 1260 2480 eis
1289 2425 1601 2494 propulsans
1623 2432 1679 2479 et
1703 2426 1755 2479 in
1785 2426 1920 2481 alios
1950 2437 2123 2481 trans-

547 2515 751 2583 ferens,
802 2524 862 2570 ut
889 2515 987 2570 hac
1008 2530 1220 2585 quoque
1249 2516 1457 2569 ratione
1481 2529 1575 2569 eos
1598 2515 1894 2570 attraheret
1914 2517 1979 2572 ad
2004 2532 2118 2587 pte-

548 2606 845 2662 nitentiam.
872 2605 1024 2672 Quod
1066 2606 1229 2659 etiam
1258 2606 1311 2660 in
1353 2605 1589 2675 Epistola
1617 2606 1686 2661 ad
1713 2607 1927 2663 Galatas
1957 2608 2118 2675 facit,

545 2697 733 2755 dicens
765 2714 780 2750 :
811 2696 911 2760 Qui
943 2704 1111 2749 autem
1139 2710 1224 2747 vos
1251 2694 1537 2756 conturbat,
1579 2696 1795 2765 portabit
1825 2697 2116 2767 judicium,

545 2786 772 2856 quisquis
799 2784 886 2839 ille
904 2784 969 2837 sit
988 2780 1132 2853 (Gal.
1155 2783 1209 2837 5.
1229 2782 1342 2852 l0).
1376 2783 1463 2838 δι.
1494 2782 1746 2854 Euigilate
1761 2787 1922 2856 juste,
1953 2798 2001 2841 et
2028 2804 2121 2842 no-

540 2880 633 2932 lite
659 2893 883 2946 peccare.
902 2875 1195 2946 Tamquam
1222 2875 1387 2930 ebriis
1414 2876 1545 2930 dicit
1572 2886 1628 2930 et
1653 2876 1970 2933 furentibus.
1986 2879 2117 2935 Nam

544 2968 724 3022 omnia
754 2967 911 3021 simul
956 2974 1012 3021 et
1056 2974 1275 3033 repente
1315 2981 1348 3020 e
1388 2966 1635 3022 manibus
1674 2967 1891 3036 ejicere,
1938 2969 2116 3024 ebrio-

540 3073 661 3114 rum
704 3065 822 3112 erat
858 3065 914 3111 et
946 3055 1255 3121 furentium,
1302 3070 1369 3110 eo
1422 3057 1563 3127 quod
1609 3072 1716 3112 non
1755 3060 1983 3128 amplius
2031 3061 2115 3115 vi-

542 3150 705 3204 deant
738 3163 858 3218 quae
897 3146 1179 3209 viderunt,
1214 3160 1386 3217 neque
1429 3148 1651 3202 credant
1698 3148 1764 3204 iis
1801 3164 1921 3219 quae
1969 3152 2117 3220 prius

540 3239 773 3295 confessi
803 3247 946 3293 sunt.
998 3238 1135 3304 Quid
1183 3247 1267 3293 est
1312 3248 1516 3297 autem.
1547 3238 1695 3294 Juste
1715 3241 1741 3293 1’
1772 3242 1854 3295 Ad
1891 3242 1942 3296 id
1972 3244 2114 3313 quod

537 3331 791 3387 conducit
827 3338 881 3384 et
924 3336 1003 3383 est
1038 3329 1186 3383 utile.
1236 3329 1331 3382 Est
1358 3330 1500 3383 enim
1532 3330 1729 3399 injuste
1765 3332 2018 3402 evigilare
2060 3342 2116 3389 et

538 3421 859 3491 expergisci,
904 3418 1114 3489 quando
1152 3419 1415 3488 quispiam
1445 3418 1603 3474 fuerit
1626 3422 1888 3475 excitatus
1914 3423 1978 3476 ad
2023 3424 2115 3477 de.

539 3514 849 3567 trimentum
878 3526 989 3565 suae
1015 3510 1229 3563 animm.
1279 3510 1444 3565 Recte
1481 3521 1660 3566 autem
1700 3513 1904 3568 addidit
1942 3515 2069 3569 illud
2093 3558 2110 3583 ,

542 3602 718 3656 Nolite
749 3615 990 3668 peccare,
1034 3598 1324 3652 ostendens
1369 3599 1511 3667 quod
1545 3600 1670 3655 hinc
1714 3602 1823 3656 sint
1866 3604 1995 3673 ipsis
2021 3620 2111 3660 se-

538 3694 679 3747 mina
712 3687 1113 3743 incredulitatis.
1150 3687 1259 3741 Hoc
1292 3702 1505 3757 quoque
1543 3689 1667 3744 alibi
1708 3691 1866 3747 tacite
1903 3694 2112 3763 signiti-

536 3789 660 3845 cat,
699 3778 840 3847 quod
885 3779 991 3831 vita
1027 3789 1276 3846 corrupta
1322 3778 1458 3832 mala
1506 3780 1689 3849 gignat
1730 3781 1978 3853 dogmata
2010 3802 2026 3839 ε
2056 3794 2113 3840 ut

534 3868 749 3939 quando
790 3867 954 3933 dicit,
1004 3867 1177 3921 Radix
1218 3869 1441 3921 omnium
1468 3872 1717 3924 malorum
1743 3884 1816 3927 est
1848 3875 2062 3928 avaritia
2086 3892 2110 3931 .°

534 3977 685 4030 quam
711 3959 916 4029 quidam
944 3968 1229 4028 appetentes
1255 3961 1605 4015 aberraverunt
1639 3980 1670 4017 a
1698 3965 1800 4032 fide
1844 3968 1937 4037 (l.
1974 3966 2103 4022 Tim.

534 4051 590 4105 ϐ.
627 4051 754 4121 10).
801 4050 947 4104 Multi
995 4051 1138 4104 enim
1187 4052 1327 4106 male
1365 4053 1464 4107 sibi
1495 4056 1715 4118 conscii,
1745 4072 1843 4111 nec
1867 4059 2110 4119 volentes

534 4141 665 4196 dare
697 4155 900 4210 poenas,
931 4141 1000 4194 ab
1038 4140 1141 4194 hoc
1173 4151 1317 4197 metu
1349 4142 1612 4197 laeduntur
1639 4145 1692 4199 in
1731 4145 1833 4202 ﬁde
1860 4164 2107 4205 resurre-

532 4232 764 4295 ctionis;
796 4230 934 4285 sicut
973 4229 1008 4283 ii
1045 4230 1256 4299 quidem
1286 4242 1433 4286 certe
1461 4234 1552 4302 qui
1579 4234 1744 4289 multa
1770 4247 1825 4291 et
1850 4241 2107 4306 praeclara

532 4332 680 4377 recte
706 4330 1004 4391 gesserunt,
1036 4321 1272 4390 quotidie
1296 4322 1519 4392 cupiunt
1555 4324 1737 4380 videre
1765 4327 1909 4383 illum
1940 4330 2103 4386 diem.

534 4410 889 4480 Ignorantiam
916 4412 1048 4463 enim
1082 4409 1180 4464 Dei
1204 4413 1411 4479 quidam
1440 4414 1656 4480 habent;
1691 4417 1760 4470 ad
1785 4420 2029 4487 pudorem
2052 4424 2108 4477 id

529 4502 668 4554 vobis
694 4499 827 4552 dico.
856 4497 989 4553 Vide
1016 4501 1281 4567 quomodo
1315 4517 1501 4557 rursus
1523 4506 1744 4561 crimina
1773 4512 2025 4567 transfert
2052 4516 2106 4569 in

528 4592 683 4645 alios.
733 4588 848 4645 Non
894 4590 1036 4644 enim
1083 4588 1252 4655 dixit,
1300 4590 1517 4645 Habetis
1566 4592 1941 4667 ignorantiam,
1983 4604 2102 4667 sed,

530 4678 885 4749 Ignorantiam
912 4679 1119 4748 quidam
1144 4679 1347 4734 habent.
1397 4680 1526 4735 Nam
1553 4698 1657 4737 non
1687 4686 1907 4743 credere
1927 4704 2106 4747 resur-

531 4768 759 4822 rectioni
778 4808 795 4833 ,
820 4777 903 4822 est
925 4768 1041 4837 ejus
1065 4770 1156 4837 qui
1198 4785 1304 4825 non
1335 4771 1489 4827 valde
1513 4774 1614 4829 scit
1641 4774 2104 4849 inexpugnabilem

530 4861 627 4915 Dei
661 4860 908 4912 virtutem
939 4868 993 4913 et
1027 4860 1095 4913 ad
1134 4862 1313 4915 omnia
1342 4864 1718 4923 sufﬁcientem.
1750 4870 1879 4927 Nam
1909 4874 1953 4929 si
1984 4891 2104 4944 quae

528 4961 655 5007 sunt
688 4950 814 5007 fecit
837 4967 903 5006 ex
931 4953 994 5006 iis
1022 4968 1141 5022 qua:
1170 4968 1275 5006 non
1306 4966 1479 5020 erant,
1520 4961 1691 5013 multo
1719 4965 1887 5034 magis
1907 4968 2105 5036 poterit

526 5043 763 5097 excitare
786 5052 842 5096 et
867 5042 1146 5097 restituere
1172 5057 1235 5098 ea
1257 5059 1375 5112 qua:
1415 5056 1541 5100 sunt
1566 5047 1843 5107 dissoluta.
1876 5055 1941 5109 Et
1963 5071 2102 5125 quo-

528 5132 671 5184 niam
701 5146 797 5186 eos
817 5132 1161 5189 vehementer
1199 5133 1372 5204 tetigit
1395 5145 1450 5190 et
1476 5153 1817 5211 summopere
1850 5157 1946 5199 eos
1977 5160 2101 5200 car-

527 5222 653 5293 psit,
680 5223 1080 5292 reprebendens
1107 5241 1203 5281 eos
1239 5226 1308 5282 de
1343 5228 1595 5298 ingluvie,
1622 5232 1689 5287 de
1713 5236 2009 5303 ignorantia
2047 5249 2103 5294 et

523 5325 745 5385 stupore
770 5330 785 5373 :
830 5314 1077 5385 mitigans
1107 5333 1169 5373 ea
1202 5336 1324 5391 qua:
1349 5320 1488 5375 dicta
1517 5333 1660 5389 sunt,
1685 5326 1816 5381 dicit
1843 5345 1857 5383 :
1887 5329 1970 5381 Ad
1996 5347 2109 5398 pg-

522 5406 699 5459 dorem
724 5404 862 5459 vobis
889 5405 1099 5476 loquor;
1144 5408 1247 5466 hoc
1276 5420 1378 5476 est,
1430 5420 1487 5466 ut
1514 5416 1803 5485 corrigam,
1854 5427 1912 5472 ut
1939 5420 2101 5476 redu-

520 5511 661 5561 cam,
690 5509 749 5551 ut
777 5512 873 5553 vos
912 5497 1113 5568 pudore
1155 5501 1329 5558 allecti
1380 5503 1681 5560 reddamini
1709 5508 1977 5567 meliores.
2007 5512 2097 5569 Ti-

522 5587 654 5638 muit
680 5586 820 5641 enim
860 5604 928 5646 ne
949 5631 964 5658 ,
992 5589 1037 5645 si
1067 5589 1183 5660 plus
1205 5607 1363 5663 quam
1390 5609 1487 5665 par
1514 5605 1660 5653 esset
1681 5612 1772 5655 eos
1797 5603 2060 5660 secuisset
2078 5646 2093 5671 ,

518 5675 805 5733 resilirent.

1231 316 1292 375 S.
1321 267 1601 377 λιοΑΝΝιε
1624 318 2100 377 CHRYSOSTOMI
2135 320 2449 381 ABCBIEP.
2478 322 3016 393 CONSTANTINOP.

3710 355 3812 413 352

2310 441 2366 497 4.
2410 442 2549 511 Quos
2589 445 2787 504 Paulus
2827 452 3088 523 increpare
3117 461 3403 518 intenderit.
3429 463 3577 521 Dices
3595 483 3662 523 ca:
3679 472 3803 526 alio-

2238 547 2353 584 rum
2369 533 2577 602 jactura
2608 538 2745 594 divcs
2765 541 2991 613 eﬁicitur.
3029 546 3217 604 -Ha2c
3244 562 3420 608 autem
3445 559 3805 618 existimemus

2236 639 2346 678 non
2378 626 2483 682 illis
2504 629 2657 696 solis,
2684 631 2780 686 sed
2809 649 2948 688 nunc
2971 652 3185 707 quoque
3211 642 3353 699 dicta
3382 661 3503 703 esse
3529 652 3802 721 omnibus,

2236 713 2326 781 qui
2354 715 2544 770 eodem
2587 720 2776 774 morbo
2802 722 3040 779 laborant
3064 768 3079 789 ,
3109 738 3165 783 et
3201 748 3424 802 quorum
3456 739 3557 793 vita
3587 751 3670 795 est
3690 713 3807 798 cor;

2238 813 2410 872 rupta.
2449 805 2563 860 Non
2594 811 2735 864 enim
2781 812 2815 865 ii
2846 814 3017 867 solum
3051 818 3139 885 qui
3181 823 3316 875 mala
3351 824 3548 882 habent
3584 830 3803 900 dogmau

2237 899 2289 943 ta
2307 932 2321 954 ,
2352 892 2446 947 sed
2478 895 2516 947 ii
2542 897 2703 951 etiam
2732 902 2821 969 qui
2846 905 3095 970 gravibus
3122 916 3368 965 tenentur
3392 918 3625 982 peccatis
3644 892 3805 983 ,vsunt

2234 983 2366 1037 ebrii
2415 993 2469 1039 et
2513 986 2799 1054 desipiunt.
2830 992 3184 1059 Quamobrem
3212 999 3319 1054 illis
3359 1018 3571 1075 quoque
3605 1008 3801 1065 dictum

2233 1072 2394 1127 fuerit
2420 1074 2573 1141 illud,
2607 1075 2865 1147 Evigilate
2889 1098 2984 1138 seu
3010 1089 3435 1156 expergiscimini
3454 1072 3553 1158 ;_et
3577 1101 3801 1156 maxime

2234 1162 2300 1217 iis
2326 1165 2414 1233 qui
2441 1176 2569 1221 sunt
2592 1172 2794 1237 gravati
2821 1183 3043 1235 veterno
3064 1180 3322 1245 avaritiae,
3351 1182 3415 1234 iis
3438 1186 3529 1253 qui
3562 1187 3802 1256 improbe

2233 1254 2469 1321 rapiunt.
2501 1255 2595 1310 Est
2627 1258 2769 1311 enim
2799 1259 2936 1315 bona
2964 1267 3168 1333 rapina,
3202 1283 3395 1339 nempe
3431 1274 3615 1343 rapina
3642 1254 3803 1332 ctelo~

2232 1357 2351 1396 rum
2381 1358 2498 1412 qua:
2521 1346 2651 1399 nihil
2683 1347 2845 1402 laedit.
2874 1351 3006 1405 Nam
3032 1355 3085 1408 in
3116 1358 3354 1424 pecuniis
3376 1362 3587 1424 quidem
3621 1368 3803 1436 nequit

2232 1432 2346 1485 fieri
2373 1443 2430 1486 ut
2458 1434 2719 1505 quispiam
2746 1438 2938 1494 evadat
2961 1442 3110 1498 dives
3127 1486 3142 1509 ,
3174 1447 3274 1502 nisi
3304 1449 3442 1504 alius
3463 1454 3608 1520 prius
3633 1432 3801 1511 factus

2230 1520 2300 1574 sit
2329 1535 2562 1591 pauper;
2614 1525 2665 1578 in
2708 1527 3071 1595 spiritualibus
3117 1545 3296 1592 autem
3342 1554 3448 1594 non
3478 1543 3547 1595 ita
3575 1554 3678 1608 est,
3708 1547 3799 1600 scd

2232 1616 2400 1663 totum
2430 1614 2759 1668 contrarium
2789 1632 2804 1668 :
2839 1616 2954 1671 ﬁeri
2986 1634 3090 1674 non
3119 1634 3296 1691 potest
3326 1638 3384 1682 ut
3419 1632 3682 1701 quispiam
3712 1635 3803 1691 ﬁat

2228 1697 2377 1753 dives
2401 1740 2417 1764 ,
2464 1701 2568 1757 nisi
2608 1703 2835 1759 alterum
2879 1706 3070 1763 fecerit
3108 1697 3477 1780 opulentume
3526 1697 3729 1794 etenim
3755 1725 3801 1781 si

2227 1789 2423 1842 nemini
2466 1792 2761 1860 profueris,
2804 1811 2909 1850 non
2938 1801 3138 1867 poteris
3162 1802 3301 1858 eflici
3328 1789 3644 1875 opulentus.
3666 1813 3798 1869 Nam

2226 1876 2280 1931 in
2308 1882 2675 1947 corporalibus
2694 1885 2907 1954 quidem
2933 1893 3169 1959 erogatio
3188 1894 3351 1950 efﬁcit
3370 1897 3797 1972 diminutionem;

2226 1968 2281 2023 in
2311 1971 2680 2039 spiritualibus
2718 1987 2895 2033 autem
2938 1984 3175 2052 erogatio
3220 1998 3476 2054 operatur
3521 1968 3800 2048 abundan;

2228 2059 2353 2113 tiam
2376 2102 2392 2127 ,
2421 2069 2476 2117 et
2504 2077 2611 2118 non
2643 2064 2967 2135 impertiisse
2985 2110 3001 2135 ,
3054 2071 3155 2127 hoc
3182 2076 3401 2131 multam
3429 2082 3640 2136 coniicit
3672 2099 3803 2153 pan-

2226 2158 2485 2218 pertatem
2525 2161 2581 2207 et
2616 2152 2777 2209 infert
2818 2157 3059 2214 ultimum
3093 2166 3431 2233 supplicium.
3480 2170 3591 2227 Hoc
3619 2152 3794 2230 autem

2223 2241 2458 2295 ostendit
2482 2242 2527 2296 is
2550 2245 2640 2314 qui
2670 2244 2857 2302 infodit
2885 2250 3161 2309 talentum.
3184 2255 3395 2312 Etenim
3421 2262 3510 2331 qui
3538 2266 3797 2320 rationein

2223 2330 2387 2387 habet
2424 2337 2719 2405 sapientiae,
2748 2348 2805 2394 et
2839 2340 2931 2396 alii
2964 2343 3239 2412 impertiit,
3280 2330 3447 2421 auget
3470 2356 3690 2423 copias,
3741 2369 3797 2413 ut

2223 2423 2313 2491 qui
2342 2424 2536 2479 multos
2562 2425 2749 2482 fecerit
2773 2431 3078 2500 sapientes:
3104 2437 3189 2505 qui
3215 2450 3391 2495 autem
3416 2442 3561 2498 domi
3581 2447 3791 2503 abscon-

2220 2513 2319 2579 dit,
2342 2518 2577 2585 seipsum
2606 2520 2833 2588 privavit
2860 2525 3050 2595 copiis,
3086 2536 3142 2581 ut
3169 2532 3258 2599 qui
3294 2547 3397 2585 non
3428 2537 3626 2603 pararit
3655 2541 3796 2594 mul-

2222 2613 2396 2661 torum
2448 2609 2753 2667 utilitatem.
2798 2613 3007 2671 Rursus
3054 2620 3142 2688 qui
3188 2621 3287 2673 alia
3336 2622 3496 2679 habet
3542 2625 3703 2695 dona,
3750 2633 3796 2685 si

2219 2698 2415 2754 multos
2454 2704 2748 2769 curaverit,
2802 2708 3145 2778 ampliﬁcavit
3191 2711 3531 2772 donationem
3561 2736 3575 2773 :
3603 2728 3658 2774 et
3698 2736 3797 2777 nec

2220 2792 2529 2860 erogatinne
2571 2793 2669 2847 fuit
2712 2795 2827 2863 ipse
2872 2800 3201 2865 exinanitus,
3246 2812 3303 2858 et
3333 2806 3529 2863 multos
3560 2810 3795 2878 implevit

2219 2880 2479 2948 spirituali
2511 2881 2822 2941 donatione.
2853 2887 2921 2941 Et
2948 2889 3001 2943 in
3035 2891 3283 2946 omnibus
3308 2896 3675 2962 spiritualibus
3701 2900 3794 2956 ﬁr-

2218 2985 2304 3024 ma
2333 2980 2386 3025 et
2412 2972 2619 3026 stabilis
2649 2986 2925 3042 permanet
2951 2977 3068 3033 hazc
3090 2981 3291 3051 regula.
3325 2983 3399 3040 Ita
3435 2987 3596 3043 etiam
3624 2991 3677 3043 in
3704 3006 3793 3048 re-

2217 3077 2345 3132 gno,
2373 3062 2465 3131 qui
2494 3063 2577 3118 sui
2605 3066 2750 3135 regni
2782 3067 2981 3123 multos
3005 3070 3178 3126 reddit
3205 3076 3487 3147 participes
3506 3120 3522 3145 ,
3555 3080 3655 3135 hac
3676 3098 3796 3138 rur-

2217 3166 2309 3207 sus
2331 3152 2535 3207 ratione
2563 3168 2628 3209 eo
2659 3157 2775 3225 ipse
2800 3159 2969 3228 magis
2989 3158 3195 3216 fruetur
3222 3181 3235 3215 :
3263 3166 3352 3235 qui
3379 3180 3556 3223 autem
3584 3172 3793 3229 nullum

2216 3244 2394 3299 studet
2422 3244 2623 3302 habere
2643 3249 2847 3303 socium
2868 3264 2931 3304 ac
2958 3253 3288 3323 participem,
3322 3255 3437 3326 ipse
3463 3275 3675 3331 quoque
3699 3279 3794 3319 ex-

2215 3334 2358 3389 cidet
2383 3349 2413 3388 a
2440 3338 2645 3406 magnis
2676 3337 2785 3392 illis
2807 3338 2981 3394 bonis.
3036 3341 3091 3397 Si
3121 3345 3262 3399 enim
3288 3348 3545 3416 sapientia
3575 3353 3790 3410 sensilia

2216 3437 2321 3477 non
2344 3425 2680 3479 consumitur
2706 3426 3180 3487 innumerabilibus
3204 3436 3536 3505 rapientibus
3553 3482 3570 3505 ,
3615 3458 3792 3513 neque

2214 3511 2405 3566 artifex
2434 3513 2632 3567 multos
2655 3514 2897 3572 efﬁciens
2922 3520 3153 3577 artiﬁces
3182 3526 3354 3593 perdit
3378 3538 3549 3584 artem
3581 3549 3593 3584 :
3621 3511 3792 3589 multo

2213 3603 2383 3672 magis
2426 3604 2516 3673 qui
2569 3620 2789 3675 regnum
2837 3610 3011 3679 rapit,
3060 3614 3238 3669 minus
3263 3617 3393 3673 illud
3418 3636 3523 3674 non
3552 3621 3788 3691 efﬁciet,

2212 3692 2307 3747 sed
2338 3704 2463 3747 tunc
2487 3695 2641 3749 nobis
2668 3697 2900 3766 majores
2918 3711 3079 3757 erunt
3098 3704 3320 3774 divitiae,
3351 3712 3565 3779 quando
3587 3714 3791 3773 multos

2211 3783 2279 3838 ad
2310 3783 2363 3839 id
2404 3787 2791 3843 vocaverimus.
2817 3789 3107 3860 Rapiamus
3131 3811 3261 3867 ergo
3283 3814 3346 3857 ea
3372 3816 3491 3870 qua:
3517 3818 3623 3859 non
3652 3819 3787 3862 con-

2210 3882 2493 3929 sumuntur
2512 3916 2528 3941 ,
2569 3876 2661 3930 sed
2688 3877 2815 3933 dum
2844 3882 3123 3950 rapiuntur
3148 3889 3316 3957 magis
3340 3889 3616 3947 abundant
3642 3910 3658 3950 :
3689 3909 3783 3952 ra-

2211 3962 2421 4031 piamus
2444 3978 2507 4019 ea
2533 3980 2653 4035 qua:
2677 3967 2881 4023 nullum
2910 3968 3109 4028 habent
3144 3976 3581 4035 calumniatorem
3600 4023 3616 4049 ,
3663 3986 3787 4041 nut-

2211 4054 2321 4110 lum
2361 4055 2451 4125 qui
2487 4056 2743 4113 invideat.
2775 4058 2989 4115 Etenim
3028 4064 3073 4118 si
3120 4067 3240 4120 auri
3289 4067 3439 4123 locus
3486 4081 3630 4126 esset
3659 4088 3769 4141 per-

2208 4160 2405 4200 ennem
2448 4146 2655 4202 habens
2704 4148 2904 4204 fontem
2950 4154 3351 4221 scaturientem,
3404 4167 3461 4213 et
3505 4174 3573 4215 eo
3615 4163 3785 4235 magis

2209 4237 2475 4303 afflueret,
2504 4253 2611 4307 quo
2640 4241 2807 4310 magis
2825 4241 3231 4313 exhauriretur;
3269 4249 3407 4303 alius
3432 4259 3610 4306 autem
3641 4262 3787 4311 esset

2208 4330 2359 4387 locus
2380 4331 2583 4387 habens
2610 4333 2916 4390 thesaurum
2948 4336 3204 4395 infossum
3229 4357 3243 4390 :
3270 4355 3338 4395 ex
3366 4350 3487 4397 utro
3513 4344 3676 4401 velles
3697 4345 3785 4402 di-

2211 4424 2459 4476 tescere?
2483 4436 2552 4476 an
2582 4438 2688 4478 non
2716 4438 2782 4479 ex
2807 4425 2937 4479 illo?
2972 4426 3071 4479 Est
3094 4436 3241 4482 certe
3269 4417 3628 4501 ﬁrspicuum.
3675 4436 3787 4492 Sed

2208 4526 2278 4565 ne
2304 4512 2478 4567 verbis
2508 4512 2610 4568 hoc
2633 4514 2805 4568 solum
2832 4513 3165 4585 efﬁngamus,
3192 4518 3335 4587 quod
3356 4519 3557 4578 dictum
3588 4534 3671 4581 est
3690 4542 3787 4583 co-

2207 4604 2371 4673 gitate
2409 4606 2462 4660 in
2501 4620 2626 4661 aere
2649 4614 2705 4661 et
2725 4605 2780 4659 in
2810 4605 2925 4659 sole
2956 4623 2970 4659 :
3002 4620 3065 4661 ea
3092 4609 3235 4665 enim
3261 4612 3540 4683 rapiuntur
3564 4617 3633 4673 ab
3661 4633 3785 4673 om-

2208 4696 2387 4760 nibus,
2426 4704 2484 4751 et
2510 4709 2699 4750 omnes
2728 4696 2993 4765 implent:
3026 4699 3120 4755 sed
3158 4699 3272 4759 haec
3312 4706 3524 4775 quidem
3564 4717 3788 4765 manent

2207 4786 2423 4851 similia,
2449 4799 2481 4838 a
2508 4783 2806 4840 fruentibus
2830 4794 2887 4841 et
2906 4802 3011 4843 non
3035 4790 3333 4851 fruentibus
3364 4812 3474 4853 non
3500 4798 3785 4855 diminuta.

2206 4877 2359 4946 Quod
2386 4883 2564 4929 autem
2586 4874 2695 4931 dixi
2722 4885 2802 4932 est
2829 4880 3000 4937 multo
3023 4882 3216 4954 majus.
3254 4884 3371 4941 Non
3409 4887 3552 4942 enim
3600 4898 3788 4947 manet

2205 4967 2399 5023 similis
2446 4967 2738 5037 spiritualis
2783 4971 3079 5041 sapientia,
3130 4976 3177 5029 si
3216 4975 3564 5032 distribuatur
3591 4988 3647 5035 et
3674 4996 3785 5038 non

2205 5055 2576 5127 distribuatur,
2619 5059 2714 5116 sed
2763 5065 2933 5134 magis
2961 5072 3182 5135 augetur
3215 5066 3264 5119 si
3302 5065 3668 5125 distribuatur.
3726 5073 3787 5128 Si

2204 5149 2326 5220 quis
2349 5158 2527 5205 autem
2557 5166 2666 5207 non
2692 5150 2834 5207 ferat
2860 5168 2925 5208 ea
2952 5169 3073 5224 quae
3099 5153 3244 5208 dicta
3283 5165 3449 5229 sunt,
3475 5159 3570 5214 sed
3606 5160 3789 5219 adhuc

2202 5259 2383 5299 rerum
2410 5244 2476 5301 ad
2504 5246 2709 5300 victum
2736 5244 3115 5315 pertinentium
3141 5243 3334 5301 afﬁxus
3356 5247 3430 5303 sit
3454 5250 3671 5323 inopiae,
3717 5270 3785 5309 ea

2204 5347 2323 5404 quas
2345 5333 2608 5390 diminuta
2636 5343 2760 5389 sunt
2786 5334 3035 5403 rapiens;
3066 5331 3121 5387 in
3148 5332 3252 5390 hoc
3278 5351 3492 5410 quoque
3517 5356 3705 5398 rursus
3728 5342 3787 5399 in

2203 5427 2516 5482 meritoriam
2564 5432 2782 5481 revocet
2829 5438 3039 5479 manna:
3084 5424 3431 5497 alimentum,
3500 5441 3556 5487 et
3598 5433 3789 5490 timeat

2203 5518 2508 5588 exemplum
2537 5514 2805 5586 supplicii.
2825 5513 2977 5581 Quod
3005 5515 3146 5572 enim
3172 5518 3223 5573 in
3246 5518 3337 5576 illo
3360 5521 3658 5589 accidebat,
3679 5522 3787 5578 hoc

2203 5612 2365 5666 etiam
2410 5609 2591 5666 videre
2638 5607 2760 5691 licet
2804 5606 2856 5663 in
2899 5607 2965 5665 iis
3006 5609 3094 5679 qui
3135 5627 3277 5671 nunc
3322 5614 3782 5686 superaluutdant.
