4014 6208
219 324 324 383 351

219 435 374 506 αὑτῷ
402 436 668 501 ἀντίδοσις
692 436 755 491 τδ
782 437 1006 509 ποιῆσαι
1034 437 1095 491 τὸ
1128 438 1318 492 δοκοῦν
1341 440 1417 509 τῷ
1453 439 1592 509 Θεῷ.
1630 439 1791 492 Ὥστε

219 530 322 583 καὶ
343 530 470 583 ὅταν
510 529 664 598 λέγῃ,
690 529 757 581 ει
816 530 886 582 ἐν
941 528 1013 596 τῇ
1076 528 1186 597 ζωῇ
1240 532 1422 597 ταύτῃ
1477 531 1797 597 ἠλπικότες

217 619 411 688 ἐσμὲν
463 619 533 671 ἐν
568 617 797 687 Χριστῷ
846 621 1058 689 μόνον,
1112 620 1497 687 ἐλεεινότεροι
1556 620 1799 671 πάντων

218 707 548 777 ἀνθρώπων
590 708 813 778 ἐσμέν·
854 711 1016 762 κάκεῖ
1066 710 1226 763 πάλιν
1269 711 1334 762 δι’
1362 710 1620 772 ἐκείνους,
1654 707 1795 761 ὥστε

215 800 303 869 τῷ
334 800 482 870 φόϐῳ
506 800 609 868 τῆς
649 799 965 867 ἀθλιότητος
996 799 1200 869 ταύτης
1250 800 1567 851 κατασείσαι
1614 797 1796 850 αὐτῶν

215 890 319 959 τὴν
354 889 607 942 ἀπιστίαν
635 888 733 959 τὴν
780 889 1033 958 περὶτῆς
1088 889 1452 953 ἀναστάσεως,
1509 887 1603 940 καὶ
1661 886 1797 956 πρὸς

214 980 320 1048 τὴν
341 979 624 1033 ἀσθένειαν
646 978 823 1031 αὐτῶν
850 978 1314 1046 συγκαταϐαίνων,
1340 976 1481 1030 οὕτω
1503 977 1655 1045 φησί.
1689 977 1797 1028 Καὶ

216 1068 333 1137 7&9
363 1070 392 1119 6
422 1068 597 1137 μέγας
623 1067 835 1136 μισθὸς,
865 1067 927 1119 τὸ
946 1067 1201 1138 ἀρέσκειν
1222 1067 1512 1129 διαπαντὸς
1546 1063 1623 1133 τῷ
1662 1065 1797 1134 Χρι-

220 1160 356 1227 στῷ·
391 1159 484 1210 καὶ
523 1159 690 1228 χωρὶς
714 1159 813 1227 τῆς
840 1156 1180 1218 ἀντιδόσεως,
1227 1154 1455 1225 μεγίστη
1504 1152 1705 1222 ἀμοιϐὴ
1733 1153 1795 1205 τὸ

217 1248 471 1302 διἀὒτὺν
496 1247 845 1300 κινδυνεύειν.
910 1249 979 1299 Εἰ
1030 1246 1228 1313 νεκροί
1283 1248 1395 1298 οὐκ
1445 1244 1791 1311 ἐγείρονται,

218 1338 502 1407 φάγωμεν
538 1338 637 1390 καί
666 1338 911 1405 πίωμεν·
942 1337 1150 1403 αὔριον
1177 1337 1286 1405 γὰρ
1308 1334 1789 1402 ἀποθνήσκομεν.

218 1429 395 1481 Τοῦτο
421 1428 607 1481 λοιπὸν
634 1428 694 1481 τὸ
741 1428 891 1497 ῥῆμα
929 1428 1021 1479 καὶ
1068 1424 1455 1496 κωμῳδοῦντός
1510 1426 1645 1477 ἐστι.
1704 1422 1797 1474 Διὸ

219 1519 345 1572 οὐδὲ
400 1518 611 1571 οἴκοθεν
666 1518 797 1570 αὐτὸ
845 1518 1186 1586 παρήγαγεν,
1224 1515 1357 1569 ἀλλά
1386 1516 1475 1568 τὸν
1512 1515 1796 1585 προφήτην

221 1609 493 1677 ἐπέστησε
545 1606 638 1659 τδν
694 1608 1209 1675 μεγαλοφωνότατον
1254 1606 1501 1669 Ἡσαΐαν,
1553 1604 1612 1667 ὃς
1669 1604 1796 1674 περί

219 1716 388 1751 τινων
428 1697 829 1768 ἀπηλγηκότων
860 1698 1242 1766 διαλεγόμενος
1295 1698 1390 1749 καὶ
1443 1694 1799 1763 ἀπεγνωσμέ-

221 1806 349 1847 νων.
371 1789 523 1856 ἔλεγε
541 1789 696 1840 ταυτὶ
715 1788 786 1841 τά
811 1791 1052 1859 ῥήματα·
1075 1792 1137 1841 Ol
1158 1787 1481 1855 σφάζοντες
1498 1788 1793 1855 μόσχους,

220 1878 323 1931 καί
348 1879 590 1943 θύοντες
622 1879 905 1945 πρόϐατα,
928 1878 1084 1931 ὥστε
1104 1877 1320 1947 φαγεῖν
1350 1876 1495 1945 κρέα
1513 1878 1611 1929 καί
1642 1877 1799 1928 πιεῖν

220 1965 413 2023 οἶνον·
443 1971 497 2022 οἰ
525 1968 825 2037 λέγοντες·
862 1968 1143 2037 Φάγωμεν
1168 1968 1268 2020 καί
1302 1968 1547 2034 πίωμεν·
1586 1966 1799 2032 αὔριον

220 2058 336 2126 τὰρ
408 2059 894 2126 ἀποθνήσκομεν.
980 2055 1537 2123 Ἀνακεκαλυμμένα
1612 2053 1800 2108 ταῦτά

219 2150 394 2202 ἐστιν
453 2151 540 2213 εις
602 2149 675 2201 τὰ
734 2143 856 2200 ὦτα
920 2148 1141 2213 Κυρίου
1181 2144 1455 2199 Σαϐαὼθ·
1523 2143 1625 2197 καί
1684 2146 1796 2198 οὐκ

218 2237 592 2307 ἀφεθήσεται
654 2237 796 2305 ὑμῖν
856 2237 894 2303 ἠ
960 2236 1215 2303 ἁμαρτία
1275 2235 1426 2300 αὕτη
1462 2274 1478 2298 ,
1546 2234 1657 2298 ἕως
1722 2233 1800 2286 ἂν

218 2329 586 2395 ἀποθάνητε.
622 2328 685 2380 Εἰ
706 2328 762 2380 δὲ
794 2327 915 2379 τότε
963 2326 1293 2397 συγγνώμης
1322 2323 1461 2396 ἦσαν
1490 2326 1799 2395 ἀπεστερη-

224 2419 379 2490 μένοι
404 2421 454 2471 οἰ
484 2418 655 2471 ταῦτα
686 2418 952 2484 λέγοντες,
985 2417 1164 2487 πολλῷ
1196 2417 1394 2487 μᾶλλον
1415 2416 1509 2469 ἐπὶ
1530 2419 1627 2486 τῆς
1648 2417 1801 2484 χάρι-

220 2525 337 2569 τος.
368 2503 500 2559 Εἶτα
535 2508 621 2559 ἵνα
657 2506 731 2576 μὴ
774 2505 1109 2575 τραχύτερον
1140 2508 1341 2575 ποιήσῃ
1371 2504 1463 2557 τὸν
1493 2504 1669 2570 λόγον,
1699 2503 1800 2555 οὐκ

220 2601 318 2653 ἐπὶ
351 2599 485 2651 πολὺ
507 2601 575 2668 τῇ
599 2599 677 2659 εἰς
703 2598 903 2650 ἄτοπον
929 2598 1198 2666 ἀπαγωγῇ
1232 2595 1496 2664 ἐπιμένει,
1527 2594 1661 2646 ἀλλά
1691 2595 1797 2646 πά-

220 2690 308 2742 λιν
343 2689 436 2742 ἐπὶ
490 2686 805 2758 παραίνεσιν
860 2687 1051 2756 τρέπει
1102 2686 1194 2738 τὸν
1248 2684 1426 2753 λόγον,
1478 2684 1669 2752 λέγων’
1699 2682 1797 2751 Μὴ

222 2778 934 2846 πλανᾶσθείφθείρουσιν
954 2778 1067 2844 ἤθη
1098 2777 1329 2844 χρηστὰ
1359 2777 1583 2844 ὁμιλίαι
1599 2773 1797 2828 κακαί.

223 2868 417 2923 Ταῦτα
446 2868 503 2922 δὲ
538 2867 744 2936 Ξλεγεν,
775 2868 907 2937 ὁμοῦ
938 2868 1037 2937 μὲν
1066 2867 1243 2921 αὐτῶν
1276 2866 1689 2935 καθαπτόμενος
1725 2863 1801 2925 ὡς

220 2960 493 3029 ἀνοήτων·
524 2960 737 3028 χρηστά
763 2959 871 3029 7&9
896 2958 1131 3012 ἐνταῦθα
1152 2958 1412 3028 εὐφήμως
1434 2956 1501 3009 τά
1531 2954 1801 3019 εὐεξαπά-

224 3066 370 3118 τητα
393 3050 669 3104 ἐκάλεσεν·
698 3048 834 3117 όμοῦ
860 3048 916 3100 δὲ
947 3049 1022 3111 ὡς
1045 3043 1154 3101 οἷόν
1182 3048 1243 3099 τέ
1284 3048 1399 3099 ἔστι
1433 3046 1528 3099 καὶ
1558 3043 1802 3113 συγγνώ-

230 3158 342 3211 μης
369 3140 513 3209 ὑπὲρ
534 3140 645 3191 τῶν
668 3138 977 3211 ἔμπροσθεν
1022 3140 1206 3200 αὐτοῖς
1255 3138 1590 3208 μεταδιδοὺς.
1621 3138 1715 3189 καὶ
1742 3136 1803 3189 τὸ

225 3231 398 3284 ⁶πλέον
433 3230 541 3283 τῶν
576 3230 937 3299 ἐγκλημάτων
975 3228 1486 3297 ἀποσκευαζόμενος
1532 3229 1627 3281 ἀπ’
1656 3227 1798 3280 ὲκείι

224 3339 337 3377 νων
372 3323 467 3375 καὶ
490 3324 570 3386 εἰς
600 3322 822 3391 ἑτέρους
856 3322 1183 3391 μετατιθεὶς,
1218 3319 1356 3372 ὥστε
1386 3321 1480 3372 καὶ
1518 3318 1688 3389 ταύτῃ
1724 3319 1802 3379 εἰς

232 3415 526 3484 μετάνοιαν
567 3414 763 3475 αὐτοὺς
791 3412 1215 3481 ὲφελκύσασθαι.
1252 3414 1317 3464 Ὀ
1349 3412 1441 3465 καὶ
1470 3412 1528 3463 ὲν
1563 3413 1626 3480 τῇ
1668 3408 1804 3479 πρὸς

228 3503 479 3564 Γαλάτας
500 3493 790 3572 Ἐπιστολῇ
841 3504 986 3555 ποιεῖ
1036 3501 1227 3569 λέγων·
1264 3502 1326 3562 '0
1372 3500 1439 3553 δὲ
1486 3499 1806 3567 ταράσσων

227 3591 389 3661 ὑμᾶς
414 3592 713 3656 βαστάσει
744 3592 809 3645 τὸ
848 3591 1045 3659 κρῖμα,
1072 3590 1241 3654 ὅστις
1272 3590 1348 3643 ἂν
1471 3586 1805 3660 Ἐκνήψατε

228 3683 494 3749 δικαίως,
538 3683 637 3736 καὶ
686 3681 773 3750 μὴ
823 3682 1207 3750 ἁμαρτάνετε·
1235 3681 1310 3743 ὡς
1335 3674 1470 3750 πρὸς
1508 3678 1805 3749 μεθύοντας

228 3774 329 3827 καὶ⁸
361 3773 741 3843 μαινομένους.
798 3771 873 3823 Τὸ
924 3770 1034 3840 γὰρ
1075 3769 1270 3839 ἀθρόον
1302 3770 1477 3820 πάντα
1535 3766 1649 3840 άπδ
1697 3764 1805 3817 τῶν

228 3864 434 3935 χειρῶν
469 3864 642 3934 ῥῖψαι,
686 3863 994 3933 μεθυόντων
1048 3863 1143 3915 καὶ
1200 3861 1537 3930 μαινομένων
1581 3854 1673 3929 ἦν,
1728 3855 1805 3926 τῷ

233 3954 437 4026 μηκέτι
470 3956 599 4025 ὁρᾷν
627 3955 663 4008 ἀ
686 3954 893 4023 ἑώρων,
922 3953 1055 4025 μηδὲ
1102 3952 1376 4005 πιστεύειν
1400 3946 1479 4013 οἷς
1501 3948 1806 4016 ἔμπροσθεν

226 4045 617 4115 ὡμολόγησαν.
647 4044 712 4096 Τί
744 4045 802 4097 δέ
832 4046 968 4096 ἐστι.
1002 4044 1283 4107 Δικαίως;
1328 4041 1451 4101 Ἐπὶ
1478 4039 1805 4109 συμφέροντι

228 4136 331 4188 καὶ
365 4135 637 4204 χρησίμῳ.
675 4133 832 4185 Ἐστι
873 4133 982 4206 γὰρ
1032 4132 1231 4193 ἀδίκως
1280 4132 1490 4200 νήφειν,
1544 4130 1673 4181 ὅταν
1715 4127 1807 4179 ἐπὶ

231 4225 413 4296 βλάϐῃ
444 4224 545 4293 τῆς
566 4223 759 4277 ἑαυτοῦ
782 4224 957 4293 ψυχῆς
980 4223 1398 4293 διεγηγερμένος
1417 4239 1501 4283 τις
1612 4218 1809 4279 Καλῶς

226 4314 291 4369 ἂ
322 4317 418 4368 καὶ
445 4314 527 4375 τὺ,
563 4314 658 4381 Μὴ
690 4314 1072 4381 ἁμαρτάνετε,
1112 4313 1439 4383 προσέθηκε,
1484 4309 1697 4369 δεικνὺς
1725 4308 1807 4359 δτι

228 4403 487 4459 ἔντεῦθεν
516 4403 699 4466 αὐτοῖς
750 4403 820 4454 τά
872 4403 1163 4473 σπέρματα
1213 4403 1309 4469 τῆς
1362 4399 1638 4461 ἀπιστίας.
1700 4396 1809 4450 Kal

228 4492 510 4562 πολλαχοῦ
536 4493 695 4545 lito
752 4492 1068 4552 αἰνίττεται,
1118 4493 1200 4544 ὅτι
1254 4492 1363 4561 βίος
1419 4487 1811 4558 διεφθαρμένος

228 4584 454 4654 πονηρά
480 4584 655 4636 τίκτει
684 4584 945 4652 δόγματα·
974 4583 1049 4646 ὡς
1070 4584 1193 4635 ὅταν
1221 4579 1545 4649 λέγῃ,Ῥίζα
1570 4578 1811 4631 πάντων

228 4673 671 4742 τῶνκακῶν’ἠ
716 4678 1090 4743 φιλαργυρία,
1138 4668 1214 4741 ἧς
1258 4688 1416 4736 τινες
1453 4670 1805 4737 ὀρεγόμενοι,

227 4763 764 4830 ἀπεπλανήθησαν
789 4763 898 4831 τῆς
931 4764 1205 4827 πίστεως.
1229 4762 1338 4813 Kal
1361 4760 1469 4829 7&9
1494 4758 1677 4811 πολλοί
1702 4756 1811 4809 τῶν

229 4852 459 4925 πονηρὰ
516 4854 834 4906 συνειδότων
896 4855 1129 4915 ἑαυτοῖς,
1198 4852 1293 4904 καί
1350 4852 1412 4903 οὐ
1476 4848 1810 4919 βουλομένων

228 4946 426 5000 δοῦναι
454 4942 634 5012 δίκην.
661 4944 770 4996 ἀπὸ
790 4944 883 4998 τοῦ
913 4944 1078 5012 φόϐου
1114 4944 1303 4995 τούτου
1329 4943 1425 4993 καὶ
1454 4942 1535 5002 είς
1558 4939 1657 5008 τὴν
1684 4937 1812 5013 περὶ

228 5040 341 5106 τῆς
379 5034 729 5096 ἀναστάσεως
758 5036 1239 5107 παραϐλάπτονται
1272 5033 1473 5088 πίστιν·
1503 5030 1690 5096 ὥσπερ
1720 5023 1812 5079 οὖν

227 5127 285 5179 οἰ
352 5122 562 5193 μεγάλα
618 5123 1003 5192 κατορθοῦντες
1062 5123 1158 5176 καὶ
1214 5120 1334 5174 καθ’
1364 5119 1598 5186 ἑκάστην
1644 5115 1812 5184 αὐτὴν

231 5212 571 5283 ἐπιθυμοῦσι
595 5213 697 5280 τὴν
724 5214 933 5283 ἡμέραν
962 5215 1108 5266 ἰδεῖν.
1157 5210 1481 5278 Ἀγνωσίαν
1515 5208 1625 5275 γὰρ
1662 5204 1812 5258 Θεοῦ

229 5320 404 5368 τινες
437 5302 651 5370 έχουσι
678 5317 693 5331 ·
730 5301 880 5367 πρὸς
930 5301 1229 5369 ἐντροπὴν
1279 5300 1421 5369 ὑμῖν
1462 5299 1633 5366 λέτιι.
1672 5297 1814 5365 Ὅρα

234 5392 549 5455 πῶςπάλιν
582 5388 899 5460 μετατίθησι
949 5390 1017 5471 τά
1069 5391 1389 5459 ἐγκλήματα
1440 5390 1519 5450 εἰς
1570 5385 1810 5455 ἑτέρους.

235 5483 323 5535 Οὐ
386 5480 497 5551 γάρ
551 5476 722 5542 εἶπεν,
768 5479 850 5532 ὅτι
890 5479 1189 5547 ’Δγνωσίαν
1249 5480 1420 5549 ἔχετε,
1471 5477 1614 5548 [585]
1676 5476 1811 5541 ἀλλ’,

249 5572 582 5640 Ἇτνωσίαν
633 5570 795 5635 τινὲς
840 5570 1072 5641 ἔχουσι.
1102 5569 1176 5622 Τδ
1229 5570 1337 5640 7&9
1400 5574 1465 5639 τῇ
1520 5568 1812 5623 ἀναστάσει

309 5673 339 5705 ⁸
362 5670 630 5735 tegebatur
650 5670 818 5722 ταῦτα.

1235 325 1303 380 IN
1340 324 1557 381 EPlST.
1598 323 1620 377 1
1674 322 1766 378 ευ
1802 320 1963 379 COR.
2007 321 2244 379 HOMIL.
2288 323 2403 379 XL.

3352 335 3460 393 352

1901 441 2221 499 διαπιστεῖν,
2248 439 2309 505 ού
2336 437 2540 507 σφόδρα
2566 438 2767 504 εἰδότος
2806 442 2921 495 ἐστὶ
2949 444 3049 515 τὴν
3078 447 3174 498 τοῦ
3205 444 3340 500 Θεοῦ
3367 447 3460 501 δύ-

1896 547 2059 601 ναμιν
2103 530 2201 599 τὴν
2226 530 2435 600 ἄμαχον
2488 530 2582 583 καὶ
2617 532 2752 598 πρὸς
2810 535 2986 589 πάντα
3011 549 3037 578 ι
3068 538 3362 607 ἀρκοῦσαν.
3396 538 3460 592 Εἰ

1896 623 2005 693 7&9
2032 623 2091 687 ἐξ
2114 624 2213 676 οὐκ
2240 625 2410 676 ὄντων
2436 623 2505 676 τὰ
2532 624 2661 678 ὄντα
2684 626 2925 697 ἐποίησε,
2959 628 3362 698 πολλῷμᾶλλον
3392 630 3462 683 τά

1895 713 2211 767 διαλυθέντα
2236 715 2522 784 δυνήσεται
2553 716 2876 785 ἀναστῆσαι.
2905 718 3014 770 Καὶ
3034 719 3219 788 ἐπειδὴ
3255 720 3462 788 σφόδρα

1896 804 2074 857 αὐτῶν
2115 804 2418 875 καθήψατο,
2450 806 2544 859 καὶ
2581 805 2699 875 μεθ’
2729 806 3033 877 ὑπερϐολῆς
3074 810 3459 878 ἐκωμῴδησεν,

1897 894 1977 954 εἰς
2026 892 2498 963 γαστριμαργίαν,
2553 894 2633 955 είς
2691 895 2894 959 άνοιαν,
2945 898 3022 958 είς
3081 896 3462 967 παραπληξίαν

1895 978 2231 1044 δαιδάλλων,
2292 981 2783 1051 παραμυθούμενος
2837 985 2905 1037 τά
2958 986 3248 1053 εἰρημένα,
3306 984 3459 1053 φησί·

1896 1070 2052 1135 Πρὸς
2081 1068 2383 1136 ἐντροπὴν
2411 1071 2553 1136 ὑμῖν
2585 1071 2760 1138 λέγω,
2808 1073 3109 1133 τουτέστιν,
3134 1072 3274 1124 ῶστε
3320 1071 3465 1141 διορ-

1898 1156 2090 1221 θῶσαι,
2146 1156 2287 1209 ὥστε
2321 1159 2711 1226 ἐπαναγαγεῖν,
2734 1158 2873 1211 ὥστε
2908 1160 3295 1227 αἰσχυνθέντας
3321 1158 3465 1227 ὑμᾶς

1898 1243 2149 1311 γενέσθαι
2180 1243 2440 1313 βελτίους.
2472 1245 2686 1297 Δέδοικε
2722 1246 2828 1316 γάρ
2862 1246 2938 1317 μὴ
2970 1249 3112 1317 πέρα
3133 1246 3226 1299 τοῦ
3255 1246 3465 1309 δέοντος

1896 1331 2098 1402 τεμὼν,
2128 1334 2532 1405 ἀποσκιρτῖμται
2567 1336 2788 1406 ποιήσῃ.

1966 1424 2028 1477 δ’.
2063 1423 2247 1477 Ταῦτα
2272 1425 2329 1477 δὲ
2359 1427 2431 1495 μὴ
2451 1424 2586 1496 πρὸς
2611 1426 2850 1489 ἐκείνους
2878 1426 3125 1496 εἰρῆσθαι
3156 1430 3464 1500 νομίζωμεν

1901 1514 2082 1584 μόνον,
2113 1514 2247 1567 ἀλλά
2273 1515 2368 1567 καὶ
2401 1516 2495 1568 νῦν
2524 1515 2776 1584 εἰρῆσθαι
2809 1516 2945 1585 πρὸς
2971 1516 3217 1575 ἅπαντας
3243 1518 3368 1580 τοὺς
3397 1518 3465 1570 τά

1896 1605 2036 1658 αὐτὰ
2066 1603 2372 1667 νοσοῦντας,
2396 1606 2490 1657 καὶ
2520 1604 2644 1666 τοὺς
2667 1605 2779 1673 βίον
2810 1606 3197 1676 διεφθαρμένον
3223 1606 3462 1676 ἔχοντας.

1897 1696 2009 1748 Kal
2043 1696 2151 1766 7&9
2180 1695 2275 1765 οὐχ
2322 1697 2371 1747 οἰ
2415 1696 2483 1747 τά
2518 1696 2727 1765 πονηρά
2763 1696 3004 1765 δόγματα
3038 1697 3252 1765 ἔχοντες
3281 1699 3463 1767 μόνον,

1898 1785 2033 1838 ἀλλά
2105 1786 2198 1839 καὶ
2270 1786 2320 1837 οί
2400 1785 2690 1853 ἁμαρτίαις
2758 1786 3107 1856 κατεχόμενοι
3174 1786 3463 1856 χαλεπαῖς,

1902 1873 2157 1943 μεθύουσι
2181 1892 2240 1927 τε
2270 1874 2367 1927 καὶ⁵
2401 1874 2796 1943 παραπαίουσι.
2843 1877 2934 1928 Διὸ
2960 1877 3054 1929 καί
3096 1878 3232 1946 πρὸς
3267 1878 3466 1941 αὐτοὺς

1901 1963 1966 2015 ἀν
1987 1964 2201 2033 λεχθείη
2225 1964 2445 2027 δικαίως
2460 1964 2541 2029 τδ,
2579 1965 2929 2033 Ἐκνιὶιί-ατε,
2952 1967 3047 2019 καὶ
3078 1968 3311 2035 μάλιστα
3331 1970 3466 2039 πρὸς

1897 2055 2021 2117 τοὺς
2076 2053 2152 2125 τῷ
2189 2056 2341 2124 κάρῳ
2376 2055 2475 2124 τῆς
2522 2054 2827 2120 πλεονεξίας
2869 2056 3295 2126 βεϐαρημένους.
3342 2060 3469 2121 τοὺς

1899 2143 2083 2207 κακῶς
2120 2143 2485 2215 ἁρπάζοντας.
2532 2146 2686 2197 Ἐστι
2716 2146 2823 2215 7&9
2858 2146 3078 2216 ἁρπαγὴ
3118 2146 3256 2215 καλὴ
3286 2148 3319 2216 ή
3357 2147 3469 2199 τῶν

1897 2232 2141 2302 οὐρανῶν
2166 2234 2409 2304 ἁρπαγή,
2457 2235 2489 2303 ή
2527 2233 2690 2303 μηδὲν
2720 2234 3047 2303 βλάπτουσα.
3092 2236 3183 2291 Ἐν
3223 2237 3321 2306 μὲν
3358 2238 3467 2308 γὰρ

1896 2324 2011 2383 τοῖς
2037 2322 2313 2391 χρήμασιν
2352 2323 2451 2374 οὐκ
2487 2322 2851 2393 εστιν·ἓτερον
2885 2325 3137 2391 γενέσθαι
3190 2326 3464 2390 πλούσιον,

1902 2412 1975 2480 μὴ
2007 2411 2193 2481 ἑτέρου
2231 2412 2491 2481 πρότερον
2526 2412 2817 2481 γενομένου
2858 2415 3118 2482 πένητος·
3154 2416 3245 2467 ἐπὶ
3281 2416 3336 2467 δὲ
3360 2415 3469 2468 τῶν

1900 2499 2285 2567 πνευματικῶν
2321 2501 2420 2552 οὐκ
2458 2500 2535 2551 ενι
2568 2500 2744 2566 τοῦτο,
2780 2502 2915 2555 ἀλλά
2953 2504 3260 2557 τούναντίον
3300 2506 3468 2569 ἀπαν,

1898 2589 1998 2640 οὐκ
2022 2588 2133 2639 ἐστι
2159 2587 2280 2639 τινὰ
2298 2587 2549 2655 γενέσθαι
2567 2587 2839 2651 πλούσιον,
2869 2588 2941 2659 μὴ
2961 2591 3145 2659 ἕτερον
3168 2592 3471 2665 ποιήσαντα
3494 2594 3512 2613 ⁸

1898 2674 2255 2745 εὔπορον·λᾶν
2290 2675 2398 2745 γάρ
2439 2675 2641 2744 μηδένα
2683 2674 2994 2747 ὠφελήσῃς,
3039 2677 3100 2727 οὐ
3137 2677 3344 2747 δυνήσῃ
3377 2692 3472 2744 γε·

1899 2765 2081 2818 νέσθαι
2112 2764 2361 2836 εὔπορος.
2398 2765 2485 2817 Ἐν
2521 2766 2618 2835 μὲν
2646 2766 2752 2836 γὰρ
2787 2770 2897 2827 τοῖς
2930 2769 3263 2835 σωματικοῖς
3295 2769 3328 2835 ή
3374 2782 3473 2835 με-

1901 2858 2111 2919 τάδοσις
2151 2856 2377 2927 μείωσιν
2416 2858 2562 2908 ποιεῖ
2603 2873 2616 2887 ·
2652 2858 2711 2909 έν
2746 2857 2801 2908 δὲ
2838 2860 2952 2919 τοῖς
3007 2858 3395 2925 πνευματικοῖς
3433 2860 3468 2928 ή

1904 2951 2187 3020 μετάδοσις
2230 2948 2564 3018 πλεονασμὸν
2606 2948 2928 3019 ἐργάζεται,
2970 2949 3065 3000 καὶ
3098 2946 3158 3000 τὸ
3194 2948 3267 3017 μὴ
3302 2963 3472 3017 μετα-

1900 3041 2101 3104 δοῦναι,
2130 3038 2283 3091 τοῦτο
2323 3038 2523 3108 πολλὴν
2551 3038 2743 3091 πενίαν
2791 3037 3213 3100 κατασκευάζει,
3253 3037 3348 3088 καὶ
3376 3036 3473 3089 κό-

1902 3131 2056 3184 λασιν
2086 3129 2318 3197 ἐσχάτην
2346 3128 2561 3195 ἐπάγει.
2609 3129 2720 3181 Kal
2755 3128 2991 3181 δείκνυσι
3036 3126 3194 3179 τοῦτο
3223 3129 3251 3179 6
3279 3127 3339 3180 τὸ
3372 3128 3472 3181 τά·

1901 3220 2092 3273 λαντον
2116 3218 2436 3289 κατορύξας.
2467 3219 2577 3271 Kal
2606 3218 2713 3287 7&9
2734 3220 2763 3271 6
2786 3219 2940 3286 λόγον
2966 3218 3106 3288 έχων
3131 3218 3344 3286 σοφίας,
3368 3235 3470 3289 μευ

1903 3308 2095 3369 ταδοὺς
2156 3307 2349 3377 ἑτέρῳ,
2410 3305 2612 3377 ηὔξησε
2685 3306 2783 3377 τὴν
2849 3306 3186 3377 περιουσίαν,
3244 3306 3472 3368 πολλοὺς

1905 3400 2137 3468 ποιήσας
2163 3399 2288 3458 τοὺς
2315 3396 2511 3465 σοφούς
2534 3413 2548 3427 ·
2578 3398 2714 3449 οῐκοι
2741 3398 2797 3448 δὲ
2828 3398 3205 3466 κατακρύψας,
3239 3395 3472 3448 ἀπεστέ-

1906 3504 2070 3558 ρησεν
2114 3486 2306 3538 ἑαυτὸν
2352 3484 2451 3554 τῆς
2500 3485 2836 3553 περιουσίας,
2887 3484 2948 3536 οὐ
2992 3484 3332 3552 κτησάμενος
3372 3482 3472 3552 τὴν

1903 3579 2011 3631 τῶν
2042 3576 2249 3629 πολλῶν
2270 3575 2555 3643 ὠφέλειαν,
2598 3574 2765 3629 Πάλιν
2795 3577 2822 3627 6
2847 3574 3159 3645 χαρίσματα
3186 3574 3326 3642 έχων
3356 3572 3473 3625 ἓτε-

1906 3685 1996 3738 ρα,
2051 3666 2277 3728 πολλοὺς
2326 3667 2617 3733 ἰασάμενος
2657 3666 2888 3728 ἐξέτεινε
2940 3665 3039 3734 τὴν
3086 3663 3326 3733 δωρεάν·
3378 3666 3474 3715 καὶ

1903 3755 2027 3809 οὕτε
2073 3756 2232 3817 αὐτὸς
2292 3754 2592 3823 ὲξεκενώθη
2635 3757 2698 3824 τῇ
2752 3753 3066 3823 μεταδόσει,
3104 3755 3196 3804 καὶ
3246 3752 3474 3815 πολλοὺς

1906 3849 2123 3918 ἑτέρους
2153 3847 2414 3915 ἐνέπλησε
2448 3845 2547 3914 τῆς
2575 3846 2950 3914 πνευματικῆς
2975 3844 3201 3915 δωρεᾶς.
3242 3844 3352 3895 Kal
3379 3843 3473 3895 ἐπὶ

1907 3937 2124 3991 πάντων
2180 3936 2287 3987 τῶν
2330 3934 2713 4005 πνευματικῶν
2740 3934 2992 4003 ἀκίνητος
3020 3929 3173 3994 οὗτος
3207 3933 3236 3984 6
3294 3929 3473 3985 κανὼν

1906 4028 2165 4096 διαμένει.
2204 4026 2362 4078 Οὕτω
2390 4026 2484 4077 καὶ
2511 4026 2601 4076 ἐπὶ
2629 4025 2726 4093 τῆς
2767 4024 3061 4093 βασιλείας,
3092 4027 3118 4077 6
3145 4023 3243 4092 μὲν
3279 4040 3475 4075 κοινω-

1910 4118 2029 4180 νοὺς
2073 4117 2298 4178 πολλοὺς
2338 4114 2758 4178 κατασκευάζων
2806 4114 2982 4184 ἑαυτῷ
3015 4115 3111 4183 τῆς
3162 4114 3473 4183 βασιλείας,

1908 4208 2080 4279 ταύτῃ
2122 4206 2381 4279 μειζόνως
2412 4207 2579 4276 αὐτῆς
2604 4206 2966 4259 ἀπολαύσεται
3001 4204 3161 4259 πάλιν
3181 4221 3195 4235 ·
3220 4207 3248 4258 6
3274 4204 3330 4256 δὲ
3366 4220 3474 4272 μη-

1908 4301 2031 4353 δένα
2062 4299 2373 4361 σπουδάζων
2399 4298 2581 4351 λαϐεῖν
2616 4298 2887 4360 κοινωνὸν,
2918 4298 3010 4348 καὶ
3041 4295 3201 4358 αὐτὸς
3225 4297 3479 4347 ἐκπεσεῖ-

1908 4409 1999 4445 ται
2025 4392 2133 4443 τῶν
2166 4390 2375 4442 πολλῶν
2404 4388 2625 4457 ἀγαθῶν
2668 4389 2909 4441 ἐκείνων.
2954 4389 3017 4439 EE
3050 4387 3157 4455 γὰρ
3184 4387 3216 4453 ἡ
3254 4388 3411 4451 σοφία
3444 4386 3479 4448 ή

1910 4482 2140 4552 αἰσθητὴ
2172 4483 2231 4535 οὐ
2265 4482 2589 4542 δαπανᾶται,
2622 4480 2829 4549 μυρίων
2867 4478 3239 4548 ἁρπαζόντων,
3285 4476 3405 4528 οὔτε
3452 4478 3482 4527 6

1910 4576 2159 4643 τεχνίτης
2187 4572 2413 4634 πολλοὺς
2441 4573 2564 4633 τοὺς
2598 4571 2847 4639 τεχνίτας
2888 4568 3054 4621 ποιῶν
3094 4568 3352 4621 ἀπόλλυσι
3382 4566 3482 4635 τὴν

1911 4664 2126 4732 τέχνην,
2150 4661 2338 4729 πολλῷ
2359 4661 2559 4729 μᾶλλον
2588 4662 2616 4713 6
2634 4660 2731 4729 τὴν
2757 4658 3030 4727 βασιλείαν
3057 4657 3315 4728 ἁρπάζων
3336 4656 3486 4709 ἐλάτ-

1910 4769 2043 4807 τονα
2094 4754 2193 4805 οὐκ
2251 4752 2538 4820 ἐργάζεται
2568 4790 2583 4815 ,
2639 4751 2777 4803 ἀλλά
2830 4751 2950 4802 τότε
3003 4748 3201 4800 πλείων
3254 4747 3405 4798 ἔσται
3454 4746 3484 4798 6

1913 4845 2138 4905 πλοῦτος
2158 4844 2311 4912 ἡμῖν,
2340 4843 2467 4894 ὅταν
2490 4841 2713 4903 πολλοὺς
2732 4841 2827 4893 ἐπὶ
2856 4840 3012 4892 τοῦτο
3038 4838 3310 4905 καλῶμεν.
3354 4837 3485 4906 Ἀρ-

1915 4938 2177 5003 πάσωμεν
2208 4934 2385 4987 τοίνυν
2418 4932 2486 4984 τά
2523 4931 2597 5001 μὴ
2631 4931 3052 5000 ἀναλισκόμενα,
3082 4929 3219 4982 ἀλλὰ
3251 4926 3484 4979 πλεονά-

1914 5025 2074 5090 ζοντα
2097 5026 2153 5076 tv
2174 5024 2251 5093 τῷ
2278 5022 2639 5091 ἁρπάζεσθαι·
2666 5021 2816 5092 [584]
2836 5022 3171 5092 ἀρπάσωμεν
3192 5019 3260 5069 τά
3282 5015 3486 5085 μηδένα

1914 5118 2105 5184 ἔχοντα
2146 5112 2507 5177 συκοφάντην.
2561 5110 2764 5177 μηδένα
2805 5109 3090 5175 βάσκανον.
3136 5104 3246 5156 Kal
3284 5102 3393 5169 7&9
3438 5102 3489 5154 εἰ

1913 5197 2137 5267 χρυσίου
2168 5196 2330 5257 τόπος
2376 5190 2443 5262 ἦν
2491 5193 2675 5261 πηγὴν
2717 5193 2857 5261 ἔχων
2898 5190 3306 5253 ἀναϐλύζουσαν
3359 5189 3488 5241 ἀέν-

1913 5306 2058 5350 ναον,
2098 5286 2193 5339 καὶ
2220 5283 2456 5352 τοσούτῳ
2485 5282 2644 5335 πλέον
2682 5284 2925 5353 ἐπέρρει,
2965 5283 3076 5352 ὅσῳ
3118 5281 3281 5333 πλέον
3326 5278 3485 5345 ἐξην-

1917 5380 2112 5440 τλεῖτο,
2148 5378 2329 5446 ἔτερος
2376 5374 2433 5427 δὲ
2478 5375 2642 5437 τόπος
2671 5369 2739 5443 ἦν
2771 5375 3042 5444 θησαυρὸν
3079 5373 3217 5442 ἔχων
3245 5384 3486 5436 κατορω-

1921 5469 2205 5542 ρυγμένον,
2250 5465 2412 5517 πόθεν
2449 5465 2515 5519 ἂν
2557 5464 2825 5534 ἠθέλησας
2852 5467 3135 5529 πλουτεῖν;
3181 5459 3300 5527 οὐχὶ
3346 5459 3487 5509 ἐκεῖ·

1916 5561 2044 5625 θεν;
2086 5559 2270 5627 Δῆλον.
2326 5558 2485 5620 Ἀλλ’,
2536 5560 2619 5611 ἵνα
2655 5559 2727 5629 μὴ
2763 5556 2905 5625 λόγῳ
2937 5554 3095 5607 τοῦτο
3144 5550 3307 5620 μόνον
3350 5545 3481 5599 ἀνα-

1923 5653 2233 5720 πλάσωμεν,
2260 5649 2544 5719 λογίσασθε
2573 5649 2662 5702 ἐπὶ
2683 5648 2775 5701 τοῦ
2804 5648 2963 5718 ἀέρος
2993 5645 3052 5698 τὸ
3078 5640 3365 5715 εἰρημένον
3392 5638 3485 5693 καὶ
