4028 6222
515 371 625 426 353

511 482 607 534 ἐπὶ
634 479 726 534 τοῦ
754 482 935 552 ἡλίου’
967 478 1140 534 ταῦτα
1175 478 1283 548 γὰρ
1322 475 1623 546 ἀρπάζεται
1657 474 1809 544 παρά
1835 473 2075 534 πάντων,

509 583 606 624 και
633 569 838 633 πάντας
870 571 1065 638 πληροῖ
1091 585 1104 598 ·
1131 567 1271 621 ἀλλὰ
1298 566 1468 620 ταῦτα
1500 566 1619 635 μὲν,
1661 566 1755 617 καὶ
1782 563 2079 616 ἀπολαυόν-

505 676 617 714 των
648 663 741 715 καὶ
778 660 851 732 μὴ
897 661 1303 736 ἀπολαυόντων,
1337 659 1497 725 ὅμοια
1536 655 1684 723 μένει
1723 654 1798 723 μὴ
1832 651 2080 706 ἐλαττού-

509 768 668 819 μενα.
706 753 771 803 Ὃ
797 752 855 802 δὲ
884 750 994 818 ἐγὼ
1023 745 1197 811 εἷπον,
1245 747 1420 815 πολλῷ
1457 746 1639 815 μεῖζόν
1669 746 1836 796 ἐστιν.
1867 746 1941 795 Οὐ
1972 744 2080 814 γάρ

505 841 667 908 ὁμοία
698 843 846 910 μένει
877 842 909 911 ἡ
944 840 1283 908 πνευματικὴ
1318 837 1474 905 σοφία
1507 836 1845 904 διαδιδομένη
1876 836 1971 886 καὶ
2003 834 2077 904 μὴ

506 929 871 997 διαδιδομένη,
902 929 1016 980 ἀλλ’
1050 927 1271 990 αὒξεται
1301 927 1499 994 μᾶλλον
1523 924 1884 992 διαδιδομένη.
1930 921 1993 974 El
2019 922 2076 974 δέ

505 1037 594 1082 τις
627 1022 727 1072 οὑκ
760 1021 1009 1088 ἀνέχεται
1061 1020 1168 1071 τῶν
1215 1017 1537 1087 εἰρημένων,
1583 1017 1700 1070 ἀλλ’
1729 1017 1809 1068 ἔτι
1857 1018 1923 1084 τῇ
1972 1015 2083 1067 τῶν

508 1109 777 1178 βιωτικῶν
806 1110 1141 1177 προστετηκε
1172 1109 1330 1177 πενία
1360 1107 1621 1176 ἁρπάζων
1652 1106 1719 1159 τά
1751 1105 2077 1172 ἐλαττούμε-

505 1215 594 1257 να,
629 1199 728 1250 κάν
787 1198 962 1266 τούτῳ
995 1199 1154 1249 πάλιν
1195 1196 1690 1265 ἀναμιμνησκέσθω
1733 1195 1834 1262 τῆς
1875 1196 2080 1263 τροφῆς

503 1287 599 1339 τοῦ
648 1289 840 1356 μάννα,
884 1289 978 1340 καὶ
1018 1287 1286 1355 φοὸείσθω
1313 1288 1374 1338 τὸ
1406 1286 1751 1352 παράδειγμα
1790 1284 1887 1352 τῆς
1931 1285 2082 1337 κολά-

505 1391 662 1436 σεως.
703 1378 878 1445 Ὅπερ
928 1376 1034 1443 γὰρ
1079 1374 1163 1425 ἐπ’
1198 1374 1409 1440 ἐκείνης
1462 1373 1760 1433 συνέῦαινε,
1791 1371 1947 1423 τοῦτο
1989 1373 2082 1423 καὶ

502 1461 595 1510 ἐπὶ
613 1462 721 1513 τῶν
742 1461 1208 1513 πλεονεκτούντων
1225 1461 1318 1514 νῦν
1341 1460 1587 1511 ἐκϐαῖνον
1610 1460 1754 1511 ἐστιν
1776 1460 1993 1511 ίδεῖν.Τί
2021 1462 2078 1511 δὲ

498 1541 622 1592 τότε
646 1542 923 1594 συνέϐαινε
940 1559 953 1606 ;
971 1542 1257 1609 Σκώληκες
1278 1543 1469 1605 ἔϐρυον
1491 1542 1596 1593 ἀπὸ
1615 1542 1707 1609 τῆς
1742 1541 2076 1606 πλεονεξίας.

571 1649 742 1701 Τοῦτο
788 1649 882 1700 καὶ
923 1649 1018 1700 νῦν
1061 1649 1269 1715 γίνεται
1311 1648 1401 1699 ἐπὶ
1441 1647 1663 1698 τούτων.
1699 1647 1783 1710 ⁸Τὸ
1831 1649 1928 1714 μὲν
1969 1647 2077 1716 γὰρ

503 1738 701 1809 μέτρον
726 1738 825 1804 τῆς
875 1736 1081 1805 τροφῆς
1119 1737 1178 1787 τὸ
1207 1736 1337 1787 αὐτὸ
1379 1735 1582 1786 ίάττασι⁸
1619 1734 1749 1801 μίαν
1794 1732 1900 1798 γὰρ
1937 1733 2076 1800 πλη-

502 1829 702 1899 ροῦμεν
723 1828 966 1896 γαστέρα
991 1844 1003 1856 ο
1035 1829 1066 1896 ἡ
1110 1826 1165 1877 δέ
1212 1826 1415 1893 κόπρος
1443 1824 1592 1892 παρὰ
1629 1825 1710 1876 σοὶ
1761 1822 1961 1874 πλείων
1997 1822 2077 1891 τῷ

497 1919 793 1988 τρυφῶντι.
832 1919 940 1970 Καὶ
991 1917 1241 1985 καθάπερ
1283 1919 1400 1967 ἐκεῖ
1439 1919 1495 1966 ἐν
1526 1918 1644 1976 ταῖς
1687 1915 1887 1973 οἰκίαις
1926 1915 1974 1964 οί
2016 1913 2076 1964 τὸ

499 2008 661 2059 πλέον
688 2006 780 2060 τοῦ
822 2007 1206 2076 νενομισμένου
1238 2004 1601 2069 συλλέγοντες,
1633 2003 1690 2053 οὐ
1735 2003 1912 2070 μάννα
1945 2019 2074 2053 συν-

496 2097 652 2164 ῆγον,
693 2097 828 2150 ἀλλὰ
872 2096 1158 2162 σκώληκας
1204 2095 1416 2154 πλείους
1465 2095 1554 2144 καὶ
1594 2093 1889 2160 σηπεδόνα·
1931 2093 2074 2144 οὕτω

499 2185 568 2252 δὴ
597 2185 691 2235 καὶ
713 2183 770 2234 ἐν
798 2186 862 2249 τῇ
895 2183 1068 2248 τουφῇ
1110 2182 1202 2232 καὶ
1240 2183 1295 2231 ἐν
1342 2184 1406 2249 τῇ
1446 2180 1743 2248 πλεονεξίᾳ,
1774 2181 1832 2231 οὐ
1862 2179 2068 2248 τροφὴν

497 2273 734 2335 πλείονα,
765 2273 901 2324 ἀλλὰ
929 2275 1133 2342 φυοςὲιν
1164 2273 1380 2324 πλείονα
1412 2273 1733 2337 συνάγουσιν
1765 2271 1812 2321 οί
1843 2287 2070 2340 γαστριο

498 2362 715 2430 ζόμενοι
743 2364 833 2415 καὶ
862 2364 1170 2431 μεθύοντες.
1241 2364 1362 2415 Al)“
1391 2364 1537 2432 ὅμως
1583 2362 1823 2430 τοσούτῳ
1855 2363 2069 2430 χείρους

496 2449 723 2501 ἐκείνων
745 2451 791 2500 οἱ
814 2450 926 2516 νῦν,
945 2453 1052 2519 ὅσῳ
1076 2453 1269 2503 ἐκεῖνοι
1305 2451 1401 2518 μὲν
1432 2449 1575 2511 ἅπαξ
1598 2450 1856 2509 παθόντες
1888 2448 2066 2512 τοῦτο,

495 2535 1005 2604 ἐσωφρονίσθησαν·
1042 2533 1183 2589 οὗτοι
1213 2537 1267 2588 δὲ
1298 2534 1418 2586 καθ’
1453 2535 1690 2602 ἑκάστην
1730 2535 1941 2601 ἡμέραν
1979 2535 2069 2583 τὸν

495 2625 749 2694 σκώληκα
778 2625 965 2677 τοῦτον
997 2627 1202 2677 ἐκείνου
1240 2624 1418 2691 πολλῴ
1446 2625 1820 2691 χαλεπώτερον
1863 2625 1941 2684 είς
1970 2623 2068 2684 τὰς

492 2715 669 2776 οἰκίας
697 2717 794 2775 τὶς
816 2715 1024 2766 ἑαυτῶν
1051 2714 1379 2779 εἰσάγοντες,
1406 2714 1528 2764 οὐτε
1557 2713 1916 2777 αἰσθάνονται,
1945 2713 2066 2764 οὐτε

493 2803 862 2873 κορέννυνται.
903 2805 1023 2854 Ὅτι
1057 2804 1163 2870 γὰρ
1201 2803 1372 2854 ταῦτα
1395 2804 1621 2864 ἐκείνοις
1643 2802 1783 2854 ἔοικε
1819 2805 1956 2855 κατά
1977 2803 2066 2854 τὸν

491 2897 592 2961 της
633 2892 1018 2962 ματαιοπονίας
1070 2893 1224 2959 λόγον
1305 2896 1388 2962 (τῇ
1441 2895 1548 2962 γάρ
1599 2895 1836 2962 τιμωρία
1886 2893 2065 2962 πολλῴ

491 2985 662 3039 ταῦτα
698 2986 1092 3056 χαλεπώτερα),
1132 2987 1379 3040 ἐντεῦθεν
1414 2988 1623 3039 σκόπει.
1653 2989 1769 3039 Τίνι
1802 2988 1908 3056 γάρ
1947 2989 2063 3039 δια-

492 3077 648 3144 φέρει
682 3078 709 3129 6
743 3077 994 3140 πλούσιος
1041 3078 1132 3129 τοῦ
1173 3080 1429 3147 πένητοςς
1475 3079 1570 3146 οὐχ
1613 3077 1670 3129 ἓν
1716 3077 1872 3146 σῶμα
1908 3095 2066 3146 περι-

489 3166 705 3231 ϐάλλεις
755 3169 814 3218 οὐ
859 3169 988 3237 μίαν
1029 3168 1216 3236 τρέφει
1265 3169 1542 3238 γαστέρα;
1594 3169 1701 3220 τίνι
1745 3165 1836 3220 οῦν
1872 3168 2062 3220 πλεον-
2119 3231 2123 3234 η

492 3266 634 3309 εκτεῑ
677 3299 689 3319 ,
741 3259 868 3320 Ταῖς
920 3259 1182 3328 φροντίσι,
1241 3258 1316 3326 τῷ
1367 3258 1724 3320 δαπανᾶσθαι,
1792 3259 1869 3326 τῷ
1925 3277 2066 3329 παρ-

491 3347 708 3400 ακούειν
739 3347 893 3409 Θεοῦ,
920 3347 996 3414 τῷ
1036 3347 1369 3417 διαφθείρειν
1403 3349 1498 3416 τὴν
1529 3350 1723 3418 σάρκα,
1760 3350 1835 3416 τῷ
1867 3351 2065 3419 λυμαίο

491 3435 679 3488 νεσθαι
705 3436 801 3504 τὴν
832 3436 1031 3505 ψυχήν.
1065 3436 1249 3488 Ταῦτα
1291 3437 1398 3508 γάρ
1441 3440 1604 3500 ἐστιν,
1640 3435 1718 3500 οἷς
1749 3440 2065 3496 πλεονεκτεῖ

487 3525 580 3576 τὸν
609 3525 849 3594 πένητα·
905 3527 978 3588 ὡς
1013 3528 1063 3578 εί
1098 3543 1161 3594 γε
1208 3529 1432 3590 πολλοὺς
1475 3530 1712 3597 ἐπλήρου
1767 3534 2059 3602 γαστέρας,

487 3616 626 3683 τάχα
658 3632 710 3667 τι
742 3617 833 3667 καὶ
877 3617 1054 3683 λέγειν
1100 3614 1264 3686 εἶχεν,
1311 3613 1420 3670 οἷον
1448 3620 1527 3670 ὅτι
1566 3620 1763 3672 πλείων
1814 3637 1846 3690 η
1883 3625 2058 3690 χρεία,

490 3707 584 3758 καὶ
616 3706 813 3776 μείζων
849 3709 879 3776 ή
920 3709 1018 3776 τῆς
1063 3710 1308 3776 δαπάνης
1345 3711 1576 3779 ἀνάγκη.
1632 3711 1793 3763 Ἀλλὰ
1830 3716 1922 3765 καὶ
1967 3714 2062 3767 νῦν

488 3796 691 3864 έχουσι,
721 3800 904 3867 φησιν,
937 3802 1130 3863 εἰπεῖν,
1166 3802 1245 3852 ὃτι
1273 3801 1472 3862 πολλάς
1503 3802 1791 3870 πληροῦσι,
1818 3806 1914 3867 τὰς
1950 3806 2061 3858 τῶν

485 3889 733 3951 οἰκετῶν,
762 3890 858 3952 τὰς
883 3891 988 3943 τῶν
1023 3890 1437 3958 θεραπαινίδων.
1480 3891 1619 3942 Ἀλλ’
1650 3896 1709 3944 οὑ
1741 3895 1925 3962 χρείας
1955 3897 2062 3948 Eve-

490 3995 603 4040 κεν,
633 3978 758 4031 οὐδὲ
804 3978 1212 4049 φιλανθρωπίας
1245 3980 1401 4032 τοῦτο
1442 3981 1645 4046 γίνεται
1673 4025 1687 4045 ,
1727 3984 1860 4036 ἀλλά
1894 3986 2058 4053 τύφου

489 4066 671 4138 μόνον.
693 4065 815 4118 ὅθεν
828 4067 937 4119 οὐδ’
954 4068 1019 4120 ἂν
1035 4069 1319 4138 ἀνάσχοιτό
1337 4087 1415 4131 τις
1431 4070 1527 4139 τῆς
1552 4072 1844 4141 ἀπολογίας
1859 4075 2057 4128 αὐτῶν.

558 4226 618 4272 ε’.
650 4219 749 4271 Διά
775 4219 826 4271 τί
859 4219 965 4290 γάρ
989 4220 1214 4282 πολλοὺς
1237 4219 1346 4289 ἔχει
1370 4220 1582 4285 οἰκέτας
1602 4239 1616 4285 ;
1635 4223 1843 4295 Ὠσπερ
1865 4226 1974 4296 γάρ
2002 4229 2060 4279 ἐν

488 4311 723 4378 ἱματίοις
748 4310 845 4378 τὴν
870 4313 1056 4379 χρείαν
1085 4310 1301 4362 διώκειν
1331 4311 1412 4362 δεῖ
1443 4312 1617 4376 μόνον,
1646 4317 1735 4366 καὶ
1767 4318 1823 4368 ἐν
1855 4319 2059 4384 τραπέ-

486 4401 577 4472 ζῃ,
607 4399 749 4452 οὑτω
779 4401 872 4452 καὶ
892 4403 948 4453 ὲν
977 4401 1234 4464 οἰκέταις.
1269 4403 1363 4464 Τίς
1396 4400 1486 4455 οὖν
1525 4406 1557 4473 ἡ
1591 4406 1784 4473 χρεία;
1815 4409 1928 4459 Οὐκ
1968 4408 2057 4459 ἕσ-

483 4510 570 4545 τιν
596 4492 844 4562 οὐδεμία.
879 4493 989 4545 Kal
1014 4494 1121 4565 γάρ
1160 4496 1240 4546 ἑνὶ
1271 4495 1362 4548 τὸν
1396 4496 1490 4548 ἕνα
1520 4498 1756 4566 χρῆσθαι
1792 4500 2058 4570 δεσπότην

481 4584 668 4652 οἰκέτῃ
698 4583 855 4652 μόνον
886 4585 1078 4655 ἐχρῆν*
1114 4587 1313 4654 μᾶλλον
1338 4586 1392 4639 δὲ
1422 4589 1624 4641 καὶδύο
1661 4592 1758 4644 καὶ
1791 4596 1935 4663 τρεῖς
1971 4595 2058 4646 δε-

486 4675 689 4734 σπότας
723 4675 802 4725 ἐνὶ
829 4675 1032 4745 οἰκέτῃ.
1071 4677 1133 4728 Ei
1166 4676 1223 4728 δὲ
1270 4677 1407 4747 βαρὺ
1441 4678 1617 4743 τοῦτο,
1649 4682 1898 4751 ἐννόησον
1931 4686 2058 4750 τούς

481 4763 601 4815 οὐ·δέ
636 4763 730 4815 ἐνα
755 4763 995 4833 ἔχοντας,
1021 4766 1112 4820 καὶ
1148 4767 1520 4838 εὐκολωτέρας
1546 4771 1918 4837 ἀπολαύοντας
1971 4776 2058 4828 θε-

483 4856 712 4928 ραπείας
747 4871 760 4884 ·
791 4857 885 4907 καὶ
913 4857 1018 4924 γάρ
1041 4858 1338 4927 αὐτάρκεις
1368 4862 1432 4931 τῇ
1462 4861 1706 4933 διακονίᾳ
1747 4868 1812 4936 τῇ
1845 4867 2054 4919 ἑαυτῶν

484 4943 736 5012 ἐποίησεν
775 4941 804 4994 6
845 4944 999 5009 Θεὸς,
1041 4946 1239 5015 μᾶλλον
1269 4947 1324 4999 δὲ
1361 4949 1454 5000 καὶ
1481 4952 1545 5018 τῇ
1576 4953 1667 5004 τοῦ
1711 4954 1954 5023 πλησίον.
1991 4957 2054 5009 Εί

482 5029 826 5097 δὲάπιστεῖς,
860 5033 1023 5086 ἄκουε
1051 5035 1260 5088 Παύλου
1310 5037 1558 5104 λέγοντος
1595 5055 1610 5068 ·
1666 5043 1796 5107 Ταῖς
1827 5046 2055 5112 χρείαις

477 5137 617 5186 μου,
659 5122 758 5174 καί
787 5121 938 5194 [385]
978 5125 1100 5190 τοῖς
1128 5122 1270 5180 οὖσι
1302 5130 1428 5195 μετ’
1477 5130 1624 5198 ἐμοῦ
1664 5135 2057 5202 ὑπηρέτησαν

480 5211 542 5262 al
571 5211 768 5278 χεῖρεςτ
798 5210 993 5271 αὗται.
1048 5213 1180 5271 Εἶτα
1223 5219 1250 5270 6
1289 5219 1387 5287 μὲν
1416 5222 1513 5290 τῆς
1547 5223 1869 5296 οἰκουμένης
1908 5228 2054 5281 διδάσ-

483 5303 680 5366 σκαλος
704 5304 796 5356 καὶ
824 5304 930 5357 τῶν
954 5307 1196 5376 οὐρανῶν
1224 5310 1373 5375 ἄξιος
1405 5312 1505 5364 οὐκ
1554 5315 1814 5384 ᾐσχύνετο
1842 5319 2056 5388 μυρίοις

482 5394 768 5466 ὑπηρετῶν
798 5409 811 5424 ·
847 5396 911 5448 σὺ
941 5396 1018 5460 δὲ,
1061 5399 1108 5449 εί
1147 5399 1221 5467 μὴ
1251 5399 1450 5462 πολλάς
1491 5405 1806 5474 περιφέρεις
1853 5409 2054 5478 ἀνδρα-

479 5487 656 5539 πόδων
682 5485 903 5554 ἀγέλας,
930 5487 1152 5556 αἰσχρὸν
1184 5485 1319 5540 εἶναι
1353 5491 1609 5559 νομίζεις,
1651 5497 1749 5549 οὑκ
1786 5498 1940 5560 εἰδὼς
1970 5501 2050 5552 ὃτι

478 5575 635 5628 τοῦτο
661 5576 759 5646 μὲν
786 5572 879 5629 οὖν
904 5577 1138 5648 μάλιστά
1175 5580 1290 5632 ἐστι
1327 5581 1386 5632 τὸ
1429 5587 1783 5654 καταισχῦνόν
1810 5607 1896 5654 σε,
1944 5592 2052 5643 Kal

482 5667 589 5737 γάρ
610 5665 698 5720 διὰ
737 5667 894 5723 τοῦτο
935 5670 1025 5722 καὶ
1071 5671 1258 5742 χεῖρας
1305 5673 1437 5744 ἡμῖν
1483 5672 1678 5728 ἔδωκεν
1720 5678 1748 5728 6
1789 5678 1918 5743 Θεὸς
1959 5683 2049 5735 καὶ

1224 363 1282 419 S.
1316 358 1600 418 JOANNIS
1635 353 2122 413 CHRYSOSTOMI
2160 354 2482 413 ARCHIEP.
2523 357 3055 416 CONSTANTINOP

3645 366 3746 424 εει

2186 470 2376 533 πόδας,
2425 473 2510 526 ἵνα
2557 473 2630 544 μὴ
2675 474 2920 544 δεώμεθα
2961 475 3202 528 οίκετῶν.
3233 475 3366 529 Οὐδὲ
3412 478 3517 550 γάρ
3562 482 3748 551 χρείας

2180 557 2364 612 ἕνεκεν
2391 560 2451 612 τὸ
2499 562 2607 614 τῶν
2651 563 2850 616 δούλων
2892 565 3190 635 ἐπεισήχθη
3242 567 3431 634 γένος,
3466 571 3586 622 ἐπεὶ
3614 573 3749 637 μετά

2179 649 2272 704 τοῦ
2319 651 2489 721 Ἀδάμ
2525 653 2768 724 ἐπλάσθη
2808 655 2874 708 ἂν
2914 657 3010 708 καὶ
3044 656 3229 721 δοῦλος
3268 674 3281 687 ⁸
3318 658 3434 711 ἀλλ’
3473 662 3748 733 ἁμαρτίας

2181 741 2296 792 ἐστὶ
2319 741 2379 793 τὸ
2409 744 2703 813 ἐπιτίμιον,
2741 745 2836 799 καὶ
2876 746 2974 815 τῆς
3015 748 3301 816 παρακοῆς
3332 752 3364 818 ὴ
3401 750 3640 814 κόλασις.
3691 753 3749 804 '0

2180 831 2236 884 δὲ
2267 834 2498 901 Χριστὸς
2540 836 3000 905 παραγενόμενος,
3035 837 3130 889 καὶ
3169 838 3324 890 τοῦτο
3366 838 3590 892 ἔλυσεν·
3649 841 3752 894 Ἐν

2180 921 2291 988 γὰρ
2320 923 2548 990 Χριστῷ
2589 924 2792 991 Ἰησοῦ
2820 927 2930 978 οὐκ
2953 926 3084 979 ἐστι
3110 926 3329 992 δοῦλος
3358 927 3500 980 οὐδὲ
3518 930 3750 982 ἐλεύθε-

2173 1026 2303 1074 ρος.
2331 1012 2491 1063 Ὥστε
2513 1013 2613 1065 οὐκ
2635 1015 2929 1080 ἀναγκαῖον
2957 1015 3019 1066 τὸ
3045 1014 3229 1068 δοῦλον
3259 1016 3400 1086 ἐχειν
3423 1035 3436 1048 ·
3478 1021 3527 1070 εί
3571 1020 3627 1071 δὲ
3657 1019 3749 1072 καὶ

2180 1099 2497 1165 ἀναγκαῖον,
2529 1101 2625 1154 ἕνα
2649 1119 2752 1153 που
2788 1103 2967 1171 μόνον,
3004 1103 3035 1171 ἢ
3084 1103 3144 1154 τὸ
3183 1104 3316 1156 πολὺ
3363 1105 3639 1175 δεύτερον.
3685 1107 3749 1157 Τί

2183 1185 2428 1254 βούλεται
2456 1202 2525 1241 τα
2569 1191 2746 1260 σμήνη
2786 1193 2895 1242 τῶν
2941 1191 3199 1255 οίκετῶν;
3244 1192 3508 1262 Καθάπερ
3550 1193 3658 1263 γὰρ
3700 1195 3751 1246 οῖ

2183 1278 2595 1346 προδατοπῶλαι
2637 1282 2730 1332 καὶ
2751 1283 2800 1333 οἰ
2844 1281 3318 1351 σωματοκάπηλοι,
3350 1282 3520 1346 οὕτως
3563 1286 3621 1337 ἐν
3651 1284 3750 1351 βα-

2182 1365 2392 1435 λανείῳ,
2443 1368 2614 1429 οὕτως
2655 1370 2713 1421 ἐν
2751 1371 2926 1442 ἀγορᾷ
2961 1372 3238 1442 περιίασιν
3275 1373 3324 1423 οἰ
3371 1372 3745 1435 πλουτοῦντες.

2183 1453 2326 1522 Πλὴν
2355 1454 2468 1508 ἀλλ’
2489 1458 2639 1511 οὐδὲν
2678 1459 3138 1529 ἀκριόολογοῦμαι
3168 1475 3179 1489 ·
3215 1462 3352 1514 ἔστω
3387 1478 3470 1514 σοι
3506 1463 3597 1515 καὶ
3638 1462 3750 1514 δεύ-

2179 1558 2334 1611 τερος
2361 1545 2576 1612 οἰκέτης
2607 1563 2620 1576 ·
2649 1547 2697 1598 εί
2723 1547 2780 1599 δὲ
2804 1547 3028 1611 πολλοὺς
3054 1550 3326 1617 συνάγεις,
3355 1551 3415 1603 οὐ
3446 1550 3751 1620 φιλανθρω-

2180 1634 2308 1695 πίας
2335 1635 2518 1688 ’ἐνεκεν
2554 1637 2710 1689 τοῦτο
2752 1643 2945 1703 ποιεῖς,
2992 1640 3127 1693 άλλά
3163 1641 3534 1711 θρυπτόμενος
3557 1659 3572 1673 ο
3604 1644 3745 1702 ἐπεὶ,

2180 1727 2227 1775 εἰ
2266 1726 2580 1793 κηδόμενος,
2614 1729 2815 1796 μηδένα
2836 1730 2911 1790 εἰς
2939 1730 3214 1783 διακονίαν
3243 1733 3627 1802 ἀπασχολήσῃς
3653 1733 3748 1801 τὴν

2182 1812 2300 1880 σὴν,
2337 1813 2448 1864 ἀλλ’
2472 1815 2765 1882 ἀγοράσας,
2804 1817 2899 1869 καὶ
2917 1818 3111 1885 τέχνας
3144 1819 3360 1885 διδάξας
3386 1819 3525 1872 ὥστε
3555 1823 3746 1888 ἀρκεῖν

2181 1903 2410 1965 ἑαυτοῖς,
2440 1904 2572 1970 ἄφες
2611 1905 2946 1974 ἐλευθέρους.
2989 1909 3153 1960 Ὀταν
3199 1907 3255 1960 δὲ
3289 1911 3575 1978 μαστίζης,
3620 1912 3743 1961 ὅταν

2176 1989 2463 2060 δεσμεύῃς,
2511 1991 2691 2042 οὐκέτι
2732 1993 3134 2063 φιλανθρωπίας
3169 1996 3225 2046 τὸ
3265 1995 3440 2065 ἔργον.
3480 1999 3586 2049 Καὶ
3633 1993 3742 2049 οἶδα

2178 2079 2275 2144 μὲν
2301 2079 2380 2129 ὅτι
2417 2081 2668 2146 φορτικός
2691 2083 2805 2149 είμι
2830 2085 2940 2144 τοῖς
2972 2083 3258 2136 ἀκούουσιν
3283 2102 3295 2114 ·
3322 2086 3455 2138 ἀλλὰ
3478 2086 3527 2137 τί
3555 2087 3707 2139 πάθω
3730 2104 3745 2151 ;

2175 2168 2265 2228 Εἰς
2296 2169 2449 2219 τοῦτο
2476 2173 2678 2236 κεῖμαι,
2723 2172 2814 2224 καὶ
2855 2174 2914 2224 οὐ
2945 2175 3220 2244 παύσομαι
3261 2176 3432 2228 ταῦτα
3459 2177 3647 2242 λέγων,
3683 2178 3746 2230 ἄν

2173 2276 2231 2310 τε
2259 2261 2478 2328 γένηταί
2497 2279 2548 2312 τι
2575 2262 2756 2322 πλέον,
2782 2264 2844 2316 ἄν
2871 2280 2928 2313 τε
2957 2265 3142 2332 μηδέν.
3172 2265 3235 2317 Τί
3259 2266 3363 2334 γάρ
3391 2283 3469 2316 σοι
3497 2265 3744 2333 βούλεται

2171 2351 2230 2401 τὸ
2271 2351 2446 2402 σοϐεῖν
2493 2352 2582 2402 ἐπὶ
2619 2353 2716 2421 τῆς
2769 2354 3004 2421 ἀγορᾶς;
3048 2356 3120 2424 μὴ
3163 2355 3269 2424 γὰρ
3307 2358 3509 2424 μεταξύ
3540 2357 3746 2425 θηρίων

2173 2443 2514 2508 περιπατεῖς,
2546 2443 2625 2493 ὄτι
2662 2444 2985 2504 ἀπελαύνεις
3008 2447 3132 2506 τοὺς
3169 2448 3620 2514 ἐντυγχάνοντας;
3653 2447 3745 2516 Μὴ

2172 2531 2412 2600 φοϐηθῇς
2433 2549 2445 2560 °
2475 2533 2647 2594 οὐδεὶς
2668 2534 2849 2586 δάκνει
2875 2535 2981 2586 τῶν
3009 2537 3362 2604 προσιόντων,
3394 2539 3485 2588 καὶ
3520 2536 3745 2604 πλησίον

2174 2637 2254 2671 σοι
2306 2621 2643 2688 βαδιζόντων.
2704 2625 2842 2676 Ἀλλ’
2885 2624 3038 2694 ὓϐριν
3083 2628 3187 2695 ἡγῇ
3241 2627 3300 2678 τὸ
3340 2628 3474 2694 μετὰ
3528 2629 3743 2679 πάντων

2174 2711 2552 2779 συμϐαδίζεινς
2592 2714 2702 2764 Kal
2738 2715 2906 2783 πόσης
2934 2716 3105 2768 ταῦτα
3143 2717 3355 2784 μανίας,
3388 2718 3555 2785 πόσης
3590 2735 3742 2786 τερα·

2168 2801 2415 2864 τωδείας,
2449 2803 2538 2852 τὸν
2587 2803 2683 2870 μὲν
2715 2806 2877 2854 ἱππον
2922 2805 3145 2874 πλησίον
3177 2808 3439 2875 ἑπόμενον
3473 2810 3545 2876 μὴ
3591 2810 3740 2877 νομί-

2170 2889 2282 2952 ζειν
2307 2891 2489 2961 φέρειν
2536 2893 2710 2963 ὓϐριν,
2744 2896 3024 2961 ἄνθρωπον
3071 2897 3148 2962 δὲ,
3187 2899 3234 2948 εἰ
3269 2899 3340 2967 μὴ
3385 2900 3492 2950 ἀπὸ
3533 2902 3738 2968 μυρίων

2168 2981 2447 3034 ἐλαύνοιτο
2474 2984 2725 3050 σταδίων,
2754 2987 3130 3053 καταισχύνειν
3158 2988 3437 3057 ἡγεῖσθαι;
3480 2991 3542 3040 Τί
3571 2992 3622 3042 δὲ
3647 2992 3739 3042 καὶ

2167 3073 2361 3133 παῖδας
2398 3064 2724 3142 ῥαϐδούχους
2758 3076 2919 3143 ἔχεις,
2951 3086 3025 3138 ως
3044 3077 3246 3138 δούλοις
3273 3081 3608 3148 κεχρημένος
3627 3084 3739 3142 τοῖς

2169 3160 2492 3229 ἐλευθέροις,
2523 3166 2724 3232 μᾶλλον
2753 3166 2807 3216 δὲ
2834 3166 2994 3228 αὐτὸς
3023 3167 3218 3229 παντὸς
3248 3169 3736 3239 ἀτιμότεροννοίκὲ-

2169 3270 2260 3304 του
2283 3252 2390 3314 ζῶν
2415 3270 2428 3316 ;
2460 3256 2552 3306 καὶ
2570 3257 2675 3322 γάρ
2700 3258 2896 3318 παντὸς
2915 3258 3291 3328 εὐτελέστερος
3321 3262 3530 3314 οἰκέτου
3561 3263 3588 3312 6
3610 3279 3736 3313 τοσ-

2167 3343 2324 3395 οῦτον
2382 3349 2691 3416 περιφέρων
2722 3347 2906 3415 τῦφον.
2941 3349 3038 3400 Διά
3069 3350 3224 3402 τοῦτο
3254 3351 3372 3403 οὐδὲ
3396 3353 3612 3420 ὄψονται
3641 3353 3738 3420 τὴν

2165 3433 2335 3495 ὅντως
2373 3433 2682 3502 ἐλευθερίαν
2719 3438 2768 3486 οί
2803 3434 2878 3502 τῷ
2925 3436 3146 3504 χαλεπῷ
3178 3437 3351 3504 τούτῳ
3402 3439 3736 3490 καταδουλώ-

2169 3539 2357 3583 σαντες
2391 3523 2614 3586 ἑαυτοὺς
2646 3524 2824 3576 πάθει.
2863 3525 2922 3576 El
2948 3526 3054 3594 γάρ
3087 3526 3408 3578 ἀπελαύνειν
3434 3527 3610 3594 βούλει
3643 3529 3737 3581 καὶ

2167 3613 2366 3675 σοϐεῖν,
2411 3615 2484 3682 μὴ
2506 3616 2631 3676 τοὺς
2666 3615 3004 3684 προσιόντας,
3041 3616 3172 3668 ἀλλὰ
3199 3615 3290 3668 τὸν
3331 3616 3498 3682 τῦφον
3528 3618 3734 3669 ἀπέλα-

2168 3721 2257 3756 σον
2281 3722 2294 3735 ·
2331 3704 2404 3773 μὴ
2440 3705 2527 3756 διὰ
2569 3704 2661 3756 τοῦ
2706 3705 2914 3769 παιδὸς,
2951 3707 3086 3759 ἀλλὰ
3116 3707 3202 3758 διὰ
3237 3707 3462 3760 σεαυτοῦ
3495 3723 3506 3735 ”
3545 3709 3619 3777 μὴ
3665 3710 3729 3777 τῇ

2169 3795 2393 3862 μάστιγι
2422 3794 2612 3864 ταύτῃ,
2665 3795 2800 3847 ἀλλά
2831 3798 2896 3866 τῇ
2931 3800 3293 3865 πνευματικῇ.
3331 3796 3443 3848 Νῦν
3487 3799 3584 3867 μὲν
3627 3799 3732 3869 γάρ

2167 3903 2260 3937 σου
2307 3888 2334 3937 6
2387 3889 2514 3947 παῖς
2564 3887 2855 3938 ἀπελαύνει
2903 3889 3026 3949 τούς
3073 3888 3518 3954 συμϐαδίζοντας,
3570 3892 3628 3943 σέ
3674 3891 3731 3943 δὲ

2165 3971 2368 4025 ἄνωθεν
2410 3974 2441 4040 ἡ
2483 3972 2709 4026 ἀπόνοια
2741 3975 3109 4044 αἰσχρότερον,
3147 3977 3178 4044 ἣ
3220 3978 3436 4046 οίκέτης
3475 3981 3562 4031 τὸν
3599 3980 3734 4048 πλη-

2167 4062 2301 4114 σίον.
2339 4063 2434 4113 “Av
2460 4063 2516 4115 δὲ
2550 4064 2656 4115 ἀπὸ
2683 4064 2775 4116 τοῦ
2812 4065 2977 4117 ἵππου
3016 4067 3278 4130 καταϐάς,
3327 4069 3524 4140 ἐλάσῃς
3563 4071 3732 4142 αὐτὴν

2162 4151 2250 4204 διὰ
2281 4153 2378 4220 τῆς
2404 4155 2924 4225 ταπεινοφροσύνης,
2957 4157 3286 4227 ὑψηλότερον
3323 4158 3520 4229 καθεδῇ
3555 4160 3647 4212 καὶ
3673 4162 3730 4213 ἐν

2167 4241 2372 4309 μείζονι
2405 4244 2599 4296 σαυτὸν
2639 4246 3001 4313 καταστήσεις
3043 4249 3196 4314 τιμῇ,
3237 4246 3388 4298 οὐδὲν
3417 4247 3512 4298 τοῦ
3543 4249 3730 4311 παιδὸς

2163 4332 2243 4393 είς
2275 4331 2431 4384 τοῦτο
2463 4333 2731 4402 δεόμενος.
2765 4336 2929 4387 Ὅταν
2953 4335 3059 4404 γὰρ
3084 4336 3298 4404 μέτριος
3322 4339 3610 4407 γενόμενος
3632 4356 3730 4407 χα-

2166 4422 2264 4490 μαὶ
2300 4422 2542 4491 βαδίζῃς,
2569 4424 2659 4475 ἐπὶ
2683 4423 2776 4474 τοῦ
2810 4425 3082 4492 ὀχήματος
3118 4426 3313 4495 καθεδῇ
3339 4429 3439 4496 τῆς
3483 4443 3728 4479 ταπεινο-

2163 4512 2436 4581 φροσύνης
2460 4513 2552 4566 τοῦ
2583 4515 2741 4584 μέχρι
2771 4515 2880 4567 τῶν
2910 4516 3152 4585 οὐρανῶν
3187 4533 3245 4568 σε
3279 4518 3591 4583 ἀνάγοντος,
3633 4518 3726 4571 τοῦ

2162 4605 2396 4672 πτηνοὺς
2424 4604 2636 4673 ἔχοντος
2687 4607 2919 4670 ἵππουςο
2959 4607 3024 4661 ἂν
3053 4608 3108 4659 δὲ
3152 4608 3440 4660 ἀποπεσὼν
3493 4610 3724 4674 ἐκείνου,

2161 4694 2243 4756 εἰς
2265 4694 2325 4745 τὸ
2355 4697 2450 4764 τῆς
2477 4695 2624 4768 [586]
2651 4697 2966 4761 ἀλαζονείας
3000 4698 3260 4768 μεταϐῇς,
3288 4700 3394 4751 τῶν
3421 4701 3592 4769 χαμαὶ
3629 4717 3726 4752 συ-

2165 4784 2404 4851 ρομένων
2435 4787 2683 4857 ἑρπετῶν
2705 4787 2858 4840 οὐδὲν
2887 4788 3107 4855 ἄμεινον
3143 4788 3434 4852 διάκεισαι,
3467 4789 3599 4841 άλλά
3633 4792 3726 4842 καλ

2160 4873 2484 4946 ἀθλιώτερον
2514 4877 2691 4947 πολλῷ
2716 4877 2810 4931 καὶ
2833 4876 3209 4948 ἐλεεινότερον.
3253 4879 3390 4940 Τοὺς
3415 4879 3514 4948 μὲν
3541 4880 3649 4948 γάρ
3692 4883 3724 4950 ή

2159 4965 2254 5017 τοῦ
2286 4966 2536 5034 σώματος
2562 4970 2809 5038 πήρωσις
2839 4965 2981 5020 οὓτω
3010 4966 3410 5036 καταναγκάζει
3445 4969 3723 5039 σύρεσθαι,

2159 5055 2219 5110 σὲ
2247 5056 2303 5110 δὲ
2338 5057 2369 5125 ἡ
2403 5056 2501 5126 τῆς
2525 5057 2841 5122 ἀλαζονείας
2863 5057 3034 5122 νόσος.
3063 5060 3171 5112 Kal
3200 5059 3305 5128 γὰρ
3340 5059 3464 5126 Πᾶς
3492 5063 3524 5113 ό
3552 5061 3728 5127 ὑψῶν

2156 5145 2392 5210 ἑαυτὸν,
2430 5150 2582 5217 φησὶ,
2614 5151 3142 5213 ταπεινωθήσεται.
3187 5151 3282 5202 "lv'
3305 5147 3398 5204 οῦν
3427 5153 3501 5220 μὴ
3537 5168 3728 5202 ταπεμ

2156 5237 2437 5306 νωθῶμεν,
2460 5238 2594 5292 ἀλλά
2615 5239 2936 5309 ὐψωθῶμεν,
2966 5241 3056 5293 ἐπὶ
3081 5241 3140 5294 τὸ
3163 5241 3289 5310 ὕψος
3321 5241 3560 5310 ἔλθωμεν
3583 5242 3726 5291 ἐκεῖ·

2157 5344 2234 5381 νο.
2262 5330 2416 5383 Οὕτω
2441 5333 2547 5400 γάρ
2579 5334 2670 5384 καὶ
2709 5333 3021 5386 ἀνάπαυσιν
3049 5333 3354 5402 εὑρήσομεν
3384 5335 3502 5392 ταῖς
3527 5329 3725 5396 ψυχαῖς

2157 5420 2311 5488 ἡμῶν
2341 5422 2479 5474 κατὰ
2497 5423 2587 5473 τὸν
2615 5421 2755 5475 θεῖον
2786 5422 3051 5492 χρησμὸν,
3099 5424 3191 5475 καὶ
3217 5423 3318 5491 τῆς
3351 5417 3583 5489 ἀληθοῦς
3631 5418 3724 5470 καὶ

2155 5508 2494 5580 ὑψηλοτάτης
2526 5509 2918 5580 ἐπιτευξόμεθα
2942 5515 3106 5581 τιμῆς
3129 5526 3141 5538 ⁸
3169 5507 3237 5580 ἦς
3270 5509 3476 5575 γένοιτο
3515 5507 3724 5567 πάντας

2155 5600 2300 5666 ἡμᾶς
2358 5601 2654 5670 ἐπιτυχεῖν,
2710 5602 2888 5672 χάριτι
2924 5605 3019 5656 καὶ
3072 5597 3477 5667 φιλανθρωπίᾳ,
3519 5596 3613 5650 καὶ
3654 5596 3723 5650 τά

2157 5689 2300 5758 ἑξῆς.
