4028 6222
323 390 426 449 353

326 499 462 569 Quid
488 505 666 552 autem
695 502 817 549 tunc
843 487 1154 569 accidebat?
1197 484 1279 540 Ex
1302 497 1368 539 eo
1388 479 1532 551 quod
1559 477 1896 549 superabun—

326 593 504 653 dabat,
534 586 806 644 scatebant
835 596 1063 637 vermes.

399 679 709 733 Deliciarum
763 677 957 743 fructus
1003 668 1256 735 corruptio
1307 671 1402 718 est.
1431 689 1507 702 ——
1533 662 1643 716 Hoc
1687 675 1901 730 quoque

327 784 469 825 nunc
484 768 535 822 in
558 767 641 821 his
657 765 979 833 experimur.
1005 754 1256 811 Alimenti
1278 758 1421 807 enim
1443 765 1693 805 mensura
1712 749 1899 803 eadem

326 872 409 916 est
436 859 718 920 omnibus;
745 868 909 908 unum
938 850 1081 904 enim
1110 855 1353 900 ventrem
1395 842 1682 910 implemus
1714 857 1727 893 :
1758 839 1901 908 apud

327 959 381 1005 te
408 957 609 1011 autem,
637 946 725 1015 qui
757 941 988 1011 expleris
1013 936 1240 1000 deliciis,
1272 942 1352 988 est
1383 931 1500 1001 plus
1520 929 1798 985 stercoris.
1833 928 1901 981 Et

328 1037 465 1090 sicut
491 1036 597 1089 illic
622 1035 674 1088 in
703 1030 951 1087 domibus
977 1028 1068 1096 qui
1094 1026 1213 1095 plus
1233 1021 1573 1091 colligebant,
1604 1033 1760 1088 quam
1788 1027 1905 1073 erat

326 1127 700 1191 constitutum,
747 1138 853 1177 non
891 1132 1086 1173 manna
1126 1111 1537 1183 congregabant,
1590 1110 1684 1165 sed
1723 1111 1906 1179 plures

327 1233 543 1273 vermes
567 1226 620 1270 et
650 1213 983 1284 putredinem
1014 1227 1027 1262 :
1052 1210 1123 1261 ita
1152 1207 1313 1259 etiam
1346 1204 1398 1257 in
1424 1201 1630 1258 deliciis
1658 1211 1716 1255 et
1734 1202 1785 1254 in
1815 1216 1908 1255 su-

327 1305 753 1377 perabundantia
780 1318 884 1356 non
908 1302 1025 1368 plus
1051 1296 1311 1359 aiimenti,
1333 1292 1427 1347 sed
1454 1293 1576 1360 plus
1602 1292 1905 1359 corruptio-

326 1400 412 1452 nis
439 1403 765 1467 congregant
803 1392 891 1462 qui
921 1388 1092 1443 ventri
1125 1385 1401 1453 indulgent
1450 1393 1504 1436 et
1550 1382 1905 1435 inebriantur.

327 1491 436 1545 Sed
465 1498 641 1543 tamen
670 1488 759 1554 qui
804 1497 945 1537 nunc
989 1490 1131 1544 sunt,
1179 1487 1326 1531 tanto
1369 1483 1495 1530 sunt
1538 1474 1642 1528 illis
1674 1476 1907 1543 pejores.

326 1580 468 1646 quod
514 1580 587 1633 illi
619 1576 834 1647 quidem
875 1574 976 1626 hoc
1015 1570 1184 1624 semel
1214 1567 1377 1638 passi,
1422 1565 1665 1635 castigati
1706 1564 1817 1617 sint
1853 1573 1908 1618 et

328 1672 429 1724 sini
475 1668 851 1737 temperarint;
891 1664 979 1717 isti
1005 1671 1183 1716 autem
1209 1659 1447 1729 quotidie
1489 1656 1629 1710 hunc
1667 1670 1909 1710 vermem

329 1762 421 1814 illo
452 1760 619 1813 multo
648 1756 968 1825 graviorem,
1017 1752 1069 1805 in
1110 1750 1299 1804 domos
1327 1762 1451 1802 suos
1482 1746 1906 1810 introducentes,

329 1863 502 1917 neque
524 1847 762 1901 sentiunt
786 1857 958 1911 neque
987 1840 1265 1894 satiantur.
1298 1837 1429 1891 Nam
1459 1835 1603 1905 quod
1638 1836 1752 1888 haec
1802 1834 1910 1889 illis

328 1939 436 1991 sint
461 1937 676 2001 similia,
710 1932 853 2003 quod
879 1932 945 1985 ad
974 1930 1147 1985 inanis
1178 1928 1380 1982 laboris
1422 1928 1613 1979 attinet
1646 1927 1909 1979 rationem

328 2027 619 2095 (supplicio
645 2025 787 2079 enim
813 2022 929 2075 hmo
953 2028 1078 2075 sunt
1108 2018 1279 2071 multo
1301 2015 1600 2086 graviora),
1632 2015 1755 2068 hinc
1780 2030 1914 2069 con-

326 2117 525 2170 sidera.
556 2115 611 2169 In
642 2128 748 2183 quo
790 2114 937 2166 enim
966 2109 1144 2164 differt
1170 2108 1321 2161 dives
1348 2120 1380 2159 ι
1412 2105 1683 2174 paupere?
1732 2119 1911 2160 nonne

329 2221 493 2259 unum
520 2203 693 2258 induit
722 2215 940 2269 corpus,
992 2211 1173 2252 nonne
1218 2210 1381 2249 unum
1410 2195 1502 2248 alit
1530 2195 1811 2248 ventrem?
1857 2194 1913 2247 in

328 2311 436 2365 quo
464 2308 591 2364 ergo
617 2294 733 2363 plus
754 2289 1023 2346 abundat?
1049 2288 1105 2342 ln
1136 2283 1606 2347 sollicitudinibus,
1626 2284 1679 2335 in
1712 2298 1911 2337 consu-

330 2386 547 2450 mendo,
578 2385 629 2438 in
655 2398 721 2437 eo
746 2381 888 2451 quod
913 2381 1024 2434 Deo
1053 2393 1160 2433 non
1190 2381 1377 2447 pareat
1410 2383 1465 2429 et
1489 2373 1729 2437 obediat,
1763 2374 1815 2425 in
1847 2388 1913 2427 eo

329 2475 475 2545 quod
503 2489 721 2529 carnem
752 2477 1080 2540 corrumpat,
1126 2468 1179 2522 in
1206 2480 1273 2522 eo
1297 2464 1441 2536 quod
1466 2464 1659 2518 anima:
1688 2463 1911 2516 exitium

329 2565 538 2619 aﬂ‘erat.
566 2563 693 2617 Haec
710 2564 851 2618 enim
871 2568 999 2614 sunt
1026 2573 1108 2623 ea,
1134 2559 1186 2611 in
1212 2556 1407 2626 quibus
1430 2555 1545 2623 plus
1566 2554 1733 2608 habet
1751 2569 1908 2622 quam

330 2670 555 2725 pauper.
590 2652 725 2705 Nam
774 2651 817 2704 si
862 2650 1067 2702 inultos
1104 2645 1357 2713 impleret
1402 2653 1644 2704 ventres,
1691 2643 1915 2696 haberet

333 2746 564 2800 fortasse
602 2740 806 2808 aliquid
837 2738 979 2809 quod
1018 2737 1242 2801 diceret,
1285 2748 1477 2803 nempe
1517 2733 1761 2801 pluribus
1793 2747 1916 2787 esse

332 2849 491 2905 opus,
534 2844 593 2888 et
640 2842 884 2899 sumptus
925 2828 1183 2897 majorem
1232 2840 1355 2881 esse
1395 2825 1795 2879 necessitatem.
1849 2827 1917 2877 At

336 2940 479 2979 nunc
507 2937 739 2992 quoque,
766 2921 956 2989 inquit,
986 2919 1188 2972 habent
1213 2914 1355 2985 quod
1393 2915 1596 2979 dicant,
1626 2914 1767 2984 quod
1796 2912 1916 2981 plu-

336 3028 425 3068 res
455 3013 709 3082 impleant
744 3021 982 3074 ventres,
1014 3022 1209 3075 nempe
1236 3005 1555 3059 famulorum
1599 3012 1655 3059 et
1696 3004 1918 3057 ancilla-

339 3120 479 3158 rum.
508 3103 612 3157 Sed
643 3118 749 3156 non
776 3116 844 3156 ex
874 3098 1196 3154 necessitate
1221 3109 1396 3163 neque
1417 3104 1639 3165 prepter
1675 3093 1916 3162 benigni-

339 3204 503 3248 tatem
551 3203 605 3249 et
652 3193 1035 3246 humanitatem
1084 3187 1186 3241 hoc
1224 3186 1304 3249 ﬁt,
1349 3186 1444 3239 sed
1487 3184 1659 3238 solum
1704 3195 1921 3254 prepter

340 3284 532 3338 fastum
564 3294 619 3337 et
642 3283 946 3351 superbiam
980 3297 993 3333 :
1026 3278 1169 3332 unde
1198 3290 1298 3329 nec
1336 3275 1546 3329 admitti
1579 3284 1775 3344 potest.

410 3377 464 3428 5.
506 3376 777 3429 Servorum
820 3370 1088 3425 multitudo
1114 3370 1442 3437 vituperatur.
1490 3368 1679 3420 Contra
1715 3383 1801 3420 eos
1830 3368 1917 3437 qui

341 3478 457 3517 cum
478 3464 787 3532 famulorum
815 3462 1016 3530 agmine
1038 3458 1296 3513 incedunt.
1322 3484 1397 3498 —
1422 3457 1531 3510 Cur
1558 3456 1700 3509 enim
1729 3459 1922 3509 multos

343 3553 504 3607 habet
528 3552 830 3606 ministres?
856 3552 1006 3605 Sicut
1031 3549 1176 3604 enim
1204 3548 1261 3601 in
1290 3546 1526 3601 vestibus
1553 3556 1607 3600 et
1636 3547 1687 3599 in
1736 3562 1921 3601 mensa

342 3646 492 3697 solus
536 3657 663 3695 usus
705 3652 787 3697 est
812 3637 1193 3703 attendendus,
1240 3639 1314 3690 ita
1351 3637 1510 3690 etiam
1542 3637 1594 3689 in
1636 3637 1916 3691 ministris.

343 3732 475 3798 Quis
520 3740 601 3784 est
639 3745 767 3798 ergo
810 3729 973 3782 usus?
1004 3727 1189 3782 Nullus
1218 3726 1429 3794 penitus
1458 3743 1471 3779 :
1498 3740 1609 3779 uno
1654 3728 1795 3779 enim
1842 3729 1923 3781 fa-

343 3826 491 3877 mulo
511 3838 673 3876 unum
702 3822 975 3875 dominum
1004 3820 1179 3874 solum
1210 3818 1282 3872 uti
1306 3826 1607 3884 aperteret,
1634 3818 1719 3871 vel
1748 3819 1924 3887 potius

344 3914 482 3968 duos
508 3926 563 3966 et
588 3922 696 3967 tres
725 3912 969 3967 dominos
1010 3924 1115 3964 uno
1146 3908 1363 3962 famulo.
1388 3906 1446 3962 Si
1491 3916 1667 3961 autem
1700 3907 1800 3961 hoc
1842 3916 1926 3962 est

346 4019 524 4071 grave,
556 4004 725 4073 cogita
758 4016 850 4057 eos
886 4003 975 4071 qui
1003 4000 1207 4055 nullum
1241 3998 1460 4063 habent,
1492 3998 1715 4052 faciliori
1740 4005 1920 4051 autem

347 4103 405 4148 et
445 4093 760 4161 expeditiori
791 4092 1040 4146 fruuntur
1069 4090 1367 4144 ministerio
1396 4105 1410 4142 :
1439 4090 1580 4143 Deus
1624 4090 1766 4144 enim
1798 4087 1926 4144 fecit

349 4201 445 4240 eos
471 4188 559 4255 qui
587 4186 892 4240 sufﬁcerent
920 4198 1039 4248 suo,
1064 4183 1172 4237 imo
1193 4196 1321 4236 vero
1346 4189 1400 4235 et
1424 4181 1654 4249 proximi
1687 4181 1927 4235 ministe—

349 4278 451 4331 rio.
493 4277 547 4331 Si
591 4284 767 4329 autem
807 4290 913 4329 non
954 4273 1150 4337 credis,
1191 4272 1317 4325 audi
1362 4271 1581 4325 Paulum
1618 4271 1923 4325 dicentem:

351 4364 749 4420 Necessitatibus
769 4365 912 4428 meis,
937 4374 983 4417 et
1008 4363 1071 4417 iis
1095 4362 1179 4430 qui
1201 4377 1392 4414 mecum
1415 4369 1552 4426 sunt,
1575 4362 1925 4414 ministrarum

354 4457 434 4509 lue
465 4472 647 4507 manus
674 4455 811 4525 (Act.
840 4453 931 4508 20.
960 4454 1070 4520 54).
1101 4451 1315 4507 Siccine
1346 4450 1507 4504 totius
1536 4450 1751 4519 quidem
1779 4450 1927 4504 orbis

352 4548 542 4601 doctor
580 4554 635 4599 et
664 4544 851 4614 dignus
887 4544 1033 4599 caelis
1071 4556 1180 4597 non
1224 4541 1577 4596 erubescebat
1620 4542 1926 4594 ministrare

354 4634 868 4698 innumerabilibus;
911 4644 967 4688 tu
997 4642 1175 4689 autem
1201 4642 1354 4701 turpe
1378 4646 1500 4687 esse
1527 4632 1700 4697 ducis,
1744 4633 1788 4685 si
1821 4647 1927 4685 non

353 4725 703 4780 circumferas
752 4724 945 4777 multos
990 4738 1178 4793 greges
1226 4722 1636 4790 mancipiorum,
1680 4724 1929 4776 nesciens

354 4816 569 4883 quidem
610 4815 711 4869 hoc
738 4829 855 4869 esse
893 4815 1035 4883 quod
1077 4824 1129 4867 te
1156 4814 1387 4867 maximo
1431 4811 1596 4867 allicit
1624 4812 1932 4867 dedecore?

359 4906 645 4973 Propterea
670 4907 813 4959 enim
840 4906 987 4960 dedit
1019 4905 1169 4958 nobis
1194 4906 1333 4959 Deus
1356 4913 1411 4959 et
1438 4918 1627 4958 manus
1668 4914 1720 4957 et
1748 4905 1932 4972 pedes,

361 5011 427 5049 ne
455 5010 588 5064 opus
616 4996 936 5051 haberemus
964 4995 1193 5049 famulis.
1237 4994 1420 5063 Neque
1464 4996 1609 5047 enim
1657 5009 1743 5056 eo,
1787 4995 1929 5061 quod

362 5093 505 5138 esset
532 5100 686 5152 opus,
717 5086 1078 5141 introductum
1104 5084 1201 5138 fuit
1224 5098 1391 5151 genus
1417 5083 1770 5148 famulorum;
1806 5099 1928 5137 nam

363 5176 560 5242 alioqui
590 5188 708 5229 cum
740 5179 944 5231 Adamn
973 5184 1184 5230 creatus
1220 5173 1404 5226 fuisset
1433 5173 1697 5235 famulus;
1730 5172 1824 5226 sed
1852 5181 1934 5225 est

366 5282 523 5340 pinna
550 5268 749 5337 peccati
766 5278 827 5321 et
855 5268 1054 5324 mulcta
1073 5265 1465 5323 inobedientite.
1490 5262 1732 5320 Christus
1757 5271 1933 5317 autem

1369 365 1437 423 IN
1474 364 1692 421 EPIST.
1732 362 1753 418 Ι
1820 362 1913 417 Al)
1950 360 2105 418 (ΞΟΠ.
2147 360 2381 419 HOMlL.
2422 362 2536 418 XL.

3472 367 3582 425 ’δἐι

2003 492 2125 529 cum
2156 476 2478 540 advenisset,
2510 478 2611 531 hoc
2639 490 2852 547 quoque
2887 476 3048 531 solvit
3080 494 3094 530 :
3120 475 3259 531 Nam
3287 478 3341 532 in
3383 478 3587 535 Chiisto

2003 564 2132 619 Jcsu
2154 582 2253 619 non
2283 578 2355 620 est
2394 584 2567 620 servus
2594 584 2751 635 neque
2775 567 2899 620 liber
2927 567 3124 637 (Galat.
3156 570 3210 624 3.
3240 569 3359 640 ΞΒ).
3388 571 3589 637 Quam-

2008 655 2193 709 obrem
2225 672 2329 709 non
2358 664 2439 709 est
2463 670 2681 710 necesse
2710 656 2905 710 habere
2929 670 3141 711 servum
3168 676 3182 711 :
3209 660 3255 713 si
3284 670 3463 714 autem
3486 675 3589 714 ne-

2005 759 2159 799 cesse
2175 755 2276 809 est,
2300 762 2486 809 unum,
2515 755 2607 799 aut
2632 746 2916 814 plurimum
2934 747 3089 803 duos.
3113 748 3251 815 Quid
3275 748 3377 804 sibi
3398 750 3583 805 volunt

2007 837 2250 889 examina
2273 837 2673 890 ministrorum?
2694 836 2826 890 Nam
2852 838 2991 891 sicut
3016 839 3103 905 qui
3126 838 3360 893 vendunt
3379 854 3507 895 oves
3530 847 3587 895 et

2007 926 2096 993 qui
2125 940 2345 994 corpora
2389 937 2788 995 cauponantur;
2821 927 2890 985 ita
2934 927 2988 981 in
3034 928 3247 993 balneo,
3281 929 3352 983 ita
3384 930 3439 983 in
3467 930 3586 985 foro

2009 1018 2304 1085 procedunt
2347 1028 2399 1072 et
2444 1011 2645 1073 obeunt
2672 1019 2886 1074 divites.
2929 1019 3036 1074 Sed
3078 1036 3288 1075 summo
3310 1020 3432 1089 jure
3477 1037 3587 1076 non

2008 1120 2107 1176 ago
2135 1123 2150 1161 :
2179 1108 2249 1162 sit
2274 1108 2363 1162 tibi
2387 1108 2542 1162 etiam
2566 1108 2833 1163 secundus
2859 1110 3139 1164 minister:
3169 1110 3214 1163 si
3238 1121 3417 1165 autem
3440 1111 3585 1164 mul-

2012 1209 2096 1253 tos
2121 1213 2437 1269 congregas,
2470 1215 2574 1254 non
2603 1200 2703 1254 hoc
2722 1199 2854 1254 facis
2880 1200 3219 1269 benignitatis
3250 1209 3305 1254 et
3333 1200 3585 1255 humani-

2012 1294 2133 1346 tatis
2173 1306 2354 1356 causa,
2399 1292 2493 1346 sed
2535 1293 2641 1346 tuis
2682 1292 2922 1347 serviens
2962 1292 3187 1345 deliciis.
3219 1291 3353 1345 Nam
3398 1292 3443 1346 si
3486 1292 3588 1347 hoc

2010 1382 2141 1436 facis
2163 1397 2346 1436 eorum
2369 1396 2551 1436 curam
2574 1396 2787 1451 gerens,
2812 1383 2864 1436 in
2889 1392 2978 1436 tuo
3004 1381 3300 1436 ministerio
3322 1382 3591 1437 neminem

2011 1488 2263 1544 occupes,
2294 1477 2389 1531 sed
2438 1492 2560 1532 cum
2608 1476 2805 1531 emeris
2842 1483 2896 1529 et
2936 1483 3079 1529 artes
3111 1474 3357 1528 docueris
3387 1484 3446 1528 ut
3488 1475 3592 1529 sibi

2012 1565 2280 1619 sufﬁciant
2311 1567 2376 1619 ad
2406 1568 2602 1620 victum
2634 1564 2950 1633 parandum,
2979 1579 3072 1617 eos
3099 1563 3433 1619 manumitte.
3460 1563 3592 1618 Cum

2008 1665 2188 1709 autem
2220 1654 2399 1726 ﬂagris
2440 1656 2638 1721 caadas,
2685 1672 2807 1710 cum
2855 1657 2908 1709 in
2936 1655 3147 1709 vincula
3176 1655 3454 1723 coniicias,
3486 1671 3595 1709 non

2011 1756 2094 1800 est
2124 1748 2306 1814 utique
2332 1762 2466 1815 opus
2490 1746 2591 1800 hoc
2632 1745 2996 1799 humanitatis.
3030 1744 3099 1799 Et
3126 1746 3238 1798 scio
3266 1746 3480 1813 quidem
3511 1760 3598 1799 me

2012 1852 2133 1891 esse
2158 1838 2441 1891 molestum
2478 1837 2809 1891 auditoribus
2845 1835 2978 1891 :sed
3008 1835 3136 1905 quid
3179 1836 3373 1905 agam?
3404 1836 3460 1889 In
3493 1838 3598 1892 hoc

2014 1929 2217 1996 positus
2258 1942 2399 1993 sum,
2444 1944 2620 1998 neque
2666 1928 2890 1982 cessabo
2920 1928 3035 1981 huic
3072 1926 3276 1993 dicere.
3322 1928 3437 1982 sive
3466 1930 3595 1998 quid

2017 2020 2300 2088 profecero
2344 2022 2459 2075 sive
2489 2036 2619 2075 non.
2649 2019 2787 2086 Quid
2816 2020 2960 2074 enim
2990 2020 3092 2074 sibi
3124 2019 3234 2072 vult
3264 2020 3315 2073 in
3348 2020 3463 2073 foro
3503 2036 3597 2074 su-

2015 2113 2179 2181 perbe
2208 2113 2494 2168 incedere?
2519 2128 2644 2166 num
2672 2112 2810 2164 inter
2837 2110 2978 2164 feras
3020 2110 3285 2175 ambuias,
3316 2109 3460 2179 quod
3498 2111 3599 2164 ob-

2014 2204 2134 2258 vios
2161 2206 2437 2273 expelles?
2478 2204 2557 2259 Ne
2602 2204 2822 2266 timeas;
2872 2200 3048 2254 nullus
3082 2209 3133 2253 te
3163 2200 3372 2257 mordet
3412 2218 3600 2257 eorum

2014 2295 2105 2364 qui
2142 2294 2425 2358 accedunt,
2466 2303 2521 2349 et
2547 2308 2717 2363 prope
2758 2302 2807 2346 te
2850 2291 3189 2360 gradiuntur.
3235 2293 3306 2344 At
3351 2292 3601 2361 iniuriam

2016 2384 2293 2439 existimas
2319 2384 2478 2438 simul
2502 2384 2755 2437 incedere
2778 2398 2899 2436 cum
2928 2381 3214 2435 omnibus?
3243 2380 3311 2436 Et
3335 2398 3493 2452 quam
3520 2394 3605 2439 est

2018 2477 2121 2532 hoc
2178 2480 2447 2543 insanum,
2502 2493 2661 2547 quam
2708 2477 3095 2546 prodigiosum,
3137 2492 3333 2545 equum
3381 2477 3599 2547 quidem

2018 2584 2185 2637 prope
2227 2577 2541 2639 sequentem
2571 2583 2675 2621 non
2704 2568 3016 2621 existimare
3063 2565 3254 2620 afferre
3304 2568 3599 2635 iniuriam;

2020 2656 2289 2709 hominem
2320 2668 2520 2716 autem,
2551 2656 2653 2710 nisi
2684 2655 2863 2709 multis
2892 2656 3136 2723 abigatur
3161 2653 3372 2716 stadiis.
3405 2666 3601 2723 putare

2020 2747 2286 2801 dedecore
2311 2748 2562 2802 afﬁcere?
2588 2747 2724 2813 Quid
2754 2761 2881 2802 vero
2909 2745 3135 2800 famulos
3165 2744 3330 2800 habes
3359 2746 3599 2810 lictores,

2022 2836 2204 2889 liberis
2236 2846 2391 2889 utens
2439 2844 2711 2902 tamquam
2744 2836 2949 2898 servis;
2984 2837 3091 2888 imo
3114 2850 3244 2889 vero
3273 2836 3387 2902 ipse
3416 2834 3606 2905 quovis

2020 2940 2179 2979 servo
2207 2926 2390 2979 vivens
2433 2923 2875 2993 ignominiosius?
2919 2935 3002 2977 est
3044 2924 3186 2978 enim
3218 2926 3406 2993 quovis
3445 2940 3609 2979 servo

2021 3014 2179 3068 vilior
2218 3022 2273 3069 et
2324 3014 2729 3081 ignominiosior
2780 3014 2868 3080 qui
2922 3023 3123 3066 tantum
3173 3014 3481 3067 circumfert
3518 3013 3601 3067 fa-

2023 3116 2186 3158 smm.
2215 3105 2506 3173 Propterea
2534 3120 2635 3159 nec
2664 3120 2842 3158 veram
2866 3104 3121 3157 videbunt
3157 3103 3479 3167 libertatem,
3510 3105 3603 3173 qui

2022 3210 2083 3250 se
2126 3194 2247 3249 huic
2284 3195 2431 3262 gravi
2478 3195 2639 3248 animi
2671 3195 2801 3247 vitio
2830 3194 3219 3261 manciparunt.
3264 3194 3321 3249 Si
3349 3196 3491 3249 enim
3526 3198 3608 3250 vis

2024 3287 2314 3355 expellere,
2356 3283 2695 3353 superbeque
2732 3291 2787 3335 et
2827 3284 3105 3348 magnifice
3159 3283 3428 3348 incedere,
3491 3300 3601 3339 non

2024 3377 2363 3442 accedentes,
2405 3374 2500 3429 sed
2534 3373 2727 3427 fastum
2772 3374 3015 3440 expelle;
3054 3387 3158 3425 non
3187 3388 3282 3441 per
3322 3373 3603 3441 famulum,

2024 3465 2118 3518 sed
2140 3480 2237 3533 per
2250 3467 2513 3533 teipsum;
2541 3477 2643 3516 non
2664 3462 2763 3515 hoc
2784 3462 3016 3530 flagello.
3050 3462 3143 3516 sed
3166 3464 3452 3531 spirituali.
3477 3464 3608 3518 Nam

2027 3569 2169 3608 nunc
2200 3554 2417 3623 quidem
2446 3552 2675 3608 famulus
2717 3561 2842 3606 tuus
2884 3552 3109 3619 expellit
3157 3566 3250 3605 eos
3296 3554 3384 3621 qui
3430 3564 3605 3608 tecum

2026 3648 2321 3709 incedunt;
2357 3654 2409 3699 te
2435 3654 2611 3699 autem
2641 3643 2708 3696 ab
2736 3642 2847 3696 alto
2874 3643 3172 3711 arrogantia
3200 3644 3353 3712 pellit
3382 3646 3606 3713 turpius,

2025 3752 2183 3807 quam
2216 3736 2443 3791 famulus
2469 3736 2795 3804 proximum.
2825 3734 2881 3787 Si
2910 3744 3088 3787 autem
3117 3736 3183 3787 ab
3213 3751 3351 3803 equo
3381 3736 3605 3789 descen-r

2027 3828 2161 3883 deus
2185 3843 2302 3881 eam
2324 3826 2568 3894 abegeris
2596 3840 2692 3893 per
2722 3824 3097 3886 humilitatem,
3131 3824 3289 3878 altius
3315 3828 3525 3881 sedebis
3552 3837 3607 3882 et

2028 3920 2082 3974 in
2128 3919 2317 3987 majori
2362 3916 2568 3971 honore
2613 3918 2839 3983 teipsum
2887 3916 3200 3979 constitues,
3252 3915 3317 3968 ad
3359 3916 3459 3970 hoc
3501 3934 3607 3971 non

2027 4024 2163 4079 opus
2207 4010 2409 4063 habens
2446 4007 2662 4063 famulo.
2695 4004 2919 4073 Quando
2962 4007 3108 4062 enim
3146 4008 3418 4060 modestus
3460 4007 3605 4061 humi

2025 4100 2267 4160 incedes,
2294 4097 2506 4153 sedehis
2527 4098 2579 4150 in
2606 4112 2768 4150 curru
2797 4096 3128 4155 humilitatis,
3148 4097 3237 4164 qui
3268 4106 3318 4149 te
3349 4097 3398 4148 in
3421 4099 3609 4151 cmlum

2029 4190 2190 4253 tollit,
2220 4190 2305 4258 qui
2338 4201 2504 4257 equos
2535 4186 2695 4239 habet
2720 4186 2891 4238 alatos
2926 4202 2940 4236 :
2973 4186 3054 4239 sin
3086 4196 3263 4238 autem
3307 4186 3373 4239 ab
3400 4187 3489 4239 illo
3514 4203 3607 4240 eeo

2030 4282 2245 4346 sideris,
2289 4290 2343 4335 et
2387 4280 2437 4333 in
2478 4279 2797 4347 arrogantia:
2840 4292 3055 4330 currum
3098 4278 3393 4341 transieris,
3441 4278 3613 4333 nihilo

2031 4372 2223 4425 melius
2251 4370 2497 4425 afﬁcieris
2524 4383 2684 4439 quam
2712 4375 2987 4435 serpentes
3022 4366 3167 4419 humi
3200 4377 3469 4433 repentes,
3504 4368 3614 4421 imo

2029 4478 2164 4517 vero
2204 4462 2379 4515 multo
2405 4461 2566 4515 vilius
2592 4468 2647 4513 et
2677 4458 3053 4512 miserabilius.
3081 4454 3211 4509 Nam
3253 4458 3368 4509 iilos
3399 4457 3609 4525 quidem

2033 4558 2109 4609 sic
2141 4564 2351 4625 reptare
2379 4553 2521 4621 cogit
2542 4550 2805 4605 mutilatio
2826 4548 3088 4615 corporis,
3114 4555 3164 4599 te
3191 4555 3365 4599 autem
3395 4549 3616 4601 morbus

2036 4645 2372 4712 arrogantiae.
2410 4641 2588 4695 Omnis
2613 4641 2755 4695 enim
2785 4640 2870 4709 qui
2897 4656 2949 4692 se
2975 4637 3189 4702 cxtoitit,
3223 4640 3412 4705 inquit,
3446 4639 3614 4689 Immi-

2036 4734 2240 4786 tiabitur
2284 4732 2499 4801 (Matth.
2528 4731 2595 4783 1‘5
2655 4729 2765 4797 1‘2).
2814 4729 2893 4783 Ne
2941 4744 3069 4795 ergo
3110 4727 3472 4792 humiliantur,
3516 4728 3609 4780 sed

2037 4828 2379 4893 EXMUL‘IBUI‘,
2407 4824 2682 4878 veniamus
2708 4824 2771 4876 ad
2801 4822 2942 4875 illam
2970 4820 3301 4874 aizitudinem
3352 4820 3437 4873 Sir;
3468 4823 3612 4873 enim

2042 4918 2370 4974 inveniemus
2424 4916 2620 4969 nostris
2675 4913 2866 4967 animis
2927 4914 3180 4981 quietem,
3232 4913 3620 4963 convenienter

2040 5009 2221 5061 divino
2260 5008 2497 5072 oraculo,
2554 5020 2839 5072 verumque
2891 5012 2943 5055 et
2994 5004 3308 5056 altissimum
3357 5005 3617 5054 honorem

2042 5113 2470 5167 consequemur:
2502 5112 2659 5165 queen
2705 5096 2857 5148 detur
2902 5094 3056 5147 nobis
3098 5091 3343 5147 omnibus
3383 5094 3618 5159 assequi,

2041 5191 2208 5258 gratia
2235 5198 2288 5241 et
2314 5188 2658 5256 benignitate,
2688 5192 2792 5237 etc.
