4014 6208
488 415 598 474 855

487 556 2472 585 __————____-—_.—_._—-

1190 408 1251 465 S.
1291 405 1569 466 JOANNIS
1596 404 2068 465 CHRYSOSTOBII

2175 402 2427 462 RCHIEP.
2464 406 2999 471 CONSTANTINOP.

3652 422 3757 488 $58

2473 563 3756 597 Ἥ-

1798 630 2147 694 HOMILIA
2190 629 2353 692 XL].

488 784 616 841 Car.
647 784 734 840 l5.
764 800 817 838 v.
846 785 935 839 35.
960 782 1068 839 Sed
1088 782 1221 838 dicet
1257 782 1441 852 aliquis
1469 798 1486 836 :
1512 781 1775 850 Quomodo
1798 786 2067 850 resurgunt

561 876 747 930 mortui
762 877 788 930 7
810 875 949 944 quali
975 883 1143 929 autem
1168 890 1378 942 corpore
1401 874 1645 928 ueniunt?
1667 872 1757 928 56.
1791 871 2064 942 fnsipiens,

560 975 615 1020 tu
641 967 779 1034 quod
803 966 1041 1033 seminas,
1067 982 1168 1020 non
1188 966 1487 1033 uiviﬁcatur,
1512 965 1611 1017 nisi
1634 965 1775 1031 prius
1802 964 2068 1017 moriatur.

565 1057 618 1113 1.
660 1057 791 1111 Cum
821 1057 1012 1127 ubique
1050 1058 1193 1111 mitis
1218 1066 1271 1111 et
1298 1056 1513 1111 humilis
1549 1057 1619 1112 sit
1642 1057 1952 1126 Apostolus,
1982 1055 2069 1110 hic

490 1146 685 1201 acriori
715 1148 878 1201 utitur
902 1148 1162 1211 oratione,
1192 1156 1409 1216 propter
1457 1145 1841 1200 absurditatem
1873 1160 2064 1200 eorum

490 1236 580 1305 qui
606 1235 1062 1289 contradicebant.
1089 1234 1275 1305 Neque
1303 1247 1478 1290 tamen
1520 1244 1603 1289 est
1628 1234 1729 1288 hoc
1758 1243 2067 1301 contentus,

491 1324 585 1378 sed
608 1333 663 1379 et
696 1328 931 1378 rationes
956 1325 1173 1379 adducit
1196 1334 1251 1379 et
1279 1325 1544 1393 exempla,
1572 1340 1636 1379 ea
1670 1326 1877 1378 ratione
1905 1325 2067 1379 etiam

487 1428 751 1483 quemque
776 1414 933 1467 valde
957 1413 1349 1467 contentiosum
1378 1415 1697 1482 reprimens.
1725 1413 1794 1467 Et
1821 1414 2069 1481 superius

488 1503 705 1573 quidem
734 1503 861 1557 dicit
893 1520 907 1556 :
942 1503 1194 1569 Quoniam
1220 1519 1309 1571 per
1332 1504 1585 1556 hominem
1606 1519 1760 1566 mors,
1788 1512 1833 1556 et
1864 1520 1953 1572 per
1978 1503 2070 1557 ho-

487 1592 677 1644 minem
712 1592 1011 1645 resurrectio
1037 1607 1057 1644 :
1086 1592 1171 1645 hic
1198 1607 1327 1646 vero
1370 1592 1532 1646 solvit
1559 1592 1919 1661 objectionem
1946 1608 2069 1664 qum

489 1682 649 1736 [iebat
674 1696 703 1734 a
726 1682 993 1751 gentibus.
1029 1681 1158 1735 Vide
1184 1691 1361 1735 autem
1390 1696 1577 1736 rursus
1607 1683 1880 1753 quomodo
1908 1682 2069 1737 dimi-

486 1780 618 1825 nuat
643 1772 1033 1825 vehementiam
1085 1771 1542 1839 reprehensionis.
1573 1770 1688 1825 Non
1714 1772 1850 1826 dixit
1896 1773 2061 1838 enim,

493 1861 599 1915 Sed
629 1860 857 1915 fortasse
894 1860 1116 1925 dicetis;
1149 1860 1242 1915 sed
1269 1877 1390 1915 eum
1417 1862 1507 1931 qui
1536 1860 1859 1916 contradicit
1888 1862 2069 1930 posuit

489 1951 786 2019 indeﬁnite,
818 1967 885 2005 ne
915 1953 1084 2006 libere
1108 1962 1163 2007 et
1188 1953 1396 2006 acriore
1423 1961 1581 2007 utens
1606 1953 1870 2015 oratione,
1905 1951 2063 2005 audi-

491 2049 638 2097 tores
667 2041 824 2095 valde
850 2042 1189 2109 percelleret.
1223 2042 1379 2097 Ponit
1402 2052 1582 2096 autem
1604 2042 1738 2097 duas
1764 2042 2059 2096 dubitatio-

490 2145 605 2196 nes,
639 2132 781 2184 modi
820 2132 1232 2184 resurrectionis
1273 2139 1331 2185 et
1355 2132 1626 2200 qualitatis
1650 2146 1958 2201 corporum.
1992 2132 2068 2187 De

487 2222 732 2289 utrisque
753 2220 898 2274 enim
935 2219 1247 2275 dubitabant
1274 2221 1515 2277 dicentes
1542 2238 1560 2277 :
1591 2222 1870 2288 Quomodo
1895 2224 2068 2279 susci-

487 2320 629 2366 tatur
652 2309 701 2364 id
719 2309 859 2379 quod
877 2317 960 2364 est
984 2309 1298 2365 dissolutum
1316 2312 1339 2364 ἲ
1366 2321 1442 2378 et,
1470 2310 1583 2378 Quo
1601 2328 1812 2382 corpore
1827 2315 2029 2367 veniunt
2042 2313 2069 2367 Ρ

485 2401 623 2471 Quid
647 2412 728 2455 est
756 2408 958 2466 autem,
991 2401 1104 2467 Quo
1133 2403 1381 2471 corpore?
1402 2402 1603 2472 Nempe
1633 2402 1736 2458 hoc
1759 2404 1899 2474 quod
1930 2404 2069 2459 inte-

486 2490 596 2555 riit,
625 2490 765 2558 quod
793 2489 969 2557 periit,
1011 2504 1080 2544 an
1121 2490 1301 2560 aliquo
1337 2492 1487 2546 alio?
1518 2492 1725 2548 Deinde
1770 2493 2066 2549 ostendens

488 2579 630 2652 quod
670 2592 776 2633 non
806 2585 1050 2647 quaerant
1076 2593 1160 2644 ea,
1194 2579 1263 2634 de
1292 2580 1483 2649 quibus
1521 2581 1811 2647 dubitatur,
1859 2582 1957 2637 sed
2002 2596 2066 2635 ea

486 2685 605 2741 qua:
635 2670 687 2723 in
726 2670 979 2723 confesso
1004 2677 1148 2734 sunt,
1193 2668 1369 2723 acrius
1397 2671 1633 2724 occurrit
1660 2670 1846 2725 dicens
1881 2688 1895 2723 :
1925 2669 2067 2723 Insi-

486 2762 649 2831 piens,
679 2768 732 2812 tu
759 2759 895 2828 quod
922 2758 1164 2824 seminus,
1207 2775 1308 2812 non
1334 2760 1639 2827 viviﬁcatur,
1668 2760 1769 2814 nisi
1809 2770 2068 2814 mortuum

487 2852 661 2922 fuerit.
691 2849 844 2915 Quod
876 2863 974 2903 nos
1000 2864 1211 2919 quoque
1236 2849 1471 2905 solemus
1494 2850 1675 2907 lacere
1699 2867 1825 2922 erga
1852 2868 1950 2908 eos
1975 2853 2066 2923 qui

486 2940 862 2996 contradicunt
888 2940 957 2995 iis
981 2940 1048 2995 de
1075 2940 1267 3009 quibus
1312 2951 1542 2996 constat.
1575 2943 1642 2997 Et
1678 2959 1775 2997 cur
1814 2960 1921 2998 non
1954 2953 2067 2999 sta-

489 3033 587 3086 tim
636 3032 876 3101 confugit
921 3031 988 3086 ad
1031 3031 1124 3086 Dei
1167 3034 1520 3100 potestatem?
1562 3033 1825 3101 Quoniam
1854 3036 2071 3091 disserit

489 3137 615 3176 cum
645 3121 949 3175 inlidelibus
978 3139 992 3174 :
1024 3136 1145 3175 nam
1175 3122 1388 3191 quando
1415 3124 1576 3179 verba
1605 3124 1733 3179 facit
1757 3126 1899 3196 apud
1928 3126 2066 3183 ﬁde-

490 3214 590 3279 les,
641 3227 747 3267 non
788 3212 1081 3266 admodum
1128 3227 1265 3281 opus
1311 3214 1473 3268 habet
1514 3216 1829 3272 ratiociniis.
1874 3218 2069 3285 Quam-

488 3304 673 3360 obrem
693 3318 817 3358 cum
844 3303 966 3357 alibi
988 3302 1233 3369 dixisset,
1259 3303 1663 3376 Transﬁgurabit
1687 3324 1873 3378 corpus
1898 3310 2069 3364 Immi-

490 3397 647 3451 litatis
684 3405 881 3461 vestrte,
910 3404 965 3447 ut
990 3395 1055 3448 sit
1082 3396 1402 3466 configurata
1437 3399 1641 3467 corpori
1682 3399 1929 3455 claritatis
1962 3417 2071 3456 sua

490 3486 754 3554 (Philipp.
785 3487 841 3540 '5.
869 3483 986 3554 21),
1007 3493 1064 3539 et
1080 3487 1405 3543 ostendisset
1434 3488 1635 3556 aliquid
1657 3490 1889 3557 amplius
1908 3506 2069 3561 quam

486 3576 561 3630 sit
606 3574 964 3638 resurrectio;
996 3588 1101 3628 non
1133 3576 1312 3643 posuit
1336 3576 1605 3644 exempla,
1650 3576 1748 3632 sed
1776 3593 1873 3647 pro
1917 3579 2067 3634 omni

486 3666 944 3723 demonstratione
969 3664 1063 3719 Dei
1088 3674 1408 3733 potestatem
1456 3666 1685 3722 adduxit
1710 3668 1763 3722 in
1809 3657 2066 3737 medium,

490 3756 697 3811 addens
740 3763 796 3810 et
840 3754 1026 3810 dicens
1053 3772 1068 3808 :
1098 3754 1391 3810 Secundum
1437 3758 1784 3825 operationem
1827 3762 1939 3832 ejus
1982 3767 2071 3833 qui

491 3846 649 3917 possit
671 3845 916 3915 subjicere
935 3844 1031 3899 sibi
1056 3846 1248 3899 omnia.
1272 3846 1367 3900 llic
1388 3855 1567 3903 autem
1594 3848 1871 3905 ratiocinia
1894 3854 2065 3921 ponit.

487 3936 621 3992 Nam
667 3936 917 4004 quoniam
968 3934 1069 3988 hoc
1107 3934 1440 3990 conﬁrmavit
1486 3952 1550 3990 es
1599 3937 1909 4007 Scripturis,
1952 3941 2070 3997 lucc

489 4042 703 4098 quoque
726 4024 877 4080 addit
902 4039 965 4079 ex
994 4024 1317 4079 abundantia
1343 4042 1470 4097 erga
1501 4043 1595 4084 eos
1620 4031 1709 4101 qui
1742 4047 1847 4085 non
1874 4045 2070 4102 parent

492 4115 802 4185 Scripturis,
849 4124 902 4169 et
923 4114 1052 4168 dicit
1083 4133 1096 4168 :
1133 4114 1413 4186 (nsipiens;
1427 4126 1480 4171 tu
1507 4121 1645 4188 quod
1686 4123 1926 4177 seminus.
1956 4123 2070 4179 Hoc

488 4214 590 4271 est,
620 4206 772 4275 Apud
799 4206 1023 4275 teipsum
1052 4206 1240 4260 horum
1269 4207 1433 4263 babes
1460 4211 1851 4278 probationem,
1883 4229 1980 4284 per
2006 4230 2068 4269 ea

492 4315 614 4371 qure
648 4299 779 4353 facis
802 4296 1061 4367 quoddie,
1103 4306 1157 4351 et
1186 4298 1363 4354 adhuc
1406 4302 1669 4371 ambigis?
1694 4304 1987 4374 Propterea
2018 4316 2071 4362 te

492 4404 628 4444 voco
673 4389 1035 4455 insipientem,
1067 4388 1208 4456 quod
1256 4389 1468 4458 ignores
1516 4406 1581 4446 ea
1619 4408 1742 4461 qua:
1785 4408 1815 4447 a
1847 4404 1900 4449 te
1937 4397 2073 4450 ﬁunt

494 4476 765 4550 quotidie;
812 4484 1013 4529 etcum
1059 4475 1175 4546 ipse
1211 4478 1285 4531 sis
1312 4479 1491 4548 Opilex
1534 4483 1972 4551 resurrectionis,
2001 4484 2068 4540 de

495 4568 607 4623 Deo
644 4567 874 4621 dubitas.
913 4566 1199 4636 Propterea
1246 4582 1365 4623 cum
1397 4586 1586 4641 magna
1615 4571 1752 4627 dixit
1800 4574 2064 4644 emphasi,

496 4657 574 4713 Tu
594 4657 730 4728 quod
755 4657 971 4710 seminus
998 4672 1016 4710 :
1043 4666 1097 4709 tu
1129 4658 1217 4727 qui
1245 4674 1303 4714 es
1330 4663 1574 4717 mortalis
1600 4673 1653 4717 et
1674 4664 1836 4733 peris.
1862 4665 1928 4719 Et
1951 4668 2072 4723 vide

496 4748 764 4820 quomodo
794 4756 972 4801 utatur
997 4749 1317 4807 dictionibus
1342 4752 1581 4822 subjecto
1606 4766 1922 4825 argumento
1943 4772 2073 4812 cono

495 4838 829 4909 gruentibus.
870 4836 991 4891 Non
1032 4840 1315 4907 vivi/icatur
1358 4843 1525 4909 enim,
1559 4845 1748 4915 inquit,
1794 4846 1893 4899 nisi
1930 4863 2071 4900 mor-

495 4938 637 4980 tuum
665 4930 836 4997 fuerit.
872 4929 1107 4997 Propriis
1155 4934 1297 4985 enim
1328 4936 1591 4991 seminum
1638 4937 1844 4993 relictis
1874 4939 2071 4995 dictio-

496 5017 674 5079 nibus,
707 5030 896 5083 nempe
917 5018 1201 5084 germinat,
1231 5022 1467 5089 pullulat,
1502 5031 1763 5093 putrescit
1791 5038 1845 5084 et
1872 5031 2068 5085 dissol-

502 5108 680 5171 vitur;
726 5107 995 5174 adaptavit
1023 5123 1115 5162 eas
1142 5125 1259 5179 qua:
1288 5116 1433 5168 carni
1482 5130 1679 5172 nostrae
1724 5123 2068 5188 conveniunt,

498 5208 693 5261 nempe
728 5193 1026 5261 Vivi/icatur
1072 5206 1128 5250 et
1171 5197 1431 5255 Mortuum
1457 5206 1631 5273 fuerit,
1669 5210 1811 5276 quod
1854 5210 2071 5279 quidem

499 5301 605 5339 non
637 5285 719 5338 es!
745 5286 1014 5353 proprium
1056 5289 1339 5355 seminum,
1383 5294 1476 5347 sed
1516 5312 1824 5366 corporum.
1858 5302 1925 5357 Et
1965 5319 2070 5359 non

496 5375 678 5431 dixit:
714 5375 1000 5444 Postquam
1044 5388 1311 5433 mortuum
1360 5383 1538 5447 fuerit,
1570 5388 1733 5453 vivit;
1768 5392 1882 5457 sed,
1928 5395 2069 5463 quod

494 5475 580 5522 est
621 5466 815 5535 majus,
845 5478 1126 5535 pr0pterea
1152 5470 1301 5537 vivit,
1333 5475 1582 5542 quoniam
1629 5483 1872 5538 moritur.
1907 5484 2073 5542 Vides

494 5560 659 5630 quod,
698 5561 836 5613 sicut
880 5560 1187 5631 frequenter
1214 5564 1355 5629 dico,
1388 5570 1682 5626 orationem
1712 5590 1927 5646 semper
1952 5595 2074 5634 ver-

495 5662 573 5707 tat
618 5654 668 5707 in
718 5654 1065 5710 contrarium.
1115 5655 1268 5725 Quod
1296 5658 1440 5713 enim
1485 5662 1562 5718 illi
1609 5681 1714 5720 non
1755 5673 2073 5740 resurgendi

497 5742 800 5801 statuebant
826 5759 947 5803 esse
985 5746 1265 5819 indicium,
1312 5748 1413 5807 hoc
1440 5750 1566 5810 facit
1606 5769 1724 5813 esse
1754 5769 1955 5817 certam
1988 5778 2075 5818 rc-

2178 778 2430 849 surgendi
2456 781 2965 845 demonstrationem
2994 807 3011 848 :
3043 794 3294 853 dicebant
3338 797 3482 855 enim
3516 815 3625 861 non
3662 818 3754 859 re-

2449 875 2703 941 quoniam
2730 888 2815 933 est
2844 891 3134 939 mortuum.
3162 887 3301 955 Quid
3327 898 3509 946 autem
3534 895 3755 963 opponit

2178 955 2309 1012 ille?
2333 960 2494 1030 Atqui
2515 963 2561 1017 si
2580 979 2687 1020 non
2708 978 2852 1023 esset
2873 982 3165 1043 mortuum,
3197 992 3303 1034 non
3334 955 3749 1039 recurres-isset:

2176 1058 2231 1103 et
2258 1060 2537 1120 propterea
2568 1060 2817 1128 resurgit,
2862 1064 3114 1131 quoniam
3158 1076 3242 1122 est
3282 1084 3574 1127 mortuunn
3606 1074 3754 1130 Sicut

2176 1142 2319 1237 enim
2359 1144 2607 1211 Christus
2650 1152 2888 1219 apertius
2935 1156 2989 1211 id
3031 1158 3208 1227 ipsum
3251 1166 3509 1230 ostendit.
3540 1167 3750 1237 dicens,

2177 1228 2408 1287 Granum
2434 1239 2697 1306 frumenti,
2735 1244 2780 1296 si
2819 1245 3004 1299 cadens
3040 1248 3095 1302 in
3127 1259 3314 1305 terram
3352 1270 3453 1308 non
3498 1228 3753 1317 mortuam;

2174 1324 2349 1415 fuerit,
2375 1325 2543 1393 ipsum
2571 1330 2735 1384 solum
2755 1345 2921 1389 manet
2948 1351 2968 1389 :
2995 1338 3076 1392 sin
3096 1350 3265 1394 autem
3289 1354 3545 1399 mortuum
3572 1349 3750 1415 fuerit.

2174 1413 2390 1467 multum
2429 1415 2647 1485 fructum
2690 1420 2840 1488 aﬂ'ert
2887 1423 3066 1494 (Ioan.
3111 1428 3200 1484 12.
3230 1431 3327 1498 ξι)
3355 1450 3370 1484 :
3396 1434 3544 1490 illinc
3575 1413 3749 1492 etiam

2175 1502 2372 1560 Paulus
2419 1508 2641 1564 trahens
2684 1516 3026 1584 exemplum,
3076 1534 3182 1575 non
3230 1523 3550 1580 dixit:Non
3596 1527 3749 1591 vivit,

2172 1594 2291 1660 sed,
2321 1596 2443 1651 Non
2486 1600 2805 1670 viui/icatur;
2852 1622 3039 1661 rursus
3067 1608 3162 1665 Dei
3210 1626 3489 1669 assumens
3516 1625 3751 1685 potesta-

2173 1692 2302 1777 tem.
2332 1694 2388 1742 et
2413 1691 2707 1748 ostendens
2730 1695 2875 1765 quod
2916 1713 3026 1753 non
3071 1710 3262 1757 natura
3295 1712 3473 1770 terrae,
3508 1710 3605 1762 sed
3635 1708 3751 1777 ipse

2173 1775 2485 1833 universum
2512 1791 2787 1848 operatur.
2819 1786 2887 1841 Et
2925 1802 3021 1843 cur
3046 1806 3151 1846 non
3179 1793 3401 1849 adduxit
3434 1796 3488 1850 in
3514 1775 3749 1853 medium

2172 1863 2227 1917 id
2250 1866 2391 1934 quod
2421 1877 2538 1922 erat
2564 1874 2970 1931 convenientius
3012 1889 3068 1934 et
3112 1884 3281 1951 magis
3312 1886 3609 1954 preprium,
3658 1904 3749 1944 sec

2171 1967 2330 2044 men,
2360 1953 2598 2024 inquam,
2631 1958 2963 2019 humanum?
2990 1982 3112 2021 nam
3144 1982 3295 2027 ortus
3319 1953 3534 2044 quoque
3572 1987 3755 2033 noster

2173 2041 2362 2112 incipit
2383 2059 2414 2098 a
2444 2051 2790 2118 corruptione
2810 2056 2947 2109 sicut
2970 2068 3025 2113 et
3050 2058 3323 2118 frumenti.
3338 2041 3617 2133 Quoniam
3640 2084 3750 2125 non

2171 2142 2297 2187 sunt
2318 2133 2436 2190 haec
2464 2141 2634 2206 paria,
2673 2144 2771 2197 sed
2798 2145 2901 2201 hoc
2925 2158 3009 2203 est
3032 2151 3225 2221 majus.
3255 2154 3461 2221 Qumrit
3484 2160 3626 2213 enim
3652 2161 3754 2215 ali-

2171 2224 2300 2291 quid
2331 2226 2614 2320 integrum,
2648 2234 2790 2301 quod
2816 2250 3225 2310 corrumpatur;
3257 2246 3388 2303 illud
3414 2258 3593 2310 autem
3623 2266 3745 2320 pars

2171 2320 2289 2367 erat
2321 2332 2333 2367 :
2360 2318 2709 2411 quamobrem
2751 2323 2854 2379 hoc
2901 2328 3055 2384 affert
3100 2332 3154 2386 in
3202 2336 3463 2394 medium.
3505 2318 3752 2411 Aliolguin

2170 2405 2519 2461 autemillud
2557 2410 2771 2478 quidem
2799 2419 3043 2483 procedit
3086 2435 3117 2473 a
3148 2423 3386 2491 vivente,
3430 2437 3486 2482 et
3540 2430 3592 2484 in
3621 2405 3753 2487 ven-

2172 2501 2308 2549 trem
2331 2497 2515 2553 incidit
2538 2502 2836 2559 viventem:
2866 2507 2952 2561 hic
2980 2519 3159 2566 autem
3180 2528 3286 2569 non
3310 2516 3368 2571 iu
3390 2532 3630 2589 carnem,
3658 2524 3752 2579 sed

2172 2586 2227 2682 in
2256 2594 2452 2643 terram
2480 2595 2738 2649 sementis
2765 2596 3030 2667 dejicitur,
3076 2613 3130 2658 et
3177 2606 3230 2659 in
3273 2622 3395 2663 eam
3421 2586 3752 2682 dissolvitur,

2171 2675 2311 2773 sicut
2338 2694 2532 2750 corpus
2561 2695 2853 2742 mortuum.
2896 2692 3256 2757 Quamobrem
3298 2697 3397 2754 bac
3425 2718 3639 2773 quoque
3667 2675 3755 2760 ra;

2172 2768 2317 2825 tione
2342 2780 2458 2827 erat
2480 2777 2785 2846 exemplum
2821 2785 3249 2843 convenientius.
3278 2790 3366 2845 37.
3399 2768 3465 2846 Et
3488 2768 3574 2864 qui
3599 2799 3751 2850 semi-

2171 2870 2281 2956 nat,
2310 2872 2411 2916 non
2430 2880 2645 2956 corpus
2672 2869 2808 2937 quod
2834 2874 3063 2939 futurum
3092 2886 3167 2929 est
3207 2880 3439 2934 seminat.
3470 2883 3606 2938 Nam
3633 2902 3753 2956 qua

2175 2950 2322 3044 prius
2353 2952 2569 3020 quidem
2598 2954 2740 3009 dicta
2770 2967 2916 3025 sunt,
2945 2972 3191 3031 spectant
3213 2967 3279 3021 ad
3306 2968 3590 3028 dicendum
3614 2950 3751 3044 quo-

2174 3040 2333 3094 modo
2385 3054 2707 3114 resurgant;
2754 3046 2858 3103 hoc
2897 3060 3076 3107 autem
3118 3055 3185 3110 ad
3226 3056 3576 3117 dubitandum
3628 3040 3750 3120 cum

2172 3132 2314 3201 quali
2338 3147 2564 3203 corpore
2588 3138 2827 3194 veniant.
2855 3140 2995 3209 Quid
3039 3154 3122 3199 est
3167 3158 3367 3216 autem,
3400 3152 3522 3207 Non
3564 3171 3751 3227 corpus

2172 3223 2305 3314 quod
2325 3223 2553 3287 futurum
2577 3236 2649 3281 est
2668 3230 2922 3286 seminus?
2948 3233 3065 3289 Non
3091 3238 3295 3307 spicam
3325 3242 3610 3314 integram,
3643 3223 3752 3302 non

2175 3310 2497 3369 frumentum
2527 3331 2738 3373 recens.
2767 3320 2867 3375 Hic
2904 3324 3047 3379 enim
3079 3342 3185 3382 non
3211 3310 3462 3400 amplius
3478 3334 3545 3389 ad
3573 3310 3757 3391 resur-

2173 3403 2471 3457 rectionem
2496 3417 2705 3474 spectat
2731 3412 2924 3477 oratio,
2947 3414 3041 3469 sed
3071 3416 3138 3470 ad
3161 3420 3374 3474 modum
3404 3426 3757 3481 resurrectio-

2174 3492 2279 3557 nis,
2305 3493 2603 3562 cujusmodi
2647 3507 2731 3552 est
2757 3513 2953 3569 corpus
2981 3505 3124 3573 quod
3163 3516 3247 3561 est
3284 3521 3752 3570 resurrecturum:

2174 3596 2369 3653 nempe
2405 3598 2477 3638 an
2502 3585 2631 3653 tale,
2669 3601 2737 3641 an
2767 3590 2961 3646 melius
3009 3602 3063 3648 et
3089 3594 3325 3664 clarius;
3374 3609 3428 3655 et
3454 3602 3525 3656 ab
3560 3605 3754 3661 eodem

2173 3672 2421 3742 exemplo
2451 3676 2615 3731 sumit
2644 3685 2949 3750 utrumque,
2979 3685 3272 3743 ostendens
3298 3689 3441 3760 quod
3483 3692 3536 3747 id
3563 3694 3635 3749 sit
3659 3709 3759 3751 re-

2172 3773 2535 3819 surrecturum
2563 3767 2731 3823 multo
2756 3771 2965 3826 melius.

2241 3855 2297 3909 2.
2331 3855 2519 3910 Contra
2547 3858 2807 3915 hereticos
2829 3864 2916 3932 qui
2942 3864 3174 3921 dicebant
3206 3869 3353 3925 aliud
3376 3888 3561 3942 corpus
3584 3891 3761 3931 resur-

2172 3960 2309 4014 gere.
2334 3974 2406 3986 --
2430 3947 2537 4001 Sed
2564 3948 2802 4005 haeretici
2823 3952 2956 4007 nihil
2982 3954 3174 4010 borum
3201 3959 3560 4031 iutelligenles
3587 3966 3762 4021 insul-

2175 4042 2319 4099 tant,
2368 4044 2423 4089 et
2465 4036 2648 4091 dicunt
2685 4053 2700 4090 :
2740 4041 2982 4097 Alterum
3011 4060 3206 4115 corpus
3232 4050 3410 4117 cadit,
3439 4062 3495 4108 et
3520 4056 3754 4112 alterum

2173 4125 2427 4195 resurgit.
2457 4125 2741 4193 Quomodo
2765 4145 2895 4201 ergo
2921 4139 3285 4193 resurrectio?
3307 4141 3422 4210 ejus
3445 4144 3590 4199 enim
3609 4147 3756 4215 quod

2177 4214 2369 4270 cecidit
2395 4224 2503 4281 ,est
2540 4222 2884 4278 resurrectio.
2932 4222 3031 4279 Ubi
3078 4237 3163 4283 est
3202 4239 3380 4285 autem
3424 4214 3758 4292 admirabilis

2175 4306 2265 4360 illa
2287 4317 2340 4363 et
2364 4322 2483 4378 qua:
2510 4311 2822 4379 Opinionem
2848 4327 3067 4385 superat
3111 4320 3371 4377 adversus
3412 4334 3638 4380 mortem
3675 4329 3761 4382 vi-

2175 4401 2342 4454 ctoria
2369 4439 2386 4467 ,
2414 4402 2460 4455 si
2491 4402 2632 4457 aliud
2664 4404 2807 4459 cadit
2846 4414 2901 4461 et
2942 4408 3084 4463 aliud
3114 4414 3384 4482 resurgit?
3412 4430 3584 4485 neque
3611 4418 3758 4473 enim

2174 4488 2265 4544 illa
2287 4491 2466 4559 utique
2485 4502 2736 4549 cernetur
2755 4495 3052 4555 reddidisse
3070 4502 3336 4570 captivum
3360 4506 3501 4574 quod
3528 4508 3755 4575 accepit.

2175 4579 2453 4646 Quomodo
2480 4592 2657 4637 autem
2688 4586 2753 4638 iis
2776 4601 2895 4654 qua:
2919 4588 3059 4643 dicta
3085 4600 3211 4645 sunt
3234 4597 3757 4651 conveneritexem-

2181 4680 2366 4749 plum?
2394 4695 2499 4735 non
2524 4680 2669 4736 enim
2690 4682 2790 4737 alia
2812 4684 3029 4753 quidem
3059 4690 3355 4745 seminatur
3372 4694 3625 4754 essentia.
3653 4695 3757 4749 alia

2175 4780 2353 4825 autem
2385 4773 2633 4842 resurgit,
2667 4773 2761 4828 sed
2802 4774 2987 4830 eadem
3016 4778 3219 4833 melior.
3265 4781 3373 4836 Sed
3401 4797 3575 4851 neque
3597 4781 3761 4838 Chri-

2176 4868 2291 4913 stus
2320 4860 2461 4915 idem
2489 4878 2685 4931 corpus
2711 4865 3024 4932 susceperit,
3052 4868 3143 4934 qui
3170 4867 3267 4923 fuit
3303 4871 3547 4938 primitiae
3574 4888 3759 4927 resur-

2175 4951 2413 5019 gentium
2439 4968 2455 5017 ;
2484 4954 2577 5009 sed
2599 4995 2615 5019 ,
2642 4956 2934 5009 secundum
2960 4970 3056 5011 vos
3078 4998 3095 5023 ,
3127 4959 3259 5015 illud
3282 4963 3495 5030 quidem
3523 4963 3757 5033 abjecit,

2177 5042 2387 5097 etiamsi
2416 5045 2549 5098 nihil
2577 5055 2892 5112 peccasset,
2924 5049 3132 5117 accepit
3176 5058 3354 5105 autem
3390 5053 3557 5108 aliud.
3601 5054 3761 5111 Unde

2178 5147 2305 5201 ergo
2328 5134 2513 5188 aliud?
2538 5149 2663 5187 nam
2692 5133 2792 5187 hoc
2816 5135 3028 5203 quidem
3058 5152 3126 5191 ex
3164 5139 3389 5209 virgine,
3421 5142 3549 5198 illud
3575 5153 3757 5198 autem

2178 5222 2352 5277 unde?
2383 5222 2565 5277 Viden‘
2590 5222 2656 5275 ad
2691 5233 2941 5290 quantam
2970 5224 3352 5285 absurditatem
3388 5231 3633 5286 devoluta
3672 5242 3762 5286 est

2178 5313 2389 5366 oratio?
2417 5313 2525 5367 Cur
2549 5312 2693 5366 enim
2735 5314 2968 5369 ostendit
2996 5316 3192 5387 ﬁguras
3216 5330 3270 5375 et
3312 5323 3533 5391 vestigia
3572 5322 3760 5375 clavo—

2178 5403 2337 5457 rum?
2365 5416 2542 5455 annon
2584 5399 2686 5455 hoc
2708 5402 2891 5457 volens
2916 5408 3203 5465 ostendere
3225 5450 3239 5475 ,
3273 5411 3401 5463 illud
3432 5412 3602 5477 ipsum
3633 5425 3759 5466 esse

2181 5494 2324 5563 quod
2351 5494 2493 5548 cruci
2521 5492 2620 5547 fuit
2643 5494 2887 5562 aiﬁxum,
2915 5507 2973 5553 et
2998 5501 3171 5569 ipsum
3199 5503 3593 5558 resurrexisse?
3617 5503 3761 5570 Quid

2180 5588 2279 5640 sibi
2310 5586 2421 5639 vult
2442 5601 2655 5655 quoque
2682 5587 2845 5658 ﬁgura
2869 5591 3055 5646 Jonas?
3084 5609 3191 5647 non
3217 5594 3359 5649 enim
3381 5592 3515 5647 alius
3541 5595 3763 5663 quidem

2183 5678 2281 5732 fuit
2311 5677 2633 5745 absorptus',
2659 5680 2797 5735 alius
2830 5692 3010 5737 autem
3039 5684 3091 5737 in
3126 5693 3319 5737 terram
3341 5683 3545 5749 ejectus
3569 5685 3762 5744 Jonas.

2180 5766 2317 5835 Quid
2348 5767 2509 5824 etiam
2533 5766 2777 5838 dicebat,
2807 5769 2999 5830 Solvite
3028 5770 3272 5844 templum
3303 5772 3415 5839 hoc,
3454 5784 3497 5829 et
3526 5776 3577 5831 in
3597 5774 3767 5831 tribus
