4028 6222
305 389 407 446 357

305 502 474 554 diebus
501 495 725 556 excitabo
764 499 926 569 ipsum
959 498 1156 570 (Joan.
1180 497 1234 552 2.
1272 497 1352 551 I‘J.
1382 497 1445 550 2i
1476 495 1541 562 )?
1569 508 1688 548 nam
1736 491 1875 560 quod

302 590 714 654 dissolvebatur,
739 590 788 643 id
816 590 1022 644 scilicet
1046 590 1316 644 excitavit.
1345 585 1703 652 Quamobrem
1733 582 1878 636 addi-

303 681 380 734 dit
416 681 773 749 evangelista,
805 680 902 733 Ille
931 691 1095 734 autem
1131 679 1323 732 (licebat
1353 678 1414 730 de
1443 676 1626 743 tempto
1655 677 1732 729 sui
1760 691 1877 727 cor-

304 771 461 838 poris.
490 771 624 837 Quid
660 787 785 841 ergo
810 773 972 836 dicit,
1010 771 1129 824 Non
1156 785 1340 838 corpus
1367 767 1500 837 quod
1537 772 1761 836 futurum
1805 774 1877 818 est

299 861 556 915 seminus?
585 858 695 914 lloc
733 870 852 925 est,
894 877 999 915 non
1031 863 1231 929 spicam
1261 875 1275 911 :
1303 868 1388 912 est
1425 859 1566 911 enim
1592 856 1776 910 cadent
1823 865 1876 909 et

303 965 408 1002 lltm
436 949 624 1005 eadem
655 972 669 1007 ;
695 951 882 1006 eadem
905 951 1141 1020 quidem,
1169 949 1420 1017 quoniam
1451 947 1638 1001 eodem
1668 955 1751 1000 est
1787 959 1847 998 es

301 1038 502 1103 sentin;
531 1053 634 1092 non
657 1040 869 1101 eadem.
911 1039 1161 1108 quoniam
1189 1038 1302 1092 lace
1328 1047 1409 1090 est
1447 1037 1653 1095 melior.
1685 1035 1873 1090 eadem

299 1130 512 1197 quidem
538 1139 787 1186 manente
809 1131 1040 1200 essentia
1060 1171 1076 1196 ,
1107 1129 1295 1198 majori
1324 1137 1502 1182 autem
1533 1128 1665 1182 facta
1698 1126 1878 1194 specie

300 1235 363 1276 ac
387 1221 604 1284 decore,
635 1238 758 1278 eum
787 1238 921 1276 nova
948 1223 1017 1276 sit
1052 1223 1339 1291 :quoniam
1365 1222 1464 1274 nisi
1493 1220 1593 1273 hoc
1619 1227 1780 1278 e~set,
1809 1229 1877 1271 ne

299 1325 442 1369 esset
465 1317 679 1385 quidem
703 1317 1045 1381 resurrectio,
1077 1314 1178 1369 nisi
1208 1324 1350 1368 esset
1381 1313 1572 1366 melius
1601 1322 1874 1363 resurrec-

302 1412 441 1458 tura.
488 1407 594 1460 Cur
631 1407 772 1460 enim
804 1406 1019 1459 domino
1047 1413 1191 1480 esset
1217 1404 1522 1487 diruturus‘,
1556 1401 1652 1453 nisi
1683 1399 1878 1467 splen—

301 1493 561 1548 didiorem
589 1506 734 1550 esset
773 1495 1178 1550 aedificaturus?
1215 1495 1324 1548 lloc
1362 1495 1522 1562 igitur
1559 1492 1693 1545 dixit
1733 1490 1836 1542 illis
1859 1528 1876 1554 ,

300 1586 390 1652 qui
418 1586 792 1639 existimabant
821 1588 1067 1641 etnndetn
1099 1598 1219 1640 esse
1248 1584 1522 1637 interitum
1573 1596 1634 1635 ac
1674 1589 1875 1634 corru—

304 1676 557 1743 ptionem.
583 1677 785 1731 Deinde
815 1693 881 1732 ne
907 1679 1166 1746 quispiam
1193 1690 1374 1728 rursus
1392 1674 1721 1728 existimaret
1751 1670 1876 1723 hinc

300 1763 499 1818 dictum
526 1781 646 1821 esse
689 1767 832 1822 aliud
875 1783 1067 1834 corpus
1093 1806 1107 1829 ,
1138 1766 1321 1819 datum
1363 1765 1587 1832 aenigma
1629 1762 1793 1824 lenit,
1819 1768 1877 1812 et

303 1857 685 1925 interpretatur
711 1859 853 1928 quod
885 1860 1085 1913 dictum
1123 1868 1228 1930 est,
1260 1870 1367 1910 non
1400 1854 1700 1908 concedens
1728 1850 1878 1903 audi-

300 1950 400 2003 tori
446 1961 504 2004 ut
547 1961 778 2006 mentem
825 1952 929 2004 alio
957 1950 1266 2005 transferat.
1315 1947 1452 2014 Quid
1508 1959 1636 2013 ergo
1681 1942 1877 1996 nostris

299 2053 434 2107 opus
464 2049 548 2093 est
571 2041 783 2092 verbis?
807 2041 939 2093 Audi
966 2042 1156 2108 ipsum,
1181 2040 1267 2106 qui
1296 2038 1443 2102 dirit,
1465 2035 1589 2102 quid
1619 2036 1686 2088 sit
1715 2035 1877 2086 inter-

301 2141 597 2196 pretantem
637 2147 650 2183 :
687 2130 807 2183 Non
857 2147 1045 2200 corpus
1087 2129 1220 2195 quod
1253 2129 1478 2196 futurum
1524 2136 1593 2180 cst
1638 2125 1870 2178 seminus.

297 2221 486 2275 Statim
513 2224 654 2276 enim
683 2222 957 2290 subjnnxit
990 2239 1004 2276 :
1031 2221 1134 2274 Sed
1171 2220 1377 2308 nudum.
1396 2233 1608 2286 granum
1631 2254 1646 2280 ,
1679 2224 1728 2267 ut
1752 2230 1874 2282 pttla

297 2314 473 2378 tritici,
500 2324 588 2366 aut
613 2315 833 2378 alicuius
872 2313 1163 2382 lmjusmodi
1202 2311 1464 2363 seminum.
1501 2308 1608 2361 lloc
1637 2315 1739 2370 est,
1770 2318 1872 2358 non

291 2416 491 2472 corpus
520 2402 662 2472 quod
692 2411 775 2457 est
814 2400 1083 2465 futurum,
1117 2415 1305 2469 nempe
1346 2417 1450 2452 non
1479 2400 1556 2451 sic
1586 2399 1829 2450 vestitum
1856 2433 1871 2458 ,

295 2509 467 2562 neque
523 2495 755 2548 culinam
797 2493 1000 2546 habens
1035 2500 1089 2544 et
1119 2492 1308 2544 aristas
1341 2505 1354 2540 :
1403 2490 1507 2542 Sed
1541 2489 1727 2539 nudum
1757 2501 1876 2554 gra-

293 2602 434 2648 num,
457 2595 510 2637 ut
532 2596 653 2653 puta
676 2586 833 2637 tritici
849 2625 865 2650 ,
894 2594 980 2636 aut
1008 2584 1226 2652 alicujus
1252 2599 1312 2633 ex
1333 2583 1393 2632 iis
1420 2594 1532 2649 qua:
1551 2590 1664 2633 sunt
1691 2579 1871 2645 hujus-

291 2676 450 2729 modi.
501 2675 588 2730 58.
639 2674 773 2729 Deus
820 2684 991 2726 autem
1035 2674 1122 2725 dat
1172 2673 1249 2725 illi
1285 2688 1467 2740 corpus
1525 2669 1651 2722 sicut
1694 2669 1869 2720 voluit.

288 2765 449 2821 Certe
473 2806 488 2830 ,
522 2766 725 2835 inquit;
758 2765 852 2820 sed
887 2766 989 2818 illic
1015 2774 1096 2819 est
1132 2778 1266 2832 epos
1298 2774 1520 2816 nztlttrm.
1551 2761 1716 2829 Cujus
1741 2801 1755 2822 ,
1789 2758 1894 2814 dic,

199 2881 206 2886 ·
291 2871 499 2929 quaeso,
531 2859 772 2913 naturae?
817 2871 937 2912 nam
975 2858 1088 2912 illic
1128 2871 1340 2926 qunque
1389 2855 1528 2908 Dens
1587 2854 1873 2906 fabricatur

293 2950 604 3003 universum
631 2988 646 3012 ,
689 2962 793 3002 non
836 2957 1022 3000 natura
1067 2960 1236 3014 neque
1280 2954 1419 2998 terra
1460 2958 1632 3011 neque
1673 2941 1865 3009 pluvia.

292 3039 650 3106 Quamobrem
700 3039 814 3106 ipse
844 3037 957 3091 bace
1003 3037 1311 3105 significans
1336 3076 1349 3095 ,
1383 3035 1599 3088 dimissa
1628 3043 1765 3087 terra
1819 3042 1869 3086 et

292 3145 418 3186 aere
448 3142 502 3185 et
543 3131 720 3199 pluvia
747 3139 798 3182 et
826 3128 1176 3198 agricolarum
1217 3128 1460 3180 manibus
1488 3169 1503 3186 ,
1536 3127 1805 3195 subjnnxit
1853 3142 1866 3178 :

291 3215 430 3276 Deus
458 3222 545 3274 dat
577 3221 655 3274 illi
687 3237 871 3290 corpus
901 3222 1027 3275 sicut
1064 3221 1239 3274 voluit.
1279 3219 1394 3274 Noli
1438 3235 1566 3288 ergo
1601 3220 1870 3288 inquirere

289 3323 346 3366 ct
382 3312 630 3382 indagare
654 3313 920 3382 quomodo
945 3322 998 3367 et
1021 3328 1246 3380 quanam
1275 3314 1501 3376 ratione,
1532 3327 1652 3365 cum
1685 3312 1869 3365 audie-

292 3403 367 3456 ris
410 3401 498 3455 Dei
532 3403 818 3471 potentiam
865 3412 917 3457 et
943 3404 1290 3456 voluntatem.
1325 3400 1390 3454 Et
1415 3403 1698 3471 unicuique
1723 3403 1870 3456 semi-

292 3510 410 3545 num
458 3497 717 3561 proprium
761 3511 965 3560 corpus.
993 3494 1093 3550 Ubi
1142 3510 1267 3562 ergo
1299 3494 1566 3547 alienum?
1593 3496 1681 3548 dat
1725 3496 1867 3549 enim

293 3585 584 3653 proprium.
616 3586 971 3649 Quamobrem
1003 3587 1214 3654 quando
1239 3586 1387 3650 dicit,
1423 3585 1538 3638 Non
1568 3587 1700 3656 quod
1725 3589 1865 3657 {utu-

296 3693 405 3728 --um
448 3686 517 3730 est
546 3677 794 3738 seminus,
825 3691 928 3728 non
978 3677 1079 3731 hoc
1106 3677 1228 3730 dicit
1253 3717 1266 3740 ,
1296 3676 1436 3746 quod
1476 3677 1578 3730 alia
1623 3693 1718 3745 pro
1763 3679 1866 3730 alia

295 3778 537 3835 resurgat
560 3768 814 3828 essentia,
839 3767 931 3819 sed
953 3769 1095 3835 quod
1122 3767 1325 3830 melior,
1355 3768 1494 3836 quod
1521 3767 1865 3835 splendidior.

297 3856 578 3925 Unicuique
612 3860 744 3912 enim
781 3861 1026 3913 seminum
1067 3860 1325 3928 prum-ium
1359 3875 1561 3928 corpus.
1600 3861 1732 3914 liinc
1757 3861 1866 3928 jam

294 3950 583 4004 introducit
611 3953 769 4004 etiam
799 3951 1151 4005 differentiam
1184 3954 1591 4008 resurrectionis
1636 3963 1760 4008 tunc
1789 3953 1869 4007 fn-

294 4055 448 4094 surae.
480 4039 557 4095 Ne
582 4041 722 4095 enim
744 4079 760 4105 ,
789 4043 1039 4112 quoniam
1071 4045 1364 4098 seminatur
1386 4057 1568 4098 semen
1595 4056 1648 4098 et
1683 4059 1869 4098 omnes

295 4134 589 4187 ascendunt
628 4134 789 4201 Spicae
813 4173 828 4199 ,
864 4144 1142 4203 propterea
1172 4137 1445 4190 existimes
1478 4152 1656 4205 parem
1706 4138 1867 4191 etiam

298 4223 553 4279 honorem
581 4224 769 4279 essein
793 4227 1203 4283 resurrectione.
1233 4223 1444 4281 Etenim
1478 4245 1543 4281 ne
1572 4230 1621 4282 in
1646 4230 1865 4283 semini-

298 4316 395 4368 bus
414 4315 625 4384 quidem
646 4329 780 4368 unus
800 4324 882 4368 est
905 4317 1038 4370 ordo
1055 4334 1068 4369 ;
1089 4317 1219 4372 Nam
1241 4320 1340 4370 alia
1357 4317 1568 4387 quidem
1591 4331 1712 4374 sunt
1735 4334 1870 4388 prac—

295 4409 546 4459 stantiora
562 4415 615 4460 et
630 4397 953 4469 honestiora,
967 4401 1069 4462 alia
1083 4425 1208 4463 vero
1224 4409 1486 4463 deteriora
1507 4428 1520 4463 :
1536 4427 1699 4479 quare
1710 4413 1868 4466 etiam

295 4498 569 4565 subjunxit
599 4515 611 4550 :
645 4498 712 4550 Et
753 4498 1019 4560 unicuique
1059 4503 1323 4569 proprium
1368 4515 1570 4570 corpus.
1605 4500 1867 4558 C:eterum

294 4601 398 4642 non
420 4601 502 4644 est
527 4591 628 4644 hoc
654 4598 957 4653 contentus,
982 4590 1075 4644 sed
1097 4593 1253 4646 aliam
1276 4595 1466 4662 quaerit
1491 4591 1865 4659 differentiam,

296 4680 548 4748 majorem
579 4693 634 4736 et
664 4679 1101 4734 manifestiorem.
1133 4682 1261 4736 Nam
1293 4701 1358 4739 ne
1387 4699 1506 4738 eum
1536 4685 1828 4741 audivisses
1849 4725 1865 4749 ,

294 4768 431 4822 sicut
450 4772 579 4835 dixi,
611 4772 748 4840 quod
774 4784 962 4824 omnes
987 4780 1283 4839 resurgant,
1317 4771 1652 4828 existimares
1680 4792 1867 4830 omnes

293 4858 478 4913 eadem
511 4862 761 4930 consequi
791 4871 843 4914 et
873 4851 1056 4914 iisdem
1094 4858 1223 4926 frui,
1255 4859 1398 4928 prius
1418 4865 1631 4932 quidem
1657 4863 1786 4933 jecit
1817 4867 1869 4918 in

297 4953 716 5015 prseccdentibns
769 4955 973 5008 semina
1028 4950 1185 5020 lmjus
1235 4956 1556 5019 s‘ententire,
1610 4955 1795 5012 dicens
1850 4974 1864 5009 :

298 5039 646 5113 Unusquisque
673 5055 839 5099 autem
864 5045 915 5097 in
937 5042 1142 5115 proprio
1167 5041 1359 5096 ordine.
1388 5041 1532 5098 Facit
1559 5055 1734 5099 autem
1767 5047 1864 5101 hoc

292 5131 527 5198 apertius
553 5135 637 5188 hic
668 5150 880 5205 quoque
925 5149 1132 5201 rursus,
1159 5133 1382 5188 dicens:
1415 5133 1503 5189 59.
1546 5132 1666 5188 Non
1706 5141 1866 5192 annus

294 5239 414 5277 caro
437 5223 608 5276 eadem
636 5242 774 5281 caro.
802 5226 937 5293 Quid
965 5227 1106 5281 enim
1128 5266 1143 5292 ,
1189 5223 1392 5296 inquit,
1415 5227 1534 5282 dico
1562 5227 1612 5280 in
1645 5231 1836 5285 semini

296 5317 429 5370 bus?
460 5316 558 5367 hoc
599 5317 768 5383 ipsum
813 5317 1073 5387 agitemus
1117 5321 1276 5373 etiam
1321 5321 1372 5373 in
1414 5319 1760 5387 corporibus,
1802 5323 1868 5375 de

290 5407 481 5472 quibus
522 5418 550 5456 a
590 5407 742 5460 nobis
777 5423 917 5462 nunc
947 5409 1133 5476 agitur.
1169 5409 1524 5474 Quamobrem
1549 5405 1817 5478 subjungit
1846 5452 1861 5471 ,

290 5497 474 5550 dicens
504 5513 517 5549 :
553 5495 656 5550 Sed
685 5495 1008 5565 alia'quidem
1036 5515 1152 5551 caro
1178 5509 1248 5552 est
1275 5498 1550 5564 hominum,
1579 5499 1680 5552 alia
1701 5511 1866 5555 autem

291 5603 546 5652 perurunt,
587 5586 695 5640 alia
724 5587 1016 5652 volucrum,
1048 5587 1152 5642 alia
1180 5599 1347 5642 autem
1385 5591 1616 5660 piscium.
1664 5591 1750 5644 40.
1801 5592 1866 5645 Et

290 5691 503 5741 corpora
532 5676 752 5729 cu'lcstia
771 5717 786 5739 ,
813 5686 859 5728 et
884 5694 1094 5742 corpora
1117 5681 1367 5732 terrestria
1396 5697 1412 5731 :
1440 5680 1528 5732 sed
1550 5681 1648 5732 alia
1670 5681 1865 5746 quidem

289 5769 556 5820 t‘telcs'ium
594 5769 754 5836 gloria
781 5808 794 5828 ,
841 5767 940 5817 alia
983 5775 1145 5818 autem
1174 5773 1478 5822 terrestrium
1509 5787 1524 5822 .'
1553 5771 1637 5825 41.
1668 5771 1768 5824 alia
1794 5782 1865 5824 vat

626 5860 892 5918 PATROL.
943 5858 1054 5917 lin.
1107 5861 1257 5920 LXI.

1326 383 1391 442 ΙΝ
1428 377 1639 440 EPiST.
1684 381 1702 435 Ι
1765 378 1857 434 AD
1893 377 2045 436 (ΞΟΠ.
2091 378 2322 438 llOMlL.
2365 379 2501 438 XLI.

3452 390 3558 446 358

1985 493 2146 561 gloria
2175 495 2314 558 solis,
2345 503 2391 547 et
2428 496 2531 548 alia
2557 503 2628 549 cst
2655 495 2817 566 gloria
2849 495 2982 550 tuum
3002 540 3014 564 ,
3046 507 3092 551 ct
3121 499 3223 551 alia
3253 504 3413 571 gloria
3445 511 3560 561 stel-

1985 583 2150 635 larum
2179 598 2197 638 .'
2223 584 2370 637 stella
2398 585 2533 639 enim
2571 603 2602 637 a
2627 586 2770 640 stella
2800 587 2969 654 differt
2997 591 3049 641 iu
3077 589 3262 658 gloria.

2055 673 2108 726 5.
2151 672 2216 726 Et
2275 674 2402 742 quid
2431 675 2531 729 sibi
2580 676 2763 731 volunt
2803 678 2916 732 luce
2958 679 3164 734 verba?
3210 698 3440 751 quanam
3491 688 3558 743 de

1984 775 2139 816 caiisa
2168 777 2195 814 a
2225 765 2616 820 resurrectione
2643 781 2929 837 corporum
2957 770 3153 825 excidit
3179 772 3228 826 in
3257 776 3555 832 orationem

1983 853 2050 907 de
2079 853 2248 908 steiiis
2275 865 2328 909 et
2370 856 2523 911 sole?
2551 857 2666 913 Non
2696 859 2928 927 excidit,
2963 878 3134 932 neque
3168 866 3424 923 abductus
3463 870 3557 926 fuit

1982 945 2049 998 ab
2087 958 2400 1015 argumento
2420 987 2436 1012 ,
2464 950 2632 1017 absit,
2660 953 2753 1006 sed
2797 952 2848 1007 in
2877 969 2943 1008 eo
2972 956 3146 1011 adhuc
3185 958 3369 1015 lueret.
3424 963 3553 1018 Nam

1983 1035 2232 1102 quoniam
2259 1037 2504 1103 probavit
2531 1040 2671 1108 quod
2698 1041 2895 1096 dictum
2923 1054 3006 1099 est
3033 1046 3101 1100 de
3127 1054 3520 1110 resurrectione

1983 1126 2213 1180 ostendit
2246 1127 2389 1195 jam,
2437 1129 2577 1198 quod
2629 1140 2753 1185 tune
2791 1131 2984 1188 futurae
3027 1136 3212 1204 glorim
3255 1156 3444 1212 magna
3490 1147 3559 1198 sit

1981 1215 2277 1270 differentia
2301 1258 2316 1284 ,
2345 1220 2445 1273 etsi
2474 1234 2576 1274 una
2605 1230 2687 1275 est
2715 1226 3036 1280 resurrectio
3069 1244 3083 1280 :
3115 1234 3170 1282 et
3199 1231 3250 1283 in
3280 1233 3388 1286 duo
3417 1235 3557 1294 intc-

1983 1305 2081 1359 rim
2115 1307 2303 1361 dividit
2330 1309 2667 1377 universum,
2701 1329 2894 1384 nempe
2922 1315 2973 1371 in
3015 1318 3249 1376 ca-lestia
3280 1331 3334 1376 et
3359 1333 3558 1381 terres-

1985 1395 2107 1449 tria.
2136 1394 2265 1450 Nam
2297 1399 2437 1467 quod
2483 1414 2706 1469 Corpora
2736 1405 2951 1473 quidem
2984 1420 3296 1480 resurgant,
3327 1416 3560 1469 ostendit

1983 1498 2077 1552 per
2111 1485 2430 1542 frumentum
2483 1507 2497 1545 :
2540 1492 2679 1561 quod
2721 1505 2897 1550 autem
2941 1513 3044 1552 non
3076 1504 3251 1557 omnia
3290 1504 3340 1558 in
3371 1508 3556 1562 eadem

1981 1575 2168 1644 gloria.
2189 1575 2309 1631 hinc
2331 1580 2581 1633 ostendit.
2598 1582 2745 1636 Sicut
2760 1586 2900 1638 enim
2927 1603 3031 1642 non
3052 1592 3272 1647 credere
3290 1609 3558 1650 resurrec-

1984 1667 2133 1732 tioni,
2161 1668 2379 1736 supinos
2398 1670 2522 1724 facit
2545 1685 2559 1723 :
2590 1673 2659 1726 ita
2681 1675 2840 1729 etiam
2865 1680 3190 1747 negligentes
3214 1687 3383 1739 reddit
3405 1698 3454 1740 el
3474 1704 3559 1740 so-

1981 1757 2206 1823 cordes,
2231 1760 2536 1816 existimare
2574 1775 2761 1818 onmes
2787 1767 2971 1820 eadem
3009 1776 3260 1841 consequi
3290 1784 3342 1829 et
3369 1777 3554 1834 iisdem

1982 1845 2104 1901 frui.
2131 1847 2485 1913 Quamobrem
2522 1861 2802 1923 utrumque
2835 1857 3056 1928 corrigit
3081 1875 3095 1912 :
3119 1870 3173 1914 et
3207 1863 3308 1915 alia
3340 1867 3554 1932 quidem

1981 1937 2207 1992 absolvit
2227 1939 2278 1991 in
2302 1941 2741 2010 przrcedentibus,
2765 1946 2832 2000 ab
2857 1947 2956 2002 hoc
2975 1958 3148 2004 autem
3172 1967 3310 2006 nunc
3333 1954 3512 2024 incipit
3539 1976 3550 2011 :

1981 2041 2032 2085 et
2053 2047 2173 2086 cmn
2197 2035 2330 2088 duos
2354 2034 2568 2092 fecisset
2588 2039 2802 2094 ordines
2819 2041 3081 2110 justorum
3101 2052 3152 2098 et
3173 2057 3512 2114 peccatorum
3537 2092 3553 2113 ,

1982 2120 2078 2174 bos
2097 2123 2238 2190 ipsos
2260 2137 2443 2178 rursus
2463 2137 2608 2181 secat
2623 2129 2672 2181 in
2689 2130 2870 2199 plures
2889 2142 3091 2200 partes:
3111 2137 3398 2190 ostendens
3413 2143 3551 2208 quod

1982 2226 2154 2280 neque
2173 2213 2322 2280 justi,
2345 2230 2515 2285 neque
2533 2229 2836 2286 peceatores
2854 2224 3040 2279 eadem
3062 2238 3432 2298 assequentur;
3462 2249 3555 2286 nc-

1977 2315 2082 2368 quc
2103 2301 2225 2368 justi
2251 2318 2439 2358 ontnes
2458 2308 2643 2362 eadem
2663 2311 2919 2381 (jumjusti
2941 2317 3231 2386 alii,neque
3247 2333 3558 2389 peccatores

1978 2390 2166 2444 eadem
2187 2404 2645 2461 qnzepeecatores.
2673 2395 2960 2472 Facitergo
2979 2407 3206 2472 primum
3245 2426 3402 2465 unam
3431 2428 3552 2467 see-

1978 2481 2173 2535 tionem
2186 2483 2448 2551 justorum
2461 2494 2511 2540 et
2526 2493 3324 2568 peccatorum,dicens:Corpora
3335 2503 3553 2558 ca'lcst‘ia

1976 2583 2023 2624 et
2039 2587 2253 2640 corpora
2269 2578 2547 2642 terrestria;
2562 2592 2658 2648 per
2682 2584 2949 2637 terrestria
2971 2585 3186 2655 quidem
3207 2589 3303 2646 bos
3315 2593 3552 2649 subindi-

1972 2674 2226 2729 eans,per
2241 2666 2474 2721 czclcstia
2491 2677 2668 2725 autem
2689 2672 2826 2728 illos.
2849 2674 3051 2732 Deinde
3071 2678 3138 2734 de
3159 2690 3356 2738 etetero
3383 2685 3550 2742 intro-

1972 2751 2119 2805 ducit
2145 2753 2496 2810 differentiam
2524 2771 2864 2827 peccatorum
2878 2780 2906 2818 a
2922 2771 3309 2837 peccatoribus,
3327 2771 3510 2831 dicens
3531 2795 3546 2833 :

1979 2841 2098 2896 Non
2124 2846 2286 2898 onmis
2310 2860 2429 2900 caro
2452 2849 2624 2901 eadem
2649 2863 2798 2919 cara,
2822 2855 2912 2906 sed
2932 2857 3036 2910 alia
3066 2861 3266 2926 quidem
3292 2866 3502 2932 piscium
3532 2910 3545 2932 ,

1973 2934 2076 2988 alia
2100 2945 2265 2990 autem
2287 2939 2541 2992 volucrum
2563 2949 2609 2994 et
2633 2959 2888 3010 pecorum.
2913 2947 3070 3017 Atqui
3090 2961 3212 3005 sunt
3232 2955 3406 3009 onmia
3429 2970 3555 3012 cor--

1975 3041 2123 3095 pora,
2148 3029 2240 3082 sed
2263 3030 2364 3083 alia
2393 3032 2605 3099 quidem
2650 3035 2832 3090 viliora
2855 3047 2909 3093 et
2945 3038 3254 3128 abjec\ti0ra,
3294 3043 3397 3100 alia
3424 3063 3549 3104 vero

1972 3119 2166 3170 minus.
2198 3117 2251 3171 In
2276 3119 2379 3172 vita
2405 3135 2618 3191 quoque
2639 3122 2884 3181 similiter
2905 3127 3027 3182 etin
3056 3117 3242 3188 eadem
3274 3138 3547 3192 constitu—

1974 3212 2134 3264 tione.
2164 3211 2365 3266 Etcum
2396 3214 2496 3268 hoc
2515 3210 2758 3280 dixisset,
2781 3217 3023 3274 ascendit
3045 3237 3229 3278 rursus
3254 3225 3307 3278 in
3329 3227 3546 3292 ctelum,

1971 3302 2186 3356 dicens:
2213 3302 2326 3355 Alia
2350 3304 2511 3375 gloria
2525 3307 2666 3373 solis,
2693 3318 2740 3362 et
2762 3308 2866 3363 alia
2878 3313 3044 3381 gloria
3065 3315 3218 3370 lance.
3241 3312 3389 3373 Sicut
3404 3307 3547 3374 enim

1973 3394 2022 3446 in
2044 3394 2381 3448 terrestribus
2415 3399 2727 3466 corporibus
2751 3410 2834 3454 cst
2859 3399 3181 3472 dilferentia,
3212 3408 3280 3462 ita
3308 3409 3469 3464 etiam
3495 3414 3545 3467 in

1969 3484 2267 3539 caelestibus
2283 3495 2366 3540 est
2380 3485 2699 3557 differentia,
2712 3505 2879 3561 caque
2893 3508 2995 3548 non
3009 3497 3260 3566 volgaris,
3275 3502 3368 3554 sed
3387 3504 3546 3559 etiam

1971 3576 2216 3644 usquead
2238 3587 2496 3636 extrema.
2516 3580 2629 3633 Non
2646 3583 2816 3637 solum
2834 3585 2975 3639 enim
2993 3598 3076 3642 est
3092 3585 3388 3647 differentia
3418 3596 3547 3651 solis

1970 3680 1997 3717 a
2016 3666 2156 3730 luna,
2179 3681 2349 3735 neque
2368 3669 2750 3736 lunzcastellis,
2769 3675 2862 3728 sed
2880 3676 3038 3731 etiam
3067 3679 3338 3736 stellarum
3361 3699 3390 3738 a
3418 3687 3548 3741 stel-

1971 3757 2052 3808 lis.
2073 3754 2202 3809 Nam
2221 3758 2427 3813 etiamsi
2450 3761 2624 3814 omnia
2651 3763 2756 3817 sint
2787 3767 2838 3819 in
2862 3767 3015 3832 etelo,
3039 3769 3138 3823 alia
3173 3781 3347 3828 tamen
3376 3778 3545 3846 majo-

1970 3861 2102 3912 rem,
2118 3848 2219 3901 alia
2240 3865 2364 3903 vero
2381 3851 2638 3907 minorem
2657 3852 2852 3909 habent
2868 3857 3109 3926 gloriam.
3125 3861 3259 3929 Quid
3278 3879 3405 3935 ergo
3423 3869 3546 3922 hinc

1968 3938 2260 3995 discimus?
2278 3936 2427 4006 Quod
2446 3944 2650 3998 etiamsi
2674 3961 2860 4001 omnes
2883 3948 2988 4002 sint
3018 3950 3068 4003 in
3101 3967 3283 4022 regno,
3302 3971 3408 4010 non
3430 3973 3546 4012 om-

1972 4045 2065 4084 nes
2091 4041 2264 4085 tamen
2301 4033 2486 4087 eadem
2515 4048 2916 4106 consequentur
2943 4049 2996 4094 ct
3022 4042 3208 4098 iisdem
3261 4044 3539 4105 fruentur:

1970 4121 2176 4175 etiamsi
2221 4135 2409 4177 omnes
2454 4131 2761 4194 peccatores
2800 4131 2850 4183 in
2895 4131 3175 4200 gehenna,
3225 4153 3331 4192 non
3357 4154 3546 4196 omnes

1970 4212 2154 4265 eadem
2202 4209 2556 4270 sustinebunt.
2592 4214 2657 4270 Et
2716 4219 2836 4274 ideo
2891 4222 3164 4291 sulijumit
3211 4243 3223 4279 :
3256 4229 3343 4282 62.
3373 4229 3463 4284 Sic
3495 4243 3546 4285 et

1969 4305 2266 4357 resurrectio
2321 4313 2667 4364 mortuorum.
2729 4310 2847 4379 Sic,
2903 4320 3213 4385 quomodo?
3273 4324 3323 4376 in
3384 4324 3544 4376 multa

1970 4391 2292 4447 dilferentia.
2341 4391 2540 4452 Deinde
2591 4397 2692 4453 hac
2742 4409 3010 4469 tmnquam
3059 4405 3276 4471 probata
3324 4409 3543 4466 dimissa

1970 4479 2229 4548 oratione,
2253 4489 2436 4539 rursus
2459 4490 2601 4543 venit
2625 4490 2690 4543 ad
2718 4491 3226 4551 demonstrationem
3250 4508 3303 4553 et
3327 4501 3543 4555 modum

1973 4574 2138 4645 ipsius
2191 4577 2625 4642 resurrectionis,
2659 4581 2886 4635 dicens:
2923 4584 3219 4640 Seminatur
3263 4589 3314 4642 iu
3364 4607 3538 4643 corru-

1971 4664 2163 4734 ptione,
2197 4677 2363 4738 surget
2393 4669 2442 4720 in
2471 4668 2863 4735 incorruptione.
2914 4672 3044 4726 Vide
3081 4685 3255 4728 autem
3302 4680 3541 4746 pruden-

1971 4759 2096 4811 tiam
2130 4775 2142 4808 ε
2179 4758 2229 4811 in
2261 4758 2555 4812 seminibus
2582 4757 2797 4825 quidem
2833 4775 2960 4814 usus
2986 4771 3070 4816 est
3101 4767 3320 4822 nomine
3349 4783 3543 4839 eorpo-

1970 4861 2109 4910 rum,
2139 4846 2321 4902 dicens
2369 4864 2382 4898 :
2434 4841 2555 4899 Non
2584 4847 2899 4915 vivi/iratur,
2933 4853 3031 4905 nisi
3071 4857 3222 4922 fuerit
3256 4870 3546 4923 mortuum;

1973 4935 2022 4991 in
2049 4939 2363 5006 corporibus
2386 4946 2562 4990 autem
2590 4940 2949 5009 appellatione
2970 4946 3233 4998 seminmn
3261 4982 3277 5011 ,
3307 4947 3495 5004 dicens
3527 4970 3542 5004 :

1976 5029 2262 5083 Semiuatur
2287 5030 2339 5081 in
2362 5031 2712 5094 corruptione,
2741 5034 2898 5103 surgit
2923 5035 2974 5086 in
2994 5036 3398 5106 incorruptione.
3428 5042 3541 5100 Non

1971 5122 2096 5174 .lieit
2115 5163 2129 5186 ,
2158 5119 2422 5181 Nascitur,
2451 5136 2517 5174 ne
2546 5123 2818 5177 existimes
2859 5139 2978 5177 esse
3019 5141 3153 5194 opus
3186 5137 3340 5186 terrae
3361 5173 3375 5195 ,
3421 5136 3539 5200 sed,

1979 5213 2170 5282 Surgit.
2201 5209 2618 5267 Scminationcm
2641 5225 2819 5268 autem
2859 5215 2941 5268 hic
2968 5216 3130 5282 dicit,
3163 5237 3266 5276 non
3308 5234 3542 5278 nostram

1970 5305 2018 5353 in
2064 5303 2279 5354 matrice
2307 5303 2737 5372 generationem,
2776 5303 2868 5357 sed
2896 5305 3268 5364 defunctorum
3312 5313 3363 5364 in
3402 5323 3542 5369 terra

1970 5393 2316 5462 sepulturam,
2357 5392 2799 5455 dissolutionem,
2858 5394 3114 5451 cinerem.
3185 5399 3541 5465 Quamobrem

1969 5501 2088 5540 cum
2115 5485 2369 5550 dixisset,
2404 5484 2695 5540 Seminatur
2723 5487 2776 5538 in
2813 5491 3166 5556 corruptione,
3198 5495 3357 5561 surgit
3387 5496 3438 5547 iu
3465 5498 3539 5547 iu-

1970 5576 2307 5645 corruptioue,
2339 5574 2618 5644 subjunxit
2648 5593 2660 5629 :
2693 5577 2782 5630 45.
2813 5577 3104 5631 Seminatur
3131 5581 3182 5632 in
3209 5583 3539 5650 ignobilitate.

1969 5668 2104 5737 Quid
2132 5671 2272 5725 enim
2300 5679 2382 5725 est
2413 5670 2526 5724 visu
2552 5670 2752 5738 turpius
2777 5687 2933 5740 quam
2960 5687 3154 5739 eorpns
3184 5676 3324 5741 quod
3357 5678 3539 5730 disso..

1976 5771 2135 5818 ιιιῃιιιι
2163 5767 2277 5821 (ιειῖ
2312 5765 2484 5837 Surgil
2517 5775 2573 5811 in
2600 5763 2762 5829 gloria
2792 5779 2808 5814 :
2842 5764 3116 5814 seminatur
3143 5764 3193 5814 in
3230 5767 3530 5832 inﬁrmitate.

3093 5853 3169 5911 ‘23
