4028 6222
487 369 591 425 559
1184 364 1240 419 s.
1278 362 1549 419 JDANNIS
1583 361 2055 417 cumsosrout
2098 361 2403 417 ARCIIIEP.
2446 366 2973 430 consummes.
3613 392 3717 447 suo

488 480 728 535 Nondum
747 478 889 533 enim
908 488 1034 533 sunt
1056 478 1267 545 triginta
1288 476 1426 537 dies.
1446 485 1500 527 et
1526 476 1681 541 periit
1700 472 2002 526 universum
2028 489 2044 526 :

488 586 587 625 nec
632 579 804 637 petest
839 581 1070 623 carose
1099 566 1419 627 «inlinere,
1479 577 1650 630 neque
1703 577 1863 614 unum
1905 561 2046 614 dicm

484 662 696 716 durare.
728 658 979 729 Surgitur
1005 658 1200 711 uirtute.
1232 655 1382 708 Tunc
1426 654 1571 711 enim
1616 652 1732 720 ejus
1776 652 1904 705 nihil
1960 666 2049 705 su-

486 753 685 820 pererit
740 750 1023 820 reliquum.
1090 748 1378 814 Propterea
1423 756 1478 798 et
1526 743 1629 798 illis
1680 758 1814 812 opus
1863 743 2047 795 habuit

483 841 764 911 exemplis,
796 856 864 894 ne
894 838 1043 892 multi
1076 837 1191 889 hinc
1218 835 1516 899 audientes,
1545 847 1737 900 nempe
1764 831 1903 901 quod
1934 846 2052 883 sur-

481 940 615 999 gunt
646 932 698 984 in
725 928 1120 996 incorruptione
1166 933 1221 978 et
1244 924 1411 993 gloria
1452 932 1507 977 et
1546 923 1739 976 virtute
1759 962 1773 985 ,
1805 929 2050 989 putarent

486 1017 871 1087 resurgentium
902 1015 1094 1069 nullam
1124 1028 1244 1067 esse
1272 1012 1643 1066 dill'erentiam.
1691 1011 1821 1064 Nam
1863 1024 2050 1062 omnes

485 1106 697 1174 quidem
726 1114 1024 1174 resurgunt,
1051 1116 1104 1157 ct
1130 1105 1181 1156 in
1210 1105 1400 1155 virtute
1421 1112 1474 1154 et
1502 1103 1553 1154 in
1579 1100 1977 1196 incorruptione
1997 1108 2051 1150 et

488 1195 541 1247 in
571 1194 735 1262 gloria
768 1195 864 1247 hac
890 1191 1299 1259 incorruptiouis
1319 1230 1335 1253 ,
1363 1205 1469 1242 non
1498 1198 1668 1241 tamen
1700 1200 1887 1239 omnes
1908 1191 2051 1252 ejus-

485 1282 607 1337 dem
631 1283 850 1335 honoris
872 1291 927 1335 et
945 1280 1264 1334 securitatis.
1291 1279 1385 1331 44.
1419 1277 1715 1330 Sentinatur
1739 1291 1921 1343 corpus
1940 1276 2050 1326 ani-

485 1371 633 1434 male,
659 1372 820 1440 surgit
849 1386 1033 1427 corpus
1061 1367 1342 1435 spirituale.
1376 1364 1467 1417 Est
1492 1380 1675 1429 corpus
1709 1364 1959 1426 animale,
2004 1373 2051 1415 et

480 1470 555 1515 est
579 1475 763 1529 corpus
799 1458 1080 1524 spirituale.
1126 1454 1262 1523 Quid
1296 1454 1468 1508 dicis?
1498 1454 1598 1505 hoc
1648 1462 1825 1505 autem
1877 1467 2052 1505 nonne

488 1560 570 1604 est
595 1548 912 1617 spirituale?
953 1546 1240 1615 Spiritualc
1281 1546 1530 1614 quidem,
1571 1543 1665 1596 sed
1707 1543 1833 1596 illud
1883 1543 2047 1596 multo

488 1639 676 1706 magis.
706 1636 835 1690 Nam
862 1651 1001 1689 nunc
1023 1635 1237 1704 quidem
1264 1648 1406 1701 saepe
1436 1633 1608 1685 avolat
1635 1632 1858 1699 Spiritus
1871 1630 2049 1686 Sancti

486 1727 646 1779 multa
693 1725 858 1793 gratia
893 1725 1157 1794 aliquibus
1188 1737 1378 1790 magna
1412 1720 1763 1791 peccantibus
1782 1760 1798 1785 ,
1826 1728 1879 1772 et
1909 1733 2050 1787 prte-

470 1825 637 1869 scnte
664 1828 874 1883 quoque
900 1814 1088 1881 spiritu
1119 1811 1331 1871 animat,
1369 1810 1547 1862 avolat
1586 1809 1691 1861 vita
1733 1810 1945 1871 carnis;
1992 1814 2049 1859 et

485 1903 627 1971 quod
668 1912 749 1956 est
785 1900 1119 1969 huiusmodi,
1163 1899 1362 1967 alisque
1401 1898 1501 1950 hoc
1544 1906 1628 1950 est
1678 1898 1833 1993 inane
1878 1910 1891 1945 :
1925 1903 2049 1992 tunc

486 2001 663 2044 autent
697 2006 801 2043 non
832 1991 935 2051 sic,
960 1988 1051 2042 sed
1094 1996 1351 2055 perpetuo
1400 1992 1675 2053 permanet
1707 1988 1757 2034 in
1784 1997 1943 2034 carne
1963 1988 2051 2049 ju-

486 2091 717 2143 storum,
750 2089 801 2132 et
842 2078 956 2147 ejus
982 2079 1085 2131 erit
1113 2086 1348 2145 potestas
1373 2083 1427 2127 et
1466 2074 1743 2141 imperium
1795 2082 2054 2139 prmscnte

486 2186 696 2239 quoque
723 2170 919 2220 anima.
950 2170 1054 2220 Aut
1081 2167 1221 2220 enim
1265 2165 1367 2217 tale
1393 2162 1517 2232 quid
1550 2163 1936 2228 subindicavit,
1974 2162 2052 2215 di-

493 2274 623 2312 cens
651 2258 963 2326 Spirituate;
987 2263 1079 2309 aut
1112 2254 1253 2323 quod
1290 2252 1522 2306 futurum
1549 2252 1619 2305 sit
1646 2253 1814 2307 levius
1841 2262 1894 2306 et
1920 2254 2050 2306 sub-

489 2347 651 2411 tilius,
674 2357 728 2399 et
754 2345 895 2415 quod
927 2346 1090 2413 possit
1125 2344 1284 2398 etiam
1316 2342 1433 2396 vehi
1466 2343 1521 2395 in
1550 2357 1710 2405 aere;
1744 2343 1827 2396 vel
1873 2344 2050 2410 potius

489 2446 786 2504 utrumque.
821 2435 873 2487 Si
904 2447 1079 2488 autem
1110 2448 1213 2487 non
1240 2432 1415 2487 credis
1439 2433 1486 2486 ei
1517 2433 1658 2503 quod
1683 2432 1901 2494 dicitur,
1932 2431 2053 2485 vide

485 2540 709 2594 corpora
739 2524 972 2577 cu-lestia
1014 2538 1131 2591 qua:
1161 2532 1280 2575 sunt
1305 2531 1409 2575 tam
1440 2522 1719 2589 splendida
1759 2531 1809 2574 et
1839 2520 2054 2574 durabi-

486 2616 575 2676 lia,
616 2623 669 2668 et
699 2622 1006 2681 permanent
1058 2615 1109 2665 in
1146 2611 1449 2666 conditione
1487 2627 1593 2662 non
1619 2612 1962 2674 senescendi;
2004 2621 2057 2665 et

488 2704 611 2755 hinc
638 2702 762 2757 cred
776 2717 826 2763 c,
859 2701 996 2767 quod
1027 2701 1162 2753 Deus
1185 2709 1357 2767 potest
1378 2698 1549 2753 facere
1575 2699 1686 2753 haec
1710 2714 1917 2769 quoquc
1938 2715 2057 2755 eor-

485 2792 754 2859 ruptibilia
803 2782 1216 2859 inco'rruptibilia
1271 2788 1426 2851 ﬁeri,
1495 2797 1550 2842 et
1623 2791 1790 2844 multo
1837 2792 2055 2843 meliora

486 2883 551 2935 iis
577 2898 693 2950 quae
720 2890 1026 2935 cernuntur.
1058 2881 1152 2935 45.
1185 2881 1330 2933 Sicut
1355 2882 1598 2948 scriptum
1625 2891 1696 2931 est
1721 2894 1740 2932 :
1772 2880 1965 2933 Factus
1985 2890 2057 2934 est

486 2971 674 3038 primus
697 2969 845 3023 homo
867 2972 918 3021 in
944 2968 1166 3019 animum
1191 2968 1471 3032 vitiatam;
1496 2967 1792 3021 missimus
1823 2969 1983 3022 Adam
2006 2972 2057 3022 in

489 3059 721 3125 spiritum
762 3057 1111 3124 viviﬁcantem.
1152 3057 1310 3124 Atqui
1363 3054 1491 3109 illud
1535 3056 1746 3125 quidem
1802 3060 2054 3126 scriptum

479 3158 567 3203 est
601 3146 751 3218 (Gen.
776 3146 830 3200 2.
858 3146 947 3217 7),
978 3146 1080 3200 hoc
1102 3154 1280 3200 autem
1310 3161 1415 3198 non
1437 3156 1520 3199 est
1569 3148 1821 3214 scriptum
1868 3164 1881 3199 :
1923 3162 2054 3229 quo-

495 3237 655 3290 modo
675 3250 805 3306 ergo
828 3234 961 3289 dixit
980 3273 997 3299 ,
1025 3234 1282 3303 Scriptum
1310 3244 1378 3287 est
1396 3235 1421 3287 ἵ
1445 3236 1487 3286 Δ
1506 3250 1693 3288 rerum
1739 3247 1928 3289 eventu
1960 3232 2059 3292 hoc

494 3328 868 3395 interpretatus
899 3343 911 3377 :
938 3323 1077 3393 quod
1111 3323 1247 3377 solet
1282 3322 1495 3377 assidue
1551 3322 1745 3378 facere.
1777 3325 1868 3379 Est
1915 3330 2057 3380 enim

495 3414 582 3467 hic
608 3430 721 3469 tuos
748 3415 1022 3483 propheta:
1050 3428 1064 3465 :
1095 3413 1291 3468 etenim
1326 3412 1622 3470 Jerusalem
1665 3414 1929 3469 civitatem
1968 3418 2055 3482 ju-

499 3505 659 3559 stitia:
692 3504 985 3558 rut-audam
1011 3504 1125 3558 lore
1154 3505 1285 3558 dixit
1317 3508 1570 3573 propheta
1604 3505 1784 3573 (Zuch.
1814 3509 1865 3561 8.
1894 3509 1973 3576 5),
2004 3519 2058 3562 et

484 3609 599 3648 non
628 3604 707 3648 est
728 3604 938 3649 vocata.
966 3593 1102 3660 Quid
1116 3593 1288 3663 ergo?
1310 3593 1572 3648 falsumne
1599 3596 1729 3648 dixit
1764 3598 2057 3665 propheta?

493 3683 833 3753 Nequaquam
865 3699 880 3737 :
910 3698 1029 3737 nam
1057 3684 1197 3737 illam
1227 3684 1439 3752 quidem
1470 3685 1547 3738 sic
1582 3687 1875 3738 secandam
1923 3688 2057 3741 dixit

496 3789 591 3843 per
619 3788 793 3827 rerum
836 3781 1102 3827 eventum.
1132 3772 1398 3826 Christum
1439 3790 1650 3843 quoque
1687 3776 1820 3829 dixit
1861 3791 2045 3830 vocan-

493 3864 619 3917 dum
652 3862 1049 3917 Emmanuelem
1081 3859 1231 3929 (Itai.
1260 3862 1309 3915 7.
1346 3859 1466 3932 li);
1494 3873 1547 3917 et
1586 3880 1683 3918 nec
1713 3866 1825 3934 ipse
1849 3882 2057 3937 quoque

495 3955 575 4007 sic
612 3960 697 4007 est
726 3962 964 4013 vocatus,
999 3949 1092 4003 sed
1113 3964 1208 4003 res
1240 3950 1365 4019 ipsa:
1395 3950 1745 4022 liancvocem
1784 3957 2055 4010 emittunt.

496 4045 568 4099 lla
587 4042 889 4111 hicqtroque
902 4038 953 4093 Ν
958 4038 1381 4093 ουὶεεὶηιαεΑιιαηι
1399 4040 1449 4092 in
1461 4042 1689 4107 spiritum
1708 4045 2052 4111 viviﬁcantem.

562 4133 615 4184 4.
640 4132 763 4183 llaec
800 4137 973 4183 autem
1001 4128 1154 4193 dixit,
1187 4137 1244 4181 ut
1268 4130 1462 4192 discas,
1517 4132 1654 4199 quod
1685 4143 1736 4186 et
1767 4136 1885 4189 vita:
1915 4152 2054 4203 pree-

497 4219 664 4272 sentis
690 4227 743 4270 et
768 4217 955 4270 l'ttturte
979 4216 1087 4283 jam
1117 4226 1377 4270 venerunt
1404 4218 1552 4286 signa
1580 4229 1631 4272 et
1664 4221 1899 4290 pignora:
1932 4240 2058 4291 prae-

499 4308 665 4359 sentis
693 4306 904 4375 quidem
954 4306 1141 4367 Adam,
1173 4304 1361 4359 futura:
1406 4315 1581 4360 autem
1626 4308 1885 4364 Christus.
1925 4313 2054 4367 Nam

420 4422 423 4423 ν
498 4396 746 4463 (ιυοιιίωη
778 4411 896 4465 qua:
942 4404 1064 4448 sunt
1116 4395 1337 4448 meliora
1389 4398 1537 4463 ponit
1571 4398 1621 4450 in
1659 4413 1784 4465 Spe,
1829 4406 2058 4457 ostendit

501 4485 812 4555 principium
839 4485 945 4553 jam
966 4486 1228 4548 evenisse,
1249 4498 1301 4539 et
1325 4488 1553 4541 radicem
1582 4501 1635 4542 ct
1668 4491 1863 4547 fontem
1892 4510 2055 4566 appa-

504 4575 693 4627 ruisse.
718 4573 771 4627 Si
794 4583 967 4626 autem
982 4574 1134 4627 radix
1156 4584 1209 4627 et
1226 4574 1343 4628 fons
1365 4586 1446 4628 est
1462 4580 1703 4633 omnibus
1724 4583 2056 4653 tiiauil‘estus,

504 4662 630 4716 nihil
648 4674 729 4717 est
749 4662 1094 4717 dubitandum
1117 4662 1183 4717 de
1205 4663 1480 4718 fructibus.
1498 4666 1696 4722 Etidco
1717 4672 1866 4737 dicit,
1885 4673 2061 4727 Novis-

498 4752 656 4804 simus
686 4752 847 4802 Adam
875 4754 929 4802 in
957 4753 1190 4819 spiritum
1237 4756 1674 4821 oiviﬁcantem:et
1693 4763 1816 4815 alibi
1847 4780 2059 4833 qucque

499 4842 650 4898 dicit.
689 4841 971 4908 Viviﬁcubit
1000 4845 1230 4894 mortalia
1248 4862 1460 4913 corpora
1483 4859 1642 4901 vestra
1663 4869 1752 4919 per
1768 4856 2059 4910 inhabitan—

501 4943 599 4983 tem
628 4930 877 5000 Spiritum
904 4932 960 4983 in
988 4930 1124 4984 vobis
1145 4930 1319 5000 (Rom.
1340 4935 1393 4986 8.
1417 4935 1523 5002 ll).
1558 4937 1652 4989 Est
1679 4956 1806 5007 ergo
1831 4942 2060 5009 Spiritus

496 5020 789 5075 vivificare.
812 5022 1017 5075 Deinde
1039 5037 1105 5076 ne
1125 5023 1387 5091 quispiam
1413 5024 1647 5091 diceret,
1679 5028 1788 5083 Cur
1808 5045 1933 5086 sunt
1961 5051 2059 5089 au-

494 5111 727 5180 tiquiora
770 5125 829 5162 ea
870 5127 987 5178 qua:
1030 5124 1153 5165 sunt
1199 5115 1418 5181 pejora;
1456 5125 1510 5169 et
1546 5132 1664 5186 qua:
1693 5132 1814 5175 sunt
1848 5125 2059 5193 quidem

510 5200 895 5264 tnimalia,tota
927 5213 1237 5268 evenerunt,
1255 5216 1571 5262 nectantum
1593 5226 1758 5281 usque
1782 5215 1846 5268 ad
1876 5219 2063 5285 primi-

500 5292 627 5353 tias,
648 5307 763 5359 quze
788 5298 968 5343 autem
991 5294 1305 5360 spiritualia,
1335 5310 1438 5349 non
1466 5298 1564 5352 nisi
1595 5316 1759 5371 usque
1786 5307 1851 5360 ad
1882 5312 2063 5376 primi-

502 5381 639 5431 tias?
663 5379 891 5436 ostendit
912 5380 1185 5451 utrimque
1206 5385 1458 5454 principia
1477 5387 1545 5440 ita
1572 5387 1735 5447 fuisse
1752 5400 2058 5455 constituta.

498 5468 589 5523 46.
621 5468 725 5521 Sed
767 5489 865 5524 non
912 5474 1088 5540 prius,
1134 5475 1324 5543 inquit,
1370 5479 1505 5545 quod
1561 5483 1825 5549 spirituale
1850 5502 1941 5550 est.
1972 5495 2060 5545 sed

499 5558 633 5625 quod
660 5559 879 5613 animale
903 5578 921 5614 :
960 5564 1139 5613 deinde
1180 5566 1316 5633 quod
1354 5568 1637 5635 spirituale.
1673 5574 1784 5629 Non
1815 5580 1943 5635 dicit
1966 5598 2058 5637 au-

502 5656 630 5711 tem,
656 5666 841 5719 quare,
884 5653 978 5708 sed
1002 5638 1092 5708 est
1124 5666 1406 5713 contentus
1435 5659 1529 5717 Dei
1559 5664 1890 5727 ordinatione
1912 5716 1926 5739 ,
1963 5678 2057 5730 ha-

2155 472 2284 529 bens
2329 481 2649 533 sententiam
2678 498 2797 549 qua:
2820 488 3060 553 procedit
3083 504 3112 542 a
3136 492 3294 546 rebus
3318 535 3333 559 ,
3359 496 3715 555 testimonioin

2153 560 2408 618 ferentem
2448 569 2663 634 optima:
2708 572 2802 625 Dei
2846 574 3313 645 administrationi,
3345 595 3400 638 et
3428 588 3715 644 ostendens

2150 651 2290 717 quod
2304 668 2395 706 res
2412 665 2608 709 nostra:
2627 673 2839 728 semper
2861 663 3154 729 procedunt
3170 669 3237 721 ad
3256 670 3308 723 id
3329 673 3471 741 quod
3496 686 3580 729 est
3600 693 3710 733 me-

2153 740 2254 793 lius
2271 757 2335 795 ac
2351 746 2687 811 praestantius
2718 765 2730 801 :
2750 750 2911 803 simul
2945 753 3109 807 etiam
3136 754 3257 810 hinc
3273 740 3484 830 quoque
3501 765 3549 817 ei
3573 769 3713 834 quod

2150 828 2275 882 dicit
2290 830 2445 885 iidem
2464 833 2682 889 iaciens.
2704 837 2834 891 Nam
2847 841 2891 893 si
2913 856 3033 909 qua:
3047 853 3169 897 sunt
3182 828 3713 923 minor-serenean

2152 921 2494 991 multomagis
2522 941 2640 993 quae
2666 938 2788 981 sunt
2821 931 3039 985 meliora
3068 943 3193 989 sunt
3212 943 3585 1004 exspectanda.

2223 1010 2414 1064 Μοτιυὶ
2433 1031 2532 1067 non
2554 1018 2700 1069 nimis
2726 1020 2948 1089 lugendi,
2970 1025 3060 1076 sed
3086 1026 3313 1093 precibus
3348 1031 3565 1085 “bonis
3590 1050 3712 1103 ope-

2152 1098 2287 1151 ribus
2318 1102 2560 1168 iuvandi.
2608 1134 2678 1145 ——
2721 1107 2853 1161 Cum
2898 1126 3027 1179 ergo
3060 1112 3295 1168 futurum
3334 1118 3406 1171 sit
3432 1128 3488 1173 ut
3524 1098 3717 1178 talibus

2155 1186 2390 1276 fruamur
2414 1192 2589 1257 bonis,
2616 1212 2716 1250 nos
2742 1200 2796 1252 in
2828 1199 2928 1256 hoc
2968 1203 3157 1258 ordine
3205 1206 3547 1276 collocemus,
3569 1222 3623 1265 et
3648 1229 3717 1267 ne

2153 1275 2443 1333 deﬂeamus
2464 1298 2556 1336 eos
2580 1287 2668 1352 qui
2695 1288 2978 1351 excedunt,
3005 1293 3099 1346 sed
3138 1308 3233 1348 eos
3268 1297 3356 1362 qui
3388 1275 3546 1351 vitam
3578 1292 3716 1354 male

2154 1366 2360 1424 ﬁniunt.
2393 1371 2522 1425 Nam
2544 1382 2599 1426 et
2619 1377 2849 1443 agricola
2869 1392 2987 1431 cum
3016 1381 3213 1435 viderit
3234 1383 3450 1439 dissolvi
3481 1386 3715 1443 frumen-

2155 1466 2290 1525 tum,
2316 1474 2419 1512 uon
2444 1462 2784 1530 lamentatur,
2817 1466 2909 1520 sed
2934 1470 3186 1536 quamdiu
3216 1473 3430 1541 quidem
3462 1476 3605 1531 videt
3629 1492 3718 1531 so-

2154 1545 2314 1600 lidum
2334 1564 2552 1604 manere
2575 1552 2625 1604 in
2651 1561 2811 1617 terra,
2837 1566 3053 1611 veretur
3077 1566 3540 1631 et’contremiscit;
3572 1575 3716 1636 pou-

2153 1650 2307 1702 quam
2336 1647 2511 1691 autern
2544 1639 2700 1693 l'ucrit
2723 1641 3060 1711 dissolutum,
3091 1648 3317 1702 laetatur.
3343 1651 3551 1706 Initium
3575 1655 3715 1707 enim

2157 1723 2344 1777 futura:
2370 1728 2624 1780 sementis
2650 1738 2730 1781 est
2759 1731 3059 1787 dissolutio.
3112 1736 3201 1789 Sic
3224 1754 3328 1792 nos
3352 1756 3560 1809 quoque
3592 1754 3715 1798 tunc

2157 1812 2417 1878 Iastemur,
2445 1819 2846 1872 cumceciderit
2880 1821 3141 1876 domusiu
3171 1840 3329 1894 quam
3372 1831 3513 1885 cadit
3540 1833 3720 1887 interi-

2157 1909 2244 1954 tus
2265 1941 2284 1967 ,
2335 1905 2545 1970 quando
2587 1907 2745 1961 homo
2777 1908 2945 1965 fuerit
2974 1915 3283 1969 semiustus.
3328 1917 3435 1972 Nec
3462 1923 3670 1978 mireris
3692 1966 3714 1990 ,

2157 1992 2198 2043 si
2221 1994 2543 2059 sepulturam
2574 1998 2773 2050 vocarit
2799 2010 3137 2067 sementem;
3167 2018 3230 2058 ea
3253 2006 3393 2059 enim
3423 2018 3504 2061 est
3529 1984 3743 2065 melior.

2155 2084 2427 2136 sementis.
2454 2084 2585 2138 Nam
2608 2086 2680 2140 illi
2711 2090 2925 2157 quidem
2953 2093 3194 2147 succedit
3220 2110 3369 2152 mors
3391 2109 3447 2152 et
3467 2099 3709 2165 labores,

2157 2173 2389 2239 pericula
2415 2185 2470 2229 et
2488 2191 2631 2231 cura:
2664 2196 2678 2231 :
2709 2179 2830 2234 huic
2870 2191 3071 2247 autem,
3094 2184 3305 2241 sirecte
3333 2188 3603 2257 vinnula,
3628 2205 3718 2245 co-

2158 2276 2303 2314 roum
2329 2272 2385 2316 et
2414 2272 2664 2331 praemia:
2698 2277 2753 2321 et
2776 2269 2850 2323 illi
2873 2271 3084 2339 quidem
3112 2277 3383 2342 corruptio
3400 2293 3464 2332 ac
3480 2280 3720 2334 interitus

2157 2361 2213 2403 et
2242 2366 2415 2413 mors;
2447 2353 2570 2406 huic
2587 2365 2764 2409 autem
2796 2358 3012 2413 interitu
3055 2375 3262 2427 were,
3308 2365 3634 2426 itieorruutio
3665 2382 3721 2425 et

2159 2440 2548 2508 immortalitas,
2569 2452 2625 2498 et
2652 2445 2788 2499 bona
2818 2447 3221 2505 innumerabilia
3251 2470 3266 2507 :
3300 2453 3350 2508 in
3380 2455 3470 2510 illa
3498 2462 3719 2515 semina-

2157 2529 2301 2584 tione
2350 2541 2473 2585 sunt
2502 2533 2815 2604 complexus
2862 2546 2917 2591 ct
2952 2540 3250 2608 voluptates
3293 2553 3345 2598 et
3382 2560 3636 2613 somnus;
3665 2551 3718 2606 in

2160 2617 2257 2672 hac
2280 2628 2460 2674 autem
2491 2638 2591 2676 vox
2620 2624 2793 2679 solum
2823 2641 2855 2682 e
2878 2628 3026 2681 ctelis
3052 2629 3384 2689 descendens
3404 2675 3422 2701 ,
3451 2648 3505 2690 et
3541 2641 3717 2695 omnia

2158 2707 2311 2761 simul
2341 2721 2559 2777 repente
2588 2713 2952 2780 perficiuntur.
2982 2716 3047 2769 Et
3073 2720 3166 2785 qui
3191 2724 3443 2791 resurgit,
3467 2739 3573 2780 non
3602 2742 3716 2782 atu-

2161 2797 2298 2864 plius
2320 2796 2569 2871 deinceps
2587 2800 2868 2855 adducitur
2887 2802 2953 2855 ad
2982 2804 3142 2865 vitam
3170 2806 3507 2876 laboriosam,
3534 2815 3627 2869 sed
3649 2817 3718 2871 ad

2160 2901 2277 2939 eam
2307 2886 2447 2941 unde
2478 2888 2658 2957 elIugit
2684 2889 2859 2955 dolor,
2894 2891 3067 2954 luctus
3092 2904 3146 2947 et
3173 2897 3422 2965 gemitus.
3455 2900 3509 2954 Si
3539 2913 3716 2965 ante.

2158 2975 2523 3031 defensionem
2574 2980 2803 3048 requiris
2824 2990 2879 3035 et
2908 2984 3278 3053 patrocinium,
3330 2998 3385 3043 et
3436 3001 3712 3060 propterea

2160 3065 2326 3119 virum
2353 3066 2539 3133 deﬂes,
2566 3068 2793 3139 confuge
2816 3071 2882 3125 ad
2912 3074 3149 3128 omnium
3172 3090 3517 3137 communem
3540 3094 3721 3152 patro-

2158 3171 2307 3221 num,
2324 3155 2679 3224 defensorem,
2695 3170 3018 3216 servatorem
3044 3172 3099 3218 et
3118 3165 3503 3225 benefactorem
3527 3173 3716 3242 Deum,

2158 3247 2225 3299 ad
2276 3245 2682 3317 inexpugnabile
2729 3251 3022 3318 auxilium,
3049 3253 3116 3308 ad
3162 3255 3316 3313 facile
3335 3268 3390 3313 et
3417 3276 3718 3331 proruptura

2160 3335 2543 3405 adiumentum,
2574 3337 2641 3391 ad
2673 3349 2978 3418 perpetuam
3033 3359 3152 3413 qua:
3204 3361 3418 3418 semper
3446 3360 3500 3405 et
3528 3354 3720 3424 ubique

2159 3425 2310 3480 adest
2338 3429 2742 3505 protectionem.
2771 3444 2869 3491 nos
2893 3434 3122 3509 undique
3144 3437 3485 3494 munienlem.
3506 3446 3566 3495 At
3593 3458 3721 3499 con-

2151 3519 2384 3575 suetudo
2412 3537 2497 3576 res
2524 3535 2605 3579 est
2628 3523 2994 3583 desiderabilis
3014 3540 3066 3583 et
3091 3531 3352 3586 amabilis.
3380 3531 3491 3603 Ego
3509 3549 3719 3605 quoque

2161 3612 2211 3663 id
2232 3612 2379 3676 scio;
2409 3613 2503 3667 sed
2528 3616 2571 3667 si
2601 3614 2791 3669 rationi
2823 3630 3023 3674 motum
3050 3622 3209 3677 animi
3263 3628 3598 3699 commiseris
3620 3670 3636 3693 ,
3664 3638 3721 3684 et

2161 3700 2301 3768 apud
2335 3712 2386 3755 te
2415 3706 2744 3772 reputaveris
2790 3708 2908 3775 quis
2930 3710 2999 3763 sit
3025 3711 3115 3779 qui
3149 3716 3391 3783 accepit,
3424 3727 3478 3770 et
3500 3720 3639 3786 quod
3670 3722 3719 3774 si

2154 3790 2281 3843 torti
2302 3792 2479 3845 animo
2506 3795 2712 3857 tuleris,
2745 3796 2851 3850 Deo
2880 3811 3111 3855 mentem
3144 3810 3307 3857 totam
3332 3806 3491 3879 oﬂ'ers
3519 3812 3719 3864 sacritl-

2160 3880 2297 3934 cium
2323 3898 2338 3946 ;
2367 3880 2512 3935 hunc
2539 3898 2748 3954 quoque
2804 3885 3017 3943 ﬂuctum
3057 3892 3259 3959 poteris
3288 3894 3473 3959 vitare,
3499 3907 3555 3950 et
3579 3901 3719 3966 quod

2162 3978 2371 4040 tempus
2419 3972 2622 4039 efﬁcit,
2652 3974 2754 4030 hoc
2804 3976 2959 4033 faciet
3010 3982 3361 4050 philosophia.
3405 3984 3499 4040 Sin
3541 3999 3718 4043 autem

2160 4061 2337 4113 mollis
2379 4060 2542 4115 lueris
2559 4074 2607 4117 et
2636 4077 2939 4132 enervatus,
2995 4078 3233 4137 tempore
3278 4074 3487 4141 quidem
3512 4075 3716 4133 desinet

2159 4150 2323 4202 animi
2356 4153 2714 4219 perturbatio,
2749 4155 2841 4209 tibi
2870 4167 3046 4213 autem
3076 4160 3271 4215 nullam
3297 4164 3485 4219 aﬂ‘eret
3523 4182 3718 4224 meroe-

2161 4240 2305 4294 dem.
2337 4242 2468 4295 Cum
2493 4242 2579 4301 bis.
2605 4246 2897 4301 rationibus
2922 4249 3115 4318 collige
3141 4252 3301 4306 etiam
3330 4256 3571 4323 exempla
3604 4273 3720 4327 qua

2164 4342 2287 4385 sunt
2312 4334 2361 4385 in
2386 4337 2631 4401 prmseuti
2663 4338 2788 4403 vita,
2815 4354 2932 4407 qua:
2959 4351 3079 4393 sunt
3102 4342 3151 4393 in
3180 4341 3373 4399 divinis
3397 4345 3680 4415 Scripturis
3704 4367 3717 4402 :

2162 4424 2335 4490 cogita
2363 4424 2503 4490 quod
2535 4423 2800 4478 Abraham
2830 4443 2982 4481 suum
3002 4430 3260 4497 jugulavit
3279 4434 3525 4497 lilium,et
3552 4452 3722 4507 neque

2165 4510 2312 4564 ﬂevit
2356 4528 2529 4581 neque
2557 4517 2774 4569 verbum
2806 4520 2981 4572 emisit
3026 4524 3275 4577 acerbum
3301 4524 3320 4593 (
3350 4523 3551 4578 Genii
3586 4528 3622 4594 ).
3655 4530 3723 4583 At

2168 4602 2275 4660 ille.
2307 4603 2535 4671 inquies,
2583 4616 2698 4659 erat
2728 4609 3019 4662 Abraham.
3066 4615 3224 4682 Atqui
3253 4624 3308 4666 tu
3335 4626 3555 4668 vocatus
3581 4632 3636 4670 es
3664 4632 3724 4673 ut

2168 4693 2365 4758 majora
2394 4704 2543 4761 septa
2568 4698 2932 4753 transecndas.
2959 4700 3060 4755 Job
3079 4713 3255 4755 autem
3289 4711 3487 4756 tantum
3510 4709 3721 4774 quidem

2168 4782 2356 4844 doluit,
2414 4795 2667 4851 quantum
2696 4799 2777 4842 est
2812 4803 3226 4846 consentaneum
3270 4805 3471 4861 patrem
3530 4800 3725 4857 liberos

2169 4880 2465 4939 aiziautem,
2494 4885 2546 4928 et
2578 4892 2816 4947 magnam
2861 4896 3041 4934 curam
3080 4893 3352 4949 gerentem
3399 4902 3583 4943 eorum
3636 4894 3724 4959 qui

2174 4972 2531 5017 excesserant.
2564 4967 2691 5020 Nam
2720 4984 2837 5037 qua:
2886 4983 2983 5021 nos
3026 4970 3236 5037 quidem
3281 4990 3416 5031 nunc
3457 4978 3680 5034 fachnus
3708 5022 3724 5045 ,

2173 5061 2294 5103 sunt
2325 5053 2656 5110 inimicorum
2681 5069 2735 5111 et
2764 5059 3014 5110 hostium.
3063 5059 3241 5128 Neque
3277 5068 3439 5131 enim,
3472 5070 3516 5123 si
3546 5073 3730 5139 aliquo

2172 5139 2221 5190 in
2246 5145 2441 5210 regiam
2481 5146 2709 5198 abducto
2736 5154 2789 5197 et
2812 5158 3068 5201 coronato
3093 5153 3371 5222 plangrres
3396 5169 3449 5210 et
3470 5159 3729 5214 lamenta-

2170 5231 2322 5296 reris,
2371 5241 2422 5286 te
2462 5235 2685 5287 dixerim
2712 5250 2827 5287 esse
2858 5241 3094 5294 coronati
3135 5246 3384 5310 amicum,
3438 5250 3530 5303 sed
3581 5249 3729 5305 valde

2171 5322 2439 5378 inimicum
2470 5338 2523 5380 et
2546 5328 2771 5379 hostem.
2820 5328 2887 5381 At
2917 5345 3019 5385 non
3060 5334 3203 5387 illum
3227 5376 3244 5399 ,
3274 5339 3496 5407 inquies,
3535 5340 3687 5408 lugeo
3709 5382 3726 5407 ,

2170 5415 2261 5466 sed
2296 5432 2379 5469 me
2425 5417 2617 5485 ipsum.
2648 5416 2753 5471 Sed
2778 5434 2948 5487 neque
2980 5423 3081 5477 hoc
3108 5434 3191 5479 est
3217 5430 3462 5493 amantis,
3499 5429 3632 5485 vello
3663 5434 3726 5487 il-

2172 5502 2278 5556 lum
2306 5517 2522 5574 propter
2549 5514 2597 5558 te
2619 5507 2736 5574 angi
2768 5519 2821 5562 et
2844 5514 3024 5566 vexari
3051 5524 3104 5568 et
3135 5516 3336 5570 incerto
3367 5518 3541 5572 futuro
3570 5521 3727 5591 subji-

2170 5595 2239 5658 ci,
2268 5611 2386 5649 cum
2419 5596 2556 5657 adsit
2585 5601 2827 5653 coronari
2855 5613 2913 5656 et
2938 5604 3003 5657 ad
3032 5615 3240 5672 portum
3268 5605 3520 5670 tendere;
3563 5621 3652 5663 aut
3676 5614 3726 5669 in

2170 5687 2302 5737 mari
2320 5686 2529 5755 jactari,
2556 5701 2676 5742 cum
2704 5689 2857 5745 liceat
2884 5707 3001 5748 esse
3024 5694 3074 5747 in
3101 5704 3276 5764 portu.
3321 5694 3388 5751 At
3413 5698 3613 5769 nescio,
3645 5699 3730 5755 in-
