4028 6222
198 341 296 393 3,5.
1211 326 1278 384 in
1317 324 1529 386 EPIST.
1572 331 1590 379 ι
1654 297 1745 381 Ab
1771 318 1935 380 con.
1978 323 2209 381 noun,
2250 325 2409 384 xui.

204 467 371 521 "v.88,
424 464 534 522 quo
564 448 677 505 ivit.
730 444 840 502 Cur
897 441 1216 501 nescis?dic
1266 441 1432 506 mihi;
1483 454 1606 493 nam
1655 441 1768 491 sive

203 554 346 600 recte
374 543 526 607 vixit,
549 542 664 596 sive
688 553 862 600 secus.
893 544 977 592 est
996 536 1333 591 manifestum
1364 549 1470 602 quo
1499 532 1569 584 sit
1590 531 1769 586 abitu-

202 651 311 690 rus.
338 634 566 703 Propter
598 632 700 686 hoc
730 631 927 697 ipsum,
958 628 1184 698 inquies,
1219 628 1429 695 plango,
1474 624 1612 692 quod
1642 636 1770 691 pec-

200 736 351 780 cator
395 724 647 779 excessit.
691 720 817 775 Haec
857 727 980 773 sunt
1010 719 1297 784 praetextas
1320 725 1369 768 et
1393 713 1604 782 ell'ngia.
1639 713 1770 766 Nam

202 816 248 868 si
296 822 576 880 propterea
597 825 720 864 cum
741 806 1035 864 excesserit
1061 807 1243 876 lugeas
1265 845 1280 868 ,
1327 805 1597 857 viventem
1646 817 1769 855 eum

202 904 582 958 transformare
606 909 661 955 et
679 900 1001 957 concinnare
1031 906 1084 951 et
1112 911 1437 965 componere
1464 894 1767 963 oportebat.

197 993 307 1058 Sed
333 1001 386 1047 tu
415 1007 534 1061 qua:
562 997 648 1042 tua
671 999 794 1044 sunt
821 989 1012 1057 ubique
1031 985 1340 1046 consideras
1368 994 1422 1040 et
1449 984 1539 1038 tibi
1573 999 1769 1053 propo-

201 1085 306 1148 nis,
339 1097 445 1135 non
470 1095 588 1150 quas
619 1079 778 1133 illius.
808 1078 863 1133 Si
895 1087 1071 1131 autem
1101 1076 1261 1131 etiam
1291 1083 1539 1144 peccator
1581 1088 1770 1127 exces-

198 1181 289 1238 sit,
319 1181 601 1242 promereat
645 1171 804 1224 etiam
834 1169 1001 1221 lzctari
1031 1174 1256 1236 oportet,
1295 1164 1435 1235 quod
1463 1164 1768 1242 inter-scissa

197 1240 333 1317 sunt
373 1240 586 1331 peccata
612 1269 665 1314 et
686 1247 820 1314 vitio"
860 1260 988 1313 nihil
1038 1259 1278 1328 adjecit;
1311 1267 1400 1322 et,
1429 1240 1606 1325 quoad
1654 1257 1772 1325 ejus

199 1356 317 1410 ﬁeri
339 1364 540 1424 potest,
565 1354 611 1407 ei
641 1365 978 1412 succurrere,
1012 1365 1118 1404 non
1159 1350 1433 1420 lacrymis,
1459 1348 1553 1402 sed
1597 1349 1770 1417 preci.

198 1447 321 1510 bus,
372 1442 846 1514 supplicationibus
865 1481 891 1509 ,
924 1441 1284 1511 elcemosynis
1308 1451 1362 1496 et
1387 1440 1766 1494 oblationibus.

199 1536 316 1590 Non
341 1544 466 1589 sunt
491 1535 632 1589 enim
665 1533 781 1587 hzec
810 1542 1014 1586 temere
1029 1531 1348 1600 excogitata,
1373 1546 1547 1598 neque
1575 1530 1778 1588 frustra,

203 1640 392 1680 eorum
417 1625 506 1694 qui
539 1631 886 1677 excesserunt
914 1623 970 1676 in
990 1622 1182 1676 divmis
1218 1620 1488 1691 mysteriis
1527 1621 1770 1674 memini-

198 1728 336 1779 mus,
371 1724 424 1768 et
450 1729 546 1782 pro
566 1713 700 1783 ipsis
723 1712 1041 1775 accedimus,
1074 1721 1323 1781 rogantes
1337 1720 1546 1782 Agnum
1572 1725 1771 1780 prepo-

199 1806 384 1867 situm,
435 1805 524 1872 qui
579 1803 761 1856 mundi
816 1812 1090 1872 peccatum
1141 1803 1293 1866 tulit;
1327 1802 1420 1856 sed
1465 1809 1522 1854 ut
1547 1802 1668 1856 inde
1696 1803 1773 1856 eis

198 1897 376 1965 aliqua
405 1896 474 1949 sit
500 1896 837 1949 consolatio:
873 1910 1044 1964 neque
1074 1896 1170 1949 abs
1203 1909 1260 1948 rc
1299 1895 1343 1947 is
1369 1894 1460 1962 qui
1495 1893 1668 1946 adstat
1689 1894 1771 1946 al-

200 1989 337 2050 tari,
367 1987 490 2041 dum
521 1987 822 2041 veneranda
868 1994 1192 2056 peraguntur
1219 1987 1493 2056 mysteria,
1521 1986 1764 2039 clamat:

199 2081 305 2135 Pro
330 2079 580 2132 omnibus
621 2079 712 2145 qui
744 2079 795 2132 iu
825 2079 1037 2132 Christo
1083 2079 1451 2140 dormierunt,
1481 2086 1539 2130 et
1590 2077 1654 2130 iis
1681 2077 1769 2144 qui

199 2185 298 2239 pro
321 2170 449 2237 ipsis
470 2167 742 2222 celebrant
784 2169 1086 2222 memorias.
1138 2167 1268 2220 Nam
1293 2167 1335 2219 si
1361 2182 1459 2234 pro
1499 2167 1628 2234 ipsis
1665 2182 1771 2219 non

201 2259 396 2313 ﬁerent
422 2259 981 2324 commemorationes,
1031 2273 1097 2311 ne
1125 2257 1238 2311 haec
1265 2246 1480 2326 quidem
1511 2257 1648 2310 dicta
1688 2271 1775 2311 es-

199 2358 340 2402 sent.
365 2348 478 2402 Non
504 2357 629 2402 sunt
657 2349 797 2402 enim
829 2365 915 2402 res
946 2361 1142 2402 nostrae
1165 2349 1274 2402 ludi
1309 2349 1546 2415 scenici,
1588 2348 1769 2404 absit:

198 2439 317 2493 lucc
343 2439 484 2493 enim
511 2441 641 2492 liunt
665 2439 1001 2493 ordinatione
1026 2438 1278 2507 Spiritus.

272 2533 325 2586 5.
355 2531 445 2585 Eis
469 2546 598 2600 ergo
625 2546 782 2600 opem
827 2532 1057 2584 feramus
1080 2569 1094 2593 ,
1122 2541 1176 2583 et
1206 2533 1774 2586 commemorationem

198 2636 387 2677 eorum
421 2635 754 2688 peragamus.
784 2620 838 2673 Si
861 2620 1002 2672 enim
1019 2620 1139 2672 ,ιυιή
1165 2621 1301 2674 ﬁlios
1325 2623 1574 2690 expiabat
1603 2624 1769 2691 patris

199 2709 519 2766 sacriﬁcium
551 2726 563 2760 :
596 2707 720 2776 quid
760 2707 971 2761 dubitas
992 2747 1007 2767 .
1036 2723 1102 2761 an
1149 2710 1301 2763 nobis
1330 2725 1425 2779 pro
1455 2711 1534 2764 eis
1558 2713 1646 2780 qui
1675 2727 1776 2765 ex-

197 2805 480 2855 cesserunt
506 2797 869 2862 offerentibus,
901 2800 1027 2866 ipsis
1054 2799 1210 2853 detur
1236 2801 1410 2870 aliqua
1435 2802 1730 2856 consolatio
1754 2803 1777 2856 ἲ

197 2888 350 2943 Sciet
377 2888 518 2942 enim
577 2888 716 2941 Deus
743 2888 906 2942 etiam
937 2889 1058 2942 aliis
1087 2903 1184 2957 pro
1209 2884 1326 2943 alﬁs
1354 2891 1661 2959 gratiﬁcari.
1710 2893 1779 2946 Et

205 2978 312 3032 hoc
337 2979 654 3033 ostendebat
676 2979 870 3034 Paulus
889 2979 1072 3034 dicens
1103 2997 1118 3034 :
1160 2980 1226 3034 Ut
1250 2982 1301 3033 in
1332 2983 1501 3034 mulus
1523 2984 1774 3051 personis,

198 3069 312 3136 eius
341 3084 452 3136 quae
476 3070 527 3121 in
545 3068 686 3123 nobis
711 3079 782 3121 est
808 3069 1094 3122 donationis
1118 3086 1206 3138 per
1228 3072 1410 3124 mullos
1430 3073 1607 3141 gratia:
1629 3089 1780 3140 agan-

201 3169 285 3211 tur
324 3176 416 3226 pro
463 3160 600 3212 robis
641 3159 660 3227 (
690 3161 742 3211 2.
772 3156 890 3212 Cor.
923 3159 977 3212 2.
1009 3161 1070 3213 11
1105 3161 1146 3228 ).
1176 3161 1254 3214 Ne
1283 3177 1381 3214 nos
1409 3163 1582 3231 pigeat
1621 3179 1777 3231 opem

199 3251 343 3304 ferre
375 3251 439 3302 iis
466 3250 554 3318 qui
585 3261 935 3303 excesserunt
961 3291 975 3313 ,
1004 3260 1058 3304 et
1086 3260 1183 3319 pro
1211 3252 1287 3305 cis
1319 3252 1510 3305 oll’erre
1540 3268 1725 3321 preces
1758 3271 1772 3305 :

198 3351 283 3394 est
310 3341 451 3394 enim
476 3340 805 3408 propesitum
827 3341 973 3395 orbis
1001 3352 1155 3396 terrae
1185 3359 1467 3397 commune
1491 3346 1774 3413 piaculum.

200 3434 490 3500 l‘rOptcrea
524 3431 749 3486 ﬁdenter
784 3447 879 3501 pro
901 3433 1033 3487 orbe
1067 3443 1222 3487 terra:
1253 3443 1375 3489 tunc
1421 3452 1692 3504 rogamus,
1724 3445 1778 3491 et

198 3540 324 3578 eum
381 3525 701 3593 martyribus
730 3539 821 3577 eos
846 3527 1138 3586 vocamus,
1167 3540 1288 3579 cum
1336 3526 1733 3580 coafessoribus
1759 3569 1774 3593 ,

197 3629 327 3668 cum
347 3615 733 3668 sacerdotibus.
754 3614 957 3667 Etenim
979 3630 1144 3669 unum
1163 3629 1358 3683 corpus
1373 3631 1558 3670 omnes
1570 3632 1773 3682 sumus,

198 3705 414 3758 etiamsi
443 3703 552 3756 sint
595 3702 830 3756 membra
861 3704 1113 3756 membris
1157 3707 1519 3772 splendidiora
1547 3726 1560 3762 :
1585 3719 1636 3762 et
1665 3708 1778 3762 ﬁeri

199 3803 379 3862 potest
402 3801 460 3847 ut
489 3793 696 3847 veniam
729 3793 814 3845 eis.
842 3794 985 3846 onmi
1034 3809 1096 3847 ex
1142 3807 1288 3862 parte
1331 3800 1675 3852 conciliemus
1701 3842 1715 3862 ,
1747 3814 1775 3850 a

201 3884 475 3952 precibus,
506 3899 535 3935 a
564 3883 721 3936 donis
752 3898 867 3952 quae
902 3899 996 3951 pro
1019 3885 1097 3938 eis
1124 3886 1439 3946 oli‘eruntur,
1484 3889 1550 3940 ab
1596 3891 1659 3941 iis
1688 3889 1777 3956 qui

198 3990 326 4027 cum
349 3975 478 4041 ipsis
514 3982 790 4026 vocantur.
821 3971 924 4027 Cur
945 3990 1072 4043 ergo
1095 3976 1239 4028 doles
1264 3977 1285 4027 ’ἰ
1325 3992 1417 4030 Cur
1450 3979 1595 4046 luges
1623 3989 1675 4030 et
1705 3979 1779 4030 la-

200 4066 496 4129 mentaris,
531 4066 745 4134 quando
782 4067 1034 4120 defuncto
1084 4080 1255 4134 potest
1306 4081 1446 4123 tanta
1494 4074 1773 4126 conciliari

200 4158 360 4210 venia
389 4157 409 4208 ?
443 4159 509 4208 At
531 4156 699 4225 luges,
732 4157 982 4225 quoaiam
1013 4173 1069 4210 es
1097 4158 1304 4212 deserta
1337 4177 1399 4213 ac
1427 4162 1701 4226 destituta,
1724 4174 1778 4217 et

197 4249 486 4320 perdidisti
519 4260 800 4316 patronum
829 4264 893 4304 ac
925 4250 1270 4304 defensorem
1301 4255 1323 4303 ἱ)
1353 4254 1454 4306 Sed
1488 4271 1773 4322 numquam

201 4341 310 4393 hoc
357 4340 592 4402 dixeris;
644 4355 815 4408 neque
869 4342 1008 4394 enim
1063 4342 1224 4395 Deum
1285 4345 1580 4412 perdidisti.
1659 4348 1780 4401 Ideo

197 4429 459 4498 quamdiu
489 4443 608 4482 eum
639 4427 803 4481 habes
827 4470 842 4494 ,
877 4430 988 4497 ipse
1033 4432 1131 4484 erit
1163 4433 1253 4484 tibi
1303 4434 1474 4501 major
1506 4443 1556 4486 et
1584 4436 1776 4488 marito

198 4531 257 4574 et
289 4530 440 4586 patre
463 4528 517 4572 et
545 4519 652 4571 ﬁlio
682 4527 947 4573 etsocero
972 4537 985 4573 :
1031 4536 1151 4573 nam
1181 4533 1230 4574 ct
1263 4523 1362 4575 illis
1413 4524 1707 4577 viventibus
1736 4527 1780 4578 is

200 4621 319 4664 erat
352 4610 437 4676 qui
469 4609 698 4661 faciebat
743 4610 940 4662 omnia.
980 4610 1103 4663 llaec
1131 4628 1260 4680 ergo
1291 4614 1487 4680 cogita,
1520 4623 1572 4666 et
1600 4616 1682 4666 die
1709 4616 1779 4667 si—

199 4713 295 4756 cut
324 4700 508 4762 David,
539 4700 786 4753 Dominus
818 4702 1122 4754 illuminntio
1146 4721 1254 4755 mea
1281 4715 1324 4756 et
1353 4691 1574 4758 sulcator
1601 4724 1738 4760 meus
1757 4748 1771 4771 ,

197 4809 349 4860 quem
379 4791 556 4853 timebo
579 4790 748 4861 (I’sul.
779 4791 868 4843 26.
902 4793 953 4858 1)
976 4793 997 4844 ?
1017 4794 1120 4853 die,
1156 4795 1230 4846 'l'u
1258 4812 1317 4848 es
1349 4807 1495 4862 pater
1521 4798 1778 4865 orphane-

199 4899 348 4945 tum,
381 4882 614 4949 etjudex
640 4882 955 4946 viduarum;
985 4895 1035 4935 et
1067 4885 1180 4951 ejus
1223 4890 1433 4940 attrahe
1471 4893 1720 4942 auxilium
1758 4934 1767 4954 ,

3346 343 3448 397 36‘!

1877 467 1930 512 et
1978 459 2197 516 habebis
2223 478 2348 517 eum
2383 479 2524 521 nunc
2549 469 2716 539 magis
2748 469 2840 525 tibi
2870 474 3239 542 providentem
3289 494 3446 547 quam

1877 553 2039 618 prius,
2083 569 2189 623 quo
2237 557 2289 608 in
2333 557 2590 625 majorem
2630 560 2840 642 redacta
2870 578 2929 619 es
2960 566 3211 636 inopiam.
3240 571 3303 622 At
3329 587 3447 639 pcr-

1875 640 2054 694 didisti
2089 642 2253 710 (ilium
2280 644 2437 720 iNon
2469 640 2771 718 perdidisti,
2805 668 2874 708 ne
2895 653 3042 711 dicas
3073 674 3086 710 :
3115 673 3201 712 res
3231 657 3344 715 lucc
3367 671 3451 716 est

1876 746 2116 799 somnus,
2147 749 2251 789 nou
2285 731 2467 804 mors;
2505 750 2587 795 est
2617 744 2895 813 migratio,
2933 764 3037 801 non
3065 751 3332 819 perditio;
3367 766 3450 811 est

1877 826 2234 893 peregrinatio
2261 844 2291 882 a
2321 831 2680 888 deterioribus
2701 835 2768 891 ad
2791 838 3031 894 meliora.
3079 841 3154 897 Ne
3185 844 3348 900 Deum
3374 847 3446 901 ir-

1877 914 2027 979 rites,
2072 915 2166 970 sed
2210 918 2387 986 places
2414 930 2469 975 et
2497 923 2692 979 reddas
2733 930 3042 997 propitium.
3093 933 3222 989 Nam
3248 937 3290 991 si
3321 938 3446 993 forti

1875 1002 2053 1056 animo
2084 1006 2289 1073 tuleris,
2321 1011 2423 1064 erit
2475 1012 2598 1068 hinc
2619 1023 2673 1070 et
2709 1016 2962 1074 defuncto
2986 1031 3040 1076 et
3067 1023 3158 1078 tibi
3207 1028 3444 1095 quaedam

1873 1095 2170 1152 consolatio
2205 1116 2218 1152 :
2262 1100 2343 1153 sin
2374 1112 2560 1156 contra
2587 1145 2603 1168 ,
2635 1106 2767 1160 iram
2811 1109 2908 1164 Dei
2959 1114 3129 1182 magis
3177 1119 3442 1172 accendis.

1875 1182 2005 1237 Nam
2038 1186 2082 1238 si
2108 1201 2265 1242 servo
2289 1204 2327 1242 a-
2345 1190 2565 1247 domino
2597 1195 2776 1265 ﬂagris
2811 1214 2953 1254 caeso
2981 1213 3034 1256 tu
3062 1204 3284 1261 adstans
3307 1224 3450 1278 aegre

1877 1275 2102 1342 tuleris,
2151 1276 2424 1333 dominum
2457 1285 2623 1353 magis
2672 1297 2856 1342 contra
2887 1300 2939 1346 te
2961 1293 3279 1350 irritaveris.
3327 1275 3445 1351 N'oli

1877 1361 1979 1416 hoc
2006 1364 2199 1432 facere,
2225 1369 2318 1421 sed
2342 1385 2438 1439 age
2459 1375 2678 1442 gratias,
2695 1385 2750 1430 ut
2770 1379 2859 1432 tibi
2884 1395 3095 1450 quoque
3122 1384 3221 1438 hac
3241 1390 3448 1442 ratione

1876 1452 2196 1510 discutiatur
2237 1460 2407 1514 nubes
2447 1465 2612 1518 animi
2666 1469 3032 1536 aegritudinis:
3062 1474 3147 1528 dic
3172 1476 3309 1531 sicut
3357 1480 3447 1535 ille

1877 1543 2081 1608 beatus,
2103 1546 2350 1603 Dominus
2378 1552 2536 1620 dedit,
2570 1554 2815 1610 Dominus
2841 1560 3043 1615 abstulit
3064 1581 3078 1619 ;
3100 1566 3269 1632 cogita
3287 1583 3444 1636 quam

1878 1633 2028 1686 multi
2059 1638 2225 1705 magis
2281 1639 2390 1692 Deo
2435 1642 2705 1709 placentes
2733 1663 2799 1700 ne
2824 1651 3041 1704 omnino
3093 1633 3317 1721 quidem
3350 1639 3448 1710 ha;

1877 1723 2046 1780 buerc
2071 1727 2227 1792 ﬁlios,
2249 1744 2420 1798 neque
2447 1735 2619 1787 vocati
2642 1747 2766 1790 sunt
2791 1749 2986 1806 patres.
3013 1742 3194 1813 Neque
3215 1761 3332 1816 ego,
3366 1749 3448 1802 in-

1877 1816 2010 1884 quit,
2036 1818 2229 1872 veliem
2263 1822 2514 1878 ltabuissc
2546 1842 2559 1878 :
2617 1828 2806 1882 melius
2836 1832 2979 1885 enim
3007 1833 3195 1889 fuisset
3223 1854 3325 1890 non
3352 1840 3448 1893 lia-

1879 1906 2055 1960 bnisse
2079 1913 2482 1977 experientiam,
2512 1931 2668 1984 quam
2697 1928 2970 1989 postquam
2994 1929 3226 1992 gustaris
3257 1931 3447 2000 volup-

1882 2006 2060 2062 tatem,
2095 2003 2161 2055 ab
2188 2019 2247 2055 ea
2271 2006 2548 2060 excidisse.
2565 2005 2664 2073 Ne,
2678 2026 2826 2080 rogo,
2851 2030 2919 2067 ne
2947 2014 3058 2070 bmc
3083 2018 3246 2082 dicas,
3281 2037 3347 2076 ne
3371 2026 3449 2078 sic

1880 2104 2091 2158 quoque
2142 2092 2420 2148 Dominum
2452 2097 2516 2150 ad
2565 2099 2695 2153 iram
2753 2117 3047 2171 provoces;
3098 2110 3190 2162 sed
3241 2127 3336 2175 pro
3384 2115 3448 2168 iis

1879 2181 2090 2246 quidem
2121 2199 2239 2251 qua:
2262 2188 2512 2256 accepisti
2546 2206 2642 2258 age
2671 2201 2888 2260 gratias,
2915 2213 3008 2266 pro
3036 2199 3098 2252 iis
3129 2211 3299 2256 autem
3329 2221 3446 2272 qua:

1880 2280 2139 2338 perpetuo
2161 2291 2265 2327 non
2293 2279 2474 2343 habes,
2509 2281 2769 2349 gloriﬁca.
2795 2287 2905 2340 Non
2943 2289 3074 2342 dixit
3094 2291 3226 2359 Job,
3257 2295 3446 2351 Melius

1880 2359 2070 2415 fuisset
2102 2379 2202 2416 non
2234 2368 2546 2435 accepisse;
2577 2375 2718 2441 quod
2747 2385 2799 2429 tu
2832 2379 3145 2447 insipienter
3169 2395 3222 2439 et
3246 2387 3452 2457 ingrato

1882 2454 2060 2508 animo
2091 2454 2224 2509 dicis
2251 2475 2263 2509 :
2294 2459 2392 2512 sed
2417 2462 2578 2515 etiam
2609 2479 2705 2531 pro
2739 2467 2838 2522 illis
2872 2473 3061 2539 agebat
3091 2454 3336 2542 gratias;
3373 2482 3452 2534 di-

1880 2558 2008 2596 cens
2035 2562 2047 2596 :
2086 2544 2328 2600 Dominus
2349 2549 2521 2616 dedit;
2549 2564 2601 2606 et
2627 2570 2721 2622 pro
2748 2556 2829 2610 his
2858 2559 3207 2620 benediccbat
3227 2569 3409 2626 dicens
3436 2590 3448 2624 :

1883 2630 2131 2686 Dominus
2157 2635 2363 2690 abstulit
2386 2655 2403 2691 :
2427 2642 2489 2693 sit
2511 2659 2690 2696 nomen
2709 2645 2916 2702 Domini
2943 2651 3254 2710 benedictum
3275 2661 3328 2713 in
3348 2678 3448 2714 sa:-

1881 2724 2016 2775 cula.
2059 2725 2220 2780 Uxori
2265 2744 2477 2799 quoque
2514 2734 2590 2788 sic
2613 2751 2674 2790 os
2699 2739 3010 2798 obstrnehat
3039 2749 3176 2814 apud
3206 2766 3322 2804 eam
3361 2757 3453 2822 ju-

1882 2823 1992 2866 stas
2022 2815 2248 2870 aii‘crens
2268 2820 2524 2886 rationes,
2546 2836 2598 2877 et
2627 2827 2958 2887 admirabilia
2983 2837 3068 2888 illa
3095 2840 3248 2893 verba
3282 2815 3455 2898 enun-

1887 2906 2021 2960 tiaus
2059 2927 2072 2958 ς
2107 2907 2166 2962 Si
2187 2908 2317 2962 bona
2337 2913 2535 2981 quidem
2563 2919 2847 2985 accepimus
2875 2940 2906 2975 α
2932 2925 3168 2994 Domino,
3202 2934 3335 2986 mala
3361 2953 3456 2987 au-

1886 3006 1983 3050 tem
2034 3016 2133 3052 non
2178 3003 2575 3060 sustinebimus?
2605 3007 2759 3074 Atqui
2790 3014 3002 3080 gravior
3033 3027 3150 3084 post
3187 3021 3303 3077 bare
3346 3023 3448 3080 fuit

1888 3092 2109 3145 tentatio
2133 3108 2147 3156 ;
2179 3095 2273 3147 sed
2302 3096 2393 3149 ille
2419 3112 2486 3149 ne
2513 3100 2591 3151 sic
2620 3100 2830 3168 quidem
2877 3104 3074 3160 fractus
3113 3121 3193 3164 est
3221 3123 3274 3165 et
3302 3130 3458 3169 ener-

1885 3190 2056 3247 vatus,
2087 3183 2180 3236 sed
2223 3187 2471 3241 similiter
2497 3190 2699 3244 ferebat
2735 3193 2854 3248 forti
2879 3199 3077 3263 animo,
3105 3211 3158 3254 et
3195 3204 3459 3271 gloriﬁca-

1887 3273 1992 3326 bat.
2037 3273 2115 3326 T'u
2146 3291 2356 3343 quoque
2382 3277 2483 3332 hoc
2517 3280 2612 3344 fac,
2646 3292 2698 3335 et
2721 3287 2859 3352 apud
2886 3298 2935 3342 te
2959 3302 3164 3356 reputa,
3187 3297 3324 3360 quod
3352 3314 3455 3353 non

1834 3417 1839 3424 ,
1887 3361 2045 3415 homo
2069 3368 2294 3433 accepit,
2325 3369 2417 3421 sed
2445 3370 2581 3423 Deus
2600 3374 2686 3439 qui
2713 3373 2857 3443 fecit,
2891 3381 2980 3447 qui
3007 3383 3169 3450 magis
3197 3402 3353 3452 quam
3402 3399 3455 3442 tu

1885 3453 2000 3520 ejus
2025 3469 2203 3508 curam
2235 3460 2390 3525 gerit,
2415 3469 2467 3513 et
2495 3464 2595 3516 scit
2630 3467 2826 3531 quid'ci
2866 3473 3127 3538 conferat,
3163 3495 3270 3532 non
3295 3481 3461 3538 hostis

1884 3543 2075 3611 aliquis
2105 3563 2275 3614 neque
2305 3548 2603 3608 insidiator.
2639 3555 2766 3608 Vide
2790 3574 2944 3626 quam
2991 3566 3137 3617 multi
3173 3572 3412 3626 viventes
3442 3619 3457 3639 ,

1888 3639 2047 3689 vitam
2102 3655 2204 3691 non
2254 3641 2465 3696 vitalem
2524 3646 2761 3700 iceerunt
2792 3655 3116 3716 parentibus.
3151 3659 3458 3716 Generosos

1885 3737 2059 3779 autem
2088 3769 2099 3788 ,
2134 3729 2338 3794 inquies
2361 3773 2373 3792 ,
2418 3742 2469 3784 et
2505 3735 2700 3801 probos
2729 3754 2834 3789 non
2871 3742 3015 3794 vides
3044 3745 3063 3794 ?
3109 3746 3219 3811 Eos
3245 3766 3457 3818 quoque

1887 3817 2041 3870 video
2079 3837 2090 3880 ;
2125 3820 2218 3871 sed
2260 3836 2347 3873 res
2393 3839 2601 3889 quoque
2649 3843 2831 3881 eorum
2881 3834 3055 3887 minus
3099 3849 3221 3891 sunt
3261 3841 3309 3892 iu
3346 3817 3456 3899 tuto

1886 3924 2044 3975 quam
2077 3926 2160 3962 res
2191 3913 2260 3963 tui
2296 3914 2408 3965 lilii.
2472 3915 2600 3967 Nam
2633 3921 2729 3971 etsi
2783 3922 2832 3974 in
2867 3924 2998 3977 bona
3023 3939 3146 3982 sunt
3183 3933 3450 3987 existima-

1889 3999 2051 4059 tione,
2086 4000 2203 4051 linis
2236 4012 2408 4055 tamen
2432 4021 2616 4058 eorum
2645 4021 2725 4062 est
2755 4014 2986 4069 illCt'l‘lllS
3013 4037 3024 4071 :
3058 4021 3121 4073 de
3151 4023 3239 4076 illo
3279 4039 3454 4081 autem
3479 4064 3484 4070 ι

1895 4091 1944 4142 in
1980 4091 2237 4156 reliquum
2273 4109 2375 4146 non
2415 4095 2566 4149 times
2595 4115 2767 4167 neque
2800 4111 3188 4175 contremiscis,
3226 4131 3289 4168 ne
3332 4120 3454 4184 quid

1887 4182 1932 4232 ei
1965 4181 2170 4233 accidat
2199 4225 2210 4244 ,
2246 4193 2336 4238 aut
2364 4185 2594 4252 aliquam
2647 4191 2900 4259 suscipiat
2931 4207 3299 4256 mutationem.
3333 4181 3456 4262 limo

1887 4271 2044 4322 etiam
2097 4275 2267 4340 cogita
2298 4275 2365 4329 de
2397 4277 2607 4342 pulchra
2641 4297 2803 4336 uxore
2825 4327 2836 4348 ,
2869 4296 2922 4338 et
2969 4288 3100 4342 bona
3144 4292 3336 4349 domus
3368 4314 3460 4350 eu-

1885 4361 2070 4424 stode;
2107 4374 2158 4415 et
2185 4381 2276 4430 pro
2291 4367 2536 4420 (minibus
2567 4371 2673 4422 Deo
2695 4388 2789 4441 age
2818 4379 3032 4443 gratias,
3064 4390 3116 4434 ct
3145 4386 3187 4436 si
3216 4390 3460 4454 perdide-

1887 4453 1957 4504 ris
1985 4469 2202 4506 uxorem
2230 4497 2244 4516 ,
2274 4460 2472 4524 gratias
2499 4476 2613 4529 age.
2646 4464 2892 4520 Fortasse
2921 4478 2969 4522 te
2991 4473 3102 4526 vult
3133 4453 3267 4530 Deus
3293 4484 3459 4536 addu-

1883 4561 2006 4599 cere
2033 4547 2098 4599 ad
2126 4553 2527 4616 continentiam,
2564 4556 2628 4606 ad
2661 4558 2859 4624 majora
2891 4575 3044 4618 voeat
3071 4584 3288 4636 operum
3324 4589 3446 4636 sep-

1886 4649 1956 4701 ta,
2002 4651 2050 4692 te
2079 4642 2239 4694 voluit
2264 4643 2488 4698 liberare
2512 4662 2540 4698 a
2570 4649 2798 4702 vinculo.
2833 4655 2885 4706 Si
2909 4657 2985 4710 sic
3009 4661 3455 4733 nhilosophcmm',

1889 4742 1942 4782 et
1969 4732 2296 4785 lucrabinmr
2322 4748 2638 4802 pra-sentem
2693 4744 2858 4797 animi
2918 4756 3372 4823 tranquillitatem,
3403 4774 3461 4815 et

1885 4823 2086 4877 futuras
2115 4841 2460 4893 assequemur
2486 4846 2730 4894 coronas,
2759 4847 2863 4892 etc.

1512 5033 1849 5094 HOMILIA
1900 5033 2091 5092 XLII,

196 5143 331 5198 CAP.
378 5145 464 5197 15.
495 5161 545 5196 v.
576 5146 664 5199 47.
714 5145 917 5196 Primus
951 5146 1096 5196 homo
1123 5146 1182 5196 de
1210 5156 1366 5211 terra,
1402 5159 1626 5201 terrenus
1654 5167 1671 5208 .'
1697 5168 1777 5203 se-

536 5238 730 5288 cundus
752 5239 921 5298 homo,
949 5235 1195 5287 Dominus
1215 5236 1277 5287 de
1297 5238 1438 5289 cado.

277 5326 328 5377 1.
361 5322 643 5390 POSIquam
661 5326 942 5378 animalem
967 5326 1100 5379 dixit
1122 5327 1426 5394 primumet
1450 5327 1777 5395 spiritualem

199 5414 517 5475 secundum,
548 5427 730 5464 rursus
755 5415 912 5467 aliam
936 5417 1083 5483 ponit
1104 5416 1479 5482 differentiam,
1511 5427 1778 5471 terrenum

200 5507 390 5556 dieens
419 5513 472 5556 ct
499 5503 784 5555 caelestem.
805 5503 934 5554 Nam
960 5508 1126 5572 prima
1156 5508 1367 5575 quidem
1391 5517 1473 5560 est
1502 5509 1616 5559 vita:
1641 5525 1776 5575 ιιι-ςυ-

204 5597 375 5647 sentis
415 5605 468 5649 et
517 5594 702 5647 futura:
719 5593 892 5688 ymo
924 5604 1098 5648 autem
1127 5609 1205 5651 est
1238 5601 1354 5666 ejus
1398 5602 1485 5668 qui
1534 5601 1630 5654 l'uit
1660 5619 1780 5656 ante

206 5671 451 5751 “uitiaui,
487 5698 538 5740 et
575 5681 688 5756 ejus
719 5671 819 5753 ἧιιὶ
852 5691 928 5737 est
963 5695 1077 5752 post
1105 5688 1348 5753 gratiam.
1385 5691 1563 5744 Posuit
1601 5703 1776 5745 autem

1885 5154 2030 5205 illam
2057 5152 2121 5204 ad
2145 5163 2345 5204 rectum
2375 5154 2495 5206 vita:
2521 5156 2814 5213 institutum
2839 5163 3044 5221 dicens.
3063 5171 3191 5226 Nam
3212 5195 3301 5244 ne,
3323 5183 3458 5236 sicut

1892 5243 2023 5304 dixi,
2069 5241 2289 5292 ﬁdentes
2319 5246 2697 5300 resurrectioni
2724 5290 2739 5314 ,
2766 5251 2925 5308 vitam
2953 5272 3019 5312 ex
3049 5263 3241 5321 virtute
3267 5241 3321 5323 et
3349 5289 3459 5338 per-

1888 5331 2022 5385 fecte
2049 5332 2306 5398 agendam
2351 5336 2683 5404 negligeran
2707 5381 2720 5405 ,
2751 5358 2936 5402 rursus
2976 5370 3068 5407 eos
3099 5372 3307 5426 quoque
3337 5331 3461 5420 ι’,ίηο

1890 5420 2061 5473 reddit
2104 5433 2314 5488 paratos
2341 5425 2405 5477 ad
2430 5427 2830 5499 decertandum,
2860 5447 2913 5492 et
2940 5420 3178 5498 hortatur
3205 5420 3269 5501 ad
3299 5455 3464 5507 virtu.

1895 5525 2018 5576 tem,
2051 5514 2232 5567 dicens
2262 5533 2272 5564 :
2310 5515 2515 5570 Primus
2542 5521 2689 5574 homo
2729 5525 2790 5578 de
2816 5537 2969 5595 terra,
2997 5546 3220 5591 terrenus
3245 5558 3260 5604 ;
3289 5560 3465 5598 εςειυρ.

1893 5605 1987 5657 dus
2036 5605 2184 5658 homo
2211 5649 2222 5665 .
2261 5607 2504 5661 Dominus
2545 5612 2606 5662 de
2633 5617 2795 5681 ca'lo;
2848 5625 3147 5681 universum
3193 5636 3463 5700 appellans

1892 5695 2162 5748 lioimuem
2195 5713 2202 5757 ;
2241 5709 2291 5750 et
2321 5699 2456 5751 hunc
2485 5701 2698 5769 quidem
2728 5712 3004 5768 nominans
3034 5718 3098 5771 ab
3125 5738 3186 5773 eo
3219 5695 3355 5792 quod
3383 5736 3464 5783 est
