4028 6222
577 356 684 418 565

584 469 773 530 melius
823 482 885 520 ac
920 469 1286 532 praestantius,
1324 456 1469 509 illum
1498 463 1676 511 autem
1704 452 1771 505 ab
1799 465 1865 504 co
1905 447 2045 518 quod
2074 454 2157 499 est

581 559 837 616 deterius.
859 555 948 610 48.
980 554 1156 620 Qualis
1185 558 1431 611 terrenus,
1453 546 1579 598 tales
1599 554 1643 596 et
1670 542 1870 595 terreni.
1903 541 1991 593 Sic
2020 538 2160 608 peri-

585 662 715 708 tumt
757 661 811 705 et
840 646 1155 702 morientur.
1188 640 1369 707 Qualis
1396 637 1607 693 celestis
1628 676 1643 699 ,
1676 634 1801 687 tates
1839 643 1887 686 et
1916 631 2159 685 cwtestcs.

582 742 670 797 Sic
716 738 1003 793 manebunt
1031 730 1363 787 immortales
1398 736 1453 781 et
1497 724 1779 793 fulgentes.
1825 720 1964 788 Quid
2006 733 2156 781 vero,

586 848 761 887 nnuon
795 829 841 882 is
865 839 1079 897 quoque
1106 834 1187 877 est
1217 829 1459 872 mortuus
1487 816 1509 868 τ
1551 814 1788 868 Mortuus
1813 809 2028 880 quidem
2054 817 2160 874 est,

584 921 679 979 sed
711 920 836 979 inde
866 916 997 971 nihil
1048 914 1143 967 fuit
1191 911 1385 968 lat-sus,
1437 905 1531 959 sed
1574 904 1652 958 sic
1697 917 1910 972 quoque
1934 909 2163 953 mortem

586 1008 853 1066 dissolvit.
883 1001 1130 1060 Vidistin‘
1151 997 1420 1071 quomodo
1443 995 1567 1049 hinc
1586 1006 1800 1063 quoque
1821 1007 1914 1061 per
1936 999 2162 1043 mortem

583 1101 863 1160 constituit
884 1098 1074 1167 dogma
1104 1094 1171 1147 de
1199 1087 1638 1147 resurrectione?
1668 1085 1882 1141 Balteus
1908 1082 2076 1142 enim,
2106 1087 2165 1133 ut

588 1192 736 1268 prius
758 1188 889 1250 dixi,
919 1185 1232 1255 principium
1260 1190 1315 1236 et
1342 1186 1522 1249 caput,
1551 1175 1658 1229 noli
1688 1174 1938 1268 dubitare
1955 1171 2021 1223 de
2049 1178 2161 1222 toto

587 1260 833 1351 corpore.
863 1273 968 1332 Sed
1012 1283 1066 1328 et
1106 1272 1229 1325 hinc
1270 1281 1487 1340 quoque
1527 1271 1744 1318 exercet
1787 1260 2043 1328 Optimam
2099 1270 2163 1311 ac

589 1365 1083 1444 prmstantissimatu
1148 1361 1268 1413 vita:
1318 1355 1539 1427 agenda:
1590 1354 1893 1444 rationem,
1930 1360 2165 1444 ponens

585 1439 829 1531 exempla
856 1469 978 1513 \‘IL‘I:
1003 1452 1229 1509 excelsa:
1257 1464 1321 1505 ac
1347 1443 1727 1517 philosophiam
1753 1481 1771 1505 ,
1814 1448 1869 1493 ct
1894 1439 2008 1531 ejus

587 1566 694 1612 non
722 1526 805 1603 est
833 1543 1159 1614 huiusmodi,
1192 1549 1247 1595 ct
1277 1539 1553 1604 utriusque
1581 1532 1850 1585 adducens
1883 1526 2161 1596 principia,

587 1644 735 1701 illius
780 1639 996 1709 quidem
1042 1635 1336 1696 Christum,
1369 1628 1523 1698 hujus
1552 1640 1683 1681 vero
1708 1623 1991 1676 Adamutn.
2040 1618 2171 1709 Pro-

590 1742 773 1803 ptcrea
802 1708 898 1783 nec
928 1724 1171 1782 absolute
1189 1722 1343 1784 dixit,
1378 1720 1417 1773 E
1454 1728 1617 1781 terra,
1643 1712 1737 1769 sed
1762 1708 2172 1803 Terrenum—hoc

588 1798 694 1888 est,
722 1832 961 1883 crassus,
987 1816 1176 1872 affixus
1201 1810 1555 1880 pnuscntihus
1585 1825 1601 1861 :
1626 1815 1679 1860 et
1708 1816 1893 1859 rursus
1916 1801 1985 1854 de
2012 1798 2172 1853 Chri-

591 1925 673 1968 sto
717 1909 1040 1970 contrarium
1068 1948 1083 1971 ,
1120 1903 1364 1957 Dominus
1392 1916 1419 1953 ε
1463 1898 1607 1951 aeto.
1659 1894 1715 1948 Si
1746 1902 1923 1947 autem
1950 1889 2171 1959 quidam

593 2003 713 2059 idco
736 2002 917 2055 dicant
956 1995 1238 2053 Dominum
1267 2007 1372 2045 non
1417 1988 1614 2041 habere
1650 1996 1868 2052 corpus,
1917 1977 2061 2060 quod
2087 1977 2171 2031 di-

586 2104 729 2151 ctum
757 2092 845 2155 sit,
878 2088 926 2148 Ε
948 2089 1095 2150 cato,
1122 2083 1397 2139 sufficiunt
1423 2076 1637 2147 quidem
1679 2089 1799 2141 qua:
1826 2071 1936 2142 iam
1963 2068 2171 2139 pridem

588 2182 730 2241 dicta
759 2190 885 2238 sunt
914 2174 981 2231 ad
1026 2190 1119 2227 ora
1164 2184 1350 2225 eorum
1397 2162 1764 2225 obstruenda;
1815 2160 1945 2215 nihil
1988 2166 2171 2212 autem

589 2280 757 2335 vetat,
784 2267 1072 2340 quominus
1097 2262 1221 2325 hinc
1239 2271 1451 2329 quoque
1472 2269 1568 2309 ora
1596 2266 1786 2308 eorum
1805 2251 2167 2340 obstruamus.

588 2360 727 2433 Quid
752 2339 836 2413 est
859 2362 1024 2421 enim,
1054 2351 1302 2409 Dominus
1323 2365 1351 2402 c
1373 2346 1497 2402 calo
1523 2344 1553 2400 Ρ
1576 2352 1897 2433 natm-amne
1921 2339 2075 2400 dicit,
2103 2351 2173 2391 an

589 2431 847 2523 optimam
875 2446 998 2503 vita:
1024 2439 1361 2498 instituenda:
1389 2436 1650 2491 rationem
1680 2434 1704 2487 ἲ
1733 2431 1916 2523 Quiris
1944 2437 2029 2523 est
2054 2442 2175 2496 pcr-

592 2516 878 2611 spicuum,
928 2533 1072 2605 quod
1119 2530 1378 2601 optimam
1430 2526 1551 2581 vita:
1600 2520 1821 2591 agenda:
1865 2516 2174 2611 rationem:

596 2605 651 2691 ct
695 2631 817 2688 ideo
860 2625 1179 2696 sultiuugit:
1226 2619 1315 2678 49.
1362 2618 1506 2672 Sicut
1558 2612 1869 2683 portavimus
1912 2605 2180 2675 imaginem

596 2720 821 2783 terreni;
867 2716 969 2773 hoc
1007 2723 1128 2777 est,
1168 2710 1312 2764 sicut
1356 2696 1492 2759 mala
1534 2702 1793 2763 fecimus;
1837 2706 2099 2765 portemus
2135 2703 2182 2747 et

550 2808 551 2811 “
594 2811 869 2885 inopina
903 2802 1155 2865 celestis;
1183 2797 1287 2855 hoc
1311 2804 1416 2859 est,
1446 2793 1703 2885 faciamus
1730 2788 1951 2885 optima.
1981 2784 2182 2839 Praeter

603 2878 728 2962 hau;
747 2909 929 2954 autem
950 2932 971 2963 ,
996 2908 1061 2947 ex
1095 2900 1147 2945 te
1172 2887 1403 2944 libenter
1426 2881 1734 2939 sciscitarer
1766 2896 1780 2933 :
1824 2878 1897 2933 De
1924 2884 2186 2930 naturane

602 2994 805 3052 dictum
835 2994 919 3042 est
943 3020 964 3049 ν
1010 2981 1113 3052 Qui
1154 2994 1218 3034 es
1263 2986 1397 3033 terra
1418 3020 1431 3036 .
1482 2982 1706 3027 terrenus
1730 3009 1748 3034 ,
1777 2977 1857 3035 et,
1887 2965 2137 3021 Dentinus
2155 2977 2189 3015 'e

607 3083 734 3141 ccio
763 3080 789 3134 ?
816 3075 1046 3135 Maxime
1070 3113 1089 3140 ,
1132 3070 1318 3141 inquit.
1364 3065 1500 3133 Quid
1531 3066 1697 3133 ergo?
1742 3071 1987 3115 terrenus
2014 3055 2187 3109 solum

610 3182 726 3229 erat
757 3167 923 3225 Adam
950 3205 967 3233 ,
992 3179 1062 3218 an
1093 3162 1328 3231 aliquam
1354 3158 1515 3213 etiam
1547 3153 1701 3209 aliam
1732 3148 1961 3204 habebat
2002 3158 2192 3199 essen-

614 3264 743 3318 tiam
775 3262 1057 3329 cognatam
1089 3247 1342 3320 supernis
1369 3256 1423 3301 et
1465 3240 1797 3329 incorporeis
1818 3277 1832 3301 ,
1860 3251 2020 3329 quam
2045 3234 2191 3329 Scri-

615 3361 773 3425 ptura
796 3322 951 3401 vocat
975 3340 1209 3395 animam
1253 3345 1309 3391 et
1346 3332 1590 3404 spiritum
1616 3330 1638 3382 2
1672 3328 1766 3383 Est
1792 3325 1961 3425 cuivis
1990 3322 2194 3393 perspi-

615 3417 800 3503 cuum,
829 3433 971 3506 quod
998 3430 1137 3487 hanc
1163 3440 1398 3499 quoque.
1428 3422 1569 3492 Ergo
1599 3434 1772 3490 neque
1802 3417 2055 3472 Dominus
2082 3424 2199 3472 erat

619 3529 795 3587 solum
824 3537 891 3582 ex
920 3520 1127 3592 superis
1152 3559 1169 3585 ,
1197 3513 1407 3572 etiamsi
1435 3514 1642 3569 dicatur
1672 3525 1703 3566 e
1728 3510 1882 3573 canto,
1907 3506 2003 3563 sed
2031 3506 2192 3561 etiam

620 3635 835 3685 ctrnem
858 3622 1183 3685 susceperat.
1207 3608 1361 3679 Quod
1384 3617 1557 3661 autem
1580 3605 1730 3669 dicit,
1759 3614 1840 3659 est
1858 3602 2196 3673 huiusmodi:

626 3714 775 3769 Sicut
798 3708 1107 3781 portavimus
1134 3702 1405 3774 imaginem
1444 3698 1710 3761 terrestris,
1744 3696 1910 3753 malas
1935 3696 2198 3760 actiones,

627 3805 884 3876 portemus
929 3809 975 3855 et
1018 3798 1286 3866 imaginem
1322 3794 1532 3849 ccclesiis
1558 3834 1573 3855 ,
1604 3804 1794 3858 nempe
1832 3791 1955 3842 vita:
1981 3787 2203 3859 agenda:

627 3897 887 3953 sartionem
931 3905 1049 3962 qna:
1094 3897 1178 3943 est
1221 3887 1273 3940 in
1312 3884 1479 3939 caelis.
1512 3882 1567 3936 Si
1597 3891 1774 3934 autem
1808 3879 2115 3949 loqueretur
2138 3877 2207 3933 de

628 3995 838 4048 natura,
867 3996 973 4037 non
1019 3977 1395 4033 adhortatione
1426 3986 1601 4042 neque
1630 3970 1856 4026 oonsilio
1883 3985 1969 4025 res
2001 3980 2204 4040 egeret.

628 4073 989 4145 Quamobrem
1026 4066 1109 4123 vel
1155 4066 1279 4121 hinc
1310 4063 1646 4134 perspicuum
1675 4070 1779 4126 est,
1808 4060 1948 4131 quod
1978 4060 2045 4115 de
2086 4062 2209 4117 vita:

629 4161 852 4230 agenda:
896 4158 1102 4214 ratione
1131 4165 1213 4210 cst
1240 4156 1289 4209 id
1332 4153 1475 4225 quod
1506 4152 1720 4207 dicitur.
1768 4152 1834 4206 Et
1873 4150 1991 4205 ideo
2019 4165 2211 4206 consu-

635 4252 797 4309 lcndo
838 4248 1040 4305 inducit
1085 4245 1404 4308 orationem,
1450 4251 1507 4297 ct
1533 4241 1767 4310 appellat
1813 4241 2119 4309 imaginem,
2147 4255 2212 4295 ea

636 4342 849 4399 ratione
870 4351 1055 4394 rursus
1079 4334 1391 4398 ostendens,
1423 4332 1565 4401 quod
1593 4332 1889 4386 tle-actione
1915 4332 2078 4397 dicat,
2108 4348 2212 4385 non

639 4432 709 4487 de
755 4439 963 4485 natura.
1017 4425 1309 4495 Propterea
1347 4423 1490 4479 enim
1540 4422 1713 4477 οπεοιί
1764 4439 1948 4477 sumus
1995 4423 2213 4486 terreni,

636 4523 889 4597 quoniam
913 4519 1050 4575 mala
1078 4517 1299 4575 fecimus
1333 4533 1346 4570 :
1377 4531 1481 4569 non
1499 4515 1750 4585 quoniam
1773 4517 1841 4569 ab
1870 4515 2018 4569 initio
2038 4513 2215 4570 effecti

644 4628 832 4671 sumus
876 4612 1110 4674 terreni,
1151 4606 1243 4664 scd
1297 4607 1547 4678 quoniam
1595 4608 1953 4676 peccavimus.
2013 4607 2219 4661 Etenim

647 4710 923 4778 peccatum
956 4701 1185 4771 primum
1223 4710 1276 4753 et
1323 4707 1447 4752 tunc
1476 4712 1620 4751 mors
1644 4739 1659 4763 ,
1688 4708 1743 4752 et
1770 4697 1920 4760 illud,
1948 4697 2108 4751 Tene
2149 4713 2221 4763 ea,

648 4804 695 4850 at
716 4797 771 4850 iu
792 4806 977 4849 terram
1005 4793 1261 4846 reverteris
1286 4789 1436 4858 (Gen.
1464 4790 1517 4843 ‘5.
1551 4786 1640 4862 l9)
1667 4806 1680 4843 :
1712 4799 1836 4844 tunc
1863 4790 2023 4845 etiam
2056 4790 2223 4845 intra-

650 4884 727 4944 vit
751 4896 975 4940 exanten
1005 4881 1165 4937 animi
1196 4889 1437 4935 motuum
1464 4887 1517 4933 et
1540 4880 2018 4949 perturbationum.
2043 4881 2224 4950 Neque

646 4974 792 5030 enim
819 4987 883 5026 ex
912 4982 1049 5026 terra
1080 4987 1199 5028 esse
1230 4971 1468 5042 genitum
1498 4970 1623 5025 facit
1647 4970 1889 5028 absolute
1917 4982 2223 5040 terrenum;

645 5082 771 5124 nam
806 5064 1061 5119 Dominus
1087 5080 1298 5135 quoque
1326 5072 1441 5118 erat
1477 5077 1545 5119 ex
1578 5063 1764 5119 eadem
1806 5078 1981 5119 massa
2007 5075 2060 5120 et
2086 5080 2219 5120 cou-

644 5154 925 5227 spcrsione
954 5172 969 5217 ;
1010 5153 1103 5209 sed
1134 5164 1340 5211 terrena
1368 5169 1528 5224 agere
1569 5170 1583 5206 :
1614 5154 1751 5211 sicut
1786 5156 1949 5212 etiam
1975 5157 2190 5213 caeleste
2210 5198 2225 5221 ,

651 5260 813 5321 agere
839 5262 959 5315 qua:
987 5253 1110 5299 sunt
1128 5244 1286 5316 digna
1309 5246 1475 5300 cmlis.
1503 5245 1611 5299 Sed
1640 5246 1765 5316 quid
1784 5247 1851 5303 ad
1874 5247 1977 5303 hoe
1997 5249 2229 5319 proban-

653 5342 785 5399 dum
812 5351 947 5408 opus
976 5346 1057 5391 est
1084 5337 1329 5392 laborare
1346 5338 1779 5407 supervacaneo?
1808 5340 1920 5407 ipse
1940 5342 2082 5395 enim
2108 5357 2229 5410 pro-

652 5430 854 5490 cedens
884 5430 1039 5485 nobis
1070 5444 1284 5484 sensum
1309 5429 1502 5501 aperit.
1532 5429 1714 5485 dicens
1746 5446 1760 5483 :
1792 5430 1882 5487 50.
1917 5430 2031 5485 Hoc
2060 5444 2231 5485 autem

654 5519 790 5585 dico,
826 5522 1029 5591 fratres.
1074 5520 1209 5591 quod
1252 5537 1371 5574 caro
1418 5531 1465 5576 et
1500 5522 1707 5591 sanguis
1748 5538 1957 5592 regnum
1991 5522 2087 5577 Dei
2129 5540 2230 5577 non

654 5614 995 5681 possidebunt.
1021 5611 1267 5669 Vidistin‘
1295 5612 1563 5686 quomodo
1592 5628 1774 5668 rursus
1797 5613 2033 5680 scitisqu
2060 5615 2228 5668 inter-

657 5715 913 5773 pretetur,
947 5720 1042 5761 nos
1066 5706 1294 5763 liberans
1322 5721 1352 5759 a
1383 5707 1607 5776 negotiis
1636 5708 1662 5759 ’ἐ
1685 5706 1827 5775 quod
1858 5706 2073 5779 quidem
2103 5709 2228 5767 facit

1298 343 1355 397 S.
1382 339 1670 398 ‘JOANNIS
1706 328 2174 393 CllliYSOSTOMI
2214 328 2531 387 ARCIIIEP.
2572 331 3099 395 CONSTANTINOP.

3735 346 3835 402 δα

2266 444 2428 498 etiam
2461 445 2518 500 in
2557 446 2739 502 multis
2773 448 2925 503 locis.
2974 464 3197 504 harncm
3229 450 3370 505 enim
3408 451 3495 508 hic
3523 468 3672 515 vocat
3702 462 3836 515 mala

2265 547 2449 606 opera,
2471 537 2613 604 quod
2638 547 2693 591 et
2714 537 2840 592 alibi
2863 540 3006 604 fecit,
3035 540 3326 609 utquando
3351 542 3481 599 dicit
3504 562 3519 597 :
3552 544 3652 601 Vos
3675 560 3840 604 metu

2266 641 2367 679 non
2388 627 2504 679 estis
2527 627 2579 678 in
2600 643 2781 689 carne;
2807 638 2861 680 et
2888 643 3098 701 rursus,
3126 628 3227 695 Qui
3245 640 3410 685 autem
3432 644 3558 687 sunt
3577 635 3631 689 in
3656 652 3837 705 carne,

2267 713 2377 770 Deo
2403 721 2600 780 placere
2626 732 2727 770 non
2758 726 2968 783 possunt
2988 717 3009 787 (
3024 717 3172 771 Rern.
3197 719 3255 773 8.
3278 719 3331 774 9.
3370 721 3462 793 8).
3485 723 3842 791 Quamonrena

2268 808 2479 877 quando
2495 808 2643 873 dicit,
2672 806 2785 862 Hoc
2811 818 2979 862 autem
3003 810 3155 873 dico;
3182 810 3311 865 nihil
3340 812 3482 867 aliud
3507 814 3655 884 dicit,
3684 832 3842 887 quam

2270 913 2329 953 se
2358 910 2638 967 propterea
2684 898 2787 953 hoc
2835 898 3055 965 dixisse,
3088 911 3147 955 ut
3188 902 3367 957 discas
3410 907 3577 960 malas
3605 909 3845 965 actiones

2272 987 2328 1040 in
2358 1001 2577 1055 regnum
2629 1002 2735 1040 non
2780 987 3136 1043 introducere.
3159 988 3292 1044 Nam
3331 1003 3450 1059 post
3496 997 3844 1060 resurrectio.

2272 1091 2393 1130 nem
2437 1077 2619 1130 statim
2659 1077 2726 1131 de
2757 1060 2941 1146 regno
2991 1078 3192 1133 inducit
3236 1095 3580 1148 sermonem;
3626 1095 3680 1140 et
3728 1087 3849 1143 ideo

2272 1166 2538 1235 subiunxit
2592 1185 2609 1221 :
2648 1166 2825 1237 Neque
2849 1170 3107 1238 corruptio
3130 1170 3526 1239 incorruptclmn
3556 1176 3846 1241 possidebit.

2273 1257 2386 1312 Hoc
2410 1265 2523 1322 est,
2564 1259 2747 1313 vitium
2790 1276 2894 1313 non
2923 1262 3157 1329 possidet
3190 1262 3415 1331 gloriam
3458 1264 3604 1319 illam
3636 1275 3692 1321 et
3723 1283 3849 1330 pcr-

2274 1348 2573 1415 ceptiooem
2632 1363 2697 1403 ac
2746 1347 3051 1407 fruitionem
3111 1351 3591 1421 incorruptibilium
3646 1368 3850 1419 rerum.

2279 1436 2491 1491 Etenim
2522 1439 2704 1491 multis
2735 1439 2786 1491 in
2829 1439 2961 1493 locis
3000 1454 3185 1493 rursus
3217 1455 3344 1495 usus
3371 1451 3456 1495 est
3496 1443 3594 1498 hac
3616 1444 3855 1512 appella-

2279 1526 2444 1590 tione,
2470 1525 2654 1582 dicens
2683 1544 2697 1579 :
2729 1526 2828 1597 Qui
2852 1527 3065 1581 seminat
3101 1530 3155 1581 in
3180 1544 3403 1592 carnem,
3432 1546 3495 1584 ea:
3517 1547 3669 1585 carne
3708 1541 3857 1587 nictet

2277 1617 2647 1698 corruptionem
2667 1617 2811 1685 (Gul.
2837 1618 2891 1672 6.
2916 1618 2993 1689 8).
3012 1619 3068 1674 Si
3093 1628 3271 1674 autem
3294 1620 3498 1674 diceret
3521 1622 3590 1675 de
3605 1637 3856 1691 corpore,

2277 1720 2385 1760 non
2406 1714 2589 1761 autem
2624 1708 2693 1762 de
2720 1709 2857 1762 mala
2886 1710 3120 1775 actione,
3162 1724 3267 1764 non
3294 1712 3515 1767 dixisset
3541 1713 3851 1782 Corruptio-

2278 1810 2447 1861 nem;
2488 1812 2750 1867 nusquam
2793 1800 2940 1854 enim
2981 1813 3178 1868 corpus
3212 1808 3367 1853 vocat
3410 1805 3861 1871 corruptionem;

2277 1902 2450 1956 neque
2476 1889 2619 1943 enim
2648 1890 2921 1957 corruptio
2961 1898 3045 1944 est
3068 1929 3085 1955 ,
3111 1890 3203 1947 sed
3241 1893 3608 1961 comptihile.
3655 1894 3858 1961 Quam-

2277 1979 2463 2034 obrem
2505 1980 2827 2051 procedens,
2872 1990 2927 2036 et
2956 1981 3025 2036 de
3058 1997 3124 2036 eo
3147 1982 3458 2051 disserens,
3500 1998 3604 2038 non
3636 1984 3689 2038 id
3727 1985 3866 2043 dixit

2277 2073 2697 2141 corruptionem,
2723 2071 2819 2127 sed
2844 2072 3212 2141 corruptibile,
3242 2073 3467 2129 dicens:
3503 2073 3719 2143 Oportet
3749 2090 3865 2128 cor-

2277 2161 2517 2227 ruptibite
2546 2162 2641 2215 hoc
2684 2160 2895 2215 induere
2921 2162 3371 2231 incorruptionem.
3400 2162 3603 2219 Deinde
3642 2179 3765 2219 cum
3793 2165 3866 2220 de

2281 2254 2406 2307 vitat
2432 2251 2652 2322 agenda:
2678 2252 3219 2308 rationeahsolvisset
3241 2254 3692 2320 admonitionem;
3719 2258 3865 2325 quod

2278 2356 2495 2410 semper
2512 2342 2647 2396 solet
2663 2340 2864 2406 facere,
2885 2351 3255 2411 argumentum
3278 2356 3592 2413 argumento
3611 2347 3870 2401 continuo

2280 2430 2601 2493 admiscens,
2627 2436 2911 2485 revertitur
2947 2447 3131 2487 rursus
3157 2432 3222 2486 ad
3247 2433 3568 2503 loquendum
3584 2435 3651 2489 de
3678 2450 3867 2491 resurv

2282 2521 2557 2587 rectione,
2586 2523 2664 2577 sic
2700 2522 2888 2577 dicens
2919 2540 2934 2576 :
2965 2524 3055 2578 51.
3087 2522 3217 2577 Ecce
3252 2528 3544 2593 mysterium
3568 2525 3705 2578 vobis
3730 2527 3866 2580 dico.

2353 2611 2409 2666 ἢ.
2440 2611 2815 2667 Venerandum
2835 2611 3105 2682 quidpiam
3130 2621 3184 2667 et
3206 2628 3483 2678 arcanum,
3512 2623 3566 2668 et
3591 2616 3734 2683 quod
3762 2630 3867 2670 non

2284 2714 2475 2756 omnes
2508 2712 2741 2767 norunt,
2774 2709 2858 2757 est
2894 2702 3136 2757 dicturus
3166 2719 3180 2755 :
3219 2703 3363 2771 quod
3416 2704 3576 2759 etiam
3633 2705 3872 2761 ostendit

2286 2804 2535 2860 maguum
2571 2790 2836 2847 honorem
2866 2807 2975 2861 quo
3000 2806 3098 2846 eos
3124 2792 3310 2855 afhcit,
3341 2809 3538 2864 nempe
3566 2797 3647 2851 eis
3674 2812 3871 2852 arcana

2287 2880 2487 2935 dicere.
2527 2880 2664 2947 Quid
2697 2880 2800 2936 hoc
2828 2891 3007 2936 autem
3036 2891 3119 2936 est
3137 2882 3163 2935 1
3187 2881 3311 2935 Non
3340 2899 3513 2938 omnes
3536 2886 3738 2954 quidem
3768 2904 3877 2939 uto-

2290 2970 2498 3035 riemur,
2532 2979 2577 3023 et
2619 2986 2790 3024 omnes
2831 2971 3227 3025 immutabintur.
3273 2970 3385 3027 Hoc
3413 2984 3493 3027 est
3518 2982 3699 3029 autem
3730 2978 3877 3044 quod

2292 3060 2463 3116 dicit:
2490 3060 2609 3115 Non
2639 3074 2832 3115 omnes
2868 3060 3080 3131 quidem
3111 3061 3424 3126 moriemur,
3467 3077 3655 3119 omnes
3695 3076 3881 3119 autem

2295 3153 2721 3219 immutabitnur,
2761 3153 2923 3208 etiam
2973 3153 3063 3223 qui
3108 3168 3211 3207 non
3262 3155 3563 3209 moriuntur
3593 3172 3606 3207 :
3636 3171 3759 3210 nam
3804 3157 3882 3211 illi

2296 3259 2509 3314 quoque
2555 3252 2683 3297 sunt
2720 3243 2992 3299 mortales.
3035 3244 3113 3299 Ne
3139 3259 3265 3314 ergo
3308 3245 3560 3314 quoniam
3606 3247 3881 3312 morieris,

2299 3344 2577 3405 propterea
2598 3371 2615 3397 ,
2648 3333 2852 3402 inquit,
2883 3332 3070 3387 timeas
3098 3342 3367 3403 tamquam
3402 3348 3507 3388 non
3540 3347 3884 3390 resurrectu-

2300 3439 2393 3478 rus
2426 3440 2439 3475 :
2470 3432 2595 3480 sunt
2620 3422 2785 3487 enim,
2816 3432 2941 3477 sunt
2966 3422 3127 3475 etiam
3157 3423 3319 3492 aliqui
3344 3424 3433 3494 qui
3465 3424 3567 3478 hoc
3592 3424 3886 3495 eﬂ‘ugient;

2300 3523 2355 3568 et
2382 3523 2559 3568 tamen
2578 3512 2678 3568 hoc
2701 3507 2780 3567 eis
2806 3526 2914 3567 non
2941 3512 3136 3566 sufﬁcit
3154 3513 3223 3567 ad
3245 3513 3389 3567 illam
3409 3516 3890 3580 resurrectionem,

2302 3606 2398 3661 sed
2425 3614 2634 3675 oportet
2664 3605 2751 3660 illa
2780 3618 2993 3675 quoque
3020 3619 3250 3673 corpora
3273 3618 3393 3675 qua‘.
3423 3620 3529 3660 non
3557 3606 3889 3673 moriuntur,

2306 3697 2573 3753 immutari
2602 3708 2656 3751 et
2684 3696 2913 3750 transire
2940 3695 3007 3751 ad
3038 3696 3514 3764 incorruptionem.
3544 3696 3634 3753 52.
3668 3695 3738 3751 In
3770 3710 3887 3751 rno-

2306 3798 2493 3854 ntento,
2535 3789 2589 3841 in
2616 3790 2718 3841 ictu
2744 3788 2899 3854 oculi,
2922 3788 2973 3842 in
2996 3788 3268 3841 nouissimo
3293 3788 3437 3841 tuba.
3458 3786 3721 3856 Quoniam
3753 3791 3895 3843 mul-

2309 3891 2419 3935 tum
2462 3881 2751 3948 disputavit
2798 3880 2863 3934 de
2917 3880 3351 3943 resurrectione,
3406 3888 3533 3933 tunc
3580 3890 3893 3949 opportune

2310 3971 2547 4027 ostendit
2576 3968 2627 4025 id
2653 3969 2793 4039 quod
2823 3980 2905 4025 est
2950 3972 3002 4023 in
3042 3984 3103 4023 ea
3135 3968 3448 4023 admirabile
3474 3978 3530 4023 et
3559 3980 3754 4039 praeter
3778 3973 3897 4041 opi-

2313 4060 2550 4115 nionem.
2599 4057 2715 4112 Non
2754 4068 2836 4113 est
2882 4058 3024 4113 enim
3072 4057 3174 4111 hoc
3217 4057 3390 4111 solum
3439 4058 3701 4121 mirabile,
3746 4061 3899 4130 quod

2315 4151 2543 4219 primum
2564 4156 2868 4218 putrescunt
2892 4164 3115 4218 corpora
3144 4156 3201 4205 et
3215 4158 3341 4203 tunc
3358 4157 3663 4220 resurgunt,
3684 4150 3862 4221 inquit
3884 4168 3901 4218 ;

2315 4249 2370 4295 et
2396 4240 2535 4308 quod
2565 4240 2649 4303 iis,
2673 4258 2789 4310 qua:
2820 4255 2959 4295 nunc
2985 4248 3135 4305 sunt,
3168 4240 3394 4294 meliora
3424 4253 3489 4293 ac
3518 4242 3902 4309 prastantiora
4001 4226 4003 4263 ξ

2316 4346 2436 4401 qua:
2461 4341 2742 4403 resurgunt
2768 4348 2782 4397 ;
2806 4342 2861 4387 et
2883 4332 3023 4402 quod
3045 4330 3109 4386 ad
3132 4331 3288 4401 longe
3315 4330 3591 4385 meliorem
3622 4340 3907 4387 transeant

2319 4422 2713 4486 conditionem,
2758 4437 2930 4493 neque
2983 4420 3125 4491 quod
3170 4420 3534 4492 unusquisque
3582 4422 3725 4490 quod
3782 4438 3907 4492 pro-

2321 4515 2495 4585 prium
2524 4524 2605 4569 est
2627 4514 2874 4584 accipiat,
2901 4524 2955 4569 et
2983 4513 3159 4569 nullus
3185 4512 3326 4584 quod
3353 4511 3575 4568 alterius
3599 4535 3612 4569 :
3635 4514 3730 4569 sed
3759 4515 3906 4585 quod
4002 4546 4003 4557 ι

2325 4616 2430 4659 tam
2461 4606 2624 4661 multa
2648 4648 2663 4672 ,
2709 4616 2851 4660 tanta
2894 4614 2951 4661 et
2987 4607 3109 4661 talia
3128 4647 3145 4671 ,
3173 4613 3231 4661 et
3257 4620 3375 4677 qua:
3399 4620 3615 4661 omnem
3642 4619 3908 4677 superant

2325 4700 2589 4753 rationem
2612 4708 2664 4752 et
2689 4710 2942 4765 mentem,
2964 4698 3159 4753 ﬁantin
3189 4707 3478 4753 momento.
3510 4698 3577 4752 Et
3602 4702 3704 4755 hoc
3732 4701 3909 4770 signi-

2328 4792 2491 4846 ﬁcans
2515 4792 2869 4856 manifestius,
2901 4790 2965 4845 In
3000 4793 3103 4845 ictu
3129 4791 3285 4857 oculi,
3313 4791 3464 4857 dicit,
3491 4789 3544 4845 id
3574 4802 3675 4854 est,
3703 4805 3915 4861 quattto

2330 4891 2569 4951 tempore
2594 4883 2856 4937 clauditur
2880 4881 3086 4938 cilium.
3120 4882 3321 4938 Deinde
3347 4882 3600 4952 quoniam
3627 4881 3767 4936 dixit
3794 4898 3915 4938 rem

2330 4988 2572 5043 magnam
2602 4982 2656 5029 et
2685 4983 2905 5043 stupore
2948 4974 3157 5042 plenam
3178 5014 3193 5038 ,
3221 4974 3265 5027 si
3296 4988 3386 5029 res
3412 4981 3488 5027 tot
3510 4982 3565 5027 et
3595 4982 3759 5027 tanta
3802 4985 3913 5028 tam

2330 5075 2548 5133 repente
2592 5065 2752 5130 ﬁant,
2780 5063 3063 5133 'subjungit
3101 5062 3167 5117 ad
3213 5063 3749 5127 demonstrationem,
3772 5064 3914 5119 red—

2331 5156 2463 5211 deus
2493 5158 2747 5213 credibile
2770 5156 2911 5226 quod
2938 5155 3167 5218 dicitur:
3191 5154 3347 5209 Cauet
3366 5156 3501 5209 enim
3530 5154 3745 5219 tuba,.et
3771 5174 3916 5211 rnor-

2334 5252 2407 5301 tttt'
2441 5258 2701 5321 resurgent
2748 5246 3053 5315 incorrupti,
3098 5254 3145 5299 cf
3188 5262 3280 5300 nos
3323 5246 3719 5301 immutabimur.
3755 5247 3915 5312 Illud,

2337 5336 2471 5403 Nos,
2498 5353 2601 5392 nou
2632 5338 2759 5391 dicit
2775 5336 2843 5391 de
2869 5337 3067 5406 seipse,
3091 5336 3185 5391 sed
3207 5335 3275 5390 de
3299 5334 3363 5390 iis
3378 5337 3466 5406 qui
3492 5348 3612 5392 tunc
3634 5338 3919 5392 invenien-

2338 5440 2421 5485 tur
2449 5432 2711 5485 viventes.
2743 5430 2832 5485 55.
2864 5426 3073 5497 Oportet
3088 5428 3223 5481 cuius
3244 5428 3569 5498 curruptibife
3585 5428 3680 5480 hoc
3704 5426 3923 5479 induas

2337 5522 2783 5590 incorruptionem.
2825 5520 2903 5575 Nc
2928 5520 3070 5575 enim
3091 5561 3106 5585 ,
3135 5536 3254 5575 cum
3285 5520 3518 5576 audieris
3543 5517 3682 5588 quod
3710 5532 3843 5570 caro
3867 5529 3921 5574 et

2340 5617 2556 5683 sanguis
2584 5631 2804 5686 regnum
2856 5614 2949 5668 Dci
2992 5630 3097 5671 non
3128 5613 3441 5685 possidebit,
3469 5611 3745 5666 existimes
3802 5626 3921 5663 cor-

2344 5723 2470 5779 pora
2504 5724 2608 5765 non
2641 5722 2918 5778 resurgere
2939 5745 2956 5774 ,
3002 5706 3276 5778 subjunxit
3304 5721 3317 5759 :
3351 5702 3556 5773 Oportet
3594 5703 3925 5773 corruptibili:

3996 1008 4003 1255 l

3990 1429 4003 1695 l

3994 2024 4003 2393 ψ
