4028 6222
234 367 334 422 365

229 483 323 536 hoc
346 481 550 534 induere
577 475 1019 544 incorruptionem,
1042 481 1086 526 et
1114 470 1325 526 mortale
1346 471 1437 524 lt-oc
1466 471 1674 524 induere
1701 470 1794 522 im-

225 573 599 627 mortalitatem.
623 565 978 635 Corruptibile
1006 573 1181 617 autem
1205 573 1285 616 est
1311 576 1504 630 corpus
1525 600 1540 625 ,
1563 569 1617 614 et
1652 575 1795 612 mor-

225 663 354 717 tale.
403 659 528 713 Ideo
569 673 764 726 corpus
810 660 1254 722 manetzcorpus
1298 639 1440 706 enim
1486 661 1567 704 est
1612 650 1796 716 subje-

223 764 367 810 ctum
400 750 660 805 induens:
691 748 985 809 mortalitas
1013 755 1188 800 autem
1219 754 1272 798 et
1293 747 1562 811 corruptio
1587 742 1795 795 aeletur

224 853 276 896 et
332 839 621 905 evanescit,
666 838 732 892 ad
776 837 948 906 ipsum
991 833 1277 889 accedente
1317 831 1714 885 immortalitate
1742 838 1798 884 et

223 932 640 1002 incorruptione.
669 931 786 986 Noli
829 945 956 999 ergo
983 930 1233 996 delneeps
1260 925 1503 980 dubitare
1527 921 1795 991 quomodo

221 1024 384 1076 vitam
413 1023 550 1076 vivet
583 1021 842 1076 infinitam
864 1060 881 1085 ,
913 1034 1032 1074 eum
1068 1015 1300 1071 audieris
1331 1014 1471 1084 quod
1501 1013 1592 1066 fiat
1615 1012 1794 1066 incar-

222 1115 472 1183 luptihile
499 1123 553 1168 et
590 1113 825 1167 iuteritui
853 1127 957 1164 non
995 1109 1307 1162 obnoxium.
1350 1107 1437 1161 54.
1478 1105 1604 1160 Cum
1629 1112 1794 1157 autem

217 1205 546 1272 eorruptibile
583 1205 675 1258 hoc
719 1202 935 1255 induerit
978 1199 1438 1267 incorruptionem,
1489 1205 1535 1251 et
1582 1193 1795 1247 mortale

221 1299 317 1347 hoc
338 1295 551 1347 induerit
578 1292 1024 1354 immortalitatem,
1043 1299 1159 1342 tunc
1179 1291 1262 1356 fiet
1289 1303 1451 1342 sermo
1471 1286 1557 1356 qui
1577 1285 1794 1353 scriptus

217 1384 582 1454 est,Absorpta
610 1394 682 1438 est
705 1400 838 1436 morr
861 1383 912 1435 in
939 1383 1163 1435 victoria.
1187 1380 1316 1435 Nam
1334 1379 1582 1449 quoniam
1606 1392 1793 1445 magna

217 1477 352 1530 dixit
376 1486 430 1529 et
456 1490 650 1528 arcana
671 1516 686 1538 ,
721 1489 902 1527 rursus
940 1472 991 1526 id
1015 1471 1156 1541 quod
1183 1472 1313 1524 dicit
1338 1467 1591 1523 credibile
1616 1477 1669 1521 et
1693 1467 1795 1522 fide

216 1568 434 1635 (lignum
455 1566 580 1620 facit
597 1581 660 1620 ex
687 1563 960 1633 prOphctia
978 1579 990 1613 :
1008 1562 1257 1630 Absorpta
1277 1571 1370 1624 est,
1386 1560 1573 1626 inquit,
1587 1573 1721 1609 mors
1742 1557 1794 1609 in

216 1658 443 1709 victoria.
469 1655 578 1708 lloe
601 1662 703 1720 est,
728 1653 780 1706 in
809 1652 996 1716 finem;
1021 1665 1086 1704 ne
1121 1648 1580 1717 manentquidem,
1601 1647 1796 1715 inquit,

217 1747 336 1815 ejus
385 1744 626 1813 reliquitn
653 1783 667 1808 ,
701 1757 872 1810 neque
919 1755 1040 1807 Spes
1085 1750 1168 1794 est
1196 1738 1418 1800 reditus,
1463 1751 1581 1790 cum
1616 1736 1789 1788 incor-

216 1837 393 1905 ruptio
431 1833 819 1903 consumpserit
852 1832 1246 1899 corruptionem
1287 1839 1340 1883 et
1369 1828 1658 1882 interitum.
1700 1825 1788 1880 55.

219 1927 318 1982 Ubi
353 1937 446 1990 est,
483 1941 636 1988 mors,
669 1924 874 1978 uictoria
914 1932 1002 1976 tua
1030 1924 1054 1976 ?
1084 1921 1168 1974 ubi
1195 1931 1288 1986 est,
1317 1920 1531 1990 inferne,
1560 1915 1795 1969 stimulus

214 2029 331 2072 tuus
362 2019 386 2070 Ρ
425 2017 608 2071 Vidisti
657 2016 845 2069 fortem
893 2022 950 2068 et
989 2027 1305 2083 generosam
1350 2011 1580 2063 animam
1612 2007 1794 2061 ‘tNam

215 2119 486 2175 tamquam
527 2121 622 2174 pro
652 2105 870 2158 victoria
900 2103 1227 2166 sacrificans,
1262 2110 1317 2154 et
1348 2102 1453 2153 Deo
1476 2099 1704 2163 afflatus,
1736 2107 1792 2152 et

217 2200 391 2252 futura
420 2197 604 2250 videns
634 2196 782 2264 quasi
804 2195 913 2263 jam
943 2194 1101 2258 facta,
1136 2193 1302 2245 insilit
1328 2201 1381 2245 et
1403 2191 1598 2258 jacenti
1630 2191 1791 2242 morti

217 2289 455 2352 insultat,
482 2299 534 2342 et
568 2287 618 2340 in
642 2295 800 2354 caput
825 2285 941 2353 ejus
957 2286 1143 2352 jacens
1169 2284 1236 2336 de
1272 2283 1489 2335 victoria
1517 2281 1792 2335 exsultan-

214 2388 324 2433 tem
368 2377 564 2432 emittit
591 2391 797 2440 vocem,
819 2376 1056 2428 clamans
1084 2382 1136 2428 et
1163 2372 1368 2437 dicens,
1396 2370 1492 2424 Ubi
1512 2382 1604 2434 est,
1633 2385 1789 2433 mors,

213 2470 450 2523 stimulus
479 2477 591 2522 tuus
613 2468 637 2521 ?
663 2467 747 2520 ubi
790 2476 862 2520 est
889 2467 1100 2519 rictoria
1141 2475 1247 2529 tua,
1287 2462 1528 2533 inferne?
1557 2460 1716 2514 l‘et‘iit
1739 2468 1793 2514 et

215 2561 427 2630 penitus
469 2560 716 2623 evanuit,
746 2569 798 2613 et
840 2570 1039 2612 temere
1084 2557 1253 2611 fecisti
1303 2556 1390 2609 illa
1433 2554 1633 2607 omnia.
1677 2552 1792 2605 Non

212 2652 386 2705 solum
417 2650 556 2704 enim
581 2663 696 2702 eam
726 2650 886 2701 armis
916 2647 1059 2699 exuit
1087 2655 1139 2700 et
1168 2646 1333 2709 vicit,
1365 2645 1458 2698 sed
1489 2645 1647 2697 etiattt
1673 2657 1791 2710 pcr-

213 2741 387 2803 didit,
415 2749 468 2794 ct
493 2752 558 2791 eo
596 2737 800 2804 redegit
839 2746 895 2789 ut
925 2752 990 2788 ne
1015 2745 1157 2789 esset
1186 2733 1667 2803 quidempeuitus.
1695 2732 1788 2787 56.

216 2830 466 2887 Stimula;
486 2837 651 2880 autem
672 2827 843 2878 mortis
865 2835 1119 2894 peceatum
1137 2834 1206 2876 est
1231 2839 1248 2876 :
1271 2823 1423 2875 virtus
1444 2837 1557 2874 vero
1580 2824 1788 2889 peccati,

215 2925 320 2976 lex.
355 2919 538 2973 Viden‘
568 2916 837 2986 quomodo
880 2917 1124 2985 loquatur
1160 2915 1227 2968 de
1273 2923 1444 2967 morte
1484 2911 1791 2980 corporali?

216 3013 360 3080 Ergo
391 3009 623 3078 loquitur
647 3009 806 3062 etiam
851 3007 918 3060 de
944 3005 1331 3059 resurrectione
1369 3003 1626 3072 corporis.
1661 3002 1791 3056 Nam

213 3107 261 3160 si
291 3105 404 3157 lucc
431 3117 534 3155 non
576 3108 881 3168 resurgunt,
910 3099 1179 3166 quomodo
1221 3105 1302 3149 est
1332 3109 1476 3148 mors
1503 3096 1793 3162 absorpta?

216 3193 327 3248 Nee
365 3192 464 3244 hoc
493 3191 699 3252 solum,
745 3189 838 3240 sed
882 3188 1039 3240 etiam
1085 3185 1353 3255 quomodo
1395 3184 1594 3253 peccati
1627 3185 1794 3238 virtus

214 3295 299 3338 est
338 3283 418 3336 lex
449 3282 472 3334 ?
499 3280 629 3332 Nam
663 3279 802 3346 quod
833 3287 1104 3346 peccatum
1136 3279 1204 3330 sit
1232 3277 1477 3331 stimulus
1506 3276 1712 3336 mortis.
1741 3285 1796 3330 et

213 3376 304 3429 illa
331 3372 562 3442 gravius,
587 3381 638 3424 et
662 3371 774 3424 haec
801 3372 851 3424 in
875 3371 989 3440 ipso
1017 3371 1118 3422 vim
1145 3370 1353 3434 haheat,
1374 3369 1422 3421 id
1457 3369 1792 3422 manifestum

212 3479 299 3522 est
331 3483 344 3518 :
379 3464 642 3532 quomodo
681 3473 855 3516 autem
904 3462 1020 3529 ejus
1057 3476 1267 3529 quoque
1317 3461 1484 3514 virtus
1529 3473 1611 3514 est
1655 3461 1737 3513 lex
1771 3461 1795 3512 ?

213 3556 478 3621 Quoniam
505 3554 702 3622 absque
733 3568 794 3606 ea
836 3562 950 3606 erat
983 3551 1327 3612 imbecillum,
1362 3561 1416 3602 ut
1458 3550 1599 3618 quod
1639 3551 1791 3604 ﬁeret

214 3647 456 3716 quidem,
481 3660 587 3696 non
627 3654 804 3712 posset
828 3653 1002 3695 autem
1031 3641 1248 3709 perinde
1269 3641 1800 3694 cendemnare.Nam-

218 3741 382 3792 fiebat
403 3735 612 3805 quidem
640 3736 858 3800 malum,
886 3750 988 3786 non
1017 3738 1083 3786 ita
1112 3745 1285 3786 autem
1310 3743 1492 3800 aperte
1521 3733 1792 3786 indicaba-

217 3839 326 3882 tur.
345 3825 698 3893 Quamobrem
721 3825 799 3877 lex
815 3841 916 3876 non
937 3839 994 3889 pa
1006 3839 1120 3874 rum
1137 3824 1359 3875 contulit
1395 3822 1456 3873 ad
1477 3837 1795 3890 cognoscen-

215 3923 345 3971 dum
373 3927 642 3986 peccatum
667 3955 679 3976 ,
709 3915 815 3966 imo
838 3929 962 3965 vero
990 3912 1236 3965 etiamad
1267 3912 1562 3978 augendum
1590 3913 1791 3980 suppli-

215 4010 380 4062 cium.
407 4006 459 4060 Si
485 4015 659 4057 autem
684 4004 806 4057 dum
828 4003 987 4056 vellet
1018 4002 1322 4070 prohibere,
1342 4002 1390 4053 id
1421 4002 1651 4054 reddidit
1675 4018 1794 4071 gra-

216 4099 355 4162 vius,
375 4113 476 4150 non
494 4097 736 4164 estculpa
759 4096 808 4148 in
835 4094 1095 4147 medicum
1117 4093 1458 4156 conferenda,
1482 4093 1575 4146 sed
1600 4095 1648 4146 in
1670 4109 1791 4145 eum

214 4191 306 4260 qui
332 4190 463 4242 male
493 4203 620 4241 usus
649 4196 728 4239 est
749 4185 1159 4238 medicamento.
1193 4185 1319 4236 Nam
1351 4183 1545 4237 Christi
1574 4199 1787 4252 quoque

217 4285 482 4338 adventus
529 4279 703 4346 gravis
743 4277 838 4327 fuit
879 4290 942 4327 ac
991 4277 1246 4328 molestus
1282 4274 1516 4336 Judmis;
1549 4276 1641 4328 sed
1689 4291 1792 4328 non

222 4375 346 4428 ideo
373 4386 492 4423 eum
524 4365 958 4435 vituperabimus,
991 4364 1081 4416 sed
1117 4379 1236 4416 eum
1265 4365 1475 4430 quidem
1508 4366 1665 4417 etiam
1702 4365 1795 4417 ad-

218 4464 550 4526 mirabimur,
581 4458 697 4512 illos
734 4464 911 4510 autem
955 4455 1120 4521 magis
1154 4454 1276 4506 odio
1316 4453 1628 4506 habebimus
1653 4497 1665 4517 ,
1703 4457 1792 4525 qui

223 4557 337 4612 liL‘Sl
381 4564 504 4608 sunt
550 4568 641 4622 per
679 4565 739 4605 ea
771 4565 888 4619 qua:
918 4547 1183 4601 debebant
1228 4550 1303 4597 eis
1340 4546 1611 4612 prodesse.
1662 4549 1792 4602 Nam

219 4644 366 4715 quod
390 4644 499 4710 ipsa
526 4642 607 4694 lex
641 4641 746 4694 vim
779 4655 881 4694 non
910 4637 1114 4692 dederit
1146 4644 1396 4704 peccato,
1428 4635 1672 4691 Christus
1716 4639 1794 4707 ip-

221 4751 337 4792 sam
362 4743 522 4787 totam
546 4733 801 4800 implevit,
827 4741 879 4785 et
897 4740 1010 4785 erat
1033 4739 1179 4785 extra
1209 4730 1592 4796 peceatum.Tu
1619 4743 1795 4787 autem

226 4825 355 4881 tnihi
383 4821 680 4885 considera,
711 4821 976 4890 quomodo
1008 4821 1129 4875 hine
1151 4835 1360 4890 quoque
1385 4820 1503 4872 facit
1536 4821 1690 4874 fidem
1715 4841 1798 4878 re-

227 4915 567 4973 surrectioni.
592 4911 723 4966 Nam
751 4912 796 4964 si
821 4912 990 4979 ipsum
1021 4927 1241 4980 peccare
1268 4920 1375 4964 erat
1404 4922 1559 4963 causa
1591 4915 1794 4978 mortis,

220 5006 468 5062 Christus
492 5012 667 5057 autem
697 5016 816 5055 eum
847 5001 1077 5055 venisset
1101 5004 1260 5056 solvit
1290 5012 1584 5074 peccatum,
1617 5012 1672 5056 et
1703 5021 1798 5059 nos

225 5100 294 5151 ab
325 5096 442 5164 ipso
479 5095 722 5150 liberavit
750 5109 843 5157 per
871 5093 1212 5161 baptismum,
1243 5104 1294 5147 et
1321 5108 1440 5147 eum
1474 5104 1688 5160 peccato
1726 5096 1799 5148 lc-

223 5204 346 5259 gem
374 5205 585 5258 quoque
624 5187 780 5242 solvit
819 5201 882 5240 ac
919 5185 1109 5254 fregit,
1152 5201 1268 5254 quae
1307 5185 1432 5240 dum
1478 5180 1801 5239 t‘iolatt’t'uac

227 5279 526 5336 transilitur
546 5318 562 5344 ,
606 5279 775 5345 ipsum
816 5278 1060 5330 consistit
1088 5295 1099 5330 :
1129 5276 1255 5345 quid
1298 5277 1470 5333 adhuc
1497 5276 1705 5333 dubitas
1733 5277 1799 5331 de

228 5371 664 5429 resurrectione?
691 5368 960 5439 quomodo
991 5371 1132 5423 enim
1165 5383 1310 5423 mors
1336 5381 1520 5438 postea
1552 5369 1798 5424 domina-

231 5475 343 5518 tum
365 5460 664 5516 obtinebit?
689 5475 811 5514 num
846 5474 941 5527 per
968 5458 1134 5528 legem
1165 5461 1186 5512 ?
1211 5459 1317 5514 Sed
1345 5473 1404 5513 ea
1433 5469 1513 5513 est
1543 5459 1716 5512 soluta
1747 5468 1800 5513 ct

229 5557 504 5622 abrogata.
531 5551 598 5604 At
629 5567 722 5619 per
753 5560 1025 5622 peccatum
1053 5550 1075 5601 ?
1105 5550 1206 5604 Sed
1236 5551 1283 5602 id
1302 5559 1396 5610 est
1427 5551 1635 5618 penitus
1657 5550 1802 5604 delo-

233 5655 364 5696 tum.
397 5643 482 5696 57.
516 5639 624 5694 Deo
652 5652 813 5694 autem
846 5642 1054 5712 gratias,
1090 5641 1173 5707 qui
1210 5641 1343 5692 dedit
1368 5641 1506 5693 nobis
1543 5642 1797 5695 victoriam

237 5749 324 5788 νιν
355 5734 622 5788 Dominum
655 5742 874 5784 nostrum
900 5731 1072 5785 Iesum
1102 5729 1370 5784 Christum.

1246 356 1311 412 IN
1354 355 1568 413 EPIST.
1610 357 1629 411 1
1694 357 1784 412 AD
1822 357 1974 413 COR.
2019 356 2245 412 llOMlL.
2289 356 2448 414 XLII.

3365 361 3469 418 366

1973 469 2024 522 5.
2049 468 2180 523 Nam
2208 479 2462 538 tropaeum
2487 471 2699 541 quidem
2735 471 2848 542 ipse
2873 472 3078 538 erexit,
3111 474 3325 528 coronis
3369 489 3469 529 auo

1903 567 2007 612 tum
2048 575 2145 614 nos
2173 576 2383 630 quoque
2409 560 2510 616 frui
2533 563 2776 629 curavit,
2807 563 2965 631 idque
2992 579 3097 618 non
3133 579 3199 618 ex
3249 565 3431 621 debito
3452 606 3469 632 ,

1903 649 1995 703 sed
2023 651 2135 704 sola
2155 667 2251 706 sua
2279 652 2622 722 benignitate.
2657 654 2744 710 58.
2775 653 2984 724 Itaque,
3013 656 3234 723 fratres,
3273 658 3474 712 stabiles

1901 750 2056 794 estote
2073 753 2120 794 et
2145 742 2438 798 immobiles.
2473 745 2619 800 .lusta
2637 745 2744 815 jam
2773 755 2854 800 est
2879 754 2933 800 et
2957 756 3255 815 opportuna
3284 749 3473 804 adhor-

1902 835 2047 886 tatio.
2081 832 2219 886 Nihil
2246 836 2388 888 enim
2415 835 2550 890 advo
2596 836 2875 891 labefactat
2913 837 3142 908 facitque
3181 838 3470 907 vacillare,

1899 930 2057 989 atque
2102 923 2410 978 existimare
2455 938 2515 980 se
2563 934 2765 982 temere
2806 924 2965 994 affligi
3015 936 3068 981 et
3110 926 3227 981 sine
3280 942 3466 982 causa.

1907 1009 2221 1064 Abundantes
2246 1012 2299 1065 in
2328 1029 2479 1082 opere
2503 1002 2702 1069 Domini
2727 1032 2964 1085 scalper;
3009 1016 3110 1073 hoc
3130 1025 3213 1071 est
3235 1057 3251 1083 ,
3280 1017 3333 1072 itt
3363 1019 3470 1072 vita

1838 1115 1845 1122 ·
1901 1099 2114 1152 munda.
2144 1099 2251 1154 Nec
2275 1100 2433 1167 dixit,
2463 1101 2665 1156 Bonum
2694 1115 2998 1172 operantes,
3017 1106 3469 1171 sedAbundanter,

1901 1198 1958 1243 ut
1985 1189 2084 1244 hoc
2115 1191 2367 1246 faciamus
2395 1207 2514 1246 cum
2541 1193 2864 1249 abundantia
2909 1207 2963 1250 et
3007 1207 3157 1266 septa
3207 1198 3470 1252 transilia-

1900 1295 2040 1334 mns.
2069 1280 2296 1335 Scientes
2320 1285 2453 1351 quod
2475 1283 2615 1337 labor
2637 1295 2797 1338 vester
2823 1302 2925 1340 non
2963 1298 3036 1340 est
3072 1288 3238 1343 inanis
3271 1289 3325 1342 in
3367 1288 3473 1343 Do-

1900 1370 2058 1424 mino.
2083 1370 2218 1438 Quid
2244 1372 2414 1426 dicis?
2445 1390 2625 1429 rursus
2651 1374 2837 1430 labor?
2863 1376 3039 1431 Labor
3071 1378 3284 1445 quidem
3309 1417 3326 1443 ,
3373 1379 3470 1433 sed

1898 1459 1986 1528 qui
2011 1459 2170 1514 habet
2194 1477 2438 1527 coronas,
2470 1473 2524 1517 et
2549 1464 2835 1533 suscipitur
2862 1481 2957 1535 pro
2976 1465 3139 1520 etalis.
3171 1466 3301 1520 Nam
3326 1469 3474 1536 priori

1897 1548 2133 1615 quidem,
2158 1552 2246 1618 qui
2270 1551 2363 1605 fuit
2389 1560 2506 1620 post
2532 1553 2834 1621 paradisum
2860 1596 2874 1620 ,
2902 1562 2986 1609 est
3015 1569 3168 1623 poena
3220 1565 3468 1623 peccato-

1899 1652 2015 1690 rum
2043 1636 2430 1704 admissorum;
2464 1641 2550 1695 hic
2577 1652 2756 1696 autem
2781 1655 2862 1698 est
2894 1643 3290 1699 fundamentum
3323 1644 3470 1699 futu-

1902 1743 2081 1782 rerum
2131 1730 2490 1797 praemiorum.
2542 1733 2900 1800 Quamobrem
2964 1751 3063 1791 nee
3113 1736 3212 1792 hac
3268 1739 3471 1798 ratione

1900 1818 2058 1873 fuerit
2100 1819 2250 1874 labor
2274 1863 2289 1887 ,
2338 1833 2391 1876 et
2433 1823 2574 1892 quod
2599 1831 2830 1892 superne
2859 1843 3106 1896 magnum
3137 1828 3289 1882 nobis
3317 1827 3472 1882 detur

1897 1912 2150 1964 auxilium
2196 1926 2208 1961 :
2258 1921 2312 1966 et
2366 1912 2485 1967 ideo
2537 1915 2815 1983 subjunxit
2860 1933 2873 1968 :
2917 1915 2983 1970 In
3043 1917 3280 1971 Domino.
3338 1919 3471 1972 Natn

1900 1999 2044 2068 prior
2066 2000 2277 2069 quidem
2306 2001 2400 2055 fuit
2431 2011 2487 2057 ut
2515 2003 2763 2058 darenms
2793 2020 2978 2074 poenas
3000 2047 3017 2072 ,
3051 2005 3138 2061 hic
3185 2019 3364 2062 autem
3412 2019 3471 2063 ut

1897 2088 2035 2144 bona
2069 2090 2239 2145 futura
2277 2107 2688 2164 consequamur.
2719 2095 2795 2151 Ne
2821 2113 2947 2167 ergo
2983 2098 3346 2163 dormiamus,
3385 2099 3471 2154 di-

1899 2181 2040 2236 lecti.
2069 2183 2250 2253 Neque
2276 2186 2418 2239 enim
2459 2185 2571 2240 ﬁeri
2617 2197 2821 2256 p0test,
2865 2198 2964 2254 ut,
3014 2191 3058 2245 si
3113 2190 3246 2260 pigri
3288 2206 3494 2245 sumus'
3539 2259 3544 2262 _

1897 2282 1950 2324 et
1978 2273 2147 2340 ignavi
2171 2315 2187 2339 ,
2218 2291 2435 2344 regnum
2463 2279 2714 2332 catlorum
2744 2293 3163 2348 consequamur,
3212 2298 3385 2351 neque
3426 2284 3470 2336 sl

1899 2361 1948 2413 in
1995 2363 2202 2417 deliciis
2241 2382 2463 2434 agamus
2511 2369 2805 2438 mollesque
2848 2370 3014 2424 sinms
3057 2382 3110 2424 et
3156 2371 3470 2427 effeminati.

1899 2452 2158 2507 Prreclare
2185 2455 2328 2509 enim
2353 2457 2626 2512 nobiseum
2649 2471 2854 2529 agetur,
2884 2461 2930 2513 si
2955 2457 3148 2531 corpus
3172 2461 3472 2530 alfligentes

1896 2553 1949 2595 et
1975 2545 2315 2613 castigantes,
2344 2555 2397 2599 et
2422 2547 2697 2601 innumera
2707 2550 2834 2603 biles
2851 2552 3167 2606 sufferentes
3182 2553 3469 2616 aerumnas,

1895 2637 2236 2694 difficultates
2261 2648 2316 2694 et
2341 2640 2551 2695 labores
2573 2681 2587 2704 ,
2622 2643 2879 2709 possimus
2910 2643 3043 2695 bona
3071 2644 3160 2696 illa
3190 2644 3468 2713 consequi.

1896 2729 2086 2782 Annon
2119 2730 2310 2785 videtis
2340 2740 2594 2801 quantum
2625 2733 2762 2786 inter
2786 2734 2974 2786 caelum
3002 2742 3057 2786 et
3086 2742 3279 2787 terram
3308 2735 3468 2788 inter-

1895 2818 2129 2871 medium
2156 2821 2224 2873 sit
2255 2823 2525 2888 Spatium?
2553 2832 2605 2876 et
2633 2833 2889 2891 quantum
2920 2824 3115 2877 bellant
3157 2824 3428 2878 immineat
3453 2866 3467 2891 ,

1895 2920 1948 2964 ct
1976 2925 2133 2978 quant
2167 2911 2237 2964 sit
2267 2914 2426 2966 homo
2458 2928 2751 2981 propensus
2777 2913 2849 2967 ad
2874 2916 3057 2970 vitium
3081 2957 3096 2981 ,
3129 2927 3182 2971 et
3203 2917 3470 2986 quomodo

1897 3016 1995 3056 nos
2017 3001 2320 3056 circumstet
2353 3011 2624 3072 peceatum
2650 3045 2666 3069 ,
2706 3014 2760 3057 et
2793 3021 2950 3074 quam
2999 3008 3149 3060 multi
3199 3009 3250 3061 in
3299 3009 3475 3063 medio

1897 3093 2004 3145 sint
2031 3093 2202 3162 laquei
2227 3095 2248 3146 ?
2277 3095 2382 3149 Cur
2411 3104 2516 3149 tam
2546 3096 2742 3150 multas
2785 3113 2913 3167 ergo
2955 3114 3112 3152 curas
3155 3101 3473 3155 attrahimus

1897 3190 2048 3235 extra
2078 3186 2339 3238 naturalia
2377 3196 2430 3240 ct
2475 3186 2630 3240 nobis
2676 3187 2821 3254 plura
2870 3189 3184 3241 exhibemus
3225 3191 3471 3258 negotia,

1899 3275 2202 3342 majoraque
2235 3275 2784 3344 imponimus’onera?
2819 3297 2921 3331 non
2955 3281 3146 3334 sufficit
3173 3284 3372 3336 ventris
3420 3293 3476 3337 et

1900 3365 2123 3417 vestium
2147 3375 2201 3418 et
2226 3366 2418 3420 domus
2445 3383 2626 3421 curam
2655 3371 2884 3437 gerere?
2919 3387 3020 3422 non
3051 3371 3243 3424 sufficit
3270 3373 3472 3427 sollici-

1900 3457 2026 3511 tudo
2052 3457 2117 3510 de
2148 3458 2212 3511 iis
2239 3475 2357 3526 qtue
2384 3469 2508 3512 sunt
2549 3461 2844 3513 necessaria
2869 3460 2891 3512 ?
2933 3463 3261 3528 Quamquam
3310 3464 3472 3516 etiam
3497 3468 3502 3473 “

1897 3548 1965 3600 ab
1996 3549 2057 3600 iis
2087 3564 2182 3603 nos
2205 3551 2424 3603 abduxit
2450 3550 2711 3615 Christus,
2743 3553 2927 3605 dicens
2963 3572 2974 3606 :
3012 3553 3093 3605 Ne
3122 3555 3322 3607 solliciti
3365 3556 3476 3610 sitis

1897 3640 2081 3692 animo:
2105 3653 2278 3695 rostra:
2302 3643 2422 3709 quid
2451 3644 2723 3695 concedatis
2750 3683 2762 3704 ,
2817 3659 2971 3711 neque
3018 3644 3219 3710 corpori
3267 3656 3428 3698 vestro
3455 3687 3469 3710 ,

1897 3732 2018 3796 quid
2040 3732 2320 3785 induamini
2355 3735 2371 3802 (
2395 3732 2579 3785 Matth.
2615 3738 2663 3790 6.
2691 3734 2820 3803 9.5)).
2849 3734 2900 3788 Si
2933 3742 3108 3786 autem
3130 3741 3197 3788 de
3224 3735 3473 3788 alimento

1899 3824 2200 3874 necessario
2222 3832 2275 3875 et
2295 3822 2607 3877 indumento
2639 3841 2741 3877 non
2768 3834 2978 3891 oportet
3018 3839 3138 3877 esse
3175 3825 3429 3878 sollicitos
3455 3865 3470 3888 ,

1900 3928 2071 3980 neque
2097 3914 2162 3965 de
2187 3913 2273 3967 die
2300 3914 2540 3981 sequenti
2588 3929 2602 3964 :
2646 3914 2732 3980 qui
2785 3924 2889 3966 tam
2942 3915 3157 3966 multam
3201 3914 3474 3967 attrahunt

1900 4003 2211 4070 farraginem
2245 4019 2304 4055 ac
2334 4004 2633 4071 congeriem
2661 4045 2674 4064 ,
2705 4015 2756 4056 et
2787 4004 2991 4071 seipsds
3013 4004 3265 4067 obruunt,
3297 4018 3466 4072 quan-

1898 4094 1965 4145 do
1992 4095 2579 4162 poteruntemcrgerc?
2609 4096 2714 4145 bon
2769 4093 2975 4146 audiisti
3023 4095 3239 4146 l'aulum
3288 4095 3472 4147 dicen-

1900 4194 2003 4238 tem
2038 4202 2049 4236 :
2085 4185 2245 4237 Nemo
2297 4188 2519 4238 militans
2565 4188 2854 4254 implicatur
2904 4189 3054 4254 lt‘ujus
3099 4189 3212 4239 vita:
3263 4187 3472 4254 negotiis

1901 4276 1988 4343 (ρ.
2020 4276 2151 4327 'I'im.
2179 4277 2229 4326 9..
2265 4277 2296 4327 4
2321 4277 2371 4340 )?
2395 4274 2500 4327 Nos
2529 4259 2706 4328 autem
2740 4287 2791 4328 et
2822 4277 3026 4328 deliciis
3052 4293 3264 4343 operam
3283 4278 3472 4329 damus

1899 4379 1951 4421 et
1982 4369 2148 4420 ventri
2189 4367 2519 4435 indulgemus
2562 4376 2613 4418 ct
2659 4368 3017 4431 inebriamur,
3064 4377 3116 4421 et
3169 4383 3264 4435 pro
3312 4369 3473 4421 rebus

1900 4458 2111 4525 quidem
2145 4459 2380 4511 externis
2416 4456 2718 4525 affligimur,
2757 4457 2806 4509 in
2850 4457 3007 4510 rebus
3039 4466 3214 4510 autem
3245 4457 3485 4510 czelesti~

1901 4549 1998 4602 bus
2023 4551 2214 4602 molles
2243 4565 2425 4603 sumus
2454 4559 2500 4603 et
2533 4549 2842 4602 effeminati.
2877 4553 2955 4601 An
2987 4551 3204 4603 nesettis
3223 4550 3362 4617 quod
3385 4564 3474 4601 Stt-

1901 4656 1993 4709 pra
2024 4640 2290 4694 hominem
2319 4651 2398 4692 est
2429 4640 2753 4706 promissio?
2784 4639 2896 4691 Non
2929 4640 3054 4691 licet
3101 4639 3244 4690 humi
3293 4639 3471 4706 ingre-

1901 4735 2062 4787 dienti
2090 4733 2202 4786 ezrli
2233 4730 2492 4798 fastigium
2524 4730 2809 4784 ascendere
2839 4747 2852 4781 :
2886 4746 2981 4784 nos
3006 4743 3181 4784 autem
3214 4747 3318 4783 non
3365 4741 3474 4783 stu-

1901 4825 2086 4878 demus
2135 4823 2314 4874 vivere
2369 4821 2658 4874 secundum
2713 4820 3015 4887 hominem,
3065 4821 3157 4876 sed
3202 4831 3256 4875 et
3306 4822 3476 4875 brutis

1901 4912 2178 4967 evadimus
2225 4911 2538 4965 deteriores.
2583 4912 2807 4965 Nescitis
2851 4928 3030 4967 coram
3079 4928 3184 4980 quo
3224 4913 3472 4965 sistentur

1905 5002 2150 5056 tribunali
2174 5002 2196 5053 ?
2221 5017 2396 5054 annon
2424 5003 2668 5070 cogitatis
2695 5002 2832 5072 quod
2865 5012 2920 5058 et
2945 5004 3226 5056 verborum
3255 5011 3308 5055 et
3330 5003 3472 5069 cogi-

1905 5094 2158 5147 tationum
2185 5107 2213 5144 a
2241 5092 2395 5145 nobis
2422 5093 2663 5162 exigetur
2698 5095 2868 5157 ratio,
2917 5102 2970 5145 et
3011 5107 3076 5143 ne
3123 5106 3211 5144 res
3257 5089 3470 5158 quidem

1903 5183 2188 5238 curamus?
2222 5183 2319 5249 Qui
2347 5183 2486 5237 enim
2518 5177 2714 5253 uapexit
2741 5184 2998 5236 mulierem
3027 5183 3094 5234 ad
3117 5181 3475 5250 concupiscen-

1905 5275 2023 5325 dum
2049 5290 2175 5335 eam,
2198 5275 2307 5342 jam
2328 5282 2400 5326 est
2427 5274 2700 5327 moechatus
2730 5274 2748 5341 (
2777 5272 2959 5326 Matth.
2989 5274 3041 5327 5.
3064 5273 3192 5342 28).
3235 5271 3341 5328 Sed
3383 5272 3476 5324 'ta-

1907 5379 2026 5416 men
2057 5363 2332 5430 quietiam
2377 5364 2575 5417 curiosi
2617 5372 2860 5432 aspectus
2905 5363 3134 5418 reddunt
3178 5362 3468 5427 rationem‘,

1908 5467 2010 5505 neu
2036 5462 2280 5505 recusant
2306 5453 2388 5505 vel
2414 5453 2463 5505 in
2494 5454 2608 5520 ipso
2637 5462 2941 5521 putrescere
2981 5463 3221 5523 peccato.
3267 5452 3364 5519 Qui
3389 5452 3472 5504 di-

1907 5544 1971 5595 cit
1995 5542 2142 5614 fratri
2176 5560 2287 5609 suo,
2319 5543 2505 5609 Stulte,
2533 5545 2877 5599 deturbabitnr
2904 5546 2957 5598 in
2985 5546 3262 5614 gehennam
3290 5546 3306 5610 (
3335 5543 3449 5596 Ibid
3459 5583 3472 5597 .

1908 5649 1955 5686 υ.
1985 5635 2055 5686 2:!
2080 5633 2117 5698 ).
2149 5633 2255 5688 Nos
2284 5646 2458 5688 autem
2485 5636 2887 5689 innumerabilia
2919 5637 3110 5705 probra
3140 5636 3190 5688 itt
3220 5652 3314 5689 eos
3360 5645 3474 5688 tor-

1911 5743 2072 5798 quch
2095 5767 2108 5793 ,
2141 5737 2193 5782 et
2221 5728 2363 5782 varie
2393 5732 2469 5786 eis
2494 5728 2728 5784 insidiari
2758 5746 2861 5784 non
2894 5729 3220 5784 desistimus.
3248 5727 3346 5792 Qui
3377 5729 3479 5782 dl—
