4028 6222
543 322 653 380 367

544 435 661 507 ligit
682 434 987 505 diligentem
1012 473 1027 496 ,
1058 447 1163 487 non
1192 432 1311 502 plus
1336 431 1494 486 liabet
1520 443 1681 499 quam
1706 427 1950 482 ethnicus
1974 442 1987 479 :
2021 440 2121 481 nos

544 536 726 582 autem
763 526 846 581 eis
874 539 1083 595 quoque
1110 523 1430 579 invidemus.
1468 521 1767 588 Quamnam
1812 534 1940 589 ergo
1986 533 2117 571 con-

545 630 837 685 sequemnr
863 617 1069 671 veniam
1091 654 1108 680 ,
1140 613 1355 684 quando
1381 621 1562 666 vetera
1588 609 1721 678 jussi
1745 618 1893 677 septa
1932 609 2123 661 transi-

552 704 682 769 lire,
710 712 947 758 nostram
989 704 1109 757 vitae
1154 702 1374 771 agendae
1400 700 1664 754 rationem
1696 698 1855 752 etiam
1906 698 2119 750 illorqu

551 808 797 848 mensura
826 793 1159 848 coniciamus
1193 791 1455 844 minorem
1478 789 1501 840 τ
1523 801 1764 857 quaenam
1796 801 1893 839 nos
1931 786 2122 853 eripiet

549 883 759 937 oratio?
785 882 905 950 quis
928 881 1083 935 nobis
1109 880 1320 942 aderit,
1353 888 1408 933 et
1433 893 1590 946 opem
1628 876 1769 933 feret
1797 877 1924 930 dum
1964 874 2125 929 casti-

548 970 1024 1044 gamurtNollus,
1052 969 1145 1023 sed
1172 983 1395 1022 necesse
1433 962 1517 1021 est
1554 968 1775 1020 omnino
1826 960 2119 1033 ejulantes,

552 1064 813 1132 lugentes,
839 1059 1087 1113 dentibus
1110 1056 1400 1112 frementes
1423 1097 1439 1122 ,
1488 1055 1764 1109 tormentis
1812 1054 2075 1108 cruciatos
2103 1091 2120 1118 ,

547 1152 739 1207 abduci
765 1152 817 1204 in
841 1150 961 1204 illas
984 1149 1098 1203 luce
1124 1157 1371 1201 carentes
1403 1146 1671 1210 tenebras,
1697 1146 1748 1197 in
1774 1144 1988 1199 dolores
2011 1144 2120 1197 ine-

546 1242 813 1306 vitabiles,
840 1242 892 1294 in
921 1255 1105 1309 poenas
1152 1236 1537 1293 intolerabiles.
1591 1235 1945 1300 Quamobrem
1992 1248 2123 1302 rogo

546 1341 603 1387 et
625 1332 869 1393 obsecro,
900 1340 955 1385 et
983 1338 1162 1383 vestra
1187 1327 1599 1396 apprehendens
1624 1339 1793 1394 genua
1839 1323 2081 1392 supplico
2101 1363 2119 1387 ,

546 1423 720 1477 donec
744 1421 1003 1476 babemus
1029 1422 1131 1474 hoc
1180 1433 1402 1487 parvum
1451 1417 1573 1469 vita:
1620 1415 1903 1478 viaticum,
1953 1423 2007 1465 ut
2056 1413 2121 1465 iis

546 1526 664 1582 qum
684 1511 828 1566 dicta
849 1520 973 1566 sunt
996 1523 1420 1578 compungamur
1436 1548 1453 1572 ,
1486 1514 1864 1562 convertamur
1880 1546 1895 1567 ,
1928 1502 2120 1558 reddac

550 1620 671 1659 mur
697 1603 986 1657 meliores:
1017 1616 1104 1666 ne,
1134 1600 1272 1653 sicut
1294 1599 1383 1652 ille
1409 1598 1579 1663 dives,
1610 1596 1863 1649 inutiliter
1890 1594 1999 1648 illic
2044 1594 2123 1646 la-

551 1704 855 1750 mentemur
873 1706 995 1747 eum
1024 1690 1447 1753 eseesserimus,
1502 1698 1556 1741 et
1593 1685 1918 1747 deﬂeamus;
1963 1684 2117 1737 ﬂetus

546 1802 628 1822 —

551 1973 676 2029 Car.
708 1972 794 2027 lli.
830 1987 880 2024 v.
912 1971 963 2026 ι.
998 1970 1076 2025 De
1112 1968 1334 2023 collectis
1381 1975 1547 2019 autent
1589 1980 1701 2031 quae
1736 1964 1863 2032 ﬁunt
1902 1966 1954 2015 in
2003 1980 2127 2017 san-

620 2074 748 2126 ctos,
770 2062 899 2115 sicut
915 2060 1145 2114 ordinari
1170 2057 1407 2112 Ecclesiis
1427 2055 1644 2111 Galrztice
1660 2096 1675 2121 ,
1700 2058 1773 2107 ita
1798 2064 1845 2106 ct
1869 2069 1953 2105 vos
1980 2054 2132 2119 facite

621 2170 711 2225 per
734 2166 894 2204 unum
916 2147 1134 2204 sabbati.

626 2246 681 2298 1.
710 2240 966 2296 Absoluta
990 2238 1233 2293 oratione
1256 2237 1327 2291 de
1359 2233 1698 2305 dogmatibus
1722 2272 1739 2299 ,
1785 2244 2136 2301 aggressurus

556 2348 674 2388 eam
702 2347 821 2403 qua:
847 2331 1015 2398 magis
1043 2335 1250 2396 spectat
1274 2325 1339 2379 ad
1369 2339 1565 2388 meres,
1597 2322 1776 2377 missis
1806 2314 2132 2389 aliis,proce-

556 2422 637 2477 dit
664 2421 731 2476 ad
755 2433 1023 2474 summam
1053 2417 1344 2477 bonorum,
1372 2414 1533 2468 verba
1572 2412 1770 2467 faciens
1796 2412 1865 2467 de
1894 2412 2131 2466 eleemo-

557 2527 711 2585 syna.
762 2509 871 2563 Sed
918 2523 1037 2563 cum
1084 2508 1153 2562 de
1198 2522 1267 2561 eo
1308 2506 1426 2560 solo
1472 2505 1851 2565 disseruisset,
1897 2504 2131 2567 desinit;

562 2614 881 2671 quamquam
906 2613 1167 2667 nusquam
1197 2598 1299 2651 hoc
1331 2600 1454 2651 fecit
1474 2636 1491 2659 ,
1527 2596 1621 2650 sed
1657 2595 1727 2648 de
1753 2596 2089 2663 eleemosyna
2114 2632 2131 2657 ,

561 2691 630 2745 de
658 2690 1031 2759 temperantia,
1063 2690 1131 2743 de
1160 2686 1568 2741 mansuetudine
1596 2726 1613 2751 ,
1660 2684 1727 2738 de
1778 2684 2029 2748 leuitate,
2068 2682 2139 2737 de

565 2782 814 2852 patientia
834 2781 1010 2851 deque
1038 2780 1159 2833 aliis
1188 2779 1434 2831 munibus
1462 2775 1677 2830 disserit
1703 2776 1756 2828 in
1787 2774 1906 2829 aliis
1927 2774 2136 2843 Episto-

565 2873 631 2925 lis
656 2875 708 2925 in
741 2873 863 2926 line.
887 2871 1065 2936 Quare
1090 2885 1216 2938 ergo
1258 2870 1378 2937 ejus
1423 2866 1563 2937 quod
1603 2875 1806 2934 spectat
1848 2865 1913 2919 ad
1958 2880 2138 2919 mores

567 2961 701 3013 hanc
730 2957 897 3013 solam
946 2958 1033 3012 bic
1083 2967 1273 3010 tractat
1319 2955 1564 3025 partem?
1610 2955 1869 3019 Quoniam
1909 2968 2093 3007 eorum
2121 2993 2136 3015 ,

562 3067 680 3120 quae
710 3051 854 3119 prius
882 3050 1022 3103 dicta
1044 3060 1188 3112 sunt,
1217 3048 1362 3116 plura
1389 3047 1557 3116 magis
1588 3045 1916 3113 pertinebant
1937 3044 2000 3095 ad
2026 3059 2139 3096 mo-

568 3155 656 3194 res
678 3182 694 3203 ,
730 3156 825 3209 per
877 3153 998 3208 qua!
1040 3139 1315 3207 castigavit
1344 3139 1715 3193 fornicatoretn
1742 3177 1756 3201 ,
1788 3152 1879 3205 per
1905 3152 2022 3205 qnze
2047 3152 2140 3188 eos

568 3231 847 3285 admonuit
883 3230 972 3300 qui
1015 3230 1146 3286 foris
1176 3230 1377 3300 judicio
1415 3229 1841 3291 contendebant,
1891 3242 1986 3294 per
2024 3242 2143 3295 qua:

571 3323 764 3376 terruit
800 3322 1041 3377 ebriosos
1064 3333 1119 3377 et
1143 3338 1239 3375 eos
1267 3322 1357 3390 qui
1402 3320 1575 3374 ventri
1626 3318 2000 3387 indulgebant,
2050 3333 2143 3385 per

570 3427 691 3479 qua:
710 3428 804 3465 eos
828 3411 1207 3465 condemnavit
1233 3412 1322 3480 qui
1350 3411 1666 3466 seditionem
1694 3408 1991 3477 agitabant.
2017 3423 2145 3460 con-

573 3502 904 3567 tendebant,
953 3490 1423 3571 magistratumque
1473 3514 1529 3556 et
1572 3502 1792 3570 imperia
1833 3501 2143 3562 ambibant,

577 3607 672 3659 pur
701 3605 820 3658 qua:
851 3604 963 3654 eos,
995 3592 1082 3661 qui
1118 3592 1333 3660 indigne
1361 3592 1688 3645 accedebant
1735 3590 1802 3642 ad
1851 3589 2102 3660 mysteria
2128 3630 2143 3653 ,

576 3680 649 3733 illi
675 3679 1015 3735 in'olemndo
1042 3682 1260 3735 tradidit
1289 3681 1553 3750 supplicio
1574 3723 1587 3741 ,
1618 3696 1713 3750 per
1746 3696 1862 3748 qum
1896 3680 2151 3732 disseruit

576 3768 644 3822 de
687 3769 929 3822 caritate.
970 3770 1254 3839 Propterea
1282 3769 1397 3838 ejus
1427 3770 1601 3823 solum
1630 3769 1871 3841 meminit
1897 3783 2010 3835 quo
2034 3781 2149 3820 ma-

580 3857 722 3911 xime
764 3873 897 3925 Opus
939 3858 1196 3923 habebat,
1244 3874 1438 3928 nempe
1487 3860 1605 3925 epis
1654 3858 1886 3913 ferenda:
1928 3857 2149 3910 sanctis.

580 3946 717 4002 Vide
759 3958 938 4002 autem
982 3948 1099 4017 ejus
1142 3949 1461 4003 solertiam:
1494 3948 1707 4016 quando
1757 3950 1837 4002 eis
1894 3947 2156 4017 persuasit

584 4039 1054 4101 resurrectionem,
1086 4054 1283 4108 eosque
1313 4040 1437 4093 fecit
1468 4041 1827 4107 promptiores
1874 4049 1929 4092 et
1976 4038 2154 4091 animo

580 4130 892 4193 alacriores,
920 4140 1043 4183 tunc
1068 4129 1283 4183 demum
1313 4129 1379 4182 de
1400 4145 1468 4183 eo
1494 4145 1703 4199 quoque
1733 4129 1963 4185 disserit.
2000 4128 2155 4193 Atqui

581 4219 648 4272 de
678 4217 762 4271 his
797 4234 1009 4287 quoque
1051 4227 1208 4271 antea
1249 4218 1530 4283 disseruit,
1562 4218 1775 4288 quando
1803 4217 2016 4272 dicebat
2047 4234 2059 4266 ε
2095 4216 2156 4269 Si

584 4325 675 4361 nos
698 4308 833 4361 vobis
862 4309 1147 4377 spiritualia
1172 4310 1554 4372 seminavimus,
1585 4323 1823 4377 magnum
1853 4316 1920 4360 est
1941 4348 1956 4370 ,
1982 4306 2026 4359 si
2070 4321 2159 4358 nos

586 4406 745 4450 vestra
768 4398 998 4451 carnalia
1022 4400 1253 4451 metimur
1292 4400 1385 4465 (ι.
1434 4398 1550 4450 Cor.
1592 4398 1648 4450 9.
1696 4399 1755 4449 il
1782 4397 1836 4462 );
1885 4406 1941 4449 et
1964 4435 1980 4459 ,
2037 4396 2162 4461 Quis

588 4488 784 4553 plantat
817 4490 1041 4551 vineam,
1076 4498 1120 4541 ιι
1144 4489 1205 4540 de
1230 4489 1399 4557 fructu
1425 4487 1533 4556 ejus
1561 4502 1661 4539 non
1683 4485 1782 4539 edit
1807 4484 1967 4554 (Ibid.
2001 4501 2048 4537 ν.
2076 4486 2166 4545 7)?

586 4578 690 4633 Sed
716 4579 969 4649 quoniam
998 4582 1265 4647 prteciarm
1283 4578 1439 4647 bujns
1468 4576 1691 4632 actionis
1713 4584 1930 4630 noverat
1957 4575 2161 4645 magni-

590 4667 859 4734 tudinem,
889 4682 995 4721 non
1019 4681 1225 4722 recusat
1258 4672 1357 4722 hoc
1380 4683 1589 4737 quoque
1620 4667 1817 4722 addere
1844 4667 1933 4719 fini
1964 4668 2165 4737 episto-

592 4759 676 4812 lze.
709 4768 885 4826 Δονιιν
909 4770 1087 4813 autem
1118 4758 1396 4812 collectam
1444 4767 1636 4823 vocat,
1683 4760 1863 4813 statim
1906 4762 1973 4813 ab
2014 4761 2165 4815 initio

593 4864 705 4903 rem
737 4850 933 4905 faciens
962 4853 1134 4906 levem
1169 4866 1183 4903 :
1212 4865 1335 4904 nam
1368 4848 1583 4918 quando
1623 4849 1691 4901 ab
1738 4849 1983 4903 ninnibus
2030 4866 2164 4905 con-

596 4939 791 5004 fertur,
824 4941 941 4995 leve
965 4942 1189 5010 singulis
1218 4954 1299 4994 est
1323 4940 1464 5010 quod
1504 4939 1863 4994 constituitur.
1904 4940 2037 4993 Cum
2074 4955 2169 4995 au-

595 5040 699 5085 tem
726 5030 949 5085 dixisset
968 5030 1038 5084 de
1062 5030 1282 5084 collecta
1301 5071 1315 5093 ,
1345 5047 1449 5083 non
1470 5030 1647 5085 statim
1678 5030 1808 5084 dixit
1835 5046 1849 5083 :
1873 5029 2168 5099 Unusquis-

597 5135 703 5188 qne
728 5130 963 5175 vestrum
990 5120 1129 5189 apud
1150 5134 1209 5175 se
1233 5128 1413 5189 ponat,
1445 5121 1741 5175 recondens
1767 5119 1905 5189 quod
1932 5120 2026 5187 ipsi
2050 5121 2163 5189 pla-

599 5209 805 5271 cuerit;
834 5223 1150 5277 quamquam
1200 5209 1301 5263 hoc
1344 5219 1459 5264 erat
1486 5222 1859 5277 consequens;
1908 5209 2001 5263 sed
2047 5223 2169 5263 eum

576 5370 579 5371 ν
594 5298 743 5369 ,ηἰιιι
769 5298 1024 5364 dixisset,
1052 5298 1195 5354 Sicut
1221 5300 1454 5353 constitui
1480 5298 1719 5355 Ecclesiis
1751 5300 1967 5354 Galatiae
1987 5342 2003 5365 ,
2048 5311 2171 5352 tunc

600 5388 702 5441 hoc
731 5388 1035 5456 subjunxit,
1067 5404 1127 5443 ea
1176 5390 1445 5445 narrando
1483 5406 1601 5459 quae
1659 5392 1727 5444 ab
1774 5392 1894 5446 aliis
1942 5389 2168 5451 fiebant,

596 5478 829 5532 Studium
857 5478 989 5548 ipsis
1016 5479 1346 5545 accendens,
1378 5481 1536 5549 idque
1579 5494 1782 5549 ponens
1826 5483 1944 5537 loco
1985 5499 2169 5538 narra-

597 5567 771 5623 tionis.
804 5567 954 5634 Quod
980 5570 1139 5623 etiam
1169 5566 1293 5623 fecit
1320 5571 1560 5625 scribens
1600 5570 1668 5624 ad
1709 5571 1994 5627 ltoinanos.
2042 5573 2169 5628 Ete-

600 5662 708 5714 uim
738 5675 857 5716 cum
900 5662 1005 5716 illis
1033 5661 1301 5717 videretur
1332 5678 1547 5719 narrare
1568 5702 1582 5730 ,
1615 5678 1708 5717 cur
1748 5664 2171 5732 proﬁcisceretur

1288 314 1347 373 S.
1382 313 1659 372 JOANNIS
1690 313 2158 371 CIIRYSOSTOMI
2201 313 2509 369 AltClllEP.
2550 315 3074 375 CONSTAN'I'INOP.

638 1793 2193 1819 Μ*

2228 436 2405 479 autem
2427 426 2556 480 nihil
2586 427 2742 482 nobis
2772 429 2991 482 remedii
3022 430 3229 486 afferat.
3260 429 3391 485 Nam
3435 432 3549 487 sive
3592 441 3800 501 patrem

2228 514 2462 581 habeas,
2495 516 2608 568 sive
2640 515 2803 568 tilium
2830 557 2845 581 ,
2874 517 2990 571 sive
3034 523 3274 586 quemvis
3317 520 3479 574 alium
3528 522 3617 587 qui
3660 520 3802 588 apud

2228 605 2395 659 Deum
2432 606 2623 660 habeat
2650 607 2916 672 tiduciam,
2944 624 3101 662 nemo
3128 619 3177 663 te
3205 611 3414 679 eripiet,
3444 625 3566 665 cum
3590 611 3802 679 propria

2229 703 2314 747 tua
2349 694 2484 749 facta
2516 707 2567 749 te
2596 697 2842 764 prodant.
2875 697 3008 751 Tale
3032 708 3112 752 est
3150 700 3289 774 enim
3323 700 3449 754 illud
3494 699 3754 769 judicium
3783 715 3800 753 :

2222 785 2425 854 jndicat
2442 788 2617 841 solum
2640 804 2704 841 ex
2730 789 3154 857 operationibus,
3185 806 3282 844 nec
3306 791 3577 846 aliterillic
3597 793 3805 846 salvum

2204 893 2346 931 esse
2371 878 2510 932 licet.
2541 879 2665 932 Hzec
2686 889 2863 933 autem
2892 880 3034 943 dico,
3066 895 3171 934 non
3202 889 3260 933 ut
3305 881 3397 933 tibi
3438 882 3677 936 dolorem
3722 882 3805 936 inv

2228 967 2415 1033 feram,
2442 985 2545 1023 non
2571 979 2627 1023 ut
2650 970 2881 1039 injiciam
2912 972 2964 1025 in
2995 971 3443 1037 desperationem,
3470 971 3565 1025 sed
3589 987 3655 1025 ue
3681 975 3802 1024 ina-

2229 1059 2280 1111 ni
2305 1069 2359 1112 et
2379 1058 2564 1128 frigida
2586 1076 2682 1128 spe
2706 1062 2910 1127 nutriti,
2940 1071 2994 1116 et
3019 1062 3144 1115 huic
3186 1069 3241 1115 et
3285 1060 3356 1114 illi
3397 1060 3663 1126 fidentes,
3708 1078 3812 1119 no-

2228 1159 2390 1203 stram
2416 1152 2744 1219 negligamus
2763 1151 3032 1205 virtutem.
3051 1151 3181 1204 Nam
3210 1151 3255 1203 si
3277 1151 3530 1205 socordes
3553 1149 3811 1206 fuerimus

2226 1254 2289 1293 ac
2314 1241 2672 1308 negligentes,
2712 1255 2816 1294 non
2843 1242 3042 1309 justus,
3073 1256 3180 1296 non
3208 1242 3465 1309 propheta
3489 1282 3504 1305 ,
3532 1256 3637 1295 non
3683 1256 3815 1309 apo-

2229 1330 2397 1382 stolus
2421 1370 2437 1393 ,
2478 1346 2635 1384 nemo
2679 1332 2833 1385 nobis
2871 1332 3084 1385 aderit:
3113 1333 3158 1386 si
3190 1348 3314 1385 vero
3352 1331 3584 1386 studium
3624 1340 3681 1384 et
3719 1330 3813 1384 di-

2226 1419 2495 1487 ligentiam
2523 1419 2949 1484 adhibuerimus,
2980 1437 3048 1475 ea.
3069 1422 3319 1490 operibus
3341 1422 3687 1475 sufﬁcientem
3722 1422 3819 1473 ha-

2227 1508 2415 1562 bentes
2433 1508 2822 1574 defensionem,
2846 1525 2965 1564 cum
2993 1511 3236 1564 libant-ate
3261 1525 3322 1565 ac
3349 1510 3539 1563 ﬁducia
3581 1510 3820 1564 fruemur

2226 1598 2387 1649 etiam
2454 1598 2646 1661 bonis,
2702 1613 2819 1667 qua:
2884 1609 3007 1653 sunt
3079 1601 3310 1667 reposita
3362 1600 3429 1652 iis
3492 1600 3580 1667 qui
3634 1600 3807 1654 Deum

2191 1678 2454 1752 'dilignnt
2500 1704 2513 1739 :
2550 1704 2667 1753 quze
2707 1689 2864 1741 detur
2910 1689 3062 1742 nobis
3101 1690 3347 1744 omnibus
3384 1690 3678 1758 consequi,
3701 1700 3816 1744 ctc.

1851 1794 2464 1907 HOMILlA—XLIIL

2236 1963 2625 2034 ierosolymam
2648 2007 2665 2031 ,
2696 1968 2775 2023 sic
2804 1982 3109 2025 sermonem
3141 1971 3309 2039 injicit
3337 1972 3404 2025 de
3432 1972 3773 2042 elecmosyna
3803 1990 3819 2026 :

2238 2053 2391 2106 Nunc
2437 2065 2605 2108 alitem
2653 2058 2781 2111 vado
2827 2058 3207 2130 Jerosolgmam
3259 2062 3550 2115 ministram
3606 2063 3821 2115 sanctis.

2250 2142 2422 2198 Visum
2446 2156 2518 2199 est
2544 2148 2677 2199 enim
2708 2147 3023 2203 Macedonia:
3058 2162 3105 2205 et
3146 2152 3354 2207 Achaia:
3394 2154 3822 2206 communicatio-

2237 2249 2349 2287 nem
2370 2240 2642 2301 quamdam
2665 2237 2832 2304 facere
2855 2240 2906 2291 in
2934 2256 3175 2309 pauperes
3194 2251 3476 2295 sanctorum
3510 2242 3692 2313 (Rom.
3725 2242 3819 2298 13.

2235 2321 2325 2375 25.
2356 2322 2427 2376 26
2448 2323 2486 2389 ).
2516 2323 2619 2379 Sed
2651 2326 2769 2379 illos
2796 2327 3009 2395 quidem
3039 2343 3132 2395 per
3159 2328 3476 2383 Macedones
3519 2339 3574 2383 et
3622 2330 3822 2384 Coriu-

2240 2411 2400 2475 tbios,
2432 2413 2527 2465 bos
2553 2424 2730 2467 autem
2760 2419 2919 2469 etiam
2949 2432 3043 2485 per
3066 2417 3279 2471 Galatas
3298 2418 3628 2471 adhortatur.
3665 2419 3821 2473 Sion:

2238 2502 2496 2565 constitui,
2531 2503 2719 2570 inquit,
2750 2502 2990 2559 Ecclesiis
3015 2505 3267 2569 Galatia,
3309 2508 3380 2558 ita
3422 2516 3467 2557 ct
3511 2522 3597 2559 vos
3642 2508 3816 2577 facite.

2244 2589 2595 2645 Erubuissent
2618 2594 2764 2647 enim
2793 2596 2962 2649 videri
2996 2597 3274 2650 inferiores
3296 2596 3517 2650 Calatis.
3548 2596 3664 2651 Non
3686 2597 3826 2652 dixit

2239 2692 2440 2746 autem,
2473 2682 2626 2738 Suasi
2656 2695 2710 2739 et
2734 2686 3013 2740 consilium
3046 2686 3191 2752 dedi,
3218 2688 3331 2750 sed,
3360 2686 3607 2742 Constitui
3634 2703 3655 2741 :
3680 2689 3826 2756 quod

2241 2770 2453 2837 quidem
2487 2774 2742 2841 majorem
2776 2776 3009 2829 ostendit
3053 2780 3445 2830 auctoritatem.
3494 2777 3677 2848 Neque
3723 2778 3825 2831 ad-

2243 2863 2389 2914 ducit
2421 2878 2613 2928 unam,
2645 2874 2738 2917 aut
2763 2866 2893 2920 duas
2918 2877 3011 2920 aut
3050 2879 3158 2921 tres
3186 2870 3464 2933 civitates,
3517 2870 3610 2924 sed
3656 2879 3824 2923 totam

2243 2959 2496 3019 gentem:
2527 2954 2664 3022 quod
2708 2955 2922 3022 quidem
2971 2957 3091 3010 facit
3139 2958 3301 3011 etiam
3348 2960 3399 3011 in
3450 2958 3824 3027 dogmatibus,

2245 3042 2470 3096 dicens:
2504 3045 2650 3097 Sicut
2676 3056 2722 3098 et
2769 3047 2819 3098 in
2858 3048 3087 3101 erunibus
3129 3048 3369 3103 Ecclesiis
3416 3059 3725 3102 sanctorum.
3769 3050 3831 3103 Si

2248 3133 2349 3187 huc
2377 3136 2523 3187 enim
2550 3137 2619 3188 ad
2654 3137 2809 3189 tidem
2851 3138 3145 3192 faciendam
3191 3122 3527 3208 dogmatibus
3571 3150 3652 3195 est
3698 3142 3828 3194 vali-

2247 3223 2371 3277 dum
2392 3262 2409 3287 ,
2442 3226 2607 3277 immo
2638 3226 2806 3293 magis
2832 3226 2898 3280 ad
2924 3228 3337 3283 aemulationem.
3369 3230 3505 3295 Quid
3533 3245 3662 3299 ergo
3686 3270 3701 3293 ,
3740 3230 3832 3285 die

2247 3329 2430 3383 qumso
2453 3354 2468 3380 ,
2498 3317 2860 3370 constituisti?
2886 3317 2941 3370 2.
2978 3316 3078 3371 Per
3099 3335 3254 3371 unam
3277 3318 3503 3383 sabbati,
3556 3322 3655 3375 hoc
3704 3330 3790 3374 est
3813 3362 3829 3385 ,

2250 3404 2335 3458 die
2364 3405 2655 3471 Dominico,
2687 3409 3023 3475 unusquisque
3049 3419 3265 3462 vestrum
3289 3408 3428 3476 apud
3451 3423 3505 3461 se
3523 3419 3731 3477 seponat
3747 3425 3829 3462 rc-

2250 3496 2469 3549 condens
2504 3500 2645 3565 quod
2670 3499 2717 3550 ei
2754 3501 2876 3554 bene
2916 3500 3181 3559 placuerit.
3208 3500 3341 3554 Vide
3370 3500 3641 3569 quomodo
3668 3501 3832 3554 etiam

2252 3588 2565 3643 adhortatur
2594 3605 2624 3643 a
2668 3600 2908 3658 tempore
2939 3607 2951 3642 :
2984 3590 3099 3645 dies
3147 3591 3289 3645 enim
3332 3600 3447 3645 erat
3492 3591 3717 3645 idoneus
3766 3591 3838 3644 ad

2253 3694 2347 3733 eos
2372 3679 2793 3735 adducendosad
2818 3680 3235 3752 elecmOsynam.
3259 3680 3635 3735 Recordemini
3662 3680 3832 3746 enim,

2256 3768 2425 3837 inquit
2448 3808 2463 3831 ,
2508 3785 2758 3838 quamam
2782 3785 2847 3825 eo
2874 3770 2963 3824 die
2990 3771 3305 3839 consequuti
3332 3771 3483 3825 estis.
3515 3771 3660 3825 Bona
3690 3771 3835 3823 enim

2257 3857 2563 3921 incﬂ‘abilia,
2598 3868 2652 3913 et
2683 3860 2830 3913 radix
2864 3868 2922 3912 et
2959 3860 3164 3913 initium
3210 3860 3332 3913 vita:
3372 3869 3570 3914 nostrae
3618 3860 3704 3913 illa
3746 3859 3840 3916 die

2260 3947 2394 4001 facta
2423 3958 2567 4001 sunt.
2600 3948 2713 4002 Non
2748 3950 2845 4003 hac
2873 3960 3051 4004 autem
3078 3952 3252 4003 solum
3281 3950 3488 4005 ratione
3532 3959 3712 4018 aptum
3756 3963 3841 4005 est

2261 4047 2475 4105 tempus
2506 4038 2571 4091 ad
2632 4039 3010 4108 benignitatem
3058 4048 3304 4108 prompto
3347 4049 3402 4093 et
3450 4039 3611 4092 alacri
3658 4042 3843 4095 animo

2260 4127 2649 4191 exercendam,
2678 4129 2770 4181 sed
2798 4139 2853 4181 et
2882 4129 3021 4197 qtiod
3050 4129 3243 4183 habeat
3268 4130 3500 4197 quietem
3549 4144 3613 4184 ac
3648 4132 3839 4183 remis-

2262 4218 2465 4270 sionem
2498 4219 2991 4287 immuuitatetnque
3022 4231 3071 4273 et
3098 4220 3427 4274 vacationem
3474 4236 3502 4272 a
3548 4221 3837 4273 laboribus.

2261 4304 2393 4359 Nam
2416 4307 2593 4360 anima
2625 4323 2654 4360 a
2682 4308 2953 4363 laboribus
2979 4310 3141 4363 libcsa
3167 4310 3408 4364 redditur
3449 4308 3749 4378 expeditior
3788 4319 3844 4363 et

2264 4397 2438 4463 aptior
2466 4396 2531 4449 ad
2562 4398 2942 4452 miserendum.
2981 4399 3060 4452 Ad
3108 4400 3221 4453 base
3265 4408 3474 4462 autem,
3524 4399 3845 4454 venerandis

2266 4501 2475 4554 quoque
2523 4503 2587 4541 ac
2641 4488 3030 4542 immortalibus
3096 4490 3491 4543 communicare
3540 4491 3841 4562 mysteriis,

2268 4590 2511 4645 magnam
2556 4580 2712 4633 affert
2755 4591 2808 4634 et
2857 4580 3095 4633 immittit
3133 4580 3479 4633 alacritatem.
3510 4578 3577 4634 hi
3622 4598 3678 4633 ea
3725 4592 3845 4646 ergo

2269 4670 2604 4737 unusquisque
2626 4681 2844 4723 uestrum
2868 4710 2884 4735 ,
2914 4685 3017 4722 non
3048 4669 3293 4724 absolute
3320 4670 3405 4725 hic
3441 4682 3532 4725 aut
3574 4672 3663 4723 ille
3686 4708 3702 4731 ,
3748 4666 3846 4720 sed

2270 4758 2623 4826 unusquisque,
2654 4760 2766 4813 sive
2795 4760 2862 4813 sit
2888 4775 3108 4830 pauper,
3135 4761 3248 4815 sive
3273 4760 3443 4827 dives,
3466 4762 3579 4814 sive
3600 4759 3698 4820 vir,
3728 4757 3849 4810 sive

2273 4851 2485 4912 mulier,
2520 4852 2637 4903 sive
2665 4865 2848 4905 servus
2874 4892 2889 4916 ,
2920 4856 3032 4906 sive
3068 4853 3199 4907 liber
3219 4895 3235 4919 ,
3266 4856 3403 4923 apud
3435 4869 3488 4905 se
3515 4859 3723 4917 reponat
3764 4864 3847 4902 re-

2272 4940 2511 4995 condens.
2542 4940 2655 4995 Non
2686 4942 2837 5006 dixit,
2870 4942 3028 4997 Ferat
3056 4945 3105 4997 in
3152 4944 3473 5001 ecclesiam,
3517 4954 3585 4992 ne
3631 4948 3851 5006 propter

2276 5030 2590 5098 paucitatem
2616 5032 2965 5096 erubescant;
3014 5032 3107 5087 sed
3151 5047 3274 5085 cum
3323 5043 3385 5082 ea
3431 5042 3549 5095 quae
3594 5026 3848 5095 paulatim

2276 5120 2532 5173 accedunt
2563 5121 2614 5174 in
2640 5122 3047 5176 collectionibus
3069 5120 3276 5174 auxerit
3300 5156 3312 5185 ε
3363 5133 3483 5169 cum
3530 5132 3811 5175 accessero
3832 5161 3848 5182 ,

2278 5220 2399 5261 tunc
2424 5211 2691 5265 ostendat.
2726 5211 2937 5267 Interim
2970 5221 3148 5262 autem
3171 5248 3187 5271 ,
3238 5208 3444 5276 inquit,
3487 5207 3627 5276 apud
3673 5219 3725 5263 te
3764 5224 3855 5264 sc-

2276 5314 2432 5367 pone,
2467 5311 2521 5353 et
2548 5301 2763 5355 domum
2787 5311 2927 5353 tuam
2960 5297 3043 5350 fac
3071 5297 3351 5351 ecclesiam
3372 5339 3387 5363 ,
3414 5300 3647 5352 arculam
3689 5312 3851 5365 gale-

2277 5388 2577 5459 pbylacium
2613 5412 2625 5445 :
2657 5399 2771 5445 este
2800 5397 2979 5443 custos
3027 5401 3191 5440 sacra:
3237 5390 3474 5456 pecuniae
3498 5430 3513 5451 ,
3566 5405 3595 5441 a
3641 5397 3693 5440 te
3734 5386 3854 5453 ipso

2277 5480 2550 5535 ordinatus
2578 5482 2913 5549 dispensator
2945 5492 3253 5545 pauperum.
3307 5478 3608 5547 Bciiignitas
3651 5485 3706 5527 ct
3751 5472 3853 5527 ltu-

2282 5573 2505 5627 manitas
2531 5572 2621 5625 dat
2653 5570 2743 5623 tibi
2776 5569 2874 5622 hoc
2904 5568 3280 5623 sacerdotium.
3322 5568 3488 5635 Hujus
3525 5575 3607 5625 est
3632 5560 3854 5633 symbo-

2284 5665 2388 5719 lum
2417 5682 2476 5720 ac
2509 5664 2715 5730 signum
2744 5658 2883 5728 quod
2929 5676 3065 5715 nunc
3111 5670 3190 5715 est
3238 5655 3692 5729 gazophylaciuut.
3746 5654 3857 5711 Sed
