4028 6222
497 332 607 391 369

489 445 676 517 σύνην.
710 445 908 499 Τούτου
943 445 1211 516 σύμϐολόν
1260 449 1379 501 ἐστι
1423 450 1515 502 καὶ
1552 449 1614 503 τδ
1661 451 2056 523 γαζοφυλάκιον

486 536 603 592 νῦν.
651 536 810 588 Ἀλλὰ
839 535 898 586 τὸ
940 534 1039 604 μὲν
1070 535 1338 604 σύμϐολον
1369 537 1543 607 μένει,
1585 539 1645 592 τὸ
1674 540 1729 592 δὲ
1759 541 1918 611 ἔργον
1960 544 2048 596 οὐ·

485 627 680 697 δαμοῦ.
707 627 816 679 Καὶ
840 623 955 680 οἰδα
997 627 1097 696 μὲν
1141 628 1223 680 ὃτι
1267 628 1451 683 πολλοὶ
1484 630 1593 682 τῶν
1622 632 2050 702 συνεδρευόντων

486 720 647 774 πάλιν
680 720 809 788 ἡμῖν
842 717 1248 785 ἐγκαλέσωσιν,
1281 719 1410 772 ὅταν
1441 719 1582 790 ὑπὲρ
1626 711 1831 775 τούτων
1873 722 2050 775 διαλε·

485 807 711 878 γὼμεθα
738 807 988 876 λέγοντες
1014 825 1028 839 ·
1060 808 1152 878 Μὴ
1173 846 1190 872 ,
1227 809 1551 879 παρακαλῶ,
1583 810 1658 882 μὴ
1687 811 1839 878 γίνου
1867 829 2051 881 φορτι-

489 899 581 961 κὸς
614 900 704 952 καὶ
729 899 972 970 ἐπαχθὴς
999 901 1112 962 τοῖς
1141 900 1428 952 ἀκούουσιν
1451 917 1469 931 ο
1496 901 1790 971 ἐπίτρεψον
1818 905 1883 973 τῇ
1917 919 2050 973 προσ

486 987 714 1057 αιρέσει,
743 988 830 1051 δὺς
862 992 928 1059 τῇ
967 990 1159 1059 γνώμῃ
1203 989 1311 1042 τῶν
1353 989 1656 1043 ἀκουόντων
1680 1007 1694 1021 ·
1731 991 1807 1054 ὡς
1849 991 1944 1044 νῦν
1982 1008 2048 1059 γε

487 1080 865 1148 καταισχύνεις
905 1082 1052 1149 ἡμᾶς
1073 1122 1088 1146 ,
1132 1081 1386 1152 ἐρυθριᾷν
1418 1085 1592 1145 ποιεῖς
1617 1100 1628 1112 ·
1668 1083 1783 1136 ἀλλ’
1829 1084 1930 1137 οὐκ
1958 1085 2052 1136 ἀν-

485 1167 680 1237 έχομαι
699 1166 903 1220 τούτων
917 1168 1023 1220 τῶν
1052 1168 1243 1236 λόγων.
1276 1169 1410 1222 Οὐδέ
1424 1169 1538 1240 ’γὰρ
1560 1171 1766 1234 Παῦλος
1788 1171 2052 1242 ᾐσχύνετο

488 1261 629 1329 ὑπὲρ
658 1258 914 1313 τοιούτων
939 1259 1177 1329 συνεχῶς
1205 1260 1460 1330 ἐνοχλῶν,
1489 1261 1585 1314 καὶ
1615 1260 2052 1329 προσαιτούντων

486 1350 858 1419 φθεγγόμενος
887 1351 1131 1421 ῥήματα.
1179 1352 1243 1404 Εἰ
1277 1352 1375 1420 μὲν
1400 1351 1509 1421 γὰρ
1536 1351 1692 1404 τοῦτο
1728 1350 1938 1420 ελεγον,
1970 1354 2053 1405 ὅτι

500 1440 650 1508 Ἐμοὶ
684 1439 770 1503 δὸς
800 1442 896 1494 καί
921 1443 1003 1504 εἰς
1039 1441 1136 1511 τὴν
1168 1442 1309 1512 ἐμὴν
1339 1441 1574 1503 κατάθες
1594 1441 1793 1507 οἰκίαν,
1832 1441 1960 1504 ἴσως
1986 1441 2056 1494 ἂν

484 1535 746 1603 αἰσχύνης
770 1530 838 1604 ἦν
866 1534 926 1587 τὸ
959 1535 1253 1604 λεγόμενον
1272 1549 1287 1564 ⁸
1323 1533 1522 1602 μᾶλλον
1555 1535 1611 1587 δὲ
1649 1533 1767 1586 οὐδέ
1801 1534 1921 1586 τότε
1948 1549 1962 1562 °
1988 1535 2051 1586 Οἰ

485 1623 595 1694 γάρ
638 1623 716 1689 τῷ
754 1625 1182 1692 θυσιαστηρίῳ,
1225 1624 1380 1694 φησί,
1417 1623 1938 1693 προσεδρεύοντες,
1972 1622 2053 1689 τῷ

485 1715 894 1781 θυσιαστηρίῳ
917 1715 1368 1784 συμμερίζονται

557 1824 623 1894 β”
655 1823 802 1893 Πλὴν
820 1823 935 1879 ἀλλ’
960 1826 1086 1888 ἴσως
1104 1827 1169 1879 ἀν
1195 1843 1278 1889 τις
1297 1827 1650 1897 ἐπετίμησεν,
1664 1827 1739 1889 ὡς
1757 1828 1896 1896 ὑπὲρ
1924 1829 2052 1879 ἐαυ-

486 1908 580 1962 τοῦ
611 1910 916 1980 ποιουμένῳ
945 1911 1035 1964 τὸν
1051 1912 1236 1980 λόγον·
1271 1897 1366 1965 νῦν
1395 1915 1450 1965 δέ
1485 1915 1625 1984 ὑπὲρ
1651 1915 1758 1967 τῶν
1787 1912 2055 1984 δεομένων

486 1998 585 2069 τήν
619 2000 895 2070 ἱκετηρίαν
919 2000 1126 2070 τίθημι,
1162 2003 1361 2071 μᾶλλον
1388 2004 1442 2055 δὲ
1468 2005 1564 2074 οὐχ
1595 2005 1734 2072 ὑπὲρ
1761 2005 1868 2057 τῶν
1896 2004 2056 2073 δεομέ

488 2109 614 2157 νων,
641 2093 754 2144 ἀλλ’
795 2092 934 2162 ὑπὲρ
955 2091 1111 2161 ὑμῶν
1137 2094 1244 2144 τῶν
1278 2094 1624 2162 παρεχόντων
1642 2109 1656 2123 ·
1685 2092 1766 2146 διδ
1786 2094 1881 2146 καὶ
1909 2096 2053 2164 παῤ-

489 2183 836 2253 ῥησιάζομαι.
865 2183 1139 2252 Ποία-γὰρ
1161 2183 1388 2252 αἰσχύνη
1421 2184 1614 2250 εἰπεῖν,
1641 2184 1738 2246 Δὸς
1768 2184 1845 2253 τῷ
1867 2184 2058 2254 Κυρίῳ

489 2275 764 2338 πεινῶντι,
795 2274 1014 2326 ἐνδυσον
1045 2273 1206 2326 αὐτὸν
1228 2273 1434 2343 γυμνὸν
1461 2277 1761 2345 περιιόντα,
1803 2277 2054 2341 ὑπόδεξαι

490 2363 637 2428 ξένον
660 2363 823 2427 όντα;
870 2363 930 2415 '0
954 2363 1229 2431 Δεσπότης
1260 2381 1352 2416 σου
1380 2367 1480 2418 οὐκ
1507 2366 1817 2434 αἰσχύνεται
1846 2368 1940 2418 ἐπὶ
1958 2369 2054 2436 τῆς

486 2453 813 2523 οἰκουμένης
843 2451 1013 2505 ταῦτα
1032 2452 1206 2520 λέγων
1225 2467 1238 2482 ⁸
1281 2453 1625 2520 Ἐπείνασα,
1655 2456 1749 2508 καὶ
1775 2458 1885 2509 οὐκ
1910 2455 2055 2509 ἐδώ-

489 2545 632 2598 κατέ
655 2561 757 2612 μοι
799 2543 1040 2612 φαγεῖνο
1085 2547 1113 2597 ό
1146 2543 1396 2614 ἀνενδεὴς
1427 2547 1519 2597 καὶ⁸
1550 2546 1777 2616 μηδενὸς
1805 2535 2051 2615 χρῄζων·

490 2637 584 2689 καὶ
629 2635 740 2703 ἐγὼ
783 2634 1142 2706 αἰσχυνοῦμαι
1184 2638 1278 2691 καὶ
1307 2638 1559 2706 όκνήσω;
1598 2639 1842 2704 ’Ἄπαγε-
1876 2637 2055 2688 διαϐο-

490 2725 645 2794 λικῆς
673 2723 962 2794 ἑπιὸουλῆς
995 2725 1134 2793 αῦτη
1173 2726 1206 2795 ή
1233 2726 1483 2793 αἰσχύνη.
1519 2725 1591 2775 Οὐ
1623 2726 1801 2775 τοίνυν
1834 2726 2052 2792 αἰσχυν-

488 2816 743 2885 θήσομαι,
777 2814 911 2868 ἀλλὰ
955 2814 1048 2866 καί
1093 2811 1233 2882 μετά
1274 2813 1585 2882 παρρησίας
1625 2814 1751 2883 ἐρῶ⁸
1793 2813 1920 2864 Δότε
1946 2817 2056 2876 τοῖς

486 2905 778 2975 δεομένοις,
813 2905 904 2958 καὶ
935 2903 1071 2974 μετά
1107 2904 1370 2967 πλείονος,
1401 2905 1433 2974 ἢ
1478 2905 1527 2956 οἰ
1557 2904 1816 2969 δεόμενοι,
1847 2905 2053 2974 φωνῆς.

489 2996 550 3046 Εἰ
580 2995 677 3063 μὲν
703 2994 810 3062 γὰρ
832 2993 943 3060 ἔχει
979 3009 1064 3054 τις
1089 2992 1256 3057 δεῖξαι
1287 2994 1381 3046 καὶ
1408 2992 1645 3060 ἐλέγξαι,
1668 2995 1748 3046 ὅτι
1775 2995 1943 3047 ταῦτα
1973 2995 2056 3048 λέ-

489 3101 696 3152 γοντες,
730 3083 862 3153 πρὸς
886 3084 1110 3146 ἑαυτοὺς
1129 3084 1271 3153 ὑμᾶς
1296 3083 1549 3154 ἕλκομεν,
1585 3085 1676 3137 καὶ
1710 3087 2057 3154 προσχήματι

487 3175 595 3228 τῶν
629 3177 874 3244 πενήτων
905 3175 1057 3228 αὐτοὶ
1099 3173 1471 3244 κερδαίνομεν,
1507 3176 1607 3226 οὐκ
1639 3177 1900 3246 αἰσχύνης
1933 3178 2059 3240 ἄξια

487 3266 659 3319 ταῦτα
691 3267 867 3335 μόνον,
910 3264 1045 3317 ἀλλά
1083 3268 1174 3317 καὶ
1232 3265 1438 3334 μυρίων
1480 3268 1782 3333 κεραυνῶν,
1815 3272 1907 3320 καὶ
1938 3270 2058 3322 οὐδὲ

489 3357 586 3428 ζῇν
634 3359 780 3422 ἄξιον
812 3359 934 3419 τοὺς
963 3357 1030 3409 τὰ
1062 3355 1286 3407 τοιαῦτα
1319 3355 1643 3420 ποιοῦνταςο
1681 3359 1728 3408 εί
1763 3358 1818 3408 δὲ
1864 3361 1928 3427 τῇ
1963 3359 2057 3410 τοῦ

486 3448 623 3500 Θεοῦ
677 3450 856 3517 χάριτι
902 3446 1050 3499 οὐδὲν
1100 3446 1238 3516 ὑπὲρ
1293 3446 1501 3497 ἑαυτῶν
1549 3447 1891 3516 ἐνοχλοῦμεν,
1942 3450 2061 3502 ἀλλ’

487 3540 761 3594 ἀδάπανον
791 3538 914 3605 ὑμῖν
958 3537 1016 3587 τὸ
1051 3538 1380 3603 Εὐαγγέλιον
1426 3537 1724 3608 ἐθήκαμεν,
1770 3542 2059 3606 πονοῦντες

493 3629 591 3696 μὲν
623 3625 870 3694 οὐδαμῶς
899 3624 1144 3693 καθάπερ
1181 3624 1330 3693 1402]
1361 3623 1590 3687 Παῦλος,
1618 3628 1728 3687 τοῖς
1762 3626 1818 3676 δὲ
1838 3628 2060 3689 οἰκείοις

489 3720 838 3788 ἀρκούμενοι,
881 3717 1018 3784 μετά
1053 3716 1363 3785 παρρησίας
1412 3716 1591 3786 πάσης
1622 3717 1754 3785 ἐρῶο
1788 3719 1915 3770 Δότε
1948 3723 2057 3782 10E;

490 3809 783 3878 δεομένοις,
831 3808 1017 3878 καὶού
1071 3809 1342 3877 παύσομαι
1390 3809 1547 3860 τοῦτο
1593 3811 1785 3876 λέγων,
1849 3813 1941 3862 καὶ
1983 3813 2056 3881 μὴ

492 3900 740 3952 διδόντων
784 3899 974 3968 ἔσομαι
1021 3898 1252 3967 χαλεπὸς
1309 3901 1631 3968 κατήγορος.
1694 3902 1802 3952 Καὶ¹
1850 3903 1956 3970 γὰρ
2010 3904 2057 3952 εἰ

496 3990 798 4058 στρατηγὸς
865 3990 1008 4056 ἥμην
1059 3988 1152 4038 καὶ
1210 3987 1544 4056 στρατιώτας
1611 3986 1774 4056 εἶχον,
1835 3992 1933 4041 οὐκ
1993 3992 2058 4042 ἂν

493 4079 766 4147 ᾐσχύνθην
802 4082 911 4139 τοῖς
959 4076 1316 4144 στρατιώταις
1366 4079 1569 4147 τροφὰς
1613 4081 1796 4136 αἰτῶν.
1850 4083 2059 4152 Σφόδρα

496 4168 604 4235 γὰρ
646 4168 752 4237 ἐρῶ
787 4171 884 4235 της
929 4168 1199 4236 σωτηρίας
1226 4169 1324 4237 τῆς
1356 4170 1643 4239 ὑμετέρας.
1688 4171 1824 4223 Ἀλλ’
1853 4174 1937 4224 ἵνα
1966 4175 2059 4224 καὶ

495 4256 877 4324 ἐνεργέστερος
913 4259 938 4309 ό
972 4255 1125 4322 λόγος
1156 4257 1377 4326 γένηται
1409 4259 1503 4309 καὶ
1549 4260 1871 4331 δραστήριος
1921 4263 2056 4330 μᾶλ-

495 4344 605 4406 λον,
655 4344 865 4394 Παῦλον
916 4344 1269 4411 παραστάτην
1320 4342 1520 4408 λαϐὼν,
1551 4347 1666 4413 μετ’
1696 4349 1900 4400 ἐκείνου
1941 4350 2056 4402 δια-

496 4434 714 4502 λέξομαι
737 4434 934 4499 λέγων·
960 4433 1259 4498 ’Ἕκαστος
1282 4436 1447 4501 ὑμῶν
1472 4437 1603 4502 παρ’
1621 4437 1805 4502 ἑαυτῷ
1836 4441 2056 4504 τιθέτω,

496 4525 865 4591 θησαυρίζων
910 4525 943 4575 ὅ
976 4541 1027 4574 τι
1058 4522 1133 4575 ἂν
1177 4525 1478 4577 εὐοδῶται.
1523 4527 1719 4578 Σκόπει
1756 4530 1862 4599 γὰρ
1894 4534 2056 4585 αὑτοῦ

498 4615 788 4666 κάντεῦθεν
832 4614 892 4664 τὸ
940 4613 1274 4681 ἀνεπαχθές·
1308 4616 1406 4664 οὐκ
1449 4610 1590 4675 εἷπε,
1642 4617 1861 4669 Τοσόνόε
1911 4622 2060 4689 ἦτο-

499 4701 665 4761 σόνδε,
701 4703 818 4753 ἀλλ’
848 4704 916 4753 "0
947 4717 996 4754 τι
1044 4701 1118 4753 ἂν
1153 4701 1455 4755 εὐοδῶται.
1486 4702 1591 4753 εἴτε
1633 4704 1783 4766 πολὺ,
1818 4709 1922 4759 εἴτε
1952 4709 2060 4760 ὀλί-

497 4809 619 4859 γον⁹
646 4794 738 4843 καὶ
768 4794 866 4844 οὐκ
892 4788 1063 4855 εἶπεν,
1099 4791 1161 4843 "0
1187 4809 1238 4843 τι
1265 4793 1329 4844 ἄν
1354 4810 1435 4854 τις
1465 4792 1717 4862 κερδάνῃν
1746 4795 1880 4859 ἀλλ’,
1912 4801 1980 4850 Ὅ
2007 4818 2060 4851 τι

495 4883 572 4934 ἄν
608 4881 892 4949 εὐοδωθῇ,
926 4885 1137 4945 δεικνὺς
1163 4885 1243 4935 ὅτι
1275 4883 1422 4953 παρά
1445 4883 1538 4935 τοῦ
1581 4885 1714 4936 Οεοῦ
1747 4889 1782 4955 ἡ
1805 4892 2056 4959 χορηγία.

496 4970 572 5024 Οὐ
602 4971 771 5040 ταύτῃ
799 4972 853 5022 δὲ
873 4973 1051 5040 μόνον,
1078 4972 1212 5025 ἀλλά
1236 4974 1328 5026 καὶ
1358 4973 1435 5042 τῷ
1469 4973 1543 5043 μὴ
1570 4975 1647 5026 ἐνὶ
1668 4977 1839 5047 χρόνῳ
1861 4979 1919 5031 τὸ
1954 4984 2060 5034 πᾶν

497 5059 750 5112 κελεῦσαι
775 5059 1120 5122 καταϐαλεῖν,
1165 5062 1351 5130 ῥᾳδίαν
1381 5065 1523 5113 ποιεῖ
1563 5063 1660 5132 τὴν
1685 5066 1992 5136 συμϐουλήν
2011 5081 2057 5109 α’

495 5149 574 5219 τῷ
614 5148 721 5218 γὰρ
774 5146 914 5199 κατά
972 5148 1164 5216 μικρὸν
1212 5149 1562 5217 συλλέγεσθαι
1603 5153 1997 5223 ἀνεπαίσθητος
2027 5158 2059 5224 ἡ

496 5235 807 5307 λειτουργία
851 5235 944 5287 καί
970 5235 1003 5303 ἡ
1035 5235 1266 5302 δαπάνη.
1299 5237 1396 5288 Διά
1420 5237 1483 5308 δὴ
1515 5241 1672 5293 τοῦτο
1697 5241 1816 5294 οὐδὲ
1861 5243 2060 5309 εὐθέως

498 5327 708 5381 κελεύει
743 5327 822 5388 εἰς
859 5325 1023 5395 μέσον
1061 5323 1311 5392 ἀγαγεῖν,
1349 5327 1482 5380 ἀλλά
1519 5331 1716 5398 πολλὴν
1747 5332 1926 5385 δίδωσι
1963 5333 2061 5403 τὴν

500 5417 860 5486 προθεσμίαν,
896 5414 990 5468 καὶ
1024 5415 1127 5482 τὴν
1166 5414 1345 5466 αἰτίαν
1371 5416 1537 5477 τιθείς
1567 5435 1754 5486 φησιν’
1791 5423 1921 5475 Ἵνα
1950 5424 2057 5492 μὴ,

498 5501 643 5555 ὅταν
670 5504 845 5568 ἔλθω,
873 5503 1004 5556 τότε
1037 5501 1234 5570 λογίαι
1273 5503 1571 5570 γίνωνται.
1605 5505 1911 5572 Τουτέστιν,
1946 5513 2061 5566 Ἵνα

504 5591 577 5659 μὴ
624 5593 682 5644 ἐν
703 5593 780 5663 τῷ
822 5595 998 5665 καιρῷ
1022 5595 1123 5663 τῆς
1181 5594 1458 5663 εἰσφορᾶς,
1510 5595 1627 5644 τότε
1684 5596 2060 5667 ἀναγκάζησθε

505 5681 792 5749 συλλέγειν.
828 5688 934 5740 Καὶ
961 5687 1116 5739 τοῦτο
1143 5687 1198 5740 δὲ
1229 5688 1324 5755 οὐχ
1361 5685 1435 5749 ὡς
1469 5685 1653 5754 ἔτυχεν
1679 5688 1869 5748 αὐτοὺς
1904 5691 2060 5743 πάλιν

506 5770 830 5841 προέτρεψεν
853 5780 915 5844 ’ἡ
943 5778 1049 5846 γὰρ
1077 5778 1366 5848 προσδοκία
1388 5777 1595 5830 Παύλου
1631 5777 2057 5848 προθυμοτέρους

1199 332 1258 388 S.
1298 331 1579 391 JOANNIS
1616 335 2092 397 CHRYSOSTOSII
2133 343 2455 401 ARCHIEP.
2495 342 3042 406 CONSTANTINOP.

3623 351 3726 407 οτι

2159 461 2355 527 αὐτοὺς
2399 467 2591 522 ἐποίει.
2644 469 2832 521 Ὅταν
2875 465 2947 518 δὲ
2987 465 3160 525 ἔλθω,
3197 462 3304 528 οὒς
3339 461 3444 516 ἐὰν
3487 463 3726 532 δοκιμά-

2124 600 2127 601 ,
2159 567 2326 620 σητε.
2365 555 2440 607 δι’
2478 556 2817 611 ἐπιστολῶν
2858 556 3108 620 τούτους
3139 552 3352 624 πέμψω
3376 553 3726 622 ἀπενεγκεῖν

2159 642 2273 709 τὴν
2305 643 2478 711 χάριν
2514 645 2682 714 ὑμῶν
2728 649 2812 711 εἰς
2851 643 3269 712 Ἰερουσαλήμ.
3303 644 3418 696 Οὐκ
3446 639 3618 706 εἷπεν,
3667 643 3726 698 Ὀ

2157 729 2302 781 δεῖ-ια
2332 732 2424 783 καί
2448 733 2476 785 ό
2495 731 2664 797 δεῖνα,
2692 732 2977 797 ἀλλ’,Οῠς
3005 731 3113 784 ἐὰν
3141 731 3312 800 ὑμεῖς
3337 731 3725 801 δοκιμάσητε,

2156 813 2251 878 οὒς
2294 818 2389 871 ἐὰν
2417 818 2636 888 ἐλησθε,
2680 818 2821 871 ὥστε
2871 817 3178 872 ἀνύποπτον
3219 817 3442 886 ποιῆσαι
3473 816 3574 884 τὴν
3617 816 3725 867 λει-

2155 907 2439 976 τουργίαν.
2473 908 2586 960 Διὸ
2623 906 2810 970 ,αὐτῶν
2859 909 3091 959 ποιεῖται
3143 905 3240 974 τὴν
3270 904 3447 973 ψῆφον
3482 906 3581 972 τῆς
3618 902 3727 954 τῶν

2155 994 2602 1067 ἀποκομιζόντων
2647 999 2933 1068 αἱρέσεως.
2977 996 3052 1049 Οὐ
3084 996 3192 1065 γὰρ
3237 995 3411 1064 δήπου
3440 994 3620 1061 φησίν⁵
3663 994 3725 1046 Ἡ

2160 1083 2260 1152 μὲν
2303 1085 2531 1155 εἰσφορά
2574 1086 2748 1158 ὐμῶν,
2806 1088 2842 1156 ή
2885 1085 2942 1138 δὲ
2967 1085 3184 1149 ἐξουσία
3226 1083 3326 1152 τῆς
3359 1081 3591 1150 ἐκλογῆς
3619 1081 3727 1134 τῶν

2157 1171 2622 1243 ἀποκομιζόντων,
2648 1175 2746 1245 οὐχ
2785 1175 2959 1245 ὑμῶν.
2996 1169 3129 1227 Εἶτα
3157 1173 3245 1226 ἶνα
3277 1172 3351 1242 μὴ
3381 1172 3562 1232 αὐτοῖς
3593 1171 3727 1222 ἀπο-

2156 1263 2522 1333 λιμπάνεσθαι
2553 1266 2699 1337 δόξῃ,
2725 1267 2798 1320 τὸ.
2821 1267 3126 1338 γράμματα
3160 1261 3503 1333 προστίθησι,
3532 1260 3722 1327 λέγων’

2161 1348 2413 1419 Οὗξ’ἐὰν
2445 1355 2837 1424 δοκιμάσητε,
2874 1355 2947 1408 δι’
2986 1352 3325 1407 ἐπιστολῶν
3355 1351 3585 1420 πέμψω.
3638 1350 3726 1412 Ὠς

2157 1443 2290 1496 ἃ.νεί
2335 1443 2541 1512 ἔλεγεν,
2590 1446 2672 1498 ὅτι
2711 1445 2881 1514 Κάγὼ
2909 1445 3202 1513 συνέσομαι
3243 1443 3448 1502 αὐτοῖς,
3480 1440 3572 1492 καὶ
3613 1455 3724 1492 κοι-

2156 1533 2380 1603 νωνήσω
2414 1533 2512 1603 τῆς
2558 1533 2898 1604 λειτουργίας
2941 1533 3028 1586 διὰ
3056 1533 3165 1584 τῶν
3216 1530 3578 1601 γραμμάτων.
3619 1527 3729 1580 Καὶ

2157 1623 2256 1675 οὐκ
2295 1621 2438 1687 εἰπε,
2470 1625 2707 1688 Τούτους
2749 1626 2951 1695 πέμψω
2983 1627 3306 1692 ἀπενεγκεῖν
3347 1625 3442 1692 τὴν
3500 1622 3728 1689 ἐλεημοσ

2159 1710 2323 1780 σύνην
2345 1713 2516 1781 ὑμῶν,
2539 1713 2695 1776 ἀλλά,
2714 1715 2831 1781 Τὴν
2850 1713 3025 1782 χάριν
3043 1712 3229 1782 ὑμῶν,
3248 1714 3333 1764 ἵνα
3352 1711 3498 1783 δείξῃ
3523 1707 3728 1780 μεγάλα

2159 1806 2578 1876 ἐργαζομένους,
2610 1810 2697 1863 ἵνα
2743 1811 2892 1880 δείξῃ
2929 1812 3127 1872 αὐτοὺς
3169 1808 3565 1878 κερδαίνοντας.
3608 1803 3726 1856 Ἀλ-

2158 1897 2321 1966 λαχοῦ
2352 1899 2408 1950 δὲ
2448 1901 2542 1952 καὶ
2587 1900 2835 1967 εὐλογίαν
2883 1901 2974 1952 καὶ
3005 1900 3285 1952 κοινωνίαν
3315 1897 3486 1949 καλεῖ·
3511 1895 3572 1946 τὸ
3607 1894 3725 1963 μὲν,

2163 1986 2249 2039 ἵνα
2283 1987 2357 2056 μὴ
2387 1989 2790 2060 ρᾳθυμοτέρους
2830 1991 3050 2061 ποιήσῃ,
3080 1989 3141 2041 τὸ
3185 1988 3262 2052 δὲ,
3296 1987 3382 2038 ἵνα
3411 1984 3489 2055 μὴ
3515 1984 3725 2052 ἐπάρῃ³

2160 2078 2395 2148 οὐδαμοῦ
2429 2079 2608 2148 μέντοι
2648 2096 2712 2144 γε
2752 2079 3119 2149 ἐλεημοσύνην
3162 2076 3463 2145 ὠνόμασεν.
3497 2071 3638 2126 Ἐὰν
3661 2070 3746 2124 δὲ.

2161 2163 2200 2238 ᾗ
2235 2167 2406 2232 ἄξιον
2436 2169 2540 2222 τοῦ
2579 2169 2729 2238 κάμὲ
2767 2171 3152 2236 πορεύεσθαι,
3181 2167 3303 2219 σὺν
3346 2164 3475 2234 ἐμοὶ
3519 2162 3729 2228 πορεύ-

2160 2275 2393 2312 σονται.
2453 2260 2717 2314 ’ὣταῦθα
2748 2262 2910 2314 πάλιν
2937 2260 3015 2322 εἰς
3045 2258 3324 2328 δαψίλειαν
3367 2256 3563 2316 αὐτοὺς
3592 2269 3730 2322 προι-

2160 2350 2370 2418 τρέπει.
2409 2350 2534 2402 Ἐὰν
2555 2351 2664 2420 γὰρ
2689 2349 2940 2402 τοσοῦτον
2960 2346 3016 2418 ᾗ,
3043 2348 3226 2417 φησὶν,
3247 2347 3322 2407 ὼς
3344 2346 3439 2396 καὶ
3465 2344 3563 2412 τῆς
3593 2345 3729 2412 ἐμῆς

2162 2439 2358 2491 δεῖσθαι
2399 2440 2718 2509 παρουσίας,
2751 2440 2870 2491 οὐδὲ
2913 2437 3072 2490 τοῦτο
3114 2437 3543 2506 παραιτήσομαι.
3590 2431 3730 2483 Ἀλλέ⁸

2163 2527 2364 2590 εὐθέως
2424 2529 2522 2596 μὲν
2563 2528 2720 2580 τοῦτο
2781 2529 2880 2581 οὐκ
2931 2526 3323 2597 ἐπηγγείλατο,
3378 2524 3502 2576 οὐδὲ
3555 2520 3729 2585 εἶπεν,

2176 2616 2422 2669 Ἐπειδὰν
2461 2617 2878 2687 παραγένωμαι,
2917 2615 3028 2683 ἐγὼ
3064 2613 3411 2683 ἀποκομίζωο
3465 2612 3585 2664 οὐδὲ
3622 2610 3732 2681 γὰρ

2162 2704 2228 2758 ἂν
2265 2707 2434 2769 οὕτως
2463 2707 2594 2759 αὐτὸ
2623 2706 2885 2777 ηῦξησεν,
2911 2707 2960 2758 εἰ
2999 2704 3058 2768 ἐξ
3083 2704 3257 2774 ἀρχῆς
3290 2702 3419 2755 αὐτὸ
3455 2701 3729 2753 τέθεικεν⁹

2164 2795 2385 2866 ὕστερον
2411 2798 2596 2865 μέντοι
2617 2797 2794 2859 καλῶς
2818 2797 2913 2848 καὶ
2935 2796 3204 2864 εὐκαίρως
3231 2793 3360 2846 αὐτὸ
3385 2793 3728 2862 προστίθησι.

2163 2888 2259 2938 Διὰ
2289 2887 2352 2954 δὴ
2381 2887 2535 2938 τοῦτο
2562 2887 2662 2938 οὐκ
2696 2886 2897 2947 εὐθέως
2939 2884 3087 2955 [405]
3129 2883 3414 2952 ὑπέσχετο,
3446 2881 3570 2932 οὔτε
3601 2881 3733 2933 καθ-

2163 2976 2309 3040 άπαξ
2353 2975 2486 3027 αὐτὸ
2533 2975 2940 3046 ἀπεσιώπησεν,
2992 2975 3106 3027 ἀλλ’
3158 2973 3347 3036 εἰπὼν,
3379 2973 3461 3024 ὅτι
3491 2971 3732 3039 Πέμψω,

2163 3068 2285 3118 τότε
2335 3067 2431 3120 καὶ
2475 3067 2666 3119 ἐαυτὸν
2694 3066 3037 3136 προστίθησι.
3070 3065 3182 3118 Καὶ
3223 3063 3460 3116 ἐνταῦθα
3493 3064 3549 3116 δὲ
3575 3062 3735 3115 πάλιν

2165 3152 2386 3220 κυρίους
2446 3153 2638 3215 αὐτοὺς
2690 3154 2944 3221 ἐποίησεν
3000 3155 3060 3206 ἐν
3109 3152 3186 3223 τῷ
3254 3153 3448 3204 εἰπεῖν·
3508 3153 3648 3204 Ἐὰν
3694 3146 3738 3220 ᾗ

2165 3243 2336 3305 ἄξιον
2357 3243 2460 3295 τοῦ
2496 3242 2646 3310 κάμὲ
2683 3244 3043 3311 πορεύεσθαι
3065 3258 3078 3274 ·
3113 3243 3271 3295 τοῦτο
3308 3242 3362 3293 δὲ
3391 3243 3478 3293 ἐπ’
3508 3241 3737 3303 ἐκείνοις

2165 3332 2362 3393 ἔκειτο,
2388 3334 2446 3385 τὸ
2475 3333 2606 3385 πολὺ
2636 3334 2858 3402 ποιῆσαι
2887 3333 2946 3386 τὸ
2979 3333 3391 3402 συλλεγόμενον,
3424 3333 3515 3384 καὶ
3548 3330 3736 3383 τοσοῦ-

2165 3443 2275 3487 τον,
2323 3426 2396 3486 ώς
2449 3424 2768 3492 δυσωπῆσαι
2813 3425 2905 3477 καὶ
2949 3425 3110 3478 αὐτὸν
3169 3424 3484 3492 ἀναστῆναι.
3535 3422 3737 3474 Ἐλεύ-

2166 3533 2342 3582 σομαι
2390 3515 2458 3565 δὲ
2513 3514 2662 3582 πρὸς
2715 3515 2888 3580 ὑμᾶς,
2941 3516 3127 3585 φησὶν,
3173 3515 3319 3566 ὅταν
3363 3513 3739 3567 Μακεδονίαν

2166 3606 2396 3657 διέλθω.
2451 3601 2582 3656 Εἰπε
2638 3607 2729 3658 καὶ
2767 3606 3023 3675 ἀνωτέρω
3077 3605 3258 3666 τοῦτο,
3301 3605 3437 3657 ἀλλά
3468 3607 3587 3656 τότε
3636 3604 3738 3673 μὲν

2171 3697 2308 3766 μετά
2361 3695 2562 3764 θυμοῦ⁶
2615 3697 2923 3766 προσέθηκε
2959 3696 3108 3763 γοῦν·
3153 3697 3260 3749 Καὶ
3313 3695 3611 3763 γνώσομαι
3663 3697 3737 3747 οὐ

2168 3789 2272 3840 τὸν
2307 3790 2493 3856 λόγον
2539 3787 2655 3840 τῶν
2687 3789 3176 3855 πεφυσιωμένων,
3207 3788 3366 3840 ἀλλὰ
3411 3786 3524 3852 τὴν
3555 3785 3737 3837 δύνα-

2163 3895 2300 3948 μιν·
2336 3877 2568 3929 ἐνταῦθα
2603 3879 2659 3928 δὲ
2691 3879 3145 3946 προσηνέστερον,
3179 3878 3264 3927 ἵνα
3297 3875 3390 3926 καὶ
3427 3875 3738 3942 ποθήσωσιν

2168 3970 2331 4022 αὐτοῦ
2367 3970 2462 4038 τὴν
2495 3971 2818 4038 παρουσίαν.
2864 3965 3015 4033 Εἶτα,
3058 3970 3145 4019 ἵνα
3187 3968 3261 4036 μὴ
3297 3966 3515 4032 λέγωσν
3546 3967 3609 4016 Τί
3643 3966 3736 4016 οῦν

2169 4058 2484 4118 Μακεδόνας
2525 4057 2682 4124 ἡμῶν
2749 4057 3053 4124 προτιμᾷςς
3103 4055 3202 4105 οὐκ
3254 4050 3423 4114 εἶπεν,
3488 4049 3738 4102 Ἐπειδὰν

2169 4148 2407 4210 ἀπέλθω,
2443 4147 2579 4209 ἀλλ’,
2625 4147 2898 4200 Ἐπειδὰν
2930 4146 3139 4198 διέλθω
3183 4144 3575 4197 Μακεδονίαν.
3613 4145 3735 4194 Μα-

2168 4238 2445 4289 κεδονίαν
2482 4239 2589 4305 γὰρ
2616 4239 3016 4304 διελεύσομαι.
3047 4237 3202 4303 Πρὸς
3246 4232 3397 4300 ὑμᾶς
3443 4233 3509 4284 δὲ
3551 4233 3738 4298 τυχὸν

2169 4331 2506 4398 Παριιμενῶ,
2563 4329 2736 4394 ἣ.κ(ιὶ
2788 4327 3229 4394 παραχειμάσω.
3284 4324 3415 4375 Οὐδὲ
3469 4323 3576 4390 γὰρ
3614 4321 3738 4372 ὁδοῦ

2170 4421 2428 4490 βούλομαι
2456 4420 2786 4488 ποιήσασθαι
2818 4419 3090 4486 πάρεργον
3132 4417 3294 4484 ὑμᾶς,
3329 4414 3440 4465 ἀλλ’
3473 4411 3739 4479 ἐνδιατρί-

2167 4514 2266 4580 ψαι
2308 4513 2403 4562 καὶ
2432 4513 2788 4580 παραμεῖναι.
2824 4510 2952 4559 Ὅτε
2976 4508 3082 4572 γὰρ
3108 4506 3276 4556 ταῦτα
3308 4502 3648 4565 ἐπέστελλεν,
3679 4503 3740 4553 ἐν
3779 4507 3783 4510 ⁷

2182 4603 2390 4670 Ἐφέσῳ
2423 4599 2509 4671 ἦν,
2543 4600 2806 4669 χειμῶνος
2841 4600 3009 4659 ὄντος.
3054 4595 3434 4662 Λέγειτοίνυν,
3469 4596 3547 4644 ὅτι
3587 4595 3739 4658 Ἕως

2168 4691 2588 4758 Πεντηλιοστῆς
2631 4693 2697 4742 ἐν
2736 4690 2965 4758 Ἐφέσῳ
2998 4687 3281 4754 ἐπιμενὼο
3321 4686 3455 4753 μετὰ
3481 4685 3535 4735 δὲ
3567 4684 3738 4736 ταῦτα

2168 4785 2536 4851 ἀπελεύσομαι
2589 4785 2666 4844 εἰς
2708 4780 3067 4839 Μακεδονίαν,
3119 4779 3214 4829 καὶ
3273 4777 3496 4830 διελθών
3547 4776 3738 4843 αὐτὴν,

2167 4877 2284 4946 ἥξω
2337 4875 2470 4944 πρὸς
2518 4875 2660 4941 ὑμᾶς
2714 4874 2808 4924 τοῦ
2859 4872 3085 4938 θέρους·
3147 4869 3401 4928 πολλάκις
3435 4867 3609 4920 δὲκαὶ
3648 4868 3740 4918 τὸν

2169 4967 2410 5037 χειμῶνα
2437 4963 2570 5033 πρὸς
2598 4965 2739 5031 ὑμᾶς
2770 4964 2995 5030 ποιήσω.

2239 5055 2306 5123 γ’.
2341 5056 2496 5116 Τίνος
2528 5053 2584 5105 δὲ
2618 5053 2800 5103 ἕνεκεν
2839 5047 2980 5111 εἷπε,
3035 5051 3246 5117 Τυχόν,
3278 5049 3368 5099 καὶ
3399 5049 3495 5099 οὐκ
3525 5049 3738 5118 ἀπεφή-

2167 5163 2328 5208 νατος
2361 5146 2482 5197 Ὅτι
2513 5143 2572 5194 οὐ
2610 5141 2787 5195 πάντα
2814 5140 3035 5210 προῄδει
3059 5139 3290 5199 Παῦλος,
3312 5137 3404 5188 καὶ⁵
3435 5138 3737 5208 συμφερὸν-

2167 5254 2291 5299 τως.
2317 5235 2416 5288 Διά
2437 5235 2594 5287 τοῦτο
2613 5233 2732 5286 οὐδὲ
2759 5231 2943 5292 ἀπλῶς
2972 5230 3354 5297 ἀποφαίνεται,
3386 5230 3493 5292 ἵνα,
3523 5230 3626 5280 κᾶν
3663 5230 3739 5299 μὴ

2170 5330 2414 5398 γένηται,
2437 5325 2536 5395 ἔχῃ
2566 5323 2918 5391 καταφυγὴν,
2945 5321 3063 5373 τότε
3091 5319 3405 5389 ἀδιορίστως
3432 5322 3736 5388 προειπεῖν,

2169 5419 2263 5471 καὶ
2317 5415 2414 5486 τὴν
2461 5415 2555 5468 τοῦ
2608 5413 2918 5482 Πνεύματος
2975 5411 3222 5476 ἐξουσίαν
3265 5411 3502 5476 ἄγουσαν
3556 5407 3737 5469 αὐτὸν,

2167 5509 2413 5574 ὅπουπερ
2452 5503 2720 5562 ἐϐούλετο,
2752 5502 2850 5554 οὐκ
2896 5500 3022 5552 ἔνθα
3063 5501 3223 5564 αὐτος
3267 5498 3561 5567 ἐπεθύμει·
3591 5497 3618 5546 ὅ
3646 5493 3739 5545 καὶ

2169 5601 2226 5650 ἐν
2277 5601 2342 5666 τῇ
2392 5596 2621 5665 δευτέρα
2663 5594 2875 5663 τίθησιν
2917 5594 3225 5662 Ἐπιστολῇ,
3267 5593 3365 5660 τῆς
3429 5588 3736 5658 μελλήσεως

2234 5728 2771 5787 “Saviliuslogondum
2812 5729 3088 5790 suspicatur
3107 5728 3191 5780 τὴν
3233 5720 3488 5783 συμῠολῆη,
3535 5724 3587 5767 et
3621 5719 3728 5767 hznc

2178 5794 2478 5852 uliqueAera
2500 5790 2644 5837 lcclio
2672 5797 2759 5838 est.
