4028 6222
342 401 447 460 869

338 519 517 568 manet
539 508 753 579 quidem
776 506 1108 579 symbolum,
1150 515 1235 557 res
1273 510 1449 557 autem
1495 512 1753 569 nusquam
1802 504 1902 551 est.

341 604 405 660 Et
430 603 545 659 scio
565 599 804 671 quidem,
827 594 969 667 quod
991 593 1143 649 multi
1169 602 1237 648 ex
1264 593 1327 647 iis
1346 633 1362 659 ,
1388 592 1479 663 qui
1504 605 1606 644 una
1630 588 1905 651 assident,

340 706 435 747 nos
457 704 645 746 rursus
684 684 1080 758 reprehendent
1104 724 1121 749 ,
1172 698 1295 738 eum
1339 682 1407 736 de
1448 680 1533 734 his
1583 677 1910 732 disseramus

333 780 579 837 dicentes
608 778 752 841 :Ne,
792 791 947 848 rogo,
974 790 1045 831 ne
1068 775 1143 830 sis
1165 773 1340 844 gravis
1362 780 1418 826 et
1459 769 1716 825 molestus
1760 765 1910 821 audi-

334 870 560 934 toribus,
590 867 685 924 sed
715 866 964 939 permitte
988 865 1156 921 libero
1186 861 1412 918 arbitrio
1438 869 1492 916 et
1512 856 1774 914 voluntati
1812 871 1910 911 au~

331 961 604 1025 ditorum;
650 972 771 1013 nam
826 971 968 1013 nunc
1009 954 1227 1026 quidem
1275 967 1374 1007 nos
1411 948 1616 1021 pudore
1663 944 1832 1002 allicis
1854 954 1909 1000 et

331 1053 650 1109 erubescere
677 1049 825 1121 cogis
853 1066 868 1102 :
901 1048 996 1104 sed
1023 1047 1139 1102 haec
1177 1045 1339 1102 verba
1368 1058 1475 1099 non
1506 1042 1695 1097 feram.
1724 1038 1907 1108 Neque

327 1146 475 1201 enim
491 1143 712 1199 Paulum
726 1141 955 1213 pudebat
972 1139 1163 1209 probis
1171 1136 1389 1193 assidue
1403 1149 1523 1189 esse
1537 1133 1835 1195 molestum,
1854 1137 1909 1185 et

328 1236 744 1292 mendicantium
763 1248 912 1288 more
924 1231 1087 1302 loqui.
1104 1230 1236 1285 Nam
1251 1226 1410 1283 sihoc
1425 1223 1764 1289 dicerem,Da
1776 1220 1905 1275 mihi

328 1334 382 1381 et
403 1325 676 1394 dcponein
706 1323 840 1377 meis
864 1318 1090 1385 sedibus,
1108 1316 1411 1389 pudendum
1440 1315 1578 1370 forte
1600 1321 1745 1367 esset
1760 1310 1903 1381 quod

325 1417 597 1482 dicerem;
626 1415 735 1469 imo
760 1408 888 1471 vero
916 1426 984 1466 ne
1013 1419 1139 1465 tunc
1162 1408 1375 1477 quidem
1407 1424 1420 1458 :
1449 1419 1570 1459 nam
1602 1402 1702 1470 Qui
1730 1402 1900 1465 altari,

326 1508 516 1578 inquit,
536 1507 780 1570 assident,
802 1504 981 1558 altaris
1002 1511 1114 1555 sunt
1145 1499 1418 1571 participes
1451 1497 1528 1566 (1.
1552 1494 1671 1549 Cor.
1701 1495 1755 1549 9.
1787 1493 1898 1555 l3).

392 1601 447 1655 ἓ.
475 1601 738 1655 Cael-um
775 1596 1006 1651 fortasse
1049 1591 1316 1663 quispiam
1343 1603 1430 1643 me
1456 1584 1897 1656 reprehenderet,

323 1704 383 1750 ut
408 1693 498 1763 qui
524 1707 621 1762 pro
656 1705 741 1745 me
765 1687 928 1743 verba
958 1686 1188 1740 facerem
1217 1701 1231 1737 :
1281 1694 1422 1735 nunc
1458 1687 1634 1732 autem
1660 1674 1901 1744 supplico

322 1784 540 1855 quidem
568 1798 668 1854 pro
693 1768 976 1852 egentibus
1001 1795 1015 1843 ;
1045 1778 1154 1831 imo
1177 1789 1310 1829 vero
1335 1786 1442 1825 non
1474 1785 1573 1840 pro
1598 1767 1898 1838 egentibus,

320 1876 419 1931 sed
454 1890 552 1945 pro
594 1873 745 1928 vobis
790 1872 880 1942 qui
925 1867 1216 1942 prmbetis:
1260 1876 1314 1921 et
1349 1863 1468 1919 ideo
1494 1863 1682 1931 loquor
1708 1861 1897 1915 libere.

286 1965 452 2035 _Quis
494 1975 577 2019 est
615 1963 758 2019 enim
795 1950 967 2032 pudor
1003 1957 1208 2023 dicere,
1240 1957 1313 2009 Da
1356 1955 1586 2009 Domino
1619 1952 1897 2014 esurienti,

320 2058 482 2113 indue
508 2056 655 2111 illum
680 2053 878 2109 nudum
909 2052 1274 2113 oberrantem,
1307 2047 1499 2115 excipe
1528 2041 1899 2114 peregrinum?

320 2151 437 2206 Non
466 2124 732 2204 erubescit
766 2145 1022 2199 Dominus
1053 2152 1174 2198 tuus
1199 2142 1314 2193 haec
1343 2139 1523 2193 dicere
1552 2138 1602 2189 in
1627 2135 1756 2189 orbe
1786 2143 1897 2188 ter-

318 2256 522 2302 rarum,
576 2238 795 2300 Esurivi,
846 2245 891 2290 et
918 2252 1017 2289 non
1046 2234 1255 2288 dedistis
1276 2231 1400 2284 mihi
1428 2230 1561 2296 quod
1591 2227 1897 2281 comederem

318 2329 531 2402 (Matth.
562 2328 655 2383 ‘25.
691 2327 781 2396 4‘2)
816 2343 831 2392 ;
873 2325 961 2395 qui
978 2330 987 2345 “
1004 2339 1109 2378 non
1141 2314 1544 2389 eratindigens,
1576 2332 1673 2371 nec
1703 2317 1805 2369 ulla
1837 2326 1897 2369 re

316 2436 453 2489 opus
482 2419 713 2474 habebat
737 2438 749 2472 :
779 2429 833 2475 et
857 2431 960 2486 ego
986 2416 1301 2471 erubescam
1324 2422 1378 2468 et
1403 2410 1695 2466 dubitabo?
1720 2408 1893 2463 Absit:

316 2510 700 2565 diabolicarum
741 2508 1057 2564 insidiarum
1097 2514 1181 2561 est
1227 2504 1312 2558 hic
1364 2502 1555 2572 pudor.
1606 2501 1722 2554 Non
1766 2514 1895 2569 ergo

314 2599 657 2664 erubescam,
678 2598 774 2652 sed
805 2597 969 2650 libere
989 2596 1195 2649 dicam:
1228 2595 1361 2646 Date
1382 2591 1683 2661 egentibus,
1708 2599 1759 2644 ct
1783 2604 1895 2641 ma-
1924 2650 1929 2651 ί

314 2690 419 2758 iori
459 2703 591 2743 voce
626 2702 784 2757 quam
830 2686 920 2755 qui
960 2692 1141 2754 egent.
1186 2682 1319 2759 Nam
1345 2682 1387 2734 si
1420 2681 1680 2749 quispiam
1713 2687 1895 2746 posset

315 2781 599 2837 ostendere.
642 2787 697 2834 et
738 2777 1003 2847 probare,
1053 2774 1195 2845 quod
1228 2773 1347 2827 inec
1375 2771 1642 2836 dicentes,
1688 2768 1754 2823 ad
1795 2783 1893 2823 nos

303 2873 464 2941 ipsos
491 2870 845 2935 traheremus,
888 2877 942 2922 et
968 2872 1229 2936 praetextu
1264 2876 1554 2932 pauperum
1587 2861 1688 2929 ipsi
1721 2859 1893 2913 lucra-

306 2976 516 3023 rentur,
535 2974 639 3015 non
669 2960 839 3013 solum
868 2957 1063 3026 probro
1088 2968 1149 3008 ac
1175 2953 1437 3008 dedecore
1460 2951 1604 3020 digni
1628 2963 1888 3013 essemus,

298 3052 410 3107 .sed
441 3053 527 3121 qui
554 3050 693 3104 vela
725 3050 871 3103 mille
894 3030 1204 3102 fulminibus
1233 3044 1539 3109 feriremur,
1584 3052 1637 3097 et
1657 3041 1745 3111 qui
1778 3042 1891 3095 hmc

311 3151 535 3213 agerent
571 3156 639 3196 ne
665 3149 998 3195 mererentur
1024 3137 1236 3207 quidem
1260 3136 1446 3189 vivere
1478 3154 1492 3190 :
1520 3137 1565 3188 si
1589 3142 1763 3187 autem
1795 3131 1890 3185 Dei

312 3231 484 3299 gratia
527 3245 626 3300 pro
673 3230 829 3285 nobis
877 3228 1098 3282 minime
1141 3226 1350 3280 molesti
1397 3239 1611 3289 sumus,
1649 3223 1742 3277 sed
1773 3223 1891 3277 sine

312 3329 532 3391 sumptu
560 3321 709 3376 vobis
740 3320 1017 3390 posuimus
1042 3316 1371 3387 evangelium
1392 3356 1406 3381 ,
1459 3331 1563 3368 non
1588 3315 1890 3370 laborantes

311 3412 529 3484 quidem
558 3412 695 3465 sicut
720 3411 916 3465 Paulus
940 3449 957 3476 ,
1000 3409 1093 3464 sed
1120 3408 1355 3463 contenti
1403 3406 1631 3476 prepriis
1651 3447 1666 3469 ,
1715 3405 1888 3458 dicam

307 3517 435 3557 eum
475 3502 618 3556 omni
656 3501 844 3557 fiducia
874 3518 886 3553 :
920 3501 1050 3554 Date
1076 3499 1375 3569 egentibus,
1408 3495 1754 3550 nec'eessabo
1782 3495 1883 3550 hoc

305 3590 516 3660 dicere,
545 3601 600 3645 et
625 3605 809 3645 eorum
841 3590 929 3659 qui
962 3604 1065 3642 non
1090 3588 1238 3653 dant,
1269 3601 1364 3643 ero
1386 3587 1560 3656 gravis
1586 3596 1886 3640 accusator.

312 3680 369 3735 Si
414 3680 556 3734 enim
606 3694 779 3735 essem
822 3678 927 3733 dux
980 3680 1247 3733 exercitus
1290 3688 1344 3732 et
1374 3678 1570 3732 milites
1613 3676 1886 3741 haberem,

310 3785 422 3825 non
449 3787 532 3826 me
561 3772 781 3843 puderet
807 3772 1055 3825 alimenta
1087 3780 1267 3839 petere
1296 3786 1391 3839 pro
1418 3771 1693 3825 militibus.
1722 3769 1889 3826 Valde

311 3864 459 3916 enim
490 3877 610 3916 amo
632 3871 860 3918 vestram
889 3862 1135 3917 salutem.
1177 3860 1279 3916 Sed
1326 3860 1381 3913 ut
1425 3862 1585 3914 etiam
1622 3858 1889 3914 efficacior

314 3953 385 4005 sit
427 3953 619 4017 oratio,
668 3968 941 4010 assessore
966 3960 1184 4021 accepto
1211 3952 1396 4012 Paulo,
1439 3966 1558 4005 eum
1589 3952 1678 4003 illo
1709 3949 1887 4003 vobis-

310 4057 436 4095 cum
461 4057 610 4113 agam
641 4043 865 4098 dicens:
902 4041 1255 4111 Unusquisque
1300 4051 1514 4094 vestrum
1559 4040 1698 4107 apud
1722 4057 1775 4094 se
1812 4056 1891 4093 se-

314 4144 489 4200 renat,
519 4136 791 4187 recondens
817 4133 952 4200 quod
975 4134 1069 4195 sibi
1094 4132 1358 4186 videbitur.
1391 4130 1679 4185 Considera
1709 4140 1885 4185 autem

315 4224 441 4278 hinc
475 4240 685 4295 quoque
728 4240 885 4295 quam
920 4241 1023 4278 non
1052 4225 1118 4277 sit
1147 4224 1245 4277 hoc
1272 4239 1430 4293 grave
1476 4234 1529 4277 et
1557 4226 1885 4277 molestum:

316 4330 425 4368 non
451 4316 613 4380 dixit,
638 4315 863 4369 Tantum
897 4315 977 4370 vel
998 4323 1223 4379 tantum,
1243 4314 1356 4379 sed,
1380 4314 1529 4379 Quod
1558 4315 1805 4378 videatur,
1834 4324 1890 4368 ct

312 4416 458 4459 recte
483 4406 694 4470 habeat,
713 4408 822 4460 sive
839 4407 904 4460 sit
921 4406 1165 4472 multum,
1181 4407 1291 4460 sive
1307 4405 1569 4459 modicum
1590 4421 1603 4457 :
1623 4403 1884 4467 nec‘dixit,

309 4482 465 4561 Quod
514 4500 631 4566 quis
671 4497 908 4550 lucratus
951 4495 1125 4556 fuerit.
1170 4493 1286 4558 sed,
1334 4495 1486 4561 Quod
1536 4494 1780 4548 videatur
1834 4503 1887 4548 et

312 4598 460 4642 recte
488 4589 695 4653 habeat,
728 4588 1015 4642 oSIendens
1041 4602 1071 4641 a
1103 4588 1207 4642 Deo
1233 4602 1353 4641 esse
1383 4587 1883 4654 suppeditationem.

312 4676 427 4731 Non
472 4679 570 4731 hac
603 4688 776 4732 autem
807 4678 981 4731 solum
1017 4678 1250 4740 ratione,
1300 4676 1392 4729 sed
1425 4677 1582 4728 «tiam
1613 4690 1677 4726 eo
1698 4715 1712 4736 ,
1744 4673 1885 4743 quod

312 4780 419 4821 non
435 4782 539 4819 uno
557 4778 791 4835 tempore
811 4777 974 4820 totum
988 4766 1166 4833 jubeat
1188 4766 1440 4835 pendere,
1461 4765 1754 4841 symbolam
1770 4765 1887 4819 red-

310 4858 389 4910 d.t
418 4855 619 4910 facilem
650 4874 664 4911 :
696 4873 761 4913 eo
788 4858 929 4913 enim
955 4855 1095 4925 quod
1119 4857 1363 4923 paulatim
1391 4858 1689 4925 colligatur,
1711 4858 1888 4910 insen-

311 4948 429 5000 silis
453 4954 535 4998 est
562 4961 720 5013 Opera
748 4958 803 5003 et
827 4946 1204 5017 suppeditatio.
1261 4945 1547 5013 Propterea
1580 4960 1679 4999 nec
1706 4946 1884 4998 statim

310 5040 458 5109 jubet
485 5038 535 5089 iu
565 5035 795 5091 medium
838 5039 1133 5103 adducere,
1183 5036 1276 5090 sed
1314 5034 1404 5088 dat
1435 5035 1648 5103 longum
1677 5044 1885 5102 tempus

311 5129 682 5188 constitutum,
712 5136 766 5179 et
788 5136 1006 5183 "causam
1038 5128 1291 5191 at'ferens,
1315 5126 1443 5180 dicit
1477 5143 1490 5178 :
1527 5124 1594 5179 Ut
1620 5142 1742 5189 non,
1771 5141 1885 5177 cum

311 5234 512 5279 venero,
546 5226 665 5269 tunc
694 5215 920 5269 collectae
962 5219 1105 5278 ﬁant.
1139 5219 1249 5273 Hoc
1271 5228 1374 5284 est,
1426 5216 1503 5271 Ne
1550 5217 1599 5269 in
1644 5225 1886 5284 tempore

311 5308 565 5365 illationis
581 5307 692 5359 sive
712 5314 954 5374 sumptus
968 5321 1184 5365 necesse
1200 5308 1436 5363 habeatis
1455 5308 1724 5376 colligere.
1742 5306 1804 5359 Et
1819 5305 1885 5359 ad

314 5401 417 5453 hoc
443 5412 625 5452 rursus
647 5411 739 5449 eos
766 5411 871 5451 non
893 5396 1081 5451 leviter
1105 5408 1186 5453 est
1211 5400 1553 5454 adhortatus:
1578 5398 1720 5453 Pauli
1742 5397 1883 5452 enim

310 5488 641 5555 cxsiiectatio
660 5501 753 5541 eos
779 5485 1005 5541 faciebat
1034 5490 1389 5556 promptiores
1415 5501 1467 5545 et
1497 5491 1802 5543 alacriores.
1827 5491 1883 5545 5.

314 5582 442 5637 Cum
468 5590 638 5635 autent
671 5594 888 5648 prwscns
912 5582 1076 5648 fuero,
1105 5594 1230 5647 quos
1271 5582 1616 5644 probaueritis,
1661 5600 1750 5650 per
1778 5583 1882 5646 epi-

312 5670 469 5724 stolas
499 5671 590 5725 Itos
608 5654 799 5725 mittam
820 5668 1015 5740 deferre
1035 5670 1249 5738 gratiam
1265 5683 1479 5724 vestram
1504 5675 1555 5726 in
1575 5672 1880 5727 Jerusalem.

317 5761 430 5819 Non
458 5762 608 5828 dixit,
636 5762 786 5819 llunc
812 5771 866 5819 ct
889 5762 1056 5828 illum,
1079 5759 1193 5824 sed,
1226 5761 1362 5827 Quos
1384 5777 1469 5817 vos
1515 5765 1839 5832 probaueritis
1864 5808 1877 5832 ,

1360 385 1668 445 IN‘EPIST.
1711 386 1729 441 l
1796 383 1884 439 AD
1918 380 2079 439 con.
2124 385 2350 445 liOiilL.
2392 388 2573 447 mn.
2772 356 2785 365 ’
3484 397 3588 452 37c

2013 512 2148 568 quos
2184 500 2475 572 clegeritis,
2518 512 2576 559 ut
2621 503 2977 583 ministerium
3032 514 3213 564 careat
3263 509 3588 579 suspicione.

2010 590 2370 657 Quamobrem
2400 604 2555 651 curat
2579 606 2634 651 ut
2660 597 2759 666 ipsi
2785 596 2962 653 ferant
3012 599 3323 671 suffragium
3363 605 3587 659 electio-

2014 685 2096 736 nis
2134 697 2321 739 eorum
2347 686 2439 756 qui
2464 686 2622 743 laturi
2652 696 2796 743 sunt.
2823 689 2940 744 Non
2969 691 3111 745 enim
3137 691 3305 758 dicit,
3356 693 3593 750 Collatio

2010 770 2225 839 quidem
2250 784 2334 829 est
2363 785 2560 842 vestra,
2604 777 2834 848 eligendi
2878 788 3055 835 autem
3088 790 3325 851 potestas
3366 793 3450 838 est
3489 800 3589 840 eo-

2008 876 2127 917 rum
2152 864 2241 934 qui
2273 874 2506 935 portant,
2528 882 2633 923 non
2664 879 2863 925 vestra.
2912 870 3135 938 Deinde,
3162 887 3231 927 ne
3254 873 3381 942 ipsis
3407 874 3591 929 videa-

2010 958 2098 1006 tur
2123 952 2333 1019 abesse,
2360 956 2541 1013 literas
2567 958 2716 1013 addit
2748 959 2934 1015 dicens
2978 979 2993 1016 :
3039 961 3176 1027 Quos
3218 962 3545 1031 probaueritis
3567 1004 3585 1033 ,

2009 1059 2099 1111 per
2135 1043 2372 1112 epistolas
2397 1048 2613 1102 mittam.
2647 1048 2807 1115 Quasi
2838 1050 3051 1107 diceret
3076 1070 3090 1106 :
3122 1053 3235 1122 Ego
3261 1069 3472 1124 quoque
3492 1071 3587 1109 ero

2012 1133 2323 1202 vobiscum,
2362 1144 2418 1191 et
2446 1141 2684 1195 muneris
2712 1141 2947 1197 obeundi
2978 1158 3075 1198 ero
3105 1147 3374 1217 particeps
3405 1161 3499 1216 per
3520 1150 3583 1202 li-

2010 1232 2171 1280 teras.
2209 1227 2390 1298 Neque
2432 1229 2585 1295 dixit,
2626 1231 2732 1287 Eos
2757 1234 2963 1288 mittam
2994 1244 3050 1290 ut
3082 1245 3310 1291 vestram
3340 1238 3587 1294 deferant

2009 1315 2430 1389 cleemosynam,
2457 1320 2818 1383 sed,Vestram
2847 1326 3063 1395 gratiam
3084 1368 3097 1391 ,
3125 1335 3184 1381 ut
3210 1329 3452 1382 ostendat
3488 1344 3584 1384 eos

2005 1423 2194 1478 magna
2220 1413 2453 1479 operari.
2484 1425 2539 1468 et
2572 1414 2694 1469 inde
2726 1418 2941 1473 luerunt
2966 1419 3240 1488 consequi.
3293 1420 3431 1473 Alibi
3479 1435 3579 1473 au-

2006 1506 2110 1552 tem
2157 1502 2390 1570 appellat
2436 1504 2859 1561 benedictionem
2891 1518 2945 1563 et
2983 1509 3519 1565 communicationem
3563 1529 3578 1565 :

2002 1588 2129 1643 illud
2159 1592 2393 1659 quidem,
2441 1610 2508 1649 ne
2537 1597 2780 1653 redderet
2824 1600 3118 1669 pigriores;
3164 1600 3268 1667 hoc
3315 1618 3462 1667 vero,
3512 1619 3595 1665 ne.

2002 1679 2159 1734 nimis
2184 1681 2435 1738 efferret:
2465 1702 2725 1753 nusquam
2763 1698 2939 1744 autem
2968 1691 3071 1744 hoc
3112 1692 3407 1746 nominavit
3431 1693 3580 1747 elec—

2000 1778 2354 1845 mosynamJ.
2388 1780 2535 1844 Quod
2559 1783 2601 1834 si
2625 1783 2831 1853 dignum
2859 1786 3005 1854 fuerit
3028 1795 3084 1839 ut
3106 1802 3197 1856 ego
3225 1803 3357 1853 eam,
3386 1799 3578 1843 meatui

2001 1865 2163 1920 ibunt.
2195 1867 2291 1923 llic
2312 1885 2495 1925 rursus
2525 1888 2618 1927 eos
2645 1875 2888 1929 hortatur
2930 1876 2995 1931 ad
3044 1877 3341 1946 largitatem
3381 1889 3435 1932 et
3462 1895 3579 1932 mu-

2002 1956 2342 2012 nilieentiam.
2375 1961 2508 2015 Nam
2538 1963 2582 2016 si
2610 1973 2752 2017 tanta
2782 1980 2866 2020 res
2891 1967 2982 2031 sit,
3008 1967 3197 2037 inquit,
3226 1978 3283 2021 ut
3306 1983 3418 2022 mea
3443 1983 3578 2036 opus

2000 2048 2070 2101 sit
2098 2053 2400 2117 praxsentia,
2430 2042 2497 2106 ne
2529 2053 2628 2107 hoc
2654 2055 2868 2123 quidem
2902 2059 3184 2113 recusabo.
3222 2058 3346 2125 Sed
3396 2060 3574 2113 statim

2000 2152 2105 2190 non
2153 2150 2235 2193 est
2265 2141 2362 2194 hoc
2397 2141 2685 2210 pollicitus,
2716 2142 2890 2215 neque
2916 2147 3072 2209 dixit,
3102 2148 3386 2218 Postquam
3418 2151 3579 2204 adve—

1999 2241 2153 2291 nero,
2197 2230 2309 2297 ipse
2360 2231 2526 2285 feram
2557 2252 2569 2285 :
2602 2250 2772 2303 neque
2811 2237 2953 2289 enim
2979 2236 3078 2291 hoc
3098 2238 3231 2291 adeo
3255 2240 3574 2308 amplilicas-

1997 2319 2156 2379 set,si
2187 2320 2252 2371 ab
2272 2320 2488 2375 initioid
2518 2325 2783 2391 posuisset
2809 2343 2820 2377 ε
2854 2336 3035 2395 postea
3064 2336 3243 2381 autem
3277 2328 3493 2397 pulchre
3523 2339 3578 2384 et

1998 2418 2297 2475 opportune
2327 2410 2376 2463 id
2403 2412 2569 2465 addit.
2604 2415 2887 2483 Propterea
2931 2433 3035 2471 non
3074 2418 3254 2471 statim
3300 2420 3568 2487 promisit,

2002 2514 2180 2566 neque
2210 2504 2428 2555 omnino
2460 2503 2509 2555 id
2535 2502 2712 2569 siluit,
2756 2491 2862 2559 sed
2894 2521 3012 2558 eum
3043 2508 3267 2561 dixisset
3291 2523 3351 2564 se
3383 2510 3575 2562 missu-

1996 2605 2135 2653 rum,
2169 2600 2291 2645 tunc
2319 2608 2527 2662 quoque
2557 2595 2703 2649 addit
2736 2597 2991 2662 seipsmn.
3025 2597 3123 2651 llic
3152 2613 3363 2666 quoque
3386 2615 3571 2653 rursus

1996 2680 2047 2734 in
2070 2696 2255 2734 eorum
2289 2685 2431 2751 ponit
2466 2694 2752 2753 potestate,
2793 2687 2922 2740 dum
2951 2686 3083 2741 dixit
3113 2705 3126 2739 :
3155 2688 3214 2740 Si
3250 2704 3417 2756 optata:
3456 2706 3572 2758 pre-

1995 2772 2118 2824 tium
2148 2776 2299 2842 fueril
2330 2784 2381 2825 ut
2407 2792 2499 2845 ego
2540 2794 2696 2839 eam;
2743 2778 2845 2831 hoc
2870 2794 2995 2832 vero
3036 2778 3086 2832 in
3131 2779 3233 2832 illis
3271 2779 3427 2833 situm
3458 2789 3574 2833 erat

1996 2864 2218 2918 multum
2245 2864 2423 2920 facere
2461 2867 2600 2935 quod
2629 2869 2995 2938 colligebatur,
3038 2882 3089 2923 et
3123 2879 3325 2924 tantum
3354 2880 3409 2924 ut
3480 2883 3575 2922 eos
3654 2902 3659 2903 κ

1992 2952 2235 3012 ﬂecteret
2290 2958 2468 3027 ipsum
2522 2971 2760 3027 surgere.
2828 2960 2880 3014 5.
2914 2959 3118 3027 Veniam
3156 2969 3319 3013 autem
3362 2961 3429 3011 ad
3466 2976 3567 3022 ros,

1993 3064 2106 3100 cum
2135 3047 2487 3102 Macedonian:
2511 3052 2866 3119 perlrausiero.
2898 3052 3036 3105 Dixit
3064 3052 3163 3106 hoc
3189 3066 3398 3119 quoque
3415 3067 3574 3120 snpe-

1993 3139 2104 3193 rius
2125 3180 2138 3203 ,
2170 3139 2265 3193 sed
2294 3148 2418 3193 tunc
2447 3142 2659 3207 quidem
2694 3141 2977 3205 iracunde;
3028 3141 3231 3195 addidit
3273 3140 3446 3205 enim,
3508 3141 3573 3193 Ισῗι

1992 3244 2295 3298 cognoscam
2352 3246 2452 3282 non
2503 3246 2784 3283 sermonem
2835 3232 3151 3298 iri/latorum,
3204 3230 3293 3284 sed
3336 3230 3571 3283 uirtuti-nr

1994 3318 2070 3387 (1.
2101 3318 2217 3371 Cor.
2246 3319 2298 3373 4.
2328 3320 2415 3387 19)
2443 3337 2457 3373 :
2492 3320 2576 3372 hic
2602 3328 2774 3373 autem
2803 3320 3003 3381 mitius,
3037 3329 3092 3373 nt
3121 3321 3237 3388 ejus
3265 3320 3569 3374 desiderent

1998 3410 2354 3477 praesentiam.
2387 3411 2587 3465 Deinde
2615 3427 2682 3466 ne
2711 3412 2889 3465 dicant
2921 3413 3067 3465 :Cur
3091 3427 3218 3480 ergo
3255 3413 3408 3467 nobis
3439 3428 3574 3480 prm-

1995 3500 2100 3553 lers
2129 3498 2482 3554 Macedones?
2522 3516 2624 3553 non
2664 3501 2817 3565 dixit,
2849 3501 3132 3569 Postquam
3178 3499 3395 3563 abiero,
3440 3500 3566 3562 sed,

1992 3590 2115 3645 Cum
2150 3591 2499 3645 Macedonian:
2522 3593 2877 3661 pertransiero.
2910 3590 3044 3645 Num
3076 3590 3424 3645 Macedoniam
3456 3607 3569 3659 pcr-

1994 3682 2235 3733 lransibo.
2268 3682 2322 3735 6.
2347 3682 2499 3750 Apud
2521 3698 2606 3735 vos
2632 3691 2796 3735 autent
2822 3683 3033 3752 forsitan
3060 3681 3297 3743 manebo,
3327 3681 3401 3733 vel
3422 3682 3572 3735 etiam

1982 3769 2248 3822 ‘Iiiemabo.
2278 3769 2460 3839 Neque
2487 3771 2629 3824 enim
2665 3771 2787 3824 volo
2815 3785 2908 3824 vos
2937 3770 3167 3825 invisere
3198 3777 3466 3838 tamquam
3516 3770 3570 3822 in

1995 3861 2240 3923 transitu,
2273 3861 2367 3916 sed
2396 3862 2669 3916 vobiscum
2701 3862 2900 3916 versari
2942 3875 2995 3916 et
3029 3862 3165 3930 apud
3198 3875 3289 3914 vos
3334 3876 3567 3912 manere.

1994 3952 2125 4006 Nam
2153 3953 2365 4021 quando
2395 3948 2530 4007 hanc
2564 3953 2831 4006 scribebat
2857 3954 3159 4023 epistolam,
3207 3963 3320 4006 erat
3364 3949 3563 4018 Ephesi

1996 4045 2187 4098 hiemis
2253 4052 2511 4113 tempore.
2565 4043 2693 4097 Dicit
2728 4059 2863 4113 ergo
2905 4060 2919 4096 :
2959 4044 3012 4098 8.
3049 4043 3356 4095 Pet-manebo
3399 4050 3566 4093 autem

1996 4134 2189 4202 Ephesi
2214 4150 2369 4202 usque
2405 4134 2471 4186 ad
2508 4133 2833 4187 l’eutecosten
2866 4149 2884 4186 :
2913 4142 3093 4202 postea
3120 4142 3296 4187 autem
3328 4132 3484 4185 abibo
3516 4132 3567 4183 in

1995 4224 2377 4284 litat-edoniam.
2405 4234 2455 4278 et
2477 4239 2595 4278 cum
2620 4240 2735 4279 eam
2756 4225 3135 4294 pertransicro,
3158 4225 3361 4277 veniam
3389 4222 3453 4274 ad
3474 4234 3567 4275 vos

1993 4324 2179 4370 a‘state
2209 4334 2221 4368 :
2270 4316 2405 4369 forte
2434 4325 2611 4369 autem
2639 4325 2693 4368 et
2723 4316 2949 4371 hiemem
2972 4313 3110 4383 apud
3135 4329 3226 4367 vos
3249 4313 3557 4379 transigam.

2063 4410 2117 4461 5.
2161 4406 2269 4460 Cur
2311 4414 2488 4461 autem
2530 4404 2664 4460 dixit
2712 4405 2983 4467 Forsitan,
3015 4418 3064 4459 et
3099 4421 3201 4458 non
3241 4403 3570 4457 affirmavit?

1993 4495 2255 4562 Quoniam
2287 4512 2391 4550 non
2419 4496 2594 4549 omnia
2622 4495 2934 4564 prmsciebat
2968 4495 3160 4549 Paulus
3187 4510 3201 4559 ;
3234 4494 3390 4562 idque
3418 4493 3565 4546 utili-

1994 4597 2092 4641 ter.
2126 4588 2408 4656 Propterea
2438 4602 2607 4656 neque
2639 4588 2879 4639 absolute
2904 4585 3131 4640 afﬁrmat
3150 4627 3164 4649 ,
3198 4595 3255 4640 ut
3284 4586 3326 4638 si
3358 4600 3464 4639 non
3492 4584 3568 4637 la-

1994 4688 2138 4731 ctunt
2168 4677 2364 4739 fuerit,
2400 4677 2591 4730 habeat
2620 4676 2899 4744 ell‘ngium,
2931 4676 3069 4745 quod
3101 4687 3224 4729 tunc
3246 4676 3438 4727 dixerit
3479 4676 3559 4726 in-

1993 4767 2230 4831 deﬁnite,
2259 4777 2313 4821 et
2336 4766 2563 4835 Spiritus
2591 4774 2907 4835 potestatem
2948 4783 3065 4834 qua:
3105 4780 3226 4819 eum
3266 4779 3371 4832 quo
3412 4763 3571 4815 vellet

1993 4857 2231 4917 duceret,
2262 4873 2365 4911 non
2396 4874 2502 4927 quo
2534 4857 2646 4926 ipse
2679 4857 2943 4926 Cupiebat.
2966 4856 3116 4923 Quod
3148 4857 3303 4909 etiam
3334 4853 3480 4921 ponit
3512 4852 3563 4905 in

1992 4949 2223 5002 secunda
2270 4948 2509 5015 Epistula
2556 4949 2623 5001 de
2669 4963 2818 5001 mora
2863 4964 2921 5001 se
2954 4962 3210 5001 excusans
3240 4960 3293 4999 et
3331 4944 3517 4999 dicens
3553 4963 3566 4998 :

1996 5037 2093 5087 Aut
2121 5051 2233 5104 qua:
2257 5037 2451 5105 cogito,
2479 5037 2752 5087 secundum
2777 5052 2979 5087 carnem
3021 5034 3209 5103 rogito,
3256 5045 3312 5088 ut
3337 5035 3400 5087 sit
3432 5036 3569 5107 apud

1997 5143 2074 5180 me
2097 5134 2285 5190 estest,
2309 5134 2352 5177 et
2373 5140 2471 5177 non
2494 5141 2591 5177 non
2622 5125 2699 5192 (9.
2733 5124 2852 5178 Cor.
2886 5125 2971 5178 ll.
3006 5124 3115 5193 17).
3166 5124 3233 5179 Ut
3272 5141 3356 5179 vos
3378 5143 3453 5178 me
3478 5126 3566 5176 tle-

1995 5218 2191 5270 ducalis
2220 5232 2530 5287 quocumque
2555 5217 2678 5270 iero.
2728 5215 2841 5269 lloe
2884 5231 3095 5284 quoque
3131 5198 3214 5273 est
3252 5218 3484 5270 caritatis
3515 5223 3564 5266 et

1996 5309 2177 5363 Inttltze
2208 5309 2527 5364 dilectionis.
2569 5309 2621 5363 7.
2660 5309 2795 5362 Nolo
2827 5310 2957 5363 enim
2990 5327 3073 5363 ros
3108 5312 3254 5361 modo
3279 5311 3327 5359 in
3354 5308 3567 5360 transilit

1991 5400 2160 5451 videre
2200 5414 2218 5450 :
2245 5415 2391 5466 spero
2414 5400 2545 5452 enim
2575 5415 2652 5451 mc
2686 5400 3057 5466 aliquantulum
3089 5396 3323 5463 temporis
3368 5413 3571 5450 manere

1993 5489 2132 5558 apud
2161 5505 2265 5549 vos.
2301 5491 2343 5541 si
2373 5490 2616 5544 Dominus
2640 5492 2941 5559 permiserit.
2975 5490 3095 5542 ll:ee
3121 5501 3295 5541 autem
3319 5490 3526 5545 dicebat
3553 5532 3567 5553 ,

1993 5581 2150 5636 simul
2199 5590 2253 5634 et
2294 5584 2567 5638 caritatem
2613 5584 2927 5643 ostendens,
2962 5592 3015 5635 et
3051 5597 3143 5636 eos
3172 5582 3259 5653 qui
3287 5595 3567 5653 peccarcnt

1994 5683 2220 5735 terrens,
2270 5688 2374 5725 non
2421 5684 2595 5726 tamen
2642 5684 2844 5740 aperte,
2895 5672 2988 5725 sed
3018 5673 3266 5727 amicitia:
3307 5674 3563 5727 nomine:

2000 5762 2310 5817 Paruum-bo
2344 5776 2508 5819 autem
2543 5763 2727 5833 Ephesi
2759 5781 2915 5835 usque
2958 5766 3025 5819 ad
3052 5764 3398 5822 l’cnterostcu.
3455 5770 3560 5823 Me-
