4028 6222
427 374 523 432 ενι

434 494 540 537 tito
568 482 650 538 eis
675 483 853 539 omnia
878 477 1009 531 dicit
1037 486 1242 540 exacte,
1270 474 1550 530 declarans
1573 482 1838 541 tamquam
1866 471 2004 524 ami-

432 572 533 629 cis.
556 570 686 627 Nam
715 580 769 625 ct
794 569 899 624 hoc
923 576 1008 623 est
1030 560 1297 631 amicitite,
1329 566 1511 619 dicere
1538 577 1753 618 causam
1778 577 1875 615 cur
1896 576 2002 614 non

436 664 732 729 advenerit,
760 672 982 733 propter
1009 674 1167 729 quam
1198 657 1429 722 differat,
1459 667 1515 711 et
1539 656 1628 711 ubi
1655 661 1919 708 versetur.
1942 651 2001 707 9.

436 758 634 811 Ostium
660 756 794 810 enim
837 754 962 807 mihi
995 762 1227 821 apertum
1264 762 1337 805 est
1369 764 1606 819 ntagmun
1632 755 1679 801 et
1706 745 1925 809 evidens,
1956 752 2006 797 et

433 846 709 899 adversarii
757 846 924 897 multi.
968 841 1057 906 Et,
1089 842 1136 897 si
1166 856 1434 910 magnum,
1464 837 1732 908 quomodo
1756 836 2009 891 adversa-

434 935 536 990 rii?
566 935 789 1003 Propter
831 932 932 986 ltoc
972 932 1142 1000 ipsum
1175 931 1324 985 multi
1359 938 1483 984 sunt
1512 926 1828 990 adversarii,
1871 937 2005 993 quo-

435 1029 579 1082 niam
606 1040 794 1095 magna
822 1034 903 1079 est
930 1022 1078 1087 fides,
1129 1032 1183 1076 et
1221 1023 1360 1077 latus
1403 1020 1694 1089 ingressus.
1744 1016 1882 1083 Quid
1928 1022 2013 1069 est

436 1130 639 1180 autem,
682 1118 879 1172 Ostium
904 1116 1186 1186 magnum?
1232 1114 1376 1169 Multi
1405 1122 1534 1168 sunt
1558 1113 1728 1182 parati
1754 1111 1821 1166 ad
1852 1110 2010 1165 fidem

438 1208 855 1276 suscipiendam,
889 1207 1040 1260 multi
1081 1206 1279 1261 debent
1308 1203 1569 1259 accedere
1608 1211 1663 1258 et
1703 1201 1942 1256 converti
1990 1216 2007 1253 :

438 1299 579 1357 latus
600 1298 728 1352 mihi
772 1307 918 1367 patet
956 1298 1173 1361 aditus,
1220 1303 1499 1350 crescente
1524 1302 1579 1348 et
1604 1294 1814 1361 vigente
1853 1305 2010 1346 acce-

437 1388 674 1445 dentium
699 1397 878 1443 mentc
908 1386 972 1441 ad
1001 1386 1354 1441 obcdiendum
1384 1384 1525 1439 ﬁdei.
1543 1385 1829 1453 Propterea
1853 1384 2016 1439 velte-

438 1487 644 1545 menter
686 1480 922 1546 spirabat
961 1476 1241 1541 diabolus,
1295 1476 1546 1545 quoniam
1576 1475 1785 1530 videbat
1816 1475 2015 1530 multos

437 1586 466 1624 a
494 1585 552 1625 se
582 1570 900 1624 desciscere.
932 1569 1289 1636 Quamobrem
1321 1576 1539 1637 propter
1581 1579 1867 1637 utrumque
1902 1580 2017 1619 ma-

440 1672 568 1715 nere
595 1661 895 1728 oportebat,
924 1667 979 1713 et
1014 1658 1156 1727 quod
1188 1657 1415 1713 multum
1442 1667 1589 1712 esset
1617 1657 1773 1720 lucri,
1798 1666 1852 1712 et
1871 1656 2015 1727 quod

439 1765 688 1820 maguum
729 1759 1021 1804 certamen.
1073 1748 1187 1804 Hoc
1228 1758 1406 1804 autem
1433 1763 1649 1818 quoque
1674 1748 1780 1802 illis
1807 1747 2016 1802 animos

439 1843 686 1905 addebat,
710 1841 850 1911 quod
877 1841 1073 1895 dixerit
1092 1840 1315 1896 verbum
1337 1841 1449 1910 jam
1481 1839 1677 1909 ubique
1702 1838 1936 1908 operari,
1963 1844 2018 1891 et

441 1932 597 1989 facile
612 1935 930 2003 germinare.
950 1933 1004 1987 Si
1027 1944 1206 1987 autem
1223 1938 1349 1986 Sunt
1377 1930 1527 1986 multi
1555 1931 1645 2000 qui
1676 1930 2016 1996 insidiantur,

441 2022 543 2076 hoc
575 2038 788 2091 quoque
818 2023 1028 2090 signum
1080 2032 1165 2077 εει
1208 2021 1476 2090 profectus
1519 2019 1800 2089 evangelii.
1855 2019 2017 2072 Num-

439 2126 598 2180 quam
615 2111 757 2163 enim
782 2110 949 2179 magis
970 2110 1120 2164 saevit
1138 2125 1199 2164 ac
1221 2110 1347 2163 furit
1370 2110 1660 2164 sceleratus
1680 2109 1769 2163 ille
1784 2107 2017 2173 daemon,

444 2216 603 2268 quam
624 2217 744 2255 cum
764 2217 829 2255 ex
856 2201 968 2255 suis
989 2201 1128 2254 vasis
1148 2210 1203 2254 et
1226 2201 1592 2255 instrumentis
1608 2200 1771 2255 multa
1792 2198 1932 2255 tidet
1947 2199 2020 2253 di-

444 2292 565 2362 ripi.
600 2290 666 2344 Et
697 2306 795 2344 nos
820 2304 951 2359 ergo
970 2289 1185 2360 quando
1214 2304 1461 2359 magnum
1488 2289 1697 2360 aliquod
1724 2298 1779 2344 et
1797 2290 2019 2359 pra-cla-

444 2396 563 2434 rum
615 2394 753 2448 opus
792 2394 976 2445 gerere
1020 2378 1373 2443 voluerimus,
1402 2394 1470 2434 ne
1494 2378 1596 2433 hoc
1618 2379 2021 2434 consideremus

445 2468 585 2539 quod
609 2470 781 2539 magni
805 2469 877 2523 sit
892 2468 1108 2535 laboris,
1123 2468 1217 2523 sed
1234 2469 1300 2523 ad
1320 2468 1524 2524 lucrum
1544 2468 2023 2537 aspiciamusﬂide

398 2632 403 2639 κ
448 2573 676 2628 namque
694 2558 913 2613 Paulum
934 2572 1036 2612 non
1064 2568 1345 2630 propterea
1367 2560 1537 2613 vereri
1566 2573 1628 2611 ac
1645 2541 2023 2621 dubitare,nec

446 2657 724 2718 preptcrea
769 2648 1043 2717 refugere,
1070 2648 1322 2715 quoniam
1368 2648 1518 2701 multi
1562 2656 1686 2701 sunt
1709 2646 2019 2715 adversarii,

443 2740 540 2793 sed
572 2740 821 2808 quoniam
850 2752 1098 2804 magnum
1125 2745 1241 2791 erat
1263 2738 1487 2803 ostium,
1507 2737 1709 2793 instare
1732 2745 1786 2792 et
1816 2752 2025 2806 perma-

449 2845 599 2883 nere.
626 2829 753 2883 Nam
771 2828 907 2882 sicut
925 2827 1053 2884 dixi.
1077 2827 1177 2881 hoc
1201 2828 1538 2897 eratsignum
1566 2828 1708 2899 quod
1734 2830 2027 2885 nudaretur

450 2929 503 2975 et
526 2920 845 2989 spoliaretur
863 2919 1121 2975 diabolus.
1154 2919 1269 2975 Non
1310 2928 1393 2974 est
1419 2920 1563 2975 enim
1585 2920 1703 2989 ejus
1727 2920 1818 2990 qui
1863 2935 2026 2989 parva

451 3019 604 3080 gerat
631 3020 683 3066 et
712 3010 847 3067 mala
869 3052 885 3075 ,
916 3010 1111 3066 malam
1141 3011 1284 3065 illam
1309 3009 1535 3065 bestiam
1566 3009 1797 3065 irritare.
1826 3008 2027 3077 Quam-

450 3102 633 3156 obrem
656 3099 869 3170 quando
887 3100 1081 3154 videris
1106 3100 1309 3169 justum
1338 3114 1528 3170 magna
1560 3114 1623 3155 ac
1653 3102 1906 3170 prmelara
1936 3117 2027 3172 ge-

451 3206 574 3246 rere
617 3198 671 3246 et
712 3189 851 3244 mala
904 3188 1008 3259 pati
1050 3188 1474 3253 innumerabilia,
1508 3205 1575 3244 ne
1620 3190 1851 3247 mireris.
1893 3191 2027 3248 Nam

453 3290 635 3335 contra
667 3279 848 3333 mirari
874 3288 1179 3349 oporteret,
1198 3281 1243 3335 si
1272 3280 1518 3336 diabolus
1543 3282 1738 3336 multas
1762 3283 2029 3353 accipiens

456 3371 635 3440 plagas
676 3369 976 3437 quiesceret
1016 3377 1072 3423 et
1116 3370 1336 3424 vulnera
1368 3370 1573 3438 placide
1614 3368 1799 3425 ferret.
1847 3372 2031 3443 Neque

456 3462 596 3515 enim
618 3500 633 3520 ,
674 3461 717 3514 si
749 3473 971 3529 serpens
1001 3467 1227 3527 punctus
1253 3460 1509 3513 continuo
1536 3458 1786 3514 efferatur
1812 3470 1867 3516 et
1897 3477 2032 3531 pun-

458 3550 633 3622 gendo
658 3546 901 3614 insultet,
925 3550 1115 3606 mirari
1137 3560 1366 3620 oportet.
1390 3550 1589 3615 Quovis
1608 3551 1752 3605 enim
1782 3563 2031 3621 serpente

463 3642 675 3718 mritis
694 3641 863 3711 serpit
886 3639 1150 3709 diabolus,
1182 3640 1431 3696 omnibus
1460 3640 1719 3696 insultans
1739 3681 1754 3707 ,
1782 3651 1837 3696 et
1863 3645 2033 3714 surgit

460 3737 599 3788 sicut
623 3733 865 3802 scorpius
893 3730 947 3789 in
975 3731 1140 3787 altum
1180 3741 1363 3788 erecto
1402 3733 1642 3789 stimulo.
1694 3732 1773 3788 Ne
1796 3734 1907 3796 hoc
1934 3749 2032 3790 vos

460 3825 743 3881 conturbet
775 3840 789 3876 :
821 3839 943 3879 eum
984 3824 1161 3887 enim,
1207 3824 1296 3893 qui
1326 3837 1354 3875 a
1393 3822 1539 3877 bello
1575 3831 1633 3878 et
1659 3838 1689 3877 a
1718 3824 1940 3878 victoria
1981 3833 2038 3880 et

461 3916 608 3971 caede
638 3915 942 3979 revertitur,
972 3927 1192 3968 necesse
1220 3923 1303 3968 est
1331 3912 1497 3968 fuisse
1534 3924 1903 3983 cruentatum,
1935 3933 2038 3971 sm-

465 4020 637 4076 pequc
655 4006 815 4060 etiam
843 4005 1064 4059 vulnera
1085 4002 1360 4060 exhibere.
1396 4002 1462 4058 Et
1491 4012 1546 4058 tu
1574 4019 1703 4075 ergo
1731 4021 1852 4060 cum
1882 4007 2039 4062 vide-

464 4098 541 4152 ris
569 4097 795 4166 aliquem
827 4096 1196 4167 eleemosynas
1221 4097 1523 4163 facientem,
1551 4106 1603 4150 et
1634 4098 2038 4153 innumerabilia

466 4187 567 4240 alia
598 4186 734 4239 bona
766 4192 1115 4254 operantem,
1165 4193 1219 4241 et
1257 4186 1337 4241 sic
1366 4185 1505 4239 vires
1547 4185 1742 4240 diaboli
1786 4186 2038 4257 frangen-

468 4287 613 4342 tem,
640 4275 833 4330 deinde
859 4275 1095 4331 incidere
1126 4277 1177 4329 in
1205 4277 1524 4332 tentationes
1554 4285 1608 4329 et
1646 4277 1879 4344 pericula
1905 4319 1921 4342 ,
1973 4293 2041 4333 ne

471 4366 748 4435 propterea
778 4366 1117 4421 conturberis
1145 4383 1161 4423 :
1191 4366 1312 4421 ideo
1334 4365 1475 4420 enim
1507 4366 1687 4421 incidit
1714 4366 1769 4421 in
1803 4368 2043 4422 tentatio—

469 4466 588 4523 nes,
614 4455 755 4526 quod
783 4446 1051 4516 diabolum
1082 4457 1432 4511 vehementer
1464 4457 1684 4511 ferierit.
1730 4458 1795 4513 Et
1819 4472 2044 4528 quomo-

466 4547 559 4612 do,
584 4545 811 4615 inquies,
838 4542 889 4599 id
909 4547 1150 4615 permisit
1178 4548 1352 4602 Deus?
1376 4545 1446 4602 Ut
1472 4547 1639 4617 magis
1659 4558 1963 4608 coronetur,
1989 4557 2043 4601 et

469 4637 722 4705 majorem
772 4635 1014 4692 diabolus
1061 4637 1264 4706 plagam
1317 4632 1564 4706 accipiat.
1613 4635 1744 4691 Nam
1792 4637 2040 4707 quando,

471 4736 749 4795 postquam
793 4725 931 4779 bona
980 4724 1199 4788 fecerit,
1246 4727 1428 4794 gravia
1478 4735 1531 4779 et
1566 4741 1755 4794 aspera
1804 4729 2040 4795 patiens,

469 4829 729 4887 perpetuo
750 4817 857 4887 agit
884 4817 1101 4888 gratias,
1137 4827 1261 4871 tunc
1289 4817 1475 4871 feritur
1502 4810 1769 4872 diabolus.
1796 4818 2041 4888 Magnum

471 4909 683 4975 quidem
719 4917 802 4963 est
842 4909 1001 4963 etiam
1034 4908 1192 4961 rebus
1221 4908 1469 4962 secundis
1499 4919 1551 4962 et
1580 4924 1833 4977 prospere
1876 4909 2041 4961 ﬂuen-

472 4997 634 5060 tibus,
661 5006 717 5051 et
736 4998 973 5052 misereri
1000 5007 1053 5052 et
1074 4998 1318 5051 virtutem
1351 4999 1634 5069 amplecti;
1666 5001 1831 5054 multo
1866 5010 2043 5051 autem

473 5098 557 5142 est
599 5088 770 5157 majus
788 5127 804 5152 ,
831 5089 961 5142 dura
1000 5098 1053 5143 et
1096 5090 1275 5158 gravia
1306 5092 1594 5157 patientem
1617 5132 1630 5155 ,
1656 5106 1761 5144 non
1787 5090 2047 5143 desistere

470 5181 538 5234 ab
586 5181 685 5233 hac
728 5179 863 5231 bona
904 5180 1234 5246 operatione.
1284 5178 1333 5232 Is
1367 5180 1509 5233 enim
1553 5188 1665 5241 est,
1710 5179 1800 5247 qui
1834 5189 2047 5247 propter

474 5272 638 5326 Deum
672 5271 784 5322 lucc
811 5268 1039 5323 maxime
1063 5266 1208 5321 facit.
1238 5268 1598 5336 Quamobrem
1627 5268 1835 5321 etiamsi
1873 5269 1925 5321 in
1956 5282 2047 5335 pe-

473 5361 698 5415 riculum
730 5359 1026 5420 veniamus,
1069 5356 1270 5420 dilecti,
1299 5365 1355 5411 et
1380 5357 1591 5426 quidvis
1620 5359 1902 5425 patiamur,
1925 5372 2045 5411 cum

473 5451 662 5521 majori
699 5450 862 5504 animi
901 5447 1176 5501 alacritate
1202 5461 1298 5517 pro
1325 5447 1520 5502 virtute
1546 5447 1755 5501 labores
1785 5446 2048 5514 suscipia-

472 5556 615 5597 mus.
642 5540 757 5595 Non
784 5551 869 5597 est
900 5539 1040 5594 enim
1062 5536 1150 5593 hic
1179 5546 1387 5606 tempus
1414 5536 1676 5592 mercedis
1708 5552 1771 5591 ac
1797 5552 2048 5591 remune-

473 5632 716 5687 rationis.
748 5630 825 5686 Ne
859 5631 945 5686 hic
970 5644 1098 5701 ergo
1118 5643 1349 5684 coronas
1376 5628 1651 5697 exigamus
1670 5668 1685 5692 ,
1732 5642 1800 5681 ne
1826 5627 1878 5679 in
1910 5635 2049 5681 tem-

477 5732 609 5787 pore
653 5734 968 5776 coronarum
1011 5721 1187 5776 minor
1232 5721 1303 5776 sit
1345 5733 1552 5776 merces
1578 5732 1641 5774 ac
1666 5717 2047 5773 remuneratio.

1161 368 1216 424 s.
1255 364 1531 422 JOANNIS
1567 356 2030 420 cuuvsosrout
2068 341 2377 419 ABClllf-JP.
2417 362 2941 423 censu-amor.

3575 369 3682 429 579.

2108 472 2563 535 Quemadmodum
2591 476 2733 530 enim
2764 478 2817 531 in
2847 478 3136 534 artificibus
3155 520 3171 545 ,
3215 480 3313 550 qui
3332 481 3536 551 seipsos
3560 486 3683 555 qui-

2110 562 2231 616 dem
2257 562 2441 626 alunt,
2473 565 2732 632 majorem
2761 570 3031 638 accipiunt
3067 572 3409 639 mercedem;
3456 575 3547 643 qui
3590 590 3681 629 au-

2110 661 2219 707 tem
2279 653 2496 708 aluntur
2521 656 2587 709 ab
2614 657 2680 711 iis
2719 659 2809 727 qui
2848 659 3260 729 conduxerunt,
3308 679 3416 719 non
3466 680 3687 737 parvam

2111 752 2314 811 partem
2339 743 2407 799 de
2429 745 2681 801 mercede
2704 747 2996 805 detrahunt
3023 767 3038 807 :
3071 750 3142 805 ita
3169 752 3329 807 etiam
3370 755 3424 809 in
3464 757 3687 820 sanctis,

2110 834 2199 903 qui
2236 834 2374 889 bona
2403 837 2617 907 quidem
2644 829 2777 895 facit
2803 840 3212 898 innumerabilia
3237 853 3292 900 et
3318 846 3681 902 innumerabi-

2111 926 2181 981 lia
2211 928 2407 995 patitur
2433 928 2607 996 mala,
2638 930 2900 1001 integram
2931 932 3095 990 habet
3121 936 3424 992 mercedem
3450 946 3507 994 et
3532 918 3711 1009 longe.

2113 1016 2367 1085 majorem
2405 1021 2909 1089 remunerationem,
2941 1038 3047 1078 non
3077 1038 3175 1093 pro
3200 1024 3356 1081 bonis
3376 1028 3546 1081 solum
3567 1044 3690 1098 qua

2112 1105 2257 1174 fecit,
2289 1110 2384 1165 sed
2408 1110 2571 1166 etiam
2601 1126 2699 1180 pro
2724 1113 2881 1168 malis
2919 1130 3038 1185 qua:
3079 1131 3267 1186 passus
3312 1126 3399 1174 est
3428 1137 3442 1171 :
3470 1120 3560 1189 qui
3586 1135 3686 1174 au-

2116 1208 2221 1254 tem
2253 1200 2341 1255 hic
2367 1201 2556 1256 fruitur
2588 1204 2767 1272 quiete
2792 1213 2845 1258 et
2876 1205 3103 1274 deliciis,
3130 1221 3234 1262 non
3274 1217 3380 1263 tam
3408 1210 3693 1278 praeclaras

2116 1288 2224 1342 illic
2254 1288 2415 1345 habet
2447 1305 2695 1346 cor0nas.
2737 1291 2813 1347 Ne
2842 1292 2930 1348 bic
2956 1309 3086 1364 ergo
3109 1310 3410 1365 qumramus
3438 1313 3695 1353 remune-

2116 1379 2399 1444 rationem,
2446 1380 2541 1435 sed
2586 1391 2709 1436 tunc
2744 1386 2973 1438 maxime
3000 1385 3260 1451 lmtemur,
3291 1388 3503 1457 quando
3544 1390 3685 1445 bona

2115 1483 2277 1536 opera
2323 1479 2543 1539 agentes
2592 1473 2730 1527 male
2777 1477 3032 1543 patimur.
3076 1476 3192 1531 Non
3241 1480 3412 1533 solum
3444 1481 3585 1535 enim
3624 1495 3691 1536 ex

2115 1567 2262 1613 recte
2290 1561 2466 1624 factis,
2506 1562 2599 1616 sed
2644 1564 2804 1617 etiam
2843 1580 2910 1621 ex
2960 1568 3343 1622 tentatinnibus
3371 1570 3509 1624 Deus
3538 1572 3696 1627 nobis

2118 1647 2225 1703 illic
2250 1650 2487 1704 rec0mlit
2514 1653 2835 1708 mercedem.

2188 1738 2242 1791 ι.
2284 1737 2353 1793 Ut
2388 1743 2731 1810 autemquod
2761 1744 2881 1798 dico
2913 1744 3001 1797 fiat
3039 1747 3373 1807 manifestius
3394 1788 3410 1813 ,
3450 1751 3554 1804 sint
3586 1749 3695 1803 duo

2117 1826 2316 1883 divites
2359 1830 2771 1895 misericordes,
2817 1843 2873 1887 et
2916 1835 3044 1890 dent
3092 1839 3450 1906 pauperibus:
3501 1841 3697 1895 deinde

2118 1932 2307 1974 eorum
2350 1921 2486 1975 alter
2526 1922 2741 1990 quidem
2785 1934 2999 1981 maneat
3044 1927 3096 1980 in
3148 1928 3382 1993 divitiis,
3438 1940 3490 1985 et
3517 1934 3697 1986 omnia

2119 2022 2375 2077 prospere
2400 2010 2451 2064 ei
2471 2012 2757 2066 succedant
2780 2030 2794 2074 :
2818 2016 2955 2071 alter
2970 2027 3145 2071 autem
3167 2019 3365 2074 incidat
3396 2021 3447 2074 iu
3468 2036 3696 2091 pauper-

2120 2107 2282 2154 tatem
2304 2108 2358 2155 et
2385 2103 2601 2156 morbos
2638 2112 2691 2157 et
2718 2106 3071 2171 calamitates,
3099 2118 3153 2164 et
3182 2110 3294 2165 Deo
3327 2120 3449 2179 agat
3475 2118 3692 2182 gratias.

2119 2189 2250 2246 Cum
2281 2206 2411 2260 ergo
2448 2193 2481 2246 ii
2525 2194 2649 2249 hinc
2695 2196 2820 2251 illuc
2862 2201 3233 2265 excesserint,
3280 2202 3401 2271 quis
3440 2204 3698 2272 majorem

2120 2280 2347 2348 accipiet
2383 2284 2722 2338 mercedem?
2752 2301 2929 2339 annon
2964 2290 3300 2356 perspicuum
3329 2303 3411 2346 est
3439 2294 3577 2362 quod
3606 2296 3699 2363 qui

2120 2378 2348 2437 aegrotat
2389 2378 2445 2424 et
2483 2371 2774 2441 afﬂigitur,
2808 2376 3071 2442 quoniam
3121 2388 3175 2431 et
3216 2379 3353 2434 bene
3398 2379 3601 2437 faciens
3644 2394 3703 2438 et

2123 2458 2263 2512 male
2292 2459 2535 2526 patiens,
2568 2460 2703 2515 nihil
2732 2476 2921 2530 passus
2957 2474 3042 2519 est
3083 2466 3371 2523 humanum
3392 2469 3417 2521 2
3453 2470 3511 2525 id
3552 2482 3703 2529 certe

2125 2548 2297 2617 palam
2326 2550 2577 2604 omnibus
2605 2560 2708 2605 est.
2734 2551 2831 2609 Hic
2855 2555 2998 2607 enim
3028 2565 3112 2609 est
3137 2565 3312 2612 statua
3339 2560 3701 2627 adamantina,

2125 2640 2215 2695 hic
2259 2649 2345 2695 est
2386 2655 2574 2697 servus
2616 2653 2799 2711 gratus
2824 2654 2879 2699 et
2920 2646 3227 2704 bmevolus.
3268 2650 3325 2705 Si
3366 2663 3542 2708 autem
3593 2668 3701 2708 non

2123 2740 2344 2800 propter
2374 2744 2522 2798 spem
2556 2734 2701 2802 τρειιὶ
2728 2746 2941 2803 oportet
2968 2737 3167 2807 aliquid
3193 2732 3317 2795 boni
3346 2730 3523 2797 facere
3545 2784 3561 2808 ,
3606 2743 3703 2799 sed

2128 2830 2343 2890 propter
2370 2820 2424 2875 id
2450 2822 2592 2891 quod
2621 2820 2733 2880 Deo
2759 2825 2974 2879 videtur
2997 2842 3061 2882 ac
3089 2829 3291 2895 placet;
3317 2834 3458 2901 quod
3485 2835 3703 2904 quidem

2125 2919 2209 2964 est
2237 2908 2409 2979 majus
2437 2912 2628 2982 quovis
2660 2926 2865 2985 regno;
2895 2916 3022 2985 quid
3052 2931 3288 2975 meretur
3313 2922 3407 2991 qui
3433 2938 3533 2987 eo,
3558 2924 3702 2995 quod

2128 3014 2233 3054 non
2266 3000 2353 3056 hic
2381 3001 2607 3072 accipiat
2634 3007 3151 3074 remunerationem,
3184 3009 3236 3064 in
3265 3013 3560 3069 exercenda
3591 3015 3705 3069 vir-

2129 3100 2241 3147 tute
2265 3101 2350 3147 eat
2376 3092 2612 3163 pigrior!
2655 3093 2731 3149 Ne
2769 3108 2900 3166 ergo
2926 3100 3338 3164 conturbemur,
3381 3104 3595 3173 quando
3621 3106 3705 3159 vi-

2127 3180 2391 3251 derimus,
2419 3182 2560 3250 quod
2593 3184 2679 3239 hic
2706 3194 2799 3241 aut
2824 3186 2916 3241 ille
2942 3188 3213 3245 advocans
3237 3191 3451 3258 viduas,
3479 3206 3533 3249 et
3570 3210 3707 3263 pau-

2130 3287 2287 3343 peres
2349 3272 2723 3343 frequcntibus
2773 3276 3047 3346 excipiens
3096 3281 3386 3347 conviviis,
3459 3283 3709 3339 incendio

2131 3370 2374 3417 exustam
2411 3361 2631 3417 domum
2661 3364 2859 3431 amisit,
2898 3376 2991 3421 aut
3023 3368 3254 3439 aliquam
3291 3371 3449 3428 aliam
3478 3373 3706 3428 similem

2134 3468 2325 3523 passus
2362 3463 2448 3510 est
2483 3454 2845 3511 calamitatem
2888 3473 2901 3509 :
2958 3448 3239 3527 propterea
3289 3462 3433 3517 enim
3483 3464 3711 3532 accipiet

2132 3545 2455 3600 mercedem.
2501 3545 2684 3615 Neque
2726 3552 2869 3602 enim
2915 3547 3020 3603 Job
3066 3550 3118 3603 in
3168 3559 3313 3605 tanta
3357 3552 3711 3610 admiratione

2134 3634 2433 3691 habebatur
2477 3650 2696 3707 propter
2734 3639 3108 3711 eleemosynas
3130 3682 3147 3706 ,
3188 3642 3243 3697 in
3266 3652 3466 3711 quatua
3491 3653 3714 3715 propter

2134 3740 2197 3779 ea
2241 3740 2358 3794 quae
2399 3740 2588 3797 passus
2628 3737 2831 3795 postea.
2877 3728 3163 3798 Propterea
3212 3741 3269 3791 et
3318 3733 3714 3801 vilipenduutur

2136 3814 2253 3885 ejus
2296 3814 2489 3877 amici,
2522 3824 2578 3869 et
2622 3816 2817 3869 nullius
2857 3826 3143 3878 censentur
3178 3834 3300 3880 esse
3328 3821 3519 3888 pretii,
3569 3824 3712 3890 quod

2139 3917 2429 3976 prmseutes
2471 3918 2775 3975 qumrerent
2820 3910 3321 3976 remunerationes,
3374 3922 3427 3964 et
3478 3911 3598 3967 ideo
3657 3914 3713 3969 in

2136 4003 2337 4071 justum
2366 4001 2600 4071 iniquam
2629 4000 2833 4056 ferrent
2860 4004 3198 4057 sententiam.
3228 4004 3303 4059 Ne
3325 4018 3456 4074 ergo
3477 4005 3562 4059 hic
3576 4022 3717 4075 quaa-

2142 4107 2320 4147 ramus
2360 4093 2877 4155 remunerationem,
2909 4092 3003 4146 sed
3034 4092 3332 4148 efficiamur
3359 4109 3621 4164 pauperes
3660 4104 3718 4150 et

2140 4186 2393 4251 mendici.
2436 4183 2549 4238 Hoc
2578 4184 2719 4237 enim
2763 4191 2905 4238 esset
2941 4194 3194 4239 extremm
3223 4186 3440 4240 vilitatis
3477 4194 3532 4240 et
3569 4186 3719 4253 obje-

2141 4277 2364 4340 ctionis,
2405 4290 2529 4331 cum
2566 4276 2753 4328 calum
2795 4274 2866 4328 sit
2907 4277 3271 4344 propositum,
3310 4285 3365 4331 et
3396 4292 3514 4345 quae
3554 4292 3716 4347 supra

2142 4369 2349 4431 caelum,
2382 4382 2500 4435 qua:
2533 4365 2618 4419 hic
2647 4373 2771 4417 sunt
2795 4374 3061 4432 spectare.
3085 4364 3163 4418 Ne
3182 4366 3259 4419 sic
3284 4380 3413 4435 ergo
3438 4364 3716 4429 faciamus,

2142 4459 2236 4512 sed
2266 4457 2639 4526 quodcumque
2671 4457 3091 4523 inexspectatum
3137 4456 3289 4510 nobis
3314 4457 3519 4523 jussum
3559 4457 3723 4512 adve-

2144 4552 2322 4612 nerit,
2366 4564 2462 4603 nos
2506 4549 2667 4601 Deum
2707 4548 2920 4603 assidue
2962 4548 3242 4611 colamus,
3284 4558 3340 4601 et
3368 4548 3523 4601 beato
3552 4547 3723 4601 Paulo

2146 4656 2460 4712 pareamus,
2508 4655 2908 4709 pauperumque
2950 4640 3182 4694 arculam
3232 4639 3377 4694 domi
3422 4639 3675 4694 faciamus
3702 4678 3720 4706 ,

2144 4749 2262 4798 quae
2280 4734 2431 4801 juxta
2462 4732 2635 4785 lorum
2667 4730 2718 4783 in
2744 4744 2851 4797 quo
2876 4739 2985 4784 stas
3006 4745 3164 4784 orans
3186 4730 3284 4783 sita
3310 4729 3377 4782 sit
3402 4747 3414 4781 :
3439 4740 3494 4784 et
3512 4740 3724 4798 quoties

2145 4826 2208 4877 ad
2236 4824 2494 4878 orandum
2529 4822 2692 4875 fueris
2739 4823 3012 4891 ingressus
3032 4862 3044 4882 ,
3076 4821 3284 4890 depone
3318 4822 3544 4890 primum
3574 4821 3723 4875 elee-

2146 4931 2421 4986 mosyuam
2446 4956 2459 4977 ,
2492 4923 2548 4969 et
2574 4925 2699 4968 tunc
2724 4916 2909 4968 emitte
2936 4916 3294 4982 precationem
3320 4931 3334 4966 :
3368 4922 3422 4966 et
3446 4912 3583 4967 sicut
3623 4928 3723 4964 no-

2148 5007 2307 5060 lueris
2348 5007 2593 5059 manibus
2629 5005 2791 5057 illotis
2820 4998 2885 5057 ad
2913 5004 3171 5057 orandum
3198 5002 3458 5058 accedere
3498 5001 3612 5072 (a),
3645 5003 3725 5055 sic

2146 5111 2317 5165 neque
2359 5097 2559 5162 absque
2602 5094 2965 5163 eleemosyna.
3013 5091 3195 5160 Neque
3237 5093 3376 5145 enim
3424 5094 3599 5146 minus
3641 5100 3725 5146 εμι

2147 5187 2541 5257 eleemosynam
2570 5186 2640 5238 ibi
2668 5184 2965 5252 depositam
3000 5197 3122 5237 esse
3142 5222 3157 5248 ,
3199 5199 3357 5253 quam
3383 5184 3722 5253 evangelium

2143 5277 2289 5347 juxta
2343 5279 2536 5331 lectum
2586 5290 2878 5345 appensum
2923 5288 3063 5329 esse.
3115 5273 3244 5329 Nam
3295 5274 3341 5329 si
3389 5272 3721 5341 evangelium

2148 5372 2360 5439 quidem
2391 5369 2736 5437 suspenderis
2765 5366 2892 5421 nihil
2921 5366 3143 5429 faciens,
3179 5382 3282 5420 non
3313 5368 3451 5420 adeo
3478 5372 3723 5429 magnam

2149 5460 2377 5528 accipies
2423 5459 2745 5513 utilitatem:
2800 5456 2937 5511 hanc
2980 5468 3156 5511 autem
3205 5455 3406 5510 habens
3448 5448 3722 5509 arculam,

2149 5549 2313 5605 habes
2354 5565 2498 5605 arma
2540 5549 2794 5603 adversus
2820 5548 3110 5609 diabolum,
3142 5545 3503 5616 precationem
3543 5538 3725 5595 reddis

2151 5640 2365 5701 alutam,
2401 5649 2637 5693 sanctam
2667 5638 2885 5692 domum
2916 5638 3222 5697 constituis,
3253 5647 3375 5701 qua:
3420 5629 3608 5685 habeat
3634 5630 3723 5684 in-

2223 5748 2295 5810 (α)
2318 5753 2445 5801 Ante
2469 5757 2795 5813 procationem
2826 5761 2998 5797 manus
3012 5745 3352 5796 abluebantur.
