4028 6222
233 357 334 414 373

230 503 314 548 tus
373 493 628 549 alimenta
681 488 823 560 regis
875 479 1170 542 recondita.
1233 480 1358 534 ideo
1411 488 1465 531 et
1518 477 1666 546 juxta
1724 474 1801 528 le-

229 599 373 640 ctum
425 584 522 639 sita
567 583 638 638 sit
689 579 885 643 arcula,
932 589 1142 644 noxque
1195 571 1350 625 nullis
1404 567 1799 650 perturbabitur

230 678 358 732 visis
397 685 451 729 et
490 672 814 728 insomniis:
861 677 1064 721 tantum
1110 662 1240 716 nihil
1286 663 1337 714 in
1379 674 1496 714 eam
1542 653 1804 727 injiciatur

231 782 295 822 ex
328 764 603 833 injustitia.
633 759 988 828 Eleemosyna
1015 754 1156 808 enim
1186 766 1272 805 res
1310 757 1429 803 est:
1470 746 1582 800 fieri
1623 753 1798 797 autem

157 923 160 926 _
229 873 336 912 non
370 865 542 926 potest
575 863 634 908 ut
661 852 998 920 eleemosyna
1031 859 1277 914 umquam
1306 841 1566 912 germinet
1588 853 1652 891 ex
1683 852 1805 890 cru—

230 925 468 1003 delitate.
497 942 673 998 Vultis
709 951 764 996 et
792 938 943 994 vobis
976 938 1149 991 dicam
1191 932 1460 988 undenam
1501 925 1809 997 impendere

228 1050 285 1095 et
330 1037 504 1106 largiri
535 1041 811 1105 eporteat,
854 1039 914 1084 ut
954 1028 1054 1082 hac
1097 1039 1309 1096 quoque
1349 1023 1554 1076 ratione
1601 1018 1807 1072 facilem

229 1145 346 1184 eam
378 1125 584 1181 faciatis
631 1117 1015 1178 collationem?
1045 1113 1235 1184 Opifex
1257 1152 1272 1176 ,
1319 1111 1464 1164 velut
1505 1109 1802 1162 calceorum

227 1217 650 1275 consarcinator.
680 1219 772 1266 aut
795 1207 1078 1270 coriarius,
1107 1213 1199 1259 aut
1243 1203 1395 1256 faber
1438 1197 1688 1262 mrarius,
1719 1202 1808 1248 aut

227 1309 402 1379 quivis
429 1308 564 1362 alius
584 1302 798 1366 artifex,
816 1316 936 1356 cum
967 1297 1162 1367 aliquid
1189 1293 1486 1348 vendiderit
1513 1305 1580 1344 ex
1607 1290 1671 1342 iis
1691 1301 1810 1356 quze

226 1417 323 1456 sua
352 1411 469 1454 arte
499 1398 661 1462 fiunt,
694 1395 783 1449 det
810 1394 917 1447 Deo
947 1388 1208 1458 primitias
1237 1384 1392 1456 pretii
1414 1425 1430 1449 ,
1478 1382 1548 1435 ibi
1591 1393 1805 1450 parvam

229 1502 436 1562 partem
465 1488 680 1559 dejiciat
699 1528 714 1552 ,
741 1494 798 1540 et
823 1500 888 1539 ex
919 1481 1112 1536 minori
1140 1487 1290 1550 parte
1315 1491 1435 1530 cum
1469 1475 1578 1528 Deo
1605 1470 1774 1542 partia
1791 1498 1806 1509 ο

229 1594 335 1639 tur.
377 1583 557 1653 Neque
600 1578 740 1633 enim
785 1589 1031 1643 magnum
1072 1569 1198 1641 quid
1244 1577 1407 1638 peto,
1457 1563 1556 1619 Sed
1606 1569 1805 1653 tantum

228 1651 485 1744 quantum
524 1668 834 1725 Judaeorum
877 1664 1141 1726 infantes,
1171 1669 1224 1716 et
1251 1659 1398 1714 mille
1440 1653 1596 1710 malis
1622 1651 1805 1744 pleni,

233 1743 438 1821 tantum
470 1778 569 1818 nos
597 1762 684 1832 qui
723 1759 911 1815 cadum
937 1765 1334 1824 exspectamus,
1362 1749 1640 1820 jaciamus.
1682 1743 1808 1798 llaec

230 1867 411 1911 autem
441 1855 561 1908 dico
596 1867 702 1906 non
748 1850 920 1919 legem
956 1847 1169 1908 ferens,
1202 1856 1372 1912 neque
1404 1837 1693 1909 prohibens
1741 1847 1808 1888 ne

231 1949 350 2016 plus
377 1958 584 2015 erogcs,
613 1941 707 1997 sed
731 1954 940 2010 aequum
969 1950 1196 1994 censeas
1221 1945 1277 1989 ut
1305 1947 1411 1987 non
1437 1931 1614 1985 minus
1641 1926 1805 1994 depo-

1244 347 1307 402 ἰΝ
1350 342 1558 400 EPIST.
1605 343 1620 396 Ι
1687 341 1775 396 AD
1815 338 1969 395 COR.
2014 338 2244 394 HOMIL.
2284 337 2466 393 XLIV.

3386 342 3487 393 ἰΰῚὸ

1908 487 2002 526 nas
2028 487 2186 540 quam
2203 481 2419 543 partem
2437 472 2720 527 decimam.
2745 474 2855 529 Hoc
2880 484 3056 530 autem
3082 475 3164 530 fac
3187 490 3292 529 non
3317 476 3486 530 solum

1905 565 2163 630 vendens,
2183 564 2275 618 sed
2306 565 2464 619 etiam
2493 566 2862 622 emensJianc
2891 569 3060 637 legem
3090 572 3249 623 etiam
3275 579 3490 622 servent

1908 657 1996 724 qui
2029 656 2225 724 praedia
2259 656 2534 725 possident
2561 658 2613 710 in
2641 659 2984 727 proventibus
3007 677 3021 711 :
3050 673 3168 714 eam
3195 671 3384 713 omnes
3399 660 3488 727 qui

1907 745 2083 814 justos
2108 746 2369 816 colligunt
2397 748 2706 815 preventus.
2735 748 2814 802 Ad
2840 764 2933 803 eos
2963 749 3126 815 enim,
3157 749 3246 819 qui
3274 764 3489 804 usuram

1911 837 2166 905 exigunt,
2196 852 2225 889 a
2249 852 2335 891 me
2361 838 2523 894 verba
2550 854 2656 892 non
2687 840 2854 903 fiunt;
2885 856 3058 909 neque
3085 847 3151 895 ad
3177 841 3374 894 milites
3398 841 3488 910 qui

1912 927 2044 980 alios
2100 929 2455 990 concutiunt,
2516 939 2570 983 et
2606 931 2726 984 aliis
2778 942 3067 1000 procurant
3114 931 3487 985 calamitates:

1913 1015 2054 1070 Deus
2098 1020 2241 1070 enim
2285 1018 2416 1071 nihil
2464 1018 2586 1072 inde
2629 1020 2742 1073 vult
2771 1021 3052 1090 accipere:
3083 1020 3176 1074 sed
3217 1020 3333 1074 haec
3369 1020 3494 1074 dico

1912 1107 2014 1170 eis,
2043 1107 2133 1177 qni
2164 1123 2227 1162 ex
2253 1108 2411 1176 justls
2439 1109 2710 1164 laboribus
2740 1109 3021 1166 facultates
3046 1111 3321 1181 colligunt.
3361 1110 3492 1164 Nam

1914 1198 1958 1250 si
2003 1214 2103 1252 nos
2150 1199 2295 1268 ipsos
2333 1199 2398 1253 ad
2443 1216 2561 1254 cam
2603 1200 2983 1256 deduxerimus
3013 1200 3452 1256 consuetudinem
3478 1242 3494 1263 ,

1915 1302 2014 1342 nos
2038 1287 2294 1359 deinceps
2340 1301 2539 1362 punget
2565 1294 2891 1346 conscientia
2908 1334 2923 1350 .
2952 1294 2998 1347 si
3024 1293 3162 1347 hanc
3187 1293 3499 1348 deseramus

1915 1379 2123 1446 legem;
2166 1396 2341 1451 neque
2381 1397 2495 1436 rem
2539 1383 2962 1439 existimabimus
2993 1399 3230 1454 gravem,
3261 1394 3315 1439 et
3362 1399 3498 1452 pau-

1914 1469 2062 1524 latim
2091 1473 2370 1527 veniemus
2407 1473 2470 1528 ad
2500 1473 2702 1543 majora
2722 1516 2738 1542 ,
2785 1484 2840 1529 et
2870 1476 3108 1529 meditati
3151 1484 3501 1531 contemnere

1914 1561 2187 1629 pecunias,
2218 1577 2338 1617 cum
2368 1565 2635 1619 malorum
2663 1565 2897 1620 radicem
2924 1565 3299 1631 evulserimus,
3331 1575 3387 1620 et
3413 1565 3500 1620 hic

1913 1652 2072 1705 vitam
2104 1667 2292 1707 secure
2319 1663 2370 1708 et
2409 1655 2693 1724 tranquille
2722 1671 2976 1726 agemus,
3007 1666 3063 1712 et
3100 1656 3262 1710 vitam
3304 1670 3498 1710 conse-

1913 1760 2140 1814 quemur
2165 1744 2396 1801 futuram
2421 1765 2434 1801 :
2461 1762 2621 1817 quam
2653 1747 2811 1803 detur
2840 1749 2994 1804 nobis
3020 1749 3270 1804 omnibus
3301 1763 3498 1804 conse-

1917 1837 2005 1905 qui
2022 1877 2037 1901 ,
2066 1846 2170 1892 etc.

230 2036 3489 2075 Mm

1572 2089 1917 2152 HOMILIA
1954 2091 2176 2152 XLIV.

230 2215 362 2270 Car;
394 2214 480 2267 16.
522 2227 576 2263 v.
621 2209 706 2264 10.
752 2207 811 2263 Si
846 2215 1011 2259 autem
1049 2201 1230 2256 venerit
1261 2197 1552 2252 Timotheus
1581 2192 1647 2245 ad
1688 2205 1807 2254 vos,

535 2300 695 2354 videte
727 2309 781 2353 ut
810 2297 918 2351 sine
946 2297 1124 2349 timore
1148 2294 1212 2345 sit
1243 2288 1377 2359 apud
1405 2302 1510 2340 vos.

309 2394 358 2447 Ι.
403 2392 684 2446 Existimet
735 2389 960 2442 fortasse
1003 2383 1264 2453 quispiam
1308 2379 1445 2431 hanc
1490 2371 1814 2430 exhortatio-

236 2499 358 2539 nem
386 2497 504 2538 esse
549 2481 821 2549 indignam
861 2476 1058 2530 virtute
1097 2469 1398 2532 Timothei;
1433 2464 1526 2521 sed
1567 2479 1670 2517 non
1714 2459 1816 2514 hoc

236 2572 432 2628 dictum
449 2581 532 2626 est
549 2578 766 2638 propter
786 2564 1146 2626 Timotheum,
1163 2558 1257 2642 sed
1279 2566 1492 2627 prepter
1516 2552 1813 2642 audientes,

238 2678 304 2717 ne
333 2675 548 2731 pereas
568 2673 686 2728 qua:
705 2657 803 2726 ipsi
833 2661 1146 2724 pararentur
1180 2641 1398 2703 insidias
1423 2645 1628 2713 seipsos
1655 2641 1814 2697 lazde-

237 2763 390 2810 rent:
416 2750 505 2804 ille
530 2751 673 2804 enim
695 2760 911 2815 semper
932 2753 1046 2800 erat
1070 2739 1319 2812 proclivis
1343 2752 1405 2792 ac
1430 2749 1724 2806 propensus
1749 2733 1815 2787 ad

237 2840 476 2895 adeunda
498 2837 886 2909 pericula.Nam
906 2834 1182 2904 Tamquam
1203 2831 1336 2888 ﬁlius
1350 2828 1502 2899 patri,
1519 2841 1707 2880 mecum
1720 2841 1818 2878 scr-

237 2934 375 2997 virit,
397 2933 583 3001 inquit,
602 2931 654 2982 in
671 2928 925 2995 evangelio
942 2924 1201 2994 (Philipp.
1216 2922 1267 2974 2.
1282 2920 1397 2992 22).
1413 2918 1519 2974 Sed
1545 2932 1610 2971 ne
1633 2930 1698 2971 ex
1717 2931 1814 2969 au-

239 3025 392 3079 dacia
420 3026 470 3077 in
502 3023 823 3092 discipulum
842 3061 856 3086 ,
879 3011 952 3071 ad
980 3016 1292 3086 magistrum
1317 3025 1529 3082 quoque
1558 3006 1816 3078 procede-

240 3127 360 3171 rent
403 3129 458 3169 et
505 3118 692 3169 tierent
731 3109 1063 3181 deteriores,
1119 3120 1213 3159 eos
1264 3105 1472 3159 eminus
1516 3099 1820 3169 comprimit

241 3220 292 3264 et
321 3216 564 3271 coercet,
597 3204 780 3259 dicens
809 3219 823 3256 :
859 3200 925 3255 Ut
959 3203 1066 3253 sine
1101 3199 1277 3251 timore
1303 3197 1367 3249 sit
1393 3193 1531 3262 apud
1563 3209 1647 3245 vos
1671 3207 1688 3244 :
1716 3190 1819 3244 huc

241 3314 345 3366 εει,
377 3315 444 3353 ne
471 3298 732 3367 quispiam
765 3310 830 3348 ex
864 3294 928 3346 iis
954 3292 1043 3361 qui
1071 3298 1193 3343 sunt
1218 3286 1477 3357 deplorati
1507 3285 1558 3337 in
1587 3296 1706 3337 eum
1735 3282 1817 3334 in-

241 3400 442 3460 surgat.
494 3389 621 3443 Erat
653 3387 848 3455 quippe
881 3383 1104 3436 fortasse
1131 3396 1223 3434 eos
1256 3380 1621 3446 increpaturus
1660 3374 1726 3428 de
1757 3375 1820 3428 iis

241 3500 360 3553 quzc
390 3479 655 3536 scribebat
679 3477 872 3531 Paulus
892 3494 905 3528 :
928 3473 1269 3527 denuntiaret
1295 3471 1436 3524 enim
1465 3484 1521 3522 se
1540 3475 1819 3535 propterea

240 3576 418 3645 ipsum
453 3571 683 3624 mittere.
711 3565 833 3620 Misi
859 3567 1022 3627 enim,
1050 3563 1240 3631 inquit,
1269 3563 1337 3614 ad
1366 3576 1451 3614 vos
1485 3559 1818 3621 Timotheum,

244 3668 328 3735 qui
357 3664 491 3718 vobis
519 3664 572 3715 in
609 3660 903 3714 memoriam
933 3655 1184 3710 revocabit
1213 3653 1319 3706 vias
1349 3668 1485 3704 meas
1513 3653 1565 3703 in
1593 3649 1816 3711 Christo,

241 3756 374 3809 sicut
404 3756 582 3821 ubique
608 3753 660 3804 in
701 3750 837 3803 omni
875 3746 1099 3801 Ecclesia
1140 3744 1293 3798 doceo
1320 3741 1402 3811 (i.
1445 3741 1563 3793 Cor.
1606 3740 1658 3792 4.
1696 3739 1818 3806 l7).

244 3848 324 3903 Ne
352 3862 479 3915 ergo
527 3844 786 3900 nobilitati
831 3852 881 3896 et
925 3839 1124 3895 divitiis
1163 3847 1218 3893 et
1256 3836 1433 3908 p0puli
1481 3833 1822 3890 commenda~

246 3943 376 3996 tioni
409 3951 461 3995 et
487 3951 722 3994 externae
746 3935 1024 4004 sapientia:
1051 3932 1401 3996 confidentes,
1434 3928 1743 3982 invaderent
1771 3936 1825 3980 et

248 4037 609 4101 conspuet-ent
657 4037 706 4083 et
751 4026 1167 4087 insidiarentur,
1208 4022 1453 4076 dolentes
1499 4034 1556 4072 se
1600 4017 1666 4070 ab
1709 4017 1825 4085 ipso

249 4123 418 4192 argui,
446 4133 535 4174 aut
568 4129 845 4187 propterea
875 4115 1014 4185 quod
1046 4113 1299 4182 magister
1325 4111 1443 4164 illos
1474 4107 1826 4178 reprehende-

253 4224 375 4278 ret,
422 4227 603 4282 pinnas
633 4211 909 4277 exigerent
950 4208 1120 4274 ipsum
1165 4204 1516 4261 ulciscentes.
1549 4211 1825 4270 propterea

254 4307 382 4361 dicit
411 4325 423 4358 :
464 4303 530 4358 Ut
557 4303 666 4356 sine
694 4303 869 4353 timore
898 4303 960 4353 sit
989 4298 1128 4366 apud
1157 4313 1260 4348 vos.
1294 4295 1370 4348 Ne
1399 4294 1524 4346 mihi
1553 4294 1693 4346 enim
1724 4305 1823 4343 ex-

255 4411 436 4454 ternos
473 4396 672 4450 dixeris
699 4392 916 4446 Graecos
946 4400 999 4444 et
1032 4387 1300 4450 inﬁdeles;
1329 4401 1386 4439 ea
1419 4402 1449 4438 a
1480 4384 1627 4437 vobis
1652 4382 1822 4450 exigo,

258 4506 355 4560 pro
383 4489 574 4557 quibus
616 4495 723 4539 tota
756 4483 1056 4538 Conscriuta
1088 4489 1171 4535 est
1212 4480 1432 4549 epistola
1460 4521 1472 4541 ,
1508 4492 1638 4543 -:;uos
1668 4476 1826 4529 etiam

257 4581 470 4636 ininilin
486 4579 670 4631 terruit
697 4585 743 4631 et
778 4577 826 4628 in
858 4574 1146 4640 srommiis.
1169 4572 1452 4638 Propterea
1479 4571 1500 4615 ;’
1541 4587 1606 4620 ,ιιι
1638 4585 1650 4619 :
1679 4568 1831 4633 Apud

256 4691 363 4727 nos.
421 4670 617 4725 Deinde
660 4684 690 4722 a
723 4667 1015 4721 minTsterio
1046 4680 1166 4717 eu'n
1199 4663 1317 4715 facit
1366 4662 1464 4713 (ide
1497 4661 1709 4727 "iig-‘ttm
1747 4659 1827 4710 di-

257 4778 428 4817 ρεηδ-
466 4763 606 4828 Opus
654 4760 786 4812 enim
839 4755 1036 4808 {genuini
1086 4769 1337 4822 OpPTalI’ft'.
1391 4751 1466 4804 Fc
1550 4767 1606 4802 rt:
1653 4758 1826 4802 autem

1279 4844 1320 4894 ,ὲ
1356 4860 1455 4892 n-.~-i
1492 4840 1756 4902 "minus,
1785 4838 1829 4890 si

258 4963 364 4998 net-ia
421 4958 620 5005 senex;
669 4940 762 4993 sed
808 4938 931 5003 quid
972 4937 1151 5001 jussus
1199 4934 1265 4985 si:
1337 4940 1384 4984 et.
1431 4931 1552 4996 qui:
1603 4929 1826 4981 alliciat:

1106 5024 1145 5075 ι.
1172 5038 1213 5075 ~c
1241 5037 1412 5075 astam
1437 5023 1484 5073 ci
1517 5019 1706 5072 ειρῖἓλιεῑι
1737 5033 1831 5085 pro

257 4864 494 4924 SpEClEa,
529 4851 731 4918 inquit,
761 4850 802 4900 si
836 4862 938 4899 non
970 4854 1037 4898 Sit
1067 4845 1244 4896 dives.

261 5036 404 5086 εἠιισιλ
429 5034 555 5082 enim
591 5029 788 5081 [ξοριιῖίεζ
821 5043 1075 5093 operata".

258 5128 403 5178 intimi
438 5134 486 5175 ei
522 5123 795 5174 nobilitate
837 5128 886 5171 et
933 5117 1127 5170 divitiis
1156 5126 1209 5168 et
1252 5122 1504 5167 ωριτε-ει
1549 5112 1827 5181 sapientia.

258 5216 367 5268 Nec
413 5216 511 5265 hoc
552 5213 642 5263 fuit
685 5220 996 5267 contentus,
1041 5207 1132 5260 sed
1177 5206 1411 5264 addidit,
1457 5207 1598 5257 Sicut
1626 5213 1668 5253 et
1703 5220 1831 5271 ago;

257 5317 310 5354 ut
361 5317 636 5369 superius,
687 5302 780 5366 Qui
813 5309 884 5351 est
931 5299 1049 5349 mihi
1084 5299 1218 5362 ﬁlius
1248 5297 1455 5348 dilectus
1499 5306 1540 5348 et
1574 5295 1736 5360 ﬁdelis
1782 5297 1831 5344 in

260 5393 520 5451 Domino;
563 5394 671 5458 ipse
700 5390 832 5443 vobis
863 5407 914 5440 in
952 5390 1240 5438 memoriam
1270 5386 1511 5438 revocabit
1559 5389 1660 5436 vias
1702 5401 1833 5435 »τινας

261 5486 313 5535 in
335 5482 527 5534 Christo
553 5483 628 5543 (1.
659 5482 774 5532 (far.
808 5483 858 5533 ιι.
892 5482 992 5532 l7).
1018 5479 1274 5543 QUnniam
1312 5492 1434 5542 ergo
1463 5478 1668 5541 juvenis
1698 5488 1829 5526 ρετει.

263 5584 316 5624 ct
342 5572 436 5638 ipsi
457 5570 756 5623 concredita
779 5571 945 5622 fuerat
977 5571 1104 5621 tanti
1132 5570 1302 5634 populi
1334 5567 1611 5626 correctio,
1636 5576 1833 5618 utrum—

269 5675 370 5724 que
400 5672 571 5712 autem
602 5660 770 5724 ipsum
802 5659 851 5708 in
883 5669 1240 5724 conmunitum
1276 5657 1562 5709 adducehht
1591 5675 1599 5710 '.

268 5753 532 5819 ειὼῇιλθηςίῑ
566 5772 576 5803 ;
609 5752 691 5803 H.
728 5749 804 5802 [ἵε
836 5753 945 5817 quis
971 5767 1086 5817 ergo
1114 5753 1254 5802 illum
1286 5770 1502 5820 spernat.
1534 5752 1674 5819 ἱλέριξῑι
1737 5759 1762 5802 ii
1807 5772 1831 5806 ε’

593 5850 852 5907 Pirum...

1647 5674 1756 5710 mi}?
1784 5669 1797 5708 ἱ
1823 5678 1830 5692 ‘

892 5849 1002 5903 isti.
1056 5852 1204 5907 ΕΜ.

1915 2190 2087 2244 solum
2117 2193 2316 2263 exigit,
2345 2194 2439 2248 sed
2480 2195 2641 2248 etiam
2685 2195 2942 2263 majorem
2977 2195 3276 2251 honorem:
3311 2212 3501 2268 quam-

1918 2282 2103 2336 obrem
2131 2286 2293 2339 etiam
2321 2285 2472 2352 dicit,
2501 2286 2746 2340 Deducite
2770 2295 2945 2340 autent
2972 2288 3114 2341 illum
3146 2291 3199 2342 in
3230 2306 3371 2358 pace.
3394 2291 3504 2345 Hoc

1931 2382 2028 2439 :st,
2057 2375 2173 2430 sine
2200 2376 2429 2431 timore:
2473 2392 2577 2431 non
2607 2393 2810 2448 pugnas
2837 2378 3125 2434 inferentes
3164 2389 3218 2434 et
3259 2391 3499 2436 conten—

1924 2463 2121 2530 tiones,
2153 2480 2259 2520 non
2290 2465 2410 2521 odia
2442 2476 2497 2521 et
2523 2468 2862 2534 inimicitias,
2901 2470 2997 2525 sed
3027 2471 3416 2540 subjectionem
3447 2484 3501 2528 et

1935 2570 2176 2610 tenorem
2203 2598 2219 2622 ,
2267 2558 2606 2612 attendentes
2649 2559 2750 2628 ipsi
2782 2569 3050 2629 tamquam
3101 2564 3374 2632 magistro.
3435 2564 3503 2619 Ut

1920 2647 2083 2699 veniat
2110 2647 2179 2700 ad
2205 2663 2316 2713 me;
2356 2660 2588 2719 exspecto
2619 2649 2751 2704 enim
2793 2650 2941 2704 illum
2981 2668 3094 2704 cum
3128 2653 3391 2724 fratribus.
3440 2655 3508 2708 Et

1921 2738 2021 2792 hoc
2049 2750 2164 2794 erat
2195 2743 2449 2797 terrentis
2492 2761 2506 2796 :
2557 2758 2680 2797 nam
2711 2754 2769 2797 ut
2812 2759 2934 2798 cum
2971 2745 3166 2799 scirent
3197 2748 3374 2802 omnia
3405 2749 3507 2803 sibi

1918 2827 2139 2883 dicenda
2196 2847 2315 2899 quae
2372 2847 2564 2899 passus
2626 2844 2807 2899 esset,
2871 2835 3061 2890 fierent
3109 2835 3459 2893 mode'stiores
3488 2881 3505 2902 ,

1922 2929 2204 2988 propterea
2248 2921 2456 2976 addidit
2499 2941 2510 2975 :
2573 2921 2829 2993 Exspecto
2865 2927 2998 2979 enim
3039 2926 3208 2980 illum.
3253 2927 3503 2997 Alioquin

1920 3017 2096 3063 autem
2127 3026 2250 3066 eum
2281 3027 2491 3082 quoque
2518 3012 2641 3068 hinc
2677 3013 2802 3068 facit
2833 3015 2938 3069 fide
2968 3016 3206 3084 dignum.
3237 3017 3506 3087 Siquidem

1921 3102 2165 3155 exiturus
2206 3103 2378 3172 ipsum
2418 3113 2730 3174 exspectat,
2774 3112 2828 3159 et
2867 3120 3017 3158 suam
3062 3106 3114 3159 iu
3163 3107 3286 3162 illos
3323 3118 3507 3163 osten-

1924 3193 2001 3248 dit
2038 3197 2316 3251 caritatem
2343 3237 2358 3262 ,
2393 3197 2604 3266 quando
2646 3214 2768 3253 eum
2811 3198 2902 3269 qui
2944 3208 3087 3256 esset
3135 3199 3271 3256 adeo
3320 3204 3461 3257 utilis
3490 3244 3506 3269 ,

1924 3293 2142 3353 promer
2172 3287 2316 3354 ipsos
2345 3288 2558 3342 misisse
2588 3299 2918 3343 cerneretur.
2967 3290 3054 3345 l2.
3098 3289 3178 3344 De
3204 3292 3386 3360 Apollo
3412 3310 3510 3346 au-

1923 3385 2020 3428 tent
2044 3376 2204 3442 fratre
2228 3379 2364 3431 vobis
2392 3390 2566 3431 notum
2601 3381 2757 3450 facio,
2775 3379 2910 3447 quod
2932 3382 3149 3435 multum
3172 3385 3345 3452 rogavi
3371 3400 3507 3450 eum,

1924 3479 1978 3522 ut
2021 3470 2088 3522 ad
2119 3487 2207 3523 vos
2236 3473 2421 3525 veniret
2458 3488 2572 3526 cum
2602 3472 2864 3540 fratribus.
2909 3473 3006 3528 Hic
3035 3474 3245 3529 videtur
3289 3491 3408 3530 esse
3453 3487 3510 3531 et

1925 3563 2061 3616 bene
2100 3563 2363 3629 eruditus,
2405 3572 2462 3618 et
2504 3563 2674 3633 major
2716 3572 2874 3618 aitate
2915 3565 3219 3618 Timotheo.
3267 3566 3343 3621 Nc
3382 3584 3509 3637 ergo

1926 3654 2206 3707 dicerent:
2267 3654 2374 3709 Cur
2414 3655 2586 3708 virum
2628 3655 2841 3723 quidem
2897 3671 3002 3709 non
3055 3656 3235 3719 misit,
3274 3657 3368 3711 sed
3415 3673 3510 3726 pro

1927 3745 2019 3798 illo
2055 3745 2349 3814 juvenem?
2382 3746 2505 3800 vide
2533 3746 2803 3815 quomodo
2834 3747 2992 3801 etiam
3025 3747 3126 3803 hoc
3168 3748 3339 3813 levet,
3387 3765 3509 3802 eum

1927 3843 1982 3888 et
2021 3833 2236 3889 fratrem
2280 3851 2513 3899 vocans,
2545 3845 2601 3891 et
2639 3837 2827 3891 dicens
2858 3852 2916 3891 se
2959 3839 3182 3892 multum
3229 3840 3372 3893 illum
3419 3855 3511 3892 ro-

1927 3941 2081 3993 gasse
2109 3935 2165 3980 ut
2191 3927 2419 3982 veniret.
2461 3927 2536 3982 Ne
2575 3929 2716 3982 enim
2749 3929 3018 3983 videretur
3047 3931 3404 3999 prmposuisse
3432 3931 3509 3984 illi

1929 4017 2288 4082 Timotheum,
2327 4027 2381 4072 et
2418 4019 2618 4075 idcirco
2661 4035 2780 4075 eum
2825 4037 2930 4076 non
2978 4023 3192 4077 misisse
3221 4064 3237 4089 ,
3286 4024 3511 4091 hincque

1929 4111 2184 4178 majorem
2231 4113 2549 4167 accenderet
2590 4113 2840 4168 invidiam
2867 4155 2882 4181 ,
2928 4116 3236 4183 snbjunxit:
3290 4117 3512 4170 Multum

1929 4201 2076 4254 illum
2117 4204 2329 4272 rogavi,
2373 4214 2428 4256 ut
2469 4206 2677 4258 veniret.
2711 4206 2848 4270 Quid
2879 4207 3046 4276 ergo?
3089 4224 3193 4262 non
3225 4211 3386 4262 cessit
3425 4211 3512 4264 ille

1931 4308 2102 4363 neque
2123 4296 2333 4358 annuit,
2354 4295 2449 4350 sed
2470 4296 2666 4350 restitit
2686 4307 2740 4351 et
2763 4298 3075 4353 contendit?
3093 4300 3204 4353 Non
3236 4299 3335 4354 hoc
3363 4302 3509 4367 dicit,

1931 4387 2022 4439 sed
2066 4395 2123 4440 ut
2163 4403 2332 4456 neque
2365 4388 2514 4442 illum
2553 4390 2990 4458 reprehenderet,
3027 4404 3079 4445 et
3108 4409 3165 4446 se
3191 4406 3469 4449 excusaret
3496 4437 3509 4457 ,

1933 4478 2098 4531 dicit:
2136 4477 2199 4530 Et
2239 4479 2409 4546 utique
2450 4495 2549 4532 non
2592 4481 2690 4549 fuit
2728 4482 2958 4535 voluntas
2998 4488 3108 4551 ejus
3152 4496 3204 4536 ut
3252 4501 3382 4536 nunc
3430 4503 3514 4537 ve-

1935 4569 2082 4619 niret.
2142 4567 2344 4622 Deinde
2399 4585 2464 4624 ne
2517 4569 2757 4624 dicerent
2797 4572 2910 4626 haec
2963 4588 3082 4626 esse
3137 4576 3414 4628 obtentum
3463 4587 3516 4629 ct

1934 4659 2341 4728 siihtet'fugium,
2363 4661 2634 4728 subjunxit
2660 4681 2668 4711 ;
2701 4661 2869 4714 Veniet
2891 4673 3076 4728 autem,
3101 4681 3214 4716 cum
3241 4666 3286 4716 ei
3307 4680 3515 4717 vacuum

1936 4751 2107 4817 fuerit.
2129 4749 2219 4802 Sic
2250 4758 2302 4803 et
2322 4750 2465 4803 illum
2492 4751 2724 4806 defendit
2746 4769 2810 4806 ac
2832 4757 3124 4820 excusavit,
3149 4765 3199 4808 et
3220 4771 3402 4808 eorum
3425 4757 3515 4825 qui

1938 4845 2106 4910 ipsum
2164 4842 2535 4896 desiderabant
2582 4847 2692 4912 spei
2743 4844 3017 4900 satisfecit.
3076 4847 3274 4900 Deinde
3331 4860 3514 4903 esten--

1936 4934 2067 4988 deus
2117 4935 2258 5002 ipsos
2305 4950 2409 4987 non
2452 4936 2501 4988 in
2550 4937 2852 5005 magistris,
2899 4938 2992 4990 sed
3025 4940 3075 4991 in
3105 4938 3291 5007 seipsis
3321 4939 3518 4993 debere

1939 5041 2083 5093 Spem
2117 5026 2299 5079 salutis
2332 5026 2546 5091 habere,
2581 5027 2710 5080 dicit
2737 5050 2748 5082 :
2779 5030 2860 5082 l5.
2897 5028 3132 5098 Vigilate,
3166 5039 3291 5082 state
3319 5031 3372 5081 in
3395 5032 3513 5096 ﬁde.

1937 5117 2047 5169 Νι-ει
2084 5118 2135 5168 in
2174 5126 2392 5170 exteiiia
2421 5118 2712 5185 sapientia;
2745 5134 2848 5172 non
2893 5129 2973 5172 est
3022 5121 3163 5172 enim
3214 5120 3323 5172 illic
3351 5130 3515 5183 state,

1939 5210 2028 5260 Sci}
2057 5210 2211 5272 ferri,
2236 5212 2370 5262 sicut
2388 5211 2597 5276 quidem
2616 5220 2758 5263 certe
2779 5222 2918 5264 stare
2939 5213 2989 5264 in
3015 5213 3118 5265 fide
3141 5213 3405 5266 convenit.
3437 5211 3518 5261 l'i-

1938 5303 2096 5352 riliter
2126 5303 2256 5369 agite
2293 5313 2338 5354 et
2371 5303 2743 5364 confortmnini.
2781 5304 2862 5355 Η.
2898 5303 3083 5355 Omnia
3114 5315 3273 5356 vestra
3302 5306 3353 5354 in
3393 5320 3518 5354 cari.

1943 5402 2038 5443 tate
2081 5393 2233 5457 ﬁant.
2279 5392 2400 5444 llmc
2431 5405 2604 5444 autem
2638 5393 2821 5444 dicens
2854 5395 3060 5447 videtur
3089 5393 3302 5461 quidem
3335 5393 3519 5445 adum-

1943 5500 2066 5534 nere
2094 5501 2104 5542 ;
2141 5484 2258 5533 illos
2285 5494 2458 5534 autem
2491 5485 2653 5549 tangit
2687 5493 2953 5551 tamquam
2991 5484 3165 5553 pigros
3204 5496 3254 5537 et
3286 5484 3519 5536 desides,

1947 5574 2008 5624 i3:
2041 5574 2156 5625 ideo
2189 5574 2339 5634 dicit,
2388 5573 2630 5643 i’igilatc,
2666 5584 2928 5642 umquam
2973 5591 3050 5628 ms
3092 5575 3517 5637 doriiiicntdms;

1949 5667 2120 5728 State,
2159 5675 2419 5731 tamquam
2466 5668 2794 5728 labantibus;
2853 5668 3071 5719 ‘i’irititer
3109 5679 3236 5735 agite
3279 5679 3322 5717 et
3372 5669 3523 5726 fortes

1953 5769 2120 5815 ρῖθιμλίιτι
2158 5768 2209 5809 ut
2248 5759 2330 5825 qui
2365 5768 2539 5810 essent
2581 5761 2804 5821 molles;
2845 5762 3023 5811 (imum
3054 5771 3210 5809 crstini
3240 5762 3287 5810 ili
3321 5771 3529 5812 cimini:
