4028 6222
464 331 569 383 375

461 444 625 511 ﬁant,
668 448 726 495 ut
768 439 860 510 qui
899 436 1215 494 seditionem
1261 436 1481 507 agitent.
1536 432 1607 491 Et
1646 432 1903 488 adversus
1945 444 2044 487 eos

460 529 798 602 quidemqui
826 526 1133 596 decipiunt,
1162 537 1246 583 eat
1275 526 1406 581 illud
1427 566 1447 594 ,
1486 523 1726 596 Vigilate,
1758 534 1917 585 state;
1943 523 2044 577 ada-

460 634 654 675 versus
680 633 775 675 eos
802 628 978 674 autem
1010 619 1099 688 qui
1137 617 1485 681 insidiantur,
1526 626 1611 673 est
1651 617 1782 683 hoc,
1823 614 2045 669 Viriliter

466 712 642 781 agite;
676 710 937 765 adversus
966 725 1060 765 eos
1095 725 1226 764 vero
1250 708 1341 779 qui
1383 708 1701 764 seditionem
1743 708 1944 777 agitant
1990 716 2046 760 et

466 810 729 856 euomitur
770 800 1028 856 divellere
1061 816 1123 855 ac
1164 798 1498 862 distrahere.
1529 808 1612 854 est
1653 797 1818 863 illud,
1858 797 2047 852 Omnia

456 903 624 949 vestra
653 892 707 946 in
746 894 956 946 caritate
1000 894 1162 957 ﬁant;
1205 892 1344 951 quod
1388 892 1601 961 quidem
1645 899 1731 947 est
1773 890 2043 945 vinculum

458 982 841 1052 perfectionis,
883 992 939 1037 et
977 982 1126 1037 radix
1171 981 1394 1050 fonsque
1432 987 1719 1037 bonorum.
1775 981 1910 1047 Quid
1960 990 2044 1035 est

457 1085 637 1129 autem
669 1074 799 1131 illud
824 1124 838 1140 ,
878 1072 1063 1127 Omnia
1091 1075 1145 1126 in
1188 1074 1438 1127 caritate?
1480 1074 1605 1131 Sive
1646 1074 1909 1144 quispiam
1957 1072 2041 1127 in~

458 1175 645 1235 crepat
673 1206 689 1233 ,
738 1165 946 1235 inquit,
997 1166 1110 1219 sive
1147 1165 1408 1234 imperat,
1451 1166 1565 1221 sive
1602 1172 1754 1234 paret
1793 1164 2040 1233 imperio,

456 1259 571 1312 sive
619 1256 808 1319 discit,
852 1257 967 1313 sive
1006 1255 1197 1323 docet,
1230 1257 1410 1311 omnia
1451 1270 1575 1310 cum
1615 1256 1855 1310 caritate.
1908 1254 2041 1308 Nam

456 1358 511 1404 et
549 1359 740 1407 cuneta
769 1365 888 1420 quae
931 1349 1072 1403 dicta
1113 1358 1271 1413 sunt,
1314 1348 1437 1403 ideo
1479 1348 1845 1417 contigerant,
1896 1346 2041 1415 quod

451 1442 651 1498 caritas
688 1442 926 1511 neglecta
960 1440 1163 1497 luisset.
1213 1439 1345 1495 Nam
1383 1438 1429 1494 si
1458 1453 1521 1493 ea
1553 1452 1659 1494 non
1687 1447 1831 1493 esset
1858 1437 2042 1507 negle-

452 1543 560 1599 cta,
600 1548 711 1591 non
741 1531 969 1589 fuissent
1003 1531 1171 1587 inﬂati
1192 1572 1205 1595 ,
1246 1545 1352 1585 non
1380 1529 1671 1596 dixissent,
1704 1528 1814 1599 Ego
1839 1528 2040 1597 quidem

454 1640 565 1678 sum
609 1621 802 1685 Pauli,
837 1638 928 1691 ego
966 1638 1082 1675 vero
1113 1622 1296 1692 Apollo
1332 1621 1418 1692 (1.
1448 1621 1565 1677 Car.
1599 1620 1649 1678 Ι.
1679 1618 1781 1693 ﬂ)
1806 1637 1821 1674 :
1851 1619 1895 1674 si
1925 1620 2037 1690 ipsa

453 1714 750 1780 adfuisset,
785 1728 891 1769 non
931 1712 1059 1767 foris
1093 1712 1299 1783 judicio
1337 1711 1767 1776 contendissent,
1814 1712 1923 1766 imo
1970 1726 2039 1766 ne

450 1805 853 1861 contendissent
884 1804 1095 1874 quidem
1124 1822 1137 1857 :
1186 1805 1230 1858 si
1261 1804 1375 1874 ipsa
1404 1802 1678 1866 adfuisset,
1704 1802 1793 1857 ille
1814 1816 2035 1857 uxorem

453 1898 622 1966 put-ris
663 1910 769 1950 non
799 1896 1127 1965 accepisset,
1160 1909 1264 1948 non
1307 1894 1499 1949 fratres
1529 1894 1769 1947 infirmos
1798 1902 2036 1947 contem-

452 1988 705 2056 psissent,
734 1986 966 2041 hmreses
994 2002 1101 2041 non
1130 1986 1461 2048 habuissent,
1483 1996 1702 2054 propter
1715 1982 2037 2037 charismata

453 2079 664 2132 inanem
705 2078 928 2148 gloriam
972 2094 1079 2131 non
1123 2076 1517 2144 concepissent.
1548 2074 1836 2143 PrOpterea
1867 2072 2035 2141 dicit,

450 2170 639 2231 Omnia
669 2187 790 2226 cum
822 2173 1043 2226 caritate
1072 2170 1221 2224 fiant.
1247 2170 1333 2223 15.
1361 2166 1578 2223 Obsecro
1604 2177 1769 2221 autem
1792 2183 1897 2231 vos,
1928 2172 2038 2239 fra-

452 2271 589 2326 tres,
636 2263 796 2315 nostis
847 2262 1051 2314 domum
1097 2259 1375 2328 Stephanus
1399 2300 1413 2324 ,
1458 2258 1595 2328 quod
1632 2268 1748 2311 sunt
1797 2258 2037 2326 primitiis

450 2355 679 2419 Achaia,
697 2366 744 2409 et
764 2357 819 2408 in
842 2356 1119 2409 ministerio
1136 2366 1423 2410 sanctorum
1440 2354 1799 2408 ordinaverunt
1818 2354 2030 2419 seipsos.

526 2444 583 2499 9.
617 2444 791 2499 Etiam
824 2447 875 2499 in
924 2447 1076 2500 initio
1125 2447 1279 2516 hujus
1308 2448 1549 2501 meminit
1588 2447 1805 2510 dicens,
1851 2443 2034 2513 Baptio

451 2536 562 2589 sani
589 2546 756 2589 autem
799 2546 846 2589 et
874 2536 1151 2607 Stephano
1197 2536 1400 2592 domum
1442 2537 1461 2605 (
1490 2538 1539 2591 i.
1571 2535 1883 2605 Cor.l.16)
1926 2551 1940 2587 :
1981 2541 2037 2587 et

453 2641 597 2681 nunc
621 2641 737 2681 eam
763 2626 895 2681 dicit
922 2642 1043 2681 esse
1071 2627 1331 2696 primitias
1356 2666 1372 2692 ,
1413 2640 1519 2682 non
1554 2626 1726 2679 solum
1755 2623 2033 2689 Corinthi,

452 2716 547 2771 sed
596 2727 652 2772 et
702 2720 864 2772 totius
902 2718 1149 2773 Graeciae.
1180 2716 1297 2771 Non
1337 2724 1421 2771 est
1460 2726 1636 2771 autem
1676 2716 1777 2772 hoc
1820 2730 2033 2785 quoque

450 2822 672 2876 parvum
700 2809 1022 2872 encomium,
1053 2808 1347 2863 accessisse
1376 2808 1604 2877 primum
1632 2807 1697 2861 ad
1730 2806 2029 2861 Christum.

448 2900 803 2966 Quamobrem
835 2900 1002 2971 etiam
1050 2902 1101 2954 in
1154 2900 1389 2971 Epistola
1422 2900 1487 2954 ad
1537 2901 1808 2955 Romanos
1854 2915 1919 2954 ex
1967 2914 2035 2955 eo

448 2988 710 3059 quosdam
734 2989 956 3044 laudans
986 2966 1245 3045 dicebat:
1279 2992 1381 3066 Qui
1417 2992 1567 3044 etiam
1616 2999 1734 3043 ante
1776 3007 1855 3043 me
1880 2992 2034 3059 geniti

348 3112 355 3115 τ
449 3089 566 3132 sunt
586 3081 639 3133 in
667 3079 869 3135 Christo
904 3082 1077 3151 (Rom.
1112 3082 1307 3154 16.7).
1351 3081 1460 3136 Nec
1507 3082 1640 3136 dixit
1693 3096 1787 3137 eos
1832 3084 2033 3152 primos

453 3169 768 3237 credidisse,
794 3171 887 3225 sed
912 3171 1074 3225 fuisse
1106 3174 1393 3241 primitias,
1423 3172 1734 3236 ostendens,
1767 3187 1887 3226 cum
1931 3171 2035 3226 fide

457 3260 619 3314 vitam
642 3262 801 3317 etiam
822 3264 1076 3332 optimam
1096 3264 1421 3326 exhibuisse,
1447 3271 1714 3331 tamquam
1746 3278 1811 3316 ex
1846 3262 2033 3315 fructi-

459 3353 580 3417 hus.
596 3370 655 3409 se
678 3356 824 3409 omni
844 3370 909 3409 ex
933 3365 1081 3424 parte
1102 3356 1289 3424 dignos
1311 3355 1631 3423 praebentes.
1652 3354 1875 3425 Oportet
1894 3356 2033 3409 enim

454 3447 718 3515 primitias
736 3461 855 3501 esse
872 3448 1121 3501 meliores
1139 3448 1367 3510 caneris,
1384 3463 1607 3515 quorum
1624 3458 1747 3504 sunt
1768 3447 2033 3517 primitiae:

453 3538 596 3608 quod
629 3537 713 3593 his
738 3554 951 3608 quoque
988 3555 1085 3609 per
1115 3539 1250 3593 hanc
1288 3539 1575 3594 dictionem
1605 3554 1703 3593 suo
1734 3538 2036 3593 testimonio

456 3630 640 3685 tribuit
671 3630 882 3684 Paulus.
909 3630 1020 3684 Non
1053 3632 1196 3685 enim
1230 3630 1401 3685 solum
1424 3674 1437 3697 ,
1464 3632 1603 3684 sicut
1632 3630 1739 3684 dixi
1767 3672 1780 3691 ,
1812 3645 1936 3685 vere
1981 3642 2035 3686 et

455 3722 664 3775 sincere
693 3722 1057 3788 crediderunt,
1082 3722 1175 3776 sed
1208 3723 1368 3776 etiam
1420 3722 1641 3778 multam
1684 3722 2036 3778 ostenderunt

458 3816 728 3883 pietatem,
750 3827 1095 3884 vegetamque
1117 3816 1386 3878 virtutem,
1403 3824 1457 3869 et
1472 3815 1523 3867 in
1539 3815 1893 3884 eleemosynis
1914 3814 2035 3867 dan-

450 3906 533 3959 dis
556 3905 996 3961 munificentiam.
1021 3906 1135 3960 Non
1183 3906 1353 3959 solum
1373 3915 1550 3959 autem
1572 3905 1723 3973 hinc,
1756 3906 1847 3959 sed
1876 3912 2034 3959 etlam

452 3995 671 4051 aliunde
714 4011 899 4050 eorum
930 3996 1161 4049 ostendit
1184 3996 1430 4065 pietatem
1451 4036 1467 4061 ,
1500 4012 1562 4050 ex
1605 4011 1670 4051 eo
1705 3996 1845 4067 quod
1872 4008 2034 4052 totam

452 4087 668 4141 domum
696 4087 887 4155 pietate
904 4087 1425 4156 impleverint.Quod
1451 4098 1628 4142 autem
1653 4090 1799 4143 bonis
1825 4105 2037 4159 quoque

451 4179 703 4247 operibus
729 4188 780 4233 et
807 4188 951 4233 recte
980 4178 1130 4233 factis
1156 4188 1336 4235 essent
1361 4180 1553 4244 ornati,
1580 4181 1841 4249 significat
1862 4196 1955 4250 per
1973 4197 2035 4238 ea

453 4283 575 4338 qua:
592 4268 843 4337 deinceps
870 4277 1183 4338 sequuntur,
1204 4270 1386 4324 dicens
1411 4286 1425 4323 :
1447 4268 1510 4322 In
1540 4271 1815 4324 ministerio
1833 4282 2036 4327 saneto-

460 4380 575 4416 rum
632 4363 987 4416 ordinaverunt
1054 4364 1264 4431 seipsos.
1323 4364 1611 4418 Audivistis
1665 4363 2038 4433 hospitalitatis

454 4463 647 4523 quanta
676 4454 783 4507 sint
802 4455 1084 4509 encomia?
1104 4454 1217 4508 Non
1236 4458 1377 4509 enim
1402 4455 1555 4521 dixit,
1581 4455 1899 4523 Ministrant,
1920 4457 2033 4523 sed,

463 4546 844 4599 Ordinauerunt
869 4547 1058 4615 seipsos
1076 4559 1095 4593 :
1112 4545 1250 4601 hanc
1276 4547 1437 4599 vitam
1465 4556 1721 4615 perpetuo
1738 4548 2032 4615 elegerunt,

461 4638 513 4691 in
545 4637 643 4693 huc
673 4653 731 4692 se
758 4646 1010 4692 exercent
1031 4638 1396 4692 meditatione.
1427 4639 1513 4691 16.
1547 4636 1614 4692 Ut
1640 4647 1685 4691 et
1732 4654 1820 4691 vos
1849 4640 2037 4692 subditi

454 4728 567 4781 sitis
595 4729 865 4793 ejusmodi.
897 4728 1009 4783 lloc
1052 4738 1154 4793 est,
1190 4738 1246 4782 ut
1271 4730 1405 4783 alter
1434 4730 1584 4783 alteri
1628 4745 1785 4798 opem
1819 4728 2033 4797 feratis,

456 4826 513 4871 et
540 4818 607 4871 ad
638 4818 903 4887 impensas
924 4820 1163 4889 pecunia:
1179 4829 1233 4873 et
1259 4820 1323 4873 ad
1350 4820 1652 4875 obeundum
1682 4821 2034 4876 ministerium

455 4909 721 4976 corporis,
751 4918 807 4962 ut
834 4910 1262 4965 communicetis.
1282 4908 1413 4964 Nam
1444 4911 1548 4965 illis
1577 4911 1728 4964 labor
1757 4912 1859 4965 erit
1882 4912 2034 4979 levis,

464 4997 681 5067 quando
726 4997 1009 5054 habuerint
1055 5001 1265 5066 socios,
1294 5010 1347 5054 et
1390 5001 1457 5055 ad
1506 5004 1685 5072 plures
1730 5006 2037 5059 transiverit

459 5088 799 5145 beneficium.
838 5090 903 5143 Et
929 5108 1032 5146 non
1055 5093 1190 5147 dixit
1216 5094 1479 5163 absolute,
1509 5093 1881 5164 Cooperamini
1904 5136 1917 5159 ,
1942 5095 2035 5150 sed

466 5184 630 5236 etiam
669 5182 723 5235 in
752 5181 818 5248 iis
847 5197 965 5250 quae
986 5182 1242 5251 jusserint
1271 5194 1449 5252 parete
1469 5225 1482 5247 ,
1510 5195 1811 5240 accuratam
1859 5195 2036 5239 osten-

454 5272 589 5327 dens
617 5270 998 5327 obedientiam.
1032 5272 1094 5326 Et
1121 5288 1191 5326 ne
1220 5274 1299 5327 eis
1338 5274 1579 5328 videatur
1602 5274 1909 5343 gratificari,
1944 5276 2036 5329 ad.

458 5363 589 5418 didit
615 5380 630 5418 :
655 5363 724 5417 Et
748 5364 887 5417 omni
907 5364 1199 5433 cooperanti
1225 5372 1271 5416 et
1285 5362 1567 5417 laboranti.
1581 5366 1703 5419 Haec
1724 5356 1825 5425 sit,
1843 5366 2032 5436 inquit,

462 5458 543 5511 lex
597 5456 943 5512 communis:
990 5469 1164 5525 neque
1209 5458 1350 5520 enim
1393 5456 1639 5524 privatim
1684 5472 1745 5511 ac
1794 5471 2033 5513 seorsum

462 5549 584 5602 dico
612 5551 679 5604 de
704 5550 808 5604 illis
827 5592 843 5616 ,
884 5549 979 5604 sed
1007 5549 1050 5603 si
1082 5549 1201 5619 quis
1228 5559 1303 5603 est
1334 5549 1438 5604 illis
1464 5549 1695 5614 similis,
1716 5549 1800 5603 his
1825 5566 2036 5621 quoque

459 5640 684 5695 fruatur.
732 5642 1018 5713 Propterea
1068 5650 1124 5696 et
1164 5655 1260 5696 eos
1308 5640 1567 5710 incipiens
1620 5642 2032 5709 commendare,

458 5732 609 5800 ipsos
645 5747 857 5802 quoque
884 5741 1073 5789 evocat
1119 5743 1309 5799 testes,
1360 5732 1546 5790 dicens
1575 5749 1587 5785 :
1620 5729 1836 5787 Obsecro
1870 5748 2037 5789 autem

1117 322 1176 381 S.
1212 320 1489 380 JOANNIS
1522 315 1995 378 CHRYSOS'I‘OSII
2039 315 2357 375 ARCRIEP.
2394 315 2925 378 CONSTANTINOP.

3627 323 3732 379 376

2153 445 2240 484 vos
2258 473 2273 495 ,
2304 431 2461 485 nostis
2489 433 2693 488 domum
2742 433 3038 505 Stephanc.
3064 434 3224 494 Scitis
3254 479 3269 503 ,
3322 438 3525 512 inquit,
3552 451 3607 509 et
3636 460 3733 500 vos

2149 522 2419 590 quomodo
2447 518 2713 592 laborant,
2747 541 2927 597 neque
2953 542 3089 598 onus
3116 540 3200 587 est
3226 541 3283 587 ut
3304 548 3346 586 -a
3377 533 3533 589 nobis
3552 534 3730 590 disca-

2151 613 2236 667 tis.
2270 614 2354 668 l7.
2383 612 2601 672 Gauisus
2626 632 2742 671 sum
2764 626 2934 673 autem
2988 620 3041 673 in
3072 624 3345 690 presentia
3375 624 3656 694 Stephante
3682 636 3730 681 et

2150 702 2422 758 Fortunati
2464 715 2512 762 et
2556 706 2804 775 Achaici,
2836 711 3077 779 quoniam
3105 712 3161 765 id
3213 716 3351 783 quod
3378 716 3514 780 nobis
3556 715 3731 770 deerat

2148 794 2247 861 ipsi
2275 795 2633 866 suppleverunt
2652 814 2673 853 :
2696 798 2783 855 18.
2812 804 3098 871 refecerunt
3122 804 3257 856 enim
3296 821 3463 859 meum
3488 807 3728 877 spiritum

2148 891 2196 935 et
2219 893 2455 939 uestrum.
2507 887 2769 955 Quoniam
2818 899 2935 945 erat
2980 892 3270 949 verisimile
3329 909 3424 950 eos
3470 893 3729 952 adversus

2149 974 2295 1045 ipsos
2331 992 2453 1034 esse
2496 980 2766 1047 irritatos;
2808 982 2844 1036 ii
2869 983 3017 1039 enim
3058 996 3211 1043 erant
3240 987 3328 1057 qui
3375 999 3633 1045 venerant
3673 999 3731 1045 et

2147 1066 2465 1125 seditionem
2496 1072 2545 1125 ei
2581 1073 3052 1142 signiﬁcaverant;
3082 1089 3179 1145 per
3208 1078 3351 1147 ipsos
3378 1080 3520 1132 enim
3566 1085 3727 1135 etiam

2146 1158 2474 1229 scripserant
2510 1162 2578 1217 de
2608 1164 2905 1234 virginibus
2931 1174 2986 1220 et
3014 1167 3355 1224 matrimonio
3381 1170 3681 1241 conjunctis
3710 1189 3725 1225 :

2144 1248 2267 1305 vide
2300 1252 2570 1320 quomodo
2594 1268 2690 1310 eos
2711 1256 2939 1328 mitigat,
2968 1258 3019 1312 in
3063 1260 3326 1333 principio
3352 1263 3566 1331 quidem
3607 1265 3727 1334 epi-

2143 1341 2296 1397 stolae
2319 1342 2506 1400 dicens
2533 1366 2547 1402 :
2572 1345 2934 1418 Signiﬁcatum
2962 1359 3036 1406 est
3056 1352 3200 1407 enim
3224 1395 3239 1418 ,
3278 1353 3482 1423 inquit,
3512 1357 3636 1414 mihi
3665 1357 3730 1412 de

2142 1431 2366 1487 uobisab
2408 1435 2472 1489 iis
2514 1439 2604 1507 qui
2638 1448 2768 1493 sunt
2810 1437 2995 1497 Chloe:
3029 1440 3105 1517 (ι.
3133 1443 3253 1498 Cor.
3280 1446 3329 1499 l.
3356 1445 3484 1517 il);
3530 1457 3583 1503 et
3627 1446 3730 1504 bos

2142 1528 2325 1583 celans
2352 1540 2407 1585 et
2434 1531 2554 1586 illos
2582 1533 2638 1587 in
2662 1533 2895 1589 medium
2922 1535 3193 1594 adducens
3216 1554 3231 1601 ;
3263 1548 3380 1594 erat
3407 1541 3549 1601 enim
3579 1540 3728 1595 veri-

2143 1618 2320 1675 simile
2348 1621 2474 1677 illos
2506 1637 2601 1692 per
2627 1623 2725 1680 hos
2748 1626 3058 1682 declarasse
3083 1645 3096 1682 :
3124 1627 3211 1684 hic
3238 1639 3418 1685 autem
3437 1674 3452 1696 ,
3494 1629 3564 1685 Id
3588 1632 3731 1701 quod

2141 1712 2278 1765 vobis
2325 1713 2532 1779 deerat,
2590 1716 2691 1787 ipsi
2732 1718 3129 1789 suppleverunt,
3158 1731 3207 1775 et
3247 1726 3525 1795 refecerunt
3560 1740 3727 1777 areum

2140 1804 2379 1869 spiritum
2403 1815 2450 1860 et
2481 1820 2733 1872 uestrum;
2760 1810 3055 1865 ostendens
3075 1826 3169 1866 eos
3196 1812 3407 1869 venisse
3436 1829 3532 1882 pro
3553 1814 3729 1870 omni-

2142 1892 2263 1960 bus,
2277 1902 2332 1949 et
2347 1909 2440 1949 sua
2459 1906 2651 1965 sponte
2672 1906 2871 1955 tantam
2890 1901 3191 1969 suscepisse
3215 1904 3723 1973 peregrinationem.

2143 1981 2423 2050 Quomodo
2448 2000 2577 2055 ergo
2605 1989 2746 2057 quod
2767 1998 2850 2043 est
2887 1991 3157 2059 proprium
3190 1992 3282 2047 ﬁet
3316 1994 3635 2051 commune?
3664 1994 3726 2051 Si

2145 2073 2281 2143 quod
2308 2076 2461 2132 vobis
2491 2076 2663 2131 defuit
2692 2082 2952 2149 reparetis
2982 2097 3077 2151 per
3106 2092 3338 2139 vestram
3366 2085 3418 2140 in
3443 2101 3534 2140 eos
3561 2086 3728 2144 bene-

2141 2163 2450 2230 volentiam,
2484 2165 2529 2220 si
2551 2182 2645 2221 eos
2675 2166 2977 2237 honoretis,
3011 2172 3056 2225 si
3102 2173 3404 2243 excipiatis,
3430 2175 3475 2229 si
3516 2174 3723 2230 benefi-

2138 2254 2330 2308 centia:
2358 2259 2768 2314 communicetis
2792 2276 2809 2315 :
2839 2260 3067 2331 ideoque
3092 2264 3251 2330 dicit,
3278 2264 3575 2336 Cognoscite
3598 2285 3727 2341 ergo

2136 2346 2225 2414 qui
2263 2348 2513 2415 ejusmodi
2542 2359 2677 2401 sunt.
2714 2349 2781 2405 Et
2811 2351 3032 2413 laudans
3056 2370 3152 2409 eos
3189 2356 3276 2425 qui
3307 2369 3669 2413 convenerant
3692 2399 3711 2425 ,

2135 2448 2233 2488 eos
2259 2450 2469 2505 quoque
2498 2452 2619 2493 cum
2648 2438 2805 2495 laude
2830 2442 3105 2513 coniungit
3132 2445 3219 2514 qui
3266 2446 3414 2500 missi
3454 2454 3639 2513 erant,
3666 2456 3725 2503 et

2138 2524 2228 2592 qui
2257 2524 2552 2594 miserant,
2577 2528 2763 2584 dicens
2805 2548 2819 2584 :
2850 2528 3152 2601 Refecerunt
3196 2551 3360 2588 meum
3403 2537 3636 2604 spiritum
3674 2547 3725 2593 et

2137 2624 2377 2669 vestrum.
2408 2616 2703 2688 Cognoscite
2739 2636 2860 2691 ergo
2901 2623 2989 2691 qui
3011 2632 3129 2677 sunt
3157 2625 3437 2693 ejusmodi,
3468 2626 3721 2697 quoniam

2137 2716 2356 2774 propter
2412 2723 2531 2763 vos.
2568 2711 2791 2779 patriam
2836 2720 2891 2767 et
2939 2712 3157 2768 domum
3216 2715 3566 2786 reliquerunt.
3615 2716 3715 2774 Vi-

2136 2795 2316 2852 distin’
2340 2800 2678 2869 prudentiam
2702 2802 2729 2855 t
2756 2819 2863 2857 non
2893 2805 3067 2863 solum
3100 2806 3285 2873 Paulo,
3315 2808 3409 2864 sed
3437 2810 3541 2865 illis
3559 2811 3727 2866 etiam

2137 2902 2233 2943 eos
2260 2890 2496 2943 ostendit
2519 2905 2641 2946 esse
2679 2893 3005 2961 gratifieatos
3028 2936 3042 2959 ,
3085 2896 3227 2966 quod
3260 2906 3422 2952 totam
3451 2900 3723 2957 civitatem

2140 2979 2193 3033 in
2236 2994 2296 3034 se
2338 2979 2720 3035 circumferant
2754 3002 2767 3037 :
2800 2985 2942 3055 quod
2980 3001 3074 3041 eos
3122 2988 3281 3042 etiam
3312 2989 3570 3047 reddebat
3614 2991 3724 3050 fide

2136 3072 2362 3140 dignos,
2391 3083 2445 3127 et
2483 3089 2589 3130 non
2637 3076 2846 3133 sinebat
2899 3092 2993 3133 eos
3023 3079 3091 3134 ab
3124 3080 3229 3133 illis
3267 3081 3544 3147 abscindi,
3576 3092 3720 3138 tam-

2136 3178 2292 3232 quam
2323 3164 2415 3230 qui
2458 3180 2553 3233 per
2591 3166 2733 3235 ipsos
2774 3168 2841 3222 ad
2890 3169 3108 3224 Paulum
3155 3182 3337 3226 essent
3366 3173 3598 3229 adducti.
3630 3176 3722 3231 19.

2138 3253 2381 3308 Salutant
2402 3268 2487 3308 vos
2528 3272 2701 3310 omnes
2748 3258 2993 3313 Ecclesia
3020 3260 3175 3315 Asia.
3203 3261 3429 3332 Semper
3473 3268 3614 3336 cogit
3665 3279 3724 3323 et

2136 3348 2467 3417 conglutinat
2512 3350 2751 3403 membra
2802 3366 2896 3420 per
2924 3353 3327 3409 salutationem.
3355 3338 3596 3410 Salutant
3634 3376 3725 3414 vos

2136 3442 2189 3495 in
2242 3440 2464 3496 Domino
2517 3443 2734 3496 multum
2778 3444 2965 3513 Aquila
3015 3456 3061 3500 et
3117 3446 3380 3501 Priscilla.
3421 3448 3576 3517 Apud
3625 3465 3723 3506 eos

2137 3533 2277 3586 enim
2311 3533 2579 3594 manebat.
2605 3549 2723 3588 cum
2752 3546 2895 3589 esset
2922 3545 3202 3592 contextor
3232 3538 3719 3597 tabernaculorum.

2138 3622 2261 3678 Cum
2306 3624 2579 3679 domestica
2634 3642 2726 3679 sua
2769 3626 2999 3682 ecclesia.
3032 3629 3145 3683 lloc
3172 3645 3385 3700 quoque
3413 3647 3520 3686 non
3552 3647 3717 3701 parva

2139 3724 2221 3769 est
2263 3716 2469 3783 virtus,
2518 3716 2659 3785 quod
2708 3716 2925 3772 domum
2984 3719 3240 3774 fecissent
3285 3722 3589 3776 ecclesiam.
3622 3723 3717 3780 ΞΟ.

2141 3807 2380 3862 Salutant
2408 3825 2493 3862 vos
2518 3824 2686 3861 omnes
2709 3812 2912 3880 fratres.
2944 3811 3177 3866 Salutate
3213 3810 3422 3867 invicem
3452 3815 3505 3867 in
3544 3818 3722 3871 osculo

2137 3909 2331 3953 sancto.
2356 3900 2466 3953 Hoc
2497 3901 2662 3959 sancti
2695 3902 2861 3955 osculi
2888 3900 2974 3955 hic
3003 3903 3176 3957 solum
3204 3905 3354 3973 ponit
3383 3904 3723 3962 additamen-

2140 3990 2701 4059 tum.Quamobrem?
2752 3993 2919 4048 Valde
2962 3994 3101 4048 inter
3144 4010 3203 4048 se
3240 3994 3600 4062 dissidebant,
3653 4014 3723 4053 eo

2139 4084 2283 4153 quod
2333 4083 2575 4137 dicerent
2606 4100 2619 4136 ε
2652 4082 2763 4153 Ego
2808 4084 3006 4151 quidem
3046 4101 3157 4137 sum
3191 4084 3386 4152 Pauli,
3417 4104 3506 4157 ego
3548 4099 3724 4143 autem

2139 4173 2345 4243 Apollo,
2362 4188 2451 4243 ego
2476 4184 2643 4227 autem
2659 4174 2862 4243 Cephaa,
2878 4192 2967 4245 ego
2984 4192 3098 4228 vero
3113 4175 3299 4229 Christi
3312 4177 3329 4245 (
3339 4178 3358 4230 l
3378 4214 3394 4229 .
3407 4176 3521 4230 Cor.
3533 4179 3555 4232 l
3568 4180 3681 4249 ,12)
3701 4198 3717 4234 :

2139 4281 2204 4320 eo
2216 4264 2359 4337 quod
2377 4264 2509 4318 alius
2525 4266 2736 4335 quidem
2764 4269 3011 4334 esuriret,
3039 4267 3175 4322 alius
3192 4284 3322 4323 vero
3341 4278 3485 4329 esset
3501 4270 3681 4325 ebrius
3702 4291 3721 4327 :

2138 4374 2205 4414 eo
2231 4356 2371 4428 quod
2402 4357 2659 4413 haberent
2700 4373 2901 4429 pugnas
2930 4370 2983 4414 et
3028 4360 3399 4415 aemulationes
3428 4371 3483 4417 et
3510 4363 3627 4418 lites
3657 4378 3721 4417 ac

2136 4452 2372 4523 judicia,
2418 4461 2471 4505 et
2517 4467 2581 4506 ex
2631 4452 2785 4505 donis
2836 4467 3027 4522 magna
3070 4461 3182 4507 erat
3232 4453 3469 4519 invidia,
3526 4470 3719 4526 magna

2138 4544 2385 4615 superbia
2412 4553 2464 4597 et
2492 4545 2812 4614 arrogantia.
2839 4545 3129 4614 Postquam
3168 4561 3296 4616 ergo
3322 4561 3416 4602 eos
3444 4546 3722 4616 conjunxit

2142 4650 2235 4705 per
2259 4633 2710 4699 exhortationem,
2738 4636 2929 4689 merito
2953 4636 3114 4690 etiam
3150 4636 3305 4705 jubet
3329 4637 3582 4706 conjungi
3616 4652 3713 4706 per

2139 4728 2383 4785 osculum
2421 4738 2684 4782 sanctum.
2719 4726 2830 4783 Hoc
2857 4728 2999 4783 enim
3028 4728 3178 4794 imit,
3224 4738 3279 4783 et
3307 4744 3471 4783 unum
3516 4743 3717 4798 corpus

2141 4818 2264 4872 facit
2292 4836 2304 4870 :
2332 4815 2432 4871 hoc
2471 4827 2553 4873 est
2582 4826 2824 4872 sanctum
2849 4858 2865 4883 ,
2893 4817 3036 4887 quod
3076 4832 3181 4872 non
3212 4826 3292 4873 est
3338 4835 3457 4873 cum
3499 4818 3624 4873 dolo
3663 4828 3723 4873 et

2140 4905 2495 4961 simulatione.
2522 4908 2611 4961 21.
2649 4906 2904 4962 Salutats'o
2927 4924 3039 4961 mea
3084 4925 3238 4962 manu
3268 4907 3446 4963 Pauli.
3472 4908 3722 4963 Ostendit

2143 5013 2336 5069 magno
2363 5000 2538 5054 studio
2582 5001 2932 5069 compositam
2966 5000 3131 5055 fuisse
3161 5001 3442 5069 epistolam
3469 5017 3483 5053 :
3510 5008 3564 5052 et
3594 4998 3722 5051 ideo

2142 5092 2243 5145 hoc
2271 5090 2461 5158 adjecit
2500 5090 2627 5146 :22.
2652 5092 2711 5146 Si
2734 5094 2847 5161 quis
2886 5108 2986 5145 non
3008 5101 3144 5145 amat
3177 5091 3451 5146 Dominum
3493 5099 3722 5145 nostrum

2139 5180 2172 5235 J
2178 5196 2315 5234 esum
2342 5180 2614 5245 Christum,
2632 5183 2697 5235 sit
2716 5182 3007 5236 anathema.

2212 5274 2266 5327 5.
2300 5272 2486 5329 Fastus
2520 5285 2640 5341 quot
2684 5276 2933 5329 malorum
2975 5290 3151 5327 causa.
3174 5301 3245 5313 —
3267 5271 3367 5327 Per
3407 5287 3572 5327 unum
3613 5271 3721 5328 hoc

2141 5367 2358 5421 verbum
2408 5382 2598 5421 omnes
2644 5368 2865 5429 terruit,
2916 5368 3005 5435 qui
3048 5366 3284 5420 membra
3311 5381 3407 5421 sua
3451 5366 3722 5422 faciebant

2141 5458 2383 5512 membra
2405 5459 2743 5521 meretricis;
2774 5473 2867 5512 eos
2896 5458 2988 5527 qui
3032 5457 3223 5513 fratres
3252 5458 3593 5514 offendebant
3620 5472 3720 5526 per

2142 5550 2410 5605 immolata
2434 5550 2614 5613 idolis,
2639 5564 2734 5604 eos
2754 5550 2844 5619 qui
2866 5549 3276 5605 nominabantur
3296 5566 3367 5604 ea
3391 5546 3720 5613 hominibus,

2141 5654 2235 5695 eos
2288 5641 2378 5709 qui
2428 5654 2533 5695 non
2584 5638 2873 5695 credebant
2927 5640 3332 5695 resurrectioni.
3382 5636 3500 5693 Non
3542 5636 3720 5695 soloin

2149 5743 2326 5787 autem
2359 5732 2586 5798 terruit,
2618 5731 2711 5786 sed
2743 5734 2901 5787 etiam
2930 5732 3164 5788 ostendit
3206 5731 3343 5785 viam
3372 5728 3583 5783 virtutis
3603 5770 3619 5794 ,
3659 5734 3720 5781 et
