4028 6222
284 391 387 445 87⁸1

283 513 480 567 fontem
512 505 644 560 vitii.
663 504 809 560 Sicut
835 500 975 556 enim
1000 495 1428 569 quavehemens
1457 492 1613 547 fuerit
1632 490 1845 551 caritas,

282 598 569 666 exstinguit
597 603 651 648 et
680 593 893 664 expellit
924 603 1111 645 omnes
1140 595 1477 658 peccatorum
1505 580 1711 648 species
1735 597 1750 636 :
1776 579 1845 632 ita

280 690 441 743 etiam
468 684 679 755 quando
710 684 867 737 fuerit
892 679 1236 742 imbecillior,
1266 675 1388 729 facit
1432 687 1493 727 ea
1522 671 1842 741 germinare.

284 777 611 831 Haranetha.
644 774 879 841 Quanam
930 771 997 826 de
1045 781 1202 824 causa
1247 766 1349 819 hoc
1386 763 1586 817 dictum
1628 759 1749 815 est?
1793 768 1849 814 et

275 884 374 922 Cur
424 882 554 921 voce
610 864 925 920 Hebraica?
976 859 1234 929 Quoniam
1284 855 1523 910 omnium
1582 852 1844 906 malorum

278 975 438 1014 causa
468 968 583 1013 erat
616 958 781 1012 fastus
812 956 974 1027 (hunc
998 960 1173 1005 autem
1217 948 1408 1003 fastum
1460 944 1722 1000 efﬁciebat
1748 958 1843 996 ex-

277 1061 427 1104 terna
457 1049 712 1119 sapientia
758 1065 770 1100 :
803 1056 855 1099 et
886 1046 983 1098 hoc
1029 1042 1128 1096 fuit
1172 1047 1331 1108 caput
1360 1039 1658 1099 malorum,
1704 1033 1843 1103 quod

276 1142 505 1193 maxime
522 1139 736 1193 divulsit
758 1151 818 1189 ac
843 1134 1021 1189 divisit
1041 1128 1410 1199 Corinthum):
1444 1143 1626 1183 eorum
1650 1126 1842 1179 fastum

272 1231 629 1301 comprimens
650 1270 663 1291 ,
696 1244 761 1281 ne
792 1227 975 1281 Grieca
1000 1223 1235 1293 quidem,
1268 1223 1359 1276 sed
1409 1220 1631 1275 Hehrtea
1663 1221 1840 1287 lingua

274 1339 402 1377 usus
430 1333 530 1386 est,
558 1320 845 1375 ostendens
877 1333 933 1371 se
962 1332 1067 1370 non
1098 1316 1255 1369 modo
1284 1330 1389 1369 non
1422 1314 1620 1383 pudere
1642 1313 1845 1381 simpli-

271 1414 449 1467 citatis
478 1420 531 1466 et
577 1410 852 1477 imperitia:
879 1450 893 1473 ,
924 1407 1016 1461 sed
1046 1421 1161 1461 eam
1188 1406 1348 1461 etiam
1377 1403 1842 1459 vehementissime

270 1513 326 1557 et
352 1501 720 1556 ardentissime
738 1499 1036 1568 complecti.
1059 1496 1192 1563 Quid
1211 1508 1293 1551 est
1312 1506 1484 1549 autem
1510 1492 1842 1547 Maranatlia?

270 1592 518 1644 Dominus
563 1599 728 1643 noster
776 1592 927 1644 venit.
959 1589 1196 1655 Quanam
1242 1601 1370 1654 ergo
1414 1583 1482 1637 de
1525 1596 1687 1636 causa
1741 1580 1841 1634 hoc

270 1684 443 1751 ipsum
465 1682 634 1735 dicit?
667 1681 1089 1750 Dispensationis
1121 1676 1327 1731 Domini
1366 1688 1666 1728 sermonem
1712 1686 1837 1725 con-

272 1777 508 1837 ﬁrmans,
540 1788 606 1826 eo
636 1773 775 1842 quod
801 1788 864 1826 ex
899 1773 961 1825 iis
988 1771 1214 1823 maxime
1237 1767 1597 1834 composuerit
1636 1766 1837 1819 semina

269 1864 706 1928 resurrectionis;
736 1878 832 1916 nec
853 1862 951 1914 hoc
974 1860 1166 1923 solum,
1188 1857 1282 1912 sed
1307 1857 1431 1911 illos
1456 1858 1614 1911 etiam
1640 1856 1839 1925 pudore

266 1956 506 2009 afﬁciens
552 1956 749 2024 :quasl
804 1954 1010 2006 diceret
1058 1952 1413 2005 :Commimis
1460 1950 1695 2003 omnium
1738 1950 1841 2003 Do-

267 2049 444 2101 minus
477 2057 678 2099 tantum
730 2045 973 2113 dignatas
1016 2054 1095 2097 est
1122 2042 1445 2097 descendere
1476 2060 1488 2094 :
1520 2057 1613 2095 vos
1660 2053 1835 2093 autem

265 2140 318 2192 in
352 2139 538 2191 iisdem
569 2140 726 2202 eStis,
773 2148 825 2190 et
850 2152 1074 2206 peccare
1104 2135 1500 2205 perseveratis?
1552 2150 1655 2187 non
1684 2150 1831 2187 sum-

264 2244 405 2281 mam
455 2230 728 2283 caritatem
781 2229 1157 2295 ohstupescitis
1204 2238 1256 2281 et
1300 2226 1664 2287 admiramini,
1693 2224 1831 2293 quod

261 2329 346 2373 est
392 2331 549 2387 caput
590 2320 887 2373 bonorum?
919 2320 1028 2372 Hoc
1074 2318 1243 2372 solum
1272 2359 1285 2381 ,
1317 2315 1513 2385 inquit,
1543 2317 1747 2385 cogita,
1781 2325 1834 2369 et

260 2412 353 2465 tibi
381 2412 607 2466 sufﬁciet
637 2412 701 2464 ad
744 2413 1034 2480 profectum
1068 2412 1119 2464 in
1159 2411 1303 2465 omni
1333 2411 1525 2463 virtute
1546 2450 1559 2473 ,
1592 2418 1645 2463 et
1675 2425 1832 2462 omne

258 2511 536 2572 peceatum
592 2505 791 2572 poteris
844 2505 1202 2573 exstinguere.
1257 2504 1351 2561 25,
1397 2502 1572 2555 Gratia
1629 2500 1833 2553 Domini

258 2597 417 2647 nostri
439 2593 563 2647 Jesu
591 2594 777 2646 Christi
822 2595 1091 2646 vobiscum.
1126 2594 1233 2646 Hoc
1276 2602 1359 2646 est
1402 2593 1636 2646 doctoris
1661 2633 1673 2653 ,
1725 2609 1827 2645 non

254 2686 427 2738 solum
460 2683 696 2736 consiliis
728 2698 880 2751 opem
912 2683 1053 2736 ferre
1074 2725 1086 2745 ,
1117 2683 1208 2737 sed
1254 2683 1412 2735 etiam
1448 2685 1585 2735 votis
1614 2698 1675 2735 ac
1708 2700 1827 2749 pre-

253 2776 427 2829 cibus.
460 2774 550 2828 24.
581 2774 776 2827 Caritas
816 2791 922 2827 mea
970 2792 1079 2827 cum
1108 2775 1335 2827 omnibus
1363 2775 1495 2827 vobis
1540 2775 1591 2826 in
1631 2773 1828 2827 Christo

251 2866 398 2919 Jesu.
432 2868 609 2919 Amen.
640 2868 767 2921 Nam
811 2884 878 2922 ne
931 2870 1337 2930 existimarent,
1371 2867 1509 2936 quod
1538 2868 1615 2921 eis
1643 2883 1828 2921 assen-

254 2970 376 3010 tans
424 2959 475 3012 in
520 2960 619 3012 hoc
668 2959 921 3022 desierit,
968 2960 1134 3012 dicit:
1168 2958 1231 3011 In
1273 2958 1470 3011 Christo
1520 2958 1827 3011 Jcsu.Nihii

252 3052 396 3103 enim
418 3051 575 3105 habet
594 3052 878 3105 humanum
910 3066 1079 3117 neque
1105 3049 1334 3111 carnale,
1357 3048 1448 3101 sed
1476 3058 1555 3101 est
1586 3048 1825 3115 quasdam

251 3142 470 3196 dilectio
496 3143 805 3211 Spiritualis.
835 3141 1189 3205 Quamobrem
1217 3154 1277 3193 ea
1299 3148 1381 3193 est
1404 3138 1557 3191 valde
1574 3154 1826 3206 germana

248 3240 307 3285 et
338 3234 542 3286 sincera
571 3248 584 3295 ;
638 3247 759 3283 nam
800 3230 955 3284 valde
986 3230 1214 3283 amantis
1259 3239 1374 3285 erat
1422 3230 1663 3283 verbum.
1693 3229 1824 3295 Quia

247 3324 397 3376 enim
438 3324 554 3376 loco
582 3323 841 3387 diStabat,
875 3332 1141 3390 tamquam
1187 3321 1411 3389 alicujus
1454 3322 1689 3374 dexterae
1736 3336 1827 3374 ex-

251 3414 517 3477 tensione,
548 3416 785 3467 caritatis
810 3414 1051 3467 manibus
1076 3427 1169 3466 eos
1194 3412 1577 3481 complectitur,
1602 3412 1783 3466 dicens
1806 3428 1821 3464 :

249 3503 452 3557 Caritas
507 3522 615 3557 mea
669 3506 921 3558 vobiscum
969 3521 986 3555 :
1039 3503 1188 3571 quasi
1234 3502 1479 3555 diceret:
1524 3500 1651 3554 Sum
1704 3518 1823 3555 cum

251 3594 404 3649 vobis
430 3596 698 3649 omnibus.
738 3595 838 3648 Per
864 3609 980 3662 qute
1012 3592 1265 3657 ostendit,
1302 3608 1404 3647 non
1437 3607 1557 3646 esse
1585 3591 1826 3661 indigna-

250 3688 415 3740 tionis
435 3696 491 3741 et
517 3688 609 3739 irae
639 3701 757 3751 qua:
783 3686 980 3752 scripta
1004 3692 1142 3747 sunt,
1176 3682 1272 3738 sed
1298 3700 1441 3737 cura:
1462 3699 1619 3753 quam
1639 3699 1823 3738 eorum

248 3779 411 3847 gerit,
440 3792 560 3830 cum
586 3786 702 3845 post
726 3785 926 3829 tantam
976 3774 1371 3829 accusationem
1401 3790 1494 3830 eos
1535 3790 1641 3827 non
1667 3790 1823 3829 aver-

247 3878 419 3933 setur,
456 3870 548 3922 sed
575 3877 716 3921 amet
748 3876 799 3921 et
827 3867 1244 3935 complectatur,
1278 3881 1395 3918 cum
1425 3874 1601 3920 essent
1640 3868 1823 3932 procul

248 3962 466 4026 remoti,
501 3976 592 4028 per
618 3959 870 4028 epistolas
902 3968 957 4012 et
982 3958 1077 4011 has
1103 3958 1287 4011 literas
1316 3958 1395 4011 eis
1421 3958 1569 4027 quasi
1592 3957 1818 4010 circurn-

251 4053 425 4108 fusus.
456 4053 545 4107 Sic
587 4061 795 4120 oportet
833 4051 1006 4104 facere
1036 4066 1155 4103 eum
1186 4049 1273 4117 qui
1306 4050 1542 4119 corrigit.
1568 4049 1693 4101 Nam
1734 4052 1821 4118 qui

250 4146 333 4198 ira
360 4145 603 4197 incitatus
634 4142 805 4196 solum
840 4144 983 4207 facit,
1032 4142 1215 4209 implet
1244 4156 1393 4193 suam
1427 4141 1591 4193 animi
1616 4151 1824 4208 pertur-

248 4235 518 4289 bationem
547 4252 558 4288 :
586 4234 672 4303 qui
702 4243 879 4287 autem
906 4241 1183 4300 postquam
1216 4233 1452 4285 correxit
1482 4240 1820 4300 peccantem,

247 4330 527 4383 caritatem
570 4340 778 4395 quoque
800 4325 1049 4387 exhibet,
1077 4323 1309 4377 ostendit
1349 4322 1435 4375 illa
1468 4337 1677 4391 quoque
1708 4338 1827 4377 esse

250 4418 661 4481 benevolentiaz,
690 4432 808 4485 qua:
831 4416 1041 4470 dicebat
1066 4416 1363 4481 increpans.
1396 4414 1481 4468 Sic
1503 4429 1598 4467 nos
1616 4428 1825 4482 quoque

249 4511 393 4563 alter
439 4510 663 4562 alterum
710 4508 1015 4560 erudiamus
1045 4514 1097 4559 et
1137 4504 1454 4572 Castigemus
1501 4522 1513 4556 :
1558 4512 1613 4557 et
1654 4520 1823 4572 neque

248 4602 345 4669 qui
375 4600 585 4670 arguit,
620 4599 913 4661 irascatur;
950 4613 1054 4651 non
1086 4603 1166 4648 est
1213 4595 1353 4648 enim
1388 4597 1487 4647 hoc
1531 4598 1824 4649 correctio-

250 4692 373 4754 nis,
402 4690 493 4745 sed
519 4690 679 4742 animi
714 4687 1126 4758 perturbationis
1154 4701 1169 4751 ;
1220 4701 1391 4754 neque
1436 4686 1521 4755 qui
1552 4687 1820 4754 arguitur,

248 4798 395 4850 argre
423 4781 555 4835 ferat
582 4798 594 4832 :
625 4780 764 4850 quod
791 4780 847 4835 ﬁt
872 4782 1033 4843 enim,
1060 4786 1141 4833 est
1167 4777 1423 4830 medicina
1444 4818 1456 4839 ,
1501 4793 1605 4830 non
1646 4777 1823 4831 odium

248 4882 311 4926 et
337 4874 644 4927 inimicitize.
678 4870 733 4926 Si
762 4881 939 4925 autem
970 4870 1158 4924 medici
1188 4878 1367 4933 urunt,
1400 4879 1453 4924 et
1496 4885 1598 4922 non
1642 4884 1826 4937 reprc-

251 4961 602 5024 henduntur,
655 4962 864 5015 etiamsi
894 4977 1035 5030 saepe
1086 4961 1335 5014 aberrent
1382 4975 1411 5012 a
1460 4961 1601 5025 ﬁne;
1636 4962 1727 5013 sed
1774 4970 1829 5014 et

245 5055 344 5120 qui
392 5054 602 5116 dolent,
632 5052 757 5105 dum
789 5062 1017 5106 uruntur
1061 5062 1111 5107 et
1156 5060 1435 5114 secantur,
1474 5050 1735 5105 beneﬁcio
1767 5066 1826 5105 se

249 5139 395 5194 afﬁci
425 5145 730 5196 existimant
770 5142 837 5197 ab
868 5142 931 5196 iis
962 5143 1050 5212 qui
1093 5141 1235 5193 hunc
1264 5138 1503 5193 dolorem
1549 5143 1781 5195 excitant
1810 5158 1822 5193 :

250 5229 424 5285 multo
453 5235 621 5302 magis
646 5247 800 5298 eum,
832 5234 921 5301 qui
952 5234 1174 5302 suscipit
1215 5231 1686 5300 reprehensionem
1708 5274 1721 5298 ,
1757 5235 1824 5286 ita

250 5320 399 5375 afﬁci
422 5334 655 5390 oportet,
684 5333 738 5377 ut
757 5339 875 5377 eum
904 5326 991 5390 qui
1019 5324 1230 5394 corrigit
1262 5339 1355 5393 pro
1380 5322 1587 5377 medico
1613 5324 1825 5389 habeat,

255 5429 363 5467 non
393 5426 488 5479 pro
520 5414 757 5470 inimico.
792 5414 959 5468 Porro
989 5431 1085 5469 nos
1112 5430 1322 5485 quoque
1352 5415 1438 5483 qui
1470 5414 1824 5484 increpnmus,

249 5502 572 5557 accedamus
609 5518 730 5556 cum
761 5504 923 5558 multa
965 5506 1373 5560 mansuetudine
1412 5515 1465 5559 et
1513 5520 1632 5558 cum
1665 5509 1827 5560 multa

256 5594 533 5661 prudentia
561 5608 575 5655 ;
609 5602 663 5645 et
692 5594 735 5645 si
769 5596 965 5649 videris
992 5595 1207 5650 fratrem
1241 5607 1384 5649 tuum
1411 5595 1822 5664 delinquentem,

251 5684 395 5737 sicut
419 5681 663 5738 Christus
685 5681 878 5749 jussit,
910 5686 1014 5739 noli
1062 5687 1114 5738 in
1165 5686 1430 5754 publicum
1476 5686 1712 5755 proferre
1738 5704 1826 5743 re-

260 5772 697 5843 prehensionem,
725 5773 817 5829 sed
844 5789 963 5832 eum
988 5778 1318 5848 rcprehende
1340 5780 1475 5834 inter
1501 5789 1549 5836 te
1578 5788 1630 5835 ct
1655 5781 1826 5849 ipsum

1302 374 1367 433 ΙΝ
1409 373 1619 431 EPIST.
1663 374 1683 427 ι
1746 372 1835 425 Μ)
1874 370 2026 426 COR.
2069 371 2298 428 HOMII'...
2342 371 2524 428 XLIV.

3422 378 3532 432 573

1958 486 2129 539 solum
2161 504 2174 541 :
2210 503 2314 570 noti
2341 486 2671 556 exprobrans
2714 502 2812 542 nec
2850 488 3050 557 iacenti
3101 490 3387 556 insultans,
3429 494 3531 546 sed

1954 578 2155 632 docens
2204 590 2258 633 et
2285 594 2426 647 aegre
2454 578 2630 633 ferens
2664 600 2679 635 :
2710 588 2762 635 et
2793 590 2841 635 te
2873 582 3044 649 ipsum
3088 598 3303 653 quoque
3331 584 3524 639 exhibe

1954 680 2197 738 paratum
2230 679 2285 725 ut
2314 670 2741 739 reprehendaris,
2774 672 2819 725 si
2853 672 2977 741 quid
3008 688 3216 741 pecces.
3247 673 3313 728 Ut
3341 684 3522 731 autem

1950 762 2091 829 quod
2117 762 2236 816 dico
2278 762 2369 818 ﬁat
2412 764 2645 830 apertius
2665 802 2679 827 ,
2730 777 2822 833 per
2848 762 3184 833 hypothesim
3215 764 3358 833 quod
3383 764 3519 821 dici-

1949 867 2066 905 mus
2120 868 2470 908 exerceamus
2513 871 2525 906 :
2572 854 2709 908 absit
2751 855 2895 909 enim
2943 863 3003 908 ut
3049 854 3101 908 in
3147 856 3369 910 veritate
3414 857 3526 912 hoe

1949 941 2103 995 nobis
2162 943 2465 1011 exemplum
2519 943 2906 1012 suppeditetur.
2966 944 3047 998 Sit
3113 945 3273 1000 frater
3326 947 3517 1015 aliquis

1950 1034 2194 1087 habitans
2221 1050 2340 1087 cum
2373 1035 2597 1103 virgine,
2630 1034 2886 1089 honestus
2912 1037 3125 1105 quidem
3155 1049 3209 1091 et
3257 1037 3514 1107 pudicus;

1947 1124 2040 1177 sed
2068 1140 2133 1177 ue
2177 1125 2254 1179 sic
2305 1123 2516 1193 quidem
2568 1126 2758 1178 malam
2788 1124 3004 1194 effugiat
3043 1129 3517 1184 existimationem.

1947 1214 2000 1269 Si
2030 1230 2157 1285 ergo
2185 1215 2415 1271 audieris
2444 1216 2577 1269 hanc
2605 1216 2656 1269 in
2691 1232 2784 1271 ore
2811 1218 2949 1286 vulgi
2970 1232 3089 1273 esse
3116 1218 3524 1283 habitationem,.

1947 1324 2013 1361 ne
2058 1307 2401 1377 despexeris,
2450 1324 2622 1378 neque
2670 1310 2867 1363 dixeris
2897 1329 2910 1365 :
2940 1310 3127 1364 Annon
3175 1313 3287 1380 ipse
3332 1316 3515 1382 sapit?

1944 1413 2118 1453 annon
2172 1400 2319 1453 novit
2362 1400 2486 1469 quid
2514 1398 2803 1469 expediat?
2838 1400 2954 1455 sine
2992 1415 3149 1454 causa
3188 1404 3415 1469 ameris,
3448 1422 3513 1459 ne

1944 1490 2017 1543 sis
2044 1489 2167 1543 odio
2197 1493 2314 1544 sine
2342 1506 2500 1545 causa
2533 1509 2546 1542 :
2574 1491 2699 1560 quid
2727 1491 2869 1546 enim
2894 1492 3024 1547 mihi
3046 1506 3185 1547 cnrce
3216 1504 3296 1546 est
3322 1510 3509 1562 super-

1942 1594 2201 1634 vacaneas
2259 1581 2531 1647 suscipere
2581 1582 2939 1636 inimicitias?
2988 1582 3111 1636 Haec
3177 1592 3299 1637 sunt
3354 1585 3525 1639 τρώει

1941 1670 2104 1724 delira
2138 1671 2430 1725 bestiarum
2458 1712 2474 1735 ,
2506 1674 2586 1726 vel
2636 1676 2809 1741 potius
2840 1676 3164 1732 daemonum.
3191 1676 3305 1731 Non
3338 1688 3511 1745 potest

1943 1765 2082 1817 enim
2134 1762 2270 1830 ﬁeri,
2302 1773 2359 1817 ut
2392 1772 2590 1818 temere
2614 1775 2669 1819 et
2720 1767 2837 1819 sine
2882 1783 3041 1820 causa
3091 1768 3215 1823 odio
3254 1770 3511 1825 habeatur

1941 1855 2028 1923 qui
2056 1853 2157 1907 hoc
2183 1854 2307 1908 facit
2348 1856 2417 1908 ob
2444 1854 2831 1909 correctionem
2854 1896 2866 1918 ,
2898 1857 2991 1910 sed
3026 1867 3081 1911 ut
3123 1875 3309 1928 magna
3339 1861 3506 1926 bona,

1941 1960 2164 1997 coronas
2216 1944 2507 1999 ineffabiles
2580 1956 2951 2015 cnnsequatur.
2982 1946 3036 2001 Si
3086 1960 3263 2002 autem
3313 1950 3505 2007 dicas:

1940 2040 2075 2105 Quid
2108 2057 2255 2107 vero,
2288 2059 2390 2095 non
2419 2043 2530 2112 ipse
2558 2043 2735 2111 sapit?
2766 2044 2947 2099 audies
3000 2063 3025 2097 a
3058 2046 3209 2099 nobis
3254 2064 3373 2103 eum
3403 2066 3506 2104 non

1939 2149 2164 2201 sapere;
2200 2144 2281 2189 est
2303 2135 2443 2188 enim
2473 2135 2663 2189 aﬁ‘ectu
2692 2137 2894 2191 ebrius.
2927 2138 2981 2193 Si
3013 2141 3156 2193 enim
3186 2139 3235 2194 in
3270 2145 3506 2197 externis

1934 2223 2147 2289 iudiciis
2179 2226 2247 2289 ii,
2283 2226 2372 2292 qui
2430 2226 2617 2295 injuria
2650 2226 2982 2292 afﬁciuntur,
3016 2240 3118 2283 non
3168 2243 3383 2299 possunt
3412 2249 3511 2296 pro

1936 2331 1991 2367 se
2018 2316 2229 2379 dicere,
2256 2325 2313 2369 ut
2355 2318 2441 2385 qui
2495 2320 2567 2370 ira
2599 2318 2869 2383 ferveant,
2902 2336 3219 2389 quamquam
3273 2339 3374 2376 non
3421 2338 3507 2375 ﬁsi.

1935 2406 2118 2457 vitium
2184 2405 2296 2459 hate
2357 2408 2750 2463 commiseratio
2794 2428 2806 2461 :
2857 2410 3020 2463 multo
3072 2414 3237 2481 magis
3281 2414 3347 2476 ii,
3407 2420 3496 2483 qui

1935 2498 2069 2550 maia
2104 2508 2349 2552 tenentur
2366 2501 2774 2553 consuetudine.
2806 2502 3089 2570 Propterea
3118 2504 3254 2563 dico,
3276 2508 3496 2561 etiamsi

1936 2590 2127 2642 millies
2157 2590 2225 2642 sit
2256 2590 2497 2658 sapiens.
2537 2598 2767 2643 mentem
2813 2606 2917 2644 non
2970 2593 3127 2647 habet
3172 2596 3495 2663 vigilantem.

1932 2679 2066 2745 Quid
2095 2683 2234 2733 enim
2263 2692 2376 2735 erat
2404 2682 2599 2736 Davide
2617 2684 2907 2752 sapientius
2929 2686 3274 2753 quidicehat,
3304 2690 3499 2743 Incerta

1930 2783 1977 2823 et
2028 2776 2222 2825 occulta
2276 2775 2535 2842 sapientia:
2582 2785 2680 2827 tua:
2736 2777 3065 2843 manifestasti
3116 2780 3239 2832 mihi
3306 2779 3498 2847 (Psai'.

1930 2863 2017 2917 50.
2048 2863 2154 2929 8)?
2206 2862 2310 2917 Sed
2362 2864 2577 2932 quando
2628 2866 2837 2934 injustis
2878 2868 3049 2922 oculis
3100 2870 3227 2923 vidit
3278 2886 3496 2926 uxorem

1930 2960 2136 3017 militis,
2176 2966 2324 3023 tunc,
2363 2960 2413 3012 id
2464 2962 2602 3027 quod
2646 2964 2753 3030 pati
2796 2965 2930 3017 dixit
2966 2981 3061 3019 eos
3105 2968 3197 3035 qui
3238 2971 3487 3036 navigant

1929 3051 1981 3101 in
2018 3049 2153 3101 mari
2202 3048 2419 3114 furenti,
2457 3054 2622 3105 omnis
2672 3054 2927 3119 sapientia
2968 3056 3080 3121 ejus
3120 3066 3195 3109 est
3245 3062 3491 3126 absorpta

1930 3140 2099 3209 (Psal.
2136 3141 2255 3193 106.
2283 3141 2401 3210 2Ἱ);
2438 3150 2488 3195 et
2523 3158 2657 3209 opus
2694 3144 2923 3197 habebat
2958 3146 3078 3200 aliis
3115 3150 3207 3215 qui
3254 3150 3491 3217 corrige-

1926 3238 2064 3289 reut,
2098 3242 2196 3281 nec
2220 3230 2482 3283 sentiebat
2518 3230 2731 3296 quidem
2766 3232 2818 3284 in
2848 3232 3043 3299 quibus
3075 3242 3127 3286 ct
3156 3238 3375 3302 quantis
3402 3238 3486 3288 in—

1922 3326 2007 3370 tus
2044 3326 2356 3371 versaretur
2392 3318 2565 3370 malis.
2605 3320 2962 3383 Quamobrem
3003 3337 3098 3376 sua
3130 3324 3332 3378 deﬂens
3367 3342 3490 3394 pec—

1924 3416 2045 3459 cata
2076 3407 2288 3460 dicebat
2318 3418 2337 3457 τ
2364 3406 2509 3459 Sicut
2546 3425 2675 3461 onus
2715 3426 2867 3477 grave
2912 3422 3140 3478 gravata:
3179 3426 3297 3467 sunt
3337 3433 3489 3484 super

1932 3512 2027 3548 me.
2063 3496 2403 3559 Putruerunt,
2437 3508 2482 3548 et
2520 3510 2776 3563 corrupta!
2813 3510 2933 3551 sunt
2976 3504 3245 3557 cicatrices
3293 3524 3415 3559 mete
3456 3526 3494 3561 α

1929 3590 2062 3655 [acie
2097 3588 2407 3653 insipientia:
2445 3606 2570 3641 mea:
2608 3588 2782 3659 (Psal.
2813 3592 2900 3644 57.
2932 3592 2983 3645 5.
3014 3592 3089 3660 6).

1996 3688 2046 3742 4.
2080 3688 2192 3741 Non
2236 3688 2372 3753 sapit
2399 3700 2526 3755 ergo
2555 3701 2651 3739 nec
2693 3695 2922 3738 mentem
2958 3686 3115 3740 habet
3145 3686 3230 3755 qui
3264 3696 3485 3757 peccat;

1927 3787 2007 3832 est
2035 3779 2177 3831 enim
2204 3778 2400 3841 ebrius,
2434 3784 2490 3830 et
2517 3778 2633 3845 ejus
2660 3775 2887 3845 caligant
2914 3776 3072 3829 oeuli.
3108 3777 3192 3831 Ne.
3218 3778 3329 3832 hmc
3360 3794 3491 3847 ergo

1928 3870 2091 3934 dicas,
2125 3884 2296 3937 neque
2326 3866 2454 3940 illud
2479 3866 2679 3921 addas:
2710 3866 2822 3920 Non
2853 3875 2935 3920 est
2962 3867 3088 3920 mihi
3122 3882 3293 3931 curm;
3327 3867 3497 3921 Unus-

1926 3964 2130 4030 quisque
2159 3962 2290 4015 cnim
2316 3976 2463 4013 suum
2492 3976 2617 4012 onus
2648 3957 2865 4028 portabit
2895 3957 3038 4027 (Gal.
3070 3958 3121 4013 ϐ.
3152 3959 3232 4029 5).
3282 3958 3497 4013 Etenim

1928 4058 2008 4109 vel
2044 4056 2331 4110 maximum
2359 4052 2452 4106 tibi
2481 4055 2679 4107 crimen
2713 4053 2905 4115 oritur,
2934 4053 3074 4121 quod
3105 4068 3224 4106 cum
3270 4051 3497 4107 vidisses

1928 4156 2215 4209 errantem,
2246 4146 2297 4197 in
2319 4145 2457 4198 viam
2487 4159 2593 4197 non
2624 4142 2918 4197 reduxeris.
2952 4142 3006 4197 Si
3036 4144 3175 4197 enim
3196 4143 3505 4212 iumentum.

1930 4239 2125 4293 inimici
2156 4239 2204 4291 in
2235 4235 2539 4291 Judseorum
2574 4236 2692 4303 lege
2720 4249 2822 4288 non
2852 4236 2977 4287 licet
3001 4235 3276 4301 despicere
3305 4234 3494 4301 (Deut.

1927 4332 2015 4385 ‘22.
2052 4329 2138 4401 i);
2169 4330 2257 4399 qui
2284 4344 2390 4382 non
2432 4329 2750 4396 iumentum,
2783 4341 2955 4396 neque
2998 4326 3198 4379 inimici
3242 4326 3501 4388 animam,

1929 4424 2022 4475 sed
2065 4420 2222 4474 amici
2274 4419 2521 4488 deSpicit,
2564 4432 2848 4487 quamnam
2894 4427 3204 4486 assequetur
3257 4418 3501 4473 veniam?

1929 4513 2111 4581 Neque
2139 4510 2280 4565 enim
2310 4510 2374 4563 ad
2408 4517 2642 4563 nostram
2670 4507 2863 4561 sufﬁcit
2896 4508 3324 4571 excusationem,
3353 4507 3503 4575 quod

1930 4604 2014 4657 ille
2039 4611 2271 4656 mentem
2300 4600 2511 4655 habeat.
2546 4598 2674 4651 Nam
2706 4612 2804 4651 nos
2829 4611 3040 4666 quoque
3071 4602 3159 4664 qui
3188 4612 3331 4664 szepe
3360 4599 3495 4648 mul-

1932 4702 2015 4746 tas
2038 4691 2286 4745 dedimus
2314 4688 2722 4752 admonitiones,
2752 4686 2906 4741 nobis
2934 4703 3037 4741 non
3060 4686 3369 4749 sufﬁcimus,
3401 4700 3498 4741 nec

1930 4799 2114 4838 sumus
2140 4783 2315 4837 utiles.
2348 4781 2420 4835 De
2448 4780 2538 4834 illo
2569 4796 2696 4851 ergo
2728 4789 2977 4849 peccante
3007 4778 3105 4831 hoc
3134 4791 3341 4845 quoque
3366 4790 3497 4831 con-

1928 4875 2124 4937 sidera,
2153 4872 2293 4942 quod
2321 4873 2735 4927 consentaneum
2758 4872 2824 4923 sit
2848 4884 2968 4922 eum
2999 4884 3031 4921 a
3062 4880 3113 4923 te
3142 4870 3311 4938 magis
3338 4886 3495 4937 qua-n

1928 4968 2161 5035 aseipso
2190 4966 2446 5034 optimum
2490 4964 2735 5030 accipere
2775 4960 3091 5024 consilium;
3125 4975 3297 5027 neque
3326 4960 3491 5021 dicas,

1932 5055 2068 5121 Quid
2120 5056 2235 5109 tunc
2280 5063 2403 5107 sunt
2430 5053 2558 5105 mihi
2599 5050 2776 5104 cura}?
2824 5050 2974 5104 Time
3021 5066 3140 5102 eum
3184 5049 3273 5115 qui
3301 5049 3499 5116 primus

1933 5146 2070 5199 dixit
2097 5145 2199 5198 hoc
2240 5144 2497 5197 verbum:
2542 5157 2662 5194 nam
2705 5142 2854 5205 illud,
2900 5140 3155 5207 Numquid
3194 5155 3303 5192 sum
3337 5150 3502 5195 custos

1930 5239 2103 5306 fratris
2132 5236 2228 5290 mei
2254 5235 2404 5307 (Gen.
2438 5235 2491 5289 4.
2525 5234 2609 5306 9)?
2634 5234 2820 5289 eodem
2852 5247 2955 5301 quo
2986 5232 3084 5286 hoc
3114 5232 3329 5286 recidit:
3374 5233 3498 5287 hinc

1933 5331 2069 5385 mala
2097 5337 2385 5382 nascuntur
2409 5328 2607 5392 omnia,
2640 5326 2779 5397 quod
2805 5340 2920 5394 qua:
2950 5334 3074 5379 sunt
3102 5325 3265 5378 nostri
3302 5340 3497 5393 corpo-

1933 5421 2008 5473 ris
2043 5422 2217 5475 aliena
2256 5434 2375 5473 esse
2402 5419 2661 5473 ducimus.
2708 5416 2843 5483 Quid
2870 5417 3036 5470 dicis?
3065 5418 3225 5470 frater
3266 5432 3369 5471 non
3416 5427 3502 5471 est

1935 5512 2026 5564 tibi
2054 5512 2227 5566 curae?
2255 5512 2361 5565 Sed
2386 5512 2470 5565 cui
2496 5511 2603 5565 erit:
2624 5510 2799 5563 curat?
2831 5508 3098 5562 inﬁdeline
3124 5509 3213 5575 qui
3242 5509 3357 5577 ejus
3383 5525 3499 5562 nia-

1937 5601 2001 5654 lis
2028 5602 2253 5664 laetatur,
2295 5601 2685 5669 exprobratque
2711 5608 2765 5653 et
2808 5597 3059 5652 insultat?
3080 5613 3147 5651 an
3166 5597 3376 5651 diabolo
3402 5598 3493 5665 qui

1937 5690 2157 5759 impedit
2194 5700 2250 5746 et
2273 5690 2605 5761 supplantat?
2653 5691 2717 5746 Et
2747 5690 3009 5743 undenam
3040 5688 3174 5742 hoc?
3214 5686 3363 5753 Quod
3394 5703 3497 5745 non

1937 5781 2205 5852 proﬁciam
2228 5782 2410 5839 dicens
2437 5790 2487 5839 et
2511 5784 2794 5839 consulens
2818 5796 2937 5851 qua:
2965 5787 3192 5851 oportet.
3225 5778 3500 5837 Undenam
