4028 6222
560 483 743 531 autem
771 471 874 527 est
893 466 1249 538 perspicuum,
1280 458 1421 531 quod
1451 471 1559 513 non
1597 448 1882 525 proﬁcies?
1908 447 2011 501 hoc
2055 451 2142 498 est

567 567 713 625 enim
755 569 1009 619 extremae
1053 554 1323 620 amentiis,
1375 565 1498 608 cum
1542 550 1597 605 in
1636 548 1843 602 incerto
1886 543 1956 597 sit
1997 539 2142 605 finis,

571 666 775 714 certum
802 653 984 709 subire
1007 649 1211 706 crimen
1238 642 1595 716 negligentie.
1617 638 1777 707 Atqui
1807 633 1947 690 Deus
1971 630 2145 686 futura

567 728 875 819 prmsciens,
905 756 1050 812 saepe
1079 739 1220 797 dixit
1251 744 1305 792 et
1337 733 1471 790 nihil
1500 729 1744 801 profecit.
1774 733 1833 781 et
1867 736 2041 793 neque
2070 719 2148 819 sic

564 811 798 895 destitit:
827 811 999 906 idque,
1029 846 1153 888 cum
1200 829 1367 884 sciret
1393 839 1455 881 se
1497 838 1603 879 non
1635 830 2036 892 persuasurum.
2090 811 2145 867 Si

564 939 745 985 autem
786 927 876 999 qui
915 922 1185 996 prrescivit
1228 917 1462 974 sesnihil
1500 915 1621 986 plus
1656 910 1995 972 eﬂecturum,
2039 920 2146 960 non

565 1023 778 1079 desistit
808 1014 1113 1089 corrigere?
1157 1026 1439 1084 quamnam
1480 1005 1704 1063 habebis
1744 1000 2147 1059 excusationem

566 1114 657 1186 qui
677 1108 922 1167 futurum
946 1106 1167 1162 omnino
1194 1105 1430 1168 ignoras,
1461 1096 1827 1171 pigreseisque
1853 1101 1909 1147 et
1934 1100 2149 1158 torpes-

568 1205 678 1261 cis?
706 1202 913 1258 Etenim
943 1199 1093 1255 multi
1116 1210 1263 1267 saepe
1290 1191 1526 1264 aggressi
1551 1187 1916 1259 profecerunt.
1943 1190 1997 1236 et
2024 1193 2151 1235 cum

570 1295 797 1353 maxime
823 1290 1220 1361 desperassent,
1261 1294 1390 1339 tunc
1421 1278 1656 1342 maxime
1700 1282 1826 1331 sunt
1852 1268 2145 1361 assequuti.

567 1384 721 1457 Quod
757 1390 814 1441 ii
834 1358 995 1440 etiam
1038 1377 1171 1436 nihil
1215 1372 1447 1444 amplius
1493 1365 1761 1431 effeceris,
1805 1362 1978 1420 fecisti
1993 1358 2147 1457 quod

570 1452 720 1532 tilum
747 1485 850 1531 est.
896 1470 976 1534 Ne
1002 1468 1078 1525 sis
1102 1480 1234 1536 ergo
1270 1463 1614 1526 inhumanus,
1658 1472 1833 1529 neque
1861 1452 2148 1511 immiseri-

567 1583 712 1635 eors,
760 1577 935 1635 neque
979 1559 1279 1631 negligens.
1323 1554 1456 1613 Nam
1500 1550 1645 1624 quod
1689 1551 1805 1608 haec
1830 1547 1995 1603 verba
2041 1545 2151 1600 sint

566 1655 900 1715 crudelitatis
925 1663 981 1710 et
1009 1649 1292 1716 socordia,
1331 1647 1477 1703 illinc
1502 1652 1587 1701 est
1623 1640 1991 1713 perspicuum.
2038 1635 2151 1690 Cur

568 1750 714 1807 enim
739 1761 861 1802 cum
884 1758 1050 1802 unum
1076 1757 1144 1799 ex
1166 1741 1275 1797 tuis
1298 1735 1559 1794 membris
1584 1732 1815 1797 laborat,
1848 1744 1953 1786 non
1980 1726 2146 1782 dicis:

568 1840 707 1911 Quid
734 1838 865 1895 mihi
891 1851 1057 1901 cum,
1084 1842 1142 1890 et
1165 1832 1309 1888 unde
1330 1829 1460 1885 mihi
1481 1824 1767 1888 constabit,
1791 1820 1933 1894 quod
1961 1818 2152 1911 siejus

570 1910 751 1991 curam
770 1945 975 2004 geram.
997 1922 1367 1983 convalescet?
1387 1919 1482 1977 sed
1502 1918 1684 1973 omnia
1706 1915 1859 1977 facis,
1883 1922 1941 1967 ut
1956 1910 2152 1966 etiam-

569 2028 616 2082 si
660 1997 800 2080 nihil
841 2020 1059 2092 iuveris,
1094 2026 1145 2073 te
1186 2030 1294 2070 non
1315 2012 1497 2084 possis
1538 2004 1966 2078 reprehendere,
2008 1997 2150 2092 quod

571 2113 773 2186 aliquid
814 2089 884 2167 sit
931 2106 1356 2181 praetermissum
1400 2113 1588 2156 eorum
1616 2110 1739 2168 quia
1765 2092 1965 2150 debent
2011 2089 2151 2146 fieri.

572 2213 656 2265 An
678 2222 807 2265 vero
830 2219 953 2261 cum
998 2198 1361 2257 membrorum
1405 2191 1620 2263 quidem
1652 2187 1898 2259 corporis
1947 2192 2150 2240 tantam

572 2314 756 2357 curam
776 2306 1048 2367 geramus,
1073 2288 1315 2347 membra
1343 2284 1543 2341 Christi
1568 2278 1934 2353 negligemus?
1953 2285 2011 2333 et
2030 2275 2153 2332 ubi-

574 2407 697 2452 nam
724 2389 839 2445 haec
867 2394 1141 2441 merentur
1171 2377 1420 2435 veniam?
1462 2375 1596 2431 Nam
1626 2374 1672 2430 si
1703 2381 1755 2428 te
1800 2384 1911 2425 non
1938 2367 2155 2423 inﬂecte

571 2482 778 2543 dicens.
808 2474 1032 2533 Membri
1053 2474 1126 2528 tui
1155 2484 1340 2528 curam
1368 2481 1515 2538 gere,
1545 2473 1604 2520 ut
1632 2464 1719 2520 vel
1740 2469 1885 2517 metu
1912 2459 2011 2515 tias
2034 2471 2151 2514 me-

571 2573 698 2639 lior,
710 2571 803 2625 tibi
826 2572 878 2623 in
898 2564 1209 2622 memoriam
1226 2566 1422 2617 reveco
1434 2570 1632 2627 corpus
1643 2552 1861 2610 Christi.
1874 2547 2155 2619 Quomodo

572 2664 716 2721 enim
738 2675 842 2716 non
868 2668 952 2714 est
971 2653 1297 2711 horrendum
1334 2654 1729 2720 putrescentem
1753 2656 1970 2698 carnem
2009 2650 2153 2694 tuam

572 2756 815 2827 aspicere
839 2760 891 2807 et
914 2744 1227 2818 despicere?
1258 2742 1325 2797 Et
1348 2742 1395 2795 si
1416 2739 1644 2794 haberes
1662 2734 1875 2807 quidem
1900 2731 2154 2787 famulum

573 2823 665 2902 aut
683 2846 889 2900 asinum
909 2841 1235 2896 laborantem
1249 2832 1662 2906 putredinemon
1678 2826 1973 2884 sustineres
1988 2823 2157 2893 despi-

570 2954 718 3005 cere;
736 2936 929 2993 Christi
945 2942 1124 2988 autem
1140 2942 1335 2997 corpus
1349 2924 1537 2980 videns
1553 2920 1815 2991 repletum
1831 2915 2012 2971 scabie
2027 2930 2159 3005 prae-

576 3004 863 3086 tercurrisf
878 3036 932 3081 et
947 3038 1055 3079 non
1076 3020 1351 3077 existimas
1372 3016 1484 3070 haec
1500 3026 1620 3069 esse
1638 3010 1794 3081 digna
1812 3007 1960 3063 mille
1978 3004 2160 3071 fulmi-

575 3120 768 3180 nibus?
784 3118 1072 3187 Propterea
1083 3112 1267 3169 omnia
1287 3122 1486 3178 susque
1499 3105 1674 3176 deque
1690 3104 2001 3167 miscentur,
2031 3114 2126 3170 pro
2137 3132 2154 3145 ο

576 3224 695 3288 pter
712 3214 849 3268 hanc
864 3206 1326 3267 inhumanitatem,
1340 3208 1560 3271 propter
1571 3193 2122 3288 hancnegligentiam.

648 3302 860 3360 Fratres
900 3296 1151 3369 quomodo
1191 3289 1585 3362 corrigendi.—
1611 3285 1820 3342 Idcirco
1859 3298 1991 3354 rogo
2021 3281 2160 3337 hanc

576 3394 911 3466 expellamus
930 3386 1299 3445 crudelitatem
1325 3399 1341 3438 :
1360 3379 1557 3437 accede
1577 3378 1644 3434 ad
1666 3377 1817 3433 illum
1838 3376 1927 3447 qui
1952 3372 2161 3429 habitat

577 3463 700 3545 cum
723 3484 949 3555 virgine,
969 3489 1023 3536 et
1044 3490 1264 3549 parvum
1285 3473 1373 3529 die
1394 3471 1576 3527 fratris
1596 3469 1926 3534 encomium,
1954 3481 2019 3521 ex
2040 3463 2161 3519 aliis

584 3595 703 3651 qua:
749 3576 910 3633 habet
948 3567 1244 3629 commodis
1269 3574 1325 3621 et
1364 3563 1580 3620 dotibus
1608 3562 1664 3617 id
1709 3572 2075 3630 componens;
2106 3564 2164 3611 et

582 3649 851 3739 tamquam
892 3678 1027 3735 aqua
1057 3659 1228 3716 calida
1270 3657 1459 3713 fovens
1503 3654 1770 3719 laudibus,
1805 3653 1879 3707 ita
1922 3649 2163 3720 deprime

583 3774 849 3817 tumorem
878 3755 993 3826 ejus
1022 3751 1298 3809 vulneris:
1326 3758 1378 3804 te
1419 3760 1635 3817 quoque
1664 3746 1837 3814 ipsum
1879 3742 2163 3813 pronuntia

582 3859 856 3919 miserum,
882 3866 1073 3908 accusa
1096 3861 1380 3905 commune
1403 3858 1573 3915 genus
1601 3843 1913 3906 humanum,
1943 3838 2165 3895 ostende

584 3962 683 4003 nos
709 3958 899 4001 omnes
939 3956 1061 3997 esse
1088 3940 1140 3995 in
1173 3937 1429 4009 peccatis,
1471 3943 1593 4006 pete
1638 3933 1870 3995 veniam,
1898 3930 2086 3986 dicens
2111 3937 2166 3985 te

586 4038 787 4109 majora
826 4031 1042 4105 aggredi
1071 4046 1233 4102 quam
1260 4044 1380 4101 quis
1416 4028 1559 4082 vires
1601 4033 1708 4080 tuae
1748 4025 1888 4080 ferre
1933 4023 2163 4093 possint,

585 4128 681 4186 sed
730 4129 1007 4182 caritatem
1058 4121 1388 4193 persuadere
1442 4118 1623 4173 omnia
1680 4116 1902 4172 audere.
1959 4113 2165 4169 Deinde

585 4221 874 4277 consulens
897 4217 1000 4272 hoc
1044 4215 1147 4279 fac,
1179 4230 1285 4268 non
1331 4222 1603 4280 tamquam
1647 4208 1937 4277 imperans,
1983 4205 2078 4261 sed
2108 4215 2167 4260 ut

588 4313 753 4368 frater
776 4330 791 4366 :
814 4321 869 4366 et
914 4322 1039 4365 cum
1070 4307 1155 4361 his
1193 4304 1450 4360 omnibus
1498 4313 1757 4357 tumorem
1803 4298 2166 4369 depresseris,

588 4414 646 4462 et
686 4403 903 4458 lenieris
940 4401 1182 4455 dolorem
1221 4398 1312 4467 qui
1350 4395 1546 4450 accidit
1581 4408 1650 4448 ex
1696 4393 1935 4446 sectione
1977 4389 2168 4445 futura

588 4492 1048 4568 reprehensionis,
1075 4498 1133 4547 et
1158 4503 1301 4559 saepe
1328 4499 1460 4542 usus
1486 4482 1654 4540 fueris
1682 4481 2047 4546 excusatione,
2075 4494 2167 4535 ro-

592 4588 907 4659 gaverisque
930 4596 1001 4637 ne
1022 4582 1311 4645 irascatur;
1338 4592 1460 4633 cum
1486 4590 1608 4632 eum
1631 4573 1716 4629 his
1741 4572 2009 4643 ligaveris,
2042 4580 2170 4627 tunc

590 4679 797 4748 plagam
829 4671 1030 4745 lnilige,
1063 4684 1165 4725 nec
1190 4669 1383 4722 vulnus
1429 4668 1678 4737 alligans,
1712 4678 1814 4719 nec
1842 4662 2166 4727 dissolvens,

596 4776 656 4824 ut
696 4779 870 4833 neque
896 4763 1043 4819 illinc
1082 4758 1310 4823 resiliat,
1343 4769 1519 4825 neque
1559 4754 1684 4808 hinc
1712 4753 1993 4823 despiciat.
2036 4751 2169 4808 Nam

595 4859 645 4915 si
670 4856 961 4912 violentum
988 4867 1097 4907 non
1126 4849 1340 4906 dederis
1376 4844 1589 4911 vulnus,
1632 4842 1765 4898 nihil
1794 4844 2025 4913 amplius
2054 4842 2176 4899 effi-

594 4953 745 5007 cies:
772 4948 856 5003 sin
899 4953 1075 4999 autem
1114 4942 1459 4997 vehementer
1496 4935 1846 5009 percusseris,
1887 4934 2089 4990 efficies
2116 4943 2176 4990 ut

595 5041 821 5098 resiliat.
852 5039 1143 5108 Propterea
1172 5043 1364 5103 etpost
1385 5034 1503 5089 hare
1521 5029 1700 5087 omnia
1722 5028 2171 5101 reprehensuros,

595 5132 766 5189 misce
801 5145 990 5185 rursus
1028 5125 1330 5185 encomium
1376 5139 1497 5178 cum
1544 5117 2092 5194 reprehensionibus:
2120 5126 2176 5173 et

596 5222 847 5295 quoniam
887 5218 963 5281 id.
991 5217 1133 5289 quod
1171 5217 1231 5271 fit
1262 5213 1331 5269 ab
1360 5227 1448 5277 eo,
1489 5227 1588 5281 per
1615 5228 1673 5269 se
1714 5228 1818 5267 non
1850 5217 2025 5282 potest
2051 5223 2176 5265 esse

599 5312 902 5373 encomiom
929 5310 951 5382 (
962 5323 1066 5364 non
1102 5317 1184 5363 est
1223 5307 1366 5362 enim
1407 5298 1565 5358 laude
1592 5303 1805 5372 dignum
1833 5301 1992 5358 simul
2023 5300 2178 5356 habi-

602 5416 718 5463 tare
743 5419 869 5461 eum
891 5402 1069 5475 puella
1092 5401 1356 5469 virgine),
1384 5397 1490 5454 hoc
1534 5396 1614 5452 fac
1638 5411 1705 5451 ex
1731 5405 1911 5452 mente
1936 5406 1991 5453 et
2023 5396 2177 5451 insti-

601 5505 723 5554 tuto
746 5493 863 5565 eius
889 5494 979 5564 qui
1005 5490 1165 5549 simul
1190 5487 1414 5544 habitat.
1461 5486 1577 5544 Etsi
1605 5485 1747 5539 enim
1775 5485 1910 5548 scio.
1942 5485 2174 5556 inquies,

604 5585 748 5658 quod
771 5594 827 5640 tu
852 5591 1073 5658 propter
1118 5580 1289 5637 Deum
1319 5578 1471 5645 facis,
1500 5587 1557 5634 et
1582 5576 1730 5631 illius
1756 5574 1969 5629 miserm
1990 5574 2177 5630 videas

607 5677 987 5744 calamitatem,
1012 5682 1067 5730 et
1084 5672 1226 5746 quod
1256 5670 1542 5727 defensore
1566 5673 1750 5724 careat
1775 5675 1831 5721 et
1854 5675 2101 5736 patrono,
2123 5665 2178 5722 ei

606 5784 824 5827 manum
852 5768 1162 5842 prmbuisti;
1188 5768 1396 5829 etiamsi
1424 5782 1529 5825 non
1560 5764 1661 5823 hee
1688 5760 1870 5818 animo
1896 5758 2079 5830 faciat,
2111 5767 2170 5825 tu

1362 348 1419 404 s
1470 337 1746 402 JOANNIS
1781 324 2254 392 CHRYSOSTOiii
2291 320 2609 380 AHClllEP.
2647 299 3178 379 cous'rammor.

2246 442 2335 496 dic
2359 438 2431 495 ita
2455 454 2469 491 :
2492 444 2545 492 et
2570 442 2755 506 postea
2782 432 2897 489 haec
2926 446 3139 505 quoque
3155 430 3315 500 adde,
3338 446 3528 489 rursus
3550 440 3711 489 utens
3729 446 3821 488 ex-

2248 526 2548 593 cusatione,
2596 535 2652 582 et
2674 524 2861 582 dicens
2884 542 2898 581 :
2921 523 3047 580 Haec
3072 523 3211 589 dico,
3262 538 3370 580 non
3403 523 3619 595 iubens,
3644 522 3741 580 sed
3768 523 3822 579 in

2249 619 2561 676 memoriam
2610 622 3148 685 revocanstpropter
3190 613 3356 671 Deum
3405 625 3461 671 tu
3505 614 3671 680 facis.
3714 622 3833 687 ego'

2250 726 2465 783 quoque
2504 710 2559 767 id
2585 711 2731 777 scio;
2764 709 2860 766 scd
2907 708 3185 766 videamus
3227 723 3352 777 num
3383 724 3449 764 ex
3486 708 3590 765 hoc
3614 708 3823 780 aliquod

2249 804 2393 861 aliud
2425 815 2679 861 nascatur
2723 804 2927 860 malum
2950 818 2965 858 :
2988 811 3043 859 et
3066 802 3114 859 si
3157 801 3362 857 nullum
3387 802 3599 873 quidem
3623 804 3715 870 sit,
3741 803 3825 861 iu-

2251 909 2339 956 tus
2363 899 2602 966 contine,
2634 897 3035 969 pulchrumque
3059 894 3165 952 hoc
3192 903 3249 951 et
3286 895 3568 954 honestum
3585 896 3825 963 studium

2252 1004 2608 1061 persequere;
2658 989 2835 1045 nullus
2881 995 2966 1043 est
3004 988 3096 1057 qui
3141 988 3437 1044 vetet:sin-
3477 996 3657 1051 autem
3707 988 3829 1044 hinc

2252 1082 2491 1138 nascitur
2533 1078 2753 1151 aliquod
2798 1078 3056 1135 damnum
3099 1078 3271 1149 majus
3325 1077 3499 1145 luctu,
3547 1090 3829 1133 caveamus

2250 1187 2351 1230 aro
2378 1188 2467 1240 ne,
2497 1172 2627 1229 dum
2650 1186 2812 1228 unam
2839 1171 3395 1239 studemus\recreare
3415 1174 3674 1238 animam,
3708 1171 3827 1229 mil.

2252 1264 2306 1321 le
2331 1264 2685 1323 oﬂendamus.
2727 1264 2835 1321 Nec
2864 1266 3046 1321 statim
3071 1264 3238 1320 addas
3255 1265 3529 1336 supplicia
3559 1266 3829 1336 proposita

2252 1356 2319 1412 iis
2336 1356 2427 1427 qui
2451 1353 2729 1413 oﬂendunt
2747 1365 2802 1414 et
2826 1355 3136 1412 scandalum
3163 1354 3414 1423 aderunt,
3435 1355 3531 1412 sed
3557 1356 3677 1427 ejus
3697 1371 3830 1428 quo-

2252 1463 2358 1520 que
2394 1448 2622 1504 adsame
2666 1448 3057 1514 testimonium,
3106 1446 3294 1504 dicens
3316 1464 3331 1501 :
3352 1446 3471 1503 Non
3494 1462 3632 1518 opus
3661 1458 3747 1507 est
3773 1456 3830 1505 at

2251 1537 2367 1595 hac
2393 1554 2423 1593 a
2452 1554 2540 1595 me
2562 1537 2771 1603 discas;
2805 1547 2859 1594 tu
2886 1539 3002 1609 ipse
3024 1538 3153 1605 scis,
3179 1538 3224 1594 si
3250 1540 3372 1610 quis
3396 1538 3635 1596 oﬂendat
3657 1556 3821 1596 unum

2252 1644 2319 1685 ex
2343 1629 2429 1685 his
2452 1628 2681 1700 pusillis,
2710 1629 2892 1699 quanti
2923 1628 3170 1698 supplicii
3197 1629 3529 1687 intentantur
3553 1631 3715 1688 mina
3737 1648 3755 1687 :
3779 1640 3835 1687 et

2252 1732 2375 1775 eum
2397 1721 2476 1775 sic
2501 1719 2720 1777 lenioris
2752 1718 3083 1783 orationem,
3108 1726 3167 1774 et
3191 1718 3326 1775 iram
3353 1719 3635 1789 mitigaris,
3664 1720 3833 1791 impo-

2253 1826 2322 1867 ne
2375 1812 2824 1868 medicamentum
2876 1810 3253 1873 correctionis.
3308 1810 3366 1868 Si
3414 1821 3595 1868 autem
3644 1826 3835 1875 rursus

2253 1910 2503 1958 censetur
2540 1901 2662 1972 eius
2689 1902 3060 1971 solitudinem,
3090 1918 3160 1960 ne
3189 1902 3268 1961 sic
3292 1903 3511 1974 quidem
3554 1902 3836 1960 obtentum

2255 1993 2689 2065 reprehenderis,
2736 1994 2832 2051 sed
2870 1995 2958 2051 dic
2985 1995 3241 2053 eizNihil
3285 1996 3476 2053 horum
3521 2003 3575 2053 te
3600 2004 3832 2053 terreat:

2256 2086 2604 2143 sufﬁcientem
2650 2085 2874 2142 habebis
2916 2087 3316 2144 excusationem
3358 2087 3584 2145 aliorum
3611 2085 3839 2145 scanda—

2255 2180 2363 2236 lum
2387 2196 2403 2235 :
2427 2195 2533 2235 non
2562 2179 2707 2236 enim
2746 2187 2964 2251 propter
3006 2179 3331 2245 socordiam,
3374 2179 3471 2236 sed
3500 2180 3712 2238 illorum
3735 2194 3837 2239 cu-

2256 2287 2369 2327 ram
2388 2284 2612 2341 gerens,
2641 2270 2893 2327 destitisti
2918 2269 2986 2327 ab
3012 2269 3115 2325 hoc
3136 2268 3337 2326 studio.

2325 2360 2381 2417 Β.
2421 2360 2489 2416 Et
2520 2360 2685 2417 breve
2704 2361 2920 2431 quidem
2947 2360 3015 2417 sit
3042 2360 3361 2427 consilium;
3402 2374 3508 2418 non
3532 2362 3676 2424 enim
3714 2370 3839 2433 eget

2257 2465 2446 2521 magna
2467 2450 2746 2516 doctrina;
2775 2450 2931 2509 venia
2961 2459 3142 2508 autem
3172 2451 3247 2507 sit
3272 2450 3441 2507 multa
3466 2460 3521 2508 et
3547 2450 3836 2522 frequens:

2257 2555 2316 2598 et
2330 2542 2671 2600 continenter
2688 2541 2916 2612 confuge
2939 2541 3006 2595 ad
3029 2543 3332 2608 caritatem,
3351 2557 3537 2599 eorum
3556 2559 3678 2614 qua:
3695 2542 3842 2600 dicta

2257 2642 2383 2689 sunt
2410 2643 2704 2704 contegens
2744 2632 3060 2704 gravitatem
3087 2640 3144 2687 et
3173 2634 3493 2699 molestiam.
3522 2634 3764 2704 deusque
3786 2635 3843 2692 ei

2259 2735 2576 2799 potestatem
2605 2734 2663 2783 et
2699 2726 2890 2782 dicens
2920 2742 2935 2779 :
2980 2723 3096 2794 Ego
3139 2723 3353 2793 quidem
3399 2727 3514 2780 hinc
3548 2726 3752 2783 suadeo
3782 2734 3844 2783 et

2257 2817 2503 2883 consulo,
2525 2815 2580 2873 in
2602 2826 2691 2871 tua
2715 2823 2891 2869 autem
2922 2820 3186 2884 putestatc
3209 2820 3294 2867 est
3337 2820 3396 2869 ut
3426 2814 3840 2882 persuadearis:

2260 2923 2433 2979 neque
2460 2907 2603 2962 enim
2629 2920 2765 2976 cogo
2787 2919 2887 2961 nec
2909 2904 3018 2959 vim
3043 2902 3233 2969 aﬂ'ero,
3259 2902 3354 2960 sed
3398 2910 3566 2958 totum
3589 2907 3845 2975 permitto

2259 3002 2432 3059 libero
2456 3010 2550 3057 tuo
2574 2999 2819 3057 arbitrio.
2846 2995 2903 3055 Si
2932 2998 3406 3068 reprehensionem
3428 2998 3500 3053 ita
3529 3006 3842 3067 tractemus,

2257 3093 2412 3151 facile
2440 3093 2732 3165 poterimus
2761 3099 3043 3161 peccantes
3065 3090 3372 3161 corrigere:
3405 3105 3526 3145 nam
3554 3105 3675 3161 quin
3700 3105 3846 3147 nunc

2260 3188 2484 3243 iacimus
2510 3192 2639 3241 sunt
2663 3184 2835 3254 magis
2864 3182 3153 3239 bestiarum
3182 3191 3239 3240 et
3265 3184 3490 3239 rationis
3516 3183 3843 3254 expertium,

2260 3292 2420 3348 quam
2440 3275 2738 3331 hominum.
2760 3274 2893 3329 Nam
2921 3275 2967 3329 si
2987 3289 3130 3330 nunc
3143 3272 3358 3344 quidem
3384 3275 3652 3330 senserint
3675 3273 3844 3343 aliqui

2262 3369 2568 3441 quempiam
2600 3368 2717 3423 hanc
2760 3373 3092 3437 peccantem,
3124 3365 3271 3420 illum
3299 3363 3513 3436 quidem
3554 3380 3665 3420 non
3704 3365 3847 3421 allo-

2263 3470 2518 3532 quuntur,
2550 3460 2650 3530 ipsi
2679 3468 2859 3514 autem
2884 3469 3154 3529 tamquam
3180 3457 3344 3513 ebriae
3372 3459 3595 3513 anicula
3617 3458 3760 3514 inter
3787 3472 3851 3515 se

2264 3561 2574 3609 susurrant:
2598 3560 2655 3608 et
2677 3550 2828 3618 illud,
2851 3550 2982 3607 Sine
3006 3563 3168 3605 causa
3194 3548 3413 3614 ameris,
3440 3558 3516 3615 et,
3536 3549 3615 3605 Ne
3641 3559 3853 3605 temere

2264 3654 2319 3701 et
2346 3645 2462 3699 sine
2488 3658 2648 3699 causa
2678 3642 2804 3698 odio
2830 3641 3101 3708 habearis,
3126 3655 3389 3711 nusquam
3432 3640 3570 3710 apud
3600 3641 3722 3697 illos
3762 3641 3852 3697 vi-

2265 3741 2424 3795 detur
2450 3738 2626 3793 locum
2657 3735 2891 3799 habere;
2921 3734 3017 3790 sed
3043 3734 3256 3804 quando
3275 3733 3495 3805 cupiunt
3514 3732 3726 3803 quidem
3752 3746 3852 3790 ac-

2266 3845 2474 3893 cusare,
2499 3828 2801 3899 despicimit
2826 3827 2982 3892 illud,
3011 3825 3126 3881 Non
3156 3825 3274 3881 sine
3296 3839 3457 3880 causa
3486 3825 3610 3879 odio
3637 3823 3852 3891 haberi,

2268 3919 2377 3977 imo
2405 3934 2535 3976 vero
2562 3920 2723 3974 etiam
2750 3918 2927 3989 puniri
2956 3918 3167 3987 (neque
3192 3916 3337 3972 enim
3368 3914 3491 3973 huic
3536 3916 3710 3970 solum
3749 3931 3853 3970 na-

2268 4015 2438 4073 scitur
2473 4013 2678 4078 odium,
2701 4011 2795 4067 sed
2824 4011 2985 4067 etiam
3016 4010 3402 4081 supplicium);
3430 4008 3642 4079 quando
3670 4017 3856 4064 autem

2270 4120 2408 4177 Opus
2425 4104 2951 4170 fueritcorrectione,
2967 4113 3023 4159 et
3038 4102 3141 4159 hoc
3161 4104 3334 4173 ipsum
3346 4110 3401 4157 et
3418 4101 3558 4156 mille
3576 4100 3710 4156 alias
3730 4101 3858 4157 affe-

2269 4205 2779 4255 runtexcusationes
2791 4206 2843 4253 et
2855 4195 3290 4253 obtentus.’l‘unc
3301 4193 3467 4257 enim,
3483 4203 3608 4248 tunc
3622 4194 3859 4249 illuden-

2270 4293 2440 4364 gitare
2467 4297 2761 4359 oporteret,
2793 4287 3009 4359 quando
3036 4299 3275 4351 accusas,
3288 4283 3503 4355 quando
3527 4284 3858 4351 criminaris,

2273 4396 2486 4451 nempe,
2516 4379 2595 4434 Ne
2625 4389 2827 4435 temere
2854 4386 2909 4431 et
2933 4377 3051 4431 sine
3076 4388 3239 4429 causa
3279 4374 3406 4429 odio
3445 4372 3720 4436 habearis.
3760 4380 3859 4440 et,

2276 4471 2418 4528 Nihil
2439 4469 2685 4541 proficio,
2704 4480 2778 4535 et,
2797 4467 2914 4523 Non
2930 4475 3015 4522 est
3040 4464 3168 4520 mihi
3187 4479 3352 4520 curm.
3376 4464 3528 4519 Nunc
3546 4473 3724 4518 autem
3743 4472 3859 4518 tum

2272 4562 2489 4634 quidem
2500 4577 2561 4618 es
2574 4561 2924 4617 vehementer
2940 4557 3275 4628 inaniterque
3288 4571 3352 4611 ac
3362 4567 3761 4624 supervacanee
3771 4566 3862 4608 cu-

2274 4656 2447 4710 riosus
2458 4662 2543 4714 .et
2558 4652 2737 4707 odium
2755 4649 3006 4719 despicis,
3024 4656 3079 4704 et
3097 4647 3235 4702 mala
3252 4642 3657 4701 innumerabilia
3669 4656 3866 4714 εφη.-

2275 4744 2351 4801 do
2372 4752 2547 4799 autem
2564 4744 2752 4799 salutis
2767 4743 2943 4797 fratris
2961 4751 3013 4797 te
3027 4754 3208 4795 curam
3223 4751 3412 4808 gerere
3424 4744 3713 4805 oporteret,
3728 4748 3864 4793 tunc

2277 4837 2358 4892 vis
2376 4849 2500 4892 esse
2524 4849 2630 4889 non
2646 4834 2887 4888 curiosus
2901 4842 2957 4887 et
2984 4845 3090 4886 non
3118 4828 3297 4899 gravis
3316 4839 3383 4879 ac
3398 4824 3673 4883 molestus.
3695 4828 3866 4898 Atqui

2276 4944 2345 4985 ex
2369 4926 2735 4982 maledicentia
2765 4922 2980 4995 quidem
3002 4920 3236 4977 nascitur
3257 4916 3439 4972 odium
3454 4927 3508 4972 et
3527 4918 3664 4987 apud
3685 4917 3866 4972 homi-

2279 5034 2376 5075 nes
2404 5028 2459 5074 et
2484 5018 2623 5087 apud
2666 5017 2853 5081 Deum,
2885 5024 2940 5070 et
2977 5014 3082 5069 hoc
3104 5023 3213 5066 non
3251 5016 3336 5064 est
3359 5009 3452 5064 tibi
3483 5025 3624 5064 cura:
3654 5026 3670 5063 :
3697 5022 3765 5062 ex
3792 5023 3868 5064 eo

2278 5109 2635 5180 autem,qued
2661 5109 3015 5165 dasseorsum
3036 5100 3280 5166 consilia,
3301 5109 3359 5157 et
3381 5116 3447 5157 ex
3472 5097 3738 5170 ejusmodi
3770 5113 3865 5153 re-

2279 5202 2749 5275 prehensionibus.
2775 5210 2829 5257 et
2853 5195 2994 5268 apud
3022 5194 3169 5249 illum
3191 5202 3247 5250 et
3264 5193 3405 5265 apud
3436 5194 3600 5248 Deum
3630 5190 3735 5245 erit
3766 5192 3866 5248 tibi

2281 5295 2536 5349 amicitia.
2586 5292 2742 5361 Quod
2794 5290 2839 5345 si
2867 5288 3029 5343 etiam
3074 5286 3187 5355 ipse
3228 5293 3284 5341 te
3325 5282 3533 5348 oderit,
3573 5292 3864 5352 propterea

2283 5388 2421 5443 Dens
2472 5394 2657 5443 manet
2702 5394 2756 5439 te
2796 5379 2964 5451 magis
3012 5378 3279 5450 diligens:
3312 5377 3422 5430 imo
3461 5387 3589 5429 vero
3636 5388 3738 5429 nec
3783 5371 3867 5428 sie

2282 5476 2476 5543 oderit,
2500 5484 2559 5531 ut
2598 5471 2814 5543 quando
2838 5469 2962 5525 odio
3003 5468 3232 5525 habebat
3272 5463 3720 5528 maledicentem;
3765 5460 3869 5517 sed

2284 5582 2409 5627 tunc
2436 5570 2655 5642 quidem
2683 5578 2951 5633 tamquam
3000 5562 3274 5637 inimicum
3305 5565 3362 5613 et
3389 5556 3598 5612 hostem
3640 5567 3871 5609 aversa-

2286 5662 2448 5731 bitur,
2474 5674 2622 5717 nunc
2649 5664 2831 5711 autem
2854 5651 3179 5711 existimabit
3204 5657 3258 5705 te
3280 5649 3475 5721 quovis
3515 5657 3671 5720 patre
3695 5646 3873 5716 magis

2290 5752 2673 5813 reverendam.
2690 5744 2845 5815 Quod
2874 5746 2920 5803 si
2941 5741 3103 5802 etiam
3129 5748 3313 5814 aperte
3338 5742 3517 5797 animo
3534 5751 3676 5806 aegre
3703 5734 3872 5802 lerat,
