4002 6218
293 372 405 427 3⁸⁵9
1324 381 1391 442 ΙΝ
1432 389 1649 448 EPIST.
1692 390 1830 447 IAD

1940 387 2027 444 ιιι.
2071 388 2308 449 HOMIL.
2350 395 2523 455 XLIV.

294 486 433 542 ἀλλά
480 489 556 560 τῷ
584 481 837 558 διαϐόλῳ,
888 495 966 566 τῷ
1004 497 1233 554 ώθοῦντι
1282 504 1377 555 καὶ
1423 504 1866 572 ὑποσκελίζοντις

294 580 408 632 Καὶ
439 579 606 635 πόθεν
640 582 833 649 τοῦτο;
870 586 993 641 Ὅτι
1025 590 1125 642 οὐκ
1156 592 1325 659 ἀνύω,
1362 596 1496 666 φησὶ
1518 635 1533 659 ,
1568 597 1740 667 λέγων
1769 600 1864 653 καὶ

293 668 680 737 συμϐουλεύων
729 674 800 727 τά
852 674 1058 733 δέοντα.
1110 682 1282 735 Πόθεν
1320 684 1377 737 δέ
1430 686 1589 756 δῆλον
1634 690 1716 742 ὅτι
1763 693 1864 743 οὑκ

288 756 542 824 ἀνύσεις;
591 761 684 814 καὶ
727 763 837 835 γάρ
868 767 1027 821 τοῦτο
1070 772 1230 825 πάλιν
1281 775 1519 845 ἐσχάτης
1556 778 1761 844 ἀνοίας,
1805 782 1864 833 ἐν

284 850 469 921 ἀδήλῳ
490 853 583 907 τοῦ
609 854 799 920 τέλους
823 863 1099 929 κειμένου,
1136 863 1408 935 ῥᾳθυμίας
1431 869 1862 943 ὡμολογημένης

282 940 606 1011 ἐγκλήματα
655 944 929 1016 δέχεσθαι.
984 952 1175 1005 Καίτοι
1223 954 1254 1006 ὁ
1306 956 1441 1020 (ἰεὸς
1482 958 1554 1013 τά
1598 940 1861 1030 μέλλοντα

284 1034 551 1101 προειδὼς
572 1076 584 1097 ,
613 1037 876 1103 πολλάκις
908 1035 1053 1109 εἷπε,
1101 1045 1195 1097 καὶ
1234 1047 1335 1100 οὐκ
1368 1048 1531 1119 ήνυσε
1555 1090 1570 1115 ,
1606 1055 1702 1107 καὶ
1740 1055 1858 1107 οὐδὲ

278 1122 344 1176 οε
355 1139 457 1188 τως
473 1127 711 1200 ἀπέστη,
732 1132 1018 1190 καὶταῦτα
1033 1134 1210 1203 εἰδὼς,
1230 1139 1313 1192 ὄτι
1335 1140 1396 1193 ού
1421 1140 1608 1211 μέλλει
1626 1144 1855 1200 πείθειν.

279 1213 428 1306 ξίῗδὲ
466 1219 495 1272 ό
529 1220 792 1290 προειδὼς
816 1224 898 1277 δτι
926 1225 1079 1279 οὐδὲν
1116 1227 1282 1282 πλέον
1316 1232 1557 1302 ποιήσει,
1586 1234 1681 1287 τοῦ
1713 1235 1858 1306 διορι-

278 1304 410 1360 οοῦν
437 1308 538 1364 οὐκ
567 1311 887 1381 ἀφίσταται,
920 1316 1049 1372 τίνα
1087 1318 1230 1384 ἔξεις
1262 1321 1558 1391 ἀπολογίαν
1589 1325 1617 1377 ό
1645 1304 1857 1393 ἀγνοῶν

274 1398 341 1450 τὸ
388 1401 577 1471 μέλλον
608 1407 911 1477 παντελῶς,
958 1412 1055 1466 καὶ
1086 1413 1414 1486 ἐκλυόμενος
1454 1417 1546 1470 καὶ
1593 1417 1850 1487 ναρκῶν;

275 1492 387 1545 Καὶ
413 1494 520 1568 γάρ
547 1497 805 1564 πολλάκις
824 1502 1275 1577 ἐπιχειρήσαντες
1300 1509 1505 1579 ἤνυσαν
1528 1510 1731 1563 πολλοί·
1758 1512 1853 1563 καὶ⁵

272 1580 364 1668 δτι
395 1583 625 1651 μάλιστα
653 1588 998 1656 ἀπέγνωσαν,
1024 1594 1147 1648 τότε
1180 1595 1415 1665 μάλιστα
1441 1596 1725 1668 ἐπέτυχον.
1749 1600 1851 1652 -Ἇν

268 1667 455 1762 δέῗκαὶ
497 1674 666 1746 μηδὲν
699 1680 934 1752 ποιήσῃς
976 1683 1163 1750 πλέον,
1192 1686 1254 1740 τὸ
1287 1686 1487 1743 σαυτοῦ
1520 1667 1845 1762 πεποίηκας.

393 1764 574 1820 τοίνυν
605 1768 974 1841 ἀπάνθρωπος
1012 1776 1163 1845 γίνου
1182 1818 1197 1843 ,
1238 1780 1374 1851 μήτε
1404 1781 1661 1854 ἀνηλεής,
1708 1761 1847 1853 μήτε

264 1850 551 1946 ϐλίγωρος.
589 1858 708 1912 Ὅτι
740 1861 850 1933 γάρ
877 1863 1160 1938 ὠμότητος
1189 1850 1365 1924 ταῦτα
1402 1874 1471 1927 τά
1506 1850 1727 1946 ῥήματα
1753 1850 1848 1928 καὶ

268 1942 569 2014 ῥᾳθυμίας,
599 1949 759 2021 δῆλον
784 1952 1017 2009 ἐκεῖθεν.
1047 1958 1203 2024 Τίνος
1225 1960 1335 2032 γὰρ
1360 1942 1719 2027 ἐνεκεν,ίένὸς
1738 1964 1845 2018 τῶν

266 2035 449 2105 μελῶν
494 2039 588 2093 τοῦ
632 2039 885 2113 σώματός
916 2062 1015 2101 σου
1065 2048 1385 2118 κάμνοντος,
1423 2052 1485 2104 ού
1534 2052 1744 2121 λέγεις·
1778 2055 1844 2107 Τί

266 2144 360 2197 μοι
407 2128 579 2201 μέλει,
616 2134 712 2187 καὶ
756 2134 924 2189 πόθεν
949 2138 1129 2209 δῆλον,
1163 2140 1247 2192 δτι
1280 2143 1329 2194 εί
1368 2143 1681 2213 ἐπιμελείας
1712 2161 1843 2213 τυγ-

3445 415 3559 473 380

1973 522 2066 569 τος
2093 506 2251 560 τοῦτο
2279 509 2535 580 ἐργάζου,
2566 514 2657 566 καὶ
2685 515 2828 582 είπὲ,
2854 517 2937 571 ὅτι
2966 496 3097 573 όῖδα
3129 523 3229 591 μὲν
3251 525 3331 578 ὅτι
3356 526 3442 580 διὰ
3454 529 3549 583 τὸν.

1966 595 2102 650 Θεὸν
2134 598 2197 650 σὺ
2225 603 2419 665 ποιεῖς,
2449 603 2545 655 καὶ
2569 604 2670 673 τὴν
2697 606 2933 675 ἐρημίαν
2960 611 3054 663 καὶ
3078 612 3141 664 τὸ
3174 615 3547 687 ἀπροστάτιυ-

1962 701 2055 738 τον
2089 687 2190 756 τῆς
2223 689 2417 754 ἀθλίας
2452 694 2667 763 ἐκείνης
2701 695 2822 749 ἰδὼν
2854 702 3013 769 χεῖρα
3044 701 3273 772 ῶρεξας.
3314 708 3432 764 Κᾶν
3464 711 3551 785 μὴ»

1961 773 2133 846 ταύτῃ
2165 780 2291 848 ποιῇ
2319 782 2385 848 τῇ
2412 780 2629 855 γνώμῃ,
2656 784 2720 837 σὺ
2744 784 2885 839 οὕτω
2914 786 3061 857 λέγε,
3096 792 3193 844 καὶ
3216 799 3359 863 μετα

1962 866 2246 934 προστίθει
2284 871 2381 923 καὶ
2411 872 2620 939 ταῦτα,
2656 875 2819 929 πάλιν
2854 882 3184 950 παραιτήσει
3220 885 3499 956 χρώμενος
3522 931 3548 957 ,

1962 959 2056 1011 καὶ
2103 959 2275 1027 λέγων
2295 1001 2309 1025 ,
2338 963 2419 1015 51".
2449 966 2564 1019 Οὐκ
2594 968 2924 1035 ἐπιτάττων,
2963 974 3076 1026 ἀλλ’
3104 976 3541 1051 ὑπομιμνήσκων

1957 1050 2132 1138 ταῦτά
2156 1068 2330 1122 φημι·
2353 1054 2442 1109 διά
2461 1055 2553 1110 τὸν
2582 1057 2718 1115 Θεὸν
2747 1062 2810 1115 σὺ
2843 1065 3039 1129 ποιεῖς,
3072 1061 3189 1119 οῖδα
3216 1050 3394 1138 κάγώ·
3420 1072 3539 1127 ἀλλ’

1960 1137 2158 1210 ίδωμεν
2206 1142 2282 1212 μὴ
2329 1143 2581 1215 τίκτηται
2625 1149 2690 1201 ἐκ
2736 1148 2928 1203 τούτου
2972 1153 3141 1207 κακὸν
3176 1137 3394 1227 ἕτερον·
3433 1158 3543 1213 κᾶν

1959 1230 2059 1300 μὲν
2090 1232 2253 1303 μηδὲν
2282 1230 2341 1305 ᾖ,
2385 1236 2583 1307 κάτεχε
2610 1238 2782 1301 ἐνδον,
2811 1242 2908 1295 καὶ
2929 1242 3053 1313 ἔχου
3077 1246 3185 1314 τῆς·
3202 1246 3374 1318 καλῆς
3404 1250 3537 1303 ταύ-

1955 1339 2055 1393 της
2091 1325 2349 1397 σπουδῆς,
2391 1329 2419 1381 ὀ
2440 1329 2668 1383 κωλύων
2703 1332 2910 1398 οὐδείς·
2939 1334 3004 1387 ἂν
3035 1335 3093 1388 δὲ
3120 1336 3295 1408 βλάϐη
3324 1356 3410 1403 τις
3447 1342 3537 1393 ἐν-

1953 1413 2143 1469 τεῦθεν
2189 1415 2407 1488 γίνηται
2451 1418 2546 1473 τοῦ
2593 1422 2819 1493 κέρδους
2873 1424 3092 1495 μείζων,
3143 1428 3533 1501 φυλαξώμεθα,

1952 1507 2287 1576 παρακαλῶ,
2330 1509 2405 1580 μὴ
2440 1510 2764 1575 σπεύδοντες
2810 1514 2941 1584 μίαν
2977 1516 3287 1570 ἀναπαῦσαι
3313 1518 3535 1589 ψυχήν,

1950 1591 2151 1661 μυρίας
2177 1596 2645 1669 σκανδαλίσωμεν.
2684 1601 2794 1654 Καὶ
2828 1602 2903 1673 μὴ
2947 1604 3193 1677 προσθῇς
3229 1607 3429 1672 εὐθέως
3459 1608 3532 1664 τά

1948 1684 2172 1754 κείμενα
2190 1689 2301 1750 τοῖς
2321 1689 2732 1754 σκανδαλίζουσι
2772 1694 3128 1766 κολαστήρια,
3157 1696 3293 1751 ἀλλά
3310 1698 3406 1770 τὴν
3426 1700 3528 1754 αύ-

1944 1774 2038 1828 τοῦ
2065 1778 2450 1848 προσλάμϐανε
2474 1783 2813 1852 μαρτυρίαν,
2835 1785 3012 1854 λέγων
3030 1805 3043 1819 ·
3071 1789 3144 1841 Οὐ
3170 1786 3318 1861 [ιιι]
3339 1791 3526 1861 χρείαν

1946 1864 2090 1937 εχεις
2128 1868 2319 1940 μαθεῖν
2355 1871 2533 1926 ταῦτα
2564 1876 2695 1944 παρ’
2743 1874 2906 1945 ἐμοῦ,
2937 1874 3085 1941 οἶδας
3128 1880 3223 1932 καὶ
3250 1879 3414 1942 αὐτὸς
3441 1880 3525 1934 δτι

1944 1958 2042 2012 ἐάν
2077 1976 2162 2023 τις
2202 1961 2297 2015 ἕνα
2336 1963 2445 2017 τῶν
2493 1965 2710 2035 μικρῶν
2740 1965 2945 2021 τούτων
2994 1967 3345 2039 σκανδαλίσῃ,
3380 1970 3523 2041 πόση

1943 2052 2236 2124 ήπείληται
2278 2055 2435 2125 δίκη·
2470 2057 2566 2111 καὶ
2604 2057 2777 2123 οὕτως
2814 2057 3014 2130 ήδύνας
3054 2052 3148 2111 τὸν
3198 2059 3384 2126 λόγον,
3429 2061 3526 2115 καὶ

1941 2143 2136 2208 λεάνας
2158 2146 2255 2216 τὴν
2284 2147 2474 2218 ὀργὴν,
2498 2149 2733 2203 ἐπιτίθει
2765 2150 2827 2203 τδ
2852 2150 3144 2220 φάρμακον
3172 2150 3273 2220 τῆς
3296 2150 3525 2220 διορθώ-

261 2222 436 2289 χάνει,
473 2222 747 2292 ὑγιαίνεις
792 2227 929 2281 ἀλλὰ
972 2229 1152 2284 πάντα
1183 2234 1381 2297 ποιεῖς,
1414 2233 1503 2286 ῐνα
1533 2234 1638 2288 κᾶν
1674 2236 1840 2305 μηδέν

258 2312 571 2385 ὠφελήσῃς,
609 2316 684 2387 μὴ
715 2317 846 2390 ἔχῃς
872 2318 1124 2387 ἐγκαλεῖν
1158 2322 1401 2392 σεαυτῷ,
1434 2324 1518 2377 δτι
1548 2323 1658 2377 τῶν
1686 2324 1837 2394 ὀφει-

257 2403 463 2458 λόντων
506 2406 757 2475 γενέσθαι
796 2424 849 2463 τι
897 2410 1255 2485 παρελείφθη.
1293 2408 1428 2469 Εἶτα
1465 2415 1573 2469 τῶν
1604 2418 1703 2485 μὲν
1741 2418 1835 2471 τοῦ

257 2492 515 2563 σώματος
563 2495 708 2550 οὕτω
754 2497 903 2570 [415⁸1
958 2503 1319 2574 φροντιοῦμεν
1372 2506 1577 2575 μελῶν,
1618 2507 1726 2561 τῶν
1780 2509 1837 2562 δὲ

252 2584 352 2638 τοῦ
391 2586 625 2651 Χριστοῦ
658 2590 1044 2662 ἀμελήσομεν;
1085 2595 1183 2647 κα)⁸
1221 2595 1325 2649 ποῦ
1363 2596 1535 2650 ταῦτα
1588 2600 1838 2668 συγγνώο

254 2693 370 2748 μης
422 2676 577 2745 aeu;
610 2680 676 2733 Εί
726 2680 836 2752 γάρ
863 2699 920 2735 σε
969 2684 1046 2754 μὴ
1074 2687 1457 2757 κατακάμπτω
1504 2688 1699 2757 λέγων,
1751 2692 1832 2744 ὅτι

251 2766 365 2822 Τοῦ
406 2769 599 2840 μέλους
632 2786 725 2825 σου
748 2774 1075 2845 φρόντισον,
1127 2777 1215 2831 ἶνα
1257 2778 1363 2832 κᾶν
1404 2779 1485 2851 τῷ
1518 2782 1668 2853 φόϐῳ
1701 2783 1832 2856 γένῃ

253 2858 501 2928 βελτίων,
528 2860 626 2916 τοῦ
651 2862 903 2934 σώματος
927 2866 1333 2938 ἀναμιμνήσκω
1360 2886 1420 2922 σε
1449 2870 1542 2924 τοῦ
1567 2872 1827 2943 Χριστοῦ.

254 2951 382 3016 Πῶς
434 2953 543 3025 γὰρ
590 2956 653 3008 ού
698 2956 903 3028 φρίκης
952 2958 1105 3023 ἀξιον
1152 2961 1473 3034 σηπομένην
1520 2964 1686 3017 αὑτοῦ
1734 2965 1831 3035 τήν

251 3046 435 3115 σάρκα
462 3049 614 3119 όρᾷν,
644 3050 741 3102 καὶ
777 3052 1073 3122 πριορᾷνς
1104 3053 1216 3105 Καὶ
1237 3055 1287 3107 εί
1320 3052 1419 3123 μὲν
1446 3054 1662 3125 οἰκέτην
1687 3055 1831 3125 ἔχοις

252 3135 288 3204 ἦ
317 3135 436 3192 ὄνον
471 3140 738 3210 σηπεδόνα
765 3141 979 3214 ἔχοντα,
1007 3146 1107 3198 οὐκ
1142 3145 1207 3198 ἂν
1236 3145 1490 3217 ἀνάσχοιο
1525 3147 1789 3216 περιιδεῖν
1810 3163 1825 3178 ·

249 3230 313 3281 τὸ
330 3229 390 3283 δὲ
419 3232 577 3303 σῶμα
596 3233 692 3288 τοῦ
712 3236 951 3306 Χριστοῦ
978 3238 1167 3309 ψώρας
1187 3239 1331 3307 ὁρῶν
1351 3239 1825 3311 ἐμπεπλησμένον,

242 3324 620 3393 Δ’.τιιαρατρέχεις
643 3342 658 3391 ;
683 3326 788 3379 -καὶ
812 3328 911 3399 οὐχ
1080 3330 1253 3384 ταῦτα
1286 3331 1496 3401 μυρίων
1525 3331 1651 3399 ἀξια
1688 3327 1827 3385 εἶναι

249 3413 533 3480 κεραυνῶν
559 3428 572 3477 ;
613 3414 711 3468 Διά
739 3414 897 3469 τοῦτο
936 3419 1114 3471 πάντα
1165 3419 1277 3475 ἀνω
1307 3423 1401 3474 καὶ
1433 3423 1583 3475 κάτω
1612 3421 1823 3490 γέγονε,

244 3501 338 3555 διά
361 3503 469 3574 τήν
498 3504 896 3578 ἀπανθρωπίαν
922 3508 1149 3581 ταύτην,
1181 3511 1269 3563 διὰ
1296 3512 1395 3583 τὴν
1426 3512 1717 3584 ρᾳθυμίαν.

321 3594 414 3647 Διδ
427 3594 514 3666 δὴ,
538 3598 863 3667 παρακαλῶ,
882 3599 1088 3670 ταύτην
1102 3601 1418 3673 ἐκϐάλωμεν
1432 3604 1530 3675 τὴν
1546 3604 1823 3675 ὠμότητα·

246 3686 515 3755 πρόσελθε
564 3690 758 3759 ἐκείνῳ
800 3690 877 3760 τῷ
909 3693 1244 3746 συνοικοῦντι
1293 3698 1359 3765 τῇ
1406 3697 1679 3767 παρθένῳ,
1731 3698 1825 3750 καὶ

244 3776 371 3828 είπὲ
409 3775 602 3847 μικρὸν
635 3779 913 3850 ἐγκώμιον
948 3782 1042 3835 τοῦ
1073 3783 1326 3851 ἀδελφοῦ,
1354 3786 1461 3838 ἀπὸ
1508 3788 1616 3839 τῶν
1650 3787 1823 3842 ἀλλων

240 3860 320 3920 ῶν
350 3867 460 3938 ἔχει
488 3869 979 3941 πλεονεκτημάτων
1008 3873 1140 3926 αὐτὸ
1176 3876 1446 3941 συντιθείς
1468 3895 1480 3907 ·
1510 3879 1607 3931 καὶ
1633 3878 1823 3948 ῶσπερ

241 3958 401 4013 ὕδατι
421 3960 609 4032 θερμῷ
632 3962 974 4032 περικλύζων
994 3969 1106 4029 τοῖς
1130 3968 1371 4030 ἐπαίνοις
1387 4010 1400 4032 ,
1425 3968 1565 4021 οὕτω
1587 3971 1821 4039 χάλασον

240 4050 407 4104 αὐτοῦ
431 4052 519 4104 τὸν
535 4052 698 4120 ὄγκον
715 4052 808 4105 τοῦ
824 4054 1157 4125 τραύματος·
1177 4058 1461 4112 ταλάνισον
1486 4060 1580 4112 καὶ
1604 4065 1815 4127 σαυτὸν,

239 4143 619 4214 κατηγόρησω
680 4146 775 4198 τοῦ
830 4147 1013 4200 κοινοῦ
1076 4149 1186 4202 τῶν
1239 4150 1541 4221 ἀνθρώπων
1591 4154 1815 4222 γένους,

233 4235 414 4299 δεῖξον
435 4237 517 4289 ὅτι
538 4238 736 4301 πάντες
759 4240 815 4291 ἐν
838 4240 1198 4311 ἁμαρτήμασι
1214 4246 1575 4315 τυγχάνομεν,
1594 4246 1817 4316 αἴτησον

234 4328 599 4399 συγγνώμην,
644 4329 838 4395 είπὼν,
868 4333 952 4386 ὅτι
1004 4334 1216 4403 μείζοσι
1258 4335 1455 4389 σαυτοῦ
1497 4340 1817 4409 πράγμασιν

1942 2252 2099 2299 σεως.
2135 2238 2199 2291 Εί
2226 2240 2282 2294 δὲ
2312 2240 2702 2311 προφασίζοιτο
2734 2242 2900 2296 πάλιν
2927 2243 3026 2314 τήν
3054 2243 3295 2314 ἐρημίαν
3324 2246 3521 2315 αὐτῆς,

1940 2327 2076 2397 μηδέ
2102 2328 2276 2392 οὕτως
2303 2331 2531 2403 ἐλέγξῃς
2563 2331 2663 2402 τὴν
2696 2333 2915 2402 σκῆψιν,
2956 2333 3075 2388 ἀλλ’
3108 2335 3230 2389 είπέ
3256 2337 3393 2408 πρὸς
3420 2336 3522 2390 αύ-

1935 2419 2060 2472 τόν·
2110 2421 2294 2489 Μηδέν
2354 2440 2413 2474 σε
2470 2423 2678 2476 τούτων
2726 2425 2983 2492 φοϐείτω,
3027 2425 3324 2494 ἀπολογίαν
3376 2426 3521 2491 ἐξεις

1936 2510 2235 2579 ἀρκοῦσαν,
2276 2513 2337 2566 τὸ
2369 2513 2572 2583 ἐτέρων
2613 2516 2909 2570 σκάνδαλον
2930 2533 2942 2546 ·
2991 2519 3052 2571 οὐ
3087 2518 3196 2589 γάρ
3223 2518 3311 2573 διά
3347 2518 3517 2591 ρᾳθυ-

1936 2602 2088 2670 μίαν,
2114 2603 2228 2659 ἀλλ’
2268 2604 2495 2659 ἐκείνων
2522 2606 2855 2677 κηδόμενος,
2891 2608 3098 2680 ταύτης
3131 2610 3377 2682 ἀπέστης
3413 2610 3515 2680 τῆς

1935 2694 2195 2766 σπουδῆς.

2005 2877 2064 2923 ε’·
2103 2870 2213 2925 Καὶ
2230 2870 2301 2924 τά
2320 2874 2420 2942 μέν
2434 2880 2535 2946 τῆς
2552 2876 2865 2948 συμϐουλῆς
2894 2878 3034 2932 ἔστω
3065 2880 3123 2933 ἐν
3146 2879 3337 2952 βραχεῖ
3353 2895 3367 2912 ·
3389 2878 3512 2935 ούδέ

1930 2964 2036 3035 γάρ
2060 2964 2232 3018 δεῖται
2258 2966 2611 3032 διδασκαλίας
2647 2970 2883 3040 πολλῆς·
2926 2971 2993 3025 τά
3031 2970 3088 3024 δέ
3122 2975 3223 3043 τῆς
3262 2973 3510 3042 συγγνώ-

1933 3073 2040 3125 μης
2074 3056 2237 3110 πάλιν
2262 3057 2433 3112 πολλά
2458 3059 2554 3112 καὶ
2578 3060 2891 3131 ἐπάλληλα·
2917 3062 3012 3115 καί⁵
3044 3062 3138 3115 ἐπὶ
3162 3063 3262 3133 τὴν
3288 3065 3510 3135 ἀγάπην

1928 3146 2242 3215 κατάφευγε
2272 3149 2537 3219 συνεχῶς,
2568 3153 2877 3217 συσκιάζων
2904 3154 2967 3206 τὺ
3006 3155 3265 3225 φορτικὸν
3294 3154 3403 3208 τῶν
3434 3159 3510 3209 εί-

1931 3235 2203 3306 ρημένων,
2242 3238 2336 3291 καὶ
2370 3239 2467 3311 τὴν
2493 3239 2739 3303 ἐξουσίαν
2774 3243 2923 3312 αύτῷ
2952 3245 3149 3307 διδοὺς,
3187 3245 3282 3297 καὶ
3309 3245 3506 3312 λέγων,

1926 3328 2007 3381 ὄτι
2054 3327 2194 3397 Ἐγὼ
2240 3330 2338 3400 μὲν
2380 3328 2555 3384 ταῦτα
2599 3333 2850 3404 παραινῶ
2882 3334 2976 3387 καὶ
3007 3335 3378 3406 συμϐουλεύω,
3410 3337 3505 3389 τοῦ

1923 3417 1982 3471 δὲ
2014 3418 2300 3489 πεισθῆναι
2335 3420 2523 3493 κύριος
2552 3422 2717 3487 αὑτός
2739 3439 2753 3453 ·
2798 3424 2919 3477 οὐδὲ
2957 3425 3065 3499 γάρ
3105 3427 3509 3495 καταναγκάζω

1925 3510 2019 3562 καὶ
2056 3509 2335 3581 βιάζομαι,
2364 3512 2501 3566 άλλά
2529 3516 2594 3584 τῇ
2624 3514 2803 3583 οἰκείᾳ
2834 3530 2926 3567 σου
2973 3516 3036 3569 τὸ
3072 3518 3181 3570 πᾶν
3226 3517 3510 3585 ἐπιτρέπω

1924 3600 2137 3672 γνώμῃ.
2162 3603 2260 3654 Ἂν
2289 3602 2430 3655 οῦτω
2456 3604 2928 3677 μεταχειρίζωμεν
2955 3607 3047 3660 τὸν
3071 3607 3313 3678 ἔλεγχον,
3343 3609 3507 3679 δυνη-

1925 3691 2133 3760 σόμεθα
2154 3693 2353 3763 ῥᾳδίως
2378 3696 2506 3759 τοὺς
2533 3697 2945 3768 ἁμαρτάνοντας
2969 3698 3216 3769 διορθοῦν
3234 3715 3245 3727 ·
3276 3699 3352 3763 ὡς
3379 3700 3414 3753 ἀ
3439 3718 3503 3768 γε

1921 3780 2017 3834 νῦν
2047 3783 2327 3853 ποιοῦμεν,
2359 3785 2562 3855 θηρίων
2599 3788 2797 3857 μᾶλλόν
2829 3792 2945 3842 ἐστι
2969 3792 3063 3843 καὶ
3084 3790 3319 3860 ἀλόγων,
3352 3792 3503 3862 ἦάν-

1922 3868 2177 3939 θρώπων.
2217 3874 2315 3926 Ἂν
2346 3875 2456 3945 γὰρ
2484 3875 2781 3930 αἴσθωνται
2810 3895 2957 3942 τινες
2988 3881 3083 3933 νῦν
3106 3882 3331 3935 τοιαῦτά
3354 3900 3501 3946 τινος

1922 3962 2351 4031 ἁμαρτάνοντος,
2391 3966 2585 4037 ἐκείνῳ
2624 3970 2722 4037 μὲν
2760 3969 2913 4023 οὐδὲν
2942 3970 3304 4040 διαλέγονται.
3343 3975 3501 4027 αὐτοὶΙ

1919 4052 1975 4103 δὲ
1996 4054 2247 4126 καθάπερ
2278 4056 2495 4126 γραῒδια
2524 4058 2790 4127 μεθύοντα
2818 4060 3162 4133 ψιθυρίζουσι
3192 4065 3309 4132 μετ’
3332 4064 3387 4118 ἀ)
3399 4065 3499 4135 λήι-

1918 4143 2059 4197 λων·
2088 4147 2181 4198 καὶ
2227 4147 2463 4218 οὐδαμοῦ
2507 4150 2583 4215 τὸ,
2636 4152 2769 4222 Είκῆ
2801 4153 2978 4220 φιλοῦ,
3024 4156 3145 4225 είκῆ
3205 4157 3279 4227 μὴ
3314 4156 3495 4226 μισοῦ,

1919 4236 2154 4292 ἐνταῦθα
2174 4238 2320 4291 δοκεῖ
2336 4239 2518 4311 χώραν
2535 4242 2679 4313 ἐχειν
2695 4245 2897 4309 αὐτοῖς,
2923 4245 3037 4299 ἀλλ’
3065 4248 3193 4300 ὅταν
3226 4248 3324 4317 μὲν
3355 4265 3493 4301 κακ-

1918 4328 2192 4399 ηγορῆσαι
2266 4330 2614 4401 ἐπιθυμῶσι,
2672 4336 3072 4407 καταφρονοῦσι
3110 4338 3206 4391 τοῦ
3256 4339 3329 4409 μὴ
3370 4340 3491 4409 εικῆ

96 4880 111 4888 ’
226 4874 492 4937 πολλάκις
538 4877 606 4945 τῇ
646 4878 971 4947 παραιτήσει
1009 4881 1383 4949 χρησάμενος,
1430 4884 1524 4936 καὶ
1554 4901 1809 4953 παρακα-

231 4421 555 4491 ἐπιχειρεῖς,
576 4422 693 4475 ἀλλ’
726 4424 759 4494 ἡ
786 4424 975 4496 ἀγάπη
1003 4428 1185 4481 πάντα
1212 4428 1386 4481 πείθει
1424 4429 1651 4500 τολμᾷν.
1683 4427 1817 4486 Εἶτα
1919 4420 2221 4490 μισεῖσθαι.
2258 4422 2459 4492 μᾶλλον
2494 4424 2551 4477 δὲ
2581 4428 2673 4478 καὶ
2714 4427 2808 4480 τοῦ
2849 4428 3174 4489 κολάξεσθαι
3206 4431 3346 4499 (οὐδὲ
3385 4432 3491 4502 γὰρ

232 4509 644 4580 συμϐουλεύων,
674 4515 751 4584 μὴ
785 4514 1171 4579 ἐπιτακτικῶς,
1197 4518 1312 4571 ἀλλ’
1334 4518 1636 4587 ἀδελφικῶς
1657 4521 1815 4574 τοῦτο
1919 4518 2073 4583 μῖσος
2102 4512 2351 4567 ἐντεῦθεν
2386 4515 2570 4585 μόνον,
2618 4516 2755 4569 ἀλλά
2790 4520 2882 4572 καὶ
2917 4520 3137 4582 κόλασις
3182 4521 3448 4589 τίκτεται)
3474 4538 3486 4553 ⁸

228 4602 398 4655 ποίει·
447 4603 543 4656 καὶ
589 4603 800 4667 τούτοις
854 4607 987 4658 πᾶσι
1037 4607 1279 4677 χαλάσας
1323 4608 1425 4678 τὴν
1480 4611 1811 4683 φλεγμονὴν,
1914 4607 2040 4660 ὅταν
2068 4606 2123 4658 δὲ
2148 4607 2485 4677 διορθώσεως
2515 4607 2631 4678 δέῃ,
2664 4609 2821 4662 τοῦτό
2872 4628 2931 4662 τε
2976 4612 3107 4664 αὐτὸ
3152 4614 3247 4665 καὶ
3290 4614 3487 4683 μυρίας

208 4695 329 4755 ,καὶ
352 4694 894 4767 παραμυθησάμενος
915 4699 1014 4767 τὴν
1034 4698 1302 4769 ἀλγηδόνα
1324 4701 1420 4773 τὴν
1442 4703 1505 4755 ὲκ
1521 4703 1621 4771 τῆς
1638 4705 1812 4773 τομῆς
1914 4697 2103 4769 ἑτέρας
2142 4700 2474 4770 προφέρουσι
2519 4700 2840 4770 προφάσεις.
2882 4702 3070 4755 Ταῦτα
3096 4704 3205 4772 γὰρ
3237 4706 3359 4757 τότε
3405 4705 3493 4759 ἐν-

226 4783 638 4852 συμϐαίνουσαν
676 4784 769 4837 τοῦ
811 4785 1097 4855 μέλλοντος
1130 4788 1353 4858 ἐλέγχου
1398 4790 1689 4859 γενέσθαι,
1719 4795 1811 4845 καὶ
1911 4792 2273 4862 νοεῖνέχρῆν,
2318 4794 2446 4847 ὅταν
2493 4799 2836 4866 κακηγορῇς,
2876 4796 3005 4849 ὅταν
3052 4796 3365 4866 διαϐάλλῃς,
3404 4797 3488 4865 τὸ,

1911 4885 2045 4954 Είκῆ
2074 4885 2150 4955 μὴ
2191 4886 2375 4955 μισοῦ,
2413 4888 2507 4940 καὶ
2539 4888 2618 4952 τὸ,
2649 4889 2813 4941 Οὐδὲν
2846 4886 2995 4940 ἀνύω
3017 4928 3032 4951 ,
3072 4889 3166 4941 καὶ
3198 4889 3281 4952 τὸ,
3321 4889 3489 4943 Οὐδέν

222 4963 393 5028 λύσας
424 4966 498 5036 μὴ
526 4964 870 5036 ὀργισθῆναι·
901 4968 1029 5022 ὅταν
1054 4971 1217 5023 αὐτὸν
1240 4974 1551 5045 καταδήσῃς
1573 4975 1805 5038 τούτοις,
1911 4990 2002 5041 μοι
2024 4975 2196 5041 μέλει.
2216 4976 2331 5027 Νῦν
2349 4976 2423 5040 δὲ,
2453 4978 2574 5029 τότε
2609 4976 2711 5044 μὲν
2739 4978 3214 5047 πολυπραγμονεῖς
3241 4978 3485 5049 σφοδρῶς

220 5053 352 5106 τότε
387 5055 561 5125 ἔπαγε
610 5057 710 5128 τὴν
754 5057 990 5129 πληγὴν,
1037 5061 1176 5129 μήτε
1216 5061 1430 5129 δεσμῶν
1458 5065 1520 5116 τὸ
1552 5068 1805 5136 πρᾶγμα,

224 5146 369 5214 μήτε
402 5146 633 5208 ἐκλύων.
666 5150 754 5203 ἵνα
779 5153 918 5222 μήτε
946 5151 1153 5206 ἐκεῖθεν
1178 5153 1527 5226 ἀποπηδήσῃ.
1558 5158 1693 5226 μήτε
1722 5160 1806 5210 ὲν⁹
1905 5155 2123 5207 κακῶν·
2170 5157 2298 5209 ὅταν
2354 5156 2409 5210 δὲ
2451 5158 2593 5228 ὑπὲρ
2643 5161 2743 5230 τῆς
2790 5162 3061 5231 σωτηρίας
3108 5160 3201 5212 τοῦ
3250 5160 3482 5230 ἀδελφοῦ

215 5234 419 5289 τεῦθεν
452 5243 864 5314 καταφρονήσῃ.
916 5244 1017 5297 'Av
1060 5258 1120 5295 τε
1154 5244 1263 5315 γὰρ
1292 5246 1367 5314 μὴ
1408 5248 1627 5317 καιρίαν
1674 5247 1801 5317 δῷς,
1904 5245 2211 5315 φροντίζειν
2252 5248 2365 5320 δὲῃ.
2398 5248 2519 5302 τότε
2552 5251 2643 5303 καὶ
2683 5253 2991 5321 ἀπράγμων
3028 5250 3122 5302 καὶ
3166 5251 3483 5323 ἀνεπαχθής

216 5329 378 5396 MV
402 5332 643 5403 εἰργάσω
684 5335 864 5390 πλέσν·
896 5337 963 5391 ἀν
1000 5338 1058 5391 δέ
1092 5338 1336 5410 σφοδρῶς
1384 5339 1625 5412 πλήξῃς,
1670 5341 1803 5394 ἀπο-
1900 5357 1983 5403 τις
2014 5334 2153 5393 εἶναι
2185 5339 2392 5409 βούλει·
2426 5342 2602 5395 καίτοι
2639 5343 2746 5394 ἀπὸ
2782 5343 2880 5411 μὲν
2920 5344 3261 5416 κακηγορίας
3289 5345 3384 5397 καὶ
3417 5345 3480 5398 τὸ

218 5421 521 5493 σκιρτῆσαι
564 5423 847 5493 ἐποίησας.
884 5428 976 5482 Διδ
1004 5429 1067 5500 δή
1101 5431 1193 5483 καὶ
1238 5430 1374 5500 μετά
1404 5429 1579 5485 ταῦτα
1623 5431 1800 5485 πάντα
1902 5429 2039 5499 πρὸς
2063 5429 2384 5499 ἀνθρώπους
2406 5434 2583 5487 καὶτὸ
2617 5432 2751 5502 πρὸς
2774 5434 2866 5486 τὸν
2892 5433 3025 5487 Θεὸν
3056 5437 3265 5504 γίνεται
3299 5438 3476 5508 μῖσος,

214 5516 470 5586 ἐλέγχειν
518 5514 730 5585 μέλλων
753 5559 767 5581 ,
820 5519 1085 5589 ἀνάμιξον
1137 5523 1301 5577 πάλιν
1361 5522 1636 5592 ἐγκώμιον
1688 5527 1800 5586 τοῖς
1897 5522 1994 5573 καὶ
2015 5521 2076 5572 οὐ
2102 5522 2308 5591 σφόδρα
2329 5539 2411 5574 σοι
2432 5522 2589 5575 τοῦτο
2620 5523 2806 5592 μέλει·
2839 5527 2949 5581 ἀπὸ
2976 5527 3032 5579 δὲ
3055 5528 3154 5598 τῆς
3184 5529 3305 5581 κατ’
3340 5527 3481 5583 ίδίαυ

214 5607 486 5678 ἐλέγχοις·
513 5601 604 5661 καὶ
626 5607 815 5680 ἐπειδὴ
835 5608 968 5662 αὐτὸ
991 5611 1110 5664 καθ’
1133 5614 1295 5666 ἑαυτὸ
1315 5613 1376 5667 τδ
1399 5613 1716 5682 γιγνόμενον
1736 5615 1797 5666 οὐ
1900 5610 2210 5683 συμϐουλῆς
2246 5612 2339 5664 καὶ
2366 5612 2474 5665 τῶν
2503 5614 2761 5669 τοιούτων
2787 5617 3026 5688 ἐλέγχων
3053 5621 3147 5674 καὶ
3183 5619 3317 5691 πρὸς
3344 5620 3474 5674 τοῦ-

212 5699 445 5753 δύναται
465 5696 602 5755 εἶναι
627 5702 902 5773 ἐγκώμιον
924 5704 1007 5772 (οὐ
1032 5706 1142 5777 γὰρ
1160 5707 1309 5771 ἄξιον
1329 5710 1551 5763 ἐπαίνου
1572 5709 1633 5764 τὸ
1660 5709 1795 5781 κόρῃ
1894 5720 1989 5758 τον
2017 5703 2109 5756 καὶ
2155 5702 2293 5772 πρὸς
2333 5702 2424 5758 τὸν
2448 5703 2580 5760 Οεὸν
2609 5706 2761 5761 ἔσται
2796 5726 2879 5762 σοι
2910 5709 3084 5777 φιλία.
3138 5712 3233 5762 “Av
3282 5710 3339 5763 δέ
3379 5712 3476 5768 καὶ

217 5795 493 5855 συνοικεῖν
521 5795 821 5867 παρθένῳ),
850 5795 957 5849 ἀπὸ
982 5798 1079 5868 τῆς
1108 5799 1334 5872 γνώμης
1362 5799 1454 5854 τοῦ
1486 5800 1793 5856 συνοικοῦν-
1894 5793 2057 5859 αὐτὸς
2089 5795 2242 5865 μισῇ.
2285 5796 2312 5849 ὁ
2346 5794 2479 5860 Θεὸς
2518 5797 2665 5869 μένει
2718 5798 2802 5853 διὰ
2840 5799 2996 5853 τοῦτο
3033 5799 3234 5871 μᾶλλον
3262 5800 3467 5873 φιλῶν

1908 5065 1999 5115 καὶ
2030 5066 2358 5134 περιέργως,
2391 5066 2485 5118 καὶ
2521 5068 2714 5136 μίσους
2756 5074 3121 5141 καταφρονεῖς
3151 5071 3245 5122 καὶ
3272 5070 3481 5139 μυρίων
