4028 6222
300 389 394 446 εει

294 514 539 557 seorsum
600 496 741 569 apud
794 512 855 552 se
908 506 1130 564 magnas
1181 492 1277 548 tibi
1332 491 1549 547 habebit
1598 493 1816 562 gratias.

368 591 421 645 6.
453 582 576 643 Hzéc
608 603 735 657 ergo
759 586 1078 656 cogitantes,
1095 597 1275 638 curam
1299 597 1555 652 geramus.
1572 591 1875 636 nostrorum

294 680 660 736 membrorum
681 719 696 743 ,
725 691 898 747 neque
930 676 1158 745 linguam
1200 673 1336 728 alter
1370 672 1422 726 in
1460 672 1683 727 alterum
1713 686 1873 725 acua-

294 783 641 838 mus,neque
669 752 831 821 verba
862 765 1144 836 loquamur
1182 778 1301 833 quae
1338 762 1649 832 demergant
1684 770 1738 815 et
1774 761 1873 815 ob-

294 872 477 924 ruant,
529 859 761 930 proximi
802 858 997 911 bonam
1032 855 1223 910 famam
1257 854 1649 916 subvertentes,
1671 862 1726 906 et
1768 867 1873 906 non

293 966 453 1005 secus
485 961 645 1018 atque
685 948 739 1002 in
767 948 908 1002 bello
933 957 985 1001 et
1014 960 1184 1015 pugna
1224 944 1523 998 sauciantes
1549 951 1601 997 et
1630 942 1871 995 sauciati.

293 1041 431 1108 Quid
460 1041 600 1096 enim
622 1039 733 1108 jam
776 1037 992 1108 prodest
1016 1035 1276 1105 jejunium
1305 1041 1397 1087 aut
1436 1034 1635 1102 vigilia,
1666 1032 1877 1100 quando

292 1133 443 1187 ebria
486 1130 647 1185 fuerit
686 1130 883 1199 lingua,
913 1138 964 1182 et
1004 1127 1152 1181 cauis
1178 1125 1428 1181 carnibus
1470 1123 1876 1177 immundiorem

293 1240 535 1277 mensam
577 1221 831 1285 comedit,
864 1228 921 1274 ut
959 1235 1077 1289 qua:
1117 1219 1434 1287 sanguivora
1474 1215 1659 1270 elfecta
1706 1216 1792 1277 sit,
1825 1224 1878 1269 et

294 1328 505 1367 omnum
533 1312 766 1367 elIundat
793 1318 846 1363 et
886 1310 1081 1363 cloacae
1127 1306 1365 1362 canalem
1410 1320 1471 1359 os
1512 1304 1703 1367 faciat;
1764 1305 1877 1357 imo

295 1420 422 1458 vero
448 1418 513 1457 eo
540 1402 695 1470 longe
717 1399 974 1468 impurius
994 1408 1048 1451 et
1072 1398 1239 1465 magis
1260 1394 1714 1449 abominandum?
1746 1393 1874 1447 Nam

300 1494 443 1565 quod
488 1494 632 1546 illinc
678 1490 892 1560 quidem
944 1487 1206 1558 procedit,
1236 1501 1431 1556 corpus
1476 1485 1703 1555 polluit:
1738 1482 1878 1553 quod

294 1584 421 1639 hinc
448 1592 647 1645 autem,
691 1596 833 1650 saepe
881 1578 1103 1633 suﬂ'ocat
1148 1579 1399 1631 animam.
1432 1576 1556 1629 Haec
1602 1576 1740 1639 dico,
1772 1589 1877 1627 non

295 1694 477 1732 eorum
509 1677 595 1746 qui
623 1675 762 1729 male
790 1672 1031 1739 audiunt,
1064 1682 1263 1726 temere
1290 1686 1471 1725 curam
1502 1685 1729 1739 gerens;
1756 1684 1877 1721 nam

296 1770 369 1824 illi
402 1784 612 1839 quoque
659 1768 803 1838 digni
851 1775 976 1821 sunt
1020 1765 1267 1827 coronis,
1300 1778 1420 1817 cum
1452 1778 1572 1831 quae
1626 1762 1880 1815 dicuntur

295 1861 471 1914 lerunt
510 1859 757 1921 fortiter;
806 1857 900 1912 sed
945 1864 1180 1910 vestrum
1210 1856 1296 1923 qui
1329 1853 1526 1908 dicitis.
1575 1853 1706 1907 Nam
1757 1868 1877 1906 eum

293 1949 508 2012 quidem
528 1991 541 2015 ,
562 1949 653 2019 qui
684 1958 885 2011 temere
908 1956 962 2001 et
987 1947 1103 2000 sine
1125 1959 1283 1999 causa
1312 1944 1451 1998 male
1477 1943 1643 2005 audit,
1668 1944 1875 1996 beatum

292 2042 642 2112 pronuntiant
670 2040 999 2109 Scripturae;
1044 2053 1167 2092 eum
1211 2046 1410 2101 autem,
1443 2036 1533 2105 qui
1564 2035 1701 2089 male
1729 2035 1877 2099 dicit,

293 2149 323 2187 a
363 2134 564 2186 sanctis
595 2130 869 2199 expellunt
918 2129 1219 2200 mysteriis,
1254 2129 1361 2182 imo
1408 2127 1473 2180 ab
1519 2128 1633 2194 ipso
1681 2126 1880 2179 ambitu

296 2224 541 2278 ecclesiae.
570 2240 582 2275 :
618 2222 772 2285 Eum,
799 2222 989 2289 inquit,
1021 2221 1106 2289 qui
1139 2220 1423 2273 clanculum
1447 2217 1664 2269 detrahit
1703 2218 1765 2269 de
1790 2232 1882 2269 suo

292 2314 546 2382 proximo,
568 2311 898 2381 persequebar
917 2310 1087 2380 (Psal.
1114 2308 1236 2363 100.
1256 2309 1343 2379 5);
1366 2307 1654 2377 quinetiam
1674 2321 1794 2359 eum
1811 2305 1879 2358 di.

291 2406 365 2459 cit
389 2403 659 2473 indignum
684 2403 913 2458 lectione
931 2400 1522 2455 sacrarumliterarum.
1545 2398 1663 2459 Cur,
1690 2398 1878 2465 inquit,

295 2506 346 2548 tu
377 2512 584 2549 enarras
607 2494 1001 2564 justi/icationes
1035 2509 1188 2553 meas,
1214 2501 1260 2544 et
1284 2491 1497 2543 assumis
1538 2497 1882 2541 testamentum

292 2603 459 2639 meum
510 2602 598 2653 per
628 2601 684 2639 os
724 2594 863 2636 tuum
910 2582 1080 2652 (Psal.
1118 2582 1202 2635 49.
1240 2581 1365 2646 16)?
1418 2579 1617 2633 Deinde
1665 2593 1878 2631 causam

292 2677 540 2737 all‘erens,
566 2675 695 2729 dicit
727 2691 738 2725 :
776 2673 971 2727 Sedens
1007 2680 1181 2723 contra
1221 2670 1433 2735 fratrem
1477 2678 1617 2719 tuum
1648 2666 1882 2735 loqueba-

295 2770 385 2823 ris.
411 2770 472 2823 Et
496 2768 579 2821 hic
605 2767 818 2834 quidem
844 2780 948 2819 non
976 2764 1239 2825 distinxit,
1261 2762 1439 2814 sintne
1461 2774 1585 2813 vera
1617 2774 1681 2811 an
1715 2758 1879 2823 falsa;

298 2860 424 2913 alibi
475 2869 653 2912 autem
701 2860 802 2911 hoc
841 2870 1053 2925 quoque
1097 2852 1390 2923 prohibuit,
1424 2851 1714 2905 ostendens
1743 2850 1883 2918 quod

297 2952 508 3008 etiamsi
536 2952 679 3005 'vera
708 2951 874 3014 dicas,
906 2965 968 3003 ea
998 2964 1103 3001 non
1145 2954 1267 2999 sunt
1294 2962 1321 2997 a
1352 2952 1404 2997 te
1430 2943 1674 2997 dicenda.
1709 2940 1885 2994 Nolite

293 3046 549 3116 iudicare,
586 3042 775 3111 inquil,
808 3050 861 3092 ut
883 3056 981 3091 non
1000 3036 1301 3107 judicemini
1330 3033 1541 3103 (Matth.
1573 3034 1625 3084 7.
1652 3033 1722 3101 1).
1753 3032 1881 3085 Nam

297 3146 351 3192 et
390 3137 477 3203 qui
509 3135 845 3201 publicanum
889 3129 1183 3184 maledictis
1226 3126 1605 3187 insectabatur,
1636 3134 1718 3177 est
1755 3139 1882 3177 con-

294 3228 595 3287 demnatus,
622 3224 719 3278 etsi
752 3238 877 3277 vero
914 3221 1059 3275 illum
1096 3218 1398 3273 accusabat.
1425 3216 1558 3281 Quid
1585 3214 1770 3269 verosi
1793 3215 1880 3279 sit,

297 3317 487 3385 inquit,
508 3314 771 3384 quispiam
801 3312 973 3367 audax
996 3319 1050 3365 et
1074 3308 1456 3370 exsecrandus,
1486 3320 1587 3358 non
1614 3314 1695 3359 est
1717 3304 1828 3371 ipse
1856 3319 1883 3356 a

301 3406 460 3460 nobis
509 3404 860 3474 corrigendus
901 3412 956 3457 et
1011 3399 1350 3470 argucndus?
1395 3396 1712 3466 Arguendus
1758 3409 1885 3447 sane

297 3507 381 3553 est
423 3504 477 3551 et
502 3494 869 3565 corrigendus,
898 3493 990 3547 sed
1040 3493 1110 3546 ita
1158 3501 1210 3544 ut
1240 3492 1387 3560 prius
1416 3488 1562 3542 dixi:
1598 3488 1679 3540 sin
1708 3494 1885 3539 autem

301 3588 405 3641 hoc
452 3587 580 3640 facis
629 3588 675 3639 ei
726 3583 1077 3653 exprobrans,
1106 3581 1228 3635 vide
1260 3596 1344 3645 ne,
1377 3580 1504 3633 dum
1558 3577 1884 3659 Pharisaium

300 3680 451 3732 illum
484 3677 731 3741 imitaris,
763 3676 814 3728 id
866 3675 959 3728 tibi
990 3672 1131 3742 quod
1172 3672 1249 3724 illi
1281 3671 1505 3725 accidat.
1553 3669 1695 3723 Nihil
1744 3669 1886 3723 enim

302 3771 426 3824 hinc
453 3768 587 3822 redit
607 3768 761 3833 lucri,
783 3781 889 3821 non
912 3766 976 3819 ad
1007 3774 1058 3819 te
1091 3765 1177 3831 qui
1204 3762 1358 3825 dicis,
1394 3778 1499 3816 non
1522 3760 1588 3814 ad
1615 3761 1759 3813 illum
1792 3760 1882 3829 qui

1388 380 1454 437 IN
1492 379 1703 437 EPIST.
1747 380 1809 435 ll.
1841 381 1934 436 AD
1972 380 2124 439 COR.
2166 381 2395 439 HOMIL.
2438 380 2479 438 Ι.

3442 379 3553 435 38%

1981 492 2128 547 audit
2154 484 2232 548 sic
2257 503 2538 549 accusatus
2564 509 2578 545 :
2608 492 2699 548 sed
2725 492 2814 549 ille
2835 492 3047 565 quidem
3072 491 3253 549 evadit
3278 491 3559 562 impuden-

1984 585 2107 639 tior.
2140 585 2273 640 Nam
2304 585 2557 654 quamdiu
2582 585 2796 657 quidem
2845 586 2994 651 latet,
3043 585 3144 640 scit
3191 584 3512 640 erubescere
3540 603 3562 641 τ

1983 685 2261 746 postquam
2312 687 2489 731 autem
2534 678 2766 732 evaserit
2796 677 3128 740 manifestus,
3159 676 3210 731 id
3236 676 3380 747 quod
3426 676 3555 733 inde

1981 766 2212 823 habebat
2254 768 2466 824 frenum
2509 768 2889 838 expellit:qui
2935 779 3113 822 autem
3162 767 3345 832 audit,
3373 782 3559 822 rursus

1980 863 2148 930 magis
2174 862 2417 918 laedatur.
2450 862 2581 917 Nam
2622 862 2733 916 sive
2765 877 2941 917 rerum
2975 870 3119 916 recte
3143 876 3171 914 a
3201 876 3259 915 se
3285 869 3556 931 gestarum

1981 952 2139 1007 fuerit
2168 953 2267 1008 sibi
2293 954 2558 1019 conscius,
2587 952 2821 1020 inﬂatur,
2848 951 3066 1007 alterius
3095 942 3302 1006 tumens
3329 965 3514 1005 accusa
3537 982 3549 990 -

1983 1042 2247 1105 tionibus;
2280 1042 2391 1096 sive
2417 1051 2750 1121 peccatorum
2772 1084 2785 1109 ,
2830 1042 2886 1096 lit
2934 1042 3229 1110 promptior
3265 1051 3313 1096 el
3339 1030 3575 1095 alacrior‘

1981 1132 2049 1186 ad
2072 1133 2282 1187 vitium.
2305 1133 2371 1187 Et
2400 1134 2514 1203 ipse
2543 1150 2729 1188 rursus
2751 1134 2840 1203 qui
2870 1134 3019 1197 dicit,
3045 1134 3181 1202 apud
3204 1149 3323 1187 eum
3353 1134 3439 1201 qui
3466 1150 3563 1187 auo

1986 1223 2062 1277 dit
2094 1224 2146 1277 in
2174 1225 2309 1278 mala
2337 1226 2438 1279 erit
2461 1226 2875 1291 existimatione,
2903 1234 2957 1280 et
3003 1225 3169 1279 Deum
3222 1225 3276 1279 in
3306 1242 3366 1280 se
3399 1228 3566 1295 magis

1981 1312 2232 1367 irritabit.
2260 1312 2618 1379 Quamobrem
2660 1330 2791 1383 rogo
2818 1329 2979 1369 omne
3002 1313 3222 1368 verbum
3251 1313 3563 1370 obscaenum

1978 1414 2033 1457 et
2063 1405 2299 1460 fmtidum
2328 1406 2643 1472 ejiciamus;
2675 1406 2717 1457 si
2747 1405 2873 1473 quid
2918 1405 3111 1458 bonum
3138 1398 3207 1456 ad
3257 1403 3567 1458 mililicatio-

1984 1512 2127 1560 nem,
2154 1496 2257 1550 hoc
2295 1496 2554 1550 dicamus.
2589 1497 2659 1549 At
2687 1496 2837 1564 cupis
2865 1496 3011 1549 illum
3049 1496 3274 1550 ulcisci?
3303 1496 3408 1549 Cur
3436 1511 3566 1564 ergo

1986 1596 2034 1641 te
2064 1602 2159 1654 pro
2190 1585 2279 1639 illo
2302 1586 2623 1640 ulcisceris?
2652 1586 2781 1639 Nam
2806 1586 2893 1654 qui
2936 1586 3122 1640 studes
3150 1586 3332 1640 ulcisci
3362 1601 3451 1639 eos
3475 1588 3566 1655 qui

1982 1678 2077 1730 tibi
2128 1676 2343 1731 fuerunt
2386 1678 2618 1743 molesti,
2654 1677 2722 1729 ita
2774 1679 3035 1733 ulciscere
3078 1689 3131 1732 ut
3167 1679 3364 1734 Paulus
3407 1680 3566 1747 jussit

1982 1767 2188 1821 ulcisci.
2236 1767 2296 1821 Si
2343 1770 2494 1821 esurit
2535 1768 2771 1819 inimicus
2814 1778 2948 1833 tuus,
2978 1770 3087 1821 ciba
3130 1770 3317 1833 illum;
3359 1773 3403 1822 si
3440 1772 3563 1833 sitit,

1984 1859 2049 1909 da
2070 1859 2147 1910 illi
2177 1867 2347 1925 potum
2378 1857 2553 1925 (Rom.
2597 1858 2682 1911 12.
2710 1856 2822 1926 ΞΟ).
2874 1857 2928 1911 Si
2980 1868 3157 1913 autem
3208 1860 3310 1915 huc
3349 1862 3565 1930 quidem

1985 1962 2088 2000 non
2120 1947 2270 2009 facis,
2302 1948 2473 2001 solum
2505 1956 2683 2002 autem
2725 1948 3015 2012 insidiaris,
3045 1949 3095 2003 in
3126 1951 3351 2019 teipsnm
3382 1968 3567 2007 ensem

1984 2038 2219 2105 stringis.
2240 2036 2596 2103 Quamobrem
2627 2039 2669 2090 si
2700 2040 2787 2092 ille
2816 2038 3118 2104 maledicat,
3140 2056 3270 2093 orna
3301 2058 3423 2095 eum
3458 2045 3567 2096 lau-

1984 2126 2136 2182 dibus
2166 2139 2220 2181 et
2266 2127 2541 2181 encomiis.
2595 2126 2683 2181 Sic
2728 2130 2871 2181 enim
2902 2140 2956 2182 et
2996 2130 3141 2183 illum
3195 2134 3390 2199 poteris
3432 2134 3567 2186 ulci-

1984 2219 2081 2284 sci,
2129 2228 2182 2271 et
2222 2219 2448 2287 teipsum
2497 2218 2745 2272 liberabis
2791 2234 2818 2271 a
2860 2223 2995 2273 mala
3054 2224 3374 2292 suspicione.
3430 2223 3560 2277 Nam

1984 2309 2071 2376 qui
2103 2308 2251 2362 dolet
2273 2326 2336 2362 eo
2360 2310 2497 2377 quod
2548 2310 2687 2363 male
2710 2310 2911 2375 audiat,
2947 2311 3049 2365 hoc
3094 2314 3303 2367 videtur
3349 2318 3452 2383 pati
3503 2330 3567 2367 ex

1986 2398 2121 2451 mala
2150 2398 2510 2462 conscientia;
2540 2401 2629 2465 qui
2677 2410 2854 2455 autem
2904 2402 3087 2456 irridet
3130 2419 3189 2457 ea
3221 2420 3340 2472 quae
3380 2406 3568 2458 dicun-

1987 2497 2090 2551 tur,
2138 2491 2424 2542 tnaximum
2484 2490 2682 2556 profert
2733 2491 3007 2555 indicium,
3043 2494 3183 2561 quod
3248 2496 3443 2547 nullius
3493 2498 3568 2550 rei

1986 2582 2137 2635 mala:
2178 2582 2274 2636 sibi
2326 2583 2391 2633 sit
2422 2583 2693 2635 conscius.
2723 2582 2851 2635 Cum
2898 2599 3025 2653 ergo
3055 2600 3151 2638 nec
3182 2586 3440 2653 audienti,
3472 2606 3569 2641 nec

1989 2672 2099 2731 tibi.
2129 2687 2225 2724 nec
2249 2673 2293 2725 ei
2323 2674 2409 2741 qui
2436 2682 2718 2725 accusatur
2744 2674 2937 2741 prosis,
2964 2672 3020 2726 'et
3048 2676 3096 2727 in
3128 2684 3177 2728 te
3208 2676 3374 2743 imum
3406 2680 3569 2731 strin-

1984 2777 2077 2829 gas
2107 2763 2360 2830 gladium,
2404 2763 2483 2815 vel
2513 2778 2574 2815 ex
2605 2762 2705 2815 hoc
2734 2765 2849 2830 ipso
2876 2764 3043 2817 evade
3075 2764 3416 2819 moderatior.
3437 2766 3565 2819 Nam

1987 2852 2262 2919 Oportebat
2307 2851 2519 2920 quidem
2569 2853 2880 2918 persuaderi
2928 2870 2991 2905 ex
3023 2869 3185 2921 regno
3208 2857 3486 2920 carlorum,
3517 2866 3569 2909 ct

1989 2944 2051 2997 iis
2079 2960 2195 3012 quae.
2242 2944 2351 2998 Deo
2397 2944 2640 2995 videntur
2684 2958 2744 2996 ac
2797 2943 3055 3011 placent:
3102 2946 3197 2997 sed
3228 2949 3477 3013 quoniam
3509 2963 3567 3000 es

1987 3038 2219 3089 crassius
2246 3035 2488 3099 allectus,
2517 3044 2570 3089 et
2603 3036 2814 3089 murdes
2840 3046 3107 3104 tamquam
3152 3036 3281 3098 fera,
3315 3040 3395 3091 vel
3445 3040 3568 3093 hinc

1988 3127 2247 3181 erudiaris
2276 3136 2327 3179 et
2367 3127 2675 3193 castigeris;
2710 3138 2764 3179 ut
2796 3127 2877 3179 his
2908 3128 3080 3180 verbis
3124 3130 3415 3182 modestior
3443 3130 3567 3183 elle—

1988 3228 2121 3279 ctus,
2154 3231 2216 3269 ex
2243 3215 2325 3267 his
2353 3216 2503 3281 solis,
2525 3231 2643 3282 qua:
2677 3220 2784 3269 Deo
2815 3216 3064 3270 videntur
3094 3234 3155 3271 ac
3187 3220 3417 3286 placent,
3452 3236 3570 3289 pos-

1989 3308 2062 3359 sis
2090 3306 2334 3373 componi
2374 3320 2435 3357 ac
2465 3306 2793 3366 concinnari.
2826 3316 2881 3359 ut
2919 3322 3037 3360 cum
3078 3310 3221 3361 omni
3252 3311 3414 3362 animi
3446 3327 3571 3378 per-

1991 3399 2290 3450 turbatione
2340 3399 2585 3464 superior
2612 3398 2877 3462 evaseris,
2908 3400 3140 3453 caelestia
3190 3401 3323 3453 bona
3375 3418 3571 3455 (tonse-

1989 3488 2167 3557 quaris
2198 3504 2209 3538 :
2243 3502 2360 3553 qua:
2388 3486 2543 3539 detur
2574 3488 2726 3539 nobis
2753 3489 3002 3541 omnibus
3024 3492 3299 3559 consequi,
3327 3494 3487 3559 gratia
3519 3504 3569 3547 et

1989 3578 2316 3646 benignitate
2376 3577 2586 3630 Domini
2649 3578 2816 3631 nostri
2861 3578 2985 3632 Jesu
3028 3579 3245 3645 Christi,
3296 3598 3415 3635 cum
3464 3600 3569 3652 quo

1990 3668 2134 3722 Patri
2159 3683 2278 3721 cum
2304 3679 2490 3720 sancto
2513 3668 2713 3735 Spiritu
2738 3671 2806 3722 sit
2828 3670 3019 3737 gloria,
3043 3672 3344 3739 imperium,
3378 3675 3567 3741 honor,

1994 3774 2137 3811 nunc
2163 3768 2218 3810 et
2260 3772 2494 3825 semper,
2527 3770 2580 3810 et
2609 3762 2659 3810 in
2687 3760 2880 3812 srecala
2916 3761 3253 3814 saeculorum.
3290 3766 3476 3818 Amen.

2477 3857 3050 3866 ,Μ

302 3856 3570 3918 --

577 3899 894 3909 νἾὲ

839 3976 1507 4093 SANCTI
1577 3970 2267 4085 PATRIS
2340 3967 3016 4081 NOSTRI

485 4172 608 4330 J
618 4164 1081 4331 ΟΑΝ
1091 4170 1236 4323 Ν
1245 4166 1462 4324 IS
1578 4156 3326 4353 CHRYSOSTOMI,

377 4463 387 4466 μ
1153 4407 1752 4475 ARCHIEPISCOPI
1795 4400 2753 4474 CONSTANTINOPOLITANI,

313 4541 426 4613 IN
484 4534 1059 4610 SECUNDAM
1083 4531 1229 4601 AD
1256 4521 1911 4599 CORINTHIOS
1957 4518 2563 4591 EPISTOLAM
2586 4520 3437 4600 COMMENTARIUS
3460 4512 3566 4598 (α).

1220 4640 1865 4682 ρ--ὧ

1959 4644 2701 4683 W—

1674 4714 2023 4781 HOMILIA
2072 4714 2119 4774 Ι.

305 4833 436 4891 CAP.
471 4834 521 4887 ι.
558 4846 611 4886 v.
645 4831 697 4885 l.
732 4827 926 4882 Paulus
952 4827 1208 4898 apostolus
1232 4825 1359 4882 Iesu
1380 4825 1562 4879 Christi
1587 4840 1675 4893 per
1703 4822 1881 4876 volun-

380 4921 530 4977 tatem
554 4922 667 4984 Dei,
696 4930 741 4973 et
772 4919 1058 4973 Timotheus
1085 4922 1267 4989 frater,
1297 4916 1538 4971 Ecclesia
1556 4912 1653 4969 Dei
1672 4928 1784 4978 qua:
1809 4921 1881 4966 est

378 5012 607 5067 Corinthi
668 5027 782 5064 cum
825 5009 1052 5063 omnibus
1087 5008 1294 5072 sanctis,
1327 5008 1410 5076 qui
1438 5006 1625 5059 suntin
1649 5005 1881 5058 universa

377 5102 572 5155 Achaia
590 5118 609 5156 .'
623 5101 676 5155 2.
697 5101 860 5173 gratia
880 5099 1015 5152 vobis
1035 5106 1081 5151 et
1108 5112 1209 5163 pax
1227 5113 1259 5148 a
1283 5093 1392 5148 Deo
1422 5094 1574 5149 Patre
1591 5104 1639 5146 et
1661 5093 1879 5147 Domino
1900 5106 1906 5113 '

378 5203 549 5247 nostro
576 5192 702 5247 Iesu
730 5193 945 5248 Christo.
977 5192 1031 5245 '5.
1062 5188 1358 5243 Benedictus
1382 5186 1519 5241 Deus
1538 5196 1585 5240 et
1608 5185 1762 5239 Pater
1782 5184 1880 5239 Do-

378 5285 502 5340 mini
531 5285 690 5338 nostri
716 5284 840 5339 Iesu
867 5284 1055 5340 Christi
1079 5323 1093 5347 ,
1125 5281 1282 5336 Pater
1308 5278 1763 5333 misericordiarum
1788 5317 1802 5340 ,
1832 5286 1879 5329 et

378 5372 523 5434 Deus
552 5376 705 5428 totius
740 5374 1117 5439 consolationis,
1159 5374 1210 5428 4.
1254 5373 1339 5443 qui
1380 5369 1667 5425 consolatur
1702 5385 1791 5421 nos
1826 5369 1877 5421 in

377 5470 515 5525 omni
542 5466 859 5521 tribulatione
884 5476 1076 5530 nostra,
1102 5476 1154 5519 ut
1180 5466 1427 5531 pessimus
1448 5475 1494 5518 et
1510 5463 1607 5531 ipsi
1628 5461 1879 5515 consolari

378 5578 484 5626 eos,
528 5559 613 5629 qui
658 5557 709 5610 in
749 5556 888 5609 omni
914 5570 1149 5623 pressura
1185 5565 1325 5620 sunt,
1369 5571 1459 5625 per
1484 5552 1879 5608 consolationem

376 5672 481 5721 qua
499 5656 598 5723 ipsi
616 5649 936 5706 consolamur
960 5662 990 5699 a
1014 5645 1141 5700 Deo.

319 5766 451 5875 “(alii
454 5761 673 5874 l11‘.ullia‘t.tts
704 5778 812 5813 cuin
847 5762 1020 5815 Codice
1061 5763 1345 5817 Ccislinlano
1372 5770 1409 5821 Χ
1469 5765 1635 5821 δεουιί
1661 5774 1789 5813 num.
1815 5761 1873 5810 55

384 5841 414 5873 ⁸)
509 5864 517 5872 .
613 5862 624 5875 .

384 5841 517 5875 Ullm.
557 5841 571 5873 l
589 5841 624 5875 ἃ.

2057 4815 2109 4872 1.
2130 4814 2234 4869 Cur
2247 4814 2520 4869 secundam
2543 4815 2610 4868 ad
2633 4814 2921 4871 Corinthios
2939 4818 3201 4887 epistolam
3226 4819 3423 4877 Paulus
3438 4828 3565 4879 scri-

1985 4908 2158 4976 pserit.
2188 4936 2262 4948 —
2290 4906 2441 4961 Prius
2461 4923 2703 4976 quaerere
2725 4909 2997 4975 convenit,
3022 4924 3116 4963 cur
3141 4913 3425 4966 secundam
3450 4920 3567 4986 epi—

1984 4996 2176 5051 stolam
2226 4998 2390 5067 priori
2419 4998 2668 5068 adjungat
2690 5040 2704 5064 ,
2738 5009 2791 5054 et
2816 5015 2979 5069 quare
3007 5015 3037 5053 a
3076 4999 3167 5053 Dei
3209 5002 3565 5059 miserationi-

1984 5089 2083 5144 bus
2127 5098 2288 5158 atque
2332 5105 2362 5144 a
2410 5091 2779 5145 consolatione
2828 5091 3033 5145 initium
3076 5092 3253 5148 ducat.
3287 5096 3396 5152 Cur
3437 5114 3565 5167 ergo

1983 5180 2271 5235 secundam
2311 5181 2548 5248 adjecit?
2590 5180 2723 5235 Cum
2755 5182 2807 5235 in
2853 5181 3015 5248 priori
3061 5185 3282 5255 epistola
3313 5187 3560 5255 dixisset,

1951 5343 1963 5351 ἱ
1996 5267 2200 5321 Veniam
2230 5270 2297 5321 ad
2340 5286 2444 5335 vos,
2491 5278 2535 5323 et
2578 5287 2898 5341 cognoscam,
2942 5290 3043 5327 non
3088 5290 3361 5328 sermonem
3388 5293 3561 5333 eorum

1983 5361 2069 5429 qui
2093 5361 2261 5430 inﬂati
2281 5370 2415 5424 sunt,
2439 5365 2526 5415 sed
2546 5364 2776 5417 virtutem
2799 5366 2874 5431 (l.
2904 5365 3020 5419 Cor.
3052 5366 3104 5418 4.
3131 5366 3253 5435 19);
3284 5378 3337 5422 et
3366 5370 3430 5424 ad
3453 5374 3563 5425 cal-

1982 5467 2099 5507 cem
2142 5468 2328 5507 rursus
2374 5453 2474 5507 boc
2517 5455 2685 5522 ipsum
2714 5453 3049 5507 suavioribus
3094 5456 3269 5511 verbis
3297 5461 3560 5528 pollicitus

1985 5540 2195 5607 fuisset,
2236 5540 2622 5607 Veniamenim,
2654 5543 2842 5610 inquit,
2870 5542 2939 5594 ad
2959 5558 3064 5610 vos,
3091 5556 3353 5615 postquam
3382 5547 3559 5604 Maca-

1978 5634 2187 5686 doniam
2228 5644 2600 5701 pertranstero;
2631 5633 2983 5689 Macedoniam
3024 5638 3157 5690 enim
3206 5641 3558 5707 pertransibo,

1982 5734 2130 5792 atque
2176 5723 2315 5791 apud
2360 5737 2444 5775 vos
2478 5722 2693 5789 fortasse
2732 5725 2958 5791 manebo,
3008 5737 3094 5778 aut
3136 5728 3287 5781 etiam
3332 5731 3564 5783 hiemabo

1988 5816 2059 5876 ll.
2091 5813 2207 5867 Cor.
2247 5812 2326 5869 16.
2358 5814 2415 5884 5)
2450 5832 2460 5867 :
2498 5814 2720 5870 mullum
2753 5821 3005 5894 temporis
3031 5820 3426 5895 intercesserat,
3461 5838 3562 5878 nec
