4028 6222
566 344 673 403 383

568 472 743 516 uinea
775 457 842 513 ad
870 472 963 511 eos
986 470 1045 512 se
1070 454 1413 521 contulerat;
1442 455 1572 524 quin
1602 453 1798 523 potius,
1829 466 1949 505 cum
1992 464 2131 519 prae-

564 552 807 604 stitutum
838 557 1050 616 tempus
1073 545 1184 614 iam
1211 542 1524 609 efﬂuxisset,
1554 542 1728 599 adhuc
1753 550 1930 596 tamen
1979 555 2141 595 cunc-

565 643 777 697 tabatur
817 655 882 694 sc
927 652 1108 693 moras
1152 636 1429 701 trahebat;
1476 634 1619 705 quod
1663 634 1867 688 scilicet
1910 632 2140 701 Spiritus

560 748 689 787 ctum
730 733 781 788 in
808 730 929 785 aliis
959 728 1116 797 longe
1142 727 1308 797 magis
1332 724 1653 780 necessariis
1681 723 1906 794 negotiis
1940 722 2142 777 retine-

563 834 664 878 ret.
697 823 808 879 [lac
836 821 906 875 de
931 834 1092 875 causa
1117 817 1403 873 secundam
1427 816 1712 885 epistolam
1756 815 1996 870 scribere
2044 829 2139 868 ne-

565 913 717 967 cesse
747 910 953 973 habuit,
984 924 1087 962 non
1116 921 1337 963 necesse
1366 906 1639 961 habiturus
1661 946 1681 973 ,
1712 905 1756 958 si
1784 906 1965 959 minus
1988 902 2141 959 tarde

563 1003 822 1059 venisset.
850 1000 966 1055 Nec
988 1013 1115 1054 vero
1154 997 1256 1052 hoc
1292 995 1569 1051 dumtaxat
1598 996 1838 1060 nomine.
1865 995 1960 1049 sed
1985 994 2057 1049 ob
2087 993 2138 1048 id

566 1096 727 1151 etiam
753 1134 769 1158 ,
817 1092 958 1162 quod
1002 1107 1068 1148 ex
1097 1091 1373 1160 superiore
1412 1087 1639 1159 epistola
1667 1089 1917 1144 meliores
1942 1085 2138 1141 redditi

566 1183 799 1239 fuerant.
830 1183 959 1237 Nam
992 1181 1368 1236 fornicatorem
1396 1194 1555 1245 eum,
1580 1194 1740 1248 quem
1768 1178 1916 1247 prius
1958 1175 2141 1231 favore

565 1274 1075 1343 complectebantur,
1097 1282 1153 1327 et
1170 1276 1239 1326 oh
1258 1283 1416 1340 quem
1439 1267 1734 1323 insolenter
1750 1282 1808 1322 se
1826 1266 2135 1333 elfcrebant,

569 1364 906 1419 absciderunt
932 1378 995 1417 ac
1022 1375 1242 1431 prorsus
1271 1360 1560 1429 eiecean
1596 1357 1650 1412 id
1679 1357 1821 1427 quod
1852 1357 1932 1411 his
1959 1356 2138 1412 verbis

568 1454 818 1510 indicavit
848 1472 863 1487 ο
893 1454 954 1509 Si
991 1454 1102 1522 quis
1127 1461 1292 1506 autem
1316 1451 1648 1515 contristasit,
1687 1466 1788 1503 non
1829 1466 1907 1503 rue
1944 1449 2138 1503 contri-

565 1547 736 1610 starit,
758 1548 847 1599 sed
871 1560 935 1600 cx
958 1551 1103 1614 parte
1123 1582 1139 1606 ,
1166 1550 1221 1596 ut
1248 1558 1349 1595 non
1378 1556 1579 1595 onerem
1602 1557 1771 1594 omnes
1802 1556 1886 1593 vos
1913 1538 1988 1608 (2.
2016 1538 2137 1593 Cor.

564 1638 622 1691 2.
652 1635 735 1708 5).
758 1634 964 1688 Sufﬁcit
986 1634 1058 1699 ei,
1088 1632 1177 1702 qni
1202 1631 1460 1701 ejusmodi
1484 1640 1587 1695 est,
1618 1629 1913 1700 obiurgatio
1936 1644 1999 1699 ea
2018 1643 2137 1698 qua

569 1727 630 1782 ﬁt
654 1743 682 1778 a
723 1726 983 1794 pluribus.
1024 1726 1101 1779 Ac
1134 1739 1346 1779 rursum
1388 1722 1653 1777 sermonis
1682 1735 1965 1791 progressu
1995 1721 2133 1775 idem

564 1818 759 1883 innuit,
783 1833 902 1871 cum
928 1816 1001 1870 ait
1030 1833 1044 1870 :
1077 1813 1208 1870 Ecce
1225 1816 1356 1869 enim
1378 1814 1472 1868 hoc
1494 1814 1679 1884 ipsum,
1701 1814 1836 1884 quod
1865 1813 2137 1869 secundum

568 1908 732 1963 Deum
762 1908 1041 1963 contristati
1080 1907 1216 1971 estis,
1253 1917 1494 1976 quantum
1517 1906 1569 1958 in
1597 1905 1730 1958 vobis
1750 1904 2137 1959 sollicitudinem

558 1998 767 2067 eﬂ'ecit,‘
796 1999 897 2052 imo
936 1997 1338 2059 excusationem,
1364 1996 1466 2048 imo
1492 1994 1907 2063 indignationum,
1939 1994 2038 2048 imo
2068 1994 2135 2047 ti-

566 2106 774 2151 morem.
797 2090 899 2143 imo
925 2087 1252 2153 desiderium,
1282 2086 1382 2139 into
1409 2083 1782 2143 temnlationent
1804 2125 1821 2152 ,
1850 2084 1950 2138 into
1974 2085 2135 2138 vindi-

556 2195 715 2238 ctam.
746 2180 815 2235 In
841 2179 1068 2235 omnibus
1094 2177 1388 2233 exhibuistis
1415 2192 1500 2231 vos
1522 2176 1939 2231 incontarninatos
1957 2192 2064 2230 esse
2082 2176 2136 2229 in

562 2274 761 2345 negotio
790 2271 865 2344 (2.
896 2269 1014 2326 Cor.
1058 2270 1111 2323 7.
1153 2269 1265 2336 11).
1313 2268 1450 2335 Quin
1488 2268 1761 2337 pecuniam
1791 2281 1931 2334 eam,
1974 2283 2135 2338 quam

566 2368 950 2436 imperaverat,
980 2374 1189 2417 summo
1217 2350 1393 2413 studio
1415 2358 1738 2429 collegerant
1762 2370 1779 2413 :
1808 2358 1949 2414 unde
1972 2358 2132 2415 etiam

561 2457 795 2521 dicebat,
824 2454 946 2510 Scio
974 2453 1105 2507 enim
1130 2452 1441 2507 alacritatem
1460 2461 1699 2519 uestram,
1738 2451 1801 2505 de
1827 2467 1926 2522 qua
1944 2451 2135 2521 glorior

552 2550 700 2619 apud
729 2546 1032 2602 Macedones
1054 2560 1074 2600 :
1100 2545 1340 2615 quoniam
1363 2543 1559 2597 Achaia
1588 2552 1768 2611 parata
1794 2552 1867 2596 est
1901 2541 1965 2595 ab
1998 2558 2134 2596 anno

553 2640 809 2711 superiori
856 2636 947 2708 (2.
979 2636 1100 2692 Cor.
1131 2635 1185 2690 9.
1226 2634 1322 2699 2).
1369 2634 1483 2689 Huc
1507 2633 1713 2688 accedit
1749 2632 1891 2702 quod
1930 2631 2130 2699 Titum,

561 2746 723 2795 autem
745 2730 858 2797 ipse
883 2727 1124 2792 miserat,
1152 2725 1382 2779 maxima
1404 2739 1523 2777 cum
1552 2723 1919 2778 benevolentia
1946 2736 2134 2778 susce-

563 2838 611 2889 ιιι
629 2828 769 2874 rant.
798 2817 857 2872 id
882 2816 1024 2888 quod
1053 2816 1214 2873 etiam
1243 2814 1595 2881 ostendebat,
1632 2829 1751 2869 cum
1780 2830 1965 2869 rursus
1990 2814 2133 2870 dice-

551 2918 681 2965 ret:
725 2907 929 2965 Viscera
961 2909 1070 2979 ejus
1112 2907 1455 2962 abundantius
1490 2917 1607 2960 sunt
1644 2906 1698 2960 iu
1737 2906 1894 2973 vobis,
1924 2907 2130 2961 remini-

556 3001 743 3056 κοιώ
762 3000 992 3055 omnium
1019 3007 1235 3055 vestrum
1265 2996 1594 3050 obedientiam
1618 3036 1634 3061 ,
1655 3001 1905 3066 quomodo
1930 3013 2044 3051 cum
2069 3000 2134 3052 ti-

560 3109 698 3148 more
720 3101 767 3146 et
792 3102 1005 3145 tremore
1028 3106 1141 3144 eum
1168 3089 1457 3157 suscepistis
1486 3087 1583 3157 (2.
1615 3085 1733 3143 Cor.
1776 3088 1831 3143 7.
1858 3088 1921 3143 15
1950 3090 1990 3149 ).
2037 3088 2131 3144 liis

559 3183 807 3240 omnibus
825 3182 1002 3237 causis
1021 3179 1299 3246 adductus,
1321 3179 1608 3234 secundam
1628 3177 1907 3247 epistolam
1926 3179 2127 3235 scribit.

561 3275 773 3331 Etenim
793 3288 889 3344 par
908 3282 1044 3337 erat,
1077 3279 1135 3325 ut
1160 3269 1610 3340 quemadmodum
1642 3269 1785 3336 illos,
1803 3282 1926 3323 cum
1947 3284 2135 3339 pecca-

558 3362 702 3431 renl,
746 3364 1100 3434 obiurgabat;
1152 3364 1230 3417 sic
1280 3363 1438 3417 etiam
1483 3361 1701 3417 eosdem
1743 3361 1810 3415 ad
1858 3362 2134 3418 meliorem

562 3468 793 3515 mentem
825 3470 1072 3512 reversos
1095 3454 1471 3526 comprobaret
1502 3470 1566 3509 ac
1600 3455 1845 3510 laudibus
1874 3456 2129 3513 afﬁceret.

560 3554 640 3606 Ac
663 3548 884 3619 proinde
922 3562 1023 3603 nec
1059 3561 1236 3602 acrem
1266 3560 1325 3601 se
1354 3559 1417 3601 ac
1444 3544 1813 3600 vehementem
1842 3561 1936 3615 per
1969 3554 2131 3601 totam

561 3642 841 3713 epistolam
872 3641 1093 3709 praebet,
1125 3641 1220 3695 sed
1251 3642 1303 3694 in
1336 3642 1518 3710 paucis
1545 3640 1820 3697 dumtaxat
1843 3642 1943 3697 sub
1970 3642 2134 3713 ipsius

563 3736 720 3787 linem
745 3732 998 3801 partibus.
1028 3730 1157 3785 Nam
1183 3741 1239 3786 ct
1258 3731 1397 3801 apud
1421 3746 1515 3787 eos
1535 3730 1702 3787 Judaei
1727 3733 1940 3804 quidam
1963 3742 2131 3799 erant,

562 3829 653 3898 qui
680 3826 958 3895 magniﬁce
983 3826 1052 3880 de
1071 3841 1132 3880 se
1159 3827 1438 3891 sentirent,
1467 3840 1532 3881 ac
1559 3825 1780 3879 Paulum
1810 3836 1868 3880 ut
1892 3840 2137 3895 arrogan-

559 3928 669 3972 tem
698 3918 997 3986 nulliusque
1028 3916 1179 3985 pretii
1207 3915 1478 3970 hominem
1507 3917 1918 3971 criminarentur
1948 3932 1964 3971 :
1999 3916 2138 3972 ideo-

563 4024 668 4079 que
684 4009 951 4073 dicebant,
979 4005 1222 4077 Epistola
1238 4006 1445 4078 quidem
1465 4022 1660 4079 graves,
1684 4009 1949 4077 prasentia
1967 4017 2137 4061 autem

562 4117 789 4173 corporis
808 4101 1030 4171 inﬁrma,
1052 4108 1098 4153 ct
1121 4117 1283 4155 sermo
1305 4099 1686 4169 contemptibilis
1707 4100 1780 4171 (2.
1803 4100 2011 4155 CorJO.
2025 4099 2134 4171 10).

566 4194 803 4261 Quorum
840 4189 1125 4246 verborum
1167 4191 1281 4245 hac
1320 4199 1439 4246 erat
1480 4192 1739 4246 sententia
1770 4207 1785 4247 :
1812 4190 1943 4247 Cum
1985 4193 2139 4248 adest

567 4286 679 4350 ille,
710 4280 907 4338 nullius
940 4278 1096 4352 pretii
1121 4296 1240 4337 esse
1262 4281 1505 4349 videtur;
1536 4282 1638 4338 hoc
1663 4285 1805 4339 enim
1834 4287 1884 4339 in
1917 4285 1999 4341 his
2019 4303 2138 4344 vcr-

564 4377 651 4430 bis
677 4374 1024 4445 signiﬁcatur,
1054 4356 1333 4428 Praesentia
1366 4373 1593 4445 corporis
1617 4375 1819 4442 inﬁrma
1842 4391 1863 4430 :
1890 4391 2010 4431 cum
2037 4393 2135 4433 au-

562 4477 673 4521 tem
704 4466 1004 4532 abscessit,
1032 4481 1126 4536 per
1153 4465 1337 4520 literas
1362 4480 1685 4535 magnopere
1711 4482 1768 4521 se
1793 4468 1994 4537 iactat;
2025 4470 2139 4527 haec

565 4560 713 4613 etaim
740 4559 929 4612 horum
956 4557 1244 4613 verborum
1276 4554 1594 4627 signiﬁcatio
1622 4567 1723 4624 est,
1757 4558 2005 4628 Epistolas
2021 4577 2138 4631 gra-

562 4666 667 4705 ves.
682 4650 790 4704 lmo
807 4657 862 4703 ut
883 4649 1139 4703 honorem
1165 4650 1264 4703 sibi
1287 4648 1647 4715 conciliarent,
1671 4663 1730 4705 se
1750 4636 1878 4705 nihil
1899 4651 2140 4721 accipere

562 4741 908 4795 simulabant.
946 4739 1097 4807 Quod
1128 4740 1289 4795 etiam
1319 4741 1490 4809 ipsum
1518 4740 1790 4807 innuebat,
1830 4757 1951 4795 cum
1989 4740 2138 4799 dice-

558 4839 691 4885 ‘ret:
726 4831 793 4887 Ut
830 4833 885 4885 in
926 4847 1025 4902 quo
1058 4831 1379 4903 gloriantur,
1425 4831 1745 4885 inveniantur
1789 4834 1919 4887 sicut
1964 4843 2012 4887 ct
2048 4850 2139 4889 nos

569 4923 653 4992 (2.
678 4924 795 4979 Cor.
830 4926 918 4979 11.
951 4924 1062 4995 12).
1104 4926 1182 4980 Ac
1222 4932 1527 5007 praetereat
1544 4924 1797 4995 quoniam
1827 4924 2036 4980 dicendi
2062 4926 2140 4982 fa-

570 5015 768 5072 cultate
797 5016 1065 5085 pollebant
1093 5016 1197 5085 ibi,
1224 5033 1291 5072 eo
1320 5016 1535 5072 nomine
1558 5017 1769 5072 animos
1791 5018 2045 5088 majorem
2084 5018 2137 5075 in

572 5108 790 5164 modum
820 5109 1155 5177 attollebant.
1178 5110 1383 5167 Idcirco
1411 5109 1525 5181 ipse
1561 5125 1681 5167 sese
1708 5112 2009 5180 imperitum
2046 5127 2141 5184 ap-

572 5201 735 5272 pellat
756 5241 771 5265 ,
802 5200 859 5253 ut
883 5199 1130 5254 ostendat
1162 5200 1211 5253 id
1237 5199 1339 5255 sibi
1366 5202 1584 5257 minime
1624 5202 1813 5273 pudori
1851 5218 2006 5271 esse,
2038 5218 2139 5260 nec

568 5309 683 5349 rem
715 5289 892 5363 magni
933 5302 1053 5347 esse
1093 5288 1284 5359 pretii;
1317 5289 1424 5344 imo
1449 5290 1643 5345 nullius
1684 5293 1960 5347 momenti.
1997 5294 2142 5361 Quo-

568 5383 710 5439 niam
751 5386 907 5457 igitur
934 5376 1223 5435 verisimile
1250 5386 1365 5435 erat
1393 5378 1649 5450 quosdam
1687 5396 1873 5436 eorum
1898 5384 2140 5442 oratione

574 5490 607 5531 ιι
631 5483 774 5529 recta
800 5461 1067 5529 sententia
1094 5469 1320 5535 deduci,
1354 5468 1552 5526 idcirco
1574 5483 1694 5524 cum
1725 5470 1871 5541 prius
1898 5474 2041 5543 ipsos
2068 5476 2139 5532 ob

570 5564 647 5631 ω.
676 5564 820 5637 quod
841 5574 987 5621 recte
1026 5562 1294 5629 fecerant,
1329 5558 1572 5617 laudibus
1594 5561 1908 5628 extulisset;
1938 5577 2001 5617 ac
2024 5580 2142 5621 rut.

571 5672 664 5715 sus
702 5658 913 5715 illorum
959 5657 1317 5730 arrogantiam
1363 5656 1445 5735 ob
1478 5649 1724 5711 Judaicas
1767 5656 2137 5719 ceremonias,

568 5762 700 5817 (tuas
734 5749 1100 5820 isitempestive
1123 5745 1233 5819 iam
1266 5748 1555 5803 observare
1580 5742 1885 5812 studebant,
1913 5744 2141 5803 retudis-

1299 340 1360 398 ὃ.
1396 338 1671 398 ιοςιΝΝιδ
1706 334 2173 393 CHRYSOSTOMI
2220 333 2526 392 ARCHIEP.
2552 336 3080 395 CONSTANTXNOP.

3717 347 3816 401 584

2245 459 2328 504 set
2356 467 2371 505 :
2400 458 2509 504 tum
2541 450 2771 518 denique
2804 451 2904 505 hoc
2928 467 3023 506 eos
3048 452 3265 508 nomine
3292 455 3528 511 nonnihil
3550 457 3809 529 obiurgat.

2238 541 2418 610 Atque
2442 541 2768 611 huiusmodi,
2788 554 2840 595 ut
2862 546 3163 597 summatim
3185 559 3247 599 ac
3265 546 3410 601 velut
3428 548 3601 601 obiter
3619 549 3808 615 diram,

2241 632 2485 700 epistolae
2531 644 2903 703 argumentum
2950 635 3079 689 mihi
3126 651 3246 692 esse
3295 638 3521 692 videtur.
3566 639 3812 709 Sequitur

2236 720 2346 789 iam
2378 731 2433 775 ut
2453 723 2696 790 epistola:
2726 724 2933 778 initiunt
2961 724 3302 795 attingamus,
3332 727 3701 801 dicamnsque,
3721 745 3813 785 cur

2242 824 2359 884 post
2388 815 2765 870 salutationem
2790 855 2805 880 ,
2837 832 2997 886 quam
3027 832 3125 887 pro
3171 832 3269 874 suo
3310 835 3461 876 more
3505 822 3807 888 adhibebat,

2240 907 2317 960 sic
2364 921 2394 959 a
2442 906 2533 961 Dei
2580 907 3017 961 miserationibus
3058 906 3285 963 exorsus
3324 910 3412 965 sit.
3455 910 3608 966 Prius
3636 919 3811 968 tamen

2243 996 2558 1065 principium
2588 997 2759 1064 ipsum
2802 996 3072 1066 explicare
3108 1014 3246 1068 opus
3272 1010 3355 1055 est
3376 1037 3394 1065 ,
3422 1015 3488 1055 ac
3528 1017 3770 1071 quaerere
3790 1042 3808 1067 ,

2241 1097 2406 1153 quare
2445 1085 2787 1141 Timotheum
2831 1087 2933 1141 hoc
2984 1087 3104 1143 loco
3144 1090 3245 1144 sibi
3291 1090 3573 1161 copularit.
3617 1089 3813 1147 Paulus

2240 1176 2405 1241 enim,
2449 1178 2650 1248 inquit,
2682 1179 2940 1249 apostolus
2978 1177 3104 1235 issu
3144 1174 3463 1250 Christi‘per
3505 1182 3812 1237 uoluntatem

2241 1264 2359 1328 Dei,
2387 1277 2434 1320 et
2459 1265 2748 1323 Timotheus
2781 1272 2959 1340 frater.
2987 1270 3276 1325 Etcuinrin
3303 1272 3482 1341 priore
3504 1273 3727 1342 epistola
3754 1287 3814 1330 se

2241 1356 2392 1410 illum
2431 1372 2551 1412 esse
2582 1359 2867 1415 missurum
2907 1361 3259 1430 pollicebatur
3300 1371 3355 1419 et
3394 1364 3705 1419 hortabatur
3732 1364 3816 1421 his

2240 1446 2420 1500 verbis
2448 1464 2463 1501 :
2492 1447 2555 1502 Si
2577 1457 2745 1501 autem
2768 1450 2955 1503 uenerit
2974 1448 3282 1517 Timotheus,
3304 1452 3463 1508 videte
3483 1462 3537 1507 ut
3555 1454 3665 1508 sine
3682 1463 3815 1509 metu

2239 1535 2304 1589 sit
2330 1535 2470 1605 apud
2494 1552 2580 1591 vos
2611 1538 2691 1604 (1.
2719 1537 2835 1593 Cor.
2870 1539 2957 1594 16.
2990 1539 3081 1610 10)
3110 1558 3123 1594 :
3150 1556 3248 1597 cur
3262 1556 3393 1613 ergo
3415 1558 3535 1600 eum
3565 1542 3668 1599 hoc
3697 1543 3817 1598 loco

2239 1627 2293 1681 in
2320 1628 2582 1696 prommio
2608 1644 2795 1685 secum
2819 1631 3132 1703 coniungit?
3156 1632 3309 1700 Cum,
3337 1644 3393 1689 ut
3416 1635 3668 1705 magister
3694 1650 3816 1705 pro-

2241 1718 2477 1787 miserat,
2501 1718 2568 1774 ad
2592 1734 2689 1775 eos
2719 1735 2779 1775 so
2802 1722 3118 1785 contulisset
3145 1722 3287 1793 (Misi
3308 1725 3450 1779 enim
3468 1765 3483 1789 ,
3512 1725 3721 1794 inquit,
3746 1725 3813 1777 ad

2238 1827 2326 1864 sos
2348 1810 2684 1879 Timotheum,
2713 1812 2800 1881 qui
2827 1829 2912 1867 ros
2935 1814 3351 1883 commonefacict
3379 1816 3484 1869 vias
3505 1832 3643 1869 meas
3666 1855 3683 1881 ,
3705 1832 3816 1883 qua

2239 1910 2357 1953 sunt
2380 1902 2433 1953 in
2450 1900 2646 1955 Christo
2669 1900 2743 1973 [1.
2761 1901 2877 1957 Cor.
2890 1902 3050 1975 4.17]
3072 1904 3113 1974 ),
3126 1915 3284 1974 atque
3313 1904 3400 1959 ubi
3426 1905 3604 1959 omnia
3618 1906 3818 1962 rectius

2240 1993 2641 2061 constituisset,
2671 1994 2737 2048 ad
2766 1994 2987 2051 Paulum
3028 2012 3087 2055 se
3115 2007 3411 2066 receperat.
3445 1997 3655 2053 Etenim
3695 2013 3814 2053 cum

2240 2098 2362 2137 eum
2395 2083 2653 2148 mitteret,
2682 2082 2915 2147 dicebat.
2940 2083 3187 2140 Deducite
3211 2103 3323 2141 eum
3348 2088 3399 2140 in
3421 2104 3563 2156 pace.
3585 2088 3817 2141 utueuiat

2239 2173 2308 2227 ad
2328 2190 2406 2226 me
2425 2182 2686 2243 :exspecto
2706 2174 2841 2228 enim
2859 2190 2972 2229 eum
2991 2191 3107 2229 cum
3128 2177 3366 2245 fratribus
3384 2176 3588 2247 (LCor.
3606 2177 3723 2232 16.!
3738 2179 3813 2249 l).

2226 2269 2257 2279 "
2308 2264 2361 2319 2.
2389 2265 2741 2337 Posteaquam
2774 2266 2932 2336 igitur
2956 2266 3023 2321 ad
3056 2270 3365 2338 magisz
3395 2284 3455 2324 se
3480 2272 3812 2339 recepisset,

2237 2370 2301 2411 ac
2328 2356 2591 2411 restitutis
2629 2359 2994 2429 correctisque
3032 2374 3134 2413 una
3163 2374 3284 2413 cum
3311 2374 3377 2413 eo
3417 2363 3558 2415 Asia:
3586 2363 3816 2432 negotiis

2239 2447 2479 2519 (Manebo
2506 2451 2647 2503 enim
2669 2490 2684 2515 ,
2730 2451 2933 2520 inquit,
2965 2449 3154 2521 Ephesi
3191 2467 3347 2520 usque
3387 2453 3458 2504 ad
3486 2450 3817 2508 Pentecosten

2238 2537 2316 2611 [1.
2348 2536 2463 2592 Cor.
2498 2538 2582 2594 16.
2616 2538 2671 2612 8]
2686 2539 2726 2610 ),
2756 2556 2943 2596 rursus
2972 2544 3023 2599 in
3052 2541 3414 2597 Macedoniam
3441 2543 3812 2601 transivisset:

2233 2630 2343 2697 iam
2380 2645 2486 2685 non
2526 2631 2795 2687 immerito
2837 2648 2959 2688 eum
2992 2642 3049 2689 ut
3078 2644 3413 2704 praesentem-
3436 2635 3534 2690 sibi
3577 2636 3811 2705 copulat.

2238 2720 2447 2777 Etenim
2481 2732 2606 2778 tunc
2630 2738 2697 2779 ex
2726 2724 2875 2791 Asia,
2909 2740 3050 2781 nunc
3078 2727 3255 2781 autem
3284 2744 3314 2781 e
3340 2727 3652 2783 Macedonia
3676 2730 3814 2783 scri-

2234 2813 2332 2868 bit.
2360 2815 2532 2885 Ipsum
2561 2829 2720 2883 porro
2745 2816 2845 2869 sibi
2870 2816 3169 2887 cunjunxit,
3202 2826 3313 2871 tum
3344 2826 3402 2870 ut
3427 2834 3548 2877 eum
3578 2818 3813 2874 honora-

2234 2904 2483 2961 biliorem
2512 2903 2792 2970 redderet,
2825 2914 2933 2961 tum
2977 2915 3036 2961 ut
3064 2906 3295 2976 ingentis
3338 2907 3654 2962 humilitatis
3702 2924 3816 2964 sua:

2234 2998 2506 3067 specimen
2532 2995 2825 3053 exhiberet.
2854 2997 2983 3052 Erat
3007 3000 3150 3053 enim
3181 2999 3268 3055 ille
3294 2999 3512 3056 inferior
3538 3001 3693 3071 ipso;
3717 3002 3815 3057 sed

2235 3090 2430 3145 caritas
2469 3090 2645 3146 omnia
2674 3091 2963 3145 connectit.
3000 3092 3182 3163 quue
3225 3093 3386 3149 etiam
3429 3093 3526 3162 ll't,
3576 3103 3635 3149 ut
3665 3094 3815 3150 illum

2237 3184 2434 3255 ubique
2472 3184 2575 3239 sibi
2622 3192 2863 3253 extaquet
2887 3224 2901 3249 ,
2942 3200 3082 3239 nunc
3123 3187 3192 3239 Ita
3243 3186 3485 3256 loquens,
3529 3185 3815 3261 Tamquam

2237 3277 2369 3346 patri
2390 3275 2551 3345 ﬁlius,
2579 3274 2703 3328 mihi
2722 3274 2973 3330 inservivit
3004 3274 3257 3347 (Philipp.
3287 3277 3342 3332 2.
3371 3277 3462 3349 22)
3490 3293 3504 3331 :
3534 3293 3674 3333 nunc
3693 3295 3817 3333 rur-

2235 3384 2350 3435 sus,
2381 3368 2523 3440 Opus
2545 3370 2679 3424 enim
2702 3366 2913 3422 Domini
2940 3378 3198 3439 operatur,
3229 3371 3356 3425 sicut
3377 3379 3423 3423 et
3447 3386 3539 3441 ego
3566 3368 3586 3440 (
3609 3370 3660 3425 1.
3687 3368 3813 3427 Cor.

2238 3459 2328 3515 16.
2361 3460 2453 3530 10)
2488 3477 2504 3516 :
2531 3474 2595 3514 ac
2622 3458 2851 3529 denique
2893 3459 2995 3515 hoc
3042 3460 3162 3516 loco
3205 3460 3422 3521 fratrem
3451 3475 3661 3530 quoque
3687 3476 3815 3515 eum

2236 3550 2474 3622 appellat
2498 3567 2515 3606 :
2546 3549 2795 3604 nimirum
2822 3560 2881 3604 ut
2904 3552 3156 3606 clunibus
3185 3550 3362 3603 modis
3385 3550 3433 3603 ei
3464 3549 3603 3619 apud
3627 3549 3817 3606 Coriu-

2239 3640 2377 3697 thios
2407 3638 2805 3697 venerationem
2833 3651 3124 3711 comparet.
3156 3639 3289 3694 Nam
3313 3654 3412 3703 eo,
3442 3647 3502 3694 ut
3520 3639 3630 3709 iam
3660 3640 3768 3695 dixi
3795 3680 3813 3703 ,

2239 3741 2572 3803 perrexerat,
2602 3745 2818 3800 suaeque
2846 3732 3059 3786 virtutis
3086 3731 3467 3787 documentum
3490 3730 3812 3801 praebuerat.

2238 3825 2480 3882 Ecclesia!
2512 3824 2605 3881 Dei
2631 3838 2745 3895 qua
2767 3836 2837 3879 est
2872 3825 3119 3880 Corinthi.
3152 3824 3356 3879 Rursus
3394 3838 3492 3879 eos
3520 3822 3815 3879 Ecclesiam

2238 3929 2415 3987 vocat,
2446 3928 2506 3974 ut
2531 3931 2718 3973 omnes
2745 3918 2796 3971 in
2830 3934 2993 3973 unum
3025 3917 3276 3973 conciliet
3303 3931 3366 3971 ac
3394 3916 3677 3971 devinciat.
3702 3913 3816 3969 Ne-

2240 4028 2343 4083 que
2366 4012 2509 4067 enim
2538 4008 2773 4065 Ecclesia
2803 4026 2905 4065 una
2934 4020 3055 4066 esss
3081 4018 3260 4080 queat,
3289 4009 3511 4064 divulsis
3535 4008 3628 4072 iis,
3652 4017 3820 4078 atque

2239 4104 2381 4157 inter
2415 4118 2475 4157 se
2501 4100 2880 4157 dissidentibus
2902 4142 2918 4164 ,
2967 4101 3057 4172 qui
3099 4102 3152 4156 in
3194 4115 3257 4155 ea
3285 4109 3428 4157 sunt.
3460 4099 3586 4155 Cum
3622 4100 3820 4155 sanctis

2239 4195 2471 4249 omnibus
2500 4193 2586 4263 qui
2616 4203 2730 4247 sunt
2754 4192 2805 4247 in
2836 4194 3065 4248 universa
3090 4192 3300 4246 Achaia.
3340 4191 3542 4247 Eadem
3570 4205 3734 4260 Opera
3760 4199 3823 4246 et

2238 4283 2549 4339 Corinthios
2577 4282 2781 4339 honore
2805 4279 2987 4347 afﬁcit,
3019 4283 3146 4339 dum
3184 4296 3280 4350 per
3303 4298 3420 4336 eam
3448 4295 3606 4351 quam
3628 4280 3695 4334 ad
3718 4296 3820 4335 eos

2240 4376 2425 4430 scribit
2450 4374 2728 4443 epistolam
2752 4389 2938 4430 omnes
2968 4373 3285 4438 consalutat,
3308 4382 3359 4427 et
3389 4372 3693 4426 universam
3723 4386 3825 4425 na-

2244 4469 2441 4523 tionem
2475 4466 2613 4521 inter
2638 4480 2697 4521 se
2725 4466 2990 4521 conciliat.
3020 4464 3247 4521 Sanctus
3273 4473 3450 4518 autem
3488 4478 3583 4520 eos
3622 4472 3778 4520 vocat
3797 4504 3820 4531 ,

2242 4568 2300 4613 ιιι
2326 4556 2571 4612 ostendat
2607 4554 2673 4609 ab
2704 4554 2801 4611 hac
2826 4555 3181 4627 appellatione
3217 4555 3448 4610 alienum
3479 4568 3601 4610 esse
3620 4596 3636 4619 ,
3664 4556 3819 4626 quis-

2241 4650 2361 4719 quis
2411 4649 2631 4719 impuris
2678 4658 2761 4703 est
2800 4649 3058 4703 moribus.
3110 4646 3179 4701 Et
3221 4662 3316 4701 cur
3358 4647 3424 4701 ad
3474 4648 3821 4716 metropolim

2240 4739 2501 4809 scribens,
2549 4741 2796 4795 omnibus
2838 4755 2935 4809 per
2978 4753 3095 4792 eam
3137 4737 3342 4806 scribit,
3381 4753 3503 4794 cum
3542 4738 3593 4792 id
3620 4737 3825 4808 ubique

2242 4832 2459 4885 minime
2500 4831 2692 4885 faciat?
2727 4828 3002 4899 Siquidem
3040 4841 3161 4881 cum
3201 4827 3269 4882 ad
3306 4826 3824 4883 Thessalonicenses

2243 4924 2427 4979 literas
2461 4921 2649 4986 daret,
2680 4935 2785 4975 non
2817 4918 2884 4974 ad
2912 4916 3228 4973 Macedones
3274 4932 3483 4988 quoque
3509 4916 3777 4972 scribebat
3804 4934 3824 4981 ;

2243 5030 2342 5071 nec
2381 5015 2510 5068 item
2560 5012 2805 5081 Ephesiis
2848 5009 3108 5074 scribens,
3155 5009 3457 5064 universam
3502 5009 3683 5063 Asiam
3714 5022 3827 5063 una

2242 5105 2555 5176 complexus
2596 5112 2708 5166 est;
2756 5116 2854 5159 nec
2901 5100 3134 5168 denique
3164 5099 3399 5170 Epistula
3437 5098 3504 5173 ad
3546 5099 3830 5154 Romanos

2246 5201 2312 5256 iis
2350 5198 2535 5263 etiam,
2569 5195 2659 5265 qui
2701 5195 2754 5248 in
2796 5192 2944 5247 italia
2984 5190 3351 5257 versabantur,
3385 5191 3545 5245 missa
3585 5200 3689 5246 est.
3723 5187 3830 5243 Hic

2243 5304 2423 5351 autem
2452 5291 2553 5344 hoc
2579 5287 2735 5353 facit,
2771 5268 2932 5355 atque
2968 5286 3093 5341 item
3132 5286 3184 5341 in
3226 5283 3458 5355 Epistola
3484 5283 3550 5338 ad
3580 5281 3825 5339 Galatas.

2244 5383 2426 5454 Neque
2454 5380 2597 5435 enim
2626 5376 2853 5433 illic‘uni
2880 5374 3175 5442 dumtaxat,
3212 5384 3305 5431 aut
3332 5367 3561 5437 duabus,
3599 5377 3694 5423 aut
3720 5368 3827 5421 tri-

2246 5474 2347 5528 bus
2391 5469 2718 5533 civitatibus,
2769 5466 2863 5523 sed
2908 5466 2973 5523 iis
3017 5465 3106 5539 qui
3150 5467 3347 5538 passim
3387 5458 3615 5531 dispersi
3661 5466 3824 5513 erant

2244 5562 2431 5619 scribit
2453 5601 2469 5624 ,
2503 5558 2585 5614 his
2622 5556 2801 5613 verbis
2837 5566 3032 5612 utens:
3066 5555 3260 5611 Paulus
3294 5550 3583 5627 apostolus,
3628 5562 3729 5600 non
3756 5546 3829 5599 ab

2244 5652 2529 5713 honunibus
2552 5666 2643 5706 nec
2668 5666 2757 5722 per
2775 5650 3048 5717 hominem,
3075 5648 3164 5704 sed
3192 5664 3281 5717 per
3304 5647 3482 5699 Jesum
3500 5637 3827 5696 Christuma

2248 5746 2409 5800 Deum
2432 5744 2657 5810 Patrem,
2682 5743 2771 5814 qui
2795 5742 3049 5798 suscitavit
3065 5753 3255 5796 «mea
3271 5733 3502 5801 mortuis,
3532 5739 3578 5787 et
3602 5729 3690 5803 qui
3715 5745 3825 5784 sse-
