4028 6222
262 361 373 416 385

263 489 382 527 cunt
403 479 518 524 sunt
541 483 710 522 omnes
736 466 940 537 fratres,
969 463 1205 520 Ecclesiis
1234 463 1448 522 Galatia
1477 480 1495 517 :
1540 463 1716 516 Gratia
1735 475 1820 516 ve-

260 541 343 614 bis
368 571 414 613 et
440 541 540 628 pas
577 555 719 624 (Gal.
758 558 807 613 ί.
852 557 903 610 l.
943 556 1019 625 3).
1049 555 1184 621 Quin
1219 553 1287 607 ad
1330 553 1577 607 Hebraeos
1615 567 1823 620 quoque

273 665 430 704 unam
469 648 761 718 generatim
801 647 1077 717 epistolam
1111 643 1355 712 scripsit,
1387 656 1484 696 nec
1513 656 1606 696 eos
1631 655 1726 710 per
1751 641 1820 694 ci-

264 739 454 793 vitates
496 737 756 792 distinxit.
797 738 1048 803 Quaenam
1090 735 1244 805 igitur
1285 731 1502 800 hujusce
1548 731 1625 786 rei
1664 743 1818 784 causa

261 827 388 882 est?
433 826 544 880 lea
589 826 799 896 quidem
844 824 1143 884 sententia,
1189 820 1328 890 quod
1378 834 1691 874 communes
1738 820 1822 874 hic

267 916 437 971 morbi
466 925 679 980 essent;
715 915 831 968 ideo
859 927 1191 969 communem
1217 925 1426 980 quoque
1448 911 1724 979 epistolam
1748 910 1824 964 fa-

262 1005 358 1070 cit,
402 1005 521 1075 quia
563 1005 829 1061 communi
857 1002 1192 1058 correctione
1236 999 1562 1070 indigebant.
1613 1000 1821 1054 Etenim

263 1094 466 1151 Galatae
493 1109 678 1150 omnes
708 1098 892 1148 morbo
924 1089 1230 1145 laborabant
1265 1098 1320 1144 et
1347 1090 1586 1155 Hebraei,
1625 1099 1818 1158 atque,

265 1195 324 1239 ut
348 1200 464 1239 mea
489 1183 666 1254 opinio
693 1183 812 1247 fert,
842 1178 896 1233 hi
919 1194 1146 1250 quoque.
1174 1179 1529 1248 Quamobrem
1557 1193 1676 1235 cum
1700 1178 1819 1232 uni-

265 1291 472 1334 versam
491 1275 757 1329 nationem
786 1280 1173 1341 congregasset,
1199 1282 1355 1341 atque
1381 1286 1494 1335 eos,
1515 1277 1574 1324 ut
1592 1269 1821 1338 reliquos

263 1379 451 1420 carnes
476 1368 855 1424 consueverat,
884 1361 1198 1425 salutasset;
1233 1357 1407 1413 Gratia
1438 1358 1579 1412 enim
1616 1367 1661 1410 et
1698 1374 1816 1425 pax,

264 1454 454 1529 inquit,
498 1469 530 1506 a
566 1450 674 1504 Deo
713 1448 870 1505 Patre
897 1460 1068 1504 nostro
1106 1457 1158 1505 et
1179 1448 1396 1502 Domino
1425 1448 1547 1502 Jesu
1582 1447 1819 1511 Christo;

261 1545 386 1599 audi
402 1545 513 1612 jam
531 1540 794 1610 quomodo
820 1539 1214 1594 accommodate
1240 1537 1309 1592 ad
1341 1538 1634 1592 institutum
1660 1551 1818 1605 argu-

263 1645 502 1690 mentum
530 1632 844 1687 exordiatur.
884 1631 1178 1686 Benedictus
1208 1629 1342 1683 Deus
1370 1640 1416 1683 et
1443 1627 1597 1682 Pater
1617 1626 1820 1680 Domini

263 1723 422 1778 nostri
466 1721 592 1776 least
635 1720 842 1789 Christi,
889 1719 1044 1774 Pater
1082 1719 1566 1784 misericordiarum,
1599 1729 1644 1772 et
1685 1715 1818 1770 Deus

263 1815 413 1868 totius
459 1813 828 1868 consolationis.
874 1809 1110 1878 Quonam
1154 1820 1328 1865 autem
1372 1815 1552 1876 modo,
1592 1810 1815 1878 inquies,

262 1902 366 1957 hoc
391 1903 631 1972 praesenti
652 1911 964 1972 argumento
988 1901 1270 1972 congruit?
1297 1900 1518 1954 Maxime
1543 1914 1671 1955 sane
1703 1918 1715 1954 :
1744 1899 1821 1954 sic

261 1995 405 2050 enim
443 1993 681 2064 expende
713 2011 726 2048 :
754 2007 941 2062 magna
985 1995 1084 2048 hoc
1112 2007 1207 2047 eos
1243 1992 1482 2047 molestia
1515 2000 1568 2046 et
1605 2002 1818 2062 pertur-

262 2084 476 2139 batione
515 2076 775 2138 afﬁciebat
792 2081 972 2155 ,qquod
997 2080 1268 2150 apostolus
1296 2079 1420 2134 illuc
1447 2081 1664 2134 minime
1691 2094 1816 2150 pro-

263 2174 431 2228 fectus
457 2172 673 2237 fuisset,
697 2185 817 2224 cum
848 2169 902 2224 id
921 2185 980 2224 se
1010 2171 1268 2225 facturum
1295 2169 1690 2240 spopondisset,
1717 2178 1814 2225 ve-

264 2277 380 2318 rum
402 2263 703 2317 universum
733 2269 940 2330 tempus
966 2263 1017 2315 iu
1046 2260 1350 2316 Macedonia
1378 2261 1816 2332 consumpsisset,

262 2355 500 2423 aliosque
541 2351 669 2420 ipsis
710 2350 974 2408 anteferre
1027 2351 1316 2408 videretur.
1367 2352 1541 2420 Quare
1585 2361 1643 2408 ut
1685 2351 1820 2408 hanc

264 2445 707 2518 perturbationem
728 2445 1059 2516 comprimat,
1080 2451 1290 2501 causinn
1313 2447 1546 2515 exponit,
1572 2447 1641 2501 ob
1661 2460 1820 2516 quam

261 2536 481 2593 minime
506 2536 572 2591 ad
602 2550 695 2591 eos
718 2537 1029 2606 perrexerit.
1065 2533 1174 2590 Nec
1199 2543 1374 2589 tamen
1403 2545 1547 2590 recta
1575 2551 1693 2590 eam
1722 2549 1818 2603 po-

263 2628 364 2693 nit,
396 2641 494 2682 nec
518 2626 612 2694 ait,
651 2624 773 2681 Scio
797 2624 1008 2693 quidem
1032 2623 1174 2694 quod
1201 2623 1468 2695 pollicitus
1497 2637 1616 2677 sum
1643 2639 1728 2676 me
1753 2623 1818 2677 ad

267 2733 363 2773 vos
391 2726 688 2782 venturum,
716 2713 831 2780 sed,
878 2713 1000 2785 quia
1044 2713 1372 2769 calamitates
1412 2714 1538 2767 mibi
1582 2714 1820 2783 impedi—

263 2817 446 2864 mento
485 2805 655 2871 fuere,
705 2804 980 2875 ignoscite.
1027 2819 1240 2875 quaso,
1288 2820 1387 2861 nec
1431 2821 1515 2860 me
1558 2806 1819 2875 superbiae

261 2898 534 2971 cujusdam
576 2904 668 2950 aut
705 2895 1033 2968 negligentia
1059 2895 1410 2951 condemnate
1454 2912 1467 2947 :
1510 2911 1692 2950 verum
1719 2896 1817 2950 alia

261 2994 472 3047 ratione
493 3003 559 3044 ac
585 2987 1006 3059 magniﬁcentius
1032 2997 1192 3056 atque
1234 2985 1300 3040 ad
1343 2986 1498 3040 (idem
1528 2986 1818 3041 faciendam

261 3079 711 3140 accommodatius
740 3081 839 3136 hoc
862 3079 1003 3135 idem
1032 3077 1214 3143 eﬂicit,
1244 3092 1353 3132 rem
1378 3091 1477 3146 per
1504 3077 1820 3131 consolatio-

263 3190 386 3230 nem
411 3173 740 3245 atnplilicans
768 3189 781 3226 :
810 3187 917 3240 quo
939 3171 1189 3238 deinceps
1215 3168 1314 3238 ipsi
1346 3184 1450 3222 non
1482 3169 1819 3223 scisciteutur

260 3281 361 3320 cur
397 3265 461 3319 ad
489 3279 580 3319 eos
610 3263 786 3318 venire
813 3271 1088 3316 cunctatus
1111 3261 1197 3314 sit.
1232 3262 1308 3313 Ac
1337 3260 1553 3328 perinde
1589 3260 1735 3323 facit,
1765 3267 1820 3312 ut

263 3357 310 3411 si
345 3354 481 3425 quis,
518 3369 638 3408 cum
669 3367 727 3406 se
767 3350 832 3405 ad
874 3351 1139 3421 aliquem,
1182 3365 1336 3421 quem
1378 3366 1558 3405 carum
1608 3352 1817 3418 habent,

261 3456 544 3500 venturum
572 3456 691 3495 esse
728 3442 1033 3510 recepisset,
1066 3455 1128 3494 ac
1155 3449 1335 3510 postea
1367 3442 1653 3495 innumeris
1677 3443 1820 3511 peri-

261 3535 399 3589 culis
423 3537 724 3603 perfunctus
745 3533 939 3598 veniat,
957 3547 1016 3586 ac
1045 3533 1214 3585 dicat:
1236 3528 1411 3585 Gloria
1435 3531 1526 3586 tibi
1546 3533 1636 3596 sit,
1661 3531 1819 3598 Deus,

263 3623 405 3696 quod
451 3622 635 3677 faciem
681 3620 809 3674 mihi
851 3639 1027 3676 caram
1069 3637 1131 3677 ac
1182 3621 1532 3677 desideratam
1593 3624 1826 3697 ostendi-

251 3717 332 3772 sti
362 3735 377 3770 :
406 3714 714 3770 benedictus
749 3715 914 3777 Deus,
946 3717 1138 3784 quibus
1167 3713 1411 3783 periculis
1439 3731 1524 3770 me
1555 3716 1817 3770 liberastil

263 3806 536 3876 Siquidem
578 3803 876 3874 huiusmodi
917 3803 1112 3858 divina:
1138 3804 1318 3874 gloriae
1363 3805 1667 3872 praidicatio
1699 3819 1823 3873 pur-

264 3897 491 3980 gationis
517 3897 629 3950 vice
655 3895 793 3964 apud
820 3910 939 3948 eum
966 3903 1046 3948 est
1068 3934 1081 3958 ,
1114 3895 1200 3964 qui
1240 3897 1667 3963 expostulaturus
1708 3894 1821 3950 fue-

269 4000 353 4046 rat
373 4030 389 4052 .
421 4004 518 4044 nec
544 4003 663 4043 eum
693 3987 760 4042 de
797 3988 1131 4041 cunctatione
1155 4002 1217 4041 ac
1246 4001 1390 4040 mora
1419 3988 1669 4057 conqueri
1701 4002 1823 4055 per-

268 4084 448 4138 mittit.
481 4080 755 4134 Erubescit
780 4080 922 4134 enim
950 4096 1091 4146 eum,
1119 4080 1207 4149 qui
1234 4081 1301 4132 ob
1328 4087 1404 4131 tot
1429 4093 1490 4132 ac
1517 4089 1655 4132 tanta
1690 4079 1825 4132 mala

259 4191 338 4229 .ex
365 4173 552 4240 quibus
574 4179 784 4238 ereptus
813 4181 895 4225 est
922 4171 1030 4224 Deo
1058 4170 1250 4240 gratias
1277 4168 1401 4237 agit,
1428 4169 1478 4221 in
1501 4169 1586 4236 jus
1615 4183 1820 4233 vocare,

274 4275 561 4334 pcenasque
589 4259 848 4313 tarditatis
889 4260 957 4314 ab
987 4276 1050 4314 eo
1079 4270 1342 4327 expetere.
1375 4259 1498 4312 ldeo
1532 4260 1607 4311 sic
1649 4258 1827 4326 auspi-

271 4364 441 4416 catur,
467 4351 756 4405 Benedictus
781 4348 916 4404 Deus
940 4348 1406 4405 misericordiarum.
1434 4349 1636 4414 Quibus
1657 4350 1829 4403 verbis

275 4447 377 4502 hoc
413 4443 739 4510 subindicat,
773 4457 832 4498 se
880 4443 1042 4512 ipsius
1082 4457 1183 4511 ope
1227 4457 1291 4494 ex
1341 4441 1639 4509 ingentibus
1689 4442 1830 4510 peri-

274 4537 409 4594 enlis
437 4535 682 4590 eductum
731 4552 792 4592 ac
836 4537 1115 4591 liberatum
1164 4533 1341 4588 fuisse.
1396 4533 1831 4603 Quandoquidem

279 4627 440 4682 David
467 4642 566 4678 non
591 4626 784 4696 ubique
810 4627 995 4683 eodem
1028 4626 1203 4691 modo,
1235 4640 1330 4678 nec
1362 4626 1425 4675 ab
1456 4625 1639 4677 iisdem
1670 4625 1832 4678 rebus

278 4723 448 4790 ipsum
490 4716 762 4783 appellat;
809 4733 990 4771 verum
1035 4733 1153 4771 cum
1201 4717 1268 4769 de
1315 4715 1454 4767 bello
1505 4730 1565 4768 ac
1614 4716 1831 4769 victoria

276 4811 438 4865 verba
470 4807 608 4871 facit,
653 4806 872 4876 Diligam
918 4819 982 4871 te,
1027 4808 1259 4872 Domine,
1290 4807 1442 4858 virtus
1482 4823 1606 4868 mea,
1644 4808 1820 4875 inquit,

281 4904 524 4956 Dominus
550 4908 794 4967 protector
822 4915 955 4951 meus
984 4897 1147 4970 (Psal.
1180 4899 1262 4952 i7.
1298 4898 1348 4966 i)
1381 4914 1392 4948 :
1427 4913 1543 4952 cum
1573 4908 1745 4953 autem
1770 4904 1833 4954 dc

279 4990 596 5052 calamitate,
642 5001 743 5057 qua
790 4989 1037 5042 liberatus
1067 4999 1168 5053 est,
1200 5003 1262 5041 ac
1289 4987 1352 5041 de
1378 4989 1540 5041 animi
1569 4991 1790 5057 caligine
1817 5031 1829 5052 ,

280 5099 400 5154 qua
429 5087 597 5154 ipsum
629 5080 1016 5144 circumdabat,
1051 5081 1292 5134 Dominus
1321 5080 1623 5133 illuminatio
1661 5099 1767 5145 mea
1790 5092 1834 5135 et

281 5177 420 5229 salus
451 5192 556 5227 mea
589 5174 754 5246 (Psal.
786 5171 874 5224 26.
910 5172 961 5239 l)
991 5188 1002 5222 :
1033 5183 1188 5241 atque
1218 5190 1353 5226 nunc
1383 5187 1414 5226 a
1444 5172 1760 5240 benignitate
1784 5184 1836 5227 et

283 5265 587 5330 clementia,
617 5279 754 5318 nunc
783 5279 810 5315 a
833 5261 1063 5331 jus-Lilia,
1099 5279 1236 5317 nunc
1262 5266 1329 5319 ab
1355 5266 1655 5327 incorrupto
1692 5264 1834 5331 judi-

284 5360 390 5421 cio,
422 5362 574 5424 prout
595 5354 706 5418 illa,
741 5356 792 5408 in
826 5353 1014 5422 quibus
1042 5356 1366 5415 versabatur.
1397 5363 1628 5420 tempora
1659 5364 1838 5421 postu-

284 5450 484 5508 labant,
512 5455 916 5512 cugnomentnm
946 5444 1039 5512 ipsi
1061 5444 1261 5499 tribuit.
1285 5448 1363 5499 Ad
1394 5448 1634 5500 ellllitieiti
1668 5449 1839 5514 itaque

290 5539 503 5594 modum
550 5534 649 5587 hoc
681 5533 798 5587 loco
830 5536 1019 5589 Paulus
1051 5537 1303 5602 incipiens
1349 5555 1377 5589 a
1427 5537 1745 5606 benignitate
1788 5548 1839 5590 ct

288 5630 566 5681 clementia
594 5625 761 5694 ipsum
795 5628 1040 5693 appellat,
1070 5623 1206 5678 Dens
1230 5628 1682 5681 misericordinrmn
1707 5671 1720 5692 ,
1756 5628 1838 5679 in—

297 5720 503 5786 quiens,
558 5718 656 5771 hoc
696 5726 795 5783 est,
844 5719 932 5783 qui
977 5727 1131 5772 tantm
1181 5719 1530 5771 miserationis
1574 5722 1835 5787 specii-neu

1333 351 1402 414 ΙΝ
1443 351 1653 407 EPIST.
1697 350 1737 406 Il
1803 351 1891 405 AD
1926 349 2078 406 COR.
2116 351 2341 408 HOMIL.
2381 353 2422 408 l.

3385 361 3491 418 380'

1927 462 2125 523 edidit.
2186 474 2240 518 ut
2292 480 2389 518 nos
2441 480 2504 520 ex
2559 445 2686 536 ipsis
2733 469 2919 523 mortis
2973 470 3139 539 portis
3195 474 3453 529 eduxerit.

1993 552 2046 606 3.
2087 552 2243 607 Pauli
2271 556 2545 610 humilitas.
2599 558 2705 610 lloc
2748 558 2888 611 enim
2939 561 3173 614 maxime
3226 565 3333 616 Deo
3359 581 3485 633 pro—

1926 642 2096 710 prium
2142 658 2204 697 ac
2246 646 2510 713 peculiare
2553 657 2634 702 est
2674 648 2940 718 ipsiusque
2986 661 3186 704 naturai
3233 650 3481 719 insitum,

1927 729 2171 784 nimirum
2199 734 2266 786 ad
2306 732 2445 787 hunc
2473 734 2687 788 modum
2729 737 2990 790 misereri.
3027 737 3148 792 ideo
3183 740 3480 795 misericor-

1923 818 2124 872 diarum
2156 821 2315 875 Deum
2345 825 2512 891 ipsum
2537 834 2707 877 vocat.
2739 825 2912 895 Atque
2949 826 3071 881 hinc
3098 829 3462 897 quoquePaul

1924 906 2268 962 humilitatem
2296 911 2449 964 velim
2477 912 2805 968 consideres.
2831 914 2960 968 Nam
2987 918 3225 984 quamvis
3252 933 3473 987 evange-

1924 999 2036 1052 lica:
2079 1001 2468 1067 praedicationis
2509 1017 2664 1056 causa
2707 1005 3124 1071 periclitaretur,
3171 1022 3274 1062 non
3307 1019 3483 1063 tamen

1922 1092 2110 1144 merito
2145 1107 2270 1156 suo,
2302 1092 2395 1146 sed
2429 1107 2524 1162 per
2547 1094 2637 1148 Dei
2662 1093 3026 1149 miserationes
3052 1101 3274 1152 salutem
3300 1114 3485 1153 conse-

1923 1190 2140 1248 quutum
2191 1195 2248 1234 se
2302 1195 2420 1235 esse
2467 1181 2561 1236 ait.
2618 1182 2813 1237 Verum
2865 1183 2964 1237 hoc
3002 1186 3210 1253 quidem
3250 1188 3482 1257 apertius

1921 1279 2103 1338 postea
2142 1270 2272 1325 dixit
2300 1289 2314 1336 ;
2342 1287 2482 1327 nunc
2514 1283 2688 1328 autem
2717 1274 2828 1330 haec
2854 1275 3011 1331 verba
3051 1278 3350 1348 subiungit:
3381 1282 3485 1348 Qui

1920 1360 2205 1414 consolatur
2247 1377 2336 1414 nos
2375 1363 2425 1415 in
2452 1363 2587 1416 omni
2623 1363 2958 1419 tribulatione.
3007 1365 3120 1420 Non
3165 1368 3295 1421 dixit
3319 1411 3334 1431 ,
3381 1371 3481 1438 Qui

1921 1461 2024 1500 non
2067 1450 2192 1503 sinit
2216 1466 2311 1504 nos
2338 1452 2638 1509 calamitate
2666 1455 2802 1509 afﬁci
2825 1500 2843 1522 ,
2880 1455 2972 1511 sed
3000 1497 3016 1523 ,
3058 1457 3157 1524 Qui
3192 1460 3243 1512 in
3269 1462 3482 1515 calami-

1920 1545 2019 1590 tate
2066 1554 2156 1592 nos
2199 1542 2507 1598 consolatur.
2569 1543 2702 1599 Nam
2750 1544 2852 1600 hoc
2898 1556 3006 1601 tum
3059 1549 3149 1602 Dei
3195 1552 3481 1618 potentiam

1919 1626 2184 1693 declarat,
2223 1638 2330 1683 tum
2359 1647 2573 1699 eorum,
2608 1636 2698 1704 qui
2724 1636 3112 1694 calamitatibus
3135 1651 3478 1709 premuntur,

1891 1717 2222 1799 patientiam
2261 1727 2456 1787 auget:
2491 1718 2768 1775 Tribulstio
2818 1726 2994 1789 enim,
3043 1729 3246 1796 inquit,
3293 1732 3485 1799 patien-

1921 1807 2040 1858 tiam
2069 1818 2305 1877 operatur
2329 1809 2512 1881 (ltom.
2542 1811 2596 1867 5.
2623 1812 2711 1882 3).
2743 1812 2796 1866 ld
2823 1817 2960 1883 quod
2992 1818 3246 1887 propheta
3275 1837 3484 1892 quoque

1921 1894 2003 1949 bis
2046 1898 2225 1954 verbis
2273 1900 2535 1956 indicabat
2573 1920 2586 1957 :
2634 1902 2702 1957 In
2755 1906 3072 1961 tribulatione
3134 1911 3359 1966 dilatasti
3406 1931 3485 1967 tne

1921 1986 2089 2057 (Paul.
2131 1991 2183 2043 4.
2225 1991 2257 2044 Ξ
2277 1992 2320 2062 ).
2353 1992 2465 2048 Non
2494 1993 2626 2049 dixit
2649 2035 2664 2060 ,
2692 1994 2806 2050 Non
2836 2012 3018 2067 passus
3038 2015 3095 2054 es
3124 2017 3208 2056 me
3234 2004 3285 2056 in
3312 2007 3482 2061 tribu-

1919 2079 2167 2136 lationem
2214 2084 2358 2150 labi,
2409 2093 2532 2151 aut,
2581 2085 2995 2145 Tribulationem
3039 2096 3316 2148 confestim
3352 2098 3482 2152 sub-

1921 2170 2167 2237 movisti,
2196 2173 2287 2226 sed
2312 2215 2326 2238 ,
2375 2174 2450 2230 Ea
2492 2187 2739 2233 manente
2786 2179 3018 2236 dilatasti
3059 2198 3183 2238 me:
3217 2187 3316 2240 hoc
3357 2197 3479 2254 est,

1921 2257 2185 2326 ingentem
2234 2262 2410 2318 cordis
2473 2264 2803 2323 latitudinem
2869 2279 2922 2325 et
2978 2272 3298 2342 voluptatem
3353 2277 3481 2332 mihi

1918 2349 2157 2403 attulisti.
2209 2349 2260 2403 ld
2307 2353 2448 2420 quod
2488 2357 2646 2410 et'ram
2692 2358 2744 2411 in
2793 2361 2960 2415 tribus
3008 2365 3187 2432 pueris
3230 2367 3470 2437 contigit.

1920 2437 2100 2509 Neque
2144 2442 2323 2507 enim,
2369 2458 2475 2513 quo
2517 2447 2692 2501 minus
2738 2451 2788 2502 in
2832 2451 3100 2508 fornacem
3152 2457 3476 2526 inciderent,

1921 2529 2225 2596 prohibuit,
2254 2546 2351 2587 nec
2379 2547 2497 2588 cum
2525 2535 2864 2606 incidissent,
2895 2538 3158 2597 flammam
3188 2547 3478 2613 exstinxit,

1921 2633 2102 2672 verum
2127 2620 2376 2691 ﬂagrante
2400 2622 2617 2681 fornace
2643 2627 2970 2685 latitudinem
2998 2632 3125 2703 ipsis
3153 2636 3395 2704 pra:buit.

1993 2704 2344 2773 Deus'semper
2367 2715 2669 2769 consolatur.
2692 2747 2762 2758 --
2783 2718 2893 2774 Hoc
2914 2735 3099 2777 autem
3131 2725 3266 2780 Deus
3299 2741 3482 2796 perpe-

1920 2804 2012 2849 tuo
2050 2794 2223 2852 facere
2248 2803 2522 2856 consuevit
2553 2820 2567 2856 :
2595 2806 2734 2872 quod
2763 2807 2922 2860 etiam
2953 2808 3144 2865 Paulus
3183 2794 3484 2870 subindica-

1921 2885 2042 2952 bat,
2096 2903 2216 2942 cum
2277 2889 2482 2946 diceret
2523 2911 2535 2946 :
2585 2892 2683 2960 Qui
2744 2899 3034 2952 consolatur
3096 2918 3187 2956 nos
3243 2906 3297 2957 in
3348 2909 3484 2960 ontni

1922 2977 2254 3034 tribulatione.
2283 2981 2418 3048 Quin
2444 2982 2585 3037 aliud
2611 2999 2817 3056 quoque
2842 2987 2924 3042 his
2946 2990 3118 3046 verbis
3138 2993 3479 3050 demonstrat.

1921 3066 2177 3132 Qltidnam
2204 3072 2413 3124 tandem
2445 3072 2627 3129 istud?
2657 3075 2856 3145 Nempe
2882 3081 3018 3147 quod
3053 3099 3155 3136 non
3194 3087 3355 3140 semel
3394 3097 3484 3141 aut

1922 3157 2142 3219 iterum,
2193 3158 2286 3212 sed
2338 3173 2550 3230 semper
2604 3164 2703 3217 hoc
2724 3163 2896 3220 faciat.
2939 3168 3119 3238 Neque
3162 3175 3302 3228 enim
3346 3192 3483 3230 nunc

1923 3247 2251 3314 consolatur,
2313 3266 2454 3306 nunc
2511 3268 2694 3310 rursus
2739 3256 2972 3325 deserit,
3027 3262 3120 3316 sed
3165 3280 3376 3333 semper
3423 3284 3484 3322 ac

1922 3351 2177 3406 perpetuo
2207 3341 2305 3395 hoc
2347 3343 2474 3410 agit.
2507 3343 2585 3398 0b
2609 3345 2764 3415 idque
2810 3346 2978 3415 dixit,
3031 3351 3125 3418 Qui
3161 3357 3480 3424 consolatur,

1924 3445 2060 3497 non,
2096 3433 2194 3500 Qui
2238 3437 2520 3489 consolatus
2560 3447 2676 3500 est;
2717 3449 2798 3504 et,
2851 3440 2914 3494 In
2956 3445 3093 3496 omni
3122 3445 3471 3515 tribulatione,

1925 3540 2027 3578 non
2068 3527 2120 3580 in
2159 3526 2256 3581 hac
2291 3536 2447 3596 atque
2478 3528 2560 3582 illa
2583 3570 2598 3594 ,
2637 3531 2751 3590 sed,
2772 3531 2836 3584 In
2877 3535 3011 3585 omni
3035 3551 3053 3596 ;
3079 3547 3133 3587 ut
3163 3539 3407 3607 possimus
3435 3551 3486 3594 et

1923 3616 2020 3684 ipsi
2075 3618 2326 3670 consolari
2383 3635 2504 3686 eos,
2545 3620 2633 3687 qui
2669 3621 2720 3672 in
2758 3622 2895 3674 omni
2939 3639 3170 3691 pressura
3209 3638 3359 3693 sunt,
3399 3647 3490 3700 per

1923 3706 2310 3760 consolationem
2337 3749 2350 3772 ,
2378 3725 2476 3776 qua
2507 3711 2822 3764 consolamur
2847 3722 2893 3766 et
2915 3715 3013 3782 ipsi
3039 3733 3068 3768 a
3096 3715 3220 3771 Deo.
3255 3719 3483 3777 Videsne

1925 3795 2186 3864 quomodo
2249 3799 2640 3854 excusationem
2705 3812 3012 3868 praestruat,
3081 3805 3205 3860 dum
3270 3826 3474 3880 magna:

1926 3887 2196 3956 cujusdam
2246 3888 2546 3945 afﬁicdonis
2593 3892 2942 3960 suspicionem
2987 3897 3209 3953 auditori
3252 3903 3488 3968 prmbet?

1928 3981 2099 4049 Atque
2145 3981 2302 4034 etiam
2336 3996 2427 4051 per
2456 3983 2566 4037 haec
2607 3986 2717 4052 ipsa
2749 3984 2906 4038 verba
2939 3987 3250 4044 modestiam
3295 4007 3401 4061 pra:
3428 4009 3487 4050 se

1929 4068 2063 4134 fert,
2116 4087 2233 4124 cum
2281 4073 2351 4126 ait
2399 4074 2533 4127 banc
2579 4091 2787 4143 quoque
2834 4077 3003 4145 ipsam
3055 4081 3483 4151 miserationem,

1929 4178 2034 4216 non
2062 4167 2129 4215 ob
2160 4163 2389 4232 ipsorum
2420 4167 2660 4218 meritum
2687 4181 2750 4220 ac
2780 4166 3116 4236 dignitate-ii,
3149 4173 3238 4226 sed
3269 4185 3482 4242 propter

1930 4267 2048 4316 eos,
2078 4255 2166 4321 qni
2205 4255 2271 4308 ab
2301 4255 2428 4324 ipsis
2455 4255 2736 4324 adiuvandi
2762 4268 2940 4322 erant,
2970 4270 3270 4329 (tentigisse.
3323 4264 3400 4318 0b
3433 4266 3482 4320 id
3568 4322 3574 4330 ,

1930 4342 2099 4405 enim,
2145 4343 2342 4410 inquit,
2391 4358 2486 4397 nos
2525 4346 2829 4398 consolatus
2875 4358 2985 4406 est.
3022 4357 3076 4401 ut
3117 4364 3213 4403 nos
3246 4362 3477 4407 mutuam

1931 4430 2345 4485 consolationem
2411 4435 2497 4485 alii
2552 4434 2667 4486 aliis
2724 4437 3082 4490 adhibeamus.
3153 4441 3321 4510 Atque
3361 4445 3481 4496 hinc

1933 4536 2136 4591 quoque
2167 4523 2529 4589 apostolorum
2577 4523 2881 4591 dignitatem
2927 4528 3190 4592 deeiarat,
3232 4532 3354 4584 dum
3389 4535 3486 4586 hoc

1934 4613 2125 4667 indicat
2145 4653 2158 4677 ,
2195 4613 2328 4682 quod
2358 4624 2696 4679 posteaquam
2729 4616 2916 4668 solatio
2944 4617 3161 4671 allectus
3189 4635 3251 4673 ac
3281 4636 3487 4674 recrea-

1936 4715 2016 4759 tus
2061 4704 2187 4761 fuit.
2239 4723 2343 4758 non
2376 4709 2509 4758 sicut
2539 4721 2633 4758 nos
2677 4709 2920 4772 supinum
2964 4724 3020 4761 se
3047 4718 3204 4778 atque
3243 4713 3485 4781 ignavum

1939 4797 2165 4860 ξπῑι-ἱηςδὲ,
2187 4837 2199 4860 ,
2235 4812 2415 4850 verum
2447 4796 2507 4848 ad
2534 4833 2536 4837 -
2566 4796 2885 4849 aleariae-tios
2914 4809 3068 4866 atque
3099 4806 3489 4858 COliili'Itf-Indog

1937 4894 1986 4938 ei
2007 4888 2315 4940 excitandos
2337 4887 2466 4938 alios
2487 4892 2864 4955 ,iitigr-ea15;sl.tir.
2897 4890 3028 4942 Sunt
3053 4893 3207 4943 etiam
3236 4895 3322 4957 qui
3355 4895 3492 4948 itane

1937 4978 2107 5030 locum
2157 4981 2228 5031 sic
2270 4991 2568 5044 exponant,
2595 4993 2657 5032 ac
2679 4979 2721 5028 si
2755 4981 3035 5046 Apostolus
3079 4980 3217 5034 dicat
3250 5000 3262 5036 :
3297 4984 3492 5037 Consa-

1938 5067 2064 5122 latio
2111 5080 2286 5122 nostra
2344 5068 2565 5120 aliorum
2625 5084 2830 5137 quoque
2887 5071 3176 5125 consolatio
3215 5084 3315 5127 est.
3355 5077 3488 5141 Quin

1939 5157 2065 5210 mihi
2094 5160 2249 5211 etiam
2274 5160 2388 5226 ipse
2421 5158 2469 5209 in
2502 5156 2657 5212 falsos
2698 5161 3000 5226 apostolos,
3035 5163 3118 5228 qui
3149 5163 3407 5217 incassum
3435 5180 3496 5218 sc

1936 5248 2238 5313 jactabant,
2287 5247 2533 5310 domique
2581 5248 2891 5301 desidebant
2925 5264 2985 5301 ac
3029 5251 3231 5305 deliciis
3281 5269 3491 5321 operam

1942 5337 2168 5401 dabant,
2214 5351 2300 5405 per
2350 5336 2648 5402 huiusmodi
2698 5340 3006 5404 prooemium
3038 5342 3212 5393 invehi
3253 5343 3493 5406 videtur;

1944 5442 2125 5479 verum
2155 5428 2372 5481 obscure
2393 5467 2406 5487 ,
2455 5443 2514 5478 ae
2559 5427 2696 5479 velut
2727 5425 2914 5479 obiter.
2947 5428 3208 5482 Cmterum
3242 5435 3498 5500 praecipue

1946 5517 1993 5568 id
2023 5519 2243 5583 agebat,
2294 5527 2342 5567 ut
2400 5517 2746 5569 cunctationis
2792 5530 2852 5568 ac
2899 5516 3229 5587 negligentiae.
3271 5530 3440 5573 notant
3472 5541 3499 5573 ε

1947 5623 2001 5660 se
2033 5610 2336 5676 depelleret.
2389 5608 2517 5660 Nam
2551 5606 2590 5658 si
2625 5616 2902 5673 praeterea
2949 5611 3306 5663 consolatione
3337 5609 3502 5663 afﬁni-

1953 5715 2105 5760 mur,
2167 5709 2224 5752 ut
2282 5698 2394 5749 aliis
2452 5712 2657 5766 quoque
2715 5698 3127 5752 consolationem
3182 5699 3500 5766 efferamus,
