4028 6222
473 373 581 431 38⁸9

474 493 689 553 utimitti
732 507 798 550 ne
825 495 1019 549 vertite
1037 533 1053 558 ,
1090 491 1235 563 quod
1264 491 1330 545 ad
1362 506 1458 545 vos
1483 505 1590 543 non
1614 484 1999 545 accesserimus
2028 498 2046 538 :

474 588 521 646 si
557 585 770 657 quidem
810 585 966 641 nobis
993 598 1154 639 omne
1184 591 1392 652 tempus
1423 580 1476 634 in
1506 576 1714 634 insidiis
1739 585 1795 631 et
1818 574 2049 629 invasio-

404 720 405 725 η
476 678 632 734 nibus
652 718 670 746 ,
699 674 1138 747 depellendisque
1169 669 1538 742 ingruentibus
1562 665 1817 738 periculis
1841 664 2050 720 tereba-

476 778 582 823 tttr.
613 769 664 823 6.
715 765 969 834 Quoniam
1012 766 1141 818 sicut
1187 760 1446 815 abundant
1493 758 1679 814 Christi
1712 756 1968 828 passiones
1996 753 2050 807 in

472 858 637 924 nobis,
658 858 729 911 ita
746 856 898 910 etiam
922 870 1010 922 per
1028 850 1281 907 Christum
1304 848 1527 905 abundat
1558 846 1837 900 consolatio
1857 852 2046 898 nostra.

474 947 683 1001 Etenim
734 960 803 999 ne
860 942 1243 1011 discipulorum
1288 940 1496 994 animos
1544 936 1877 995 calamitates
1923 948 2049 989 suas

475 1037 701 1092 nimium
724 1032 1100 1104 exaggerando
1128 1037 1502 1087 consternaret
1520 1069 1537 1096 ,
1563 1027 1797 1084 ostendit
1837 1039 2048 1080 rursum

474 1129 744 1199 ingentem
771 1141 983 1197 quoque
1008 1122 1395 1180 consolationis
1421 1121 1633 1193 copiam
1673 1134 1795 1174 esse
1822 1135 1838 1172 :
1866 1117 2049 1186 sicque

474 1217 683 1272 animos
711 1231 894 1272 eorum
921 1215 1097 1284 erigit.
1123 1213 1308 1283 Neque
1338 1211 1441 1266 hac
1467 1219 1670 1265 tantum
1692 1208 1923 1272 ratione,
1954 1202 2049 1261 sed

474 1322 544 1365 eo
585 1309 781 1370 etiam,
833 1305 974 1375 quod
1002 1319 1095 1359 eus
1125 1301 1325 1359 Christi
1377 1299 1729 1363 submoneat,
1780 1297 2051 1366 ipsiusque

473 1398 752 1469 passiones
804 1409 927 1451 esse
970 1402 1218 1447 asserat:
1252 1400 1410 1458 atque
1455 1396 1583 1442 ante
1628 1385 2048 1442 consolationem

472 1490 540 1545 ab
568 1488 696 1559 ipsis
718 1498 932 1555 quoque
960 1480 1350 1538 calamitatibus
1374 1477 1792 1534 consolationem
1822 1474 2044 1531 inducit.

468 1579 606 1652 Quid
647 1579 790 1635 enim
820 1575 1035 1632 suavius
1078 1587 1143 1628 ac
1180 1570 1501 1643 jucundius,
1547 1584 1707 1642 quam
1736 1584 1820 1624 me
1846 1567 2050 1625 Christi

469 1671 674 1727 socium
701 1666 873 1731 effici,
903 1674 1063 1735 atque
1093 1664 1257 1735 ipsius
1294 1677 1454 1718 causa
1482 1662 1597 1717 hac
1622 1657 1865 1731 perpeti?
1909 1656 2047 1728 Quid

470 1776 592 1816 eum
623 1759 724 1815 hac
752 1756 1117 1813 consolatione
1140 1752 1558 1824 comparandum
1580 1751 1604 1806 τ
1633 1750 1743 1805 Nec
1765 1764 1895 1805 vero
1923 1748 2050 1804 hinc

472 1862 710 1915 tantum,
741 1849 836 1905 sed
877 1846 1100 1902 aliunde
1147 1859 1360 1916 quoque
1386 1856 1606 1909 eorum,
1653 1840 1745 1911 qui
1772 1838 2049 1895 calamita-

471 1945 614 1999 tibus
654 1940 1063 2004 conflictantur,
1111 1936 1322 1991 animos
1365 1934 1581 1989 attollit.
1630 1931 1785 1987 Unde
1833 1930 2046 1985 tandem

468 2032 727 2089 aliunde?
774 2032 908 2087 Hinc
960 2042 1188 2099 nempe,
1240 2025 1384 2097 quod
1431 2026 1539 2092 ait,
1595 2024 1888 2079 Abundant.
1929 2022 2047 2078 Non

470 2125 616 2183 enim
645 2123 816 2189 dixit,
847 2118 1308 2187 Quemadmodum
1353 2114 1550 2172 Christi
1582 2116 1861 2187 passiones
1894 2114 2050 2169 nobis

472 2215 759 2289 ingruunt,
806 2210 934 2275 sed,
985 2210 1130 2265 Sicut
1172 2206 1455 2262 abundant.
1484 2206 1690 2272 Quibus
1716 2206 1892 2260 verbis
1920 2205 2046 2259 illud

470 2302 737 2370 ostendit,
766 2299 907 2371 quod
952 2314 1057 2355 non
1106 2297 1267 2351 modo
1313 2296 1455 2349 illius
1498 2295 1797 2361 cruciatus,
1843 2294 1937 2350 sed
1966 2294 2050 2349 his

470 2408 683 2465 quoque
738 2392 918 2460 plures
964 2387 1259 2459 perferant.
1315 2385 1430 2440 Non
1480 2386 1665 2451 enim,
1723 2386 1926 2455 inquit,
1983 2400 2047 2440 ea

474 2483 879 2546 tantummodo,
910 2497 1029 2551 quae
1060 2480 1173 2550 ipse
1202 2494 1391 2549 passus
1418 2487 1531 2544 est,
1576 2478 1885 2547 pertulimus
1906 2517 1921 2541 ,
1952 2493 2050 2532 ve-

468 2589 587 2630 rum
618 2574 701 2628 his
720 2573 877 2627 etiam
900 2570 1181 2640 ampliora.
1208 2568 1295 2622 Sic
1318 2568 1462 2622 enim
1482 2566 1763 2621 considera
1794 2584 1805 2619 :
1830 2576 2051 2622 vexatus

469 2674 591 2730 est,
642 2660 1107 2734 persequutionem
1166 2673 1350 2728 passus
1398 2667 1483 2713 est
1528 2656 1773 2711 Christus
1802 2697 1817 2721 ,
1871 2656 2051 2727 ﬂagris

468 2769 641 2811 caesus
670 2762 752 2808 est
772 2794 786 2815 ,
834 2758 1078 2805 mortuus
1105 2758 1207 2803 est.
1237 2749 1307 2802 At
1335 2763 1435 2802 nos
1458 2787 1474 2813 ,
1520 2748 1692 2817 inquit
1718 2788 1734 2814 ,
1785 2747 1870 2802 his
1899 2747 2049 2815 plura

471 2847 703 2919 patimur
728 2861 741 2898 :
770 2842 911 2913 quod
956 2840 1172 2912 quidem
1198 2841 1283 2895 vel
1313 2839 1486 2893 solum
1516 2838 1583 2893 ad
1624 2838 2049 2894 consolationem

471 2938 602 2995 satis
628 2952 750 2991 esse
780 2943 959 3003 queat.
988 2931 1095 2985 Nec
1124 2932 1403 3000 quisquam
1431 2929 1573 2983 hunc
1608 2944 1915 2983 sermonem
1957 2944 2047 2983 ar-

472 3029 726 3100 rogantia:
769 3041 832 3080 ac
872 3022 1186 3077 temeritatis
1230 3020 1446 3074 damnet
1481 3038 1493 3073 :
1529 3035 1650 3073 nam
1700 3028 1755 3075 et
1797 3020 1903 3074 alio
1932 3020 2052 3076 loco

472 3118 586 3172 ait:
626 3115 780 3168 Nunc’
822 3113 1015 3183 gaudeo
1044 3115 1095 3164 in
1139 3110 1457 3181 passionibus
1505 3110 1665 3175 meis,
1714 3120 1864 3181 atque
1887 3111 2052 3164 adim-

474 3208 586 3277 pleo
628 3222 688 3260 ea
714 3220 826 3275 quia
863 3203 1042 3257 desunt
1085 3199 1403 3271 passionibus
1443 3200 1630 3254 Christi
1658 3202 1710 3254 in
1758 3219 1909 3255 carne
1942 3219 2053 3257 mea

474 3297 708 3370 (Coioss.
742 3296 792 3350 l.
822 3295 855 3348 4
882 3294 926 3363 ).
959 3294 1027 3346 At
1055 3301 1299 3346 neutrum
1332 3290 1521 3345 horum
1554 3292 1869 3345 temeritatis
1894 3293 2052 3348 ullius

472 3398 527 3444 et
560 3388 875 3457 arrogantia:
900 3394 1000 3440 est.
1025 3384 1168 3440 Sicut
1197 3385 1337 3438 enim
1366 3382 1609 3451 discipuli
1642 3384 1864 3453 majora,
1895 3400 2053 3453 quam

475 3482 619 3552 ipse,
666 3479 915 3533 miracula
971 3477 1247 3540 fecerunt;
1309 3475 1407 3541 Qui
1460 3476 1593 3529 enim
1634 3478 1793 3530 credit
1841 3476 1895 3530 in
1939 3493 2049 3541 me,

475 3571 666 3640 inquit,
690 3571 887 3637 majora
909 3568 985 3621 Itis
1007 3568 1158 3638 faciet
1184 3566 1362 3639 (Joan.
1385 3568 1472 3621 id.
1499 3566 1585 3636 12)
1608 3583 1623 3632 ;
1670 3576 1840 3621 totum
1871 3576 2051 3623 autem

476 3662 572 3731 ipsi
593 3660 931 3721 adscribitur,
952 3659 1037 3728 qui
1058 3659 1108 3711 in
1131 3658 1258 3726 ipsis
1278 3658 1628 3725 operabatur:
1649 3658 1727 3712 sic
1748 3659 1905 3711 etiam
1933 3659 2053 3727 plu-

474 3768 551 3817 ra,
570 3768 729 3823 quam
763 3754 893 3818 ipse,
918 3749 1156 3819 perpessi
1184 3757 1308 3801 sunt
1334 3764 1349 3813 ;
1378 3756 1430 3801 at
1454 3748 1766 3801 universum
1799 3748 1898 3801 hoc
1930 3764 2052 3802 rur-

474 3858 566 3897 sus
588 3842 687 3910 ipsi
711 3840 943 3894 adscribi
963 3839 1141 3901 debet,
1159 3838 1248 3906 qui
1269 3850 1362 3890 eos
1384 3836 1783 3901 consolabatur,
1807 3848 1962 3905 atque
1982 3840 2052 3892 ita

473 3934 836 4003 comparabat,
854 3930 1219 3997 utingruentia
1244 3928 1380 3981 mala
1401 3926 1519 3981 forti
1542 3929 1718 3981 animo
1733 3928 2048 3997 perferrent.

545 4024 601 4081 4.
643 4021 795 4078 Unde
826 4021 987 4075 etiam
1017 4018 1230 4083 Paulus,
1257 4032 1415 4087 quam
1442 4018 1652 4073 excelse
1679 4018 1927 4088 loquutus
1958 4033 2048 4073 es-

475 4126 579 4182 set,
609 4127 939 4184 agnoscens,
973 4110 1095 4165 vide
1123 4109 1391 4181 quomodo
1419 4109 1521 4163 hoc
1548 4123 1733 4164 rursus
1762 4108 1844 4164 his
1874 4109 2053 4164 verbis

478 4210 703 4277 mitiget,
724 4208 809 4258 Ita
837 4214 881 4258 et
910 4221 997 4273 per
1019 4203 1273 4257 Christum
1300 4201 1522 4253 abundat
1548 4200 1826 4254 consolatio
1856 4209 2053 4263 nostra:

477 4310 645 4355 totum
676 4300 776 4350 hoc
814 4304 1088 4363 acceptum
1116 4293 1189 4345 illi
1215 4290 1477 4356 referens,
1510 4298 1669 4357 atque
1700 4289 1866 4358 ipsius
1896 4290 2052 4343 beni-

476 4389 733 4461 gnitatem
774 4383 1088 4456 praedicans.
1117 4380 1237 4436 Non
1269 4380 1432 4446 enim,
1467 4377 1657 4448 inquit,
1687 4389 1883 4448 quanta
1913 4379 2054 4432 cala-

479 4484 701 4545 mitate,
750 4486 893 4532 tanta
948 4490 1159 4547 quoque
1194 4473 1556 4529 consolatione
1606 4471 1902 4537 afiicimnr,
1957 4470 2053 4525 sed

479 4573 646 4629 tnulto
672 4570 891 4640 majore.
936 4567 1117 4637 Neque
1145 4568 1287 4619 enim
1314 4566 1464 4631 dixit,
1493 4565 1801 4625 Consolatio
1830 4564 2053 4620 calami-

478 4673 615 4719 tates
644 4669 840 4732 atquat,
868 4657 985 4725 sed,
1019 4656 1254 4711 Abundat
1272 4655 1585 4717 consolatio;
1607 4655 1677 4708 ita
1718 4664 1776 4708 ut
1799 4654 2053 4710 certami-

480 4768 605 4809 num
636 4760 844 4820 tempus
862 4790 876 4814 ,
905 4750 1127 4803 aliarum
1154 4759 1338 4801 rursus
1381 4757 1699 4798 coronarum
1725 4751 1933 4813 tempus
1958 4744 2049 4798 sit.

476 4845 613 4914 Quid
630 4841 794 4909 enim,
814 4853 1017 4910 qumso,
1040 4846 1147 4892 tam
1167 4838 1400 4907 amplum
1431 4850 1493 4891 ac
1534 4834 1867 4905 prmclarum,
1892 4851 2049 4907 quam

477 4937 549 4990 ob
565 4933 834 4989 Christqu
860 4929 1040 5002 ﬂagris
1059 4928 1213 4993 ctedi,
1237 4937 1430 4983 etcum
1456 4927 1567 4982 Deo
1594 4925 1846 4996 colloqui,
1874 4928 2051 4983 omni-

479 5028 684 5097 busque
712 5024 907 5079 robore
942 5029 1219 5092 praestare,
1249 5032 1313 5073 ac
1350 5029 1759 5089 persequutores
1800 5017 2046 5085 vincere,

479 5129 652 5186 neque
676 5115 743 5169 ab
771 5114 1019 5168 universo
1044 5118 1307 5165 terrarum
1333 5109 1462 5163 orbe
1489 5109 1657 5178 subigi
1681 5116 1732 5163 et
1762 5108 2051 5179 expugnari

479 5221 659 5280 posse,
689 5215 846 5275 atque
866 5203 1128 5274 ejusmodi
1150 5204 1285 5257 bona
1316 5202 1436 5256 hinc
1456 5212 1789 5273 exspectare,
1812 5216 1930 5271 quae
1952 5218 2051 5258 nec

477 5296 663 5352 oculus
692 5295 863 5361 vidit,
896 5308 994 5348 nec
1042 5293 1188 5348 auris
1211 5290 1449 5353 audivit,
1481 5306 1581 5346 nec
1622 5293 1674 5345 in
1702 5306 1795 5346 cor
1822 5292 2050 5349 hominis

476 5385 866 5443 ascenderunt?
885 5384 1013 5455 quid
1033 5392 1138 5438 tam
1165 5382 1455 5453 egregium,
1473 5397 1630 5452 quam
1657 5382 1868 5453 pietatis
1892 5396 2050 5436 causa

481 5481 672 5550 premi,
711 5488 868 5549 atque
910 5478 1201 5533 innumeris
1256 5476 1347 5531 Dei
1401 5474 1855 5531 consolationibus
1903 5474 2047 5542 frui,

478 5587 541 5629 ac
581 5581 662 5627 tot
700 5571 968 5640 tantisque
996 5569 1227 5639 peccatis
1252 5566 1498 5632 liberari,
1541 5575 1596 5621 et
1623 5566 1824 5636 Spiritu
1862 5574 2049 5620 sancto

477 5662 860 5718 et~sauctitate
899 5668 1056 5730 atque
1102 5660 1300 5728 iustitia
1345 5658 1552 5723 donari,
1585 5673 1683 5713 nec
1728 5672 2047 5729 quemquam

481 5760 715 5808 tnetuere
743 5766 807 5811 ac
831 5751 1261 5822 perhorrescere,
1295 5757 1452 5819 atque
1483 5749 1533 5803 in
1565 5748 1804 5820 ipsismet
1832 5746 2043 5818 pericu-

1181 376 1239 435 S.
1275 369 1551 433 .iOANNlS
1584 366 2054 431 CHRYSOSTOII
2090 363 2407 423 ARCHIEP.
2444 362 2973 425 CONSTANTINOP.

3624 368 3729 425 588

2157 476 2224 534 iis
2263 478 2452 550 quovis
2489 477 2909 547 splendidiorem
2950 478 3163 539 videri?
3188 480 3265 540 Ne
3288 480 3449 553 igitur
3476 482 3530 538 in
3559 492 3720 540 tenta-

2154 570 2387 625 tionibns
2430 571 2610 626 animo
2657 571 2991 642 dejiciamur.
3011 571 3181 630 Nemo
3208 576 3354 631 enim
3383 574 3592 633 deliciis
3616 585 3729 631 stu-

2154 660 2288 716 dens
2303 671 2357 717 et
2376 661 2648 717 dormiens
2668 677 2730 717 ac
2748 661 3029 733 languens,
3043 677 3163 718 cum
3180 665 3395 724 Christo
3416 668 3727 725 societatem

2154 751 2347 819 habet;
2375 769 2532 810 nemo
2551 769 2761 818 eorum.
2788 755 2879 826 qui
2908 755 3141 811 molliter
3163 771 3227 812 ac
3252 760 3477 816 remisse
3503 761 3686 816 vivunt
3710 778 3727 821 :

2156 862 2337 903 verum
2360 847 2405 903 is
2432 848 2646 904 demum
2674 850 2750 905 illi
2771 850 2977 906 vicinus
3003 859 3103 917 est,
3135 851 3223 921 qui
3252 849 3306 906 in
3334 854 3637 911 calamitate
3662 868 3727 911 ac

2157 937 2449 993 tentatione
2477 949 2719 994 versatur
2743 981 2758 1003 ,
2803 947 2962 1010 atque
3002 949 3208 996 arctum
3254 941 3378 995 vitae
3431 944 3530 998 iter
3560 953 3725 1002 tenet.

2153 1026 2284 1082 Nam
2316 1027 2430 1097 ipse
2466 1044 2678 1101 quoque
2723 1029 2823 1084 hac
2848 1032 2929 1084 via
2958 1030 3173 1086 incessit
3200 1048 3212 1085 :
3245 1046 3473 1102 eamque
3500 1034 3569 1088 ob
3596 1050 3726 1089 cau-

2153 1133 2268 1174 sam
2288 1118 2519 1184 dicebat,
2539 1118 2705 1174 Filius
2720 1120 2937 1175 hominis
2956 1137 3056 1175 non
3078 1120 3221 1175 habet
3246 1122 3330 1175 ubi
3349 1132 3501 1193 caput
3524 1125 3730 1180 reclinet

2155 1206 2369 1280 (Matth.
2399 1209 2453 1263 s.
2488 1208 2603 1281 eo).
3230 1214 3239 1221 ν

2226 1297 2292 1353 In
2319 1299 2689 1355 calamitatibus
2715 1301 2964 1373 quomodo
3002 1303 3268 1373 agendum.
3300 1334 3370 1345 —
3401 1303 3632 1360 Proinde
3661 1320 3730 1362 ne

2152 1388 2333 1445 animo
2358 1388 2698 1446 discrucieris
2723 1431 2737 1453 .
2764 1406 2885 1447 cum
2910 1391 3211 1450 calamitate
3235 1394 3496 1465 premeris
3514 1432 3531 1459 ,
3559 1394 3731 1449 anim-

2151 1479 2442 1537 advertens
2467 1480 2551 1537 cui
2577 1481 2960 1545 communices,
2982 1490 3034 1537 ei
3061 1498 3291 1553 quonam
3315 1484 3474 1540 modo
3499 1500 3593 1556 per
3619 1493 3732 1542 ten-

2153 1572 2381 1627 tationes
2408 1573 2673 1628 scelerum
2724 1572 2960 1628 maculas
2997 1573 3181 1642 cluas,
3212 1587 3576 1648 quantumque
3603 1578 3731 1636 inde

2152 1660 2384 1719 fructum
2412 1663 2633 1719 referas.
2663 1664 2804 1720 Nihil
2825 1668 2969 1721 enim
2999 1665 3141 1721 aliud
3178 1680 3339 1737 grave
3378 1679 3536 1740 atque
3574 1685 3728 1727 accr-

2153 1751 2279 1807 bum
2308 1762 2429 1820 est,
2460 1769 2618 1823 quam
2667 1755 2717 1808 in
2765 1756 2858 1810 Dei
2900 1756 3247 1812 offensionem
3300 1758 3591 1817 incurrere.
3620 1762 3732 1818 Hoc

2153 1836 2384 1904 sublato,
2413 1853 2519 1892 non
2561 1836 2800 1904 afﬂictio,
2829 1854 2936 1893 non
2965 1839 3168 1895 insidia:
3198 1880 3213 1905 ,
3242 1855 3349 1895 non
3388 1844 3533 1899 aliud
3577 1846 3730 1916 quid-

2154 1940 2312 1995 quam
2355 1927 2673 1998 prudentem
2722 1930 2953 1984 animam
3003 1931 3244 1985 molestia
3289 1930 3506 1989 afﬁcere
3547 1945 3724 2005 queat.

2132 2016 2292 2084 Quin
2326 2019 2519 2087 potius,
2539 2020 2990 2090 quemadmodum
3020 2022 3065 2075 si
3093 2022 3339 2093 exiguam
3363 2022 3649 2081 scintillam
3676 2027 3729 2083 in

2152 2126 2407 2184 magnum
2437 2114 2654 2185 pelagus
2692 2114 2917 2184 injicias,
2945 2130 3062 2171 eam
3089 2115 3336 2185 protinus
3359 2117 3680 2174 exstinxeris
3713 2137 3728 2173 :

2151 2207 2342 2265 eodem
2371 2206 2530 2261 modo
2556 2207 2799 2262 molestia
2828 2209 3022 2272 omnis,
3056 2208 3348 2279 quamlibet
3369 2208 3579 2279 ingens,
3603 2211 3649 2265 si
3676 2211 3730 2267 in

2152 2296 2391 2351 animum
2418 2297 2556 2352 bene
2579 2298 2679 2351 sibi
2701 2298 2973 2352 conscium
3001 2297 3265 2363 inciderit,
3284 2298 3562 2355 confestim
3594 2301 3733 2369 perit

2152 2395 2208 2441 et
2251 2386 2542 2440 evanescit.
2574 2386 2699 2441 ideo
2743 2386 2938 2441 Paulus
2984 2388 3144 2443 etiam
3191 2404 3404 2460 semper
3444 2389 3729 2460 gaudebat,

2152 2475 2581 2545 quandoquidem
2632 2475 2685 2529 in
2734 2476 2798 2530 iis
2841 2477 3180 2551 rebus,qua:
3232 2479 3429 2536 divinat
3472 2482 3731 2537 voluntati

2152 2574 2528 2621 consentanea:
2575 2576 2767 2633 erant,
2808 2566 3059 2623 fidentem
3102 2570 3339 2625 animum
3383 2573 3637 2641 gerebat;
3669 2589 3733 2629 ac

2154 2663 2230 2711 tot
2270 2656 2406 2710 mala
2459 2671 2527 2711 ne
2567 2656 2782 2727 quidem
2827 2658 3124 2725 sentiebat,
3148 2675 3333 2716 venam
3362 2664 3606 2731 quamvis
3630 2705 3646 2730 ,
3677 2673 3733 2718 ut

2155 2747 2337 2809 homo,
2366 2747 2550 2803 dolore
2582 2758 2909 2818 tangeretur,
2936 2766 3041 2805 non
3072 2761 3247 2807 tamen
3274 2753 3454 2807 animo
3476 2754 3731 2810 concide-

2154 2838 2263 2895 bat.
2285 2840 2376 2894 διο
2417 2840 2715 2910 patriarcha
2735 2856 2947 2911 quoque
2980 2842 3070 2897 ille
3100 2843 3153 2897 in
3182 2843 3377 2913 gaudio
3398 2844 3729 2911 versabatur,

2155 2933 2365 2989 tametsi
2393 2932 2577 3003 gravia
2608 2938 2771 2986 multa
2793 2934 3100 2989 sustineret.
3130 2933 3219 2989 Sic
3244 2934 3387 2989 enim
3416 2938 3686 3005 perpende
3714 2954 3728 2990 :

2153 3022 2323 3092 patria
2370 3022 2606 3087 excidit,
2634 3023 2816 3093 longas
2873 3038 2935 3078 ac
2979 3025 3231 3080 molestas
3277 3025 3733 3096 peregrinationes

2154 3111 2353 3178 subiit;
2383 3121 2565 3181 atque,
2596 3127 2717 3166 cum
2771 3113 2822 3167 in
2872 3113 3101 3170 alienam
3152 3114 3423 3185 regionem
3471 3117 3729 3181 venisset,

2154 3217 2222 3257 ne
2248 3201 2399 3273 pedis
2423 3200 2638 3271 quidem
2666 3203 2945 3273 vestigium
2969 3203 3215 3259 habebat.
3238 3203 3372 3258 Hinc
3400 3220 3583 3259 rursus
3608 3222 3730 3262 eum

2155 3292 2325 3348 fames
2350 3294 2579 3360 excepit,
2608 3308 2670 3347 ac
2697 3294 2868 3347 solum
2900 3304 3109 3349 vertere
3152 3295 3363 3367 coegit;
3394 3293 3586 3350 famem
3612 3312 3733 3351 rur-

2155 3400 2271 3441 sum
2302 3386 2484 3439 uxoris
2523 3385 2730 3453 ereptio
2770 3395 2992 3455 sequuta
3019 3395 3101 3439 est
3124 3424 3140 3451 ,
3172 3400 3238 3440 ac
3263 3386 3451 3440 mortis
3481 3396 3653 3441 metus
3679 3397 3735 3443 et

2155 3477 2409 3531 sterilitas
2431 3486 2485 3529 et
2506 3474 2701 3531 bellum
2733 3484 2787 3527 et
2810 3475 3042 3545 pericula
3065 3485 3118 3529 et
3143 3474 3368 3542 insidiae,
3392 3490 3455 3530 ac
3478 3478 3730 3545 denique,

2155 3566 2297 3636 quod
2315 3582 2671 3621 asrumnarum
2693 3576 2853 3634 caput
2873 3574 3006 3632 erat,
3032 3566 3288 3635 unigeniti
3304 3576 3358 3621 et
3373 3570 3483 3621 cari
3503 3567 3595 3620 ﬁlii
3620 3584 3736 3622 ma-

2156 3657 2342 3723 ctatio,
2367 3658 2476 3723 illa,
2504 3656 2739 3725 inquam,
2760 3657 3162 3711 acerbissimum
3181 3666 3340 3726 atque
3368 3656 3733 3713 immedicabi-

2156 3749 2259 3803 lem
2279 3748 2517 3803 dolorem
2542 3748 2790 3802 atterens.
2814 3748 2994 3816 Neque
3015 3750 3155 3801 enim
3177 3748 3468 3814 existimes,
3484 3751 3731 3819 quoniam

2157 3850 2405 3912 prompto
2425 3855 2487 3895 ac
2511 3840 2693 3894 libenti
2720 3840 2901 3893 animo
2924 3839 3035 3893 Deo
3063 3839 3254 3907 paruit,
3271 3839 3469 3894 idcirco
3490 3840 3619 3893 citra
3648 3842 3733 3897 ul-

2157 3930 2265 3985 lum
2287 3928 2489 3984 doloris
2511 3942 2726 3982 sensum
2751 3929 2835 3981 illa
2858 3928 3034 3985 omnia
3062 3928 3364 3997 pertulisse.
3388 3928 3519 3982 Nam
3542 3929 3735 3982 etiam.

2156 4024 2201 4078 si
2234 4022 2432 4078 millies
2454 4021 2633 4091 justus
2658 4019 2861 4083 fuisset,
2895 4029 2949 4073 ut
2976 4036 3159 4075 revera
3202 4029 3336 4083 erat,
3364 4027 3541 4073 tamen
3573 4020 3734 4075 homo

2157 4124 2292 4180 erat,
2323 4130 2492 4183 eaque
2539 4129 2657 4183 qua:
2703 4122 2887 4167 natura
2920 4115 3060 4177 fert,
3088 4111 3405 4180 patiebatur.
3437 4110 3505 4165 At
3554 4111 3729 4181 ipsum

2160 4213 2333 4258 tamen
2357 4204 2487 4255 nihil
2518 4204 2704 4257 horum
2735 4204 2997 4273 perculit;
3026 4201 3117 4255 sed
3148 4201 3299 4255 fortis
3324 4200 3538 4257 athleta:
3567 4203 3734 4257 instar

2156 4294 2414 4361 constitit,
2447 4304 2603 4365 atque
2635 4296 2686 4348 in
2715 4309 2818 4348 uno
2841 4306 3051 4362 quoque
3081 4290 3269 4345 horum
3309 4290 3582 4347 victoriam
3605 4294 3733 4348 ade-

2158 4394 2277 4455 ptus
2305 4395 2406 4439 est.
2433 4384 2513 4438 Ad
2542 4383 2788 4437 eumdem
2818 4381 3031 4435 modum
3059 4380 3243 4436 beatus
3269 4398 3480 4454 quoque
3510 4384 3727 4447 Paulus,

2156 4491 2275 4529 cum
2296 4475 2601 4543 frequentes
2616 4472 2933 4525 afﬂictiones
2952 4473 3187 4542 quolibet
3206 4475 3291 4530 die
3312 4475 3363 4529 in
3387 4488 3445 4529 se
3466 4474 3732 4527 irruentes

2159 4565 2505 4634 perspiceret,
2531 4561 2668 4615 haud
2700 4576 2855 4616 secus
2881 4578 2943 4617 ac
2967 4564 3009 4617 si
3040 4565 3091 4618 in
3139 4563 3318 4619 medio
3346 4561 3595 4631 paradiso
3635 4562 3732 4617 de-

2155 4664 2324 4723 geret,
2356 4653 2425 4706 ita
2466 4650 2727 4720 gaudebat
2771 4662 2827 4707 et
2876 4654 3192 4707 exsultabat.
3217 4651 3287 4708 Ut
3326 4651 3486 4720 igitur
3523 4651 3604 4718 is,
3638 4654 3729 4723 qui

2157 4741 2458 4812 hujusmodi
2484 4740 2678 4811 gaudio
2701 4742 2913 4809 fruitur,
2942 4758 2971 4795 a
2999 4757 3229 4796 maerore
3278 4741 3440 4811 arripi
3488 4758 3592 4796 non
3636 4759 3731 4813 po—

2158 4837 2259 4882 test
2291 4844 2303 4881 :
2336 4827 2415 4881 sic
2432 4827 2521 4897 qui
2550 4828 2675 4883 illud
2706 4828 2924 4881 minime
2953 4826 3229 4894 amplexus
3267 4837 3367 4892 est,
3396 4842 3425 4881 a
3457 4829 3730 4898 quibusvis

2156 4917 2317 4987 arripi
2346 4927 2401 4973 et
2429 4920 2716 4989 expugnari
2746 4926 2919 4987 potest
2954 4930 2966 4970 :
2992 4932 3054 4970 ac
3094 4916 3315 4986 perinde
3343 4920 3392 4975 ei
3420 4919 3635 4986 accidit,
3670 4930 3730 4975 ut

2156 5011 2205 5067 ei
2231 5012 2318 5081 qui
2348 5010 2700 5065 imbecillibus
2737 5006 2902 5061 armis
2929 5007 3216 5064 instructus
3242 5021 3344 5074 est,
3367 5026 3430 5065 ac
3457 5012 3539 5066 vel
3572 5011 3723 5067 levis-

2156 5104 2289 5157 simo
2316 5104 2419 5157 ictu
2446 5101 2743 5165 sauciatur;
2765 5114 2885 5153 cum
2912 5110 3097 5157 contra
3122 5103 3168 5158 is
3188 5104 3276 5173 qui
3302 5102 3471 5173 probe
3494 5104 3730 5174 undique

2154 5202 2390 5247 armatus
2415 5200 2518 5255 est,
2544 5190 2842 5261 ingruentia
2870 5193 3045 5247 omnia
3072 5193 3175 5248 tela
3205 5192 3491 5262 propulset.
3512 5193 3728 5253 Etenim

2152 5282 2429 5354 quibusvis
2453 5281 2615 5336 armis
2640 5280 2844 5336 firmior
2871 5297 2935 5337 ac
2962 5284 3225 5337 valentior
3262 5294 3344 5337 est
3369 5284 3613 5357 voluptas
3640 5303 3726 5354 ea,

2153 5391 2273 5446 quae
2296 5372 2588 5431 secundum
2621 5372 2785 5429 Deum
2818 5375 3147 5445 percipitur:
3182 5389 3281 5430 nec
3304 5376 3590 5448 quidquam
3619 5390 3724 5445 est,

2154 5469 2295 5539 quod
2317 5466 2620 5536 huiusmodi
2640 5467 2809 5523 virum
2836 5467 2891 5523 in
2918 5467 3182 5522 tristitiam
3210 5484 3273 5524 ac
3297 5484 3582 5527 mmrorem
3605 5486 3727 5525 con-

2150 5560 2318 5630 jicere
2345 5567 2541 5630 queat,
2573 5574 2755 5615 verum
2794 5559 2972 5614 omnia
2998 5557 3120 5613 forti
3167 5575 3230 5616 ac
3256 5574 3519 5633 generoso
3546 5562 3726 5617 animo

2157 5652 2372 5723 perfert.
2402 5649 2537 5718 Quid
2563 5650 2704 5705 enim
2730 5650 2852 5720 igne
2874 5648 3087 5719 gravius
3107 5651 3132 5705 Υ
3154 5651 3276 5723 quid
3303 5652 3575 5721 perpetuis
3612 5667 3727 5707 cru-

2159 5747 2389 5803 ciatibus
2412 5744 2689 5803 acerbius!
2723 5742 2853 5799 Nam
2894 5751 2951 5798 ut
2984 5742 3146 5800 etiam
3188 5759 3318 5815 opes
3342 5753 3397 5802 et
3425 5742 3641 5815 liberos,
3664 5758 3727 5800 ac
