4028 6222
225 363 331 419 587

221 479 320 535 τοῦ
362 476 598 549 Χριστοῦ
636 474 733 528 καὶ
765 468 932 529 αὐτοῦ
965 471 1139 525 εἰπεῖν
1176 464 1317 523 εἶναι
1348 469 1417 524 τά
1455 468 1788 539 παθήματα*

223 572 322 628 καὶ
352 570 459 642 πρὸ
494 570 592 639 τῆς
629 564 1027 636 παρακλήσεως
1057 560 1152 615 ἀπ’
1196 556 1374 615 αὐτῶν
1420 559 1527 614 τῶν
1560 557 1793 627 θλίψεων

223 665 329 736 τὴν
346 658 700 733 παραμυθίαν
745 656 971 723 εἰσάγει.
1003 651 1069 707 Τί
1105 652 1210 725 γάρ
1241 650 1392 721 ἣδιον
1417 649 1512 702 τοῦ
1544 648 1622 719 τῷ
1654 649 1791 718 Χρι⁸

225 752 339 825 στῷ
369 768 438 824 με
473 748 721 819 γίνεσθαι
749 743 1025 805 κοινωνὸν,
1068 741 1162 795 καὶ
1188 741 1257 793 δι’
1288 738 1451 792 αὐτὸν
1486 736 1659 791 ταῦτα
1686 737 1793 790 πά-

223 861 376 916 σχειν
395 859 411 908 ;
433 850 487 895 τι
511 848 714 910 ταύτης
751 837 866 890 ἴσον
890 835 988 905 τῆς
1012 832 1441 903 παρακλήσεως;
1471 830 1585 883 Οὐκ
1610 830 1793 883 ἐντεῦ-

223 936 316 990 θεν
353 935 411 988 δέ
460 933 641 1005 μόνον,
674 926 808 981 ἀλλὰ
836 926 930 980 καὶ
972 922 1236 995 ἐτέρωθεν
1256 921 1473 991 ἐπαίρει
1501 918 1572 972 τά
1594 918 1793 990 φρονή-

226 1042 374 1096 ματα
418 1022 525 1075 τῶν
557 1018 909 1088 θλιϐομένων.
961 1013 1131 1067 Πόθεν
1166 1011 1463 1082 ἐτέρωθεν;
1524 1010 1657 1062 ’Δπὸ
1696 1008 1793 1061 τοῦ

221 1116 417 1179 εἰπεῖν,
454 1113 535 1166 ὅτι
583 1108 952 1178 Περισσεύει.
1000 1104 1073 1157 Οὐ
1114 1103 1222 1175 7&9
1255 1098 1428 1162 εἶπεν,
1479 1100 1559 1154 ὅτι
1595 1098 1793 1163 Καθὼς

222 1209 433 1273 ἔπεισιν
487 1208 618 1279 ἡμῖν
667 1203 737 1257 τά
787 1201 1086 1272 παθήματα
1148 1197 1242 1251 τοῦ
1296 1183 1572 1267 Χριστοῦ,
1634 1194 1792 1260 ἀλλά,

223 1299 427 1365 Καθὼς
448 1296 792 1366 περισσεύει
812 1310 826 1323 ο
849 1291 1061 1353 δεικνὺς
1085 1290 1167 1342 δτι
1192 1288 1253 1340 οὐ
1283 1288 1440 1358 μόνον
1468 1287 1537 1340 τά
1561 1287 1789 1349 ἐκείνου,

222 1386 358 1440 ἀλλά
394 1385 490 1439 καὶ
527 1384 747 1437 πλείονα
780 1380 981 1435 τούτων
1012 1368 1347 1447 ὑπομένουσι
1375 1376 1543 1448 πάθη.
1573 1374 1654 1429 Οὐ
1684 1376 1795 1447 7&9

220 1476 323 1530 δσα
350 1476 537 1538 ἔπαθε,
562 1473 745 1544 φησὶν,
776 1470 1050 1537 ἐπάθομεν
1068 1468 1238 1538 πάθη,
1260 1467 1397 1521 ἀλλά
1423 1468 1517 1521 καὶ
1534 1467 1789 1537 περισσά.

222 1567 422 1621 Σκόπει
443 1564 500 1618 δέ
521 1581 538 1598 ο
578 1563 806 1632 Ἢλάθη,
836 1560 1119 1632 ἐδιώχθη-ὸ
1142 1559 1399 1631 Χριστὸς,
1419 1558 1791 1629 ἐμαπιγὼθη,

220 1658 512 1715 ἀπέθανεν.
562 1654 699 1708 Ἀλλ’
726 1655 887 1724 ήμεῖς
929 1654 1095 1707 πλέον
1144 1650 1369 1715 τούτων,
1414 1650 1580 1720 φησίν
1600 1666 1616 1682 ο
1655 1650 1796 1719 ὅπερ

220 1746 318 1801 καὶ
354 1747 514 1817 μόνον
560 1744 743 1800 ίκανὸν
780 1744 864 1806 είς
911 1741 1262 1813 παραμυθίαν
1300 1741 1572 1811 ἀρκέσειε.
1631 1737 1792 1794 Ἀλλά

224 1838 414 1910 μηδεὶς
459 1837 663 1906 τόλμαν
713 1833 1174 1901 καταγινωσκέτω
1213 1830 1306 1884 τοῦ
1332 1831 1528 1899 λόγου·
1564 1830 1660 1883 καὶ
1682 1829 1791 1900 7&9

220 1927 319 1981 καὶ
359 1925 591 1995 ἀλλαχοῦ
638 1938 792 1993 φησιο
826 1920 956 1975 Νῦν
985 1936 1168 1988 χαίρω
1211 1919 1282 1972 ἐν
1319 1918 1443 1984 τοῖς
1482 1917 1793 1987 παθήμασί

212 2036 357 2088 μου.
388 2016 487 2072 καί
519 2016 958 2080 ἀνταναπληρῶ
993 2013 1062 2064 τὰ
1106 2011 1490 2079 ὑστερήματα
1520 2008 1639 2062 τῶν
1666 2012 1795 2063 0.1!-

218 2112 386 2177 W
430 2104 537 2158 τοῦ
581 2098 834 2168 Χριστοῦ
877 2111 947 2151 εν
977 2097 1052 2166 τῇ
1084 2100 1264 2165 σαρκί
1282 2116 1423 2167 μου.
1471 2097 1612 2150 Ἀλλ’
1644 2097 1793 2151 οὐδέ-

216 2213 375 2267 τερον
424 2195 627 2264 τόλμης
678 2192 799 2245 οὐδὲ
845 2190 1104 2253 ἀπονοίας
1145 2190 1309 2253 τινός.
1364 2189 1631 2258 Καθάπερ
1683 2189 1795 2259 γὰρ

220 2286 445 2357 μείζονα
467 2284 631 2337 αὐτοῦ
654 2282 981 2354 εἰργάσαντο
1002 2284 1202 2353 σημεῖα
1224 2282 1320 2350 ('0
1340 2279 1447 2351 γὰρ
1467 2281 1790 2344 πιστεύω,

217 2376 407 2447 φησιν,
449 2376 535 2441 είς
577 2373 703 2443 ἐμὲ,
749 2368 997 2441 μείζονά
1046 2374 1273 2427 τούτων
1319 2370 1605 2440 ποιήσει),
1636 2372 1696 2424 τὸ
1734 2372 1791 2424 δέ

218 2468 330 2521 πᾶν
364 2464 527 2519 αὐτοῦ
570 2464 779 2533 γίνεται
816 2463 911 2516 τοῦ
940 2462 1286 2533 ἐνεργοῦντος
1314 2464 1373 2513 ὲν
1402 2462 1584 2523 αὐτοῖς
1602 2478 1617 2493 ο
1649 2460 1794 2514 οῦτω

217 2554 317 2609 καὶ
357 2554 579 2608 πλείονα
622 2552 785 2608 αὐτοῦ
830 2544 1062 2606 ἔπαθον·
1096 2553 1156 2605 τὸ
1185 2552 1241 2605 δὲ
1280 2554 1385 2604 πᾶν
1420 2550 1585 2604 αὐτοῦ
1631 2550 1793 2603 πάλιν

218 2648 340 2700 ἐστὶ
369 2644 464 2699 τοῦ
496 2643 939 2715 παρακαλοῦντος
971 2642 1186 2706 αὐτοὺς,
1218 2643 1314 2695 καὶ
1352 2640 1792 2711 παρασκευάζον-

215 2752 312 2800 τος
341 2734 527 2805 φέρειν
557 2733 627 2786 τά
650 2731 1030 2802 συμπίπτοντα
1062 2731 1230 2785 δεινά.

288 2916 354 2971 δ’.
389 2913 480 2967 Διὸ
506 2912 571 2983 δὴ
610 2912 703 2966 καὶ
730 2912 760 2964 6
786 2909 998 2973 Παῦλος
1040 2907 1360 2977 αἰσθόμενος
1401 2906 1587 2978 ήλίκον
1633 2905 1793 2976 ἐφθέ-

215 3006 407 3079 γξαυο,
422 3006 523 3076 ὅρα
540 3004 657 3065 πῶς
673 3003 804 3055 αὐτὸ
823 2999 1101 3054 συστέλλει
1121 2999 1282 3052 πάλιν
1297 2997 1490 3066 λέγων’
1514 2997 1677 3050 Οὕτω
1693 2997 1793 3051 δια

214 3098 328 3155 τοῦ
351 3094 611 3166 Χριστοῦ
640 3092 989 3161 περισσεύει
1005 3088 1103 3143 καί
1135 3089 1173 3155 ἠ
1194 3086 1577 3155 παράκλησις
1600 3084 1789 3154 ἡμῶν·

216 3189 316 3242 καὶ
344 3187 406 3239 τὸ
442 3187 550 3239 πᾶν
580 3182 729 3253 αὐτῷ
758 3180 1052 3245 ἀνατιθεὶς,
1083 3179 1176 3233 καὶ
1206 3177 1597 3247 ἀνακηρύττων
1625 3176 1791 3229 αὐτού

217 3278 320 3333 καὶ
355 3274 605 3329 ἐντεῦθεν
629 3273 727 3343 τὴν
766 3270 1194 3340 φιλανθρωπίαν.
1229 3269 1303 3321 Οὐ
1334 3267 1442 3337 7&9
1468 3268 1589 3319 ὅσον
1615 3266 1793 3320 61:66-

221 3369 386 3439 μεθα,
424 3366 678 3420 τοσοῦτον
706 3360 1198 3434 παρακαλούμεθα,
1233 3362 1421 3431 φησὶν,
1454 3359 1592 3413 άλλά
1614 3357 1793 3428 πολλῷ

218 3460 407 3514 πλέον.
466 3460 539 3511 Οὐ
601 3457 709 3529 γὰρ
762 3452 936 3517 εἶπεν,
970 3453 1319 3524 Ἀντίρῤοπος
1367 3452 1400 3521 ή
1447 3448 1793 3520 παράκλησις

216 3551 329 3605 τῶν
366 3549 724 3619 παθημάτων,
754 3544 906 3618 [423]
937 3544 1093 3607 ἀλλὰ,
1125 3542 1481 3610 Περισσεύει
1530 3542 1568 3606 ἡ
1602 3539 1791 3607 παρά-

217 3644 474 3707 κλησις·
528 3639 603 3699 ὠς
647 3636 738 3689 τὸν
785 3636 975 3703 καιρὸν
999 3634 1110 3686 τῶν
1152 3632 1401 3699 ἀγώνων,
1442 3632 1646 3700 ἐτέρων
1673 3646 1793 3682 στε-

218 3732 403 3802 φάνων
434 3729 596 3785 πάλιν
627 3724 765 3780 εἶναι
816 3725 1026 3797 καιρόν.
1078 3724 1143 3777 Τί
1190 3725 1296 3795 7&9
1348 3722 1628 3783 ῐσον,είπέ
1676 3739 1791 3791 μοι,

216 3824 317 3879 τοῦ
340 3821 429 3875 διά
455 3821 543 3874 τὸν
586 3818 820 3889 Χριστὸν
851 3815 1233 3888 μαστίζεσθαι,
1273 3814 1369 3865 καὶ
1400 3812 1520 3881 Θεῷ
1544 3812 1791 3881 διαλέγε-

220 3912 366 3971 σθαι,
399 3909 494 3962 καὶ
519 3910 735 3962 πάντων
764 3902 901 3959 εἶναι
929 3903 1319 3973 δυνατώτερον,
1348 3901 1443 3955 καὶ
1480 3901 1589 3955 τῶν
1628 3903 1789 3955 ἐλαυ-

218 4000 419 4056 νόντων
464 3996 858 4070 περιγίνεσθαι.
908 3996 1004 4049 καὶ
1036 3998 1101 4065 τῇ
1154 3993 1447 4063 οἰκουμένῃ
1494 3994 1791 4063 άχείρωτον

217 4084 381 4151 εἶναι,
431 4087 526 4139 καὶ
567 4083 791 4139 τοιαῦτα
844 4083 1153 4153 προσδοκᾷν
1202 4078 1455 4135 ἐντεῦθεν
1510 4079 1714 4146 ἀγαθὰ,
1753 4078 1790 4132 δ.

224 4178 363 4249 μήτε
396 4175 671 4245 ὀφθαλμὸς
727 4170 858 4239 εἶδε,
908 4174 1049 4243 μήτε
1099 4166 1190 4232 οὖς
1238 4171 1461 4240 ἢκουσε,
1512 4171 1648 4239 μήτε
1696 4167 1790 4221 ἐπ)⁸

217 4264 450 4337 καρδίαν
478 4261 764 4334 ἀνθρώπου
800 4259 1007 4343 άνέϐη;
1050 4258 1102 4311 τί
1143 4257 1197 4310 δὲ
1246 4258 1359 4310 ἴσον
1385 4254 1483 4307 τοῦ
1514 4252 1790 4307 θλίϐεσθαι

217 4356 289 4410 δι’
321 4354 620 4418 εὐσέϐειαν,
660 4353 754 4407 καὶ
786 4342 994 4423 μυρίων
1018 4346 1313 4403 ἀπολαύειν
1347 4344 1499 4417 παρά
1523 4344 1615 4397 τοῦ
1653 4342 1791 4396 Θεοῦ

221 4444 641 4518 παρακλήσεων,
666 4447 760 4498 καὶ
789 4440 1204 4512 ἁμαρτημάτων
1230 4436 1578 4508 ἀπηλλάχθαι,
1604 4436 1791 4487 τοσού-

218 4557 356 4605 των,
381 4538 475 4591 καὶ
512 4534 832 4606 Πνεύματος
854 4530 1240 4596 καταξιοῦσθαι
1272 4529 1367 4582 καὶ
1391 4526 1661 4597 ἀγιασμοῦ
1694 4527 1788 4579 καὶ

219 4626 588 4697 δικαιοσύνης,
642 4625 737 4678 καὶ
793 4623 998 4693 μηδένα
1048 4621 1345 4674 δεδοικέναι
1395 4620 1493 4672 καὶ
1541 4620 1785 4689 τρέμειν,

222 4718 321 4773 καὶ
353 4717 567 4771 πάντων
594 4713 975 4783 λαμπρότερον
999 4711 1286 4781 φαίνεσθαι
1310 4712 1367 4762 ἐν
1388 4709 1537 4779 αὐτῷ
1560 4708 1637 4778 τῷ
1668 4726 1785 4761 κιν-

218 4806 494 4871 δυνεύειν;
528 4804 621 4873 Μὴ
649 4804 717 4875 δὴ
749 4804 1182 4871 καταπίπτωμεν
1211 4803 1269 4854 ἐν
1289 4803 1403 4863 τοῖς
1436 4801 1784 4869 πειρασμοῖς.

215 4896 410 4960 υύδεὶς
438 4895 547 4966 7&9
582 4896 829 4949 κοινωνεῖ
867 4892 943 4963 τῷ
970 4889 1189 4963 Χριστῷ
1216 4888 1438 4959 τρυφῶν
1464 4888 1557 4942 καὶ
1589 4887 1787 4942 καθεύ-

213 4988 325 5041 δων
358 4988 453 5041 καὶ
476 4985 817 5051 ἀναπίπτων,
846 4984 1020 5046 οὐδεὶς
1039 4980 1145 5035 τῶν
1174 4983 1263 5034 τὸν
1293 4979 1457 5051 ὑγρὸν
1481 4977 1665 5033 τοῦτον
1691 4979 1786 5031 καὶ

212 5077 595 5147 διαλελυμένον
623 5076 841 5141 ζώντων
875 5073 1007 5143 βίον·
1044 5074 1158 5127 ἀλλ’
1183 5076 1211 5125 6
1248 5075 1306 5126 ἐν
1336 5071 1512 5139 θλίψει
1540 5070 1632 5122 καὶ
1660 5086 1784 5121 πει-

218 5168 437 5244 ρασμῷ,
466 5163 618 5233 οὗτος
646 5170 811 5237 ἐγγὺς
842 5167 1079 5235 ἕστηκεν
1103 5163 1333 5228 ἐκείνω,
1380 5165 1408 5215 6
1456 5162 1555 5231 τὴν
1594 5160 1784 5229 στενὴν

212 5259 415 5316 ὁδεύων
440 5258 577 5311 ὁδόν.
608 5249 721 5313 καὶ
748 5258 860 5331 7&9
892 5258 983 5311 καὶ
1011 5256 1170 5319 αὐτὸς
1194 5254 1397 5323 ταύτην
1422 5251 1638 5304 ἐϐάδισε
1657 5264 1671 5278 ⁸
1703 5250 1784 5303 διὸ

213 5352 321 5406 καὶ
346 5350 551 5416 έλεγενο
583 5348 648 5400 '0
690 5349 824 5413 Υἱὸς
864 5348 969 5403 τοῦ
1001 5346 1320 5416 ἀνθρώπου
1353 5344 1469 5397 οὐκ
1500 5342 1625 5410 ἔχει
1662 5340 1781 5395 ποῦ

213 5441 335 5510 τὴν
360 5437 637 5509 κεφαλὴν
661 5437 885 5492 κλῖναι.
1378 5442 1381 5443 ⁷

286 5657 383 5727 Μὴ
432 5656 608 5710 τοίνυν
630 5654 794 5724 ,ἀλγει
833 5651 1171 5722 θλιϐόμενος,
1206 5653 1404 5705 ἐννοῶν
1433 5650 1540 5705 τίνι
1585 5666 1781 5703 κοινω-

219 5749 357 5813 νεῖς,
398 5747 491 5802 καὶ
540 5747 658 5811 πῶς
691 5743 990 5813 ἐκκαθαίρῃ
1028 5739 1117 5795 διὰ
1153 5740 1261 5795 τῶν
1297 5740 1638 5809 πειρασμῶν,
1678 5738 1775 5795 καὶ

1274 356 1343 414 IN
1381 354 1596 412 EPIST.
1632 355 1675 411 ΙΙ
1715 355 1803 409 AD
1829 355 1990 411 (ΞΟΠ.
2044 355 2276 414 βοείη..
2318 359 2362 415 1.

3349 370 3456 426 388

1898 468 1999 522 δσα
2037 469 2361 539 κερδαίνεις.
2390 470 2554 524 Οὐδὲν
2581 473 2689 543 γάρ
2718 474 2865 527 ἐστιν
2888 475 3132 547 ἀνιαρὸν,
3168 476 3282 531 ἀλλ’
3327 481 3363 551 ή
3402 482 3463 534 τὸ

1896 557 1975 629 τῷ
2019 558 2140 629 Θεῷ
2188 559 2571 633 προσκρούειν.
2605 562 2806 617 Τούτου
2836 565 2890 618 δὲ
2916 567 3018 619 οὐκ
3049 566 3223 633 ὄντος,
3257 570 3319 623 οὐ
3350 571 3463 625 θλί-

1897 648 2041 718 ψεις,
2076 650 2176 705 οὐκ
2199 651 2501 715 ἐπιϐουλαὶ,
2537 654 2637 707 οὐκ
2676 654 2804 709 ἀλλο
2842 656 2995 712 οὐδὲν
3037 658 3259 715 δυνατὸν
3285 660 3459 732 λυπῆ-

1900 756 1992 792 σαι
2017 735 2116 810 τὴν
2134 739 2192 794 εὖ
2216 742 2518 811 φρονοῦσαν
2538 743 2736 814 ψυχήν·
2767 745 2902 798 ἀλλὰ
2921 746 3171 818 καθάπερ
3189 749 3460 821 σπινθῆρα

1904 832 2096 899 μικρὸν
2143 834 2222 895 είς
2278 831 2513 887 ἀϐυσσον
2558 834 2758 906 πολλὴν
2796 835 3049 907 ἐμϐαλὼν
3088 838 3290 903 εὐθέως
3327 855 3460 895 κατ-

1900 919 2162 984 έσϐεσας’
2196 919 2338 976 οὕτω
2386 924 2481 977 καὶ
2526 923 2765 995 ἀθυμίας
2808 926 3030 997 ἀπάσης
3073 928 3345 1005 ὑπερϐολὴ
3380 933 3462 995 είς

1901 1011 2139 1074 συνειδὸς
2169 1012 2486 1084 ἐμπεσοῦσα
2515 1014 2719 1081 ἀγαθὸν
2748 1016 3045 1071 ἀπόλλυται
3072 1018 3165 1072 καὶ
3206 1020 3463 1088 ἀφανίζε-

1900 1119 1987 1155 ται
2022 1103 2237 1174 ῥᾳδίως.
2273 1104 2371 1157 Διά
2409 1104 2474 1175 δὴ
2500 1103 2657 1159 τοῦτο
2688 1106 2784 1159 καὶ
2809 1107 2837 1158 6
2866 1106 3077 1172 Παῦλος
3109 1108 3326 1181 ἔχαιρεν
3352 1111 3462 1175 ἀεὶ,

1901 1193 2088 1263 ἐπειδὴ
2118 1196 2177 1247 ἐν
2213 1197 2325 1257 τοῖς
2358 1196 2500 1249 κατά
2534 1195 2665 1249 Οεὸν
2711 1196 2950 1267 ἐθάρῤει,
2981 1205 3075 1253 καὶ
3113 1200 3233 1254 οὐδὲ
3269 1201 3463 1274 αἰσθη-

1904 1300 1986 1338 σιν
2012 1285 2123 1339 τῶν
2145 1285 2412 1339 τοσούτων
2444 1286 2632 1341 κακῶν
2661 1287 2989 1358 ἐλάμϐανενο
3018 1289 3134 1342 ἀλλ’
3163 1290 3318 1362 ήλγει
3344 1292 3468 1362 ημέν

1900 1370 1975 1435 ὡς
2006 1374 2309 1444 ἄνθρωπος,
2341 1374 2405 1428 οὐ
2441 1374 2548 1444 μήν
2581 1376 2935 1435 κατέπιπτεν.
2971 1377 3130 1431 Οὕτω
3171 1381 3264 1433 καὶ
3298 1383 3327 1433 6
3359 1397 3463 1435 παρ

1899 1463 2169 1533 τριάρχης
2202 1465 2406 1528 ἐκεῖνος
2450 1467 2507 1519 ἐν
2533 1466 2693 1537 ἡδονῇ
2728 1462 2819 1537 ἦν,
2850 1466 3020 1522 πολλά
3061 1468 3248 1523 παθὼν
3275 1470 3463 1540 ὀδυνη-

1905 1554 1990 1623 ρά.
2013 1553 2211 1606 Σκόπει
2239 1554 2314 1607 δέ·
2339 1554 2604 1625 Πατρίδος
2625 1553 2903 1621 ἐξέπεσεν,
2931 1558 3235 1629 ὁδοιπορίας
3255 1560 3471 1633 ὑπέστη

1904 1644 2118 1715 μακρὰς
2148 1645 2242 1698 καὶ
2268 1644 2536 1715 χαλεπάς,
2577 1648 2669 1699 ἐπὶ
2699 1648 2796 1719 τῆς
2824 1649 3110 1719 ἀλλοτρίας
3142 1651 3311 1704 ἐλθὼν
3343 1653 3464 1707 οὐδὲ

1902 1736 2050 1805 βῆμα
2091 1729 2205 1807 εἶχε
2255 1734 2430 1799 ποδός.
2466 1729 2743 1788 Ἐντεῦθεν
2780 1736 2941 1790 πάλιν
2980 1738 3136 1808 λιμὸς
3178 1739 3340 1793 αὐτὸν
3387 1741 3465 1795 δι-

1900 1826 2118 1891 εδέξατο
2146 1826 2241 1879 καὶ
2263 1826 2603 1896 μετανάστην
2636 1826 2881 1897 ἐποίησε,
2914 1828 3009 1883 καὶ
3040 1829 3130 1881 τὸν
3163 1827 3321 1900 λιμὸν
3344 1831 3463 1886 δια-

1899 1915 2113 1985 δέχεται
2145 1917 2306 1969 πάλιν
2345 1914 2570 1986 άρπαγὴ
2613 1916 2889 1983 γυναικὸς.
2920 1919 3012 1971 καὶ
3036 1919 3265 1972 θανάτου
3298 1920 3465 1990 φόϐος

1900 2007 1996 2059 καὶ
2026 2006 2251 2060 ἀπαιδία
2272 2007 2367 2060 καὶ
2392 2006 2627 2077 πόλεμος
2650 2007 2744 2060 καὶ
2774 2008 3008 2063 κίνδυνοι
3033 2009 3127 2063 καὶ
3157 2010 3461 2076 ἐπιϐουλαὶ,

1900 2098 1995 2150 καὶ
2026 2096 2086 2149 τὸ
2116 2096 2419 2150 τελευταῖον
2441 2098 2471 2148 6
2500 2095 2742 2165 κολοφῲν
2767 2095 2876 2151 τῶν
2908 2098 3105 2161 ἀθλων,
3150 2101 3182 2170 ἡ
3217 2098 3312 2153 τοῦ
3364 2117 3463 2169 μο-

1899 2190 2149 2257 νογενοῦς
2168 2189 2261 2242 καὶΙ
2282 2187 2506 2258 γνησίου
2533 2188 2720 2251 παιδὸς
2738 2191 2940 2261 σφαγή,
2965 2192 2998 2259 ή
3025 2190 3260 2261 ὀδυνηρά
3279 2193 3464 2264 ἐκείνη

1899 2281 1994 2335 καὶ
2020 2281 2337 2351 ἀνήκεστος.
2368 2278 2457 2348 Μὴ
2479 2277 2545 2348 δὴ
2564 2279 2897 2351 γάρ,ἐπειδὴ
2913 2281 3146 2344 εὐκόλως
3162 2282 3463 2351 ὑπήκουσε,

1899 2372 2126 2443 νομίσῃς
2158 2371 2320 2424 αὐτὸν
2348 2372 2443 2424 καὶ
2472 2371 2701 2434 ἀπαθῶς
2742 2374 2919 2426 πάντα
2950 2374 3134 2438 ἐκείνᾳ
3165 2375 3467 2446 ὑφεστηκέ.

1899 2481 2009 2517 ναι.
2038 2463 2101 2516 El
2132 2460 2240 2532 7&9
2264 2461 2357 2514 καὶ
2395 2459 2657 2532 μυριάκις
2690 2461 2897 2524 δίκαιος
2925 2457 3015 2533 ἦν,
3040 2461 3233 2534 ῶσπερ
3254 2460 3346 2517 οὖν
3370 2468 3470 2525 καὶ

1897 2549 1989 2625 ἦν,
2014 2552 2129 2608 ἀλλ’
2165 2552 2448 2623 ἄνθρωπος
2476 2544 2566 2620 ἦν,
2599 2551 2693 2603 καὶ
2723 2551 2791 2604 τὰ
2825 2551 2923 2620 τῆς
2958 2552 3171 2619 φύσεως
3203 2554 3464 2626 ἔπασχεν.

1913 2645 2052 2699 Ἀλλ’
2077 2646 2225 2715 ὅμως
2248 2642 2401 2695 οὐδὲν
2424 2642 2586 2695 αὐτὸν
2608 2642 2813 2695 τούτων
2835 2642 3153 2708 κατέϐαλεν,
3175 2643 3326 2717 [424]
3350 2646 3467 2699 ἀλλ’

1900 2736 2142 2796 εἱστήκει
2170 2736 2424 2806 καθάπερ
2447 2734 2686 2805 ἀθλητὴς
2711 2738 2978 2803 γενναῖος,
3014 2738 3107 2790 καὶ
3138 2738 3467 2809 στεφανίτης

1902 2826 1987 2896 ἐφ’
2016 2825 2229 2895 ἑκάστῳ
2276 2825 2481 2877 τούτων
2526 2826 3054 2894 ἀνακηρυττόμενος.
3112 2827 3267 2881 Οὖτω
3313 2829 3407 2881 καλ⁵
3436 2832 3488 2882 δ

1904 2918 2173 2989 μακάριος
2226 2914 2437 2979 Παῦλος
2482 2916 2708 2985 νιφάδας
2774 2918 3097 2989 πειρασμῶν
3147 2920 3288 2990 ὀρῶν
3338 2916 3464 2975 καθ’

1901 3008 2139 3077 ἑκάστην
2181 3007 2440 3068 ἐπιούσας
2486 2994 2723 3076 ἡμέραν,
2768 3007 2843 3071 ὡς
2884 3008 2941 3060 ἐν
2976 3009 3123 3079 μέσῳ
3153 3012 3467 3083 παραδείσῳ

1898 3099 2143 3170 τρυφῶν,
2173 3097 2345 3160 οὕτως
2374 3096 2559 3166 ἔχαιρε
2602 3098 2696 3150 καὶ
2749 3099 3037 3167 ⁴ίγγάλλετο.
3079 3099 3290 3170 Ὠσπερ
3322 3098 3467 3157 οὖνὸ

1898 3186 2104 3255 ταύτην
2133 3185 2338 3255 χαίρων
2380 3184 2479 3255 τὴν
2521 3185 2697 3257 χαρὰν
2729 3186 2827 3239 οὐκ
2859 3187 3005 3240 ἔστιν
3034 3188 3308 3257 ἁλώσιμος
3334 3191 3465 3243 ἀθυ-

1903 3277 2025 3349 μίᾳ,
2054 3275 2226 3339 οὕτως
2273 3278 2301 3330 6
2358 3275 2434 3346 μὴ
2474 3276 2681 3347 ταύτην
2712 3277 2967 3347 ἐλόμενος
3006 3279 3171 3332 πᾶσίν
3202 3280 3347 3331 ἐστιν
3374 3280 3466 3333 εὐ-

1901 3368 2182 3438 χείρωτος,
2213 3366 2307 3418 καὶ
2336 3365 2541 3435 πάσχει
2562 3366 2779 3430 ταυτὸν,
2804 3362 2916 3421 οἷον
2942 3370 2995 3421 εί
3025 3386 3109 3431 τις
3146 3370 3283 3422 ὅπλα
3327 3370 3466 3439 ἔχων

1904 3456 2101 3527 σαθρά,
2129 3456 2224 3510 καὶ
2250 3454 2355 3509 ὐπὸ
2399 3456 2495 3525 τῆς
2535 3456 2802 3526 τυχούσης
2842 3458 3195 3528 τιτρώσκοιτο
3230 3460 3460 3530 πληγῆς.

1913 3548 2052 3603 Ἀλλ’
2078 3549 2175 3617 οὐχ
2203 3548 2232 3600 6
2267 3546 2446 3610 καλῶς
2476 3546 2740 3600 πάντοθεν
2782 3553 3316 3621 περιπεφραγμένος,
3351 3551 3465 3605 ἀλλ’

1903 3641 2050 3695 ἅπαν
2093 3640 2343 3692 ἀκόντιον
2390 3637 2541 3691 ἐπιὸν
2590 3637 2954 3708 διακρούεται.
3003 3640 3109 3692 Καὶ
3148 3640 3256 3710 7&9
3298 3642 3465 3693 ὅπλου

1902 3730 2103 3793 παντὸς
2158 3728 2506 3798 ἰσχυρότερον
2548 3731 2581 3797 ὴ
2617 3728 2757 3780 κατά
2798 3728 2933 3781 Θεὸν
2977 3728 3157 3799 ήδονή’
3190 3731 3283 3783 καὶ
3312 3732 3466 3785 οὐδὲν

1899 3823 1989 3876 τὸν
2017 3818 2256 3873 τοιοῦτον
2284 3817 2508 3887 ποιῆσαι
2542 3817 2763 3887 κατηφῆ
2791 3818 2884 3870 καὶ
2907 3818 3232 3881 σκυθρωπὸν
3262 3820 3467 3873 δύναιτ’

1899 3913 1989 3977 ἄν,
2018 3909 2155 3963 άλλά
2182 3908 2361 3961 πάντα
2390 3908 2546 3978 φέρει
2578 3908 2863 3977 γενναίως.
2878 3903 2965 3960 Tt
3004 3910 3111 3979 γὰρ
3155 3910 3325 3979 πυρὸς
3348 3912 3464 3978 χεῖ-

1902 4018 2028 4073 ρον;
2060 3999 2111 4053 τί
2164 3998 2413 4064 βασάνων
2452 3981 2718 4068 διηνεκῶν
2754 3997 3173 4070 όδυνηρότερον;
3202 3999 3320 4053 Κᾶν
3352 3998 3467 4071 γὰρ

1900 4089 2069 4160 μυρία
2092 4103 2176 4148 τις
2203 4085 2443 4156 ἀπολέσῃ
2471 4086 2747 4154 κτήματα,
2771 4086 2872 4140 κάν
2897 4089 3112 4152 παῖδας,
3132 4089 3234 4141 κάν
3261 4091 3463 4156 ὁτιοῦν,

1897 4179 2055 4233 τοῦτο
2083 4178 2298 4231 πάντων
2329 4174 2792 4247 τυραννικώτερον
2821 4179 2901 4239 είς
2924 4177 3117 4247 ὀδύνης
3139 4178 3295 4246 λόγον
3320 4180 3460 4235 ἐστι.

1898 4269 2086 4339 Δέρμα
2114 4268 2243 4339 7&9,
2267 4269 2452 4338 φησὶν,
2480 4266 2631 4333 ὑπὲρ
2650 4266 2959 4336 δέρματος,
2994 4268 3092 4322 καὶ
3124 4268 3318 4322 πάντα
3344 4270 3471 4327 ὅσα

1898 4360 2148 4428 ὑπάρχει
2198 4356 2505 4425 ἀνθρώπῳ,
2558 4355 2737 4410 δώσει
2772 4356 2924 4425 ὑπὲρ
2966 4358 3075 4427 τῆς
3112 4358 3317 4429 ψυχῆς
3357 4364 3462 4416 αὑ.

1898 4450 2024 4504 τοῦ.
2082 4448 2195 4503 Καί⁵
2244 4448 2396 4501 οὐδὲν
2449 4448 2526 4504 ἀν.
2568 4447 2777 4516 γένοιτο
2819 4448 3018 4503 ὀδυνῶν
3061 4451 3459 4521 χαλεπώτερον.

1909 4548 2050 4602 Ἀλλ’
2078 4549 2227 4619 ὅμως
2262 4547 2358 4602 καὶ
2398 4548 2465 4602 τά
2492 4550 2557 4619 τῇ
2593 4549 2729 4619 ἀκοῇ
2760 4548 3038 4621 ἀφόρητα,
3062 4551 3235 4605 ταῦτα
3252 4553 3468 4624 φορητὰ.

1896 4649 1991 4703 καὶ
2021 4646 2247 4703 ποθεινὰ
2277 4647 2366 4701 διὰ
2400 4647 2499 4718 τὴν
2537 4648 2679 4701 κατά
2703 4649 2833 4703 Θεὸν
2862 4649 3053 4722 ήδονὴν
3080 4653 3306 4721 γίνεται.
3339 4652 3465 4706 Κάν

1896 4748 2111 4820 ἀγάγῃς
2136 4748 2228 4801 τὸν
2276 4748 2529 4818 μάρτυρα
2558 4747 2639 4801 ἔτι
2673 4750 2976 4819 ἐμπνέοντα
3010 4754 3206 4823 μικρὸν
3235 4751 3342 4805 ἀπὸ
3364 4753 3464 4807 τοῦ

1898 4848 2081 4915 ξύλου,
2118 4847 2151 4917 ἢ
2198 4848 2307 4901 ἀπὸ
2342 4848 2453 4901 τῶν
2484 4847 2758 4918 τηγάνων,
2788 4849 3057 4920 τοσαύτην
3085 4852 3337 4923 εὑρήσεις
3360 4852 3468 4923 τὴν

1895 4946 2265 5016 ἀποκειμένην
2314 4957 2344 4986 ι
2375 4944 2523 5006 αὐτῶ
2577 4946 2775 5016 χαρὰν,
2824 4948 2957 5018 ὅσην
3000 4949 3123 5003 οὐδὲ
3149 4951 3326 5003 εἰπεῖν
3355 4950 3463 5004 ενι.

1894 5043 2005 5097 Καὶ
2029 5041 2082 5095 τί
2107 5041 2285 5104 πάθω,
2320 5042 2507 5112 φησὶν,
2536 5043 2617 5095 ὅτι
2654 5045 2957 5116 μαρτυρίου
2996 5048 3186 5118 καιρὸς
3214 5048 3274 5101 οὐ
3317 5048 3464 5119 πάρ·-

1894 5162 2011 5197 εστι
2059 5142 2194 5209 νῦν;
2246 5143 2310 5195 Τί
2338 5144 2479 5213 φής;
2514 5143 2576 5195 οὐ
2622 5144 2853 5214 πάρεστι
2900 5148 3198 5218 μαρτυρίου
3231 5150 3463 5219 καιρός;

1894 5242 2164 5297 Οὐδέποτε
2196 5242 2294 5312 μὲν
2320 5237 2417 5295 οὖν
2464 5235 2621 5306 οὗτος
2650 5242 2902 5310 ἀπεστιν,
2946 5245 3061 5298 ἀλλ’
3095 5244 3183 5299 ἀεὶ
3214 5246 3320 5319 πρὸ
3349 5249 3465 5302 τῶν

1891 5340 2191 5412 ὀφθαλμῶν
2235 5344 2355 5395 ἐστι
2384 5341 2492 5397 τῶν
2522 5343 2825 5413 ἡμετέρων,
2872 5344 2967 5396 ἐάν
3005 5345 3289 5417 νήφωμεν.
3325 5349 3463 5401 Οὐὁέ

1892 5441 2002 5511 7&9
2030 5441 2095 5494 τὸ
2116 5441 2206 5494 ἐπὶ
2229 5442 2387 5508 ξύλου
2418 5441 2729 5512 κρέμασθαι
2760 5442 2944 5512 μόνον,
2970 5445 3127 5501 τοῦτο
3150 5449 3294 5500 ποιεί⁹
3320 5448 3467 5519 μάρ-

1890 5556 2047 5614 τυραο
2082 5543 2202 5595 ἐπεὶ
2239 5544 2289 5595 εί
2316 5541 2471 5594 τοῦτο
2495 5536 2585 5611 ἦν,
2617 5541 2775 5605 ἐκτὸς
2795 5540 2906 5599 τῶν
2932 5546 3211 5617 στεφάνων
3253 5545 3470 5604 τούτων

1953 5741 1972 5767 ⁸
2000 5741 2083 5792 Sic
2109 5754 2223 5793 ωεε.
2245 5739 2377 5793 Ediu
2400 5754 2539 5803 vero,
2558 5748 2793 5807 κειμένην.
