4028 6222
300 348 407 405 589

301 457 533 535 denique
561 464 772 535 quidvis
814 464 1057 529 amittat,
1091 464 1192 518 hoc
1215 472 1392 519 tamen
1421 465 1485 518 ad
1528 464 1775 520 ciendum
1801 466 1890 539 do-

302 553 472 610 lorem
502 554 752 610 omnibus
790 564 877 611 est
913 554 1220 610 violentius.
1258 554 1449 610 Pellem
1501 558 1666 623 enim,
1694 558 1881 629 inquit,

302 661 395 716 pro
432 646 588 718 pelle,
616 657 665 702 et
689 648 860 702 omnia
888 661 1005 715 quia
1044 646 1191 700 habet
1218 647 1387 712 homo,
1416 648 1555 700 dabit
1593 665 1684 717 pro
1713 650 1886 703 animo

299 753 392 792 sua
416 736 436 806 (
457 735 579 792 Job.
607 737 665 793 2.
692 738 728 794 4
750 737 792 807 ).
821 737 932 795 Nec
972 739 1262 809 quidquam
1311 740 1554 808 corporis
1604 743 1886 797 tormentis

298 830 548 887 acerbius
574 831 700 903 ﬁngi
731 840 925 902 potest.
954 831 1061 887 Sed
1108 841 1287 888 tamen
1329 848 1449 901 qua:
1478 834 1558 888 vel
1588 834 1771 887 auditu
1799 835 1883 888 in-

297 921 576 977 toleranda
601 930 731 977 sunt
754 962 770 989 ,
800 937 863 978 ea
890 923 960 977 ob
986 922 1235 993 gaudium
1281 922 1433 988 illud,
1462 924 1601 994 quod
1630 923 1881 979 divinitus

293 1013 599 1084 concipitur
620 1054 639 1081 ,
680 1014 980 1070 tolerabilia
1024 1023 1183 1085 atque
1209 1015 1373 1070 etiam
1399 1016 1694 1085 expetenda
1727 1017 1880 1071 fiunt.

296 1106 374 1159 Ac
396 1104 444 1161 si
468 1120 501 1161 a
531 1105 697 1177 ligno,
725 1107 809 1163 vel
834 1119 864 1161 a
892 1108 1177 1177 sartagine,
1210 1108 1451 1162 nonnihil
1477 1108 1651 1163 adhuc
1678 1111 1884 1178 spiran-

296 1208 404 1253 tem
432 1207 725 1271 martyrem
742 1198 1008 1266 eduxeris,
1040 1210 1243 1255 tantum
1272 1200 1519 1271 gaudium
1544 1200 1596 1256 in
1627 1216 1695 1256 eo
1720 1202 1879 1258 situm

292 1290 600 1360 comperies
618 1330 635 1357 ,
663 1298 919 1362 quantum
949 1306 1016 1346 ne
1042 1291 1220 1347 verbis
1247 1292 1466 1362 quidem
1498 1294 1623 1349 ullis
1650 1296 1876 1364 exprimi

294 1382 482 1450 possit.
529 1381 602 1436 Et
643 1381 769 1452 quid
824 1380 1035 1446 faciam,
1090 1382 1321 1453 inquies,
1377 1383 1589 1454 quando
1641 1386 1879 1455 martyrii

294 1483 505 1543 tempus
535 1487 677 1528 nunc
716 1488 822 1527 non
869 1475 991 1528 est?
1018 1473 1156 1542 Quid
1195 1474 1375 1530 dicis?
1403 1476 1642 1545 martyrii
1672 1485 1881 1546 tempus

290 1580 436 1621 nunc
466 1580 571 1620 non
607 1564 757 1621 adest
781 1566 806 1619 τ
835 1565 1132 1636 Numquam
1159 1566 1292 1621 illud
1320 1566 1501 1632 abest,
1529 1567 1622 1623 sed
1668 1582 1881 1637 semper

290 1657 361 1711 ob
384 1658 571 1713 oculos
599 1666 812 1713 nostros
838 1667 1102 1723 versatur,
1128 1654 1173 1711 si
1215 1659 1454 1729 vigilanti
1484 1661 1663 1714 animo
1688 1661 1874 1715 simus.

288 1745 475 1815 Neque
518 1746 665 1802 enim
712 1746 769 1803 in
820 1748 963 1819 ligno
1014 1758 1219 1804 tantum
1276 1750 1530 1820 pendere,
1588 1761 1879 1822 martyrem

286 1822 417 1893 facit
441 1856 454 1894 :
482 1839 735 1909 quoniam
757 1841 801 1896 si
828 1840 903 1897 ita
931 1857 1019 1897 res
1044 1841 1282 1909 haberet,
1314 1858 1639 1899 coronarum
1686 1845 1877 1916 hujus-

284 1931 434 1986 modi
460 1931 562 1987 Job
586 1947 787 2003 expers
812 1943 974 1990 esset.
1009 1934 1195 2005 Neque
1233 1936 1377 1990 enim
1406 1937 1471 1992 ad
1506 1938 1735 1994 tribunal
1784 1939 1872 1995 ad-

284 2019 478 2076 ductus
506 2031 610 2088 est,
642 2036 741 2077 nec
760 2022 956 2092 iudicis
985 2038 1171 2079 vocem
1195 2024 1419 2091 audivit,
1448 2041 1547 2081 nec
1570 2028 1876 2084 carnificem

284 2114 451 2178 vidit;
482 2130 587 2169 non
615 2113 758 2170 enim
788 2130 820 2171 e
846 2115 992 2187 ligno
1018 2115 1267 2171 sublimis
1306 2117 1544 2188 pendens
1585 2121 1878 2175 excarnifi-

257 2204 510 2270 abatur
533 2222 545 2259 :
572 2214 627 2261 et
669 2213 843 2262 tamen
887 2206 1069 2263 multis
1096 2209 1420 2281 martyribus
1450 2209 1726 2265 acerbiora
1755 2227 1876 2282 pas-

283 2309 376 2350 sus
402 2302 518 2363 est;
539 2309 603 2351 ac
630 2310 791 2353 voces
820 2297 926 2353 Illae
948 2298 1281 2365 nuntiorum,
1304 2300 1397 2370 qui
1426 2300 1518 2355 alii
1544 2301 1662 2355 aliis
1689 2317 1874 2357 succe-

279 2386 498 2453 debant,
529 2403 651 2455 eum
691 2390 879 2460 quavis
905 2391 1059 2461 plaga
1084 2391 1259 2446 acrius
1279 2392 1637 2462 acerbiusque
1663 2395 1873 2448 convul-

283 2481 563 2549 nerabant,
612 2490 770 2552 atque
812 2483 1049 2552 undique
1098 2483 1477 2550 lancinabant,
1504 2488 1871 2557 vermiumque

282 2569 496 2625 illorum
542 2586 635 2625 ora
680 2572 823 2627 omni
870 2589 937 2627 ex
969 2583 1117 2642 parte
1146 2575 1319 2644 ipsum
1365 2575 1675 2642 immanius,
1705 2594 1866 2647 quam

278 2660 521 2714 sexcenti
552 2660 853 2723 carniﬁces,
883 2662 1261 2717 corrodebant.

350 2751 405 2807 5.
449 2751 685 2821 Ecquem
729 2751 891 2823 igitur
934 2763 1223 2825 martyrem
1256 2755 1342 2810 hic
1385 2772 1490 2811 non
1516 2759 1727 2827 atquetl
1756 2759 1867 2815 imo

278 2859 409 2899 vero
436 2854 739 2899 sexcentos.
768 2844 900 2899 Nam
952 2861 1045 2914 per
1086 2846 1263 2902 omnia
1310 2863 1488 2904 rerum
1519 2864 1714 2921 genera
1753 2862 1862 2908 tum

277 2937 599 3003 luctabatur,
623 2946 734 2992 tum
762 2939 992 3008 palmam
1020 2940 1312 3009 obtinebat,
1344 2942 1589 3000 nimirum
1615 2961 1871 3017 peropes.

277 3043 375 3099 per
396 3028 602 3085 liberos
628 3072 642 3097 ,
673 3044 770 3100 per
794 3045 991 3101 corpus
1015 3073 1029 3097 ,
1059 3048 1157 3103 per
1206 3048 1426 3090 uxorem
1456 3078 1470 3103 ,
1502 3053 1598 3106 per
1624 3041 1824 3093 amicos
1844 3081 1859 3105 ,

275 3135 372 3188 per
397 3119 603 3187 hostes,
654 3136 751 3192 per
800 3137 1025 3187 servos;
1056 3140 1175 3178 nam
1223 3123 1277 3179 hi
1304 3141 1515 3197 quoque
1557 3129 1609 3182 in
1659 3144 1720 3183 os
1747 3130 1861 3199 ejus

272 3209 628 3279 iuspuebant;
663 3227 757 3281 per
807 3213 1019 3279 famem,
1070 3230 1163 3282 per
1212 3217 1442 3279 somnia,
1486 3233 1581 3285 per
1619 3219 1855 3287 dolores,

272 3300 659 3369 perlatorem.
692 3302 776 3357 Ob
803 3318 1028 3372 eamque
1059 3319 1272 3359 causam
1300 3306 1430 3372 dixi,
1463 3324 1584 3362 eum
1632 3325 1735 3363 non
1764 3309 1857 3364 uni

267 3397 365 3446 aut
412 3390 619 3450 duobus
661 3404 751 3448 aut
802 3396 1007 3460 tribus,
1056 3397 1149 3452 sed
1202 3401 1469 3454 sexcentis
1535 3403 1854 3475 martyribus

267 3482 588 3551 aequandum
611 3498 751 3539 esse.
783 3485 993 3540 Etenim
1020 3502 1123 3541 una
1149 3504 1269 3543 cum
1292 3490 1356 3543 iis
1382 3507 1501 3560 quae
1528 3509 1854 3551 commemo-

268 3579 383 3625 rata
430 3582 573 3639 sunt,
604 3582 814 3644 tempus
864 3591 1075 3646 quoque
1127 3594 1374 3650 magnum
1427 3583 1593 3652 ipsius
1638 3590 1851 3642 coronis

267 3662 536 3717 cumulum
570 3664 717 3720 addit
747 3683 760 3719 :
791 3666 988 3738 quippe
1016 3671 1156 3739 quod
1198 3682 1319 3727 ante
1350 3674 1517 3743 legem
1547 3686 1601 3732 et
1626 3681 1849 3749 gratiam

270 3753 383 3810 haec
411 3769 693 3827 perpessus
720 3760 809 3827 sit,
832 3762 979 3831 quod
1012 3764 1207 3818 multos
1234 3781 1470 3833 menses,
1501 3772 1639 3841 quod
1671 3776 1846 3829 omnia

265 3860 424 3916 supra
453 3848 700 3917 modum,
729 3852 868 3921 quod
898 3853 1213 3909 acerbitates
1240 3872 1426 3913 omnes
1458 3862 1614 3915 simul
1644 3865 1694 3916 in
1724 3881 1845 3919 eum

264 3936 524 4006 impetum
555 3939 779 3996 fecerint
808 3961 821 3997 :
853 3958 1174 4015 quamquam
1204 3952 1613 4021 unumquodque
1660 3970 1845 4010 eorum

264 4028 347 4083 vel
373 4029 547 4085 solum
577 4031 912 4089 intolerabile
938 4045 1052 4090 erat
1076 4078 1090 4101 ,
1133 4037 1353 4110 ipsaque
1377 4042 1509 4097 adeo
1536 4044 1843 4103 divitiarum

259 4118 487 4188 jactura,
513 4136 631 4191 qua:
652 4124 871 4194 reliquis
890 4127 1215 4183 tolerabilior
1237 4146 1356 4187 esse
1378 4135 1672 4193 videbatur.
1697 4141 1844 4198 Multi

259 4209 458 4279 quippe
488 4212 667 4282 plagas
693 4215 908 4285 quidem
951 4234 1105 4287 :equo
1134 4223 1314 4276 animo
1364 4227 1616 4294 tulerunt,
1644 4233 1733 4301 qui
1765 4243 1843 4288 ta-

261 4316 385 4355 men
419 4318 581 4373 opum
608 4304 869 4374 jacturam
900 4309 1121 4367 minime
1150 4316 1521 4386 pertulerunt;
1552 4326 1735 4378 verum
1765 4344 1847 4382 ea-

261 4406 379 4444 rum
430 4408 588 4447 causa
644 4386 826 4467 flagris
877 4401 1053 4469 potius
1098 4406 1325 4472 concidi,
1362 4419 1521 4479 atque
1549 4413 1843 4474 innumeris

258 4482 653 4540 calamitatibus
701 4487 843 4544 afllci
865 4522 885 4557 ,ν
912 4508 1069 4562 quam
1115 4497 1354 4566 aliquam
1404 4517 1589 4557 carum
1639 4518 1841 4574 partem

260 4572 524 4641 projicere
596 4577 937 4649 maluerunt,
992 4587 1398 4660 gravioremque
1465 4609 1582 4649 eam
1635 4598 1840 4669 plagam

255 4666 635 4722 existimarunt
660 4712 672 4731 ,
707 4684 822 4741 qua:
849 4689 910 4727 ex
952 4690 1111 4745 opum
1141 4680 1465 4739 detrimento
1486 4690 1709 4756 capitur.
1729 4666 1844 4747 tita-

254 4760 361 4827 que
390 4754 491 4814 huc
520 4776 731 4832 quoque
760 4764 901 4821 aliud
950 4772 1190 4842 martyrii
1218 4789 1386 4844 genus
1415 4789 1497 4833 est
1520 4821 1537 4845 ,
1556 4754 1691 4837 tcum
1724 4789 1841 4856 quis

254 4864 438 4905 earum
481 4853 824 4911 amiSsionem
869 4858 991 4914 forti
1043 4862 1223 4919 animo
1250 4868 1469 4935 perfert.
1505 4872 1570 4928 Et
1610 4890 1839 4942 quonam

257 4942 419 4997 modo
440 4984 456 5008 ,
486 4944 690 5016 inquiet
718 4949 929 5019 aliquis,
963 4968 1079 5008 eam
1107 4956 1228 5011 forti
1255 4961 1435 5016 animo
1467 4965 1841 5033 perferemus?

254 5034 390 5089 Cum
414 5033 666 5092 didiceris
698 5050 748 5093 te
783 5056 877 5110 per
899 5045 1105 5099 unicam
1138 5062 1342 5115 vocem,
1370 5068 1473 5123 qua
1505 5057 1612 5111 Deo
1640 5062 1839 5129 gratias

255 5138 400 5195 agas,
432 5125 550 5191 plus
592 5128 721 5185 lucri
763 5131 1046 5203 facturum,
1073 5154 1230 5208 quam
1255 5142 1435 5200 dantni
1464 5125 1675 5207 feceris.
1705 5153 1836 5210 Nam

252 5218 297 5271 si
325 5216 502 5270 audita
528 5232 713 5274 earum
743 5224 1040 5285 amissione
1057 5232 1275 5291 minime
1297 5241 1681 5299 conturbemur
1703 5288 1718 5311 ,
1742 5250 1835 5305 sed

251 5305 513 5374 dicamus,
540 5308 860 5369 Benedictus
905 5318 1077 5385 Deus;
1110 5323 1265 5392 longe
1310 5330 1585 5389 uberiores
1626 5305 1837 5398 divitias

251 5396 573 5455 Invenimus.
599 5399 783 5471 Neque
831 5407 971 5462 enim
1025 5422 1224 5470 tantum
1272 5422 1513 5479 utilitatis
1560 5430 1761 5496 capies,
1791 5434 1836 5488 si

249 5502 381 5557 opes
429 5498 546 5547 tuas
594 5491 648 5548 in
698 5506 918 5565 egentes
962 5514 1264 5570 consumas,
1296 5491 1836 5586 et-ebambuiespac

249 5590 511 5650 pauperes
563 5585 869 5656 conquiras,
898 5587 1282 5667 facultatesque
1334 5611 1451 5660 tuas
1496 5608 1549 5661 iu
1602 5625 1696 5667 eos
1743 5614 1834 5683 qui

251 5669 394 5725 fame
412 5671 662 5729 laborant
690 5692 932 5750 spargas,
958 5697 1213 5751 quantum
1261 5706 1355 5759 per
1394 5695 1494 5753 hoc
1522 5717 1682 5757 unum
1708 5669 1831 5760 ver-

251 5761 379 5823 bum
403 5769 751 5827 emolumenti
779 5774 942 5831 feres.
968 5778 1407 5853 Quandoquidem
1430 5802 1479 5847 et
1507 5793 1695 5851 Jobum
1724 5815 1828 5854 non

575 5859 844 5929 PATIOL.
877 5872 996 5936 Gn.
1039 5877 1200 5941 LXI.

1399 348 1461 402 IN
1498 349 1709 404 Ei‘lST.
1754 350 1792 403 il
1858 352 1950 405 AD
1989 352 2143 411 C0“.
2189 358 2417 418 iiOMlL.
2462 367 2499 419 i.

3476 394 3580 448 390

2000 477 2109 525 tam
2138 475 2393 545 admiror,
2413 495 2535 536 cum
2564 485 2781 543 domum
2807 506 2959 549 suam
2993 506 3205 569 pauperi
3357 522 3578 574 ‘pertam

1996 557 2173 625 habet,
2200 579 2359 633 quant
2388 572 2636 628 eumdem
2682 582 2914 649 suspicio
2940 557 3007 641 ac
3032 557 3208 655 praedi.
3320 557 3439 649 utrm
3480 598 3579 652 bo-

1994 664 2180 706 norum
2227 660 2559 727 ereptionem
2616 666 2688 721 ita
2737 669 2862 738 fert,
2890 685 2956 728 ut-
2982 680 3178 747 gratias
3225 706 3249 736 ι
3282 688 3382 738 iam
3432 701 3573 758 agat.

2983 739 3010 747 ν
3465 739 3573 758 om-

1992 739 2141 806 Quod
2168 745 2327 800 etiam
2357 750 2529 820 ipsum
2578 755 2632 810 in
2680 759 2967 819 liberorum
2998 770 3287 827 amissione
3331 774 3578 834 accidere

1988 847 2210 890 cernere
2236 838 2379 895 licet.
2407 842 2590 916 Neque
2619 850 2763 905 enim
2791 854 2890 910 hac
2918 856 2971 911 in
3000 875 3058 914 re
3087 862 3347 921 minorem
3378 883 3585 925 merce—

1989 920 2108 1022 dem
2137 928 2335 996 capies,
2361 946 2519 1000 quam
2551 937 2762 1010 ille,qni
2791 944 2959 1000 lilium
2986 962 3141 1005 suum
3170 920 3389 1013 adduxit
3416 920 3574 1029 atque

1989 1010 2305 1086 immolavit,
2336 1021 2381 1075 si
2432 1041 2554 1081 eum
2611 1030 2775 1087 filium
2830 1039 3146 1097 morientem
3195 1051 3572 1117 conspexeris,

1988 1102 2220 1177 benigno
2248 1113 2359 1168 Deo
2388 1120 2587 1187 gratias
2617 1138 2765 1192 agas.
2796 1127 2850 1182 in
2880 1146 2987 1198 quo
3016 1134 3161 1191 enim
3192 1138 3238 1192 is
3266 1141 3358 1210 qui
3389 1141 3580 1213 hujus-

1988 1199 2133 1254 modi
2176 1204 2356 1261 animo
2402 1213 2654 1278 pr:editus
2703 1230 2805 1286 ρει,
2836 1222 3141 1281 Abrahamo
3190 1199 3412 1288 inferior
3454 1199 3576 1291 sit?

1990 1285 2078 1345 ille
2105 1295 2247 1349 enim
2281 1313 2385 1353 non
2419 1314 2684 1360 mortuum
2717 1309 2863 1367 humi
2893 1323 3116 1372 stratum
3148 1321 3301 1387 vidit,
3332 1309 3427 1378 sed
3457 1336 3574 1381 tan-

1987 1389 2096 1434 tum
2126 1390 2499 1456 exspectavit:
2533 1399 2784 1464 quocirca
2833 1407 2877 1457 si
2926 1406 3024 1462 bac
3069 1412 3275 1468 ratione
3324 1420 3571 1485 superior

1983 1479 2085 1533 est,
2109 1474 2250 1543 quod
2278 1477 2445 1534 lilium
2469 1497 2704 1541 mactare
2729 1492 3143 1567 parabat,atque
3168 1474 3569 1563 extenta'manu

1984 1564 2217 1634 gladium
2246 1573 2541 1642 arripuerat
2565 1620 2577 1640 ,
2609 1578 2661 1634 in
2693 1582 2795 1639 hoc
2818 1602 3031 1643 rursum
3058 1564 3278 1650 inferior
3297 1608 3398 1664 est,
3426 1604 3568 1670 quod

1984 1654 2069 1707 hic
2097 1671 2228 1725 puer
2267 1673 2510 1721 mortuus
2542 1667 2733 1735 jaceat.
2761 1675 3057 1741 Quinetiam
3101 1684 3296 1754 alioqui
3327 1693 3567 1757 princ-lari

1983 1747 2229 1806 facinoris
2268 1769 2395 1823 Spes
2422 1762 2839 1821 consolationem
2872 1770 2969 1839 ipsi
2995 1773 3282 1832 afferebat:
3316 1791 3474 1851 atque
3506 1786 3567 1837 il-

1982 1840 2071 1896 lud
2101 1846 2249 1914 item,
2292 1853 2432 1918 quod
2462 1865 2738 1913 strenuum
2770 1861 3067 1931 hujusmodi
3100 1868 3304 1928 facinus
3333 1840 3566 1946 propria:

1980 1931 2145 2001 ipsius
2188 1938 2511 1999 fortitudinis
2540 1963 2733 2006 munus
2776 1966 2889 2009 erat
2912 1972 2927 2021 ;
2954 1973 3017 2013 ac
3048 1973 3302 2029 prmterea
3332 1983 3435 2023 vox
3458 1986 3521 2025 ea
3545 2014 3560 2032 .

1979 2039 2098 2094 qua:
2123 2030 2325 2087 caelitus
2356 2036 2685 2107 mittebatur,
2719 2045 2786 2097 ab
2831 2062 2896 2101 eo
2946 2053 3146 2118 audita,
3179 2061 3561 2130 promptiorem

1976 2129 2096 2170 eum
2130 2121 2405 2180 reddebat.
2437 2127 2535 2187 liic
2561 2147 2738 2188 autem
2769 2138 2897 2193 nihil
2928 2121 3193 2211 ejusmodi
3218 2161 3319 2205 est.
3336 2121 3427 2209 Ἔχ
3456 2172 3560 2226 quo

1977 2209 2309 2284 intelligitur,
2338 2220 2680 2280 adamantina
2708 2231 2938 2298 quadam
2959 2209 3143 2294 anima
3172 2257 3310 2311 opus
3332 2209 3487 2313 esse:
3506 2260 3559 2304 ut

1974 2303 2235 2375 quispiam
2261 2312 2478 2367 unicum
2509 2314 2696 2385 ﬁlium,
2724 2324 2812 2391 qui
2846 2324 2896 2378 in
2928 2328 3127 2387 divitiis
3158 2303 3416 2396 educatus
3448 2303 3558 2398 fue-

1976 2404 2078 2462 rat,
2106 2396 2390 2471 laetamque
2416 2404 2484 2461 de
2510 2423 2568 2463 se
2594 2424 2742 2481 spem
2768 2415 3045 2484 afferebat,
3075 2424 3125 2478 in
3153 2430 3356 2484 tumulo
3377 2434 3554 2501 jacen-

1974 2496 2081 2541 tem
2112 2500 2167 2544 et
2192 2503 2467 2551 extentum
2492 2505 2827 2572 conspiciens
2850 2550 2866 2574 ,
2895 2526 3076 2567 casum
3107 2515 3249 2573 hunc
3279 2520 3471 2579 leniter
3496 2543 3559 2580 ac

1973 2577 2178 2646 placide
2205 2583 2361 2641 ferat.
2394 2589 2493 2655 Qui
2534 2592 2652 2671 hoc!
2679 2598 2859 2653 animo
2884 2612 2992 2670 est,
3022 2607 3068 2659 si
3111 2610 3312 2668 sedatis
3351 2628 3554 2671 natura:

1970 2668 2215 2728 fluctibus
2254 2678 2383 2733 illud
2414 2681 2533 2736 Jobi
2562 2669 2718 2740 siccis
2746 2691 2912 2745 oculis
2956 2668 3136 2752 dicere
3162 2713 3339 2769 queat,
3369 2704 3552 2760 Domi-

1968 2777 2062 2815 nus
2101 2765 2235 2842 dedit
2262 2810 2276 2831 ,
2311 2769 2561 2828 Dominus
2614 2777 2819 2832 abstulit
2849 2780 2867 2849 (
2893 2782 2993 2837 Job
3026 2788 3075 2840 i.
3122 2765 3193 2845 2i
3226 2796 3283 2860 );
3328 2765 3402 2850 iob
3451 2799 3552 2855 hoc

1965 2851 2241 2910 dumtaxat
2272 2861 2489 2917 verbum
2523 2881 2624 2920 una
2664 2884 2784 2925 cum
2832 2874 3137 2933 Abrahamo
3176 2885 3546 2954 collocabitur,

1965 2960 2067 2998 una
2091 2962 2214 3001 cum
2240 2950 2340 3007 Job
2369 2956 2537 3011 victor
2560 2962 2951 3029 prmdicabitur.
2987 2970 3137 3036 Quod
3181 2975 3246 3041 si,
3274 2950 3550 3048 compres;

1962 3038 2039 3092 sis
2065 3042 2344 3101 mulierum
2390 3048 2706 3119 singultibus
2732 3056 3017 3130 eborisque
3050 3064 3342 3135 lugentium
3375 3075 3548 3129 disso-

1962 3127 2106 3197 lutis,
2153 3148 2340 3192 omnes
2389 3140 2455 3194 ad
2508 3144 2856 3203 celebrandas
2906 3127 2998 3206 Iiei
3056 3155 3242 3214 laudes
3274 3163 3540 3227 excitarit,

1960 3221 2238 3281 innumera
2268 3231 2318 3283 in
2348 3235 2481 3288 melo
2506 3278 2519 3300 ,
2550 3238 2825 3296 innumera
2858 3245 2909 3298 in
2949 3256 3084 3302 terra
3114 3257 3328 3320 prtemia
3360 3274 3544 3316 conse-

1956 3324 2167 3384 quetur,
2195 3320 2497 3381 hominibus
2540 3344 2663 3385 eum
2718 3334 3125 3411 admirantibus,
3157 3349 3356 3418 angelis
3395 3355 3543 3423 plau-

1956 3408 2224 3476 dentibus,
2257 3414 2366 3471 Deo
2392 3433 2708 3480 coronante.

2027 3502 2079 3556 6.
2113 3504 2179 3559 Et
2208 3510 2303 3577 qui
2328 3509 2440 3566 fieri
2470 3524 2665 3585 queat,
2708 3519 2851 3577 dicet
2879 3527 3101 3597 aliquis,
3149 3542 3207 3587 ut
3242 3539 3330 3606 qui
3372 3539 3532 3596 homo

1952 3604 2036 3647 est
2056 3635 2068 3655 ,
2103 3612 2208 3650 non
2239 3599 2457 3668 lugeat?
2485 3604 2747 3663 Nimirum
2776 3614 2819 3666 si
2842 3618 3064 3685 cogites,
3099 3638 3197 3677 nec
3223 3599 3535 3692 patriarchae

1953 3702 2050 3740 nec
2077 3688 2232 3754 Jobo,
2267 3707 2386 3746 cum
2422 3694 2583 3751 homo
2622 3710 2843 3771 uterque
2884 3718 3060 3775 esset,
3108 3715 3396 3785 quidquam
3432 3725 3535 3779 tale

1951 3782 2210 3837 accidisse
2233 3824 2247 3845 ,
2283 3785 2441 3854 idque
2465 3804 2588 3842 cum
2618 3801 2840 3863 uterque
2869 3809 2994 3853 ante
3025 3801 3192 3871 legum
3225 3817 3277 3860 et
3305 3814 3530 3879 gratiam

1948 3888 2009 3925 ac
2030 3883 2226 3928 tantam
2248 3876 2420 3947 legum
2444 3881 2833 3952 pliiloSOphiam
2857 3892 3146 3948 exstitisset
3173 3919 3182 3951 :
3208 3899 3249 3953 si
3275 3915 3530 3968 prurit-rea

1948 3964 2077 4018 illud
2105 3968 2435 4035 consideres,
2468 3988 2611 4035 eum,
2644 3978 2730 4044 qui
2760 3979 2918 4033 vitam
2946 3997 3067 4038 cum
3097 4000 3269 4044 morte
3293 4008 3531 4051 commu-

1950 4058 2097 4123 tavit,
2125 4058 2190 4112 ad
2222 4061 2498 4116 meliorem
2522 4066 2795 4136 regionem
2819 4071 3097 4141 migrasse,
3122 4087 3279 4150 atque
3299 4086 3364 4139 ad
3388 4103 3529 4157 prie-

1946 4150 2257 4211 Stantiorem
2282 4163 2480 4209 sortem
2512 4158 2848 4225 transiliisse,
2882 4172 3035 4235 teque
3064 4184 3166 4223 non
3200 4172 3364 4230 ﬁlium
3388 4150 3530 4234 ami-

1945 4241 2115 4307 sisse,
2149 4244 2243 4299 sed
2287 4245 2339 4299 in
2372 4257 2484 4302 tuto
2520 4250 2627 4317 jam
2662 4250 2782 4308 loco
2810 4254 3124 4316 collocasse.
3168 4264 3526 4331 Quamobrem

1949 4351 2014 4390 ue
2038 4337 2237 4393 dixeris
2257 4383 2271 4406 ,
2304 4340 2419 4395 Jam
2451 4353 2601 4411 pater
2630 4361 2739 4403 non
2763 4364 2946 4408 vocor.
2975 4352 3082 4413 Cur
3110 4361 3251 4415 enim
3289 4380 3393 4421 non
3417 4368 3527 4437 jam

1948 4432 2153 4485 voceris
2174 4475 2187 4496 ,
2218 4447 2337 4487 cum
2381 4436 2520 4489 filius
2553 4449 2672 4493 tuus
2697 4453 2969 4511 superstes
3008 4449 3119 4503 sit?
3149 4469 3274 4508 num
3301 4472 3522 4525 puerum

1945 4523 2208 4595 amisisti?
2238 4541 2361 4581 num
2410 4527 2577 4583 filium
2610 4534 2921 4601 perdidisti?
2951 4539 3062 4596 imo
3094 4547 3268 4612 potius
3298 4523 3521 4622 ἐιαρνιης

1944 4627 2023 4678 es,
2056 4615 2324 4686 tutiusque
2356 4621 2618 4687 possides.
2652 4624 2775 4681 ideo
2802 4642 2909 4683 non
2932 4629 3041 4700 jam
3074 4634 3157 4691 hic
3178 4639 3350 4695 solum
3379 4615 3530 4713 pater

1944 4707 2170 4774 vocaris,
2195 4711 2288 4764 sed
2310 4711 2468 4765 etiam
2491 4714 2542 4767 iu
2566 4717 2717 4771 cazlo.
2741 4717 3120 4795 Quamobrem,
3150 4738 3351 4788 tantum
3374 4738 3527 4792 abest

1945 4810 2000 4854 ut
2030 4801 2193 4870 patris
2237 4818 2432 4859 nomen
2476 4807 2749 4875 amiseris,
2785 4821 2843 4867 ut
2885 4817 3155 4887 copiosius
3192 4826 3353 4881 etiam
3391 4828 3523 4886 illud

1944 4892 2035 4946 tibi
2064 4896 2355 4951 accesserit
2385 4916 2399 4951 :
2430 4913 2605 4969 neque
2643 4903 2784 4958 enim
2824 4906 2933 4976 jam
2974 4913 3250 4983 mortalis,
3296 4920 3389 4975 sed
3418 4923 3520 4978 im-

1943 4983 2183 5037 mortalis
2214 4983 2308 5039 filii
2337 4996 2487 5057 pater
2515 4993 2814 5061 vocaberis,
2845 5000 3153 5070 strenuiqne
3183 5006 3369 5065 militis
3391 5054 3407 5079 ,
3439 5026 3524 5069 at-

1941 5088 2043 5143 que
2072 5075 2213 5129 intus
2245 5088 2504 5146 perpetuo
2545 5085 2755 5140 stantis.
2799 5086 2981 5158 Neque
3025 5093 3169 5148 enim
3210 5109 3333 5167 est,
3378 5075 3521 5173 quod

1940 5180 2062 5219 eum
2090 5166 2291 5222 ideirco
2314 5169 2407 5225 tibi
2437 5172 2661 5241 periisse
2704 5187 2857 5247 putes
2876 5221 2889 5243 ,
2920 5182 3042 5249 quia
3070 5201 3175 5241 non
3204 5166 3373 5248 adest.
3396 5166 3518 5252 UEt—

1940 5258 2081 5313 enim
2112 5260 2157 5314 si
2190 5276 2415 5333 peregre
2445 5267 2713 5334 profectus
2747 5271 2952 5338 fuisset,
2972 5290 3077 5332 non
3110 5294 3391 5354 propterea
3411 5308 3513 5346 una

1938 5365 2060 5405 cum
2102 5366 2330 5421 corpore
2377 5358 2784 5428 pr0piuqnitatis
2823 5379 3037 5437 quoque
3077 5388 3269 5431 nomen
3300 5379 3519 5438 absces-

1937 5442 2115 5497 sisset.
2146 5443 2404 5510 Quoeirca
2434 5464 2503 5505 ne
2529 5450 2754 5519 jacentis
2783 5456 2985 5515 vultum
3006 5467 3251 5534 attende;
3281 5470 3358 5526 sic
3379 5475 3520 5533 enim

1936 5532 2310 5601 aegritudinem
2336 5541 2653 5606 exsusicitas,
2688 5559 2870 5601 verum
2902 5549 2967 5605 da
2998 5532 3243 5625 operam,
3280 5571 3337 5615 ut
3367 5580 3521 5621 men-

1940 5632 2044 5677 tem
2074 5625 2142 5681 ab
2167 5642 2253 5693 eo,
2284 5630 2375 5698 qui
2408 5631 2570 5700 jacet,
2598 5634 2664 5688 ad
2695 5638 2885 5695 omium
2915 5644 3200 5703 subdueas.
3230 5651 3347 5709 Non
3377 5666 3521 5714 enim

1935 5715 2164 5770 cadaver
2205 5717 2342 5785 hoc,
2373 5721 2513 5791 quod
2561 5723 2705 5779 humi
2731 5728 2903 5797 jacet,
2938 5732 3078 5791 illius
3109 5745 3229 5795 tuus
3272 5755 3392 5813 est,
3425 5754 3519 5804 sed

1938 5807 2060 5868 ille.
2090 5807 2181 5877 qui
2220 5811 2482 5874 avolavit.
2530 5824 2685 5883 atque
2730 5819 2781 5875 in
2816 5822 3129 5882 immensam
3175 5807 3511 5892 altitudinem

3106 5930 3183 5989 aii
