4028 6222
499 464 757 524 aseeudit.
786 461 921 518 Cum
942 459 1122 530 itaque
1149 457 1443 527 depressos
1468 453 1656 510 oculos
1685 462 1845 523 atque
1872 458 2091 507 contra-

498 569 644 613 etum
672 568 735 609 os
762 563 817 609 et
840 565 1038 621 corpus
1066 557 1215 604 motu
1237 561 1430 603 carens
1457 545 1677 611 videris,
1709 558 1840 599 cave
1870 542 1973 597 hoc
1994 540 2086 595 tibi

501 649 554 703 in
598 657 832 703 mentem
860 644 1073 710 veniat,
1104 642 1250 711 quod
1276 655 1339 696 os
1368 639 1512 695 istud
1544 654 1649 693 non
1686 638 1797 708 jam
1827 636 2085 706 loquitur,

499 730 753 793 oculi'isti
786 751 890 790 non
913 734 1024 806 jam
1055 739 1307 796 cernunt,
1337 731 1500 800 pedes
1524 730 1610 784 isti
1636 744 1740 783 non
1764 728 1876 798 jam
1902 728 2091 782 ambu-

497 831 628 895 lant,
663 828 758 884 sed
784 827 966 881 omnia
994 826 1049 879 in
1076 822 1477 892 corruptionem
1504 821 1754 877 abierunt
1781 838 1795 874 :
1827 833 1978 883 cave,
2007 818 2090 872 in-

494 936 657 993 quam
678 962 698 989 ,
734 920 837 975 ista
865 917 1047 982 dicas;
1081 930 1264 973 verum
1298 914 1383 968 bis
1416 912 1686 969 contraria
1706 954 1723 978 ,
1752 924 1947 980 nempe
1971 950 1987 968 .
2016 909 2090 965 Os

498 1012 640 1069 istud
668 1012 861 1067 melius
891 1010 1159 1079 laquctur,
1190 1005 1333 1061 oculi
1362 1004 1450 1059 isti
1495 1003 1717 1058 meliora
1744 1009 1967 1057 cernent
1987 1041 2003 1068 ,
2035 1008 2091 1055 et

500 1103 665 1173 pedes
694 1102 748 1157 in
776 1100 1004 1156 nubibus
1033 1097 1295 1154 sublimes
1325 1095 1603 1156 tollentur,
1633 1107 1698 1149 ac
1717 1092 1948 1162 denique
1972 1106 2092 1145 cor-

497 1206 598 1261 pus
639 1190 779 1246 istud
801 1230 817 1257 ,
850 1189 993 1261 quod
1032 1203 1176 1243 nunc
1220 1184 1602 1255 corrumpitur,
1636 1181 2087 1237 immortalitatem

496 1282 701 1349 induet,
733 1281 1191 1349 illustrioremque
1218 1276 1386 1330 lilium
1416 1290 1594 1330 meum
1626 1273 1901 1343 recipiam.
1931 1271 2086 1339 Quod

494 1378 539 1431 si
581 1389 874 1431 merui-em
912 1372 1006 1427 tibi
1048 1386 1109 1425 ea
1131 1411 1146 1436 ,
1180 1385 1300 1439 qua:
1329 1367 1543 1432 cernis,
1577 1365 1837 1431 aﬂ'erunt,
1870 1361 2087 1418 interim

494 1478 669 1525 tecum
718 1469 834 1537 ipse
866 1467 982 1520 haec
1020 1465 1282 1534 lnquere:
1317 1460 1705 1515 Vestimentum
1734 1456 1840 1511 hoc
1879 1465 2000 1521 est;
2034 1454 2085 1509 id

493 1562 661 1622 exuit,
693 1569 750 1613 ut
782 1560 954 1629 ipsum
984 1556 1294 1626 pta-clarius
1317 1552 1542 1621 recipiat
1568 1570 1581 1605 :
1610 1550 1801 1605 domus
1828 1548 1942 1602 haec
1965 1554 2047 1602 est
2072 1560 2090 1611 ;

493 1666 555 1704 ea
598 1663 785 1703 eversa
833 1658 946 1710 est,
996 1652 1055 1699 ut
1099 1643 1422 1698 luculentior
1467 1639 1579 1693 fiat.
1623 1634 2087 1705 Quemadmodum

492 1742 636 1797 enim
666 1755 786 1806 nos,
818 1753 940 1794 cum
968 1736 1188 1792 domum
1222 1732 1497 1806 purgaturi
1528 1744 1738 1797 sumus,
1768 1743 1863 1785 eos
1887 1729 1977 1797 qui
2000 1728 2085 1783 in-

492 1844 577 1890 tus
608 1832 879 1892 habitant.
911 1847 1020 1887 non
1050 1829 1278 1886 sinimus
1304 1838 1560 1889 manere,
1587 1823 1683 1879 sed
1719 1836 1787 1877 ne
1811 1819 1939 1892 quid
1965 1820 2087 1890 pul-

491 1924 635 1982 veris
656 1922 979 1982 contrahant
1003 1936 1068 1976 ac
1089 1919 1319 1975 tumultu
1340 1914 1701 1979 olfendantur,
1720 1911 1877 1967 foras
1901 1926 2087 1965 aman-

490 2018 685 2072 damus
714 2030 776 2070 ac
813 2014 1089 2085 paulisper
1125 2008 1381 2066 secedere
1402 2007 1684 2077 iubemus;
1740 2013 2083 2074 posteaquam

490 2119 671 2163 autem
701 2106 921 2161 domum
951 2112 1117 2157 tutam
1148 2098 1509 2165 reddidimus,
1541 2105 1651 2151 tum
1680 2094 1910 2165 denique
1940 2094 2085 2165 ipsos

495 2201 663 2255 libere
688 2198 914 2253 introire
949 2195 1179 2250 sinimus
1208 2210 1223 2246 ε
1256 2190 1447 2246 eodem
1483 2187 1643 2244 modo
1684 2187 1827 2243 Deus
1869 2201 2085 2257 quoque

492 2290 648 2355 facit;
677 2302 869 2344 everso
905 2285 1050 2342 enim
1095 2282 1236 2355 putri
1270 2282 1436 2353 ipsius
1462 2279 1831 2345 tabernaculo,
1866 2278 2082 2333 interim

490 2396 615 2438 eum
649 2382 702 2435 in
733 2388 1011 2449 paternam
1038 2375 1261 2431 domum
1286 2381 1448 2442 atque
1475 2370 1543 2426 ad
1581 2384 1640 2426 se
1678 2368 2001 2436 introducit,
2027 2376 2086 2423 ut

492 2483 841 2547 posteaquam
870 2469 999 2526 illud
1022 2468 1267 2535 diruerit,
1295 2476 1458 2536 atque
1482 2461 1814 2529 instaurarit,
1845 2469 1957 2515 tum
1986 2459 2082 2515 de-

491 2586 638 2625 mum
666 2566 999 2640 splendidius
1027 2563 1078 2620 id
1122 2563 1172 2619 ei
1208 2559 1418 2618 reddat.
1452 2556 1713 2624 Quocirca
1740 2569 1811 2611 ne
1838 2553 2041 2610 dixeris
2061 2594 2077 2614 ,

1231 343 1289 399 S.
1329 338 1610 398 .IO.\NN|S
1643 332 2116 394 CllRYSOSTOMl
2155 330 2469 393 ARClllEP.
2507 335 3048 395 CONSTANTINOP.

3677 340 3787 401 ω’

2204 449 2370 505 Periit
2390 493 2404 515 ,
2450 465 2550 506 nec
2588 452 2700 521 jam
2742 461 2858 516 est;
2888 466 3076 507 eorum
3105 446 3407 524 cnim,'qui
3438 453 3542 511 fide
3569 468 3784 525 carent,

2199 541 2316 596 hrec
2350 541 2515 599 verba
2543 550 2701 607 sunt;
2728 557 2919 599 verum
2948 541 3053 599 hoc
3079 544 3291 615 potius,
3335 545 3577 613 Dormit,
3607 561 3671 602 ac
3698 563 3785 603 re-

2198 643 2418 705 surget;
2448 648 2671 706 percgre
2700 634 2869 700 abiit,
2897 644 3060 707 atque
3084 651 3206 692 cum
3231 636 3377 709 Rege
3401 649 3658 697 venturus
3682 650 3784 695 est.

2195 725 2326 794 Quis
2352 724 2453 779 hoc
2478 740 2729 781 sermone
2752 726 2957 780 utitur?
2985 724 3035 781 ls
3067 742 3261 797 nempe
3278 768 3295 793 ,
3320 729 3408 799 qui
3437 727 3706 784 Christum
3734 729 3785 783 in

2197 831 2257 870 se
2286 815 2595 886 loquentem
2629 814 2813 871 habet.
2841 815 2905 871 Si
2933 817 3066 870 enim
3091 817 3372 885 credimus,
3412 818 3623 890 inquit,
3652 819 3787 889 quod

2194 903 2349 959 Jesus
2377 915 2607 959 mortuus
2630 914 2703 960 est
2730 915 2779 960 et
2803 907 3085 961 resanuit
3112 924 3174 961 ac
3200 909 3349 975 vivit;
3371 909 3443 963 ita
3468 910 3620 964 etiam
3650 907 3789 965 Deus

2197 1016 2310 1065 eos,
2338 998 2424 1070 qui
2453 998 2833 1053 obdonnieruut
2855 1040 2870 1064 ,
2902 1015 2992 1067 per
3013 999 3191 1054 desunt
3221 1000 3437 1055 adducet
3475 1017 3593 1055 cum
3621 1017 3680 1056 eo
3708 1001 3785 1071 (Ι.

2197 1090 2376 1145 Thess.
2404 1090 2457 1145 ι.
2484 1090 2597 1161 ﬂ).
2625 1089 2804 1157 Quare
2829 1090 2876 1145 si
2898 1088 3076 1159 lilium
3103 1090 3325 1162 qumris,
3352 1090 3464 1147 illic
3480 1106 3605 1148 eum
3632 1106 3786 1160 qna:-

2196 1199 2255 1238 re
2273 1224 2287 1243 .
2321 1182 2411 1237 ubi
2440 1182 2552 1237 lies
2581 1190 2687 1249 est,
2712 1181 2802 1236 ubi
2826 1186 3142 1251 angelorum
3168 1181 3458 1247 exercitus,
3488 1197 3593 1237 non
3621 1181 3675 1237 iu
3699 1195 3789 1237 se-

2196 1274 2401 1344 pulcro,
2430 1289 2535 1329 non
2573 1273 2629 1329 in
2672 1282 2814 1328 terra
2837 1313 2854 1340 ,
2896 1288 2965 1329 ne
2991 1272 3226 1343 alioqui,
3254 1287 3322 1329 eo
3360 1287 3531 1343 usque
3554 1272 3691 1329 adeo
3722 1273 3781 1327 in

2194 1366 2362 1422 altum
2401 1374 2583 1422 erecto
2606 1406 2623 1433 ,
2669 1360 2786 1435 ipse
2815 1364 2963 1420 humi
3009 1366 3323 1436 provolutus
3360 1379 3601 1421 maneas.
3630 1364 3688 1421 Si
3718 1365 3787 1421 ad

2193 1456 2339 1514 hunc
2385 1457 2600 1513 modum
2638 1456 3101 1528 philosophemur,
3134 1472 3351 1512 omnem
3395 1456 3657 1528 ejusmodi
3685 1457 3789 1512 do-

2194 1550 2363 1622 lorem
2395 1550 2542 1605 nullo
2572 1549 2789 1619 negotio
2822 1548 3210 1617 propellemus.
3245 1550 3387 1605 Deus
3410 1558 3589 1605 autem
3622 1551 3791 1605 mise-

2194 1643 2461 1698 rationum
2498 1654 2555 1697 et
2600 1642 2761 1696 Pater
2790 1640 2953 1695 totius
2994 1641 3379 1696 consolationis
3408 1638 3645 1697 omnium
3685 1656 3791 1697 no—

2193 1744 2364 1790 strum
2403 1733 2567 1790 corda
2596 1732 2930 1798 consoletur,
2976 1740 3034 1787 et
3073 1746 3263 1787 eorum
3309 1732 3400 1802 qui
3442 1731 3495 1786 in
3521 1731 3787 1802 ejusmodi

2190 1825 2471 1881 doloribus
2505 1832 2813 1890 venantur,
2840 1831 2898 1879 et
2919 1837 3109 1879 eorum
3136 1822 3229 1894 qui
3272 1822 3382 1879 alio
3413 1824 3663 1879 maeroris
3686 1839 3790 1895 ge-

2192 1932 2323 1973 nere
2349 1924 2619 1983 tenentur,
2645 1914 2918 1985 donetque
2940 1922 2997 1969 ut
3022 1913 3171 1969 omni
3195 1914 3450 1970 mmstitia
3474 1914 3786 1979 liberemur,

2190 2022 2255 2063 ac
2283 2007 2563 2079 spirituale
2589 2005 3232 2078 gaudium’percipiamus
3254 2046 3272 2072 ,
3319 2004 3603 2076 futuraque
3646 2005 3787 2062 bona

2189 2114 2581 2170 consequamur
2615 2116 2628 2152 :
2659 2112 2781 2168 qua:
2830 2095 2990 2152 detur
3031 2096 3287 2151 omnibus
3334 2095 3493 2151 nobis
3533 2096 3786 2167 assequi,

2188 2191 2359 2261 gratia
2385 2199 2440 2245 et
2464 2188 2795 2259 benignitate
2821 2187 3030 2242 Domini
3061 2188 3232 2242 nostri
3260 2186 3390 2243 Jesu
3408 2186 3633 2255 Christi,
3660 2202 3785 2243 cum

2189 2296 2297 2351 quo
2340 2280 2482 2335 Patri
2511 2278 2779 2348 simulque
2806 2286 2994 2333 sancto
3026 2276 3248 2347 Spiritui
3277 2278 3446 2349 gloria
3464 2318 3479 2343 ,
3514 2288 3783 2349 potestas,

2190 2372 2398 2439 honor,
2448 2385 2591 2426 nunc
2626 2379 2683 2426 et
2718 2383 2955 2440 semper,
2998 2376 3055 2424 et
3100 2367 3154 2424 in
3196 2369 3395 2425 satcula
3439 2370 3781 2427 etmalorum.

2191 2465 2383 2520 Amen.

497 2697 3776 2737 Μ

1907 2780 2258 2846 HOMILIA
2300 2780 2382 2843 ll.

492 2952 618 3007 CAP.
654 2951 705 3005 l.
740 2965 787 3003 ν.
816 2947 850 3003 6
900 2948 1022 3003 Sit'e
1041 2954 1208 2999 autem
1240 2942 1559 3001 tribnlmnur,
1594 2951 1687 3006 pro
1707 2942 1870 2989 uestra
1895 2944 2074 2985 consa-

560 3043 749 3098 latione
776 3051 821 3094 et
847 3040 1009 3095 salute
1030 3081 1043 3102 ,
1076 3052 1190 3107 qtae
1217 3042 1458 3104 aperatur
1491 3030 1544 3083 in
1582 3025 1851 3081 tolerantia
1874 3037 2079 3075 earum-

560 3137 679 3189 dem
696 3132 1007 3199 passionum,
1030 3143 1157 3197 quas
1179 3135 1225 3178 et
1246 3140 1337 3177 nos
1357 3121 1580 3193 patimur
1597 3133 1615 3171 :
1632 3117 1686 3169 7.
1712 3124 1759 3169 et
1778 3128 1892 3183 spes
1910 3119 2083 3164 nostra

562 3225 711 3291 ﬁrma
738 3230 809 3275 est
835 3236 926 3289 pro
949 3218 1108 3271 vobis.

565 3316 618 3368 l.
651 3313 941 3379 Postquam
972 3320 1134 3361 unam
1164 3318 1227 3358 ac
1253 3300 1551 3374 principem
1575 3296 1972 3352 exhortationis
1997 3301 2083 3345 at-

493 3420 597 3477 que
614 3399 997 3458 consolationis
1012 3410 1229 3452 causam
1248 3392 1487 3465 protulit,
1507 3402 1699 3458 nempe
1713 3386 1854 3459 quod
1871 3386 2084 3440 Christo

491 3494 979 3556 communicemus,
1025 3487 1316 3544 secundam
1349 3496 1564 3556 quoque
1606 3483 1741 3535 banc
1773 3477 1955 3550 ponit,
1996 3477 2083 3531 ni-

493 3591 685 3645 mirum
713 3582 857 3655 quod
899 3580 1180 3652 discipulis
1209 3578 1341 3648 ipsis
1373 3576 1495 3629 hinc
1539 3572 1682 3628 salus
1720 3577 2080 3639 comparetur.

492 3680 571 3736 Ne
598 3680 756 3749 igitur
784 3674 979 3730 animis
1004 3670 1319 3729 concidatis,
1350 3664 1542 3735 inquit,
1571 3678 1671 3717 nec
1700 3659 2081 3730 perturbemini

492 3788 556 3828 ac
587 3770 838 3826 metuatis
857 3808 872 3830 ,
902 3772 1184 3835 propterea
1214 3757 1360 3828 quod
1390 3755 1719 3823 affligimur:
1748 3750 2082 3819 quandoqui-

496 3866 617 3919 dem
647 3863 750 3915 hoc
771 3860 888 3927 ipso
911 3854 1126 3909 nomine
1150 3848 1354 3919 mquius
1383 3844 1542 3900 fuerit
1567 3858 1661 3896 vos
1688 3840 1933 3895 ﬁduciam
1956 3854 2084 3892 con.

495 3958 695 4025 cipere.
730 3951 859 4005 Nam
892 3946 990 4001 nisi
1018 3944 1401 4012 afﬂigeremur.
1435 3935 1551 3992 haec
1581 3934 1759 3990 omnia
1790 3932 1940 3987 vobis
1967 3931 2080 3987 exi-

494 4051 629 4104 tium
650 4044 973 4101 attulissent.
993 4038 1092 4107 Qui
1116 4035 1329 4093 tandem
1354 4031 1492 4088 istud
1509 4032 1531 4074 ν
1550 4028 1813 4098 Quoniam
1833 4027 1877 4082 si
1894 4025 2085 4081 animis

492 4139 645 4196 fracti
683 4150 751 4191 ac
792 4131 1146 4204 periculorum
1189 4136 1332 4181 metu
1376 4121 1677 4195 perterriti,
1724 4118 1845 4174 lidei
1887 4116 2087 4173 doctri-

497 4247 620 4286 nam
649 4228 804 4283 vobis
831 4222 1053 4278 minime
1077 4215 1597 4289 praedicavissemus,
1630 4220 1689 4264 ut
1708 4224 1887 4265 veram
1910 4208 2081 4264 scien-

497 4324 624 4378 tiam
655 4311 1021 4385 iutélligeretis
1044 4352 1061 4379 ,
1090 4317 1333 4364 extremo
1361 4305 1415 4359 in
1442 4301 1753 4357 discrimine
1779 4316 1865 4356 res
1891 4306 2084 4356 vestra:

496 4418 615 4471 sita:
641 4420 841 4468 essent.
877 4405 1039 4462 Vides
1069 4415 1258 4459 rursus
1300 4406 1496 4471 quanta
1527 4396 1676 4452 Pauli
1705 4396 1787 4450 vis
1827 4394 1899 4451 sit
1923 4403 2085 4463 atque

495 4502 813 4563 contentio?
840 4500 908 4555 ab
936 4500 1018 4553 his
1045 4496 1174 4568 ipsis
1202 4491 1387 4557 rebus,
1415 4504 1535 4561 quae
1560 4498 1761 4544 metum
1785 4500 1849 4542 ac
1873 4495 2085 4558 pertur-

497 4601 767 4657 hationem
798 4594 925 4664 ipsis
951 4584 1265 4649 offerebant,
1288 4598 1381 4640 eos
1402 4580 1729 4637 consolatur.
1751 4579 1868 4645 Quo
1888 4577 2085 4633 etenim

499 4688 944 4765 persequutiones
971 4690 1167 4736 nostrm
1190 4679 1357 4747 magis
1383 4675 1779 4745 ingravescunt,
1806 4668 1996 4765 ipqpig
2020 4681 2088 4723 eo

498 4760 668 4852 inagis
695 4780 832 4835 bona
871 4784 1047 4830 vestra
1085 4786 1207 4841 spes
1246 4768 1634 4823 incrementum
1663 4776 1859 4831 capere
1886 4760 2083 4822 debet,

497 4869 930 4947 quandoquidem
982 4876 1129 4922 tanto
1177 4862 1351 4931 major
1401 4858 1561 4913 saluti
1625 4854 2087 4922 consolationique

502 4944 696 5024 vestrae
740 4963 985 5020 cumulus
1027 4957 1252 5013 accedit.
1280 4953 1542 5023 Quidnam
1580 4950 1723 5006 enim
1775 4956 1974 5003 tantam
2018 4944 2085 4999 ad

500 5055 885 5115 consolandum
907 5053 1013 5106 vim
1048 5048 1296 5106 habebat,
1329 5059 1486 5111 quam
1515 5040 1659 5113 quod
1694 5037 2085 5109 praedicationis

497 5146 761 5207 bsuellcio
786 5152 865 5199 tot
901 5144 1039 5197 bona
1082 5134 1583 5205 consequebantur?
1612 5132 1803 5187 Postea
1825 5169 1841 5197 ,
1870 5145 1937 5186 ne
1968 5129 2087 5182 uni‘

498 5250 709 5300 versam
758 5232 969 5289 laudem
1016 5232 1166 5285 solus
1211 5227 1327 5297 ipse
1372 5223 1473 5277 sibi
1520 5226 1774 5293 arrogare
1819 5219 2083 5283 videatur,

498 5330 622 5388 vide
649 5324 920 5399 quomodo
947 5337 1043 5377 eos
1088 5331 1303 5391 quoque
1348 5316 1404 5373 in
1435 5313 1609 5368 laudis
1652 5312 1963 5367 societatem
1995 5307 2089 5360 ad-

498 5425 713 5480 sciscat.
767 5419 1051 5485 Postquam
1080 5412 1222 5467 enim
1263 5407 1440 5469 dixit,
1486 5404 1605 5459 Sive
1646 5403 1964 5466 tribuantur,
1998 5414 2089 5468 pro

498 5523 665 5568 uestra
690 5507 1035 5565 consolatione
1061 5513 1107 5558 et
1132 5503 1323 5567 salute,
1356 5497 1662 5567 subiunxit,
1698 5495 1825 5560 Qua:
1851 5500 2091 5562 operatur

498 5606 555 5657 in
578 5602 846 5658 tolerantia
870 5598 1159 5656 earumdem
1185 5594 1495 5665 passionum,
1520 5604 1647 5656 quas
1668 5596 1713 5640 et
1734 5602 1826 5640 nos
1848 5583 2086 5653 patimur.

502 5695 576 5748 Ac
610 5694 892 5749 dilucidius
919 5692 1020 5746 hoc
1040 5688 1253 5760 quidem
1284 5694 1465 5755 postea
1497 5679 1750 5751 exprimit
1776 5677 1857 5731 his
1888 5673 2090 5738 verbis,

506 5781 651 5837 Sicut
679 5782 798 5837 socii
830 5783 948 5838 estis
977 5779 1268 5849 passionum
1290 5815 1304 5841 ,
1335 5777 1406 5829 sic
1435 5772 1572 5849 eritis
1609 5778 1659 5824 et
1684 5764 2045 5822 consolationis
2074 5776 2092 5815 :

2190 2925 2407 2981 interim
2438 2934 2617 2980 autem
2648 2923 2752 2978 hoc
2795 2924 2914 2979 loco
2954 2922 3005 2978 id
3037 2923 3389 2978 subindicavit
3409 2967 3426 2992 ,
3458 2940 3581 2981 cum
3612 2926 3781 2993 dixit,

2191 3016 2500 3070 Earumdem
2527 3015 2819 3085 passionum
2838 3054 2852 3078 ,
2886 3023 3048 3083 atque
3089 3014 3157 3066 ita
3186 3028 3491 3070 sermonem
3528 3031 3648 3071 cum
3677 3016 3784 3071 illis

2187 3105 2625 3161 communicavit.
2656 3104 2809 3170 Quod
2839 3113 3017 3157 autem
3044 3104 3140 3168 ait,
3176 3103 3313 3157 hanc
3337 3107 3656 3171 sententiam
3689 3108 3785 3160 ha-

2190 3198 2282 3253 bet
2309 3213 2323 3251 :
2366 3196 2485 3252 Non
2516 3212 2614 3251 nos
2651 3196 2750 3251 soli
2782 3206 2974 3249 vesmn
3015 3194 3203 3250 salutis
3232 3197 3504 3266 negotium
3530 3198 3783 3268 agimus,

2188 3288 2283 3344 sed
2305 3296 2360 3343 et
2386 3301 2482 3341 vos
2511 3301 2743 3357 quoque.
2770 3285 3043 3356 Siquidem
3066 3295 3123 3341 et
3146 3303 3265 3354 nos,
3295 3287 3423 3343 dum
3451 3288 3785 3358 praedicatio—

2189 3380 2272 3434 nis
2293 3392 2487 3432 munus
2514 3376 2748 3441 obimus,
2786 3374 3104 3446 allligimur;
3137 3386 3190 3432 et
3215 3392 3331 3443 vos,
3363 3379 3452 3449 qui
3477 3393 3783 3434 sermonem

2190 3472 2455 3543 excipitis,
2487 3471 2539 3525 in
2569 3469 2758 3527 iisdem
2787 3469 3182 3524 calamitatibus
3212 3472 3497 3526 versamini
3525 3490 3539 3527 ι
3577 3486 3679 3526 nos
3704 3472 3787 3526 vi-

2188 3567 2406 3631 delicet,
2435 3576 2492 3620 ut
2512 3580 2632 3636 qua:
2652 3564 2960 3632 accepimus
2980 3562 3135 3617 vobis
3156 3564 3556 3633 impertiamus;
3583 3579 3702 3630 vos,
3727 3574 3785 3618 ut

2189 3658 2331 3729 quod
2363 3658 2520 3712 datur
2560 3656 2835 3725 accipiatis
2876 3670 2974 3709 nec
3003 3654 3283 3709 amittatis.
3327 3653 3590 3722 Quidnam
3623 3654 3785 3724 igitur

2189 3760 2307 3814 est,
2358 3748 2498 3819 quod
2545 3763 2670 3802 cum
2721 3748 2819 3801 hac
2868 3746 3169 3801 humilitate
3216 3748 3515 3814 comparari
3568 3747 3781 3816 possit;

2189 3843 2386 3910 quippe
2415 3855 2535 3893 cum
2585 3854 2678 3893 eos
2702 3880 2718 3903 ,
2766 3838 2854 3907 qui
2904 3847 3049 3891 tanto
3090 3836 3371 3891 intervallo
3410 3838 3476 3891 ab
3514 3852 3580 3893 eo
3608 3838 3782 3893 dissili

2190 3941 2377 3994 erant,
2424 3930 2476 3985 iu
2508 3928 2751 3986 eamdem
2796 3928 3063 3997 patientia:
3107 3927 3319 3983 laudem
3362 3927 3785 4000 dignitatemque

2190 4021 2492 4078 subvehat"
2526 4020 2694 4091 inquit
2738 4018 2879 4073 enim
2905 4059 2920 4085 ,
2971 4018 3098 4085 Qua:
3136 4029 3376 4090 operatur
3416 4020 3468 4073 in
3514 4020 3786 4076 tolerantia

2190 4112 2478 4171 earumdem
2497 4112 2810 4182 passionum.
2831 4108 3014 4180 Neque
3033 4111 3176 4165 enim
3201 4125 3298 4179 per
3319 4110 3479 4165 fidem
3502 4109 3786 4168 dumtaxat

2189 4207 2336 4261 salus
2363 4205 2514 4259 vobis
2539 4213 2898 4273 comparatur,
2933 4219 3116 4257 verum
3165 4218 3260 4272 pcr
3300 4202 3350 4257 id
3392 4203 3552 4258 etiam
3577 4245 3592 4271 ,
3636 4204 3781 4275 quod

2189 4298 2407 4355 easdem
2439 4311 2573 4367 quas
2598 4310 2697 4352 nos
2726 4296 3060 4351 calamitates
3090 4294 3348 4350 suﬂ‘ertis.

2258 4389 2294 4446 .1
2300 4392 2399 4447 usti
2413 4392 2571 4445 virtus
2594 4392 2646 4443 in
2665 4389 2907 4444 arumnis
2921 4390 3052 4443 lucet
3066 4399 3111 4441 et
3123 4387 3783 4459 angelum—Quemadmo-

2189 4482 2317 4537 dum
2332 4481 2583 4552 egregius
2598 4478 2800 4534 athleta
2818 4478 2889 4534 ob
2910 4479 3252 4549 splendorem
3272 4490 3327 4535 et
3349 4480 3570 4549 probam
3587 4494 3783 4549 corpo—

2192 4575 2269 4630 ris
2289 4573 2680 4638 habitudinem,
2711 4572 2873 4627 etiam
2895 4586 3017 4627 cum
3039 4581 3208 4626 artem
3235 4572 3287 4626 in
3314 4571 3494 4641 seipse
3518 4572 3781 4637 continet,

2193 4666 2441 4722 homines
2470 4664 2523 4719 in
2553 4662 2963 4718 admirationem
2994 4662 3190 4729 trahit;
3217 4672 3272 4717 at
3302 4677 3424 4717 cum
3448 4673 3706 4733 operatur
3728 4673 3783 4717 et

2192 4757 2373 4827 plagas
2409 4755 2614 4826 perfert
2639 4765 2802 4825 atque
2824 4753 3190 4809 adversarium
3222 4752 3379 4818 ferit,
3412 4762 3523 4808 tum
3551 4754 3784 4823 denique

2193 4848 2526 4917 potissimum
2548 4847 2744 4915 elucet,
2777 4848 3027 4917 quoniam
3060 4856 3169 4900 tum
3193 4844 3423 4917 denique
3448 4845 3587 4900 bona
3618 4846 3787 4915 ipsius

2193 4938 2450 4994 habitudo
2479 4938 2585 4992 vim
2616 4952 2766 4991 suam
2798 4938 2999 4991 exserit
3019 4977 3034 5000 ,
3077 4937 3315 5007 artisque
3350 4937 3653 5005 praestantia
3682 4935 3786 4991 de-

2192 5030 2466 5085 claratur:
2499 5028 2688 5083 eodem
2722 5028 2883 5087 modo
2925 5029 3072 5082 salus
3109 5038 3291 5083 nostra
3326 5036 3435 5081 tum
3464 5026 3789 5082 luculentins

2192 5125 2387 5192 agitur,
2412 5121 2514 5175 hoc
2534 5130 2635 5185 est,
2655 5118 2977 5184 ostenditur,
2995 5128 3241 5189 augetur,
3264 5117 3639 5188 ampliﬁcatur,
3658 5132 3786 5173 cum

2199 5215 2393 5268 tolerat
2420 5221 2475 5268 et
2515 5212 2735 5283 patitur,
2764 5226 2828 5265 ac
2864 5218 3056 5266 cuncta
3086 5208 3207 5264 forti
3246 5218 3300 5264 et
3343 5220 3566 5265 strenuo
3604 5211 3793 5265 animo

2197 5309 2360 5360 subit.
2392 5304 2469 5358 Ex
2497 5320 2602 5374 quo
2626 5303 2914 5369 colligitur,
2944 5301 3134 5356 salutis
3163 5300 3433 5372 negotium
3465 5316 3570 5356 non
3598 5301 3651 5356 in
3682 5300 3795 5357 hoc

2195 5396 2491 5449 consistere
2510 5434 2526 5458 ,
2576 5402 2635 5447 ut
2661 5391 2925 5462 quispiam
2954 5390 3118 5444 alium
3149 5390 3292 5446 malo
3319 5390 3549 5455 alliciat,
3594 5389 3688 5444 sed
3731 5403 3797 5447 nt

2196 5486 2310 5555 ipse
2339 5484 2623 5539 afﬁciatur.
2652 5482 2761 5539 Nec
2785 5481 2939 5549 dixit,
2968 5486 3265 5553 ἰκριούσης,
3292 5480 3396 5534 hoc
3419 5486 3528 5543 est,
3558 5493 3677 5548 qua:
3700 5479 3797 5533 cf-

2198 5578 2326 5635 llcit.
2356 5577 2473 5642 sed,
2503 5582 2846 5646 δνιρνουμένης,
2879 5574 2930 5629 id
2953 5583 3058 5640 est,
3081 5588 3201 5644 qua:
3222 5570 3491 5635 efﬁcitur:
3522 5581 3580 5625 ut
3601 5570 3803 5626 videli-

2196 5677 2281 5722 cet
2320 5666 2449 5721 iltnd
2488 5666 2774 5729 ostendat,
2804 5667 2947 5735 quod
2991 5664 3059 5719 ad
3087 5676 3274 5718 eorum
3316 5660 3804 5732 promptitndiuem

2202 5769 2361 5831 atque
2386 5758 2549 5816 animi
2577 5757 2911 5817 alacritatem
2938 5754 3119 5811 divina
3161 5767 3377 5826 quoque
3400 5755 3566 5827 gratia
3594 5752 3807 5826 adjun-
