4028 6222
273 360 374 415 δεῖ

273 477 367 543 μοὶ
400 471 617 545 μείζονα
650 471 893 540 ὄψονται,
940 474 1035 527 καὶ
1074 477 1124 528 οἰ
1154 476 1312 539 πόδες
1346 476 1439 528 ἐπὶ
1474 474 1714 543 νεφελῶν
1746 475 1847 544 ἀρ-

268 564 549 634 θὴσονται,
570 564 664 617 καὶ
686 563 746 616 τὺ
772 564 1219 637 διαφθειρόμενον
1253 567 1412 620 τοῦτο
1448 566 1612 636 σῶμα
1645 564 1849 619 ἀθανα-

267 655 391 708 σίαν
420 655 723 721 ἐνδύσεται,
758 658 851 710 καὶ
878 658 1260 730 λαμπρότερον
1296 658 1388 711 τὸν
1425 659 1542 712 υἱὸν
1574 656 1851 728 ἀπολήψοο

266 762 389 815 μαι.
415 746 477 799 Εἰ
498 746 556 799 δὲ
576 746 739 800 λυπεῖ
759 765 819 801 σε
848 749 916 802 τὰ
943 749 1219 821 ὁρώμενα,
1246 749 1385 812 τέως
1405 750 1528 803 εἰπὲ
1558 749 1697 820 πρὸς
1724 751 1853 803 ἐαυ-

261 837 377 890 τάν·
413 837 651 907 Ἰμάτιον
684 838 839 893 τοῦτό
871 842 1010 905 ἐστι,
1046 841 1143 893 καὶ
1172 839 1506 905 ἀπεδύσατο,
1537 840 1680 894 ὥστε
1716 841 1850 895 αὑτὸ

262 923 719 997 πολυτελέστερον
742 928 1060 981 ἀπολαϐεῖν·
1085 927 1232 981 οἰκία
1255 927 1395 1000 αὕτη
1433 932 1573 992 ἐστὶ,
1604 932 1700 984 καὶ
1724 930 1854 989 καθ-

261 1014 459 1085 ῃρέθη,
490 1015 633 1070 ὥστε
661 1018 916 1086 γενέσθαι
943 1019 1111 1088 αὐτὴν
1154 1018 1537 1092 φαιδροτέραν.
1582 1021 1850 1092 Καθάπρ

258 1104 376 1177 7&9
407 1109 593 1178 ἡμεῖς,
623 1108 845 1162 ἐπειδάν
886 1110 1172 1181 μέλλωμεν
1205 1111 1493 1182 καθαιρεῖν
1518 1112 1716 1176 οἰκίας,
1749 1114 1850 1167 οὑκ

261 1199 501 1269 ἀφίεμεν
526 1200 654 1261 τοὺς
691 1199 840 1253 ἔνδον
866 1202 1150 1269 οἰκοῦντας
1181 1205 1383 1275 μένειν,
1414 1204 1530 1258 ἀλλ’
1557 1203 1697 1259 ὥστε
1740 1208 1847 1259 ἀπ-

261 1288 571 1362 αλλαγῆναι
612 1290 715 1362 τῆς
746 1292 947 1357 κόνεως
987 1296 1083 1348 καὶ
1115 1296 1211 1350 τοῦ
1243 1295 1496 1367 θορύϐου,
1540 1295 1723 1370 [ἀλλὰ]
1757 1314 1849 1350 κε-

260 1380 557 1447 λεύσαντες
610 1386 747 1457 πρὸς
800 1388 979 1457 βραχὺ
1021 1387 1377 1458 μεταστῆναι,
1416 1391 1638 1444 ἐπειδὰν
1678 1408 1848 1445 κατα-

261 1476 621 1545 σκευάσωμεν
651 1477 892 1544 ἀσφαλὲς
920 1478 983 1530 τὸ
1003 1478 1297 1548 δωμάτιον,
1326 1479 1448 1532 τότε
1481 1482 1680 1543 αὑτοὺς
1712 1482 1850 1551 μετά

260 1566 446 1631 ἀδείας
480 1568 798 1638 εἰσάγομεν
850 1568 995 1622 οὕτω
1042 1570 1135 1622 καὶ
1170 1572 1198 1624 ό
1225 1570 1361 1634 Θεὸς
1407 1574 1571 1633 ποιεῖ,
1604 1572 1850 1626 καθελὼν

261 1655 429 1708 αὑτοῦ
450 1655 550 1727 τὴν
572 1655 781 1725 σαθρὰν
808 1660 1035 1728 σκηνὴν,
1066 1659 1205 1721 τέως
1230 1661 1311 1722 εἰς
1332 1659 1430 1729 τὴν
1452 1661 1725 1733 πατρικὴν
1747 1663 1848 1715 αὐ·-

258 1744 353 1798 τὺν
382 1745 573 1799 ἐλαϐεν
600 1746 778 1801 οἰκίαν
808 1748 905 1801 καὶ
931 1747 1067 1818 πρὸς
1092 1749 1304 1813 ἐαυτὸν,
1333 1748 1399 1801 ἵν’
1430 1750 1558 1803 ὅταν
1592 1751 1850 1820 καθαιρε-

258 1835 329 1908 θῇ
363 1834 502 1906 αὕτη
549 1836 645 1891 καὶ
682 1838 1037 1909 οἰκοδομηθῇ,
1087 1838 1483 1911 λαμπροτέραν
1526 1841 1696 1911 αὐτὴν
1724 1841 1847 1893 τότε

256 1905 416 2002 αύτῷ
458 1930 662 2001 ἀποδῷ.
700 1930 791 2002 Μὴ
1074 1905 1265 2005 εἴπῃς,
1309 1905 1396 1985 ὅτι
1440 1905 1713 1986 ’Δπόλώλε
1754 1932 1849 1985 καὶ

257 2022 443 2076 οὐκέτι
488 2022 665 2076 ἔσται’
705 2025 801 2076 καὶ
840 2022 948 2094 γὰρ
994 2023 1241 2077 ἀπίστων
1274 2024 1340 2076 τά
1376 2026 1598 2093 ῥήματα
1650 2024 1845 2076 ταῦτα⁸

256 2111 413 2186 [427]
450 2114 563 2167 ἀλλ’
598 2114 741 2180 εἰπὲ,
773 2114 1043 2168 Καθεύδει
1080 2114 1177 2167 καὶ¹
1210 2114 1597 2184 ἀναστήσεται,
1637 2115 1841 2186 ἀπεδή-

256 2223 404 2277 μησε
428 2207 520 2260 καὶ
543 2206 663 2275 ἡξει
695 2207 833 2276 μετά
855 2205 951 2259 τοῦ
986 2205 1282 2268 Βασιλέως.
1311 2205 1406 2268 Τίς
1435 2205 1608 2257 ταῦτά
1642 2222 1839 2275 φησινς

267 2300 330 2350 ’0
368 2298 459 2351 τὸν
480 2298 715 2367 Χριστὸν
749 2298 889 2368 ἔχων
913 2299 971 2351 ἐν
997 2297 1177 2365 ἐαυτῷ
1196 2296 1483 2351 λαλοῦντα.
1514 2299 1580 2351 Εἰ
1608 2297 1715 2367 γὰρ
1749 2312 1840 2348 πι-

1405 362 1467 415 IN
1511 356 1725 414 EPIST.
1749 358 1791 412 11
1830 358 1919 411 AD
1955 356 2113 413 COR.
2151 356 2386 413 HOMIL.
2430 359 2492 412 11.

3429 365 3535 419 εεε

1954 475 2269 542 στεύομεν,
2292 474 2478 543 φησιν,
2505 473 2593 525 ὅτι
2630 474 2870 539 Ἰησοῦς
2901 475 3164 529 ἀπέθανε
3193 476 3291 530 καί
3308 477 3534 545 ἀνέστη

1953 562 2052 615 καί
2072 563 2303 631 ἔζησεν,
2350 564 2538 629 οὕτως
2568 565 2601 617 ὁ
2634 563 2777 629 Θεὸς
2820 564 2920 617 καί
2965 564 3108 630 τοὺς
3141 567 3536 634 κοιμηθέντας

1954 654 2051 710 διὰ
2082 655 2189 709 τοῦ
2228 654 2434 722 Ἰησοῦ
2487 655 2619 723 ἄξει
2656 639 2778 708 σὺν
2805 654 2987 720 αὐτῷ.
3040 656 3104 709 Εἰ
3136 656 3315 711 τοίνυν
3350 659 3535 729 ζητεῖς

1952 746 2045 799 τὸν
2073 744 2211 809 υἱὸν,
2245 746 2364 798 ἐκεῖ
2405 743 2559 811 ζήτει
2588 744 2720 799 ἔνθα
2752 747 2782 798 δ
2826 746 3109 811 Βασιλεὺς,
3139 745 3266 801 ἔνθα
3319 747 3380 801 τὺ
3425 748 3537 801 τῶν

1953 836 2203 905 ἀγγέλων
2229 836 2611 906 στρατόπεδον*
2641 836 2715 907 μὴ
2741 838 2799 890 ὲν
2831 837 2908 908 τῷ
2928 836 3085 906 τάφῳ
3109 837 3243 908 μηδὲ
3269 839 3327 890 ἐν
3346 840 3414 910 τῇ
3438 841 3536 909 γῇ,

1954 928 2044 981 ῖνα
2074 928 2172 998 μὴ,
2210 928 2423 981 ἐκείνου
2473 928 2726 982 τοσοῦτον
2776 928 3106 997 ὑψωθέντος,
3154 929 3315 993 αὑτὸς
3365 930 3535 1003 μένης

1954 1017 2049 1070 ἐπὶ
2080 1018 2180 1087 τῆς
2212 1018 2315 1087 γῆς
2347 1019 2664 1090 συρόμενος.
2705 1019 2803 1072 ’Δν
2839 1019 3021 1073 τοίνυν
3057 1021 3202 1075 οὕτω
3232 1023 3537 1092 φιλοσοφῶο

1958 1127 2078 1179 μεν,
2103 1110 2286 1164 πᾶσαν
2311 1109 2570 1182 τοιαύτην
2596 1109 2789 1180 ὀδύνην
2809 1110 3049 1176 εὐκόλως
3074 1113 3533 1186 διακρουσόμεθα.

1966 1203 2025 1257 '0
2047 1202 2107 1256 δέ
2133 1202 2266 1266 Θεὸς
2304 1203 2414 1256 τῶν
2452 1204 2756 1276 οἰκτιρμῶν
2799 1204 2893 1257 καὶ
2930 1202 3121 1274 Πατὴρ
3150 1205 3333 1276 πάσης
3358 1222 3540 1276 παρα-

1954 1294 2219 1365 κλήσεως,
2269 1295 2641 1365 παρακαλέσει
2681 1295 2783 1359 τὰς
2816 1294 3046 1364 καρδίας
3090 1284 3311 1350 πάντων
3355 1298 3534 1368 ἡμῶν,

1953 1386 2049 1439 καὶ
2088 1386 2201 1438 τῶν
2246 1384 2317 1438 τὰ
2356 1384 2585 1439 τοιαῦτα
2616 1386 2969 1455 ὀδυνωμένων
2996 1399 3047 1449 ι,
3093 1385 3187 1439 καὶ
3234 1386 3341 1441 τῶν
3370 1388 3537 1461 ἑτέρᾳ

1952 1475 2099 1548 λύπη
2130 1476 2535 1546 κατεχομένων.
2570 1478 2665 1530 καὶ
2716 1475 2955 1546 ἀθυμίας
3005 1475 3385 1546 ἀπαλλαγῆναι
3421 1477 3534 1549 δῴη

1956 1570 2161 1639 πάσης,
2198 1570 2292 1622 καὶ
2326 1569 2704 1639 πνευματικὴν
2740 1566 3139 1639 καρπώσασθαι
3193 1568 3394 1639 χαρὰν,
3436 1567 3535 1622 καὶ

1954 1660 2064 1714 τῶν
2142 1660 2447 1731 μελλόντων
2512 1660 2740 1727 ἀγαθῶν
2806 1661 3084 1729 ἐπιτυχεῖν
3108 1676 3123 1690 ο
3184 1652 3262 1713 ὧν
3326 1660 3535 1729 γίνοιτο

1955 1748 2166 1811 πάντας
2216 1750 2364 1819 ἡμᾶς
2416 1751 2716 1819 ἐπιτυχεῖν,
2771 1748 2956 1819 χάριτι
3004 1748 3101 1801 καὶ
3153 1750 3535 1823 φιλανθρωπίᾳ.

1951 1838 2048 1891 τοῦ
2107 1837 2315 1908 Κυρίου
2381 1838 2542 1910 ἡμῶν
2606 1839 2786 1911 Ἰησοῦ
2844 1840 3108 1911 Χριστοῦ,
3166 1842 3289 1911 μεθ’
3343 1838 3535 1915 οὖλτῷ

1951 1931 2126 2002 Πατρὶ
2181 1933 2297 2001 ἅμα
2340 1931 2418 2002 τῷ
2446 1932 2586 2002 ἁγίῳ
2616 1932 2895 2003 Πνεύματι
2934 1934 3081 2000 δόξα,
3114 1932 3336 2002 κράτος,
3373 1936 3529 2007 τιμὴ,

1950 2023 2045 2075 νῦν
2095 2024 2191 2076 καὶ
2245 2024 2356 2089 ἀεὶ,
2406 2025 2502 2076 καὶ
2551 2025 2632 2087 εἰς
2688 2025 2818 2088 τοὺς
2874 2024 3079 2089 αἰῶνας
3135 2023 3245 2079 τῶν
3296 2024 3528 2080 αἰώνων.

1966 2114 2158 2183 Ἀμήν.

2016 2305 2039 2328 ³
2072 2303 2156 2351 διε.
2168 2340 2181 2363 ,
2216 2305 2544 2365 ὀδυρωμένων.

2039 2497 2469 2505 m

1946 2497 2589 2506 ———-—-———————-—————-———
2600 2497 2997 2505 —————————
3010 2499 3169 2507 ———-—
3178 2497 3519 2506 -——.-

1771 2670 2014 2724 ΟΜΙΛΙΛ
2075 2670 2146 2723 B'.

259 2842 491 2926 [una
514 2842 851 2926 θλιϐόμεθα,
874 2840 1028 2926 ᾗπερ
1058 2840 1171 2909 τῆς
1208 2838 1378 2926 ὑμῶν
1398 2837 1845 2926 παρατευξήσεῳς

333 2914 429 2993 κει
468 2909 787 2996 σφτηρίαςν
816 2909 1407 2996 ξῆς.ένερτευμένῐις
1433 2909 1843 2996 ,έν-ὺπξομ9νῆ

330 2981 449 3035 τῶν
480 2981 678 3035 αὐτῶν
722 2980 1105 3047 παθημάτων,
1141 2979 1229 3030 ὧν
1264 2979 1362 3035 καὶ
1414 2979 1584 3047 ἡμεῖς
1614 2979 1846 3046 πάσχο-

327 3068 459 3122 μενο
488 3052 584 3105 καὶ
619 3052 657 3117 ὴ
686 3050 863 3115 ἐλπὶς
892 3049 1061 3118 ἡμῶν
1077 3050 1297 3113 βεϐαία
1330 3048 1484 3117 ὑπὲρ
1514 3047 1699 3117 ὑμῶν.

332 3213 402 3260 α’.
431 3203 612 3258 Εἰπὼν
646 3205 775 3275 μίαν
806 3204 901 3257 καὶ
932 3203 1155 3275 πρώτην
1172 3202 1573 3273 παρακλήσεως
1604 3202 1698 3254 καὶ
1727 3217 1844 3254 πα-

259 3296 534 3368 ραμυθίας
561 3295 815 3366 ἀφορμὴν
834 3293 995 3364 (αῦτη
1025 3293 1081 3346 δὲ
1110 3290 1178 3365 ἦν
1198 3294 1259 3346 τὸ
1288 3291 1367 3363 τῷ
1398 3292 1623 3364 Χριστῷ
1653 3309 1844 3344 κοινω-

256 3387 413 3458 νεῖν),
444 3386 623 3456 τίθησι
664 3386 758 3439 καὶ
785 3385 1042 3455 δευτέραν
1072 3384 1276 3454 ταύτην
1303 3384 1372 3452 ἡν
1393 3400 1576 3452 φησιν.
1600 3383 1755 3434 Ἐστι
1788 3381 1845 3434 δὲ

256 3478 422 3549 αῦτη,
453 3478 515 3531 τὸ
558 3476 736 3531 αὐτῶν
766 3476 875 3529 τῶν
899 3475 1354 3547 μαθητευομένων
1393 3474 1643 3526 ἐντεῦθεν
1678 3491 1845 3526 κατα-

262 3568 627 3631 σκευάζεσθαι
663 3566 761 3637 τὴν
786 3565 1081 3636 σωτηρίαν.
1124 3564 1216 3633 Μὴ
1250 3563 1429 3633 τοίνυν
1476 3562 1840 3630 καταπέσητε,

259 3661 448 3731 φησὶν,
493 3660 681 3729 ἐπειδὴ
715 3657 1030 3727 θλιὸόμεθα,
1071 3655 1205 3726 μηδὲ
1235 3653 1572 3725 θορυϐηθῆτε
1616 3654 1709 3706 καὶ
1737 3652 1844 3705 δεί-

259 3746 531 3825 σητείκαὶ
562 3750 671 3820 γὰρ
703 3749 770 3802 δι’
799 3748 932 3800 αὐτὸ
963 3746 1123 3800 τοῦτο
1163 3746 1362 3816 μᾶλλον
1400 3744 1465 3798 ἂν
1512 3746 1597 3816 εῖη
1640 3744 1844 3797 δίκαιον

258 3843 405 3913 ὑμᾶς
429 3842 668 3912 θαρρεῖν.
695 3841 756 3893 Εἰ
780 3837 888 3909 γάρ
914 3838 987 3907 μὴ
1010 3836 1356 3905 ἐολιὸόμεθα,
1378 3835 1585 3898 πάντας
1612 3834 1677 3887 ἂν
1702 3835 1844 3904 ὑμᾶς

257 3934 432 3989 ταῦτα
456 3932 728 3985 ἀπώλεσε.
756 3931 884 3991 Πῶς
911 3930 1150 3981 καὶτινα
1174 3928 1376 3999 τρόπον
1398 3943 1413 3991 ;
1448 3927 1569 3978 Ὀτι
1596 3928 1643 3977 εἰ
1679 3924 1846 3995 μαλα-

255 4026 539 4088 κισθέντες
592 4023 686 4076 καὶ
735 4022 804 4073 τά
845 4020 993 4073 δεινά
1040 4020 1338 4083 δείσαντες,
1385 4020 1458 4089 μὴ
1492 4016 1842 4087 ἐκηρύξαμεν

257 4119 391 4186 ὑμῖν
422 4117 511 4169 τὸν
543 4116 720 4183 λόγον,
757 4112 898 4166 ὥστε
946 4111 1139 4181 μαθεῖν
1181 4110 1279 4181 τὴν
1314 4109 1490 4178 ἀληθῆ
1520 4105 1742 4175 γνῶσιν,
1785 4106 1841 4157 ἐν

256 4206 509 4275 ἐσχάτοις
549 4202 617 4274 ἦν
664 4207 734 4258 τά
784 4203 1044 4272 ὑμέτερα.
1088 4197 1242 4265 Εἶδες
1290 4200 1451 4252 πάλιν
1495 4197 1707 4251 Παύλου
1740 4197 1845 4267 τὴν

258 4300 383 4371 βίαν
412 4300 505 4350 καὶ
535 4298 635 4366 τὴν
662 4296 995 4364 φιλονεικίαν
1019 4312 1034 4351 ς
1066 4296 1158 4361 ἀφ’
1186 4288 1261 4345 ὧν
1288 4290 1707 4362 ἐθορυϐοῦντοι,
1735 4287 1844 4340 ἀπὸ

256 4394 462 4447 τούτων
484 4388 681 4450 αὐτοὺς
712 4384 1138 4455 παραμυθεῖται.
1173 4384 1319 4449 ’Ὁσῳ
1346 4383 1455 4449 γὰρ
1481 4380 1545 4431 ἂν
1574 4378 1840 4443 ὲπιτείνη·

257 4502 348 4539 ται
381 4482 449 4535 τὰ
483 4479 591 4533 τῶν
622 4477 883 4547 διωγμῶν
916 4476 1023 4530 τῶν
1054 4473 1357 4546 ἡμετέρων,
1403 4469 1555 4540 φησὶ,
1602 4466 1841 4530 τοσούτῳ

261 4576 465 4648 μᾶλλον
503 4570 797 4627 ἐπιδιδόναι
839 4570 920 4621 δεῖ
945 4570 1013 4621 τά
1044 4567 1144 4636 τῆς
1171 4563 1417 4637 χρηστῆς
1446 4559 1659 4623 ἐλπίδος
1689 4558 1837 4629 ὑμῖψ

257 4663 447 4734 ἐπειδὴ
475 4662 569 4716 καὶ
596 4655 835 4726 τοσούτῳ
869 4655 1067 4725 μᾶλλον
1098 4653 1321 4717 αὔξεται
1349 4652 1420 4705 τά
1442 4653 1543 4721 τῆς
1569 4649 1845 4720 σωτηρίας

256 4754 359 4825 τῆς
380 4754 673 4825 ὑμετέρας,
697 4751 793 4805 καὶ
819 4747 890 4802 τὰ
919 4748 1015 4819 τῆς
1049 4745 1468 4817 παρακλήσεως.
1494 4743 1558 4797 Τί
1592 4742 1702 4812 7&9
1731 4741 1843 4794 ῐσον

258 4844 343 4907 εἰς
373 4843 771 4913 παρακλήσεως
797 4842 956 4910 λόγον
980 4836 1071 4892 τοῦ
1105 4834 1378 4889 τοσούτων
1406 4836 1684 4904 ἐπιτυχεῖν
1709 4835 1845 4900 ἀγα-

260 4932 371 4987 θῶν
400 4932 487 4986 διὰ
514 4929 608 4985 τοῦ
641 4931 1028 5002 κηρύγματος;
1062 4927 1193 4982 Εἶτα
1224 4927 1313 4979 ἵνα
1342 4923 1417 4995 μὴ
1447 4924 1574 4994 δόξῃ
1607 4926 1686 4989 εἰς
1718 4926 1843 4977 ἑαυ-

258 5027 351 5083 τὸν
376 5026 534 5097 μόνον
573 5023 634 5075 τὸ
658 5019 934 5091 ἐγκώμιον
966 5021 1272 5091 περιιστᾷν,
1304 5018 1405 5088 ὅρα
1433 5014 1551 5077 πῶς
1576 5013 1671 5065 καὶ
1702 5014 1845 5067 ἐκεί-

258 5135 387 5180 νους
443 5118 586 5171 ποιεῖ
637 5111 745 5167 τῶν
796 5110 1034 5164 ἐπαίνων
1087 5110 1292 5162 τούτων
1330 5104 1481 5179 [4‘28]
1532 5102 1845 5166 κοινωνούς.

258 5208 448 5265 Εἰπὼν
493 5210 624 5278 γὰρ,
671 5205 809 5261 Ειτε
860 5200 928 5256 δὲ
973 5202 1309 5269 θλιϐόμεθα,
1350 5198 1503 5265 ὑπὲρ
1539 5193 1648 5262 τῆς
1677 5195 1845 5264 ὑμῶν

259 5294 703 5367 παρακλήσεως
736 5294 833 5348 καί
864 5290 1182 5356 σωτηρίας,
1214 5288 1491 5359 ἐπήγαγε,
1528 5282 1649 5352 Τῆς
1678 5284 1831 5350 trap-

260 5388 559 5464 τεθυμένης
579 5386 648 5438 ὲν
672 5381 949 5454 ὑπομονῇ
978 5379 1096 5435 τῶν
1118 5379 1316 5433 αὐτῶν
1340 5376 1722 5464 παθημάτων,
1754 5369 1842 5464 ὧν

262 5462 363 5534 καὶ
389 5475 557 5546 ἡμεῖς
591 5470 927 5540 πάσχομεν.
972 5471 1312 5539 Σαφέστερον
1344 5468 1443 5539 μὲν
1473 5462 1566 5520 οῦν
1596 5462 1729 5518 αὐτὸ
1762 5462 1842 5515 τί-

261 5570 422 5639 θησιν
459 5566 685 5636 ὕστερον
730 5561 904 5628 λίγων
939 5560 1133 5622 οὑτως·
1160 5560 1241 5611 ὅτι
1281 5558 1514 5625 Ὠσπερ
1568 5553 1843 5608 κοινωνοί

331 5750 362 5781 ⁸
384 5748 469 5799 Hs.
494 5752 547 5799 et
579 5760 733 5810 marg.
751 5745 921 5803 Savil.,
949 5742 1269 5806 ἀθορυῦοῦντο.
1300 5739 1427 5789 Εὐίὶί
1450 5735 1725 5801 ἐφοϐοῦντο.

1951 2838 2093 2888 ἐστε
2137 2830 2256 2886 τῶν
2289 2831 2673 2899 παθημάτων,
2737 2834 2891 2885 οὕτω
2943 2833 3039 2886 καὶ
3086 2830 3189 2902 τῆς
3227 2838 3537 2905 παρακλή-

1948 2942 2123 2991 σεως·
2154 2925 2389 2980 ἐνταῦθα
2407 2924 2463 2977 δὲ
2490 2924 2629 2987 τέως
2657 2924 2789 2977 αὐτὸ
2810 2925 3031 2995 ᾐνίξατο
3058 2926 3255 2990 εἰπὼν,
3288 2926 3410 2981 Τῶν
3428 2931 3535 2983 αὐ-

1948 3016 2068 3069 τῶν
2086 3014 2469 3084 παθημάτων,
2508 3015 2602 3067 καὶ
2635 3012 2901 3077 κοινώσας
2928 3014 3020 3067 τὸν
3051 3014 3229 3083 λόγον.
3261 3019 3327 3070 Ὀ
3357 3017 3415 3073 δὲ
3450 3019 3536 3072 λέ-

1949 3126 2057 3176 γει,
2090 3108 2249 3161 τοῦτό
2272 3109 2441 3160 ἐστιν·
2500 3108 2611 3176 Οὐχ
2635 3107 2794 3178 ἡμῶν
2829 3108 2989 3178 ἔργον
3018 3109 3053 3177 ἡ
3084 3107 3327 3179 ὑμετέρα
3355 3127 3533 3181 σωτη-

1950 3203 2044 3273 ρία
2069 3202 2248 3273 μόνον.
2275 3200 2409 3254 ἀλλά
2441 3199 2534 3254 καί
2565 3198 2719 3269 ὑμῶν
2748 3201 2948 3255 αὐτῶν.
2974 3202 3084 3253 Καὶ
3113 3200 3221 3273 γὰρ
3246 3202 3339 3255 καὶ
3373 3202 3534 3272 ἡμεῖς

1948 3293 2310 3364 κηρύττοντες
2346 3291 2662 3361 θλιϐόμεθα,
2706 3289 2800 3342 καὶ
2831 3291 2991 3360 ὑμεῖς
3020 3290 3296 3362 δεχόμενοι
3326 3292 3419 3345 τὸν
3446 3292 3535 3345 λόο

1948 3404 2063 3455 γον,
2108 3388 2177 3440 τὰ
2226 3384 2363 3438 αὑτά
2413 3383 2672 3453 πάσχετε·
2722 3383 2886 3451 ἡμεῖς
2934 3383 3052 3457 μὲν,
3082 3382 3169 3436 ῖνα
3214 3381 3534 3453 μεταδῶμιν

1949 3479 2092 3549 ἆπερ
2125 3476 2413 3546 ἐλάθομενο
2452 3476 2612 3544 ὑμεῖς
2655 3473 2735 3537 δὲ,
2770 3472 2857 3525 ἵνα
2893 3472 2954 3524 τὸ
2982 3472 3257 3543 διδόμενον
3283 3473 3528 3542 δέξησθε,

1950 3571 2043 3624 καὶ
2072 3570 2147 3641 μὴ
2176 3569 2508 3639 ἀποϐάλητε.
2539 3567 2604 3619 Τί
2638 3567 2815 3621 τοίνυν
2843 3564 2957 3619 ἴσον
2982 3565 3083 3634 τῆς
3109 3566 3536 3638 ταπεινοφροσύ-

1950 3680 2047 3731 νης
2084 3659 2291 3728 ταύτης
2314 3659 2511 3725 γένοιτ’
2544 3658 2632 3722 ἀν,
2661 3657 2789 3709 ὅταν
2812 3657 2907 3709 καὶ
2937 3656 3062 3719 τοὺς
3085 3655 3337 3709 τοσοῦτον
3362 3657 3530 3711 αὐτοῦ

1946 3752 2294 3814 ἀποδέοντας,
2318 3752 2399 3812 εἰς
2423 3749 2484 3802 τὸ
2507 3749 2636 3801 αὐτὸ
2658 3748 2877 3816 ἀξίωμα
2896 3750 2995 3816 τῆς
3018 3748 3296 3817 ὑπομονῆς
3322 3749 3531 3819 ἀνάγῃ;

1950 3844 2070 3912 Τῆς
2098 3841 2534 3913 ἐνεργουμένης
2578 3840 2707 3911 γὰρ,
2753 3839 2939 3908 φησὶν,
2974 3840 3044 3892 ἐν
3090 3838 3373 3907 ὑπομονῇ
3417 3839 3531 3893 τῶν

1946 3935 2143 3989 αὐτῶν
2166 3933 2548 4001 παθημάτων.
2571 3933 2645 3985 Οὑ
2682 3931 2790 4000 γὰρ
2819 3928 2910 3982 διὰ
2934 3929 3028 3982 τοῦ
3057 3929 3347 3984 πιστεῦσαι
3375 3932 3535 4001 μόνον

1946 4031 1980 4098 ἡ
2034 4026 2278 4094 σωτηρία
2309 4025 2463 4093 ὑμῶν
2492 4024 2724 4091 γίνεται,
2760 4022 2897 4077 ἀλλά
2926 4024 3021 4076 καὶ
3047 4021 3135 4077 διὰ
3168 4021 3263 4074 τοῦ
3303 4024 3533 4094 πάσχειν

1946 4119 2016 4171 τὰ
2050 4116 2190 4171 αὑτά
2218 4117 2351 4185 ἡμῖν
2384 4115 2477 4167 καὶ
2507 4114 2819 4182 ὑπομένειν.

2014 4275 2283 4346 Καθάπερ
2312 4273 2421 4344 γάρ
2452 4271 2902 4344 παγκρατιαστὴς
2926 4270 3241 4342 θαυμαστὸς
3267 4271 3369 4342 μὲν
3392 4272 3531 4331 1ἐστι.

1951 4366 2045 4419 καὶ
2072 4364 2399 4433 φαινόμενος
2433 4364 2527 4415 καὶ
2561 4362 2799 4415 εὐεκτῶν
2832 4362 2925 4416 καὶ
2954 4366 3053 4432 τὴν
3081 4362 3273 4433 τέχνην
3306 4360 3445 4433 ἔχων
3476 4364 3533 4415 ἐν

1944 4453 2151 4522 ἐαυτῷ,
2182 4453 2311 4505 ὅταν
2340 4452 2396 4504 δὲ
2432 4454 2632 4521 ἐνεργῇ
2665 4454 2760 4503 καὶ
2786 4452 2927 4520 φέρῃ
2956 4452 3169 4520 πληγάς
3201 4454 3295 4504 καὶ
3322 4453 3531 4523 πλήττῃ

1942 4546 2035 4599 τὸν
2059 4542 2373 4607 ἀντίπαλον,
2402 4542 2525 4593 τότε
2564 4539 2798 4611 μάλιστα
2840 4539 3179 4610 ἀπολάμπει,
3215 4540 3401 4610 ἐπειδὴ
3438 4544 3533 4595 καὶ

1942 4637 2066 4690 τότε
2100 4635 2335 4705 μάλιστα
2368 4633 2671 4703 ἐνεργεῖται
2715 4628 2879 4683 αὑτοῦ
2912 4630 2945 4700 ἡ
2981 4628 3184 4696 εὐεξία,
3215 4630 3310 4683 καὶ
3334 4629 3533 4683 διαδεί-

1946 4748 2137 4785 κνυται
2162 4730 2264 4799 τῆς
2296 4729 2490 4798 τέχνης
2526 4728 2558 4796 ἠ
2591 4724 2807 4793 δοκιμήο
2835 4721 2981 4777 οὕτω
3008 4723 3072 4794 δὴ
3100 4723 3193 4778 καὶ
3217 4725 3251 4795 ἡ
3286 4723 3531 4794 σωτηρία

1946 4822 2099 4892 ὑμῶν
2128 4820 2250 4872 τότε
2286 4819 2591 4889 ἐνεργεῖται
2621 4813 2903 4884 μειζόνως,
2938 4814 3203 4877 τουτέστι,
3235 4813 3528 4877 δείκνυται,

1945 4910 2191 4977 αὒξεται,
2221 4911 2572 4972 ἐπιτείνεται,
2598 4907 2727 4960 ὅταν
2750 4906 3030 4978 ὑπομονὴν
3052 4904 3170 4977 ἔχῃ.
3196 4906 3324 4958 ὅταν
3346 4906 3530 4976 πάσχῃ

1947 5006 2040 5057 καὶ
2061 5002 2322 5071 γενναίως
2351 5001 2565 5055 ᾶπαντα
2590 4997 2752 5069 φέρῃ.
2783 5000 2929 5069 ’Δρα
2950 4997 3203 5067 ἐνέργεια
3230 4994 3527 5066 σωτηρίας,

1947 5098 2006 5150 οὑ
2036 5096 2095 5147 τὸ
2124 5096 2297 5147 ποιεῖν
2320 5092 2528 5155 κακῶς,
2552 5089 2689 5143 ἀλλά
2713 5089 2773 5141 τὸ
2802 5090 3031 5159 πάσχειν
3052 5086 3258 5151 κακῶς.
3293 5087 3404 5141 Καὶ
3431 5086 3533 5141 οὑν.

1949 5188 2090 5251 εἷπε,
2115 5186 2228 5255 Τῆς
2247 5182 2597 5257 ἐνεργούσης,
2615 5180 2772 5245 ἀλλά,
2796 5180 2911 5249 Τῆς
2936 5179 3397 5250 ἐνεργουμένης,
3423 5178 3531 5232 δει-

1949 5281 2081 5341 κνὺς
2126 5279 2207 5331 ὃτι
2256 5276 2396 5347 μετά
2440 5275 2539 5346 τῆς
2588 5272 2768 5327 αὑτῶν
2812 5270 3119 5343 προθυμίας
3157 5271 3250 5323 καὶ
3293 5271 3327 5339 ἡ
3368 5267 3531 5340 χάρις

1945 5366 2114 5420 πολλὰ
2142 5367 2425 5434 εἰσέφερεν
2470 5360 2771 5433 ἐνεργοῦσα
2809 5362 2866 5414 ἰν
2908 5358 3112 5422 αὐτοῖς.
3142 5356 3255 5414 Καί
3281 5359 3320 5427 η
3351 5357 3531 5424 “sic
3626 5362 3633 5370 “

1947 5456 2115 5527 ἡμῶν
2132 5456 2353 5520 βεϐαία
2382 5454 2534 5522 ὑπὲρ
2557 5450 2745 5521 ὑμῶν.
2779 5448 3091 5516 Τουτάστιν,
3110 5451 3194 5503 δτι
3216 5448 3335 5503 Κάν
3359 5447 3533 5520 μυρία

1949 5548 2197 5617 πάσχητε
2234 5546 2407 5611 δεινὰ,
2450 5542 2763 5614 θαρροῦμεν
2808 5541 2890 5594 ὅτι
2922 5540 2985 5594 οὑ
3025 5541 3527 5613 περιτραπὴσεσυε,

1948 5640 2071 5694 οὑτε
2107 5638 2197 5691 ἐπὶ
2220 5640 2331 5700 τοῖς
2365 5636 2651 5708 ὑμετέροις
2681 5634 2961 5703 διωγμοῖς.
2992 5632 3259 5690 Τοσοῦτον
3289 5632 3398 5705 7&9
3420 5634 3531 5691 ἀπ·-

1952 5736 2146 5806 ἐχομεν
2175 5736 2501 5789 ὑποπτεύειν
2532 5730 2696 5800 ὑμᾶς,
2724 5728 2811 5798 ιφ*
2834 5721 2915 5791 οἷς
2940 5726 3093 5782 αὑτοὶ
3127 5726 3425 5797 πάσχομεν,
3454 5724 3532 5791 ώς
