4028 6222
229 431 333 486 5⁷αό

222 562 341 607 cta.
371 548 565 604 multas
587 546 841 601 utilitates
864 542 1154 608 aﬂ‘erebat,
1185 538 1312 596 dum
1342 538 1395 594 in
1424 539 1528 595 illis
1551 552 1808 609 operare-

223 653 332 698 tur.
362 640 429 695 Et
445 656 560 710 spes
578 647 752 693 nostra
772 637 922 706 ﬁrma
941 644 1014 689 est
1036 650 1127 702 pro
1153 632 1308 687 vobis.
1333 630 1445 686 Hoc
1468 638 1571 697 est,
1598 628 1806 684 etiamsi

222 735 535 789 innumeras
563 744 742 785 rerum
785 725 1108 782 acerbitates
1137 721 1509 794 perpetiamini
1530 760 1547 787 ,
1577 718 1807 775 conlidi-

220 841 347 881 mus
376 834 552 880 tamen
576 822 694 878 fore
711 864 726 888 ,
758 830 818 876 ut
844 835 920 877 ne
940 818 1010 875 ob
1036 827 1243 874 vestras
1270 813 1483 885 quidem
1513 826 1807 883 persequu-

220 921 397 973 tiones
438 915 757 972 concidatis.
803 913 1031 970 Tantum
1072 912 1217 966 enim
1262 908 1448 975 abest,
1500 913 1557 960 ut
1603 902 1808 960 sinistri

218 1014 505 1083 quicquam
538 1011 608 1066 de
631 1008 785 1066 vobis
823 1008 894 1063 ob
927 1022 993 1063 ea
1027 1020 1145 1076 quae
1183 1002 1417 1074 patimur
1441 1000 1804 1071 suspicemur,

221 1115 280 1159 ut
307 1120 428 1161 cum
459 1104 561 1175 ipsi
593 1100 1003 1173 periclitamini,
1050 1106 1162 1152 tum
1192 1110 1405 1167 quoque
1444 1093 1587 1149 bono
1628 1093 1807 1146 animo

218 1200 409 1252 simus.
440 1195 606 1251 Vides
628 1203 885 1266 quantum
910 1191 986 1245 illi
1014 1205 1079 1245 ex
1106 1188 1285 1259 priore
1310 1185 1535 1256 epistola
1560 1183 1805 1255 profece-

220 1289 368 1343 rint?
398 1289 610 1345 Etenim
645 1287 815 1342 multo
843 1285 1045 1354 majora
1076 1282 1207 1352 ipsis
1236 1295 1334 1351 pro
1373 1280 1681 1335 testimonio
1711 1276 1807 1332 tri-

216 1380 337 1436 buit
354 1423 369 1448 ,
396 1396 556 1452 quam
582 1378 987 1445 Macedonibus,
1015 1389 1154 1446 quos
1175 1382 1351 1429 tamen
1387 1372 1583 1441 alioqui
1606 1372 1804 1442 passim

218 1490 317 1544 per
348 1484 513 1530 totam
534 1473 817 1543 epistolam
837 1469 1083 1524 laudibus
1108 1467 1265 1522 tollit.
1294 1465 1426 1519 Nam
1453 1464 1662 1519 illorum
1685 1463 1806 1533 qui-

216 1566 341 1620 dem
368 1581 526 1620 causa
554 1566 606 1619 in
637 1572 779 1617 metu
808 1568 951 1626 erat,
983 1566 1143 1629 atque
1185 1555 1364 1612 aiebat
1395 1574 1407 1609 :
1443 1555 1681 1609 Misimus
1710 1569 1801 1608 vo-

217 1660 293 1712 bis
325 1656 641 1711 Timotheum
669 1652 737 1705 ad
760 1649 1137 1719 conﬁrmandos
1158 1663 1245 1702 vos
1269 1656 1317 1701 et
1344 1645 1683 1701 exhortandos
1712 1659 1803 1713 pro

214 1751 322 1816 ﬁde
360 1757 547 1813 vestra,
580 1756 634 1801 ut
662 1761 808 1799 nemo
838 1753 1098 1798 moveatur
1136 1742 1190 1795 in
1222 1737 1627 1793 tribulationibus
1656 1737 1803 1800 istis;

213 1842 314 1911 ipsi
341 1842 474 1894 enim
501 1840 640 1894 scitis
664 1838 801 1908 quod
832 1838 884 1891 in
911 1837 1005 1891 hoc
1036 1834 1191 1905 positi
1215 1849 1389 1887 sumus
1423 1832 1500 1902 (1.
1533 1829 1709 1885 Thess.
1747 1830 1799 1885 3.

210 1933 250 1986 2
296 1933 350 2001 ’5)
377 1954 387 1983 :
418 1946 482 1986 ac
502 1946 726 1985 rursus:
757 1928 1041 1999 Propterea
1070 1935 1117 1981 et
1146 1942 1236 1997 ego
1261 1924 1481 1994 amplius
1515 1938 1615 1976 non
1646 1922 1801 1975 susti-

212 2042 371 2089 nens,
417 2024 531 2077 misi
567 2024 634 2076 ad
672 2021 1073 2091 cognoscendam
1101 2018 1254 2087 ﬁdem
1294 2027 1507 2070 vestram
1529 2056 1543 2079 ,
1574 2030 1637 2068 ne
1673 2017 1804 2082 forte

210 2118 471 2171 tentaverit
512 2132 598 2169 vos
630 2116 674 2169 is
707 2116 793 2186 qui
833 2124 987 2168 tentat
1008 2153 1022 2177 ,
1064 2122 1111 2165 et
1137 2112 1303 2165 inanis
1332 2111 1423 2179 ﬁat
1457 2110 1601 2162 labor
1634 2117 1803 2161 noster

210 2208 375 2276 (Ibid.
406 2224 453 2261 υ.
479 2207 559 2277 5).
590 2207 663 2261 De
690 2206 771 2259 his
796 2213 971 2259 autem
1010 2205 1081 2257 nil
1112 2203 1217 2256 tale
1244 2202 1498 2271 loquitur,
1523 2199 1616 2254 sed
1644 2201 1801 2269 plane

208 2310 396 2353 contra
422 2314 436 2349 :
473 2298 604 2366 Spes
629 2307 802 2351 nostra
829 2297 977 2365 firma
1012 2302 1083 2347 est
1112 2309 1203 2361 pro
1236 2293 1393 2346 vobis.
1422 2291 1541 2346 Sive
1566 2290 1801 2343 consola-

209 2407 347 2451 mur,
382 2406 475 2457 pro
516 2399 679 2443 uestra
723 2387 1065 2442 consolatione
1107 2395 1152 2439 et
1194 2385 1392 2449 salute;
1433 2385 1640 2437 scientes
1665 2378 1797 2452 quod

206 2482 339 2533 sicut
368 2481 485 2534 estis
514 2481 640 2533 socii
668 2480 982 2548 passionum,
1004 2479 1078 2531 ita
1096 2478 1237 2531 eritis
1260 2476 1639 2530 consolationis.
1664 2474 1798 2529 Nam

207 2573 351 2641 quod
383 2587 568 2627 eorum
605 2587 764 2626 causa
800 2570 1028 2639 apostoli
1070 2577 1464 2638 premerentur,
1497 2566 1581 2621 his
1622 2566 1799 2621 verbis

207 2663 495 2725 indicavit,
530 2663 648 2717 Sive
691 2663 1015 2725 tribulamur,
1050 2676 1143 2728 pro
1180 2668 1342 2712 vestra
1370 2658 1712 2711 consolatione
1750 2667 1799 2709 et

206 2755 391 2806 salute.
428 2752 549 2805 Vult
574 2754 699 2805 item
722 2749 1033 2813 ostendere,
1062 2748 1202 2818 quod
1234 2763 1421 2801 eorum
1450 2748 1608 2800 etiam
1637 2762 1797 2801 causa

203 2843 576 2899 consolatione
601 2842 964 2896 afficerentur.
989 2841 1163 2910 Atque
1185 2840 1287 2893 hoc
1308 2839 1522 2909 quidem
1551 2839 1799 2907 superius

203 2949 421 3003 quoque
451 2932 622 2999 dixit,
667 2933 881 2987 tametsi
928 2931 1202 2985 indeﬁnite
1234 2946 1246 2981 :
1282 2928 1579 2983 Benedictus
1614 2927 1756 2983 enim
1778 2968 1796 2994 ,

205 3024 400 3092 inquit,
430 3021 571 3076 Deus
598 3023 684 3091 qui
713 3022 1007 3077 consolatur
1028 3037 1117 3074 nos
1139 3021 1188 3073 in
1213 3020 1349 3073 omni
1370 3020 1708 3083 tribulatione,
1741 3028 1797 3071 ut

203 3118 458 3187 possimus
493 3126 540 3170 et
576 3118 677 3186 ipsi
714 3115 967 3170 consolari
1008 3131 1122 3177 eos,
1172 3113 1258 3182 qui
1287 3114 1339 3165 in
1382 3114 1519 3165 omni
1562 3128 1798 3182 pressura

200 3218 344 3261 sunt.
370 3208 457 3260 Ait
479 3221 663 3260 rursus
687 3206 826 3260 idem
856 3205 957 3258 hoc
978 3219 1188 3273 quoque
1217 3203 1337 3257 loco
1358 3203 1613 3270 apertius,
1637 3210 1797 3270 atque

199 3300 269 3353 ad
298 3315 483 3353 eorum
505 3299 713 3353 animos
734 3297 1001 3353 curandos
1028 3297 1296 3352 efﬁcacius
1322 3314 1335 3348 :
1368 3296 1487 3350 Sive
1508 3295 1648 3350 enim
1674 3310 1796 3347 con-

201 3392 449 3447 solamur.
484 3391 682 3459 inquit,
714 3406 806 3459 pro
828 3399 990 3443 uestra
1019 3388 1383 3442 consolatione.
1411 3386 1647 3454 Quorum
1676 3400 1795 3440 ver-

202 3484 394 3536 borum
428 3481 515 3535 hic
543 3495 734 3537 sensus
768 3490 851 3536 est
875 3499 888 3535 :
916 3478 1228 3535 Consolatio
1258 3487 1469 3545 nostra,
1500 3476 1797 3531 consolatio

201 3582 380 3627 vestra
408 3573 639 3638 exsistit,
674 3572 885 3627 etiamsi
909 3586 1002 3625 vos
1026 3571 1247 3623 minime
1277 3584 1527 3623 sermone
1552 3567 1796 3623 console-

201 3681 343 3719 mur.
394 3663 524 3717 Nam
568 3663 611 3718 si
648 3664 863 3732 paulum
904 3662 1003 3731 ipsi
1046 3660 1409 3729 reSpiremus,
1454 3659 1505 3712 id
1547 3658 1697 3713 vobis
1726 3657 1792 3712 ad

199 3755 623 3809 consolationem
655 3754 786 3807 satis
813 3760 932 3816 est;
962 3766 1027 3805 ac
1052 3752 1097 3805 si
1130 3766 1227 3805 nos
1257 3749 1788 3829 solatioafticiamur,

201 3848 254 3900 in
289 3846 709 3899 consolationem
736 3853 970 3898 vestram
1000 3842 1101 3897 hoc
1141 3842 1301 3897 cedit.
1331 3839 1789 3906 Quemadmodum

199 3938 347 3992 enim
394 3936 729 3991 calamitates
766 3944 979 3989 nostras
1029 3942 1235 3988 vestras
1283 3947 1402 3987 esse
1447 3931 1681 3986 ducitis:
1715 3931 1791 3985 sic

198 4032 363 4084 etiam
398 4040 635 4083 nostram
665 4028 1085 4083 consolationem
1115 4034 1345 4081 vestram
1383 4041 1506 4081 esse
1534 4025 1788 4079 censetis.

196 4122 382 4189 Neque
425 4123 563 4175 enim
591 4131 772 4187 certe,
802 4136 921 4175 cum
954 4120 1006 4173 in
1038 4118 1278 4173 adversis
1305 4118 1466 4173 rebus
1498 4116 1625 4171 socii
1658 4114 1789 4169 mihi

196 4215 317 4267 sitis
341 4254 356 4277 ,
388 4212 439 4265 in
468 4213 602 4267 laetis
630 4213 755 4266 item
785 4226 848 4266 ac
872 4209 1124 4266 secundis
1153 4210 1285 4264 socii
1308 4226 1413 4264 non
1440 4209 1608 4264 eritis.
1643 4207 1788 4274 Quo-

196 4309 343 4358 circa
373 4319 491 4356 cum
520 4304 570 4356 in
593 4302 839 4357 omnibus
871 4302 1031 4355 rebus
1061 4300 1237 4356 socios
1265 4316 1358 4355 vos
1391 4300 1635 4363 habeam,
1661 4308 1713 4352 et
1735 4300 1785 4351 in

197 4398 544 4451 tribulatione
572 4406 626 4450 et
653 4397 702 4449 in
726 4396 1115 4460 consolatione,
1147 4410 1251 4448 non
1282 4403 1366 4448 est
1394 4393 1535 4461 quod
1568 4410 1653 4448 me
1684 4395 1782 4447 litt-

191 4492 350 4559 jnsce
383 4488 645 4542 tarditatis
673 4504 734 4541 ac
766 4503 930 4541 mora:
961 4487 1177 4541 nomine
1203 4486 1464 4540 accusetis
1490 4501 1503 4539 ε
1536 4500 1657 4538 nam
1694 4499 1787 4553 pro

196 4580 354 4633 vobis
401 4579 708 4648 affligimur,
753 4588 807 4633 et
845 4587 1063 4649 propter
1089 4593 1186 4631 vos
1224 4576 1590 4632 consiilatione
1624 4576 1787 4630 allici-

196 4687 339 4724 mnr.
374 4670 448 4723 Ne
478 4670 599 4739 quis
624 4671 765 4723 enim
789 4684 951 4738 grave
975 4683 1039 4723 ac
1069 4669 1354 4722 molestum
1385 4668 1434 4721 id
1458 4682 1577 4721 esse
1598 4666 1784 4721 existi-

196 4771 389 4825 maret,
425 4760 565 4827 quod
597 4760 825 4824 dixerat,
854 4760 1079 4829 Propter
1107 4776 1203 4815 vos
1231 4762 1344 4815 haec
1373 4760 1623 4829 patimur,
1657 4758 1784 4813 illud

193 4856 362 4907 etiam
399 4853 573 4918 addit,
603 4854 672 4908 Et
705 4862 923 4923 propter
953 4867 1049 4908 vos
1088 4853 1459 4908 consolatione
1485 4852 1780 4915 al‘ﬁcimur;

191 4960 258 4999 ac
290 4961 357 4999 ne
387 4961 484 5000 nos
502 4946 716 5015 quidem
745 4946 847 5001 soli
888 4945 1273 5016 periclitamur,
1301 4959 1420 4998 cum
1446 4944 1546 5014 ipsi
1573 4960 1785 5014 quoque

192 5039 248 5092 in
280 5036 589 5092 earumdem
620 5036 981 5091 calamitatum
1010 5043 1217 5105 partem
1248 5035 1495 5089 veniatis.

265 5127 303 5180 2
350 5127 531 5197 Itaque
551 5137 663 5183 tum
684 5142 750 5183 ex
781 5142 847 5182 eo
871 5125 1012 5197 quod
1035 5126 1399 5196 periculorum
1433 5125 1612 5181 socios
1638 5141 1783 5195 ipsos

178 5207 506 5286 assumpsit,
534 5229 644 5274 tum
667 5234 733 5276 ex
758 5234 823 5275 eo
853 5216 997 5289 quod
1022 5216 1409 5273 consolationis
1435 5232 1543 5271 sua:
1565 5231 1781 5271 causam

194 5310 328 5379 ipsis
366 5307 653 5375 adscribit,
684 5310 984 5366 orationem
1028 5308 1176 5365 lenit.
1208 5308 1288 5362 Ac
1319 5316 1598 5376 propterea
1623 5348 1637 5371 ,
1669 5310 1781 5361 sive

194 5400 406 5456 insidiis
426 5407 764 5468 appetamur,
795 5401 951 5456 firmo
972 5402 1157 5456 animo
1182 5408 1388 5465 estote;
1418 5414 1538 5454 nam
1570 5408 1627 5452 ut
1649 5399 1781 5455 fides

190 5506 374 5549 vestra
404 5493 520 5562 plus
546 5491 754 5547 roboris
776 5493 991 5562 colligat
1011 5534 1029 5558 ,
1060 5493 1167 5549 hoc
1194 5493 1461 5563 patimur;
1490 5491 1605 5545 sive
1634 5490 1780 5544 sola-

196 5588 328 5639 tium
374 5584 701 5655 accipimus,
756 5581 858 5638 hoc
906 5598 1123 5655 quoque
1176 5587 1393 5642 nomine
1438 5583 1737 5655 gloriamini
1762 5573 1791 5637 τ’

196 5691 320 5730 nam
356 5685 577 5746 propter
603 5689 701 5730 vos
730 5686 795 5728 eo
825 5672 1082 5740 fruimur,
1113 5684 1169 5729 ut
1192 5675 1317 5732 hinc
1338 5676 1501 5731 etiam
1528 5674 1778 5731 consola—

196 5766 361 5821 tionis
405 5766 649 5823 nonnihil
698 5765 767 5821 ad
800 5779 895 5821 vos
924 5763 1143 5829 redeat,
1182 5766 1309 5820 dum
1352 5767 1551 5821 laxtitia:
1582 5774 1779 5821 nostra:

194 5858 481 5931 participes
503 5862 653 5920 estis.
681 5864 851 5931 Atque
879 5868 934 5916 ut
964 5856 1241 5927 intelligas
1266 5860 1407 5931 quod
1433 5860 1497 5917 de
1522 5859 1623 5918 hoc
1650 5874 1780 5917 cou-

1324 425 1390 480 ΙΝ
1418 421 1629 477 EPIST.
1672 420 1712 474 ll
1781 417 1871 474 AD
1908 420 2063 476 COll.
2105 422 2333 479 llOMIL.
2374 424 2436 480 ll.

3399 431 3503 491 sai

1917 536 2199 594 solationis
2226 542 2387 594 modo
2419 556 2557 596 nunc
2589 540 2834 612 loquatur
2854 586 2870 612 ,
2901 560 3060 614 quem
3091 553 3143 617 ip
3172 563 3205 603 e
3234 552 3500 621 percipie-

1914 627 2043 695 bat,
2087 644 2193 684 non
2225 628 2351 685 hinc
2398 640 2601 687 tantum
2645 634 2788 703 quod
2835 636 3206 694 consolatione
3247 640 3318 696 ab
3365 642 3499 711 ipsis

1913 720 2254 790 afﬁceretur,
2288 738 2477 779 verum
2507 725 2667 780 etiam
2710 727 2832 797 quia
2882 743 2978 784 eos
3002 729 3070 785 ab
3112 730 3403 791 afﬂictione
3430 736 3497 790 li-

1914 810 2070 866 beros
2098 826 2219 867 esse
2241 814 2580 886 intelligeret,
2605 816 2727 872 audi
2750 834 2869 889 quae
2888 819 3141 893 deinceps
3160 835 3491 895 sequuntur.

1914 918 2008 973 per
2036 920 2154 975 quae
2183 904 2284 961 hoc
2319 919 2505 978 aperte
2528 909 2857 979 declaravit,
2888 928 3009 969 cum
3052 914 3218 983 dixit,
3262 916 3494 975 Scientes

1911 994 2046 1062 quod
2071 995 2201 1050 sicut
2236 998 2363 1052 socii
2389 1001 2506 1053 estis
2548 1002 2882 1070 passionum,
2908 1008 2981 1059 ita
3009 1006 3148 1062 eritis
3174 1016 3221 1061 et
3251 1011 3490 1065 consola-

1914 1086 2081 1141 tionis.
2103 1088 2254 1144 Sieut
2274 1091 2437 1158 enim,
2462 1106 2583 1146 cum
2610 1108 2711 1149 nos
2732 1097 3205 1167 persequutionem
3234 1101 3487 1171 patimur.

1910 1194 2007 1235 vos
2037 1181 2260 1251 perinde
2288 1181 2481 1239 doletis
2510 1200 2573 1240 ac
2603 1187 2646 1240 si
2680 1186 2780 1257 ipsi
2810 1202 2930 1243 eam
2956 1189 3208 1247 subiretis
3232 1208 3245 1246 :
3277 1192 3355 1249 sic
3381 1210 3487 1249 non

1911 1270 2249 1339 dubitamus,
2281 1274 2406 1345 quin
2426 1316 2441 1341 ,
2484 1291 2604 1331 cum
2651 1278 2902 1333 solatium
2947 1281 3272 1353 accipimus,
3300 1299 3398 1340 vos
3426 1300 3496 1341 eo

1913 1360 2010 1415 frui
2042 1365 2380 1421 existimetis.
2410 1366 2548 1433 Quid
2581 1367 2685 1423 hoc
2713 1369 2896 1425 animo
2922 1369 3181 1428 humilius
3207 1372 3334 1445 fingi
3367 1390 3494 1445 pos-

1911 1454 2018 1508 sit?
2040 1456 2236 1525 quippe
2280 1459 2369 1527 qui
2416 1458 2666 1528 periculis
2697 1469 2845 1515 tanto
2890 1478 2984 1517 eos
3010 1462 3296 1519 intervallo
3323 1480 3491 1537 supe-

1911 1560 2037 1599 rans
2056 1589 2069 1609 ,
2102 1547 2279 1605 socios
2309 1558 2486 1605 tamen
2514 1565 2609 1606 eos
2632 1563 2821 1619 vocat,
2854 1555 2943 1623 qui
2971 1567 3039 1611 ne
3068 1556 3341 1613 minimam
3372 1561 3492 1629 qni-

1910 1634 2032 1690 dem
2048 1652 2231 1693 eorum
2252 1653 2454 1710 partem
2471 1645 2843 1713 sustinebant;
2864 1646 2918 1703 in
2935 1650 3300 1707 consolatione
3312 1663 3489 1709 autem

1909 1728 2213 1783 universam
2242 1731 2371 1800 ipsis
2395 1748 2610 1791 causam
2632 1776 2647 1801 ,
2685 1753 2791 1791 non
2821 1738 2935 1793 suis
2962 1742 3237 1799 laboribus
3280 1744 3487 1802 adscri-

1908 1819 2004 1875 bit.
2044 1822 2242 1878 Deinde
2267 1828 2517 1895 quoniam
2556 1826 2623 1885 de
2648 1828 3028 1889 afflictionibus
3066 1839 3363 1906 generatim
3406 1840 3489 1895 lo-

1908 1913 2200 1982 qucbatur,
2244 1916 2356 1985 jam
2401 1918 2577 1974 locum
2620 1935 2830 1991 quoquc
2878 1934 3091 1989 narrat,
3139 1926 3193 1982 in
3234 1944 3341 1999 quo
3368 1929 3489 1986 hate

1908 2016 2195 2073 perpessus
2237 2006 2326 2061 sit.
2356 2007 2408 2063 8.
2462 2008 2585 2064 Non
2629 2013 2761 2065 enim
2806 2013 3035 2070 volumus
3082 2033 3168 2073 vos
3210 2020 3483 2091 ignorare,

1907 2098 2089 2164 fratres
2111 2138 2125 2159 ,
2167 2096 2229 2151 de
2272 2098 2593 2156 tribulatione
2636 2112 2808 2159 nostra
2835 2121 2946 2175 quin
2993 2107 3132 2177 facta
3159 2120 3230 2165 est
3260 2112 3400 2168 nobis
3430 2115 3487 2169 in

1906 2186 2047 2239 Asia.
2080 2186 2233 2254 Haec,
2265 2189 2469 2261 inquit,
2499 2192 2699 2250 idcirco
2727 2195 2985 2266 dicimus,
3017 2214 3084 2256 ne
3113 2215 3174 2256 ea
3195 2244 3210 2269 ,
3232 2218 3352 2274 quae
3386 2220 3485 2261 no-

1906 2276 1988 2331 bis
2034 2278 2375 2347 aectderunt,
2428 2283 2705 2355 ignoretis.
2755 2288 3028 2359 Siquidem
3060 2309 3239 2351 rerum
3271 2308 3483 2355 suosua-

1904 2381 2023 2461 rum
2061 2379 2256 2424 statum
2286 2374 2437 2428 vobis
2484 2378 2823 2445 exploratum
2867 2396 2988 2438 esse
3016 2386 3294 2456 cupimus,
3326 2399 3486 2461 atque

1904 2456 1956 2510 id
1986 2473 2197 2513 summo
2223 2462 2402 2517 studio
2432 2480 2683 2523 curamus
2709 2488 2721 2522 :
2749 2472 2892 2541 quod
2939 2475 3155 2545 quidem
3192 2456 3483 2538 masimism

1904 2556 1986 2602 est
2010 2548 2316 2607 dilectionis
2341 2568 2736 2624 argumentum.
2771 2561 2883 2618 lloc
2908 2575 3088 2621 autem
3122 2569 3175 2624 in
3205 2573 3487 2642 superiore

1904 2654 2115 2710 quoque
2141 2644 2367 2711 epistola
2398 2647 2478 2701 his
2504 2651 2681 2705 verbis
2714 2652 2861 2721 prius
2887 2656 3253 2727 signiﬁcaret:
3284 2662 3483 2721 Ostium

1903 2732 2028 2784 mihi
2053 2746 2287 2801 apertum
2306 2747 2378 2791 est
2404 2755 2643 2810 magnum
2664 2752 2709 2797 et
2734 2744 2953 2811 evidens,
2978 2758 3020 2802 et
3043 2750 3321 2808 adversarii
3346 2759 3485 2811 mul-

1904 2820 1942 2871 ti
1967 2819 2165 2891 Ephesi
2197 2824 2216 2897 (
2235 2827 2285 2882 l.
2328 2827 2445 2884 Cor.
2480 2831 2568 2886 16.
2597 2830 2684 2905 9).
2716 2834 2841 2890 ﬂare
2871 2836 3027 2907 igitur
3056 2839 3123 2895 -in
3169 2847 3483 2903 memoriam

1902 2908 2032 3005 ipsis
2062 2913 2342 3005 redigens,
2390 2928 2552 2990 atque
2596 2939 2876 2992 exponens
2917 2943 3034 2999 quae
3064 2933 3339 3003 subierat,
3370 2939 3482 3005 ait,

1903 2999 2038 3055 Nolo
2069 3004 2221 3059 vobis
2254 3008 2489 3077 ignotam
2520 3028 2640 3068 esse
2671 3014 3015 3075 afﬁictionem
3048 3038 3167 3078 eam
3198 2999 3333 3097 qum
3356 2999 3484 3085 mihi

1903 3092 1955 3149 in
1981 3096 2106 3191 asia
2127 3100 2365 3170 contigit.
2391 3102 2540 3169 Quod
2566 3108 2727 3163 etiam
2754 3110 2951 3180 ipsum,
2975 3130 3097 3170 cum
3124 3117 3190 3172 ad
3214 3092 3486 3191 Ephesios

1901 3189 2197 3256 scriberet,
2246 3192 2472 3248 dicebat.
2520 3196 2651 3251 Nam
2682 3215 2802 3255 cum
2849 3203 3139 3274 Tychieum
3167 3210 3234 3265 ad
3260 3189 3356 3269 eos
3386 3217 3489 3271 mi-

1900 3280 2093 3347 sisset,
2122 3283 2259 3339 hanc
2288 3288 2385 3356 ipsi
2424 3288 2769 3358 profectionis
2796 3309 3011 3352 causam
3042 3297 3207 3358 fuisse
3236 3318 3478 3363 commc-

1901 3383 2074 3473 morat
2099 3391 2111 3426 :
2148 3376 2373 3446 ideoque
2400 3382 2612 3439 diccbat
2637 3403 2649 3438 :
2686 3384 2753 3441 Ut
2780 3400 2947 3443 autent
2987 3393 3155 3448 sciatis
3182 3406 3228 3449 et
3258 3414 3340 3454 vos
3369 3418 3483 3469 quin

1899 3471 2034 3563 circa
2061 3482 2138 3519 me
2158 3478 2303 3532 sunt,
2328 3471 2449 3538 quid
2467 3476 2688 3542 faciam,
2714 3480 2884 3532 omnia
2907 3482 3044 3537 vobis
3064 3496 3186 3539 nota
3207 3490 3354 3558 faciet
3383 3492 3485 3563 Τυ-

1899 3554 2090 3621 chicus,
2122 3560 2411 3614 carissimus
2439 3568 2599 3633 frater
2621 3577 2669 3621 et
2690 3569 2857 3630 ﬁdelis
2883 3574 3112 3630 minister
3136 3579 3187 3631 in
3207 3554 3447 3640 homine
3468 3633 3479 3641 .

1898 3663 2043 3747 quem
2090 3650 2206 3703 misi
2248 3654 2314 3705 ad
2358 3669 2442 3709 vos
2470 3658 2522 3711 in
2575 3659 2667 3713 hoc
2696 3662 2883 3731 ipsum,
2929 3678 2981 3719 ut
3012 3676 3325 3738 cognoscatis
3369 3694 3482 3747 qtae

1898 3754 2032 3837 circa
2058 3757 2148 3793 nos
2191 3756 2328 3809 sunt,
2357 3759 2402 3800 et
2433 3753 2723 3806 consoletur
2752 3758 2907 3811 corda
2955 3772 3116 3816 vestra
3149 3764 3383 3837 (Ephes.
3423 3772 3481 3829 6.

1897 3827 1984 3924 si.
2015 3829 2230 3924 22)._tn
2261 3836 2379 3890 aliis
2429 3856 2641 3909 quoque
2694 3847 2936 3913 epistolis
2979 3851 3080 3907 hoc
3112 3827 3287 3924 ipsum
3332 3827 3479 3919 facit.

1896 3917 2079 3989 Neque
2119 3922 2169 3977 id
2216 3938 2669 3995 supervacaneum
2700 3946 2815 4002 est,
2865 3940 2958 3994 sed
3016 3917 3268 4014 perquam
3315 3917 3475 4009 etiam

1897 4015 2297 4111 necessarium:
2352 4021 2544 4087 partim
2599 4024 2667 4079 ob
2717 4025 2989 4103 ipgentem
3040 4035 3316 4094 caritatem
3372 4058 3479 4111 qua

1897 4102 2188 4174 discipulos
2214 4112 2639 4181 prosequebatur
2659 4158 2673 4183 ,
2709 4102 2900 4187 partim
2931 4124 3000 4177 ob
3028 4127 3269 4184 assiduas
3308 4102 3479 4188 tenta-

1899 4194 2109 4263 tiones,
2140 4197 2190 4251 in
2244 4200 2438 4268 quibus
2491 4219 2777 4276 permagna
2820 4212 3117 4267 consolatio
3165 4229 3297 4286 erat,
3328 4238 3478 4276 com-

1899 4295 2103 4353 pertum
2138 4288 2334 4344 habere
2360 4307 2587 4359 quonam
2610 4305 2749 4351 statu
2772 4309 2995 4371 utraque
3024 4320 3084 4357 ex
3118 4319 3268 4373 parte
3297 4327 3383 4367 res
3412 4328 3472 4370 se

1896 4375 2155 4433 haberent
2180 4399 2191 4433 :
2227 4397 2331 4449 quo
2357 4384 2628 4451 nimirum,
2660 4389 2703 4442 si
2738 4391 2917 4447 tristes
2939 4405 2992 4448 et
3020 4398 3228 4453 acerba:
3252 4415 3434 4459 essent
3458 4448 3472 4471 ,

1895 4468 1959 4522 ad
1992 4485 2081 4523 eas
2125 4472 2468 4541 perferendas
2513 4494 2571 4533 se
2612 4494 3018 4553 compararent,
3056 4500 3214 4559 atque
3244 4494 3297 4548 in
3328 4468 3480 4553 solli-

1895 4563 2133 4618 citudine
2157 4567 2531 4639 cautioresque
2559 4584 2771 4640 essent;
2813 4578 2894 4631 sin
2926 4589 3105 4638 autem
3136 4583 3272 4641 hunc
3300 4604 3362 4645 ac
3389 4591 3474 4660 ju-

1894 4653 2104 4720 cundte,
2134 4657 2292 4713 simul
2317 4658 2631 4729 gauderent.
2662 4664 2929 4723 Caeterum
2953 4671 3051 4726 hoc
3083 4673 3201 4731 loco
3226 4688 3276 4734 et
3307 4653 3473 4739 tenta-

1894 4745 2093 4841 tionum
2129 4747 2484 4805 invectionem
2506 4792 2521 4818 ,
2551 4763 2606 4809 et
2634 4771 2739 4825 quo
2765 4768 2920 4827 pacto
2963 4761 3045 4816 his
3071 4764 3326 4825 liberatus
3365 4775 3472 4841 sit,

1894 4837 2051 4891 simul
2078 4841 2316 4908 exponit.
2349 4842 2604 4909 Quoniam
2629 4864 2787 4918 supra
2826 4853 3030 4908 modum
3059 4861 3254 4927 gravati
3302 4837 3481 4922 sumus

1893 4944 2049 4998 supra
2080 4933 2349 5026 virtutem;
2380 4950 2487 4991 non
2526 4952 2681 4995 secus
2710 4942 2961 5001 videlicet
2986 4963 3049 5004 ac
3077 4952 3226 5009 navis
3265 4955 3475 5026 aliqua,

1891 5036 2013 5113 quae
2041 5024 2187 5092 gravi
2240 5026 2470 5095 quodam
2502 5044 2668 5087 onere
2709 5033 3058 5108 demergitur.
3106 5042 3281 5113 Atque
3310 5024 3473 5106 unam

1891 5112 2105 5181 quidem
2137 5125 2189 5170 et
2213 5118 2455 5174 eamdem
2484 5136 2597 5178 rem
2630 5123 2714 5179 his
2744 5128 2922 5182 verbis
2967 5112 3267 5200 intelligere
3310 5137 3465 5195 vide-

1894 5215 1977 5259 tur
1996 5247 2009 5272 ,
2039 5222 2160 5262 cum
2189 5209 2357 5277 dixit,
2394 5210 2571 5283 Supra
2596 5218 2801 5272 modum
2820 5258 2835 5285 ,
2869 5229 2958 5286 et,
2989 5221 3165 5290 Supra
3201 5225 3437 5286 uirtutem
3455 5250 3475 5299 ,-

1896 5313 2000 5351 non
2036 5308 2210 5355 tamen
2245 5318 2347 5356 una
2372 5313 2492 5372 est,
2525 5306 2621 5361 sed
2651 5308 2791 5364 dum.
2821 5310 3032 5365 Etenim
3061 5328 3129 5367 ne
3155 5316 3276 5385 quis
3304 5320 3472 5385 dicat.

1890 5391 2031 5455 Quid
2057 5395 2199 5450 enim
2220 5436 2239 5462 ,
2266 5400 2312 5451 si
2334 5412 2495 5467 supra
2522 5399 2736 5456 modum
2765 5402 2978 5471 quidem
3002 5414 3118 5460 erat
3146 5410 3469 5479 periculum.

1888 5489 2040 5544 vobis
2070 5498 2245 5544 autem
2276 5505 2382 5551 non
2410 5506 2659 5561 magnum
2683 5492 2841 5548 erat?
2866 5493 3071 5552 idcirco
3098 5501 3369 5569 subdidit,
3402 5502 3473 5560 Et

1890 5594 2141 5651 magnum
2163 5589 2283 5635 erat
2302 5591 2357 5637 et
2377 5582 2521 5639 vires
2548 5592 2759 5638 nostras
2783 5586 3097 5656 superabat,
3118 5598 3278 5660 atque
3299 5607 3472 5663 usque

1889 5671 2025 5727 adeo
2068 5672 2387 5741 superabat,
2421 5681 2480 5729 ut
2507 5672 2669 5728 etiam
2716 5672 2899 5733 vivere
2947 5693 3047 5735 nos
3078 5678 3337 5735 taederet:
3371 5683 3472 5740 hoc

1888 5774 2007 5830 est,
2034 5764 2229 5821 nullam
2268 5780 2420 5836 spem
2445 5774 2499 5821 et
2527 5766 2980 5835 exspectationem
3023 5768 3347 5827 haberemus
3372 5788 3475 5830 nos

1895 5857 2126 5932 amplius
2153 5858 2408 5917 victuros.
2452 5858 2507 5916 ω
2560 5859 2702 5932 quod
2735 5860 2901 5921 David
2945 5863 3232 5922 inferorum
3264 5876 3467 5937 portas.
