4028 6222
549 368 655 422 595

556 493 622 533 ac
651 486 836 550 partus
867 476 1081 531 d0lurCS
1104 517 1116 531 .
1148 485 1201 529 et
1233 475 1423 529 mortis
1456 474 1703 528 umbram
1736 471 2004 542 appellat,
2036 471 2139 526 hoc

559 570 808 623 nimirum
828 567 923 622 hic
952 583 1164 638 quoque
1191 566 1392 621 Paulus
1422 564 1588 629 dicit,
1620 562 1898 634 Ejusmodi
1925 562 2136 632 pericuc

557 662 661 716 ltun
706 642 999 727 subiimusi,
1042 659 1187 730 quod
1237 657 1461 713 omnino
1505 656 1735 712 mortem
1786 654 2003 710 aﬂ'erret
2032 694 2046 707 .
2078 652 2133 708 9.

554 753 661 809 Sed
688 754 788 823 ipsi
815 756 870 806 in
896 751 1038 806 nobis
1066 736 1189 821 ipsis
1216 766 1515 821 responsum
1548 748 1723 801 mortis
1755 747 2052 812 habuimus,
2081 754 2138 797 ut

553 862 650 900 non
680 846 839 898 simus
888 844 1100 912 ﬁdentes
1126 844 1179 895 in
1229 841 1370 895 nobis
1390 881 1407 905 ,
1434 839 1521 894 sed
1551 840 1605 892 in
1634 836 1743 892 Deo
1789 838 1874 906 qui
1926 836 2137 889 suscitat

551 947 794 990 mortuos.
820 934 957 1003 Quid
985 944 1068 990 est
1085 976 1098 998 ,
1134 934 1451 1003 Responsum
1473 930 1648 984 mortis
1672 928 1983 982 habuimus?
2003 926 2137 982 Sen-

550 1026 770 1081 tentiam
794 1067 809 1090 ,
835 1023 1132 1092 judicium,
1164 1023 1640 1092 exspectationem.
1669 1018 1855 1073 Talem
1883 1018 2025 1072 enim
2048 1030 2135 1071 res

551 1118 681 1188 ipsa:
723 1131 908 1170 vocem
951 1115 1266 1177 mittebant,
1310 1113 1415 1167 tale
1463 1125 1782 1180 responsum
1834 1109 2033 1164 dabant
2072 1123 2133 1163 ea

550 1224 666 1277 quae
696 1215 1019 1271 evenerant,
1057 1221 1253 1275 nempe
1275 1205 1419 1275 quod
1450 1202 1753 1258 certissime
1784 1201 2026 1255 morituri
2048 1215 2139 1254 es-

549 1314 748 1355 semus.
784 1300 978 1353 Verum
1016 1297 1067 1351 id
1101 1311 1268 1366 usque
1297 1295 1362 1349 ad
1411 1310 1524 1351 rem
1554 1295 1723 1363 ipsam
1754 1292 1974 1347 minimc
2007 1306 2133 1361 pro-

547 1392 735 1454 cessit,
795 1392 889 1445 sed
942 1391 1078 1443 intra
1132 1388 1493 1455 suspicionem
1559 1395 1799 1440 nostram
1866 1384 2125 1439 substitit.

547 1484 874 1551 Quamquam
907 1481 1046 1533 enim
1080 1494 1259 1533 rerum
1288 1486 1473 1529 natura
1507 1477 1607 1529 hoc
1654 1474 2129 1544 pronuntiaverat,

547 1582 724 1627 tamen
772 1572 863 1624 Dei
911 1574 1142 1639 potentia
1184 1570 1504 1623 sententiam
1556 1569 1606 1620 in
1656 1581 1790 1635 Opus
1833 1565 1982 1620 exire
2024 1580 2129 1619 non

547 1677 703 1734 passa
731 1670 834 1727 est,
864 1661 957 1716 sed
989 1662 1040 1715 in
1067 1662 1182 1715 sola
1213 1669 1395 1713 nostra
1419 1660 1743 1729 cogitatione
1768 1667 1930 1727 atque
1956 1658 2007 1711 in
2033 1672 2129 1711 ex-

545 1754 876 1824 spectatione
908 1754 1008 1809 IIOC
1037 1755 1353 1823 contingere
1403 1754 1645 1823 permisit
1682 1771 1695 1805 :
1746 1752 1976 1822 ideoque
2020 1752 2129 1818 ait,

546 1845 612 1901 In
654 1847 796 1901 nobis
828 1847 954 1916 ipsis
996 1862 1293 1915 responsum
1322 1846 1497 1898 mortis
1525 1844 1824 1910 habuimus,
1860 1860 1965 1896 non
1990 1845 2043 1896 in
2074 1860 2133 1898 re

544 1939 819 2008 ipsa.yCur
845 1948 1023 1992 autem
1051 1948 1254 1991 tantum
1285 1936 1581 2005 periculum
1610 1936 1765 1989 nobis
1795 1935 1970 1990 creari
2002 1926 2130 2004 per-

544 2030 779 2095 miserit,
810 2038 868 2082 ut
898 2030 1019 2082 vita:
1045 2043 1168 2095 spes
1198 2028 1374 2080 omnis
1402 2027 1557 2080 nobis
1584 2037 1769 2095 erepta
1799 2028 1980 2081 esset?
2008 2024 2091 2080 Ne
2111 2067 2127 2091 ,

544 2123 750 2192 inquit,
783 2122 997 2190 ﬁdentes
1024 2121 1180 2173 simus
1206 2120 1260 2172 in
1287 2120 1428 2171 nobis
1448 2160 1460 2182 ,
1492 2121 1580 2171 sed
1607 2120 1658 2171 in
1690 2118 1817 2172 Deo.

613 2214 669 2267 5.
694 2213 788 2267 His
824 2222 1001 2267 autem
1030 2211 1207 2265 verbis
1242 2212 1437 2265 Paulus
1463 2252 1478 2277 ,
1508 2226 1613 2264 non
1648 2213 1787 2281 quod
1820 2212 1931 2282 ipse
1962 2213 2033 2267 ita
2055 2213 2133 2267 af-

545 2305 715 2359 fectus
741 2313 917 2367 esset,
953 2304 1091 2357 absit
1114 2303 1217 2357 hoc
1242 2345 1254 2366 ,
1295 2303 1391 2357 sed
1425 2312 1481 2357 ut
1509 2304 1643 2357 alios
1682 2320 1775 2374 per
1799 2319 1883 2370 ea,
1914 2320 2032 2374 qua:
2062 2305 2131 2359 de

544 2396 725 2463 seipso
753 2394 986 2461 diccbat,
1014 2395 1335 2458 instituerel,
1370 2396 1631 2464 simulque
1660 2397 1821 2450 etiam
1854 2396 2130 2451 modestia:

542 2486 723 2541 studio
743 2485 957 2551 ductus,
982 2487 1231 2540 utebatur
1261 2504 1273 2538 :
1300 2486 1733 2556 quandoquidem
1763 2488 1815 2541 in
1846 2502 2129 2556 progressu

541 2594 754 2649 quoque
780 2580 875 2644 ait,
925 2577 1093 2632 Datus
1128 2588 1201 2632 est
1244 2579 1369 2631 mihi
1416 2578 1650 2632 stimulus
1677 2580 1845 2632 carnis
1898 2580 1974 2649 (2.
2009 2579 2125 2634 Cor.

540 2670 631 2725 ιε.
659 2671 760 2741 ι7),
809 2670 913 2725 hoc
957 2678 1060 2733 est,
1112 2670 1458 2737 teutationes,
1488 2678 1547 2724 ut
1581 2685 1648 2724 ne
1677 2671 1929 2725 extollar.
1968 2672 2129 2741 Atqui

538 2762 681 2816 Deus
712 2778 816 2815 non
848 2760 971 2815 ideo
1012 2776 1072 2815 se
1102 2761 1415 2830 permisisse
1440 2761 1533 2826 ait,
1564 2760 1657 2816 sed
1680 2763 1900 2817 alteram
1924 2763 1993 2817 ob
2012 2777 2130 2817 cau-

533 2871 675 2910 sam.
721 2854 890 2923 Quam
944 2854 1211 2910 tandem?
1264 2854 1521 2909 Nimirum
1571 2864 1628 2908 ut
1677 2856 1844 2925 ipsius
1888 2858 2126 2928 potentia

538 2948 707 3017 magis
734 2948 971 3002 cluceret
1000 2966 1012 3001 :
1038 2946 1237 3017 Sufﬁcit
1264 2948 1409 3002 enim
1434 2947 1538 3011 tibi,
1572 2947 1762 3017 inquit,
1793 2949 1959 3018 gratia
1980 2964 2127 3012 mea;

540 3054 658 3092 nam
687 3039 844 3093 virtus
887 3053 996 3092 mea
1041 3039 1092 3091 in
1124 3040 1419 3105 inﬁrmitate
1458 3039 1723 3109 per/icitur
1756 3037 1918 3111 (Ibid.
1951 3054 1999 3092 υ.
2044 3040 2124 3109 7).

538 3129 736 3186 Verum
761 3169 777 3196 ,
809 3138 867 3183 ιιι
906 3144 936 3182 a
970 3144 1054 3183 me
1097 3129 1298 3183 dictum
1339 3139 1442 3197 est,
1492 3145 1754 3199 nusquam
1783 3144 1961 3183 mores
1998 3145 2127 3184 suos

535 3223 889 3286 obliviscitur,
923 3222 1157 3291 seipsum
1190 3222 1329 3276 inter
1358 3237 1487 3289 eos,
1527 3225 1617 3291 qui
1644 3223 1806 3292 longe
1842 3221 2125 3277 inferiores

535 3325 691 3371 erant
726 3329 791 3368 ac
830 3313 996 3368 multa
1036 3314 1317 3380 disciplina
1348 3322 1405 3367 et
1436 3314 1773 3367 correctione
1796 3326 1933 3381 Opus
1962 3312 2127 3368 habe-

535 3410 685 3474 bant,
737 3420 1052 3463 accensens.
1104 3402 1235 3458 Nam
1294 3405 1513 3475 alioqui,
1564 3419 1685 3459 cum
1733 3404 1803 3459 ad
1848 3404 2123 3460 meliorem

538 3509 772 3554 mentem
796 3495 1127 3553 revocandos
1154 3497 1315 3551 etiam
1339 3497 1589 3567 vulgares
1609 3496 1877 3565 homines,
1909 3513 2012 3551 una
2034 3508 2127 3553 aut

533 3596 699 3649 altera
766 3591 989 3647 tentatio
1043 3599 1224 3645 coorta
1280 3590 1569 3654 sufﬁciat;
1618 3606 1851 3660 quonam
1910 3590 2122 3646 tandem

534 3686 695 3739 modo
719 3684 784 3751 is,
811 3682 899 3753 qui
927 3696 1089 3752 supra
1131 3683 1388 3736 mortales
1418 3696 1607 3736 omnes
1634 3681 1987 3737 humilitatem
2029 3698 2125 3752 per

534 3790 749 3830 onmem
788 3775 911 3829 vitae
958 3789 1172 3829 cursum
1203 3773 1465 3839 coluerat,
1500 3773 1758 3842 pluraque
1783 3789 1944 3843 quam
1975 3775 2126 3841 quis-

535 3884 694 3937 quam
724 3867 857 3921 alius
887 3881 1168 3936 perpessus
1207 3865 1398 3925 fuerat,
1434 3872 1555 3932 post
1582 3873 1660 3916 tot
1693 3879 1863 3917 annos
1888 3880 1952 3918 ac
1977 3864 2123 3918 caelis

533 3961 748 4029 dignam
778 3956 1189 4027 pltilosOpbiam,
1205 3954 1305 4010 hac
1326 3953 1692 4009 admonitione
1715 3969 1848 4023 opus
1864 3954 2123 4010 haberet?

543 4051 617 4106 Ex
647 4065 753 4122 quo
780 4049 1122 4120 perspicuum
1151 4047 1280 4102 illud
1325 4058 1407 4102 est
1428 4089 1445 4114 ,
1477 4062 1599 4102 cum
1638 4049 1740 4103 hoc
1778 4047 1898 4104 loco
1928 4046 2122 4118 partim

539 4144 812 4201 modestia:
839 4144 1038 4207 studio,
1068 4142 1258 4213 partim
1282 4151 1467 4207 uteos,
1498 4143 1586 4212 qui
1616 4141 1682 4197 de
1704 4142 1897 4212 seipsis
1918 4143 2122 4209 magni-

537 4237 634 4292 tice
660 4236 962 4292 sentiebant
990 4244 1149 4304 atque
1187 4242 1499 4301 arroganter
1529 4248 1587 4285 se
1609 4234 1903 4301 jactabant,
1937 4234 2119 4301 depri-

536 4337 710 4381 meret
731 4342 793 4379 ac
821 4334 1120 4389 coerceret,
1155 4324 1237 4377 bis
1276 4324 1455 4377 verbis
1497 4339 1650 4376 usum
1677 4324 1841 4378 fuisse
1862 4364 1875 4389 ,
1922 4323 1989 4378 Ut
2019 4342 2118 4377 non

533 4421 691 4471 simus
723 4417 933 4486 ﬁdentes
960 4417 1013 4469 in
1043 4416 1205 4479 nobis,
1234 4415 1323 4468 sed
1348 4415 1402 4468 in
1431 4413 1555 4468 Deo.
1591 4417 1666 4469 Ac
1692 4415 1810 4469 vide
1850 4416 2121 4484 quomodo

538 4512 638 4565 hac
678 4524 888 4581 quoque
916 4509 1124 4563 ratione
1164 4508 1372 4562 animos
1412 4522 1600 4563 eorum
1636 4506 1877 4561 deliuist.
1922 4506 2120 4562 Tenta-

533 4607 709 4660 tiones
736 4606 878 4659 enim
904 4646 918 4669 ,
950 4602 1159 4673 inquit,
1192 4610 1369 4656 vestra
1395 4616 1554 4656 causa
1588 4599 1741 4654 nobis
1772 4600 1955 4655 inferri
1994 4616 2118 4670 per-

533 4699 713 4753 missa:
737 4708 893 4761 sunt;
924 4706 1069 4749 tanto
1097 4695 1147 4748 iu
1173 4696 1346 4765 pretio
1372 4709 1467 4748 vos
1498 4695 1637 4749 Deus
1664 4693 1825 4749 habet
1855 4713 1868 4746 :
1898 4694 1963 4750 Si
1986 4696 2121 4749 enim

529 4790 834 4844 tributamur
852 4830 868 4853 ,
899 4787 1092 4857 inquit,
1122 4802 1215 4856 pro
1243 4796 1407 4838 vestra
1445 4786 1792 4840 consolatione
1821 4795 1866 4840 et
1905 4786 2071 4839 salute
2100 4802 2119 4839 :

532 4890 588 4935 at
634 4879 917 4934 immodica
975 4878 1336 4931 calamitatum
1393 4877 1703 4946 magnitudo
1756 4888 1974 4948 pr0pter
2017 4893 2118 4932 nos

530 4972 752 5042 contigit
774 5012 790 5038 ,
836 4986 902 5025 ne
949 4968 1230 5039 magniﬁce
1262 4970 1555 5023 sentiamus
1589 4987 1601 5022 :
1635 4970 1774 5023 Nam
1807 4987 1964 5040 supra
1990 4972 2117 5023 vires

528 5063 788 5137 aggravati
819 5079 1011 5127 sumus,
1042 5070 1095 5112 ut
1125 5077 1187 5113 ne
1216 5060 1425 5128 ﬁdentes
1455 5063 1613 5115 simus
1640 5064 1693 5115 in
1717 5063 2009 5129 nobisipsis,
2029 5063 2116 5116 sed

516 5160 579 5211 in
607 5156 714 5211 Deo
750 5156 839 5226 qni
867 5154 1075 5208 suscitat
1115 5161 1358 5205 mortuos.
1390 5152 1596 5207 Rursus
1624 5153 1924 5207 doctrinam
1945 5152 2013 5206 de
2034 5169 2117 5208 re-

526 5250 878 5313 surrectione,
908 5246 976 5301 de
1001 5261 1106 5313 qua
1135 5254 1212 5299 tot
1242 5245 1295 5297 in
1321 5245 1486 5313 priori
1521 5245 1747 5313 epistola
1784 5246 1945 5299 verba
1974 5244 2115 5298 fece-

524 5350 631 5403 rat,
672 5340 726 5393 in
766 5337 1080 5392 memoriam
1124 5334 1252 5404 ipsis
1291 5343 1539 5398 revocat,
1583 5343 1746 5402 atque
1774 5349 1805 5385 a
1834 5334 2116 5403 praesenti-

524 5434 626 5487 bus
645 5430 807 5486 rebus
851 5430 903 5484 ei
944 5428 1106 5483 ﬁdem
1131 5424 1403 5481 adstruit:
1437 5422 1581 5478 unde
1605 5424 1767 5477 etiam
1812 5422 2109 5491 subjunxit,

521 5524 612 5580 10.
645 5522 745 5587 Qui
766 5522 830 5575 de
856 5522 1009 5575 tantis
1056 5519 1299 5573 mortibus
1323 5532 1414 5571 nos
1438 5515 1648 5585 eripuit.
1680 5513 1796 5569 Non
1833 5513 1997 5581 dixit,
2029 5514 2110 5568 Ex

523 5626 600 5672 tot
626 5616 878 5687 periculis
911 5632 923 5668 :
954 5628 1061 5684 quo
1088 5613 1247 5667 simul
1272 5620 1327 5667 et
1348 5606 1738 5668 intolerandam
1759 5606 2106 5659 tentationum

522 5708 865 5763 acerbitatem
905 5704 1175 5770 ostendat,
1206 5713 1261 5758 et
1287 5702 1436 5756 illum
1467 5713 1625 5768 quem
1658 5697 1767 5751 dixi
1800 5712 2103 5753 sermonem

525 5794 821 5853 conﬁrmet.
870 5798 1127 5865 Quoniam
1165 5796 1339 5850 futura
1373 5808 1459 5848 res
1492 5802 1604 5850 erat
1635 5790 1960 5847 resurrectio
1982 5830 1995 5857 ,
2028 5790 2107 5844 id-

1261 362 1319 418 S.
1357 359 1635 417 JOANNIS
1672 357 2143 415 CHRYSOSTOMI
2180 358 2495 414 AllClllEP.
2534 360 3064 421 CONSTANTINOP.
3735 371 3824 427 896

2245 472 2389 526 circo
2415 469 2556 528 hanc
2584 476 2822 543 quotidie
2847 476 2962 533 ﬁeri
2989 480 3243 535 ostendit.
3268 480 3404 537 Nam
3427 497 3551 538 cum
3577 483 3721 540 Deus
3740 485 3827 541 bo—

2247 563 2471 628 minem,
2500 562 2570 620 de
2597 581 2704 635 quo
2732 583 2858 637 spes
2882 570 3065 624 omnis
3086 570 3197 640 jam
3223 572 3433 642 abjecta
3460 583 3597 641 erat,
3639 577 3825 647 quique

2244 652 2310 708 ad
2338 655 2479 724 ipsas
2503 671 2672 726 usque
2704 660 2891 713 mortis
2934 670 3120 732 portas
3142 674 3479 731 accesserat,
3508 666 3563 721 in
3603 668 3825 724 sublime

2246 756 2481 824 revoCat,
2525 746 2657 801 nihil
2704 748 2849 803 aliud
2893 766 3053 819 quam
3103 755 3517 810 resurrectionis
3562 758 3822 827 specimen

2246 838 2478 907 pra-bet,
2510 839 2577 895 ab
2606 840 2736 910 ipsis
2767 843 2956 897 mortis
2984 843 3227 900 faucibus
3247 862 3371 901 eum
3410 848 3711 915 retrahens,
3741 849 3825 920 qui

2244 931 2297 984 in
2344 947 2436 987 eas
2482 932 2761 988 inciderat.
2814 934 2932 1001 Quo
2974 938 3134 991 etiam
3174 938 3253 1005 ﬁt,
3307 948 3365 993 ut
3414 940 3481 995 de
3507 940 3710 1005 multis,
3738 943 3824 1011 qui

2242 1038 2362 1077 cum
2393 1023 2461 1076 ab
2485 1024 2734 1079 omnibus
2756 1025 3021 1095 deplorati
3044 1028 3263 1095 fuerint,
3287 1045 3352 1084 ac
3371 1029 3569 1086 deinde
3586 1047 3655 1087 ex
3682 1018 3825 1102 gravi

2242 1114 2430 1169 morbo
2450 1122 2540 1169 aut
2562 1116 2913 1172 intolerandis
2932 1118 3246 1187 quibusdam
3266 1123 3649 1177 tentatiouibus
3665 1138 3826 1179 emer-

2241 1205 2432 1271 serint,
2465 1206 2596 1261 illud
2638 1210 2881 1278 usurpari
2925 1210 3141 1265 soleat:
3174 1211 3504 1267 Murtuornm
3554 1230 3823 1271 resurreeo

2242 1296 2437 1349 tionem
2488 1297 2539 1350 in
2571 1297 2674 1351 boc
2718 1298 2937 1355 homine
2979 1301 3232 1356 vidimus.
3264 1302 3329 1356 In
3373 1321 3520 1373 quem
3566 1316 3825 1375 speramus

2238 1391 2476 1457 quoniam
2505 1400 2554 1445 et
2582 1392 2751 1446 adhuc
2774 1394 2985 1468 eripiet,
3026 1396 3113 1451 H.
3138 1396 3499 1467 adjuvantibus
3521 1399 3673 1451 etiam
3695 1399 3825 1453 nobis

2238 1480 2290 1532 in
2330 1483 2556 1535 oratione
2603 1500 2695 1552 pro
2726 1484 2868 1538 nobis
2897 1500 2917 1538 :
2946 1495 2999 1539 ut
3029 1502 3093 1539 ea:
3122 1487 3398 1541 multorum
3432 1492 3659 1556 personis
3695 1490 3820 1558 ejus,

2237 1589 2349 1640 qua:
2376 1574 2439 1650 in.
2459 1574 2602 1628 nobis
2622 1584 2729 1641 est,
2760 1575 3052 1630 donationis
3086 1594 3176 1644 per
3204 1579 3385 1630 mullos
3405 1580 3585 1647 gratia:
3605 1591 3825 1649 agantur

2238 1680 2329 1730 pro
2360 1664 2520 1717 nobis.
2566 1664 2830 1731 Quoniam
2862 1664 2917 1721 id
2945 1666 3086 1735 quod
3132 1666 3361 1732 dixerat,
3398 1667 3466 1721 Ut
3492 1685 3555 1721 ne
3576 1670 3734 1722 simus
3763 1669 3826 1736 ﬁ-

2237 1753 2409 1807 dentes
2451 1755 2505 1806 in
2543 1755 2833 1824 nobisipsis,
2876 1772 3162 1811 commune
3206 1758 3409 1812 crimen
3463 1767 3518 1811 et
3556 1760 3825 1813 accusatio

2236 1860 2355 1899 esse
2387 1846 2689 1914 videbatur,
2718 1865 2840 1917 qua:
2870 1850 3157 1905 nonnullos
3199 1866 3386 1905 eorum
3417 1852 3822 1923 perstringeret,

2235 1938 2443 2007 mitigat
2467 1955 2655 1994 rursus
2681 1941 2731 1994 id
2759 1941 2899 2009 quod
2930 1942 3083 2005 dixit,
3111 1958 3301 2011 preces
3330 1944 3569 2012 ipsorum
3597 1948 3827 2015 ingentis

2238 2028 2471 2094 prmsidii
2501 2030 2620 2083 loco
2653 2031 2966 2099 implorans,
2998 2033 3233 2102 illudque
3263 2034 3424 2087 simul
3454 2034 3718 2101 indicans,
3748 2038 3825 2091 vi-

2237 2130 2342 2174 tam
2384 2131 2622 2175 nostram
2666 2123 2717 2175 in
2752 2133 3005 2192 perpetua
3050 2139 3178 2178 cura
3218 2134 3272 2179 et
3311 2125 3671 2182 sollicitudine
3704 2143 3826 2182 esse

2234 2222 2504 2282 oportere.
2538 2216 2669 2269 Nam
2699 2216 2822 2269 dum
2851 2217 2946 2281 ait,
2984 2216 3263 2286 Speremus
3307 2228 3476 2270 autem
3501 2220 3739 2287 quoniam
3778 2229 3825 2273 et

2237 2307 2405 2360 adhuc
2433 2310 2630 2374 eripiet,
2666 2309 2954 2362 multarum
2988 2310 3336 2363 tentationum
3363 2325 3553 2380 agmen
3584 2327 3825 2380 praenun-

2235 2398 2350 2461 tiat,
2380 2414 2477 2451 nec
2510 2409 2685 2453 tamen
2715 2414 2938 2467 usquam
2969 2400 3374 2454 derelictionem
3396 2441 3411 2465 ,
3441 2401 3537 2455 sed
3566 2402 3820 2455 auxilium

2234 2504 2296 2543 ac
2322 2490 2614 2558 suppetias.
2647 2490 2849 2544 Deinde
2869 2530 2883 2551 .
2914 2506 2981 2544 ne
3009 2490 3129 2545 ideo
3156 2490 3349 2543 animis
3375 2501 3821 2559 consternantur,

2232 2580 2373 2650 quod
2392 2580 2611 2634 audiant
2635 2579 2771 2646 fore,
2797 2581 2927 2635 utin
2952 2582 3228 2651 perpetuis
3250 2581 3498 2650 periculis
3520 2591 3819 2646 versentur,

2231 2674 2379 2742 prius
2416 2672 2667 2741 quidnam
2696 2673 2932 2741 pericula
2966 2672 3209 2726 utilitatis
3235 2671 3462 2726 afferant
3484 2672 3823 2727 demonstra-

2231 2765 2324 2827 vit,
2357 2778 2570 2833 nempe,
2604 2762 2685 2817 Ne
2730 2765 2886 2818 simus
2908 2763 3121 2831 ﬁdentes
3158 2763 3212 2816 in
3249 2762 3539 2831 nobisipsis,
3561 2762 3685 2824 ,hoc
3713 2778 3820 2830 ρει,

2230 2867 2287 2909 ιιι
2319 2857 2461 2911 Deus
2493 2870 2592 2909 nos
2638 2856 2688 2909 in
2720 2864 2974 2924 perpetua
3004 2854 3303 2908 humilitate
3327 2856 3646 2919 contineat;
3676 2866 3731 2910 et
3766 2867 3825 2910 ttt

2228 2947 2374 3000 salus
2430 2961 2615 3000 eorum
2672 2956 3028 3015 procuretur,
3083 2955 3243 3013 atque
3296 2946 3401 2999 alia
3453 2948 3613 3000 etiam
3668 2949 3819 3017 plura

2228 3040 2524 3104 exsistant,
2582 3039 2728 3094 velut.
2790 3037 3006 3092 Christo
3060 3038 3494 3102 communicare;
3548 3037 3823 3094 Mandant

2227 3132 2369 3187 enim
2389 3173 2403 3197 ,
2438 3131 2631 3199 inquit,
2677 3132 2937 3200 passiones
2972 3127 3160 3183 Christi
3188 3130 3241 3181 in
3271 3130 3413 3183 nobis
3437 3144 3457 3193 ,'
3483 3138 3537 3184 et
3564 3145 3660 3199 pro
3688 3131 3823 3185 lide-

2230 3224 2366 3278 libus
2397 3222 2533 3291 pati;
2569 3221 2688 3276 Sive
2713 3222 2858 3275 enim
2898 3222 3223 3287 tribulamur,
3272 3222 3479 3291 inquit,
3512 3238 3605 3291 pro
3649 3233 3820 3277 vestra

2226 3314 2572 3368 consolatione
2596 3329 2656 3365 ac
2679 3311 2877 3378 salute;
2897 3323 3005 3367 tum
3026 3316 3186 3368 etiam
3203 3315 3345 3385 quod
3370 3314 3485 3370 lucc
3508 3317 3619 3386 ipsa
3648 3317 3823 3387 magis

2227 3406 2466 3469 eluceat;
2516 3403 2594 3457 sic
2639 3402 2781 3457 enim
2832 3402 2926 3467 ait,
2982 3404 3109 3470 Qui:
3162 3414 3403 3475 operatur
3448 3406 3504 3459 in
3548 3406 3823 3461 tolerantia

2228 3497 2515 3551 earumdem
2542 3496 2873 3562 passionum;
2903 3493 3029 3548 illud
3062 3495 3211 3557 item,
3235 3495 3375 3563 quod
3406 3494 3531 3548 hinc
3560 3495 3725 3551 fortes
3754 3512 3823 3552 ac

2226 3589 2517 3642 tolerantes
2555 3585 2892 3651 elficiantur;
2940 3598 3004 3638 ac
3051 3594 3332 3653 przeterea,
3385 3586 3527 3655 quod
3576 3601 3824 3642 resurre-

2225 3681 2457 3733 ctionem
2510 3688 2634 3731 ante
2685 3677 2873 3731 oculos
2916 3691 3043 3730 suos
3072 3676 3415 3746 eﬁ'ulgentcm
3442 3689 3697 3743 cernant;
3734 3678 3825 3733 Ea:

2226 3774 2379 3826 tantis
2407 3772 2574 3835 enim,
2633 3770 2835 3839 inquit,
2884 3770 3130 3822 mortibus
3176 3786 3267 3823 nos
3311 3771 3532 3839 eripuit;
3578 3769 3645 3824 ad
3698 3770 3822 3826 hxc

2224 3864 2366 3934 quod
2402 3880 2464 3917 ea
2508 3864 2717 3918 ratione
2768 3862 2982 3916 solliciti
3026 3859 3339 3923 reddantur,
3386 3869 3548 3929 atque
3598 3861 3649 3915 in
3690 3877 3820 3915 eum

2224 3970 2438 4023 semper
2491 3954 2780 4023 respiciant
2814 3952 3143 4022 :Speramus
3198 3950 3366 4014 enim,
3427 3952 3631 4020 inquit,
3678 3956 3822 4022 quod

2224 4047 2443 4114 eripiet;
2483 4059 2546 4097 ac
2596 4044 2864 4113 denique,
2930 4042 3075 4113 quod
3149 4042 3397 4112 precibus
3459 4042 3603 4095 aftixi
3667 4044 3819 4110 sint;

2224 4136 2595 4207 Adjuvantibus
2622 4134 2789 4198 enim,
2820 4134 3011 4204 inquit,
3034 4134 3171 4189 vobis
3196 4135 3250 4187 in
3278 4135 3509 4188 oratione
3529 4151 3621 4202 pro
3648 4136 3818 4191 nobis.

2226 4229 2577 4295 Posteaquam
2620 4226 2778 4295 igitur
2814 4223 3165 4279 afﬂictionum
3212 4225 3497 4280 utilitatem
3540 4225 3817 4291 ostendit,

2223 4338 2286 4374 ac
2314 4319 2505 4374 deinde
2533 4319 2947 4373 sollicitudinem
2978 4318 3109 4387 ipsis
3136 4318 3347 4387 injecit,
3395 4332 3584 4371 rursus
3622 4333 3817 4371 eorum

2222 4414 2429 4465 animos
2477 4412 2620 4463 acuit
2662 4418 2822 4477 atque
2856 4407 2921 4461 ad
2954 4409 3201 4463 virtutem
3233 4410 3589 4477 promptiores
3620 4408 3817 4476 cﬂicit,

2224 4518 2471 4572 magnotu
2506 4503 2745 4571 ipsorum
2784 4501 3029 4569 precibus
3059 4500 3423 4554 testimonium
3454 4501 3735 4565 tribuens,
3770 4502 3817 4553 si

2220 4596 2434 4665 quidem
2482 4594 2552 4647 ob
2587 4609 2678 4647 eas
2711 4592 2934 4645 Paulum
2967 4591 3094 4661 ip~is
3122 4591 3372 4645 donariut
3399 4609 3412 4647 :
3445 4591 3821 4661 Adjuvantibus

2220 4690 2386 4753 enim,
2417 4687 2609 4755 inquit,
2640 4686 2775 4738 vobis
2801 4687 2852 4737 in
2880 4685 3122 4736 oratione.
3156 4683 3292 4751 Quid
3321 4694 3500 4738 autem
3532 4694 3637 4750 est,
3670 4684 3739 4738 Ut
3764 4687 3822 4739 in

2220 4782 2390 4834 multis
2430 4778 2657 4849 personis
2703 4778 2834 4846 ejus,
2861 4791 2974 4842 quae
2998 4776 3051 4829 in
3093 4776 3236 4830 nobis
3263 4787 3367 4842 est,
3402 4776 3691 4830 donationis
3725 4795 3824 4847 per

2220 4874 2404 4925 multos
2441 4870 2620 4940 gratia:
2653 4877 2873 4939 agantur
2916 4884 3007 4935 pro
3054 4867 3241 4920 nobis?
3272 4867 3347 4921 Ex
3394 4868 3657 4922 mortibus
3704 4869 3824 4925 illis

2220 4981 2317 5021 nos
2346 4965 2570 5033 eripuit,
2616 4962 2998 5029 adjuvantibus
3039 4962 3199 5015 etiam
3245 4960 3396 5014 vobis
3441 4961 3493 5014 in
3536 4962 3819 5027 oratione,

2219 5057 2392 5125 inquit
2424 5071 2437 5105 :
2473 5054 2576 5107 hoc
2605 5063 2708 5119 est,
2742 5053 2896 5106 vobis
2926 5051 3177 5106 omnibus
3211 5060 3392 5105 nostra
3419 5065 3580 5105 causa
3610 5052 3789 5121 depre
3809 5083 3825 5095 -

2218 5152 2485 5204 cautibus.
2518 5145 2844 5203 Beneficium
2870 5145 3013 5199 enim
3042 5145 3095 5199 in
3125 5158 3222 5197 nos
3251 5144 3506 5198 collatum
3530 5186 3545 5209 ,
3574 5143 3676 5200 hoc
3700 5155 3822 5213 cst,

2218 5243 2445 5295 salutem
2491 5248 2751 5302 nostram,
2795 5237 2946 5291 vobis
2985 5237 3237 5291 omnibus
3278 5236 3456 5304 largiri
3501 5236 3670 5290 voluit
3703 5258 3719 5291 :
3759 5248 3825 5295 ut

2218 5335 2399 5387 multm
2450 5345 2696 5399 persona
2749 5328 2950 5396 gratias
2998 5327 3096 5393 ipsi
3139 5334 3319 5395 agant,
3370 5325 3819 5396 quandoquidem

2217 5425 2398 5477 multm
2424 5437 2637 5491 quoque
2658 5422 2885 5490 gratiam
2912 5426 3253 5486 acceperunt.

2286 5518 2337 5569 4.
2368 5515 2493 5568 Ιιιιιο
2517 5528 2675 5581 porro
2702 5525 2768 5565 eo
2798 5510 3031 5589 dicebat,
3054 5510 3244 5583 partim
3272 5517 3329 5563 ut
3350 5510 3495 5579 ipsos
3520 5509 3588 5562 ad
3617 5523 3818 5576 preces

2214 5608 2438 5661 aliorum
2468 5618 2679 5672 quoque
2721 5616 2881 5655 causa
2937 5600 3233 5655 fundendus
3273 5600 3555 5661 excitaret,
3608 5603 3817 5669 partim

2215 5700 2338 5752 itcnt
2370 5704 2426 5749 ut
2449 5708 2545 5763 pro
2574 5692 2639 5747 iis
2669 5693 2831 5746 etiam
2879 5693 3308 5754 calamitatibus,
3339 5689 3534 5759 quibus
3563 5690 3652 5743 alii
3683 5692 3815 5745 ³Πί-

2210 5800 2492 5855 ccrcntur,
2526 5790 2709 5859 gratiis
2742 5786 2852 5843 Deo
2874 5801 3087 5856 semper
3114 5781 3334 5853 agendis
3379 5781 3525 5851 ipsos
3563 5782 3817 5838 assuefa-
