4028 6222
505 362 610 419 397

503 472 667 541 τέραν
692 467 954 540 ἐϐουλήθη
986 469 1150 520 πᾶσιν
1184 467 1312 536 ὑμῖν
1335 467 1689 538 χαρίσασθαι,
1707 467 1796 520 ἵνα
1821 467 1890 520 τὰ
1909 464 2081 518 πολλά

506 563 774 613 πρόσωπα
815 557 966 629 αὐτῷ
1003 557 1394 630 εὐχαριστήσῃ,
1440 557 1632 628 ἐπειδὴ
1670 557 1763 612 καὶ¹
1809 557 1877 611 τά
1911 557 2080 612 πολλὰ

501 656 601 726 τὴν
634 654 797 724 χάριν
821 651 1006 706 ἔλαϐε.

567 831 630 885 δ’.
648 825 835 883 Ταῦτα
846 828 903 881 δὲ
925 827 1131 896 ἔλεγεν,
1142 824 1279 896 ὁμοῦ
1293 828 1390 895 μὲν
1404 823 1497 875 καὶ
1511 824 1590 886 εἰς
1602 824 1698 887 τὰς
1719 824 1860 895 ὑπὲρ
1877 823 2078 893 ἐτέρων

498 921 664 990 εὐχὰς
690 919 888 984 αὐτοὺς
917 918 1222 988 διεγείρων,
1258 915 1394 986 ὀμοῦ
1415 917 1471 970 δὲ
1497 915 1691 981 ἐθίζων
1722 917 1814 970 καὶ
1835 915 1977 986 ὑπὲρ
2003 909 2078 968 ὧν

495 1011 562 1066 ἂν
596 1011 774 1082 ἕτεροι
810 1007 1080 1073 πάθωσιν,
1113 1008 1455 1078 εὐχαριστεῖν
1482 1008 1571 1061 ἀεὶ
1601 1007 1678 1078 τῷ
1701 1006 1843 1078 Θεῷ,
1865 1007 2075 1070 δεικνὺς

496 1106 579 1157 ὅτι
618 1101 853 1172 μάλιστα
877 1100 1034 1154 τοῦτο
1065 1099 1311 1171 βούλεται
1340 1101 1435 1152 καὶ
1470 1099 1652 1163 αὐτός.
1685 1102 1750 1154 Ol
1781 1099 1889 1169 γὰρ
1919 1099 2078 1170 μελε-

496 1197 762 1266 τήσαντες
802 1192 941 1264 ὑπὲρ
975 1192 1179 1261 ἐτέρων
1216 1190 1391 1244 ταῦτα
1433 1193 1628 1256 ποιεῖν,
1664 1190 1845 1260 πολλῷ
1877 1190 2076 1260 μᾶλλον

497 1287 639 1358 ὑπὲρ
671 1283 877 1340 ἑαυτῶν
905 1281 1261 1351 ἐπιδείξονται
1295 1281 1470 1335 ταῦτα
1507 1281 1815 1351 ἀμφότερα.
1846 1278 1990 1350 Πρὸς
2019 1279 2074 1332 δὲ

492 1378 725 1441 τούτοις,
761 1376 858 1430 καὶ⁹
899 1373 1408 1443 ταπεινοφροσύνην
1444 1375 1643 1436 αὐτοὺς
1691 1371 1950 1435 διδάσκει,
1981 1371 2076 1423 καὶ

493 1472 575 1534 εἰς
604 1469 823 1540 ἀγάπην
851 1467 975 1535 ἄγει
999 1465 1362 1537 θερμοτέραν.
1393 1465 1455 1517 El
1485 1464 1594 1535 γάρ
1633 1462 1797 1526 αὐτὸς
1826 1463 1855 1514 6
1891 1462 2076 1516 τοσοῦο

491 1576 584 1613 τον
611 1558 789 1612 αὐτῶν
818 1557 1148 1627 ὑψηλότερος
1174 1555 1273 1620 ῶν,
1301 1556 1366 1608 ἐκ
1392 1554 1500 1608 τῶν
1528 1555 1703 1626 εὐχῶν
1731 1553 1955 1608 ἐκείνων
1987 1570 2076 1607 σε-

495 1650 702 1706 σῶσθαί
737 1665 891 1718 φησι,
923 1647 1016 1701 καὶ
1041 1647 1284 1718 χάρισμα
1310 1647 1487 1699 αὐτῶν
1524 1647 1644 1708 ταῖς
1679 1644 1896 1716 δεήσεσι
1930 1644 2074 1698 δεδό-

496 1745 623 1796 σθαι
653 1737 803 1812 [455]
839 1737 987 1808 αὐτῷ
1014 1737 1165 1809 παρὰ
1194 1737 1286 1791 τοῦ
1318 1736 1476 1800 Θεοῦ,
1506 1737 1758 1807 ἐννόησον
1782 1735 1899 1798 πῶς
1929 1736 2072 1790 ἐκεί-

493 1852 618 1897 νους
666 1833 772 1890 ἔδει
825 1829 1132 1886 διακεῖσθαι
1187 1829 1286 1882 xal
1347 1828 1678 1900 μετριάζειν.
1743 1828 1813 1881 Σὺ
1862 1827 1918 1880 δέ
1983 1845 2071 1898 μοι

493 1924 717 1979 κάκεῖνο
776 1920 989 1984 σκόπει,
1031 1919 1111 1972 ὅτι
1148 1918 1250 1972 κάν
1287 1919 1395 1971 ἀπὸ
1437 1917 1735 1990 οἰκτιρμῶν
1773 1920 1801 1972 6
1846 1917 1980 1980 Θεὸς
2019 1936 2071 1970 τι

493 2017 645 2086 ποιῇ,
688 2011 899 2084 μεγάλα
957 2010 1193 2066 ἐνταῦθα
1252 2011 1348 2064 καὶ
1393 2012 1427 2081 ἡ
1490 2012 1624 2081 εὐχὴ
1679 2011 2068 2081 συμϐάλλεται.

506 2104 832 2177 Ἀρχόμενος
870 2104 968 2175 μὲν
998 2102 1128 2173 γὰρ,
1159 2103 1273 2164 τοῖς
1299 2101 1604 2172 οίκτιρμοῖς
1637 2101 1803 2154 αὐτοῦ
1839 2102 1934 2172 τὴν
1971 2119 2073 2154 σω-

493 2195 688 2268 ’ςηρίαν
735 2194 1038 2262 ἐλογίσατο’
1081 2193 1146 2244 '0
1187 2189 1334 2258 Θεὸς
1373 2191 1502 2261 γάρ,
1530 2193 1683 2262 φησι,
1707 2190 1826 2243 τῶν
1862 2195 2072 2258 οἰκτιρο

489 2287 640 2354 μῶν,
676 2285 860 2351 αὐτὸς
899 2283 1058 2355 ἡμᾶς
1096 2285 1412 2352 ἐρρύσατο·
1445 2283 1680 2337 ἐνταῦθα
1727 2284 1781 2335 δὲ
1823 2284 1913 2336 καὶ
1951 2286 2072 2345 ταῖς

494 2377 684 2451 εὐχαῖς
712 2396 727 2410 ·
760 2379 883 2433 ἐπεὶ
920 2379 1171 2432 κάκεῖνον
1222 2379 1314 2430 τὸν
1352 2377 1421 2431 τὰ
1461 2379 1630 2448 μύρια
1663 2378 1948 2446 ὀφείλοντα
1980 2380 2072 2430 τά-

493 2475 681 2538 λαντα,
715 2473 852 2544 μετά
888 2472 950 2526 τὸ
992 2473 1324 2541 προσπεσεῖν
1355 2470 1581 2540 ἠλέησε,
1621 2469 1802 2521 καίτοι
1832 2487 1894 2536 γε
1925 2470 2072 2539 εἴρη-

493 2583 605 2630 ται,
654 2567 735 2620 ὅτι
778 2562 1265 2634 Σπλαγχνισθείς
1297 2562 1612 2616 ἀπέλυσεν
1633 2561 1847 2614 αὐτόν·
1880 2558 1972 2612 καὶ
2006 2561 2070 2629 τῇ

494 2656 772 2727 Χαναναία
799 2668 825 2697 α
858 2656 914 2709 δὲ
946 2655 1084 2726 μετὰ
1114 2652 1212 2725 τὴν
1243 2653 1440 2724 πολλὴν
1489 2651 1814 2723 προσεδρίαν
1855 2651 2072 2721 ἐκείνην

495 2747 586 2800 καὶ
615 2745 908 2818 καρτερίαν
933 2746 1053 2797 τότε
1085 2745 1379 2814 ἐχαρίσατο
1404 2743 1502 2812 τῆς
1530 2742 1799 2811 θυγατρὸς
1843 2741 1940 2813 τὴν
1969 2758 2074 2793 σω-

493 2837 708 2906 τηρίαν,
743 2834 920 2888 καίτοι
949 2852 1012 2904 γε
1035 2837 1144 2888 ἀπο
1173 2834 1325 2887 ἐλέου
1352 2833 1522 2903 αὐτὴν
1544 2831 1769 2884 ἔσωσεν.
1807 2831 1939 2883 Ἀπὸ
1960 2829 2075 2882 τού·

494 2947 588 2984 ¹που
615 2928 790 2981 τοίνυν
821 2928 1184 2998 μανθάνομεν,
1220 2927 1302 2981 ὅτι
1329 2925 1428 2978 κᾶν
1458 2923 1723 2978 ἐλεεῖσθαι
1762 2923 2071 2994 μέλλωμεν,

495 3020 677 3085 ἀξίους
715 3019 806 3072 τοῦ
848 3018 998 3070 ἐλέου
1048 3018 1311 3088 πρότερον
1359 3018 1623 3089 παρέχειν
1658 3018 1805 3088 ἡμᾶς
1848 3017 2073 3078 ἑαυτοὺς

496 3114 622 3183 χρή.
657 3111 776 3164 Κᾶν
802 3109 911 3181 γάρ
945 3110 1092 3172 ἔλεος
1120 3106 1184 3182 ᾗ,
1205 3113 1330 3173 τοὺς
1359 3108 1541 3174 ἀξίους
1578 3108 1846 3180 ἐπιζητεῖ’
1875 3109 1934 3160 οὐ
1965 3109 2073 3180 γὰρ

498 3202 682 3264 ἁπλῶς
710 3202 918 3254 ἔπεισιν
950 3199 1146 3263 ἀπασι,
1174 3201 1268 3255 καὶ
1295 3202 1410 3263 τοῖς
1431 3200 1772 3273 ἀναισθήτως
1797 3199 2074 3270 διακειμέ-

498 3310 628 3356 νοις·
676 3293 943 3360 Ἐλεήσω
1001 3292 1128 3364 γὰρ,
1172 3294 1358 3362 φησὶν,
1416 3292 1488 3346 ὃν
1533 3292 1610 3346 ἃν
1648 3291 1819 3357 ἐλεῶ,
1868 3292 1962 3345 καὶ
1990 3293 2076 3350 ,οὶ-

498 3387 808 3454 κτειρήσω,
849 3387 922 3440 ὃν
959 3386 1035 3440 ἂν
1063 3386 1348 3453 οἰκτείρω.
1382 3385 1524 3454 Ὅρα
1554 3384 1683 3452 γοῦν
1719 3388 1813 3439 καὶ
1839 3385 2074 3438 ἐνταῦθα

498 3479 549 3534 τί
598 3494 748 3548 φησι’
785 3477 1374 3546 Συνυπουργούντων
1402 3475 1500 3529 καί
1544 3475 1711 3544 ὑμῶν
1739 3474 1813 3544 τῇ
1845 3476 2070 3539 δεήσει,

498 3573 605 3624 Καὶ
630 3570 752 3623 οὔτε
771 3570 828 3623 τὸ
853 3572 960 3623 πᾶν
983 3569 1165 3631 αὐτοῖς
1189 3568 1407 3630 ἔδωκεν,
1434 3568 1519 3621 ῖνα
1550 3567 1624 3638 μὴ
1647 3567 1844 3631 αὐτοὺς
1869 3569 2068 3638 ἐπάρῃ,

497 3659 619 3713 οὐτε
653 3660 829 3730 πάντη
862 3659 1221 3729 ἠλλοτρίωσεν
1256 3659 1453 3721 αὐτοὺς
1487 3658 1581 3713 τοῦ
1621 3657 2071 3728 κατορθώματος,

499 3755 583 3806 ἵνα
609 3752 887 3823 προτρέψῃ
915 3752 1009 3804 καὶ
1041 3749 1473 3820 προθυμοτέρους
1502 3749 1802 3821 ἐργάσηται
1831 3751 1923 3801 καὶ
1952 3766 2076 3802 συν-

499 3845 680 3915 αγάγῃ
737 3843 872 3914 πρὸς
918 3841 1184 3910 ἀλλήλους
1228 3839 1446 3903 αὐτούς.
1479 3840 1569 3894 Διό
1614 3840 1710 3892 καὶ
1755 3839 1960 3908 ἔλεγεν,
1990 3842 2073 3894 ὅτι

509 3937 667 4001 Ὑμῖν
687 3933 1010 4003 ἐχαρίσατό
1042 3950 1161 4000 μου
1192 3932 1306 4000 τὴν
1338 3931 1656 3998 σωτηρίαν.
1692 3932 1802 3984 Καὶ
1835 3931 1944 4001 γὰρ
1979 3933 2073 3985 καὶ

499 4026 699 4096 πλῆθος
732 4026 1059 4078 δυσωπεῖται
1101 4023 1362 4087 πολλάκις
1414 4025 1444 4076 ὀ
1495 4022 1628 4084 Θεὸς
1679 4023 1938 4091 ὀμονοοῦν
1977 4024 2072 4076 καὶ

500 4115 822 4184 συμφωνοῦν
874 4117 951 4179 είς
986 4115 1175 4185 εὐχήν·
1216 4113 1294 4169 διὸ
1336 4114 1428 4167 καὶ
1478 4113 1615 4184 πρὸς
1645 4113 1738 4167 τὸν
1782 4116 2073 4187 προφήτην

497 4209 700 4275 ἔλεγεν·
738 4207 884 4274 Ἐγὼ
916 4209 982 4259 δὲ
1017 4209 1088 4260 οὐ
1117 4207 1398 4275 φείσομαι
1426 4205 1537 4273 τῆς
1565 4207 1796 4272 πόλεως
1827 4210 2067 4275 ταύτης,

497 4302 567 4352 ἐν
605 4299 641 4365 ᾖ
672 4299 1016 4351 κατοικοῦσι
1043 4300 1295 4363 πλείους
1324 4298 1364 4365 ἢ
1396 4297 1625 4349 δώδεκα
1647 4298 1934 4366 μυριάδες
1965 4299 2070 4351 ἀν-

501 4390 777 4454 θρώπων;
806 4384 936 4441 Εἶτα
970 4389 1056 4440 ἵνα
1099 4389 1170 4457 μὴ
1206 4389 1456 4459 νομίσῃς,
1484 4389 1563 4438 ὅτι
1604 4389 1805 4457 πλῆθος
1841 4391 2070 4442 αίδεῖται

503 4476 683 4540 μόνον,
715 4478 896 4544 φησίν·
945 4477 1086 4531 Ἐὰν
1118 4473 1155 4547 ᾖ
1191 4481 1222 4530 0'
1255 4477 1498 4543 ἀριθμὸς
1541 4477 1647 4529 τοῦ
1693 4478 1940 4546 Ἰσραὴλ
1991 4480 2069 4542 ώς

498 4570 535 4635 ἡ
567 4567 758 4635 ἄμμος
790 4565 898 4631 τῆς
929 4567 1266 4632 θαλάσσης,
1302 4566 1368 4620 τὸ
1397 4567 1766 4634 κατάλειμμα
1799 4571 2070 4636 σωθήσε-

497 4675 610 4712 ται.
649 4656 772 4720 Πῶς
803 4651 896 4710 οῦν
921 4655 1206 4719 Νινευῖτας
1229 4658 1467 4722 ἐσωσεν;
1498 4659 1618 4712 ’Ὀτι
1643 4661 1703 4714 οὐ
1739 4659 1936 4726 πλῆθος
1977 4660 2071 4728 μό-

497 4766 586 4801 νον
629 4745 718 4816 ἦν,
754 4748 888 4800 ἀλλὰ
935 4746 1138 4816 πλῆθος
1184 4747 1319 4816 μετὰ
1359 4749 1588 4816 ἀρετῆς
1628 4752 1918 4821 μετενόησε
1963 4750 2067 4822 γάρ

497 4841 725 4901 ἕκαστος
753 4840 857 4891 ἀπὸ
883 4840 981 4908 τῆς
1001 4838 1121 4894 ὀδοῦ
1151 4837 1312 4892 αὐτοῦ
1335 4839 1430 4906 τῆς
1456 4841 1716 4908 πονηρᾶς.
1747 4843 1856 4894 Καὶ
1884 4842 2069 4906 σώζων

498 4933 554 4984 δὲ
583 4932 776 4992 αὐτοὺς
810 4930 1012 4996 ἔλεγεν,
1044 4933 1124 4984 ὅτι
1163 4935 1282 4983 Οὐκ
1318 4932 1596 4999 ἔγνωσαν
1634 4931 1842 4992 δεξιὰν
1875 4935 1911 5001 ἢ
1941 4936 2068 5002 ἀρι-

498 5023 739 5091 στεράν.
781 5021 940 5073 Ὅθεν
970 5021 1147 5091 δῆλον,
1178 5023 1256 5072 ὅτι
1292 5025 1384 5073 καὶ
1433 5025 1498 5074 τά
1545 5022 1787 5093 πρότερα
1837 5022 1894 5086 ἐξ
1939 5026 2069 5091 ἀφε-

498 5117 644 5178 λείας
686 5113 884 5184 μόἰλλον
924 5113 1165 5176 ἕπταιον,
1199 5115 1230 5181 ἢ
1269 5115 1552 5183 πονηρίας·
1585 5115 1677 5166 καὶ
1708 5113 1886 5181 δῆλον,
1916 5116 1971 5179 ἐξ
1996 5111 2069 5167 ὦν

503 5202 909 5272 μετεϐάλλοντο,
935 5203 1130 5270 ὀλίγων
1157 5203 1416 5271 ῥημάτων
1445 5205 1796 5260 ἀκούσαντες.
1832 5203 1891 5253 Εἰ
1919 5203 1975 5255 δὲ
2013 5205 2070 5255 τὸ

497 5291 702 5344 δώδεκα
737 5293 998 5362 μυριάδας
1029 5287 1168 5344 εἶναι
1219 5291 1378 5360 μόνον
1422 5292 1639 5362 ἴσχυσεν
1683 5292 1762 5352 είς
1799 5291 1859 5341 τὸ
1900 5289 2069 5344 σώσαι

497 5384 714 5447 αὐτοὺς,
746 5383 798 5434 τί
827 5385 920 5435 καὶ
954 5383 1062 5453 πρὸ
1081 5382 1271 5436 τούτου
1299 5383 1494 5446 αὐτοὺς
1529 5384 1764 5454 σωθῆναι
1793 5382 2066 5450 ἐκώλυσε;

498 5476 606 5526 Καὶ
637 5474 781 5536 τίνος
811 5473 996 5526 ἕνεκεν
1027 5475 1126 5526 οὐκ
1166 5468 1286 5525 εἶπε
1319 5472 1454 5542 πρὸς
1489 5475 1673 5538 αὐτὸν,
1719 5473 1860 5542 Ἐγώ
1898 5475 1954 5526 δέ
2009 5477 2067 5527 οὐ

498 5565 753 5636 φείσομαι
784 5565 878 5635 τῆς
919 5565 1124 5628 πόλεως
1162 5565 1367 5636 ταύτης
1409 5564 1510 5634 τῆς
1553 5567 1715 5637 οὓτω,
1744 5569 2069 5640 μεταϐαλλο-

561 5809 581 5833 ⁸
615 5805 724 5865 διε..
749 5808 831 5861 τὴν
862 5803 1139 5854 Χαναναίαν.

1179 356 1234 409 S.
1270 352 1553 410 JOANNIS
1588 351 2076 411 CHRYSOSTOMI
2113 349 2435 407 ARCHIEP.
2477 347 3028 407 CONSTANTINOP.

3657 358 3760 418 398

2194 463 2400 533 μένηςς
2452 460 2589 514 ἀλλά
2635 463 2735 524 τὰς
2791 462 3058 534 μυριάδας
3118 464 3395 533 παράγει;
3453 464 3548 517 Ἐκ
3612 479 3762 536 περι-

2189 552 2372 616 ουσίας
2426 552 2522 607 καὶ
2581 550 2740 605 τοῦτο
2790 552 2977 614 τιθείς.
3026 553 3100 608 Τὸ
3137 553 3237 625 μὲν
3275 553 3384 627 γὰρ
3414 550 3483 624 ἦν
3517 553 3757 626 δῆλον,ή

2191 643 2486 716 μεταῦολή·
2535 643 2565 696 6
2593 641 2652 694 δέ
2684 641 2917 714 ἀριθμὸς
2960 643 3054 698 καὶ
3100 645 3134 716 ὴ
3181 645 3430 715 ἀφέλεια,
3466 645 3634 717 ἄδηλα
3684 647 3760 718 τῷ

2187 735 2463 804 προφήτῃ.
2497 730 2772 787 Πάντοθεν
2797 731 2977 787 τοίνυν
3003 734 3198 799 αὐτοὺς
3227 737 3609 808 καταμαλάξαι
3638 737 3759 808 βού-

2186 824 2373 878 λεται·
2428 824 2602 896 ἰσχύει
2660 823 2770 896 γάρ
2839 825 2934 879 καὶ
2992 825 3226 897 πλῆθος,
3285 829 3418 887 ὅταν
3470 828 3565 884 καὶ
3627 831 3758 900 άρε-

2186 917 2252 989 τὴ

2260 1028 2410 1104 [454]
2454 1029 2625 1084 Τοῦτο
2666 1030 2799 1099 γοῦν
2854 1033 2948 1085 καὶ
2984 1029 3217 1102 ἀλλαχοῦ
3261 1033 3412 1104 δηλοῖ
3453 1033 3690 1104 λέγουσα
3723 1037 3760 1105 ἡ

2185 1124 2225 1176 Γ
2232 1121 2396 1194 ραφή·
2423 1123 2741 1192 Προσευχὴ
2770 1122 2839 1176 δὲ
2864 1119 2943 1194 ἦν
2964 1123 3217 1192 ὲκτενὴς
3237 1125 3358 1179 ὑπὸ
3386 1124 3500 1194 τῆς
3526 1126 3765 1196 Ἐκκλη-

2185 1216 2327 1281 σίας
2377 1214 2529 1282 πρὸς
2565 1214 2675 1268 τὸν
2718 1215 2866 1270 Θεὸν
2895 1214 3174 1286 γινομένη
3224 1215 3375 1284 ὑπὲρ
3407 1214 3595 1272 αὐτοῦ
3619 1233 3634 1249 ο
3665 1217 3763 1273 καὶ

2183 1305 2436 1359 τοσοῦτον
2469 1304 2712 1376 ἴσχυσεν,
2737 1305 2833 1369 ὡς,
2866 1305 3270 1379 κεκλεισμένων
3295 1305 3402 1360 τῶν
3431 1305 3634 1378 θυρῶν,
3664 1307 3762 1360 καὶ

2184 1395 2428 1450 ἁλύσεων
2449 1396 2833 1466 ἐπικειμένων,
2854 1397 2946 1450 καὶ
2965 1396 3221 1465 φυλάκων
3237 1395 3576 1467 ἑκατέρωθεν
3591 1413 3766 1468 παρα-

2186 1486 2575 1554 καθευδόντων,
2612 1487 2903 1556 ἐξαγαγεῖν
2933 1489 3024 1541 τὸν
3053 1487 3377 1543 ’Δπόστολον
3399 1488 3493 1542 καὶ
3518 1487 3767 1544 ἀπαλλά-

2184 1580 2274 1647 ξαι
2327 1580 2544 1633 πάντων
2595 1579 2839 1634 ἐκείνων.
2879 1579 3020 1633 Ἀλλ’
3061 1581 3271 1652 ὥσπερ,
3320 1579 3522 1651 ἀρετῆς
3570 1577 3764 1650 οὔσης,

2187 1672 2330 1740 μέγα
2357 1671 2599 1724 δύναται·
2630 1671 2795 1735 οὓτω,
2828 1673 3029 1735 κακίας
3055 1671 3242 1742 οὐσης,
3266 1672 3418 1725 οὐδὲν
3451 1672 3660 1743 ὀνίνησι
3696 1671 3764 1725 τὸ

2184 1762 2409 1833 πλῆθος.
2444 1762 2552 1814 Καὶ
2581 1762 2688 1832 γὰρ
2730 1764 2777 1813 οἱ
2819 1763 3170 1833 Ἰσραηλῖται,
3205 1764 3333 1832 περί
3365 1757 3441 1818 ὧν
3467 1779 3651 1833 φησιν,
3677 1763 3762 1816 δτι

2182 1856 2209 1907 ὀ
2241 1854 2472 1925 ἀριθμὸς
2498 1853 2674 1907 αὐτῶν
2700 1850 2766 1925 ἦν
2794 1853 2868 1917 ὡς
2897 1855 2929 1925 ἡ
2962 1853 3144 1924 ἄμμος
3172 1853 3274 1923 τῆς
3301 1853 3597 1925 θαλάσσης,
3619 1855 3762 1909 πάν-

2182 1959 2273 2005 τες
2303 1942 2599 1995 ἀπώλοντο·
2625 1943 2718 1996 καὶ
2764 1945 2812 1995 οἱ
2847 1943 2939 1995 ἐπὶ
2976 1941 3100 1995 Νῶε
3127 1942 3184 1995 δέ
3213 1941 3396 1995 πολλοὶ
3422 1944 3517 1996 καὶ
3541 1943 3763 2015 ἄπειροι

2182 2027 2344 2101 ἦσαν,
2393 2031 2489 2082 καὶ
2551 2030 2702 2085 οὐδὲν
2755 2031 2952 2094 αὐτοὺς
2989 2029 3143 2085 τοῦτο
3177 2029 3395 2102 ὢνησε·
3439 2031 3563 2085 καθ’
3599 2031 3764 2086 ἐαυτδ

2184 2121 2292 2192 γὰρ
2320 2121 2470 2174 οὐδὲν
2493 2120 2713 2174 δύναται
2744 2121 2969 2190 πλῆθος,
2995 2122 3109 2176 ἀλλ’
3140 2125 3198 2177 ἐν
3232 2122 3554 2194 προσθήκης
3578 2124 3757 2196 μέρει.

2185 2211 2581 2282 Σπουδάζωμεν
2608 2208 2700 2266 οὖν
2726 2212 2966 2265 συνιέναι
2997 2215 3055 2266 ἐν
3088 2215 3210 2277 ταῖς
3238 2214 3472 2285 δεήσεσι,
3503 2215 3594 2266 καὶ
3617 2214 3766 2286 ὑπὲρ

2182 2304 2428 2374 ἀλλήλων
2461 2304 2769 2373 εὐχώμεθα,
2806 2303 3057 2375 καθάπερ
3106 2304 3248 2376 ὑπὲρ
3293 2303 3403 2357 τῶν
3445 2303 3760 2358 ἀποστόλων

2183 2398 2401 2449 ἐκεῖνοι.
2435 2397 2546 2448 Καὶ
2572 2395 2679 2464 γὰρ
2701 2395 2922 2466 ἐντολὴν
2945 2395 3286 2466 πληροῦμεν,
3315 2395 3411 2449 καὶ
3437 2395 3518 2460 είς
3536 2396 3760 2465 ἀγάπην

2183 2487 2536 2557 ἀλειφόμεθα·
2579 2487 2710 2538 ὅταν
2757 2487 2814 2540 δὲ
2857 2486 3079 2556 ἀγάπην
3112 2486 3269 2551 εἴπω,
3307 2485 3486 2538 πάντα
3517 2484 3663 2553 λέγω
3687 2485 3761 2540 τά

2181 2577 2383 2645 ἀγαθά·
2416 2576 2509 2629 καὶ
2540 2575 2882 2646 εὐχαριστεῖν
2923 2576 3341 2646 σπουδαιότερον
3374 2574 3758 2647 μανθάνωμεν.

2183 2670 2246 2722 Ol
2285 2667 2393 2738 γὰρ
2425 2666 2566 2737 ὑπὲρ
2599 2665 2707 2718 τῶν
2742 2665 3039 2736 ἀλλοτρίων
3074 2665 3542 2736 εὐχαριστοῦντες,
3575 2666 3760 2739 πολλῷ

2186 2761 2383 2831 μᾶλλον
2414 2761 2550 2830 ὑπὲρ
2573 2758 2681 2810 τῶν
2716 2758 2884 2813 ίδίων.
2907 2757 3077 2811 Τοῦτο
3103 2758 3196 2812 καὶ
3228 2761 3256 2811 6
3286 2757 3449 2811 Δαυῖδ
3472 2757 3644 2811 ἐποίει
3669 2757 3760 2812 λέ-

2182 2870 2313 2922 γων·
2372 2851 2763 2920 Μεγαλύνατε
2817 2849 2926 2901 τὸν
2981 2851 3203 2916 Κύριον
3259 2849 3382 2903 σὺν
3439 2848 3589 2918 ἐμοὶ,
3659 2847 3761 2904 καὶ

2183 2943 2521 3012 ὺψώσωμεν
2569 2939 2634 2992 τὸ
2690 2938 2878 3006 ὄνομα
2923 2937 3108 2992 αὑτοῦ
3149 2937 3248 2991 ἐπὶ
3287 2937 3355 2990 τὸ
3387 2939 3564 2993 αὐτό·
3601 2938 3764 2992 τοῦτο

2184 3035 2278 3086 καὶ
2317 3035 2346 3086 ὀ
2385 3029 2705 3091 Ἀπόστολος
2739 3024 3015 3096 πανταχοῦ
3047 3027 3218 3097 ζητεῖ·
3265 3025 3424 3080 τοῦτο
3472 3026 3567 3080 καὶ
3595 3027 3760 3098 ἡμεῖς

2184 3120 2569 3197 ἐργαζώμεθα,
2604 3119 2718 3181 καὶ,
2745 3120 2823 3182 είς
2867 3118 3076 3181 πάντας
3114 3118 3207 3171 τοῦ
3236 3118 3373 3172 Θεοῦ
3402 3118 3500 3188 τήν
3530 3118 3760 3188 εὐεργε-

2186 3213 2306 3267 σίαν
2348 3209 2689 3278 ἐκφέρωμεν,
2722 3208 2809 3260 ’ίνα
2839 3206 3128 3267 κοινωνοὺς
3159 3204 3414 3275 λάϐωμεν
3451 3207 3552 3280 τῆς
3592 3206 3762 3277 εὐφη-

2188 3303 2334 3371 μίας.
2378 3301 2440 3352 Εί
2491 3299 2600 3370 γάρ
2639 3297 2790 3367 παρά
2827 3297 3215 3368 ἀνθρώπωνκτι
3242 3296 3502 3359 παθόντες
3531 3295 3763 3365 ἀγαθὸν,Δ

2183 3395 2311 3448 ὅταν
2351 3390 2807 3462 ἀνακηρύξωμεν,
2856 3387 3296 3459 προθυμοτέρους
3337 3386 3534 3450 αὐτοὺς
3573 3385 3766 3440 ποιοῦς

2187 3501 2306 3558 μεν·
2339 3483 2524 3553 πολλῷ
2565 3482 2765 3554 μᾶλλον
2797 3480 2890 3534 τοῦ
2918 3479 3053 3533 Θεοῦ
3081 3479 3180 3543 τὰς
3215 3478 3537 3551 εὐεργεσίας
3560 3480 3764 3548 ἀναγθ.

2185 3577 2457 3648 ρεύοντες,
2499 3577 2578 3637 είς
2621 3572 2840 3626 πλείονα
2874 3570 3034 3624 αὐτὸν
3069 3571 3488 3642 ἐπισπασόμεθα
3519 3568 3758 3625 εὔνοιαν.

2184 3670 2294 3722 Καὶ
2327 3670 2374 3720 εί
2415 3665 2566 3736 παρά
2589 3665 2894 3735 ἀνθρώπων
2922 3663 3394 3735 εὐεργετηθέντες,
3442 3664 3539 3717 καὶ
3565 3663 3762 3728 ἄλλους

2182 3758 2526 3829 διεγείρομεν
2575 3756 2657 3819 είς
2719 3755 2820 3826 τὴν
2882 3754 3168 3809 κοινωνίαν
3227 3753 3328 3823 τῆς
3385 3753 3760 3824 εὐχαριστίας·

2183 3850 2364 3919 πολλῷ
2403 3848 2603 3919 μᾶλλον
2631 3847 2710 3917 τῷ
2743 3845 2862 3916 Θεῷ
2899 3846 3126 3909 πολλοὺς
3172 3845 3467 3916 προσάγειν
3493 3843 3600 3916 χρὴ
3631 3845 3762 3910 τοὺς

2183 3940 2322 4010 ὑπὲρ
2359 3937 2517 4007 ήμῶν
2551 3936 3069 4006 εὐχαριστήσαντας.
3103 3936 3166 3988 El
3201 3935 3308 4004 γὰρ
3347 3932 3557 3996 Παῦλος
3600 3933 3760 3986 τοῦτο

2181 4034 2345 4094 ποιεῖ,
2380 4028 2650 4096 τοσαύτην
2681 4027 2818 4097 έχων
2850 4028 2947 4098 τὴν
2971 4025 3303 4096 παρρησίαν,
3333 4024 3515 4096 πολλῷ
3555 4025 3759 4096 μᾶλλον

2181 4126 2329 4195 ἡμᾶς
2353 4121 2650 4186 ἀναγκαῖον
2677 4117 2832 4171 τοῦτο
2859 4119 3053 4170 ποιεῖν.

2251 4255 2311 4302 ε’.
2344 4245 2759 4317 Παρακαλῶμεν
2776 4243 2952 4298 τοίνυν
2970 4242 3096 4307 τοὺς
3123 4244 3310 4311 ἁγίους
3336 4243 3474 4315 ὑπὲρ
3495 4243 3648 4314 ἡμῶν
3668 4244 3758 4296 εὑ.

2174 4341 2460 4410 ,χαριστεῖν
2481 4377 2495 4401 ,
2539 4336 2631 4389 καὶ
2661 4335 2815 4388 αὐτοὶ
2852 4335 2993 4406 ὑπὲρ
3021 4335 3268 4405 ἀλλήλων
3299 4335 3455 4389 τοῦτο
3488 4335 3758 4405 ποιῶμεν.

2180 4432 2350 4486 Τοῦτο
2375 4431 2566 4501 ἱερέων
2596 4429 2832 4498 μάλιστά
2861 4430 2976 4480 ἐστι
3006 4428 3357 4497 κατόρθωμα,
3385 4427 3570 4496 ἐπειδὴ
3600 4427 3759 4496 μέγι-

2181 4541 2303 4576 στον
2335 4521 2561 4589 ἀγαθόν.
2591 4521 2915 4590 Προσιόντες
2937 4522 3068 4588 γὰρ,
3101 4519 3366 4588 πρότερον
3394 4517 3533 4586 ὑπὲρ
3557 4518 3654 4580 τῆς
3679 4518 3760 4569 οι-

2179 4612 2452 4681 κουμένης
2486 4610 2582 4662 καὶ
2606 4608 2714 4660 τῶν
2737 4607 2930 4659 κοινῶν
2955 4605 3389 4675 εὐχαριστοῦμεν
3417 4603 3655 4672 ἀγαθῶν.
3690 4604 3765 4660 El

2179 4704 2285 4773 γάρ
2317 4702 2410 4756 καὶ
2445 4698 2624 4754 κοιναὶ
2652 4698 2708 4751 αί
2741 4697 3053 4770 εὐεργεσίαι
3082 4695 3177 4749 τοῦ
3212 4695 3367 4758 Θεοῦ,
3405 4694 3541 4751 ἀλλὰ
3570 4692 3663 4746 καὶ
3691 4693 3757 4744 σὺ

2178 4796 2232 4845 ἐν
2261 4795 2336 4861 τῷ
2361 4793 2526 4862 κοινῷ
2552 4789 2781 4860 ἐσώθης.
2811 4789 2972 4842 ’Ὥστε
3000 4787 3094 4840 καὶ
3119 4788 3259 4856 ὐπέρ
3280 4787 3378 4856 τῆς
3410 4786 3544 4847 ιδίας
3572 4783 3761 4854 κοινὴν

2178 4885 2415 4953 ὀφείλεις
2446 4887 2640 4955 χάριν,
2675 4883 2770 4936 καὶ
2803 4879 2943 4952 ὑπὲρ
2972 4880 3071 4951 τῆς
3111 4880 3295 4950 κοινῆς
3331 4875 3636 4940 ίδιάζουσαν
3672 4873 3758 4927 δίς

2179 4994 2331 5038 καιος
2355 4976 2421 5028 ἂν
2447 4977 2564 5046 εἴης
2590 4977 2879 5046 ἀναφέρειν
2906 4973 3204 5043 εὐφημίαν.
3231 4970 3339 5024 Καὶ
3361 4968 3470 5038 γάρ
3493 4966 3584 5018 τὸν
3603 4967 3762 5037 ἥλιον

2178 5068 2382 5136 ἀνῆψεν
2413 5068 2472 5119 οὐ
2516 5069 2598 5120 σοὶ
2636 5068 2801 5137 μόνῳ,
2837 5065 2976 5117 άλλά
3005 5067 3099 5118 καὶ
3131 5062 3207 5131 τῷ
3243 5057 3426 5127 κοινῷ·
3459 5057 3574 5110 ἀλλ’
3604 5059 3759 5130 ὅμως

2179 5163 2235 5211 ἐν
2266 5161 2341 5228 τῷ
2377 5160 2532 5230 μέρει
2562 5159 2621 5211 τὸ
2651 5159 2770 5211 ὅλον
2816 5158 2960 5227 ἔχεις
2981 5175 2993 5186 ·
3024 5154 3119 5208 καὶ
3151 5153 3253 5223 γάρ
3280 5149 3531 5214 τοσοῦτος
3562 5151 3761 5220 γέγονε

2177 5249 2263 5302 διὰ
2290 5250 2350 5301 τὸ
2379 5247 2576 5301 κοινόν
2607 5249 2698 5302 καὶ
2727 5250 2857 5320 ὁρᾷς
2890 5248 2953 5297 σὺ
2985 5244 3142 5314 μόνος
3170 5241 3446 5307 τοσοῦτον,
3467 5243 3589 5296 ὅσον
3615 5239 3760 5294 εἶδον

2181 5343 2379 5405 πάντες
2435 5341 2736 5411 ἄνθρωποι.
2773 5341 2936 5390 Ὥστε
2965 5335 3228 5405 τοσαύτην
3261 5335 3498 5404 ὀφείλεις
3529 5336 3758 5404 εὐχαρι-

2179 5434 2353 5495 στίαν,
2370 5435 2501 5505 ὅσην
2525 5434 2785 5492 ἀπαντες·
2805 5431 2900 5482 καὶ
2915 5431 3051 5499 ὑπὲρ
3072 5429 3177 5481 τῶν
3199 5429 3396 5482 κοινῶν
3416 5425 3760 5496 εὐχαριστεῖν

2178 5526 2243 5580 ἂν
2273 5528 2388 5596 εἴης
2413 5526 2639 5584 δίκαιος,
2673 5521 2768 5574 καὶ
2797 5521 2932 5590 ὑπὲρ
2968 5520 3064 5590 τῆς
3091 5521 3173 5573 ἐτέ
3183 5537 3292 5590 ρων
3320 5517 3540 5589 ἀρετῆς.
3577 5510 3758 5565 Πολλὰ

2178 5621 2284 5687 γὰρ
2323 5617 2417 5671 καὶ
2460 5617 2525 5667 δι’
2575 5614 2764 5675 ἄλλους
2811 5614 3092 5684 πάσχομεν
3138 5611 3339 5673 καλῶς.
3391 5605 3502 5660 Καὶ
3549 5603 3654 5675 γάρ
3703 5604 3756 5655 εί

2177 5710 2309 5762 δέκα
2357 5709 2516 5774 μόνον
2563 5706 2621 5758 ἐν
2655 5705 2907 5768 Σοδόμοις
2947 5704 3250 5774 εὑρέθησαν
3279 5699 3510 5757 δίκαιοι,
3550 5694 3651 5747 οὐκ
3687 5691 3760 5747 ἂν

2180 5799 2418 5864 ἔπαθον,
2469 5795 2625 5870 [455]
2663 5799 2804 5869 άπερ
2854 5798 3071 5857 ἔπαθον.
3113 5796 3279 5846 Ὥστε
3329 5788 3424 5842 καὶ
3475 5785 3613 5858 ὑπὲρ
3658 5784 3759 5857 τῆς
