4028 6222
214 366 314 424 597

209 486 360 535 ceret
390 494 406 531 :
438 474 728 539 ostendens
754 475 1027 543 videlicet,
1060 475 1113 530 id
1134 476 1233 547 ipsi
1246 491 1458 547 quoque
1481 491 1639 548 quam
1666 491 1788 546 gra-

211 569 475 625 tissimum
521 582 661 623 esse.
708 566 841 621 Nam
884 568 974 637 qui
1024 566 1143 622 haec
1170 565 1396 622 aliorum
1424 582 1585 622 causa
1612 565 1790 623 facere

209 658 606 724 consueverint,
635 657 805 712 multo
830 672 961 714 sane
979 657 1147 729 magis
1172 666 1399 727 utraque
1425 656 1541 712 bzec
1567 656 1667 725 ipsi
1695 672 1789 712 sus

206 764 370 806 causa
398 749 702 820 praestaturi
728 757 869 803 sunt.
895 747 1200 817 Quinetiam
1227 761 1323 803 eos
1345 748 1414 802 ad
1436 748 1790 803 humilitatem

206 839 405 903 erudit,
433 848 591 910 atque
619 839 686 894 ad
714 838 1096 895 lerventiorem
1140 838 1420 893 caritatem
1461 839 1627 893 ducit.
1658 839 1790 894 Nam

204 947 329 986 cum
350 930 487 1000 ipse,
518 930 610 1000 qui
640 938 719 985 tot
745 930 987 1000 partibus
1005 929 1287 984 sublimior
1312 928 1417 984 illis
1439 938 1576 997 erat,
1602 945 1789 984 eorum

206 1024 457 1096 precibus
500 1023 727 1078 salutem
773 1037 833 1077 se
878 1030 1266 1091 consequutum
1290 1034 1410 1077 esse
1434 1062 1450 1089 ,
1483 1036 1545 1076 ac
1574 1030 1792 1091 propter

207 1116 445 1185 ipsorum
468 1114 746 1170 orationes
767 1114 1082 1169 beneﬁcium
1107 1113 1383 1183 accepisse
1423 1113 1565 1167 dicat
1589 1154 1603 1177 ,
1632 1114 1790 1169 velim

206 1216 385 1273 teeum
410 1216 645 1275 reputes,
674 1220 786 1277 quq
804 1219 898 1258 eos
915 1203 1097 1258 animo
1117 1219 1385 1274 quamque
1407 1204 1651 1258 modesto
1671 1218 1793 1258 esse
1828 1237 1841 1247 -

204 1288 508 1365 Oportebat.
564 1295 704 1363 Quin
763 1294 891 1349 illud
936 1310 1150 1364 quoque
1201 1293 1591 1359 animadverte,
1647 1296 1790 1365 quod

202 1389 415 1444 etiamsi
448 1388 588 1443 Deus
626 1387 994 1444 misericordia
1041 1394 1319 1457 permotus
1365 1386 1566 1456 aliquid
1610 1386 1788 1453 faci.:t,

205 1488 385 1535 tamen
412 1480 501 1534 hic
530 1492 741 1549 quoque
779 1479 1018 1555 precatio
1042 1479 1267 1533 multum
1297 1477 1592 1548 adjumenti
1615 1478 1787 1533 aﬂ'ert.

205 1571 418 1626 Etenim
438 1572 493 1626 ill
520 1570 781 1641 principio
798 1558 1023 1625 salutem
1050 1586 1205 1625 suam
1234 1571 1327 1625 Dei
1356 1570 1792 1626 miserationibus

203 1673 478 1733 acceptam
506 1663 716 1728 retulit;
759 1662 898 1716 Deus
942 1664 1085 1729 enim
1134 1663 1549 1729 miserationem,
1597 1664 1788 1733 inquit,

204 1770 297 1814 nos
325 1754 535 1824 eripuit;
560 1754 645 1808 hic
684 1761 861 1806 autem
890 1752 1134 1809 eamdem
1166 1753 1402 1823 ipsorum
1429 1769 1642 1823 quoque
1670 1769 1790 1822 pre-

203 1843 355 1897 cibus
396 1842 702 1913 adscripsit.
735 1842 867 1897 Nam
916 1843 1076 1897 etiam
1107 1843 1278 1905 illum,
1322 1843 1414 1913 qui
1467 1845 1787 1897 talentorum

203 1934 392 1991 decem
426 1935 591 1992 millia
620 1933 870 1997 debebat,
902 1944 1180 2003 postquam
1205 1934 1271 1988 ad
1304 1934 1471 2004 ipsius
1509 1933 1670 2003 pedes
1697 1949 1788 1988 ac-

203 2028 479 2095 cessisset,
514 2030 797 2084 miseratus
836 2035 919 2081 est
946 2043 960 2079 :
989 2034 1044 2080 et
1069 2026 1253 2081 tamen
1276 2024 1473 2079 dictum
1501 2034 1605 2091 est,
1636 2024 1791 2079 Mise-

201 2118 426 2172 ricordia
474 2126 638 2171 motus
681 2117 869 2171 dimisit
898 2132 1032 2170 eum.
1073 2119 1247 2187 Atque
1296 2116 1423 2170 item
1473 2115 1791 2169 Chanautete

204 2219 325 2279 post
357 2209 575 2263 multam
605 2207 749 2262 illam
781 2205 1148 2261 assiduitatem
1190 2221 1252 2259 ac
1287 2206 1645 2266 tolerantiam.
1678 2214 1787 2257 tum

202 2301 436 2370 denique
479 2298 601 2352 ﬁlia:
652 2299 880 2354 salutem
933 2297 1200 2351 concessit
1248 2295 1464 2365 (Matth.
1517 2297 1601 2351 15.
1654 2294 1786 2366 28);

203 2390 416 2446 etiamsi
443 2389 644 2458 alioqui
685 2388 1055 2444 misericordia
1097 2388 1285 2442 ductus
1322 2387 1422 2457 ipsi
1457 2388 1680 2443 salutem
1709 2398 1792 2442 at-

204 2483 406 2539 tulerit.
432 2484 509 2537 Ex
537 2497 643 2552 quo
668 2483 918 2539 nimirum
950 2481 1225 2548 discimus,
1256 2481 1499 2551 quamvis
1532 2482 1672 2536 Deus
1699 2481 1791 2534 mi-

202 2575 550 2633 sericordiam
593 2590 719 2646 erga
762 2590 862 2631 nos
902 2575 1238 2631 adhibiturus
1281 2576 1383 2640 sit,
1416 2575 1567 2630 nobis
1612 2584 1790 2631 tamen

204 2667 346 2724 istud
374 2669 522 2738 prius
552 2667 853 2722 faciendum
897 2682 1037 2730 esse,
1084 2678 1140 2721 ut
1182 2666 1551 2722 misericordia
1600 2668 1789 2737 dignos

207 2759 455 2827 nosipsos
486 2766 819 2826 praestemus.
849 2757 1103 2827 Quamvis
1130 2758 1273 2812 enim
1302 2756 1665 2811 misericordia
1696 2758 1786 2825 sit,

202 2849 397 2918 dignos
430 2857 605 2902 tamen
637 2848 861 2918 requirit
906 2867 918 2903 :
966 2862 1071 2902 non
1100 2848 1241 2902 enim
1276 2856 1478 2901 temere
1516 2848 1790 2917 quibusvis

201 2938 470 3009 obtingit,
536 2939 695 2993 etiam
752 2946 970 3007 stupore
1023 2937 1389 2993 laborantibus
1438 2955 1450 2991 :
1513 2938 1791 2995 Miserebor

202 3028 345 3083 enim
376 3068 390 3092 ,
451 3028 664 3096 inquit,
712 3030 858 3097 cujus
917 3028 1222 3091 miserebor;
1277 3038 1326 3081 et
1393 3029 1789 3082 misericordiam

202 3117 453 3185 prastabo
483 3120 547 3182 ei,
576 3119 657 3170 cui
687 3117 957 3171 miserebor
997 3117 1189 3187 (Exod.
1218 3118 1306 3172 55.
1337 3118 1448 3187 19).
1489 3119 1619 3173 Vide
1644 3120 1791 3189 quip-

200 3226 270 3280 pe
312 3210 561 3281 quidnam
591 3210 678 3268 hic
706 3226 915 3281 quoque
944 3211 1088 3265 dicat
1120 3228 1131 3262 :
1163 3209 1532 3276 Adiuoantibus
1580 3222 1627 3265 et
1653 3212 1788 3267 vobis

200 3304 254 3355 in
283 3304 531 3357 oratione.
576 3301 709 3357 Nam
742 3318 841 3358 nec
877 3312 1043 3357 totum
1074 3304 1203 3374 ipsis
1237 3303 1449 3368 tribuit,
1497 3318 1563 3357 ne
1600 3318 1787 3358 eorum

200 3397 410 3451 animos
437 3396 655 3461 ell'erat;
685 3412 784 3451 nec
815 3413 1006 3450 rursus
1026 3413 1118 3451 eos
1144 3397 1289 3450 omni
1328 3413 1393 3452 ex
1422 3406 1571 3466 parte
1601 3398 1667 3451 ab
1691 3398 1787 3451 hu~

196 3490 287 3559 jus
307 3490 548 3545 beneﬁcii
576 3490 731 3545 laude
760 3490 1047 3554 submovit,
1079 3502 1134 3545 ut
1156 3505 1249 3545 eos
1272 3491 1455 3545 incitet
1475 3492 1789 3546 alacriores-

200 3597 308 3650 que
336 3578 550 3646 efﬁciat,
585 3590 744 3652 atque
774 3583 915 3637 inter
937 3599 993 3635 se
1018 3582 1306 3639 devinciat.
1339 3581 1491 3639 Unde
1517 3584 1678 3637 etiam
1707 3583 1787 3637 di-

201 3675 391 3738 cebat,
417 3672 657 3728 Salutem
701 3689 873 3730 meam
919 3675 1069 3729 vobis
1109 3676 1347 3729 donavit.
1380 3676 1510 3730 Nam
1548 3692 1787 3745 persmpe

203 3778 415 3832 quoque
441 3762 586 3820 Deus
605 3765 755 3833 quasi
791 3765 994 3834 pudore
1036 3776 1424 3830 commovetur,
1452 3782 1573 3821 cum
1603 3766 1751 3821 multi
1772 3797 1789 3806 -

203 3854 443 3909 tudinem
490 3853 553 3907 ad
604 3856 963 3923 precationem
1011 3855 1331 3910 concordem
1380 3866 1540 3927 atque
1568 3858 1785 3927 conspi—

202 3953 409 3998 rantem
431 3946 601 4001 cernit
633 3964 647 4000 :
680 3946 905 4017 ideoque
928 3948 1200 4015 prephece
1223 3947 1456 4012 dicebat,
1482 3949 1594 4019 Eae
1618 3960 1786 4003 autem

204 4054 304 4088 non
334 4053 543 4106 parcam
587 4037 703 4088 huic
751 4039 937 4091 civitati
964 4080 976 4101 ,
1008 4039 1058 4091 in
1097 4056 1196 4106 qua
1228 4038 1451 4093 habitant
1482 4042 1597 4109 plus
1635 4058 1786 4109 quam

202 4137 404 4181 cmtum
432 4128 606 4197 viginti
648 4128 807 4180 millia
838 4129 1099 4181 hominum
1122 4128 1295 4196 (λογίας
1330 4131 1383 4184 4.
1418 4132 1526 4199 il).
1562 4131 1779 4194 Deinde,

202 4234 271 4273 nc
304 4227 454 4286 putes
481 4219 643 4272 Deum
669 4217 736 4272 ob
765 4220 1157 4274 multitudinem
1192 4220 1462 4275 dumtaxat
1489 4223 1553 4275 ad
1579 4223 1783 4277 miseri-

203 4307 439 4360 cordiam
477 4307 697 4374 inﬂecti,
731 4308 814 4363 bis
842 4310 1015 4365 verbis
1042 4313 1207 4365 utitur
1237 4330 1249 4363 :
1279 4311 1339 4365 Si
1370 4314 1517 4381 fuerit
1547 4331 1783 4369 numerus

208 4397 368 4450 Israel
422 4406 680 4465 tamquam
732 4417 885 4453 arena
933 4404 1124 4465 maris,
1186 4404 1410 4471 reliquiae
1460 4406 1613 4460 salute
1665 4408 1782 4470 ﬁent

201 4488 353 4557 (Isai.
386 4486 470 4539 10.
494 4486 607 4560 22).
638 4490 737 4557 Qui
768 4490 961 4545 factum
990 4503 1069 4545 est
1093 4493 1271 4561 igitur,
1308 4504 1361 4545 ut
1384 4492 1644 4549 Ninivitas
1670 4512 1782 4550 scr—

200 4579 377 4634 varit?
408 4579 608 4649 Nempe
647 4584 769 4652 quia
814 4600 918 4637 non
968 4584 1250 4638 multitudo
1294 4586 1464 4639 solum
1513 4600 1649 4654 erat,
1688 4590 1778 4644 sed

199 4670 487 4725 multitudo
520 4674 713 4729 virtute
743 4676 964 4745 praedita
995 4694 1009 4729 :
1038 4677 1404 4747 paenitentiam
1442 4679 1583 4733 enim
1618 4698 1780 4735 unus-

198 4763 427 4830 quisque
448 4761 573 4829 egit,
607 4773 659 4817 et
690 4780 718 4817 a
750 4767 829 4820 via
854 4781 947 4819 sua
972 4782 1130 4833 prava
1160 4766 1396 4821 recessit.
1425 4769 1599 4836 Atque
1620 4771 1779 4826 etiam

199 4853 336 4918 ipse,
374 4852 497 4905 dum
542 4853 765 4908 salutem
813 4857 942 4924 ipsis
986 4857 1223 4920 alIerrct,
1256 4857 1433 4911 aiebat
1475 4876 1487 4911 :
1534 4860 1780 4913 Nesciunt

194 4945 321 5009 quid
368 4946 429 4995 sit
483 4944 609 4996 inter
658 4944 887 4997 dextram
932 4959 977 5001 et
1016 4950 1273 5001 sinistram
1304 4946 1469 5010 (Jan;
1496 4951 1529 5002 l.
1575 4949 1666 5022 c.).
1702 4951 1778 5005 Ex

194 5048 307 5103 quo
329 5036 665 5104 pcrsllicuum
686 5043 789 5096 est,
814 5050 908 5089 eos
932 5038 981 5088 ili
1004 5041 1177 5106 priora
1205 5047 1419 5106 peccata
1439 5040 1778 5109 simplicitate

196 5126 379 5198 potius
411 5137 567 5194 quam
591 5126 751 5180 animi
775 5133 1122 5197 perversitate
1164 5131 1340 5200 lapsos
1382 5130 1547 5185 fuisse
1574 5151 1586 5185 :
1619 5133 1777 5201 idque

197 5234 262 5272 ex
288 5232 353 5271 co
380 5227 609 5285 constat,
633 5218 771 5289 quod
792 5219 973 5288 paucis
998 5223 1173 5277 verbis
1196 5223 1389 5277 auditis
1410 5223 1475 5276 ad
1498 5225 1774 5281 meliorem

190 5319 429 5366 mentem
458 5323 517 5363 se
547 5320 879 5381 receperunt.
911 5311 1061 5379 Quod
1084 5315 1127 5367 si
1159 5316 1223 5370 ad
1250 5331 1342 5372 eos
1364 5318 1654 5372 servandos
1676 5321 1777 5376 hoc

189 5400 327 5454 satis
354 5398 543 5453 virium
573 5401 863 5468 habuisset,
887 5404 1028 5473 quod
1054 5415 1265 5460 centum
1294 5409 1476 5479 viginti
1500 5409 1774 5467 hominum

190 5494 358 5548 millia
408 5500 579 5556 erant,
626 5496 876 5563 quidnam
929 5498 1075 5566 prius
1123 5514 1335 5570 quoque
1389 5501 1768 5571 prohibuisset,

189 5586 323 5652 quin
350 5581 575 5637 salutem
604 5584 1063 5654 adipiscerentur?
1092 5587 1197 5642 Cur
1227 5591 1382 5660 igitur
1410 5609 1513 5646 non
1540 5591 1673 5646 dixit
1700 5595 1768 5656 ei.

190 5675 307 5741 Ego
334 5680 510 5726 autem
550 5688 653 5727 non
686 5690 897 5743 parcam
939 5679 1135 5733 civitati
1181 5678 1304 5734 huic
1343 5683 1412 5735 ita
1458 5684 1769 5750 immutata),

192 5763 290 5819 θεά
325 5773 400 5819 tot
432 5763 594 5821 millia
624 5764 866 5835 prolcrt?
891 5770 968 5825 Ex
996 5771 1285 5828 abundanti
1318 5773 1421 5832 lloc
1447 5775 1573 5833 facit
1604 5796 1617 5832 :
1651 5794 1770 5834 nam

1268 362 1334 419 IN
1372 364 1585 422 EPIST.
1628 362 1668 419 ll
1733 361 1824 419 AD
1859 363 2016 420 COR.
2060 365 2289 424 llOMlL.
2329 368 2396 429 ll.

1913 481 2137 533 mutatio
2172 481 2387 552 quidem
2429 485 2708 544 manifesta
2747 500 2883 557 erat,
2927 508 3183 551 numerus
3219 508 3396 555 autem
3426 512 3481 557 et

1896 569 2211 639 simplicitas
2257 574 2451 629 civium
2481 578 2758 649 propheta:
2790 580 2967 652 ignota
3012 596 3189 641 erant.
3235 577 3480 662 Undique

1899 658 2059 727 igitur
2075 675 2262 717 eorum
2282 663 2483 721 animos
2503 666 2745 725 emollire
2766 671 2945 727 studet
2964 690 2979 726 :
2998 686 3120 730 nam
3139 687 3249 733 tum
3273 658 3479 738 viribus

1898 752 2061 818 pollet
2087 755 2390 822 multitudo,
2420 773 2540 813 cum
2566 760 2733 815 virtus
2760 762 2977 832 insuper
3002 766 3227 822 accedit.

1969 840 2229 899 Orationis
2256 848 2349 901 vis.
2372 879 2445 888 —
2473 849 2583 905 lloc
2622 853 2782 907 etiam
2810 854 2915 909 alio
2944 855 3062 918 loco
3096 857 3370 931 Scriptura
3397 864 3481 921 his

1897 933 2073 987 verbis
2103 934 2339 993 declarat
2368 957 2381 992 :
2408 938 2587 995 Oratio
2613 952 2781 997 autem
2808 945 2956 1011 fiebat
2983 947 3091 1002 sine
3114 949 3482 1012 intermissione

1898 1025 1959 1077 ab
1993 1023 2218 1079 Ecclesia
2243 1028 2312 1082 ad
2340 1028 2501 1084 Deum
2528 1050 2620 1101 pro
2646 1051 2703 1088 eo
2733 1036 2886 1103 (Act.
2908 1037 3002 1093 ii.
3030 1038 3100 1109 5)
3126 1058 3139 1093 :
3173 1028 3481 1116 tantamque

1897 1117 2002 1171 vim
2036 1118 2235 1184 habuit,
2261 1129 2321 1174 ut
2344 1124 2587 1191 quamvis
2611 1128 2774 1181 etiam
2804 1127 2947 1189 fores
2975 1130 3171 1186 clauem
3196 1144 3394 1199 essent,
3425 1147 3481 1191 et

1898 1218 2098 1263 catena:
2127 1213 2423 1283 apostolum
2452 1215 2793 1286 stringerent,
2827 1223 3183 1295 custodesque
3215 1227 3480 1299 utrimque

1897 1300 1961 1353 ad
1986 1302 2151 1369 ipsius
2183 1305 2318 1359 latus
2348 1305 2662 1375 dormirent,
2698 1326 2819 1365 eum
2849 1322 3024 1373 tamen
3051 1320 3297 1378 eduxerit
3321 1330 3481 1397 atque

1898 1410 1963 1447 ex
1981 1395 2227 1451 omnibus
2249 1398 2352 1452 illis
2374 1398 2770 1458 difﬁcultatibus
2792 1405 3051 1462 liberarit.
3072 1409 3273 1468 Verum
3296 1395 3484 1487 quem-

1898 1487 2207 1555 admodum,
2238 1492 2281 1545 si
2312 1493 2481 1547 virtus
2511 1495 2669 1563 adsit,
2698 1513 2943 1567 magnam
2972 1501 3077 1557 vim
3108 1502 3269 1561 habet
3291 1509 3481 1565 multi-

1898 1580 2026 1633 tudo
2057 1599 2072 1635 :
2103 1582 2170 1634 ita
2210 1584 2254 1637 si
2300 1585 2483 1639 vitium
2532 1588 2690 1653 adsit,
2744 1592 2939 1647 nullam
2984 1595 3264 1654 utilitatem
3304 1599 3479 1663 aﬂ'crt.

1897 1670 2173 1739 Siquidem
2219 1685 2273 1727 ot
2317 1675 2591 1738 Israelittc,
2630 1696 2763 1749 quos
2799 1699 2977 1740 arente
3007 1689 3170 1743 maris
3198 1705 3480 1747 numerqu

1896 1759 2205 1829 adaequasse
2233 1764 2502 1834 Scriptura
2534 1770 2734 1837 refert,
2766 1788 2954 1832 omnes
2984 1780 3291 1847 perierunt;
3323 1794 3481 1854 atque

1896 1851 2052 1904 etiam
2082 1863 2320 1924 tempore
2343 1856 2453 1912 Noe
2476 1862 2742 1927 permulti,
2766 1865 2873 1919 imo
2896 1867 3159 1926 innumeri
3184 1883 3357 1941 erant,
3382 1851 3481 1932 nec

1899 1952 2073 1999 tamen
2102 1962 2195 2000 eos
2226 1942 2507 2019 quidquam
2542 1952 2641 2008 lloc
2661 1954 2796 2023 juvit
2818 1971 2833 2010 ε
2858 1959 2968 2013 sola
3005 1964 3148 2016 enim
3197 1968 3482 2027 multitudo

1896 2036 2027 2091 nihil
2060 2048 2252 2106 potest,
2279 2057 2459 2097 verum
2485 2047 2827 2102 tumdemum
2858 2065 2977 2103 cum
3006 2056 3333 2112 access-iouis
3361 2060 3482 2119 loco

1896 2138 2000 2181 εει.
2051 2129 2244 2184 Demus
2276 2133 2432 2200 igitur
2458 2149 2709 2203 operam,
2743 2147 2797 2192 ut
2825 2139 2878 2192 ili
2912 2142 3159 2208 precibus
3187 2159 3479 2218 coeamus,

1895 2218 1981 2271 alii
2015 2234 2109 2286 pro
2138 2220 2253 2275 aliis
2284 2238 2566 2292 precemur
2589 2268 2605 2292 ,
2638 2229 3082 2297 quemadmodum
3105 2234 3185 2289 illi
3221 2251 3316 2303 pro
3342 2252 3478 2307 apo-

1895 2310 2063 2363 stolis.
2096 2310 2184 2365 Sic
2209 2313 2350 2367 enim
2382 2325 2437 2369 et
2461 2318 2769 2373 mandatum
2797 2322 3100 2390 exlilemus,
3123 2334 3176 2379 et
3196 2325 3259 2379 ad
3287 2329 3480 2382 carita-

1899 2410 2001 2453 tem
2049 2402 2372 2458 incitamur:
2404 2422 2523 2462 cum
2572 2421 2751 2465 autem
2790 2414 3071 2469 caritatem
3114 2406 3269 2484 dico,
3298 2421 3477 2475 omnia

1895 2490 2031 2544 bona
2063 2490 2164 2545 hoc
2198 2496 2458 2552 vocabulo
2494 2501 2821 2571 complector
2851 2521 2866 2559 :
2899 2515 3058 2575 atque
3086 2508 3246 2567 etiam
3276 2509 3479 2581 majore

1893 2582 2072 2638 studio
2113 2586 2312 2655 gratias
2354 2604 2513 2658 agere
2553 2589 2843 2649 discamus.
2885 2596 3018 2651 Nam
3044 2601 3133 2672 qui
3164 2616 3260 2670 pro
3289 2603 3483 2660 alienis

1893 2676 2092 2744 gratias
2129 2676 2241 2733 Deo
2277 2690 2460 2749 agunt,
2487 2682 2655 2737 multo
2685 2685 2854 2755 magis
2896 2684 2946 2740 id
2986 2703 3082 2757 pro
3104 2691 3215 2747 suis
3252 2691 3474 2751 faciunt.

1893 2765 2007 2859 {loc
2034 2768 2199 2825 David
2227 2788 2437 2843 quoque
2467 2775 2713 2844 faciebat,
2744 2793 2864 2835 cum
2894 2780 3119 2850 diceret,
3148 2783 3479 2859 Magniﬁcate

1894 2856 2170 2913 Dominum
2199 2879 2413 2930 mecum,
2438 2877 2484 2919 et
2507 2870 2786 2926 exaltemus
2812 2889 2989 2929 nomen
3016 2876 3125 2945 ejus
3164 2878 3216 2932 in
3250 2856 3477 2949 idipsunt

1894 2944 2063 3018 (Psat.
2091 2950 2179 3004 53.
2208 2952 2262 3023 4)
2296 2971 2311 3008 :
2339 2954 2441 3010 hoc
2466 2966 2521 3010 et
2546 2962 2818 3026 apostolus
2850 2944 3045 3032 passim
3068 2944 3343 3037 exposcit:
3374 2968 3477 3028 hoc

1892 3054 1992 3094 nos
2018 3040 2143 3095 item
2171 3041 2444 3111 iaciamus,
2478 3057 2635 3119 atque
2660 3051 2798 3119 apud
2828 3068 3014 3109 omnes
3042 3057 3135 3112 Dei
3158 3059 3474 3117 beneﬁcium

1891 3132 2265 3200 praedicemus,
2303 3144 2361 3190 ut
2400 3153 2490 3193 eos
2533 3139 2853 3197 laudationis
2900 3146 3075 3200 socios
3114 3162 3473 3210 assumamus.

1887 3221 2024 3277 Nam
2053 3224 2119 3289 si,
2151 3240 2272 3280 cum
2304 3228 2621 3286 beneﬁcium
2648 3234 2864 3304 aliquod
2892 3237 2959 3292 ab
2990 3238 3294 3297 hominibus
3319 3259 3476 3302 acce-

1892 3318 2064 3387 pimus
2085 3327 2243 3389 atque
2264 3321 2315 3375 id
2332 3322 2680 3391 celebramus,
2697 3332 3052 3399 promptiores
3064 3349 3158 3390 eos
3174 3335 3238 3390 ad
3258 3334 3393 3393 bene
3406 3337 3475 3394 de

1892 3408 2047 3464 nobis
2072 3411 2389 3467 merendum
2420 3414 2693 3472 reddimus
2726 3435 2739 3472 :
2768 3422 2934 3475 multo
2961 3426 3150 3495 magis,
3182 3426 3275 3482 Dei
3305 3427 3471 3486 bene—

1890 3501 2010 3558 ﬁcia
2041 3502 2414 3571 praedicantes,
2439 3507 2504 3561 ad
2536 3508 2791 3579 majorem
2833 3512 3258 3571 benevelentiam
3297 3511 3471 3589 ipsum

1892 3592 2242 3648 arti-alienius.
2271 3596 2334 3649 Et
2360 3597 2425 3662 si,
2459 3613 2578 3651 cum
2609 3600 2924 3656 beneﬁcium
2955 3604 3165 3671 aliquod
3197 3606 3264 3660 ab
3296 3608 3470 3663 homi-

1892 3683 2049 3736 nibus
2076 3687 2389 3754 consequuti
2421 3704 2604 3743 sumus
2627 3731 2641 3755 ,
2674 3691 2738 3744 ad
2770 3694 2969 3761 gratias
2996 3696 3272 3751 nobiscum
3301 3678 3469 3771 agen-

1890 3770 1987 3826 das
2017 3772 2151 3826 alios
2176 3774 2334 3828 etiam
2361 3778 2675 3845 excitamus,
2710 3782 2880 3837 multo
2912 3785 3149 3853 proiecto
3179 3770 3353 3859 magis
3376 3806 3472 3843 no-

1889 3860 1972 3915 bis
2010 3863 2301 3916 curandum
2342 3876 2443 3932 est,
2474 3876 2529 3919 lit
2558 3870 2772 3938 multos,
2814 3873 2902 3942 qui
2941 3877 3142 3947 gratias
3180 3892 3276 3947 pro
3319 3880 3472 3936 nobis

1889 3960 2068 4022 agant,
2110 3952 2177 4006 ad
2224 3954 2389 4010 Deum
2435 3958 2800 4015 adhibeamus.
2847 3963 3087 4036 Cumque
3128 3966 3343 4031 Paulus,
3377 3976 3464 4039 qui

1884 4054 2089 4097 tantam
2135 4044 2378 4101 ﬁduciam
2426 4049 2719 4117 obtinebat,
2753 4053 2853 4108 hoc
2902 4056 3075 4122 iaciat,
3112 4068 3257 4114 tanto
3301 4066 3467 4132 magis

1890 4134 1992 4188 hoc
2044 4150 2074 4187 a
2121 4136 2276 4190 nobis
2332 4138 2447 4192 ﬁeri
2507 4156 2727 4197 necesse
2783 4154 2884 4197 est.

1960 4223 2013 4279 5.
2045 4222 2309 4287 Quocirca
2340 4233 2557 4279 sanctos
2595 4228 2741 4279 viros
2786 4228 2949 4280 etiam
2983 4236 3147 4297 atque
3169 4228 3330 4283 etiam
3363 4230 3463 4283 ob-

1892 4331 2187 4375 secremus,
2221 4322 2277 4367 ut
2307 4328 2405 4383 pro
2445 4316 2605 4368 nobis
2636 4316 2840 4382 gratias
2872 4326 3068 4384 agant,
3099 4327 3264 4387 atque
3294 4321 3459 4374 etiam

1888 4408 1988 4477 ipsi
2023 4422 2117 4475 pro
2145 4406 2300 4461 nobis
2329 4407 2431 4460 hoc
2457 4407 2686 4461 invicem
2726 4406 3012 4462 faciamus.
3053 4406 3203 4463 istud
3230 4424 3461 4478 praeser-

1890 4499 1983 4551 tim
2028 4500 2369 4565 sacerdotum
2410 4515 2610 4554 munus
2639 4509 2741 4563 est,
2774 4510 2955 4571 utpote
2984 4501 3184 4555 bonum
3216 4501 3462 4555 omnium

1890 4593 2427 4659 praestantissimum.
2481 4593 2813 4646 Accedentes
2861 4594 3039 4655 enim,
3094 4594 3327 4659 primum
3364 4604 3464 4658 pro

1887 4685 1976 4735 uni
1990 4698 2145 4737 verso
2166 4684 2296 4736 orbe
2313 4682 2800 4749 communibusque
2816 4680 3118 4734 commodis
3136 4680 3337 4748 gratias
3355 4679 3465 4748 agi-

1887 4789 2027 4825 mus.
2047 4772 2178 4825 Nam
2200 4772 2298 4825 etsi
2317 4771 2629 4825 communia
2646 4772 2734 4829 Dei
2754 4772 3011 4825 beneﬁcia
3033 4783 3179 4836 sunt,
3202 4782 3381 4828 tamen
3405 4781 3462 4827 tu

1882 4875 2094 4929 quoque
2122 4862 2187 4915 in
2234 4863 2503 4917 communi
2532 4865 2757 4920 salutem
2783 4880 2843 4920 es
2872 4878 3255 4940 consequutus.
3285 4870 3469 4944 Itaque

1887 4961 1995 5005 tum
2011 4967 2107 5022 pro
2122 4955 2326 5023 privata
2338 4963 2426 5009 tua
2440 4969 2778 5013 communem
2790 4960 3077 5029 gratiarum
3092 4964 3352 5018 actionem
3375 4963 3465 5019 de-

1883 5043 1998 5108 bes,
2019 5054 2128 5098 tum
2152 5061 2246 5115 pro
2262 5050 2529 5103 communi
2548 5050 2811 5118 privatam
2828 5052 2940 5107 Deo
2962 5052 3172 5109 laudem
3194 5056 3287 5111 abs
3307 5065 3358 5111 te
3377 5057 3475 5111 olm

1884 5134 2009 5190 ferri
2034 5151 2243 5205 :equum
2269 5137 2447 5193 fuerit.
2471 5139 2681 5194 Etenim
2702 5142 2867 5197 solem
2891 5158 2997 5199 non
3022 5145 3116 5199 tibi
3146 5146 3235 5200 uni
3265 5161 3468 5202 acceno

1882 5230 1979 5293 dit,
1995 5231 2089 5285 sed
2108 5231 2264 5284 etiam
2282 5234 2642 5287 communiter
2661 5234 2934 5299 omnibus;
2960 5244 3009 5288 et
3030 5243 3206 5292 tamen
3236 5238 3286 5292 in
3312 5250 3462 5309 parte

1883 5329 2052 5374 totum
2080 5320 2244 5374 habes
2272 5338 2285 5374 :
2319 5337 2438 5375 nam
2466 5323 2536 5377 ob
2556 5338 2894 5379 communem
2917 5326 3154 5382 omnium
3182 5328 3461 5386 utilitatem

1884 5421 2025 5466 tanta
2050 5412 2412 5482 magnitudine
2429 5426 2641 5470 creatus
2666 5425 2779 5479 est;
2810 5425 2863 5469 tu
2883 5426 3061 5473 tamen
3084 5421 3233 5477 solus
3256 5434 3461 5479 tantum

1880 5504 2051 5568 vides,
2085 5514 2339 5572 quantum
2379 5509 2608 5563 universi
2654 5510 2906 5565 mortales
2928 5511 3112 5568 videre
3137 5525 3353 5584 queant.
3384 5517 3462 5574 Ex

1881 5609 1986 5662 quo
2012 5593 2260 5660 efﬁcitur,
2294 5606 2351 5651 ut
2379 5608 2576 5651 tantam
2608 5601 2895 5663 gratiarum
2925 5589 3193 5658 actionem
3220 5605 3418 5661 debeas
3440 5648 3456 5674 ,

1880 5694 2129 5756 quantam
2158 5688 2427 5754 universi;
2470 5706 2533 5744 ac
2564 5698 2613 5744 te
2645 5700 2699 5746 et
2729 5706 2828 5761 pro
2851 5694 3227 5750 communibus
3252 5696 3459 5751 beneﬁ-

1879 5778 1976 5833 Ciis
2013 5776 2210 5849 gratias
2256 5795 2415 5851 agere
2461 5796 2557 5853 par
2591 5796 2695 5851 εει,
2737 5791 2791 5840 et
2834 5798 2929 5855 pro
2969 5784 3199 5843 aliorum
3240 5788 3454 5848 virtute.
