4028 6222
536 309 645 367 399

536 448 717 503 Multis
770 448 917 501 enim
968 444 1130 501 etiam
1175 452 1393 515 propter
1440 442 1576 499 alios
1623 442 1901 499 beneﬁciis
1948 441 2122 497 altici-

538 554 680 592 mur.
725 535 934 591 Etenim
962 535 1007 590 si
1036 535 1120 591 vel
1160 534 1345 591 decem
1375 534 1475 589 soli
1502 532 1632 603 justi
1667 531 1767 587 viri
1795 534 1847 587 in
1877 531 2127 588 Sodomis

542 630 744 685 inventi
772 628 1015 694 fuissent,
1045 643 1153 682 non
1184 628 1236 681 in
1265 641 1361 682 eas
1381 666 1397 693 ,
1426 640 1562 695 quas
1591 625 1945 695 pertulerunt,
1977 624 2153 679 cala-

541 724 754 777 mitates
780 721 1115 776 incidissent.
1147 717 1504 787 Quamobrem
1533 731 1631 788 pro
1656 702 1882 772 alierum
1913 730 2126 785 quoque

540 813 679 883 apud
721 812 893 867 Deum
940 810 1184 865 libertate
1212 824 1275 864 ac
1304 808 1496 863 ﬁducia
1537 807 1735 878 gratias
1763 821 1981 877 agamus
2014 823 2025 858 :
2056 806 2128 859 si-

538 906 753 975 quidem
795 904 969 974 prisca
1010 901 1097 958 lex
1143 902 1258 956 lucc
1302 908 1405 967 est,
1433 908 1594 971 atque
1617 898 1911 970 antiquitus
1939 898 1991 952 in
2025 896 2127 953 Ee-

544 994 707 1051 rlesia
734 992 995 1049 instituta.
1024 991 1114 1047 Sic
1142 990 1339 1045 Paulus
1370 1004 1466 1060 pro
1492 989 1778 1053 Romanis,
1810 1004 1906 1059 pro
1929 986 2126 1043 Corin-

540 1083 670 1138 thiis
689 1124 707 1149 ,
748 1097 849 1151 pro
887 1082 1136 1137 universo
1164 1081 1295 1137 orbe
1317 1080 1519 1150 gratias
1546 1081 1676 1151 agit.
1704 1079 1814 1135 Nec
1835 1095 1965 1135 vero
1998 1078 2127 1132 illud

539 1172 674 1227 mihi
698 1170 896 1227 dixeris
920 1190 935 1227 :
964 1171 1076 1227 Hoc
1107 1170 1423 1241 praeclarum
1452 1168 1656 1224 facinus
1679 1183 1857 1223 meum
1888 1183 1993 1222 non
2021 1176 2123 1221 est.

541 1264 795 1331 Quamvis
822 1264 965 1320 enim
996 1272 1147 1319 tuum
1174 1277 1279 1317 non
1310 1262 1415 1328 sit,
1447 1262 1525 1316 sic
1556 1275 1770 1331 quoque
1799 1270 1977 1314 tamen
2001 1274 2125 1328 gra-

566 1358 645 1411 ias
670 1370 827 1426 agere
853 1355 1036 1421 debes,
1062 1357 1203 1427 quod
1233 1355 1536 1410 membrum
1564 1366 1711 1409 tuum
1735 1354 1841 1410 tale
1865 1355 1954 1408 sit.
1980 1354 2127 1408 Alio-

540 1446 667 1514 quin
696 1447 857 1501 etiam
888 1456 1041 1501 tuum
1072 1445 1201 1500 illud
1227 1445 1356 1499 facis
1378 1486 1393 1511 ,
1426 1461 1548 1500 cum
1580 1445 1766 1499 laudas
1793 1457 1847 1499 et
1886 1446 1936 1499 in
1973 1459 2126 1498 coro-

539 1553 731 1592 narum
784 1546 991 1607 partem
1045 1538 1162 1606 ipse
1214 1538 1374 1591 etiam
1428 1538 1617 1604 venis,
1671 1545 1831 1607 atque
1880 1536 2126 1593 eamdem

536 1630 763 1700 gratiam
798 1629 1082 1699 percipies.

612 1718 798 1773 Preces
823 1735 915 1788 pro
938 1705 1323 1774 catechumenis.
1348 1749 1417 1760 —-
1439 1719 1523 1774 0b
1550 1734 1667 1775 mm
1698 1734 1913 1774 causam
1939 1718 2127 1773 Eccle-

537 1812 635 1866 sia:
663 1812 808 1882 leges
826 1811 893 1866 ad
916 1811 1057 1866 hunc
1080 1812 1294 1867 modum
1318 1826 1504 1881 preces
1526 1810 1639 1866 ﬁeri
1661 1811 1847 1879 jnbent
1872 1827 1885 1862 :
1911 1825 2014 1862 non
2036 1824 2129 1863 eas

539 1902 817 1959 dumtaxat
860 1919 978 1973 qua:
1018 1918 1119 1973 pro
1158 1903 1424 1967 ﬁdelibus,
1455 1902 1550 1957 sed
1577 1917 1669 1957 eas
1697 1902 1857 1956 etiam
1882 1916 2000 1971 qua:
2032 1917 2128 1969 pro

537 1997 938 2062 catechumenis
978 1994 1302 2050 adhibentur
1331 2012 1343 2048 :
1370 1994 1632 2064 siquidem
1685 1994 1767 2048 lex
1810 1993 1876 2048 ad
1925 1994 2129 2062 suppli-

537 2086 768 2141 candum
816 2099 912 2152 pro
954 2085 1056 2151 his,
1102 2086 1191 2155 qui
1242 2085 1477 2140 nondum
1529 2085 1719 2139 initiati
1764 2094 1909 2149 sunt,
1944 2084 2128 2138 ﬁdeles

536 2177 753 2232 excitat.
783 2175 917 2230 Nam
946 2189 1066 2230 cum
1094 2176 1354 2230 diaconus
1381 2176 1474 2239 ait,
1504 2174 1612 2229 Pro
1637 2174 2014 2229 catec/tumeuis
2042 2173 2125 2226 in-

538 2278 669 2324 tente
702 2285 921 2335 oremus,
962 2268 1092 2322 nihil
1136 2270 1279 2323 aliud
1328 2269 1473 2331 facit,
1519 2283 1675 2338 quam
1723 2276 1779 2323 ut
1823 2268 2126 2322 universam

538 2360 776 2415 ﬁdelium
808 2359 1203 2414 multitudinem
1244 2360 1309 2414 ad
1353 2375 1541 2429 preces
1577 2374 1674 2428 pro
1712 2359 1815 2414 illis
1855 2358 2129 2413 obeundas

537 2451 754 2506 excitet.
790 2451 949 2519 Atqui
980 2445 1350 2505 alieni‘adhuc
1380 2459 1502 2504 sunt
1537 2448 1907 2504 catechumeni
1944 2467 1957 2503 :
1987 2464 2127 2503 nou-

537 2542 835 2599 dumuim
866 2543 1079 2613 corpori
1119 2541 1315 2597 Christi
1357 2543 1501 2597 insiti
1537 2552 1685 2610 sunt,
1718 2558 1817 2597 nec
1846 2541 2131 2612 mysterio-

534 2648 659 2689 rum
690 2634 976 2705 participes
1001 2634 1197 2700 eﬂ‘ecti,
1217 2650 1401 2689 verum
1423 2649 1452 2686 a
1477 2633 1737 2703 spirituali
1767 2647 1928 2701 grege
1952 2631 2129 2686 adhuc

538 2725 716 2779 divisi.
740 2724 896 2793 Quod
922 2724 967 2780 si
996 2739 1127 2795 ergo
1154 2738 1253 2795 pro
1280 2712 1363 2778 his
1391 2723 1653 2778 orandum
1676 2732 1779 2789 est,
1809 2722 1978 2776 multo
2000 2735 2130 2777 sane

536 2818 711 2889 magis
741 2832 841 2887 pro
866 2817 1065 2873 nostris
1094 2817 1370 2871 membris.
1401 2814 1483 2870 0h
1514 2814 1673 2885 idque
1701 2814 1863 2869 etiam
1891 2814 2005 2879 ait,
2040 2810 2130 2868 1η-

539 2919 673 2963 tente
700 2925 922 2974 omnes,
951 2923 1017 2963 ne
1046 2907 1297 2963 videlicet
1323 2923 1416 2962 eos
1446 2914 1713 2977 tamquam
1741 2906 1947 2960 alienos
1976 2903 2131 2959 abdi-

538 3014 633 3054 ces
650 3014 715 3053 ac
744 2998 975 3068 rejieias.
1002 3016 1069 3054 ne
1093 3009 1360 3067 tamquam
1385 2998 1699 3068 peregrinos
1720 3011 1822 3050 non
1845 3009 2127 3065 agnoscas.

543 3091 789 3145 Nondum
819 3092 963 3146 enim
1008 3092 1122 3162 lege
1159 3090 1453 3157 sancitum,
1482 3098 1641 3158 atque
1672 3103 1702 3141 a
1731 3088 1946 3144 Christo
1981 3088 2129 3142 inve-

539 3193 681 3239 ctam
717 3184 1083 3254 prccationcm
1124 3182 1357 3248 habent;
1405 3181 1643 3236 nondum
1682 3180 1901 3235 liberius
1940 3179 2129 3235 orandi

541 3281 860 3343 potestatem
905 3273 1047 3328 nacti
1092 3280 1241 3338 sunt,
1288 3271 1386 3328 sed
1432 3272 1681 3338 aliorum,
1720 3271 1812 3341 qui
1860 3271 2130 3343 mysteriis

541 3365 735 3421 initiati
763 3366 892 3432 sint,
915 3380 1017 3436 ope
1046 3365 1307 3435 indigent.
1333 3364 1549 3421 Etenim
1577 3371 1729 3420 extra
1752 3363 2018 3419 vestibula
2046 3378 2130 3419 re-

540 3459 625 3528 gia
656 3466 818 3522 stant,
849 3458 1113 3529 longeque
1153 3474 1181 3513 a
1224 3457 1391 3513 sacris
1432 3457 1728 3513 cancellis:
1757 3472 1925 3528 eaque
1966 3457 2129 3512 etiam

541 3550 611 3605 de
649 3564 831 3615 caiisa,
863 3565 984 3605 cum
1028 3550 1323 3606 tremendae
1366 3563 1556 3620 preces
1597 3548 1749 3613 ﬁunt,
1792 3549 2125 3618 ablegantur.

541 3640 659 3709 Quo
690 3640 769 3704 ﬁt.
798 3650 856 3695 ut
884 3651 936 3697 te
960 3657 1172 3713 quoque
1199 3642 1445 3697 hortetur
1467 3683 1484 3705 ,
1514 3648 1573 3695 ut
1597 3655 1694 3711 pro
1721 3640 1827 3695 illis
1854 3655 1999 3704 ores,
2021 3656 2129 3710 quo

542 3732 780 3787 membra
806 3740 909 3801 tua,
920 3733 1070 3799 ﬁant,
1095 3748 1195 3789 nec
1215 3733 1329 3802 jam
1349 3732 1617 3802 peregrini
1640 3740 1800 3801 atque
1820 3731 1977 3786 alieni
2000 3730 2126 3787 sint.

544 3823 678 3880 Illud
700 3826 844 3881 enim
863 3868 879 3892 ,
915 3825 1158 3893 Omnes,
1192 3840 1297 3880 non
1328 3825 1395 3880 ad
1421 3822 1731 3881 sacerdotes
1762 3832 1968 3878 tantum
1988 3864 2004 3889 ,
2033 3822 2130 3877 sed

540 3917 703 3971 etiam
722 3916 789 3971 ad
814 3917 1067 3987 populum
1089 3925 1313 3985 spectat.
1336 3915 1467 3969 Nam
1488 3929 1610 3968 cum
1632 3914 1724 3979 ait,
1747 3912 1901 3967 Recte
1920 3923 2128 3981 stantis,

540 4024 763 4073 oremus,
790 4022 981 4063 omnes
1010 4007 1077 4061 ad
1106 4005 1435 4076 precandum
1467 4005 1748 4070 hortatur;
1779 4020 1842 4060 ac
1864 4014 1977 4059 tum
2009 4020 2132 4074 pre-

539 4101 806 4156 cationem
836 4097 1141 4169 auspicans,
1165 4099 1261 4161 ait,
1288 4094 1354 4151 Ut
1382 4095 1874 4150 misericordissimus
1900 4112 1959 4150 ac
1985 4097 2133 4151 mise-

540 4202 683 4245 rator
714 4189 848 4245 Deus
873 4192 1127 4245 orationes
1152 4206 1327 4244 eorum
1347 4189 1610 4245 exaudiat.
1639 4189 1846 4244 Etenim
1871 4203 1939 4243 ne
1958 4188 2125 4254 dicas,

542 4282 681 4351 Quid
702 4290 785 4337 est
803 4283 944 4353 quod
964 4283 1217 4338 oremus?
1243 4282 1403 4336 alieni
1423 4290 1569 4343 sunt,
1592 4281 1830 4335 nondum
1852 4280 2129 4335 nobiscum

545 4373 815 4443 conjuncti
862 4390 877 4426 :
923 4360 1065 4428 unde
1110 4372 1277 4426 Deum
1318 4385 1639 4440 permovere
1685 4368 1942 4439 possum?
1989 4369 2131 4425 unde

544 4480 667 4521 cum
692 4465 982 4530 adducere,
1014 4475 1069 4520 ut
1111 4463 1534 4520 misericordiam
1562 4476 1624 4519 ac
1653 4462 1864 4517 veniam
1892 4461 1997 4517 illis
2028 4463 2128 4516 im-

549 4557 781 4625 pertiat?
809 4572 898 4619 ne,
927 4558 1167 4625 inquam,
1190 4556 1305 4611 lucc
1332 4569 1581 4626 quaerens
1604 4554 1830 4617 lirereas,
1854 4552 1974 4607 vide
1998 4568 2132 4622 quo-

545 4646 706 4705 modo
756 4645 839 4701 his
881 4644 1058 4701 verbis
1094 4644 1477 4700 dubitationem
1524 4652 1672 4699 tuam
1713 4643 1965 4699 discutiat
2008 4662 2023 4699 :
2063 4642 2132 4698 Ut

545 4740 1041 4807 misericordissima
1067 4754 1129 4792 ac
1158 4738 1424 4793 miseratur
1452 4734 1612 4791 Deus.
1642 4736 1850 4791 Audisti
1872 4776 1890 4801 ,
1925 4736 2133 4792 Miseri-

542 4833 895 4890 cordissimus
925 4833 1101 4889 Deus?
1126 4832 1388 4904 Perplexo
1404 4831 1517 4903 jam
1540 4829 1723 4886 animo
1748 4844 1870 4886 esse
1898 4828 2084 4885 desine
2112 4846 2129 4882 :

546 4924 1084 4983 uiisericordissimus
1111 4928 1257 4978 enim
1287 4924 1411 4990 ille,
1440 4923 1677 4978 omnium
1699 4964 1714 4989 ,
1743 4922 1846 4979 hoc
1875 4931 1959 4978 est
1981 4962 1997 4987 ,
2024 4931 2130 4976 tam

546 5028 886 5093 peccatorum
916 5033 1077 5090 quam
1100 5015 1419 5082 amicorum,
1442 5014 1749 5069 miseretur.
1776 5013 2037 5080 Quocirca
2064 5029 2133 5069 ne

542 5113 785 5179 dixeris,
816 5111 1060 5181 Quonam
1100 5108 1263 5165 modo
1305 5121 1493 5163 eorum
1528 5121 1688 5161 causa
1732 5104 1898 5160 Deum
1936 5104 2134 5159 adibo?

544 5205 663 5276 ipse
691 5204 834 5260 enim
858 5218 1045 5259 eorum
1074 5216 1260 5273 preces
1287 5199 1557 5256 exaudiet.
1581 5199 1834 5267 Quasnam
1854 5211 2011 5269 porro
2030 5198 2133 5252 alia

544 5294 1055 5353 catechumenorum
1072 5294 1306 5362 precatio
1334 5291 1513 5355 fuerit,
1530 5306 1689 5360 quam
1709 5301 1767 5347 ut
1796 5306 1862 5347 ne
1882 5289 2135 5346 catechu-

542 5389 689 5444 meni
730 5386 1019 5444 maneant?
1056 5384 1177 5441 Hos
1221 5382 1625 5456 supplicationis
1665 5399 1877 5455 quoque
1915 5382 2135 5439 modum

540 5480 731 5537 dictat.
775 5478 1031 5546 Quisnam
1060 5485 1238 5533 autem
1265 5478 1354 5534 ille
1379 5474 1503 5532 est?
1555 5474 1623 5530 Ut
1652 5476 1880 5530 cordium
1903 5475 2135 5547 ipsorum

542 5588 695 5628 aures
719 5570 936 5641 aperiat.
967 5566 1379 5626 Occlusm'enim
1408 5577 1465 5623 et
1491 5568 1753 5623 obturatas
1782 5566 1956 5621 adhuc
1984 5575 2131 5623 sunt.

548 5666 723 5718 Aures
753 5675 915 5732 porro
944 5676 1051 5715 non
1080 5668 1330 5729 externas
1360 5659 1553 5723 hasce,
1586 5658 1681 5715 sed
1709 5659 1902 5714 mentis
1929 5658 2132 5713 intelli-

546 5753 640 5824 git.
678 5753 749 5809 Ut
770 5753 981 5809 audiant
1007 5768 1117 5822 qua:
1147 5751 1319 5809 oculus
1345 5766 1446 5806 non
1476 5750 1616 5820 vidit,
1636 5766 1723 5806 nec
1754 5750 1891 5806 auris
1916 5750 2129 5817 audivit,

1363 306 1419 361 S.
1459 302 1735 361 JOANNlS
1759 295 2233 358 CllRYSOSTOMl
2272 298 2588 356 AllClllEP.
2630 298 3163 357 CONSTANTINOP.

3718 310 3824 365 400

2232 436 2323 475 nec
2360 418 2414 474 in
2452 435 2541 474 cor
2577 418 2797 473 hominis
2834 420 3193 474 ascenderunt.
3233 419 3419 491 Neque
3444 420 3588 477 enim
3624 436 3824 477 arcana

2232 513 2486 585 mysteria
2504 511 2808 579 audierunt,
2829 513 2923 568 sed
2947 513 3129 583 procul
3146 522 3200 567 et
3220 514 3431 568 eminus
3447 523 3611 570 stant.
3643 518 3821 587 Atque

2219 608 2393 661 etiam
2414 606 2460 660 si
2485 605 2725 669 audiant,
2745 604 2887 660 haud
2907 613 3086 661 tamen
3108 604 3237 674 quid
3256 605 3465 660 dicatur
3488 607 3819 678 intelligunt:

2231 701 2496 773 siquidem
2533 717 2597 757 ea
2639 702 2910 772 ingentem
2953 703 3299 773 sagacitatem
3329 714 3383 758 et
3411 704 3818 776 intelligentiam

2232 796 2529 866 requirunt,
2559 812 2667 851 non
2708 804 2887 851 autem
2933 806 2994 852 nt
3035 796 3322 851 dumtaxat
3364 798 3686 861 audiantur;
3718 796 3818 865 ipsi

2231 904 2359 945 vero
2383 890 2623 944 internas
2644 903 2803 945 aures
2826 889 3064 945 nondum
3089 899 3434 958 acceperunt.
3478 889 3631 946 Unde
3656 888 3824 943 etiam

2233 978 2526 1049 prophetia:
2571 980 2798 1051 gratiam
2847 981 2979 1051 ipsis
3021 988 3173 1051 optat
3204 998 3221 1035 :
3247 979 3513 1051 siquidem
3555 979 3823 1050 prepheta

2230 1070 2297 1123 ad
2328 1070 2471 1125 hunc
2497 1071 2715 1126 modum
2742 1071 3064 1143 loquebatur
3093 1087 3109 1127 :
3140 1070 3387 1127 Dominus
3423 1071 3511 1125 dat
3547 1071 3674 1125 mihi
3715 1070 3824 1125 lin-

2228 1179 2383 1233 gnam
2401 1163 2678 1229 eruditam,
2709 1173 2765 1218 ut
2793 1165 2953 1217 sciam
2980 1164 3186 1235 qundo
3214 1171 3441 1235 oporteat
3463 1163 3690 1233 proferre
3715 1178 3826 1217 ser-

2232 1271 2428 1309 nionem
2461 1271 2479 1309 :
2502 1258 2738 1326 quoniam
2761 1256 2871 1326 ipse
2888 1257 3052 1325 aperit
3075 1272 3133 1311 os
3161 1272 3349 1319 meum,
3366 1254 3533 1325 posuit
3553 1270 3632 1308 me
3651 1269 3822 1319 mm,

2229 1349 2465 1416 apposuit
2490 1346 2619 1399 mihi
2635 1362 2809 1402 aurem
2834 1348 3118 1402 audientem
3146 1345 3301 1419 (Isai.
3324 1345 3415 1401 50.
3433 1345 3487 1400 4.
3516 1343 3594 1415 5).
3622 1344 3826 1410 Quem-

2230 1438 2517 1493 admodum
2538 1438 2681 1493 enim
2710 1439 2989 1509 prepheta:
3017 1440 3123 1496 alio
3150 1438 3310 1494 modo
3335 1453 3400 1494 ac
3423 1437 3616 1508 reliqui
3644 1436 3825 1491 homi-

2232 1547 2329 1587 nes
2373 1530 2667 1587 audiehant
2690 1548 2704 1586 :
2730 1531 2809 1586 sic
2853 1531 3027 1587 ﬁdelis
3067 1546 3282 1601 quoque
3318 1530 3425 1585 alio
3463 1518 3625 1585 modo
3659 1542 3823 1599 quam

2230 1621 2622 1677 catechumeni.
2673 1623 2849 1692 Atque
2879 1621 3005 1677 hinc
3031 1621 3194 1677 etiam
3225 1621 3451 1677 docetur
3479 1619 3825 1675 catechume-

2231 1729 2356 1781 nus,
2388 1730 2448 1770 se
2474 1714 2542 1769 ab
2570 1714 2884 1770 hominibus
2904 1713 3021 1770 haec
3042 1729 3150 1770 non
3172 1713 3401 1780 discere,
3432 1727 3611 1785 neque
3633 1712 3825 1768 audire

2232 1803 2433 1871 (Nolite
2458 1805 2601 1859 enim
2624 1845 2642 1871 ,
2674 1806 2879 1875 inquit,
2905 1808 3084 1861 vocare
3109 1806 3247 1861 vobis
3275 1806 3574 1877 magistrum
3588 1806 3659 1859 in
3686 1813 3827 1858 terra

2233 1894 2444 1966 [Μωιή.
2473 1896 2564 1951 23.
2590 1894 2709 1965 8|),
2739 1896 2836 1951 sed
2868 1897 3171 1951 sublimitas
3200 1907 3363 1966 atque
3386 1911 3417 1951 e
3442 1896 3589 1950 caelis
3614 1913 3627 1949 :
3652 1894 3823 1949 Erunt

2231 1987 2374 2041 enim
2403 2004 2599 2053 omnes,
2625 1988 2796 2056 inquit
2822 1986 3123 2058 Scriptura,
3149 1987 3390 2042 docibiles
3415 1985 3516 2041 Dei
3546 1986 3698 2057 (Isai.
3728 1986 3821 2042 54.

2233 2085 2345 2153 15).
2382 2086 2556 2155 Atque
2586 2084 2784 2139 idcirco
2810 2086 2901 2148 ait,
2934 2082 3002 2137 Et
3027 2083 3237 2137 instillet
3263 2083 3385 2153 ipsis
3406 2081 3609 2137 vanum
3633 2081 3823 2134 cerita-

2232 2180 2295 2230 tis
2321 2193 2339 2230 :
2368 2178 2439 2231 ita
2468 2186 2527 2231 ut
2557 2177 2766 2231 iuterne
2793 2178 2845 2231 in
2877 2177 3023 2247 ipsos
3048 2175 3373 2231 infundatur.
3394 2173 3633 2230 Necdum
3654 2173 3822 2240 enim,

2232 2278 2409 2336 utpar
2434 2276 2537 2331 est,
2561 2266 2800 2321 veritatis
2825 2266 3046 2320 verbum
3070 2274 3286 2319 norunt.
3324 2263 3390 2320 Ut
3413 2265 3643 2319 timorem
3671 2279 3825 2317 suum

2231 2357 2285 2410 in
2331 2357 2457 2425 ipsis
2502 2356 2731 2410 seminat.
2779 2355 2849 2411 At
2888 2354 2992 2410 hoc
3033 2356 3253 2410 minime
3292 2353 3653 2410 sufﬁcitzaﬁa
3677 2352 3825 2409 enim

2231 2450 2544 2505 ceciderunt
2568 2463 2725 2503 secus
2752 2449 2914 2513 viam,
2944 2446 3046 2503 alia
3076 2461 3238 2517 super
3266 2455 3466 2517 petras.

2304 2543 2359 2597 6.
2390 2541 2591 2597 Verum
2622 2554 2723 2595 nos
2750 2556 2859 2595 non
2898 2539 2964 2595 ad
3004 2542 3152 2595 hunc
3191 2538 3408 2595 modum
3447 2538 3824 2610 postulamus;

2230 2633 2327 2689 sed
2356 2633 2499 2687 sicut
2526 2642 2765 2686 aratrum
2810 2632 2864 2685 in
2908 2631 3086 2702 pingui
3130 2639 3271 2686 terra
3310 2630 3491 2686 sulcos
3524 2630 3719 2699 aperit,
3744 2629 3829 2684 sic

2230 2725 2393 2782 etiam
2424 2724 2511 2779 hic
2539 2733 2600 2779 ut
2629 2724 2721 2778 ﬁat
2750 2739 3063 2795 precamur,
3099 2738 3293 2794 nempe
3319 2731 3379 2777 ut
3411 2722 3462 2776 in
3490 2723 3687 2777 mentis
3715 2722 3830 2776 imo

2234 2816 2493 2882 iunovati,
2517 2816 2721 2871 semina
2751 2814 2945 2885 injecta
2965 2814 3254 2883 excipiant,
3274 2829 3338 2869 ac
3358 2812 3611 2883 quidquid
3634 2811 3828 2868 audie-

2232 2908 2343 2963 rint
2374 2916 2625 2963 accurate
2662 2911 2950 2962 retineant.
2994 2904 3149 2961 Unde
3177 2907 3338 2960 etiam
3366 2905 3480 2960 haec
3503 2905 3669 2960 verba
3691 2904 3827 2960 sub-

2233 3002 2438 3065 nectit,
2469 2999 2537 3053 Et
2564 2998 2831 3068 conﬁrmet
2848 2998 3004 3067 ﬁdem
3023 3013 3170 3052 suam
3195 2998 3249 3051 in
3271 2997 3455 3051 animis
3483 3014 3679 3052 eorum.
3709 2997 3829 3053 Hoc

2231 3101 2317 3147 est
2353 3100 2414 3145 ut
2451 3105 2520 3145 ne
2558 3090 2611 3145 in
2652 3089 2936 3159 superﬁcie
2965 3089 3161 3159 jaceat,
3190 3088 3283 3143 sed
3306 3088 3415 3143 alte
3443 3087 3654 3143 radices
3678 3098 3826 3159 agat.

2237 3180 2308 3237 Ut
2335 3182 2552 3252 justitite
2583 3181 2897 3252 evangelium
2934 3181 3058 3251 ipsis
3096 3180 3298 3235 revelat.
3342 3179 3546 3248 Duplex
3576 3179 3827 3235 velamen

2233 3288 2355 3329 esse
2398 3272 2668 3339 ostendit;
2715 3273 2940 3327 alterum
2982 3271 3106 3343 quia
3152 3272 3347 3327 mentis
3394 3272 3633 3341 ipsorum
3679 3270 3828 3327 oculi

2232 3364 2402 3419 clausi
2429 3373 2576 3428 sunt,
2604 3363 2833 3418 alterum
2872 3362 2997 3433 quia
3034 3370 3280 3431 opertum
3329 3361 3434 3416 illis
3474 3368 3558 3416 est
3595 3375 3833 3432 evange-

2232 3455 2384 3509 lium.
2412 3456 2491 3510 Ac
2514 3452 2737 3521 proinde
2765 3454 3011 3522 superius
3038 3452 3254 3523 quidem
3276 3450 3508 3514 dicebat,
3535 3449 3604 3505 Ut
3624 3450 3831 3521 aperias

2234 3565 2382 3602 aures
2411 3546 2578 3601 cordis
2604 3548 2864 3617 ipsorum;
2893 3542 2982 3600 hic
3017 3556 3225 3610 autem,
3262 3544 3331 3599 Ut
3360 3544 3578 3615 iustitia
3611 3559 3834 3614 evange-

2233 3641 2360 3694 lium
2377 3639 2501 3709 ipsis
2530 3638 2765 3708 detegat;
2790 3636 2895 3692 hoc
2918 3646 3021 3703 est,
3046 3644 3103 3690 ut
3122 3636 3396 3706 sapientes
3414 3648 3511 3691 eos
3529 3644 3583 3689 et
3602 3635 3668 3695 ad
3691 3635 3830 3690 illud

2239 3722 2609 3798 excipiendum
2655 3727 2879 3783 idoneos
2906 3726 3125 3794 reddat,
3156 3737 3317 3797 atque
3348 3735 3405 3781 ut
3431 3725 3624 3782 doceat
3648 3740 3715 3781 ac
3739 3742 3830 3781 se-

2235 3824 2378 3879 mina
2398 3823 2581 3893 jaciat.
2610 3820 2741 3876 Nam
2764 3821 2883 3876 sive
2912 3820 3090 3876 idonei
3114 3820 3242 3884 sint,
3264 3818 3397 3873 nihil
3419 3827 3595 3874 tamen
3619 3817 3672 3873 id
3693 3818 3830 3888 ipsis

2224 3913 2581 3995 emolumenti
2610 3912 2889 3978 attulerit,
2924 3912 3027 3966 nisi
3060 3913 3199 3966 Deus
3217 3909 3481 3965 detexerit
3504 3926 3518 3962 :
3542 3908 3657 3964 sive
3683 3909 3831 3965 Deus

2234 4005 2469 4076 detegat,
2501 4005 2599 4075 ipsi
2628 4014 2809 4060 autem
2832 4004 3148 4076 repudient,
3186 4004 3243 4059 in
3270 4002 3411 4059 idem
3440 4017 3628 4058 rursus
3649 4002 3826 4059 detri-

2236 4106 2474 4152 mentum
2506 4097 2871 4167 prolabentur.
2916 4096 3027 4151 Hac
3059 4095 3128 4151 de
3168 4109 3327 4151 causa
3360 4103 3640 4164 utrumque
3682 4097 3823 4165 peti-

2235 4205 2376 4254 mus,
2408 4203 2603 4257 nempe
2628 4198 2686 4242 ut
2708 4196 2765 4242 et
2788 4187 2951 4243 corda
2976 4186 3208 4257 aperiat,
3225 4195 3283 4241 et
3305 4187 3643 4257 evangelium
3676 4196 3831 4257 pate-

2237 4280 2415 4337 l‘aciat.
2446 4279 2629 4350 Neque
2657 4278 2802 4334 enim
2822 4278 2868 4333 si
2894 4278 3101 4348 regium
3129 4276 3570 4347 paludamentum
3590 4277 3830 4348 superie-

2234 4381 2323 4428 cto
2368 4372 2489 4428 veto
2536 4379 2734 4426 tectum
2773 4370 2989 4440 jaceat,
3034 4368 3320 4438 quicquam
3360 4366 3466 4423 hoc
3503 4367 3827 4427 intuentium

2235 4464 2406 4519 oculis
2428 4462 2689 4532 profuerit
2711 4478 2724 4514 :
2748 4458 3197 4529 quemadmodum
3224 4472 3437 4513 rursum
3458 4456 3534 4510 nil
3554 4454 3827 4511 detectum

2236 4554 2370 4610 illud
2416 4568 2538 4609 esse
2576 4552 2813 4623 juverit,
2859 4551 2905 4606 si
2949 4550 3093 4605 oculi
3129 4550 3351 4605 minime
3380 4547 3619 4617 vigileut.
3648 4547 3827 4603 Ambo

2238 4660 2400 4715 porro
2426 4643 2525 4698 ista
2547 4632 2879 4712 contingent,
2908 4641 2953 4696 si
2982 4641 3058 4696 illi
3083 4641 3233 4712 prius
3252 4637 3540 4696 voluerint.
3556 4635 3827 4706 Quidnam

2237 4747 2415 4793 autem
2444 4744 2549 4801 est,
2575 4734 2799 4790 Iustitia
2817 4736 3172 4807 euangelium!
3194 4732 3459 4789 Nimirum
3482 4730 3626 4802 quod
3649 4731 3831 4802 justus

2236 4830 2424 4886 el'ﬁclt.
2467 4826 2563 4882 His
2600 4827 2743 4883 enim
2774 4827 2953 4884 verbis
2978 4825 3229 4897 baptismi
3253 4820 3577 4878 desiderium
3608 4824 3665 4879 iu
3695 4825 3831 4896 ipsis

2236 4925 2362 4986 ciet,
2386 4922 2514 4976 dum
2541 4919 2670 4975 illud
2691 4919 2950 4986 ostendit,
2966 4916 3301 4986 evangelium
3329 4928 3435 4969 non
3463 4924 3671 4971 tantum
3698 4930 3831 4985 pec—

2236 5022 2357 5068 cata
2387 5011 2685 5078 remittere,
2704 5012 2799 5067 sed
2815 5009 3076 5080 justitiam
3099 5006 3261 5062 etiam
3282 5003 3496 5062 adet-re.
3528 5002 3599 5061 Ut
3618 5006 3704 5060 det
3724 5006 3830 5061 illis

2238 5112 2453 5156 mentem
2472 5101 2718 5168 divinum,
2736 5111 2927 5155 castam
2944 5096 3319 5168 cogitationem,
3337 5096 3493 5151 vitans
3510 5111 3626 5149 eum
3644 5096 3832 5152 uirtute

2237 5195 2580 5264 conjunctnm.
2608 5194 2845 5249 Audiant
2869 5190 2985 5245 haec
3006 5187 3214 5254 ﬁdeles,
3236 5190 3327 5259 qui
3350 5188 3474 5243 vita.
3492 5186 3718 5255 hujusce
3740 5202 3835 5242 lse-

2238 5287 2397 5357 gotiis
2418 5285 2567 5341 afﬁxi
2588 5294 2732 5340 sunt.
2756 5282 2890 5337 Nam
2916 5280 2961 5335 si
2986 5279 3073 5345 iis,
3098 5279 3193 5351 qui
3213 5279 3438 5334 minime
3459 5276 3653 5331 initiati
3676 5286 3826 5340 sunt,

2242 5377 2358 5434 huic
2387 5378 2661 5449 postulare
2686 5374 2939 5445 iubemur
2957 5413 2973 5439 ,
3004 5371 3402 5428 animadvertas
3427 5367 3611 5436 velim,
3640 5370 3829 5440 quales

2239 5472 2489 5541 nosipsos
2517 5482 2640 5525 esse
2663 5472 2910 5536 Oporteat
2933 5464 3027 5535 qui
3052 5463 3171 5518 haec
3194 5460 3316 5516 aliis
3347 5458 3679 5528 postulamus
3710 5477 3727 5514 :
3758 5460 3825 5515 si-

2238 5560 2457 5631 quidem
2484 5559 2539 5619 ld
2559 5556 2828 5629 agendum
2852 5563 2937 5613 est
2953 5596 2968 5621 ,
2998 5565 3055 5610 ut
3083 5553 3193 5608 vita
3218 5557 3405 5606 nostra
3431 5551 3717 5621 evangelio
3745 5566 3823 5607 re-

2239 5653 2519 5726 spondeat.
2555 5649 2673 5718 Quo
2696 5648 2858 5705 etiam
2887 5647 2965 5712 ﬁt,
2994 5654 3054 5701 ut
3078 5640 3403 5714 precationis
3424 5640 3511 5696 lex
3532 5655 3562 5696 a
3586 5639 3827 5696 doctrina

2244 5747 2310 5802 ad
2340 5748 2503 5802 vitam
2533 5750 2785 5801 transeat.
2830 5741 3118 5809 Postquam
3147 5732 3292 5791 enim
3327 5730 3462 5787 dixit
3482 5770 3499 5795 ,
3533 5727 3599 5786 Ut
3627 5730 3832 5795 iustitia
