4028 6222
496 373 595 428 401

490 489 824 560 κιλευομεθα
839 490 1011 544 ταῦτα
1027 493 1220 558 αἰτεῖν,
1242 495 1493 566 ἐννόησον
1515 502 1573 550 ἐν
1590 501 1735 551 τίσιν
1752 499 1901 569 ἡμᾶς
1924 493 2064 552 εἶναι

492 581 622 651 χρὴ,
645 581 775 643 τοὺς
799 582 969 634 ταῦτα
998 583 1205 653 ἑτέροις
1228 584 1534 650 αἰτοῦντας·
1566 588 1661 641 καὶ
1690 587 1799 659 γὰρ
1828 589 2063 658 ἑφάμιλ-

489 670 581 722 λον
626 670 813 741 δεῖτῷ
849 671 1166 744 Εὐαγγελίῳ
1207 674 1306 746 τὴν
1352 676 1628 731 πολιτείαν
1676 677 1839 748 ἐχειν.
1877 679 1969 733 Διὸ
2000 678 2064 749 δὴ

491 758 709 827 καὶτῆς
746 760 911 831 εὐχῆς
950 762 982 814 6
1024 762 1189 833 νόμος
1227 764 1335 818 άπὸ
1372 763 1482 818 τῶν
1506 764 1792 835 δογμάτων
1824 769 1918 821 ἐπὶ
1964 767 2064 838 τὴν

491 849 768 903 πολιτείαν
800 852 1133 922 μεταϐαίνει.
1168 855 1354 909 Εἰπὼν
1376 856 1507 928 γὰρ,
1543 858 1677 913 Ἵνα
1693 859 2063 929 ἀποκαλύψῃ

487 938 691 1004 αὐτοῖς
713 940 779 994 τὸ
804 943 1157 1012 εὐαγγέλιον
1185 944 1295 1014 τῆς
1321 938 1729 1015 δικαιοσύνης,
1758 950 2059 1020 ἐπήγαγεν·

490 1026 615 1080 Ἵνα
643 1027 726 1093 δῷ
751 1030 955 1096 αὐτοῖς
994 1032 1142 1085 νοῦν
1169 1034 1399 1089 ἔνθεον.
1430 1034 1495 1087 Τί
1527 1034 1584 1088 δέ
1613 1037 1782 1099 ἐστιν,
1815 1037 2061 1099 ἐνθεον;

489 1116 604 1169 Ἶνα
645 1121 674 1170 6
701 1119 832 1183 Θεὸς
860 1122 983 1193 οἰκῇ
1029 1123 1087 1174 ἐν
1124 1124 1291 1195 αὐτῷ’
1339 1126 1665 1191 Ἐνοικήσω
1700 1126 1831 1197 γὰρ,
1873 1127 2062 1197 φησὶν.

488 1209 559 1261 ἐν
588 1210 794 1277 αὐτοῖς
830 1213 929 1266 καί
960 1214 1437 1283 ἐμπεριπατήσω.
1480 1218 1650 1271 Ὀταν
1683 1218 1791 1288 γὰρ
1836 1218 2063 1287 γένηται

488 1298 694 1363 δίκαιος
741 1303 770 1354 6
824 1302 947 1367 νοῦς
967 1344 981 1366 ,
1030 1305 1156 1358 ὅταν
1189 1308 1524 1376 άποδύσηται
1556 1308 1623 1361 τὰ
1651 1309 2062 1378 ἁμαρτήματα,

488 1384 635 1452 οἶκος
668 1392 875 1458 γίνεται
905 1394 998 1447 τοῦ
1030 1395 1189 1449 Θεοῦο
1228 1398 1355 1451 ὅταν
1381 1399 1437 1451 δὲ
1464 1401 1493 1451 6
1524 1399 1657 1462 Θεὸς
1684 1400 1887 1469 ἐνοικῇ,
1910 1398 2064 1457 οὐδὲν

489 1482 827 1551 ἀνθρώπινον
861 1485 1015 1542 ἔσται
1042 1487 1249 1543 λοιπόν.
1286 1491 1397 1543 Καὶ
1424 1489 1565 1544 οὕτω
1589 1492 1798 1559 γίνεται
1823 1490 2008 1555 ἐνθους
2034 1492 2065 1544 6

488 1574 630 1640 νοῦς,
668 1574 884 1630 ἅπαντα
916 1577 1289 1647 φθεγγόμενος
1332 1581 1543 1634 ἐκεῖθεν
1564 1622 1579 1646 ,
1622 1581 1810 1652 ὥσπερ
1842 1578 1935 1634 οῦν
1968 1582 2063 1635 καὶ

482 1665 635 1740 οἶκος
658 1668 752 1721 τοῦ
778 1668 914 1722 Θεοῦ
954 1670 1103 1725 ενδον
1129 1673 1425 1737 οἰκοῦντος.
1476 1675 1535 1728 '0
1564 1675 1930 1747 αἰσχῳλογῶν
1952 1676 2061 1748 ἄρα

487 1758 730 1829 οὐκ”ιχει
758 1760 938 1812 ἔνθεον
972 1761 1117 1826 νοῦν,
1149 1762 1269 1816 οὐδὲ
1310 1766 1338 1816 6
1378 1764 1712 1836 εὐτραπελίᾳ
1741 1767 1837 1819 καὶ
1858 1766 2061 1834 γέλωτι

487 1849 714 1918 χαίρων.
754 1849 1039 1919 Σώφρονα
1066 1852 1379 1920 λογισμόν.
1412 1855 1524 1908 Καὶ
1555 1854 1607 1909 τί
1637 1854 1768 1907 ποτέ
1804 1856 1919 1907 ἐστι
1955 1853 2061 1907 σώο

489 1954 662 2005 φρονα
688 1936 946 2009 λογισμὸν
978 1939 1154 2010 ἔχεινς
1191 1942 1263 1995 Τὸ
1289 1943 1387 2013 τὴν
1417 1944 1604 2011 ὐγείαν
1640 1944 1936 2015 κεκτῆσθαι
1958 1944 2057 2015 τὴν

488 2030 629 2083 κατὰ
648 2030 843 2102 ψυχήν·
866 2032 941 2097 ὡς
962 2034 989 2086 δ
1011 2051 1073 2102 γε
1097 2036 1461 2106 κατεχόμενος
1482 2037 1747 2107 ἐπιθυμίᾳ
1768 2037 2057 2108 πονηρίας,

487 2120 579 2174 καὶ
611 2121 749 2191 πρὸς
784 2124 853 2175 τά
898 2124 1140 2195 παρόντα
1176 2128 1511 2198 ἐπτοημένος
1534 2166 1549 2190 ,
1590 2128 1691 2181 οὐκ
1723 2127 1788 2180 ἂν
1833 2128 1918 2198 εἴη
1956 2128 2060 2180 σώο

484 2226 658 2282 φρων,
687 2213 983 2279 τουτέστιν,
1022 2216 1199 2285 ὑγιής,
1226 2218 1335 2271 Καὶ
1360 2217 1551 2287 ὥσπερ
1580 2221 1608 2272 6
1632 2217 1803 2270 νοσῶν
1832 2218 1927 2271 καὶ
1951 2217 2059 2272 τῶν

482 2302 545 2353 οὐ
600 2305 989 2373 προσηκόντων
1042 2306 1321 2377 ἐπιθυμεῖ,
1377 2307 1521 2360 οῦτω
1570 2307 1666 2359 καὶ
1721 2302 1895 2371 οὗτος.
1946 2307 2058 2361 Καὶ

481 2389 764 2457 ἐνάρετον
817 2394 1151 2448 πολιτείαν.
1210 2395 1290 2447 Τὰ
1341 2395 1449 2464 γὰρ
1496 2395 1743 2465 δόγματα
1786 2396 2057 2460 πολιτείας

484 2482 671 2549 χρείαν
706 2481 843 2550 ἔχει.
871 2483 1164 2555 Ἀκούσατε
1185 2470 1411 2554 τούτων,
1440 2487 1489 2539 οἰ
1520 2488 1653 2557 πρὸς
1677 2487 1753 2557 τῷ
1780 2489 1928 2542 τέλει
1961 2489 2056 2542 τοῦ

484 2570 603 2639 βίου
643 2572 735 2623 ἐπὶ
768 2573 828 2625 τὸ
864 2572 1149 2645 βάπτισμα
1187 2577 1379 2641 ἰόντες.
1439 2578 1630 2649 Ἡμεῖς
1675 2582 1773 2650 μὲν
1811 2580 1919 2652 γὰρ
1963 2582 2057 2634 εὐ-

482 2661 713 2733 χόμεθα,
751 2662 835 2715 ῖνα
871 2665 1010 2731 μετὰ
1036 2665 1098 2717 τὸ
1129 2665 1413 2738 βάπτισμα
1446 2670 1539 2721 καὶ
1565 2669 1840 2724 πολιτείαν
1868 2672 2054 2740 σχῆτεο

483 2754 549 2805 σὺ
581 2752 640 2805 δὲ
689 2754 941 2816 σπεύδεις
984 2756 1079 2808 καὶ
1125 2756 1303 2812 πάντα
1353 2761 1547 2824 ποιεῖς,
1593 2759 1735 2812 ὥστε
1782 2761 2055 2824 πολιτείας

481 2842 988 2913 ἔρημοςάπελθεῖν.
1025 2846 1090 2899 Τί
1133 2848 1265 2920 γάρ,
1314 2850 1364 2902 εἰ
1392 2852 1485 2903 καὶ
1518 2851 1724 2915 δίκαιος
1758 2852 1904 2923 γίνῃ,
1940 2853 2053 2907 ἀλλ’

480 2936 589 2990 ἀπὸ
622 2936 721 3005 τῆς
747 2936 982 3004 πίστεως
1013 2939 1217 3009 μόνηςς
1258 2941 1447 3010 Ἡμεῖς
1470 2942 1529 2995 δὲ
1564 2945 1658 2996 καὶ
1692 2942 1791 3015 τὴν
1819 2944 1927 2997 ἀπὸ
1948 2945 2054 2998 τῶν

480 3026 921 3097 κατορθωμάτων
947 3030 1219 3101 εὐχόμεθα
1250 3037 1397 3102 σχεῖν
1435 3036 1769 3106 παρρησίαν.
1798 3032 2053 3090 Διαπαν-

477 3118 583 3182 τὸς
620 3119 693 3171 τὰ
717 3120 905 3173 αὑτοῦ
946 3122 1130 3185 νοεῖν,
1158 3124 1230 3177 τὰ
1260 3126 1445 3178 αὑτοῦ
1476 3127 1739 3194 φρονεῖν,
1771 3129 1839 3181 τὰ
1867 3129 2051 3183 αὐτοῦ

473 3209 758 3277 μελετᾷν.
790 3211 1049 3283 Σώφρονα
1078 3215 1186 3285 γὰρ
1220 3215 1477 3286 λογισμὸν
1499 3218 1593 3271 καί¹
1618 3220 1871 3291 ἐνάρετον
1898 3220 2053 3274 πολι-

476 3299 625 3353 τείαν
668 3302 727 3353 οὐ
772 3303 899 3371 μίαν
937 3304 1150 3376 ἡμέραν
1195 3308 1317 3362 οὐδὲ
1356 3307 1448 3361 δύο
1487 3310 1584 3363 καὶ
1614 3314 1762 3383 τρεῖς
1793 3312 2051 3381 αἰτοῦμεν

478 3390 662 3460 μόνον,
695 3392 831 3445 ἀλλὰ
863 3394 951 3447 διὰ
979 3397 1179 3459 παντὸς
1219 3397 1314 3449 τοῦ
1348 3399 1463 3466 βίου
1499 3402 1592 3452 καὶ
1628 3402 1725 3469 τῆς
1760 3402 1923 3471 ζωῆς,
1958 3403 2052 3455 καὶ

477 3483 576 3549 τήν
624 3482 879 3533 ὑπόθεσιν
924 3483 1030 3536 τῶν
1076 3486 1298 3552 ἀγαθῶν
1333 3489 1607 3553 ἁπάντων,
1662 3490 1723 3542 τὸ
1772 3490 1839 3544 τὰ
1887 3492 2049 3545 αὐτοῦ

477 3575 712 3642 φρονεῖν.
752 3577 817 3625 Οἱ
848 3574 959 3642 γὰρ
990 3578 1209 3630 πολλοὶ
1251 3578 1325 3630 τὰ
1363 3579 1594 3633 ἑαυτῶν
1638 3580 1937 3648 ζητοῦσιν,
1980 3584 2052 3635 οὺ

473 3664 547 3717 τὰ
582 3664 775 3731 Ἰησοῦ
804 3668 1080 3732 Χριστοῦ.
1113 3668 1236 3732 Πῶς
1270 3666 1363 3722 οὖν
1398 3671 1555 3724 τοῦτο
1587 3668 1653 3725 ἂν
1684 3673 1926 3741 γένοιτο;
1973 3674 2053 3728 δεῖ

475 3757 583 3825 γὰρ
625 3756 764 3826 μετὰ
795 3758 895 3827 τῆς
935 3758 1101 3829 εὐχῆς
1134 3760 1229 3812 καὶ
1260 3761 1327 3814 τὰ
1360 3765 1490 3833 παρ’
1524 3764 1734 3817 ἑαυτῶν
1769 3767 2049 3834 συνεισφέ-

477 3863 610 3915 ρειν.
648 3849 773 3901 Ἐάν
812 3853 870 3901 ἐν
898 3849 975 3919 τῷ
1004 3851 1152 3923 νόμῳ
1190 3853 1357 3906 αὐτοῦ
1384 3854 1803 3925 καταγινώμεθα
1831 3858 2049 3927 ἡμέρας

474 3939 570 4015 καλ.
627 3941 840 4002 νυκτός·
888 3941 967 3993 διὸ
1012 3944 1106 3994 καὶ
1158 3945 1353 4009 ἐπαγει
1379 3946 1536 3997 τοῦτο
1585 3948 1752 3998 αἰτῶν
1784 3963 1797 3975 ⁸
1845 3950 1939 4001 Ἐν
1969 3948 2048 4012 τῷ

473 4022 634 4097 νόμῳ
690 4030 879 4082 αὑτοῦ
932 4034 1375 4098 καταγίνεσθαι.
1428 4036 1536 4085 Καὶ
1582 4034 1770 4106 ῶσπερ
1806 4038 1914 4090 ἄνω
1965 4040 2044 4098 τὸ,

471 4121 824 4184 Διαπαντὸς,
883 4118 1058 4184 εἶπεν,
1115 4122 1286 4185 οὕτως
1336 4124 1595 4189 ἐνταῦθα,
1660 4126 1897 4194 Ἡμέρας
1948 4130 2045 4183 καί

469 4208 713 4273 νυκτός.
739 4208 832 4261 Διὸ
859 4209 954 4261 καὶ
981 4211 1303 4281 αἰσχύνομαι
1326 4213 1413 4266 διὰ
1438 4216 1561 4277 τοὺς
1584 4214 1729 4280 ἅπαξ
1749 4216 1842 4269 τοῦ
1872 4220 2046 4269 ἐνιαυ-

471 4297 565 4348 τοῦ
596 4298 748 4365 μόλις
778 4300 834 4350 ἐν
864 4300 1127 4370 ἐκκλησίᾳ
1158 4307 1538 4373 φαινομένους.
1572 4306 1705 4359 Τίνα
1729 4306 1835 4376 γὰρ
1871 4312 2045 4376 σχοῖεν

473 4387 767 4454 ἀπολογίαν
790 4392 836 4442 οἰ
860 4390 925 4441 δι’
953 4392 1165 4460 ἡμέρας
1186 4394 1278 4444 καὶ
1301 4395 1491 4455 νυκτὸς
1513 4395 1611 4463 οὐχ
1635 4396 1819 4459 ἁπλῶς
1837 4399 2045 4467 ὁμιλεῖν

472 4475 550 4544 τῷ
583 4478 749 4546 νόμῳ,
788 4481 924 4532 ἀλλὰ
957 4484 1347 4549 καταγίνεσθαι
1396 4485 1765 4556 κελευόμενοι,
1798 4490 2043 4543 τουτέστι

472 4568 950 4637 προσαδολεσχεῖν,
989 4571 1083 4623 καὶ
1128 4574 1263 4643 μηδὲ
1314 4575 1373 4626 τὸ
1421 4575 1709 4629 πολλοστὸν
1754 4578 1916 4651 μέρος
1946 4582 2044 4649 τῆς

468 4654 617 4726 ζωῆς
650 4659 810 4712 τοῦτο
841 4661 1153 4727 ποιοῦντες,
1199 4664 1307 4717 τῶν
1349 4666 1577 4719 ἐντολῶν
1624 4668 1789 4720 αὐτοῦ
1833 4687 2045 4742 μνημο-

470 4748 665 4812 νεύειν,
696 4751 762 4803 τὰ
790 4751 1132 4823 δικαιώματα
1163 4756 1325 4809 αὐτοῦ
1357 4758 1684 4825 φυλάσσειν;

540 4839 603 4904 ζ’.
634 4839 786 4905 Εἶδες
813 4846 997 4916 σειρὰν
1037 4847 1286 4916 ἀρίστην,
1332 4850 1422 4901 καὶ
1452 4850 1569 4913 πῶς
1597 4852 1829 4908 ἕκαστον
1865 4856 2043 4910 αὐτῶν

470 4927 564 4981 τοῦ
606 4929 755 5001 [458]
805 4936 1033 5004 πλησίον
1076 4936 1277 5004 ἔχεται,
1329 4939 1508 5009 πάσης
1552 4944 1758 5012 χρυσῆς
1804 4946 2046 5011 ἁλύσεως

469 5020 878 5092 ἀσφαλέστερόν
920 5042 978 5077 τε
1016 5028 1109 5078 καὶ
1158 5029 1597 5101 εὐπρεπέστερον
1646 5037 2040 5107 συγκείμενον;

469 5110 712 5180 ⁴Ᾱίτήσας
735 5112 844 5181 γὰρ
868 5112 990 5165 νοῦν
1012 5114 1212 5179 ἔνθεον,
1238 5118 1384 5185 λέγει
1413 5121 1528 5184 πῶς
1553 5123 1617 5176 ἂν
1640 5124 1848 5191 γένοιτο
1868 5121 2040 5191 οὗτος.

471 5202 597 5265 Πῶς
619 5203 664 5255 δ’
684 5202 753 5257 ἂν
783 5205 992 5271 γένοιτο
1013 5222 1027 5271 ;
1066 5205 1159 5258 Ἐκ
1182 5209 1276 5260 τοῦ
1298 5210 1585 5277 διαπαντὸς
1608 5217 1768 5269 αὐτὸν
1792 5218 2039 5288 μελετᾷν.

471 5293 642 5349 Τοῦτο
673 5295 730 5348 δὲ
761 5298 875 5361 πῶς
909 5297 975 5351 ἂν
1012 5300 1282 5370 συμϐαίη;
1341 5301 1435 5355 Ἐκ
1467 5305 1560 5357 τοῦ
1590 5306 1666 5376 τῷ
1697 5309 1845 5377 νόμῳ
1876 5328 2045 5380 προσ-

472 5386 615 5455 έχειν
659 5387 943 5456 διηνεκῶς.
996 5392 1120 5454 Πῶς
1172 5392 1215 5444 δ’
1254 5392 1319 5446 ἂν
1363 5395 1715 5465 πεισθείησαν
1764 5399 2043 5469 ἄνθρωποι

470 5478 662 5544 τοῦτο,
707 5482 771 5534 Εἰ
799 5483 897 5546 τάς
925 5484 1142 5549 ἐντολὰς
1184 5486 1349 5540 αὐτοῦ
1378 5490 1616 5557 τηροῖενο
1658 5491 1858 5560 μᾶλλον
1896 5494 1951 5547 δὲ
1982 5496 2044 5546 ἐκ

470 5566 563 5619 τοῦ
593 5569 671 5639 τῷ
708 5570 858 5643 νόμῳ
904 5574 1221 5644 προσέχειν,
1257 5576 1351 5629 καὶ
1380 5577 1441 5628 τὸ
1473 5576 1571 5639 τὰς
1610 5579 1829 5642 ἐντολάς
1855 5586 2044 5652 τηρεῖν

472 5658 702 5717 γίνεται’
737 5662 926 5734 ὥσπερ
951 5660 1042 5720 οὖν
1075 5670 1167 5721 καὶ
1194 5672 1257 5722 ἐκ
1284 5668 1377 5721 τοῦ
1404 5668 1472 5721 τὰ
1502 5668 1668 5721 αὐτοῦ
1701 5676 1922 5741 φρονεῖν
1952 5675 2045 5726 καὶ

473 5746 652 5803 ἔνθεον
686 5752 829 5822 ἔχειν
880 5757 1024 5827 νοῦν,
1058 5760 1120 5813 τὸ
1164 5762 1232 5815 τὰ
1278 5761 1443 5816 αὐτοῦ
1484 5761 1732 5834 μελετᾷν.
1778 5764 2043 5820 ’Έκαστον

1239 380 1296 433 S.
1333 376 1623 433 JOANMS
1659 378 2150 438 CHRYSOSTOMI
2189 383 2516 443 ARCHIEP.
2566 388 3115 453 CONSTANTINOP.

3639 405 3740 462 408

2174 513 2283 574 γάρ
2325 506 2437 559 τῶν
2480 509 2787 581 εἰρημένων
2823 520 2917 564 καὶ
2955 515 3461 583 συγκατασκευάζει
3507 518 3569 571 τὸ
3605 519 3742 591 πλην

2174 595 2310 661 σίον,
2346 598 2441 651 καὶ
2476 602 3054 668 συγκατασκευάζεται
3105 607 3235 677 παρ’
3276 607 3480 675 αὐτοῦ,
3522 610 3743 680 συνέχον

2176 703 2231 740 τε
2276 689 2408 742 αὐτὸ
2437 690 2533 744 καὶ
2563 693 2923 762 συνεχόμενον
2951 698 3083 766 παρ’
3123 696 3309 752 αὐτοῦ.
3358 700 3481 753 Ἔτι
3512 699 3743 754 ἐκτενέ-

2172 797 2388 850 στερον
2413 784 2564 852 ὑπὲρ
2589 784 2787 838 αὐτῶν
2819 788 3350 858 παρακαλέσωμεν.
3388 791 3608 865 Ἐπειδὴ
3633 792 3742 865 γὰρ

2172 872 2228 923 ὲν
2260 872 2339 943 τῷ
2372 872 2571 945 μακρῷ
2610 875 2753 946 λόγῳ
2784 878 3257 950 καταδαρθάνειν⁸
3284 880 3477 936 εῖωθεν
3508 884 3542 953 ή
3572 883 3741 954 ψυχὴ,

2171 961 2332 1015 πάλιν
2371 964 2541 1034 αὐτὴν
2572 966 2898 1036 διανίστησι.
2940 970 3170 1040 Μεγάλα
3200 972 3309 1042 γάρ
3344 973 3592 1042 βούλεταί
3623 992 3743 1029 τινα

2170 1054 2387 1124 αἰτῆσαι
2406 1056 2568 1109 πάλιν
2594 1056 2688 1110 καί⁵
2710 1059 2910 1128 ὑψηλὼ
2931 1060 3012 1113 διό
3035 1079 3221 1132 φησιν*
3248 1064 3376 1120 Ἔτι
3396 1065 3744 1120 ἐκτενέστε-

2162 1160 2277 1209 ρον
2324 1145 2477 1213 ὐπὲρ
2524 1146 2724 1201 αὐτῶν
2773 1150 3309 1222 παρακαλέσωμεν.
3355 1154 3420 1208 Τί
3472 1155 3531 1208 δέ
3585 1155 3743 1211 ’τοῦτό

2169 1237 2348 1301 ἐστιν;
2379 1238 2503 1291 Ἵνα
2522 1235 2799 1307 ἐξέληται
2829 1242 3051 1309 αὐτοὺς
3075 1244 3192 1298 ἀπὸ
3216 1246 3447 1313 παντὸς
3474 1247 3740 1314 acerrumi?

2170 1326 2268 1380 καί
2306 1328 2533 1382 ἀτόπου
2565 1330 2932 1399 πράγματος.
2973 1334 3239 1388 Ἐνταῦθα
3268 1336 3328 1389 τὸ
3362 1336 3437 1406 μὴ
3481 1336 3740 1390 εἰσελθεῖν

2170 1420 2250 1480 εἰς
2282 1420 2583 1489 πειρασμὸν
2612 1422 2705 1473 καὶ
2736 1420 2798 1474 τὸ
2827 1422 3009 1493 πάσης
3038 1423 3337 1495 ἐπιϐουλῆς
3362 1426 3745 1498 ἀπαλλαγῆναι

2169 1508 2429 1578 αἰτοῦμεν
2463 1509 2649 1573 αὐτοῖς
2682 1512 3013 1581 σωματικῶν
3053 1530 3111 1566 τε
3140 1513 3277 1585 ὁμοῦ
3322 1516 3415 1569 καὶ
3443 1534 3744 1587 πνευματι-

2169 1600 2283 1653 κῶν
2308 1600 2337 1640 ιι
2358 1616 2371 1629 ·
2398 1600 2479 1653 διὸ
2504 1600 2599 1654 καὶ
2626 1602 2822 1671 ἐπάγει
2850 1603 3048 1672 λέγων·
3089 1606 3220 1659 Ἀπὸ
3240 1607 3465 1673 παντὸς
3486 1608 3743 1677 ἁμαρτῆ·

2162 1706 2350 1759 ματος
2383 1690 2756 1761 διαϐολαοῦ,
2798 1694 2898 1748 καί
2949 1695 3149 1763 πάσης
3188 1698 3595 1767 περιστάσεως
3634 1699 3745 1753 τοῦ

2182 1783 2659 1856 Ἀντικεψένου·
2694 1786 2819 1849 τοὺς
2871 1787 3215 1858 πειρασμοὺς
3266 1787 3444 1859 δηλῶν
3496 1790 3591 1843 καὶ
3642 1788 3741 1853 τὰς

2167 1872 2461 1944 ἁμαρτίας.

2237 1962 2643 2035 Εὐπερίστατον
2673 1963 2782 2035 γάρ
2804 1966 2838 2035 ή
2862 1965 3108 2037 ἁμαρτία
3125 2006 3140 2029 ,
3164 1965 3432 2023 πάντοθεν
3451 1968 3738 2040 ἱσταμένη,

2165 2049 2499 2121 ἔμπροσθεν,
2523 2051 2769 2117 ὄπισθεν,
2806 2051 2902 2105 καὶ
2927 2052 3101 2116 οὕτως
3128 2056 3274 2125 ἡμᾶς
3305 2056 3734 2112 καταδάλλουσα.

2180 2142 2395 2214 Ἐπειδὴ
2428 2143 2538 2213 γὰρ
2568 2139 2720 2197 εἶπεν
2747 2143 2782 2197 ἃ
2822 2144 2904 2196 δεῖ
2929 2144 3184 2211 γενέσθαι
3208 2147 3336 2216 παρ’
3362 2146 3540 2216 ἡμῶν,
3575 2149 3631 2201 ἐν
3661 2147 3742 2221 τῷ

2165 2236 2314 2305 νόμῳ
2345 2235 2510 2287 αὐτοῦ
2551 2236 2968 2303 καταγίνεσθαι,
2999 2236 3109 2290 τῶν
3141 2235 3369 2290 ἐντολῶν
3400 2236 3565 2291 αὐτοῦ
3602 2256 3743 2310 μνη-

2168 2324 2447 2395 μονεύειν,
2477 2325 2547 2378 τὰ
2590 2324 2933 2395 δικαιώματα
2979 2326 3146 2380 αὐτοῦ
3196 2326 3517 2396 φυλάττειν’
3564 2329 3744 2384 πείθει

2164 2414 2371 2478 λοιπὸν,
2404 2416 2486 2467 ὅτι
2525 2414 2647 2470 οὐδὲ
2678 2415 2852 2468 ταῦτα
2878 2416 3059 2484 ἀρκεῖ,
3087 2417 3153 2469 ἂν
3184 2419 3263 2488 μὴ
3287 2417 3447 2480 αὐτὸς
3471 2422 3620 2489 παρῇ
3648 2420 3744 2472 καὶ

2166 2502 2359 2572 βοηθῇ.
2403 2502 2538 2555 Ἐὰν
2558 2502 2666 2573 γὰρ
2691 2503 2778 2571 μὴ
2808 2504 3026 2572 Κύριος
3049 2505 3422 2574 οἰκοδομήσῃ
3446 2503 3633 2574 οἷκον,
3653 2510 3742 2571 εἰς

2160 2593 2359 2661 μάτην
2400 2592 2738 2646 ἐκοπίασαν
2773 2596 2829 2647 οἱ
2872 2594 3327 2666 οἰκοδομοῦντες
3377 2596 3597 2649 αὐτόν’
3647 2597 3742 2649 καὶ

2168 2685 2402 2755 μάλιστα
2432 2684 2525 2738 ἐπὶ
2554 2684 2762 2738 τούτων
2781 2726 2796 2751 ,
2827 2685 2876 2737 οἳ
2907 2686 2988 2738 ἔτι
3022 2687 3339 2757 πρόκεινται
3366 2688 3445 2757 τῷ
3474 2686 3739 2758 διαϐόλῳ,

2163 2778 2259 2829 καὶ
2288 2775 2393 2829 ὑπὸ
2426 2776 2523 2842 τὴν
2553 2776 2728 2847 άρχήν
2756 2777 2861 2829 εἰσι
2893 2777 2993 2847 τὴν
3021 2776 3208 2833 αὐτοῦ.
3250 2778 3362 2833 Καὶ
3409 2780 3523 2831 ἴστε
3563 2776 3744 2835 ταῦτα

2163 2868 2233 2919 οἱ·
2263 2867 2627 2937 μεμυημένοι.
2688 2865 3101 2937 Ἀναμνήσθητε
3155 2868 3286 2936 γοῦν
3332 2869 3445 2923 τῶν
3476 2871 3745 2940 ῥημάτων

2163 2956 2411 3018 ἐκείνων,
2440 2954 2507 3006 δι’
2536 2949 2611 3008 ὧν
2634 2952 2983 3019 άπετάξασθε
3004 2957 3168 3009 αὐτοῦ
3194 2960 3263 3028 τῇ
3293 2960 3587 3027 τυραννίδι,
3610 2961 3738 3028 γόνυ

2161 3044 2460 3107 κλίναντες,
2487 3044 2579 3097 καὶ
2604 3044 2740 3113 πρὸς
2763 3043 2856 3097 τὸν
2872 3044 3105 3101 Βασιλέα
3128 3046 3621 3116 αὐτομολήσαντες,
3644 3050 3741 3103 καὶ

2160 3133 2228 3186 τὰ
2261 3132 2507 3204 φρικώδη
2534 3132 2719 3185 ἐκεῖνα
2744 3131 3112 3201 φθεγξάμενοι
3142 3133 3386 3203 ῥήματα,
3408 3132 3477 3185 δι’
3506 3126 3581 3186 ὧν
3607 3150 3737 3187 παιο

2158 3225 2426 3293 δευόμεθα
2453 3224 2618 3294 μηδὲν
2637 3223 2785 3293 αὐτῷ
2808 3223 3040 3277 καθόλου
3068 3223 3369 3277 πείθεσθαι.
3407 3224 3739 3293 Ἀντικείμε-

2158 3336 2248 3370 νον
2271 3318 2327 3369 δὲ
2349 3318 2509 3368 αὐτὸν
2532 3316 2687 3369 καλεῖ
2710 3317 2801 3367 καὶ
2822 3315 3090 3379 διάϐολον,
3116 3318 3211 3369 ἐπε
3221 3316 3301 3387 ιδή
3328 3317 3422 3369 καὶ
3441 3316 3573 3369 Θεὸν
3599 3315 3736 3385 πρὸς

2160 3406 2256 3459 ἀνθ
2267 3406 2479 3475 ρώπους
2508 3405 2803 3470 διαϐάλλει,
2830 3406 2923 3458 καὶ
2944 3408 3094 3475 ἡμᾶς
3117 3405 3253 3476 πρὸς
3280 3406 3434 3470 Θεὸν,
3457 3407 3548 3460 καὶ
3573 3406 3735 3459 πάλιν

2158 3499 2308 3566 ἡμᾶς
2338 3498 2534 3559 αὐτοὺς
2561 3498 2699 3566 πρὸς
2722 3496 2983 3567 ἀλλήλους
3004 3513 3017 3527 ·
3054 3497 3183 3549 ποτὲ
3214 3497 3313 3567 μὲν
3343 3498 3450 3567 γὰρ
3478 3498 3571 3549 τὸν
3612 3497 3735 3551 ’1ὼῦ

2161 3591 2297 3659 πρὸς
2320 3590 2408 3641 τὸν
2428 3590 2581 3652 Θεὸν,
2606 3590 2798 3657 λέγων·
2828 3589 2923 3656 Μὴ
2953 3589 3179 3656 δωρεὰν
3203 3589 3437 3643 σέϐεται
3472 3589 3603 3643 Ἰὼϐ
3626 3588 3736 3642 τὸν

2157 3682 2409 3749 Κύριον;
2461 3681 2553 3733 καὶ
2585 3681 2743 3735 πάλιν
2782 3681 2871 3734 τὸν
2918 3680 3049 3732 Θεὸν
3100 3680 3237 3751 πρὸς
3275 3679 3367 3733 τὸν
3426 3678 3565 3732 Ἰώῦ·
3606 3678 3734 3746 Πῦρ

2158 3770 2459 3838 κατῆλθεν
2498 3771 2566 3822 ἐκ
2614 3771 2719 3824 τοῦ
2767 3771 3028 3839 οὐρανοῦ
3054 3786 3067 3797 ·
3114 3771 3205 3823 καὶ
3250 3758 3399 3839 πρὸς
3429 3770 3518 3823 τὸν
3562 3769 3736 3838 Ἀδὰμ

2158 3860 2317 3912 πάλιν
2361 3859 2449 3911 τὸν
2499 3859 2651 3918 Θεὸν,
2690 3860 2778 3911 ὅτε
2828 3859 2979 3927 ἔλεγε
3024 3856 3499 3927 διανοιχθήσεσθαι
3548 3854 3732 3907 αὐτῶν

2156 3952 2279 4011 τοὺς
2322 3948 2659 4016 ὀφθαλμούς’
2689 3948 2782 3999 καὶ
2814 3948 2947 4017 πρὸς
2988 3947 3215 4010 πολλοὺς
3248 3946 3357 3998 τῶν
3383 3945 3479 3998 νῦν
3515 3943 3724 4013 ἀνθρὼ-

2159 4056 2293 4101 πων,
2325 4038 2527 4104 λέγων·
2559 4038 2631 4088 Οὐ
2675 4039 2893 4105 προνοεῖ
2920 4035 3052 4097 Θεὸς
3094 4035 3201 4085 τῶν
3238 4033 3553 4103 ὁρωμένων,
3594 4032 3731 4084 ἀλλὰ

2155 4127 2402 4196 δαίμοσιν
2432 4126 2611 4193 ἀφῆκε
2649 4124 2718 4176 τά
2747 4124 2868 4176 καθ’
2916 4125 3081 4193 ὑμᾶς’
3115 4124 3209 4175 καὶ
3242 4122 3378 4192 πρὸς
3408 4120 3635 4183 πολλοὺς
3671 4120 3730 4172 δὲ

2154 4220 2263 4271 τῶν
2329 4217 2597 4270 Ἰουδαίων
2634 4215 2725 4267 τὸν
2774 4214 3008 4285 Χριστὸν
3069 4214 3319 4275 διέϐαλε,
3377 4210 3575 4265 πλάνον
3633 4209 3732 4264 καὶ

2154 4310 2325 4377 γόητα
2359 4307 2556 4360 καλῶν.
2602 4306 2725 4367 Πῶς
2771 4305 2827 4358 δὲ
2869 4307 3117 4374 ἐνεργεῖ,
3170 4305 3299 4366 ἴσως
3344 4300 3590 4372 βούλεταί
3643 4319 3729 4364 τις

2159 4397 2308 4469 [459]
2336 4397 2586 4449 ἀκοῦσαι.
2630 4398 2797 4449 Ὅταν
2836 4396 2910 4465 μὴ
2944 4396 3079 4467 εὒρῃ
3107 4396 3229 4447 νοῦν
3262 4395 3465 4458 ἔνθεον,
3492 4396 3619 4447 ὅταν
3651 4394 3729 4465 μὴ

2156 4489 2407 4559 σώφρονα
2453 4488 2629 4558 ψυχὴν
2658 4527 2672 4552 ,
2712 4489 2838 4539 ὅταν
2886 4486 2960 4556 μὴ
3002 4484 3314 4555 μνημονεύῃ
3352 4485 3463 4537 τῶν
3495 4486 3728 4537 ἐντολῶν

2153 4578 2246 4632 τοῦ
2279 4560 2433 4645 Θέοῦ,
2467 4579 2600 4649 μηδὲ
2632 4578 2883 4649 φυλάσσῃ
2916 4577 2983 4629 τὰ
3010 4575 3354 4644 δικαιώματα
3384 4574 3572 4639 αὐτοῦ,
3603 4576 3727 4627 τότε

2152 4669 2493 4739 αἰχμάλωτον
2524 4669 2703 4721 λαϐὼν
2743 4669 2979 4722 ἄπεισιν.
3024 4668 3081 4719 Ὀ
3114 4665 3243 4734 γοῦν
3283 4665 3454 4734 Ἀδὰμ
3482 4668 3531 4718 εἰ
3558 4667 3728 4735 ἐμνη-

2157 4763 2350 4831 μόνευε
2383 4762 2479 4831 τῆς
2507 4762 2727 4829 ἐντολῆς
2759 4760 3022 4828 λεγούσης
3042 4799 3055 4820 ,
3098 4758 3239 4811 Ἀπὸ
3274 4756 3503 4822 παντὸς
3532 4758 3730 4819 ξύλου

2151 4850 2337 4920 parii,
2380 4853 2429 4902 εἰ
2477 4850 2747 4918 ἐφύλασσε
2779 4850 2839 4900 τὸ
2877 4848 3151 4916 δικαίωμα
3184 4845 3246 4899 τὸ
3274 4846 3431 4914 λέγον
3454 4884 3471 4908 ,
3518 4839 3603 4917 ⁷ῌ
3648 4845 3729 4900 ἂν

2150 4940 2355 5009 ἡμέραν
2374 4940 2620 5009 φάγητε,
2653 4943 2785 4994 τότε
2816 4940 3046 5005 θανάτῳ
3073 4937 3489 4993 ἁποθανεῖσθε’
3522 4938 3625 4993 οὐκ
3656 4939 3731 4993 ἂν

2151 5031 2353 5083 ἔπαθεν
2396 5030 2539 5098 άπερ
2571 5030 2789 5083 ἔπαθεν.
2838 5030 2973 5083 Ἵνα
3012 5028 3355 5095 καταξιώση
3396 5026 3619 5093 αὐτοὺς
3654 5027 3728 5080 ἐν

2151 5120 2334 5186 καιρῷ
2372 5119 2592 5183 εὐθέτῳ
2630 5120 2739 5188 τῆς
2778 5120 2885 5173 τοῦ
2921 5118 3181 5187 λουτροῦ
3219 5116 3723 5187 παλιγγενεσίας,

2151 5212 2262 5279 τῆς
2297 5210 2567 5280 ἀφέσεως
2595 5211 2711 5264 τῶν
2742 5211 3057 5279 ἁμαρτιῶν.
3095 5210 3177 5263 Τὰ
3206 5210 3304 5279 μὲν
3338 5208 3444 5278 γὰρ
3475 5208 3727 5277 παρόντα

2150 5301 2409 5372 αἰτοῦμεν
2429 5342 2444 5367 ,
2490 5302 2557 5355 τὰ
2586 5302 2641 5355 δὲ
2684 5302 2943 5370 μέλλοντα
2963 5317 2975 5331 ο
3026 5303 3121 5353 καὶ
3154 5294 3550 5366 φιλοσοφοῦμεν
3582 5296 3728 5369 ὑπὲρ

2152 5393 2244 5446 τοῦ
2276 5393 2500 5464 λουτροῦ
2524 5432 2539 5457 ,
2579 5395 2672 5445 καὶ⁵
2710 5395 2767 5444 ἐν
2799 5395 2863 5460 τῇ
2901 5391 3114 5459 αἰτήσει
3151 5385 3477 5455 παιδεύομεν
3522 5388 3726 5451 αὐτοὺς

2151 5481 2345 5535 εἰδέναι
2375 5481 2539 5535 αὐτοῦ
2569 5480 2668 5549 τὴν
2710 5477 2884 5547 ἰσχύν.
2925 5475 3208 5529 Ἐντεῦθεν
3230 5477 3340 5550 γὰρ
3372 5478 3473 5549 ήδη
3506 5481 3535 5532 6
3566 5479 3726 5546 λόγος

2216 5658 2243 5731 ξ
2264 5657 2417 5731 ἕὸἰίἱ,
2439 5654 2571 5731 λόγω
2582 5655 2972 5731 ,καταδαρθάνειμ
3003 5654 3089 5712 DL,
3115 5655 3243 5731 λόγῳ
3265 5672 3592 5731 κατ-απιπτειν.

2215 5718 2243 5758 ὶι
2264 5719 2351 5791 My.
2378 5722 2450 5770 sic
2476 5717 2655 5769 melius
2668 5730 2813 5778 quam
2824 5717 3254 5778 θάίιί,σωματικόν
3276 5734 3330 5769 τε
3348 5717 3469 5777 δμοῦ
3484 5719 3561 5764 καὶ
3581 5728 3720 5763 mnu-

2156 5796 2369 5829 ματικον.
