4028 6222
316 363 427 419 801

314 477 628 550 «angelum
654 477 783 546 ipsis
805 477 1024 550 detegat,
1054 476 1329 549 subiunxit
1348 518 1361 543 ,
1400 474 1469 533 Ut
1492 476 1577 532 det
1600 477 1728 546 ipsis
1750 491 1894 533 nien-

314 577 414 621 tnn
441 567 685 623 divinant.
711 568 850 637 Quid
878 578 981 636 est,
1015 568 1237 624 divinam
1254 568 1280 622 .9
1306 567 1418 622 Hoc
1447 576 1551 633 est,
1581 576 1639 622 ut
1664 567 1807 623 Dens
1842 568 1896 621 in

313 673 379 713 ea
406 658 611 714 habitet
636 677 650 715 :
676 656 981 714 Inhabitabo
1004 659 1148 714 enim
1172 659 1225 713 in
1256 658 1402 729 ipsis,
1432 658 1624 728 inquit,
1654 667 1702 712 et
1727 658 1899 712 inant-

313 747 496 802 bulabo
528 746 783 819 (1:11.26.
809 747 921 820 12).
960 747 1095 804 Nam
1124 763 1245 803 cum
1274 762 1423 803 mens
1443 747 1648 818 justitia
1676 746 1897 818 praedita

310 847 397 895 est
417 852 481 895 sc
509 849 721 911 peccata
743 842 910 904 exuit,
937 840 1031 895 Dei
1053 841 1243 895 domus
1266 838 1498 895 efﬁcitur
1527 856 1541 893 :
1572 854 1693 895 cum
1717 848 1899 893 autem

313 929 368 984 in
399 946 461 985 ea
485 930 813 987 domicilium
839 931 940 987 sibi
968 931 1335 995 constituerit,
1374 930 1503 985 nihil
1547 928 1770 1000 posthac
1800 927 1899 981 hu-

309 1035 529 1077 manum
557 1023 680 1078 erit.
710 1022 801 1079 Sic
828 1023 1007 1078 divina
1039 1037 1189 1077 mens
1216 1022 1477 1088 redditur,
1505 1019 1758 1075 divinitus
1781 1034 1900 1072 om-

312 1113 402 1169 nia
432 1114 772 1184 proloquens,
799 1128 863 1169 ac
891 1112 1038 1168 velut
1064 1112 1256 1167 domus
1287 1112 1383 1168 Dei
1413 1113 1465 1167 in
1492 1126 1556 1167 ea
1583 1108 1895 1165 habitantis.

314 1202 393 1259 Ex
419 1218 525 1274 quo
549 1204 820 1275 colligitur
845 1219 967 1259 eum
995 1211 1229 1260 mentem
1256 1202 1489 1260 divinam
1523 1217 1630 1257 non
1670 1200 1893 1266 habere,

314 1300 410 1371 qui
442 1299 692 1367 turpibus
713 1297 1063 1353 sermonibus
1091 1299 1295 1363 utitur,
1333 1306 1429 1352 aut
1456 1296 1789 1352 scnrrilitate
1830 1308 1896 1349 ac

316 1390 430 1446 risu
495 1389 811 1445 delectatur.
872 1386 1093 1443 Castam
1168 1390 1563 1459 cogitationem.
1622 1386 1897 1454 Quidnam

311 1482 492 1529 autem
518 1483 600 1529 est
626 1484 827 1529 castam
851 1477 1228 1544 cogitationem
1253 1475 1491 1531 habere?
1516 1474 1720 1545 Nempe
1740 1475 1898 1545 spiri-

314 1563 443 1620 tuali
470 1566 695 1619 sanitate
722 1565 1007 1635 prmditum
1034 1581 1177 1622 esse.
1211 1566 1418 1620 Etenim
1452 1566 1516 1632 is,
1541 1566 1629 1634 qui
1657 1566 1768 1618 vitii
1798 1579 1895 1619 cu-

312 1655 537 1728 piditate
562 1666 839 1727 correptus
862 1667 1091 1720 tenetur,
1124 1658 1514 1727 praesentiaque
1534 1656 1600 1709 ad
1621 1665 1892 1726 stuporem

310 1761 482 1818 usque
522 1748 764 1815 miratur,
805 1757 1001 1812 castus,
1045 1747 1147 1802 hoc
1185 1756 1267 1802 est
1309 1761 1489 1809 sanus,
1533 1760 1650 1800 esse
1692 1746 1887 1814 nequit,

309 1836 771 1905 Quemadmodum
796 1839 939 1894 enim
967 1838 1055 1908 qui
1080 1840 1130 1892 in
1156 1838 1343 1893 morbo
1364 1846 1626 1904 versatur,
1650 1851 1711 1892 ea
1733 1837 1893 1891 etiam

308 1932 542 2002 appetit,
590 1946 709 2002 qua:
748 1932 966 1987 minime
1011 1931 1261 1986 convenit
1292 1949 1306 1985 :
1339 1930 1527 1986 eodem
1558 1929 1644 1984 hic
1683 1942 1895 2000 quoque

307 2021 491 2079 modo.
518 2020 685 2076 Vitam
704 2038 820 2076 cum
840 2024 1023 2077 virtute
1048 2023 1389 2092 conjunctam.
1420 2020 1670 2077 Doctrina
1697 2020 1893 2090 quippe

306 2116 473 2169 vitam
494 2113 654 2168 etiam
674 2100 963 2173 desiderat.
990 2114 1183 2169 Audite
1204 2113 1338 2182 hare,
1361 2115 1448 2185 qui
1471 2113 1571 2168 sub
1588 2115 1711 2168 vitae
1732 2113 1890 2167 ﬁnem

306 2205 372 2261 ad
395 2206 719 2278 baptismum
742 2205 1017 2262 acceditis.
1046 2204 1179 2261 Nam
1203 2221 1302 2262 nos
1324 2206 1540 2277 quidem
1564 2205 1616 2260 id
1642 2204 1892 2275 precibus

304 2311 339 2352 s
365 2296 476 2353 Deo
503 2297 895 2364 contendimus,
927 2306 983 2351 ut
1012 2306 1133 2367 post
1169 2297 1490 2367 baptismum
1524 2312 1736 2368 quoque
1763 2311 1891 2365 pro-

304 2387 428 2443 bam
474 2388 635 2444 vitam
685 2387 925 2445 habeatis
957 2408 971 2445 :
1001 2398 1056 2445 tu
1100 2397 1287 2445 contra
1322 2388 1381 2444 ‘in
1434 2389 1539 2443 hoc
1586 2388 1887 2455 incumbis,

303 2479 547 2551 nihilque
583 2495 694 2536 non
723 2481 874 2548 facis,
908 2489 967 2537 ut
1001 2482 1119 2537 sine
1155 2482 1322 2555 proba
1356 2482 1461 2537 vita
1493 2481 1616 2537 hinc
1637 2481 1887 2537 excedas.

302 2570 440 2639 Quid
459 2571 626 2637 enim,
654 2572 698 2627 si
719 2573 893 2642 justus
913 2573 1127 2645 quidem
1150 2575 1265 2641 ﬁas,
1288 2573 1383 2630 sed
1404 2589 1433 2628 a
1456 2574 1559 2630 ﬁde
1579 2575 1890 2629 dumtaxat?

302 2664 373 2717 At
415 2676 512 2717 nos
554 2672 611 2718 ut
651 2680 681 2719 a
720 2665 973 2719 virtutum
1001 2680 1211 2736 quoque
1239 2666 1547 2721 muneribus
1577 2666 1667 2722 tibi
1698 2664 1888 2721 ﬁducia

299 2764 665 2823 comparetur,
693 2769 930 2811 oramus.
963 2754 1216 2827 Perpetuo
1251 2773 1366 2827 quae
1399 2758 1561 2827 ipsius
1596 2767 1715 2812 sunt
1751 2757 1892 2827 cogi-

298 2855 429 2913 tare,
456 2862 569 2918 qute
591 2848 754 2918 ipsius
779 2858 893 2903 sunt
919 2865 1115 2920 sapere,
1142 2865 1254 2921 qua:
1291 2850 1451 2920 ipsius
1478 2860 1595 2904 sunt
1630 2849 1885 2903 meditari.

298 2937 512 2993 Castam
556 2939 699 2993 enim
746 2940 1121 3010 cogitationem
1168 2948 1327 3010 atque
1372 2942 1650 2996 honestam
1699 2942 1883 3008 vitam,

299 3045 408 3085 non
464 3030 531 3085 ad
587 3046 749 3086 unum
795 3031 1073 3086 dumtaxat
1124 3041 1216 3086 aut
1266 3034 1403 3087 duos
1453 3042 1543 3087 aut
1591 3040 1703 3088 tres
1744 3032 1881 3101 dies,

296 3121 394 3178 sed
455 3137 547 3191 per
596 3123 902 3178 universum
945 3124 1070 3178 vitae
1113 3124 1435 3179 curriculum
1481 3126 1749 3195 petimus,
1794 3133 1880 3191 et,

294 3213 440 3285 quod
485 3215 746 3270 bonorum
788 3216 1023 3271 omnium
1066 3230 1229 3272 causa
1266 3226 1367 3281 est,
1397 3232 1516 3286 quae
1557 3217 1724 3287 ipsius
1759 3227 1886 3273 sunt

280 3322 505 3376 sapere.
543 3306 779 3380 Plerique
798 3310 933 3369 enim
960 3326 1073 3381 qua
1094 3328 1187 3363 sua
1207 3321 1323 3365 sunt
1346 3322 1579 3381 quierunt
1598 3352 1613 3379 ,
1646 3329 1745 3366 non
1770 3327 1884 3383 qua

292 3384 422 3455 ,θεεά
443 3398 630 3453 Christi
647 3399 903 3471 (Philipp.
922 3400 979 3453 .2.
1004 3402 1065 3455 ει
1076 3403 1117 3472 ).
1140 3386 1390 3470 ’ριιοηδιη
1420 3404 1577 3474 igitur
1598 3403 1758 3458 modo
1781 3405 1883 3459 hoc

294 3485 411 3548 ﬁeri
458 3492 663 3562 possit?
703 3492 770 3548 ad
816 3508 1029 3564 precem
1075 3494 1215 3549 enim
1264 3494 1365 3550 hoc
1411 3512 1623 3566 quoque
1664 3495 1885 3551 accedat

293 3592 540 3654 oportet,
572 3592 630 3640 ut
655 3599 773 3655 quae
801 3596 981 3640 nostra
1014 3594 1138 3638 sunt
1166 3595 1504 3655 praestemus.
1546 3585 1606 3640 Si
1636 3586 1689 3638 in
1720 3585 1881 3656 ipsius

292 3677 404 3747 tege
442 3675 549 3739 dies
587 3670 854 3745 noctesque
898 3691 1151 3730 versentur
1178 3692 1196 3729 :
1229 3676 1368 3730 unde
1413 3675 1575 3737 etiam
1623 3675 1880 3745 deinceps

294 3768 397 3823 hoc
420 3769 567 3839 petit,
602 3765 666 3821 In
692 3769 851 3839 ipsius
874 3768 981 3839 lege
999 3767 1080 3821 die
1099 3784 1159 3821 ac
1186 3772 1329 3822 nocte
1356 3768 1563 3821 morari.
1596 3765 1662 3822 Et
1688 3783 1877 3838 quem-

293 3858 577 3915 admodum
619 3860 865 3929 superius
904 3860 1133 3921 dixerat,
1163 3855 1417 3928 Perpetuo
1442 3875 1461 3911 :
1490 3855 1678 3912 eodem
1718 3856 1883 3911 modo

293 3952 405 4016 hic,
433 3951 529 4005 Die
554 3965 614 4003 ac
641 3960 806 4007 nocte.
850 3951 1034 4023 Itaque
1069 3966 1254 4006 eorum
1297 3966 1383 4007 me
1422 3949 1601 4021 pudet,
1636 3950 1724 4021 qui
1767 3958 1879 4003 toto

291 4060 435 4100 anno
456 4030 543 4098 vix
566 4041 735 4099 semel
758 4043 811 4099 in
833 4044 1058 4100 ecclesia
1080 4045 1505 4116 conSpiciuntur.
1537 4043 1706 4111 Quam
1733 4042 1875 4097 enim

289 4136 693 4199 excusationem
721 4138 955 4195 nancisci
984 4146 1212 4209 queant,
1240 4139 1331 4209 qui
1360 4150 1480 4193 cum
1510 4137 1599 4192 die
1624 4151 1686 4190 ac
1714 4144 1875 4191 noctu

290 4234 346 4289 in
368 4233 460 4289 Dei
480 4231 619 4302 lege,
633 4246 738 4287 non
752 4232 926 4290 dicam
943 4232 1165 4297 versari,
1182 4232 1275 4288 sed
1293 4231 1512 4299 morari,
1530 4230 1632 4285 hoc
1646 4238 1731 4284 est
1743 4242 1877 4284 sem-

289 4343 388 4400 per
418 4324 661 4382 meditari
699 4326 1010 4398 jubeantur,
1042 4334 1222 4381 tamen
1254 4340 1321 4380 ne
1352 4323 1625 4379 minimam
1658 4323 1873 4392 quidem

289 4420 413 4475 vita:
436 4425 639 4488 partem
665 4418 717 4473 in
741 4418 842 4476 hoc
863 4416 1199 4490 impendunt,
1224 4417 1465 4487 utipsius
1492 4413 1738 4470 mandata
1761 4428 1875 4468 me-

287 4506 460 4565 moria
479 4517 755 4577 usurpent,
769 4519 935 4580 atque
948 4507 1112 4581 ipsius
1125 4506 1531 4580 iustiﬁcationes
1544 4504 1877 4562 custodiant?

359 4598 412 4655 ‘I.
456 4596 689 4655 Videsne
716 4609 958 4655 catenam
984 4600 1269 4670 optimam,
1300 4584 1566 4671 quamque
1594 4608 1716 4668 apte
1746 4597 1869 4653 sin-

286 4692 411 4762 gula
436 4690 550 4746 haec
575 4688 717 4745 inter
743 4706 801 4747 se
827 4692 1159 4757 cohaereant,
1189 4702 1349 4762 atque
1378 4691 1567 4762 quavis
1593 4706 1754 4747 aurea
1782 4706 1886 4747 ca-t

288 4792 414 4840 tena
446 4781 651 4837 ﬁrmius
677 4791 731 4837 et
767 4783 1099 4856 elegantius?
1128 4779 1417 4852 Postquam
1444 4782 1589 4838 enim
1633 4791 1867 4839 mentem

286 4872 525 4935 divinam
557 4873 880 4944 postulavit,
916 4873 1137 4946 exponit
1158 4888 1392 4944 quonam
1423 4885 1579 4944 pacto
1600 4876 1721 4930 talis
1751 4891 1872 4933 esse

284 4973 469 5038 queat.
501 4963 783 5031 Quomodo
827 4964 1046 5021 autern?
1090 4963 1350 5020 Nimirum
1392 4963 1436 5018 si
1465 4964 1585 5035 quis
1611 4974 1873 5035 perpetuo

284 5072 389 5122 ea,
419 5070 541 5126 qua:
568 5054 661 5111 Dei
691 5063 852 5122 sunt,
903 5054 1210 5113 meditetur.
1260 5054 1374 5110 Hoc
1414 5064 1594 5110 autem
1640 5068 1868 5125 quanam

285 5150 498 5205 ratione
516 5147 778 5218 quispiam
802 5148 1059 5218 consequi
1084 5145 1293 5219 possit?
1312 5145 1368 5203 Si
1389 5144 1586 5202 divinae
1614 5146 1719 5218 legi
1742 5161 1868 5217 ope-

285 5254 401 5298 rum
441 5237 573 5295 dare
621 5252 911 5311 numquam
956 5238 1296 5295 intermittat.
1344 5237 1588 5307 Quonam
1632 5247 1788 5309 pacto
1815 5235 1869 5293 id

287 5322 605 5405 mortalibus
629 5328 937 5403 persuaderi
975 5329 1173 5402 queat?
1216 5327 1272 5387 Si
1304 5327 1550 5385 mandata
1582 5328 1748 5400 ipsius
1772 5330 1873 5385 ob-

284 5423 541 5479 servent:
570 5416 699 5493 quin
740 5422 917 5491 potius
961 5435 1027 5475 ex
1052 5434 1119 5475 eo
1174 5420 1325 5491 ipso,
1356 5419 1498 5493 quod
1546 5419 1645 5491 legi
1677 5421 1873 5476 divinae

286 5512 552 5586 quispiam
579 5513 823 5581 studeat,
867 5513 919 5569 id
944 5513 1312 5582 consequitur,
1358 5526 1416 5567 ut
1453 5512 1703 5567 mandata
1753 5527 1871 5568 ser~

287 5604 892 5672 vet;quemadmodum
929 5604 1144 5661 scilicet
1194 5619 1263 5659 ex
1310 5621 1411 5670 eo,
1442 5602 1585 5674 quod
1635 5605 1756 5673 quis
1806 5618 1871 5658 ea

280 5709 413 5764 qua
437 5692 607 5764 ipsius
633 5704 759 5750 sunt
779 5696 937 5766 sapit,
960 5710 1023 5751 ac
1050 5706 1284 5751 mentem
1309 5695 1548 5750 divinam
1577 5694 1762 5755 habet.
1797 5694 1866 5750 tl-

291 5784 384 5858 ιω
411 5784 725 5857 adipiscitur
750 5797 809 5843 ut
832 5802 953 5858 quze
976 5787 1142 5859 ipsius
1170 5796 1297 5844 sunt
1317 5786 1624 5845 meditetur.
1649 5788 1872 5860 Singula

1414 358 1480 419 ΙΝ
1519 359 1739 419 EPIST.
1766 359 1811 419 ll
1876 359 1966 416 AD
2000 358 2158 418 COR.
2194 358 2423 422 HOMlL.
2466 364 2532 423 Il.

3481 368 3585 424 £02

2009 476 2150 531 enim
2173 491 2240 531 ex
2267 476 2351 533 his
2376 494 2495 547 quae
2520 478 2777 547 diximus,
2806 488 2860 535 et
2887 478 2941 535 id
2962 482 3107 553 quod
3132 482 3371 549 “sinum
3397 500 3483 549 est
3508 495 3587 548 et.

2006 567 2218 630 ﬁciunt,
2248 576 2304 622 et
2331 569 2399 624 ab
2427 583 2494 623 eo
2522 569 2826 624 efﬁciuntur
2850 587 2866 635 ;
2893 581 2949 627 et
2992 574 3166 642 ipsum
3192 578 3500 643 continent,
3533 597 3590 639 ct

2003 657 2071 709 ab
2111 657 2227 726 ipso
2255 659 2620 714 continentur.
2664 658 2924 716 Intensius
2949 663 3119 718 adhuc
3146 681 3243 735 pro
3282 666 3409 737 ipsis
3437 687 3580 741 roge-

2003 765 2136 803 mus.
2183 749 2446 817 Quoniam
2492 753 2705 809 animus
2756 755 2811 809 in
2863 757 3067 825 prolixa
3112 760 3356 816 oratione
3380 761 3583 818 obdor-

2005 839 2230 897 miscere
2254 842 2569 909 consuevi.,
2601 859 2791 900 rursus
2817 861 2940 902 eum
2965 849 3183 905 excitat.
3223 850 3417 923 Magna
3436 855 3583 910 enim

2005 943 2215 984 rursum
2241 940 2400 1000 atque
2438 933 2655 988 excelsa
2702 937 3121 1004 postularevult
3163 957 3177 995 :
3208 941 3437 1014 ideoque
3465 944 3581 1012 ait,

2005 1018 2260 1077 Iutensius
2275 1024 2443 1078 adhuc
2460 1041 2553 1096 pro
2573 1026 2699 1094 ipsis
2724 1044 2976 1099 rogemus.
2995 1030 3261 1097 Quidnam
3289 1044 3465 1090 autem
3483 1036 3585 1091 hoc

2004 1112 2117 1167 est?
2150 1111 2218 1168 Ut
2246 1114 2430 1184 eripiat
2478 1132 2561 1172 eos
2600 1117 2663 1171 ab
2702 1120 2839 1172 omni
2883 1120 3020 1174 malo
3042 1131 3092 1176 et
3116 1123 3338 1180 absurdo
3362 1128 3583 1198 negotio.

2004 1201 2119 1259 [loc
2145 1203 2266 1259 loco
2297 1205 2348 1259 id
2377 1205 2508 1275 ipsis
2536 1208 2799 1277 petimus,
2820 1218 2879 1264 ut
2923 1225 2993 1265 ne
3021 1211 3227 1267 intrent
3253 1215 3306 1269 in
3336 1217 3589 1275 tentatio-

2003 1308 2149 1363 uem,
2174 1305 2335 1366 atque
2365 1306 2422 1351 ut
2447 1298 2515 1353 ab
2541 1301 2793 1355 omnibus
2821 1311 2927 1355 tam
2969 1304 3245 1372 corporeis
3274 1321 3433 1374 quam
3477 1308 3585 1378 spio

2003 1387 2286 1443 ritualibus
2310 1390 2521 1446 insidiis
2566 1391 2879 1447 liberentur.
2912 1391 2994 1449 Ob
3018 1394 3072 1449 id
3101 1395 3259 1450 etiam
3285 1396 3398 1451 haec
3421 1400 3583 1454 verba

2002 1476 2293 1545 subiunxit,
2316 1479 2391 1532 Ab
2414 1481 2553 1533 omni
2576 1492 2780 1550 peccato
2805 1483 3074 1550 diabolica,
3098 1495 3144 1537 et
3164 1486 3300 1539 osnni
3328 1487 3586 1542 obsidione

2002 1566 2297 1622 adversarii.
2319 1569 2522 1637 Quibus
2545 1572 2721 1627 verbis
2743 1575 3065 1631 tentationes
3086 1591 3151 1631 ac
3172 1586 3392 1649 peccata
3419 1580 3586 1649 signi-

2003 1658 2141 1712 licat.

2071 1748 2278 1803 Peccati
2305 1760 2507 1806 natura.
2538 1781 2610 1794 —
2633 1754 2846 1809 Peccati
2879 1756 3022 1811 enim
3052 1772 3116 1813 ea
3158 1768 3357 1816 natura.
3379 1769 3462 1815 est
3482 1800 3500 1825 ,
3528 1771 3584 1817 ut

1998 1839 2152 1894 facile
2180 1839 2452 1896 hominem
2476 1842 2717 1899 obsideat
2747 1856 2908 1914 atque
2930 1845 3164 1915 undique
3193 1857 3320 1914 etet,
3346 1865 3379 1906 a
3408 1850 3584 1909 fronte

2000 1945 2193 2000 nempe
2238 1940 2290 1986 et
2336 1948 2369 1987 a
2415 1944 2605 2005 tergo,
2637 1936 2826 2013 sicque
2868 1951 2966 1992 nos
3011 1936 3245 2009 dejiciat.
3293 1940 3582 2013 Postquam

1998 2022 2143 2077 enim
2169 2038 2288 2093 qua:
2316 2038 2344 2077 a
2373 2024 2530 2081 nobis
2570 2026 2871 2095 praestanda
2901 2027 3009 2083 sint
3036 2029 3300 2100 exposuit,
3329 2030 3432 2087 hoc
3460 2044 3545 2089 est
3563 2077 3579 2100 ,

2000 2122 2059 2169 ut
2083 2115 2134 2170 in
2167 2116 2286 2185 ejus
2322 2116 2440 2187 lege
2465 2132 2778 2186 versemur,
2833 2120 3001 2190 ipsius
3042 2122 3292 2176 mandata
3322 2126 3581 2179 memoria

1999 2215 2299 2275 teneamus,
2328 2208 2743 2278 justiﬁcationes
2768 2201 2886 2281 ejus
2911 2213 3277 2270 custodiamus
3294 2256 3308 2281 ,
3341 2214 3443 2271 hoc
3468 2215 3582 2285 jam

1998 2296 2250 2352 admonet
2272 2338 2287 2363 ,
2320 2313 2389 2353 ne
2437 2300 2539 2354 Ista
2570 2300 2787 2370 quidem
2834 2302 3120 2371 sufﬁcere,
3160 2305 3265 2360 nisi
3294 2306 3435 2361 adsit
3466 2306 3581 2377 ipsc

1996 2398 2156 2460 atque
2180 2404 2335 2460 opem
2363 2390 2520 2445 ierat.
2551 2390 2665 2445 Nisi
2692 2393 2836 2447 enim
2863 2393 3113 2451 Dominus
3139 2397 3463 2465 aediﬁcaverit
3490 2398 3583 2451 do-

1997 2497 2154 2546 munt,
2188 2482 2241 2534 in
2267 2497 2456 2535 vanum
2482 2482 2836 2538 laboraverunt
2856 2485 2943 2554 qui
2969 2487 3225 2553 aediﬁcant
3252 2505 3363 2542 eam
3390 2488 3409 2559 (
3430 2488 3579 2545 Psal.

1998 2570 2123 2626 i-26.
2153 2572 2208 2641 1)
2232 2588 2246 2625 :
2269 2586 2332 2627 ac
2363 2574 2664 2643 praesertim
2713 2574 2763 2628 in
2792 2574 2878 2641 iis,
2909 2575 3003 2645 qui
3031 2573 3248 2629 diabolo
3273 2576 3452 2644 adhuc
3481 2578 3579 2633 ob-

1990 2660 2120 2731 jecti
2150 2671 2313 2729 sunt,
2344 2677 2408 2717 ac
2433 2665 2533 2720 sub
2576 2664 2745 2734 ipsius
2787 2665 3012 2735 imperio
3036 2674 3090 2720 et
3114 2664 3338 2720 ditione.
3374 2667 3449 2720 Ac
3480 2682 3579 2721 vos

1996 2751 2112 2806 haec
2141 2753 2311 2807 nostis
2338 2794 2351 2817 ,
2382 2755 2471 2823 qui
2503 2755 2672 2810 sacris
2700 2756 2899 2810 initiati
2922 2758 3072 2812 estis.
3103 2757 3282 2813 Facile
3307 2759 3450 2812 enim
3490 2759 3579 2812 illa

1994 2842 2158 2898 verba
2189 2842 2342 2897 vobis
2382 2844 2434 2897 in
2461 2846 2775 2898 memoriam
2825 2844 3086 2913 redeant,
3130 2862 3226 2917 per
3249 2863 3368 2918 quae
3414 2848 3579 2917 ipsius

1996 2933 2260 3004 tyrannidi
2292 2935 2537 2989 nuntium
2568 2935 2875 3002 remisistis,
2907 2951 3027 2991 cum
3057 2935 3195 2992 ﬂexo
3219 2952 3359 3008 genu
3383 2937 3449 2993 ad
3480 2938 3582 2994 Ile-

1992 3042 2113 3096 gem
2143 3025 2527 3097 transfugistis,
2546 3042 2607 3082 ac
2629 3028 2906 3084 tremenda
2938 3029 3025 3083 illa
3050 3028 3212 3083 verba
3243 3030 3559 3102 protulistis,

1994 3119 2185 3190 quibus
2230 3128 2460 3192 tyranno
2502 3120 2652 3173 nullo
2684 3134 2905 3190 prorsus
2950 3121 3111 3176 modo
3154 3120 3375 3191 obsequi
3405 3120 3572 3177 doce-

1993 3226 2134 3265 mur.
2162 3210 2547 3269 Adversarium
2582 3225 2746 3279 porro
2778 3225 2842 3265 ac
2869 3210 3143 3265 diabolum
3184 3212 3359 3282 ipsum
3391 3211 3576 3282 appel-

1991 3302 2105 3368 lat,
2151 3304 2405 3372 quoniam
2433 3310 2488 3359 et
2518 3303 2685 3356 Deum
2729 3301 2870 3373 apud
2918 3302 3161 3357 homines
3186 3342 3200 3366 ,
3232 3312 3283 3357 et
3329 3301 3575 3357 homines

1990 3395 2131 3464 apud
2161 3396 2348 3461 Deum,
2381 3410 2446 3449 ac
2473 3410 2570 3449 nos
2616 3394 2762 3463 ipsos
2804 3394 2944 3449 inter
2972 3409 3071 3450 nos
3099 3393 3438 3449 criminatur.
3472 3394 3571 3449 Et-

1991 3489 2133 3541 enim
2159 3490 2272 3557 ipse
2297 3486 2426 3541 olim
2453 3486 2645 3543 Jobum
2663 3486 2804 3555 apud
2834 3486 2998 3542 Deum
3028 3487 3079 3540 in
3102 3486 3305 3541 crimen
3330 3485 3572 3549 vocabat,

1988 3593 2110 3633 cum
2139 3578 2365 3644 diceret,
2397 3577 2539 3632 Num
2564 3576 2664 3632 Job
2704 3577 2897 3647 [rustra
2922 3578 3040 3631 colit
3065 3575 3231 3633 Deum
3260 3577 3402 3647 (Job.
3434 3576 3486 3631 l.
3515 3576 3569 3633 9.

1990 3672 2079 3741 16)
2098 3671 2121 3723 ?
2140 3686 2202 3725 ac
2229 3687 2443 3726 rursum
2478 3672 2643 3725 Deum
2676 3670 2813 3742 apud
2841 3669 3035 3725 Jobum
3080 3669 3165 3725 his
3192 3670 3392 3735 verbis,
3424 3667 3571 3739 Ignis

1989 3764 2245 3819 descendit
2272 3764 2335 3817 de
2358 3763 2481 3818 cazlo
2508 3778 2527 3818 :
2550 3771 2712 3833 atque
2754 3762 2882 3816 item
2915 3762 3082 3817 Deum
3105 3752 3246 3830 apud
3272 3760 3532 3815 Adamum
3559 3804 3569 3821 .

1986 3854 2491 3923 cum-diceretl'ore,
2520 3864 2578 3909 ut
2606 3868 2794 3911 eorum
2816 3843 2952 3907 oculi
2982 3850 3568 3922 aperirentur(Gen.$.

1989 3949 2047 4019 5)
2078 3963 2177 4002 :ac
2220 3963 2363 4003 nunc
2398 3948 2557 4006 etiam
2603 3945 2742 4017 apud
2786 3946 3068 4016 plerosque
3112 3942 3439 4006 mortalium,
3487 3941 3570 3993 di-

1987 4053 2115 4095 cens
2147 4055 2159 4091 :
2190 4038 2331 4092 Deus
2359 4038 2443 4101 iis,
2479 4054 2599 4106 quae
2624 4037 2795 4092 oculis
2826 4046 3131 4089 cernuntur.
3153 4050 3257 4087 non
3289 4032 3568 4102 pI‘OSpiCil,

1988 4131 2083 4187 sed
2112 4144 2200 4186 res
2223 4138 2427 4185 vestras
2448 4127 2782 4183 daemonibus
2808 4126 3067 4195 permisit.
3095 4116 3568 4200 Quinapud'wm-

1989 4225 2172 4296 plures
2199 4236 2409 4294 quoque
2426 4219 2640 4277 Judaeos
2658 4218 2926 4275 Christum
2953 4215 3283 4281 traducebat,
3314 4212 3571 4282 imposto-

1987 4334 2101 4374 rem
2129 4332 2192 4372 ac
2217 4314 2661 4388 praestigiatorem
2703 4329 2822 4368 eum
2868 4311 3162 4382 appellans.
3196 4310 3438 4375 Quonam
3465 4322 3564 4360 au-

1990 4420 2095 4467 tem
2136 4411 2296 4466 modo
2337 4415 2623 4478 operetur,
2664 4406 2849 4460 audire
2892 4403 3117 4465 fortasse
3162 4402 3354 4471 aliquis
3396 4400 3562 4470 cupit.

1987 4505 2117 4561 Cum
2150 4511 2383 4559 mentem
2412 4515 2518 4556 non
2544 4499 2801 4553 divinitus
2846 4493 3079 4549 amatam
3108 4504 3160 4548 et
3191 4510 3296 4549 non
3328 4494 3580 4549 sobriam.

1987 4595 2365 4666 cogitationem
2412 4592 2650 4652 invenit,
2679 4570 2804 4659 quas
2824 4587 2917 4641 Dei
2964 4584 3213 4642 mandata
3247 4600 3353 4641 non
3386 4599 3571 4639 ret-or-

1993 4686 2179 4755 detur,
2240 4700 2341 4742 nec
2408 4682 2573 4767 ipsius
2629 4679 3037 4751 iustiﬁcationes
3079 4675 3409 4767 custodiat,‘
3454 4684 3566 4729 tum

1985 4779 2203 4835 demum
2277 4754 2540 4849 captivam
2606 4790 2723 4828 eam
2787 4789 2968 4829 secum
3038 4770 3272 4829 abducit.
3331 4754 3568 4825 Adamns

1987 4871 2206 4942 quippe,
2238 4871 2283 4927 si
2314 4868 2538 4938 hujusce
2566 4866 2805 4923 mandati
2854 4865 3217 4930 meminisset,
3241 4859 3319 4915 De
3346 4860 3483 4915 omni
3503 4858 3567 4915 li-

1986 4977 2087 5032 gno
2109 4961 2333 5025 comede,
2364 4958 2409 5014 si
2434 4958 2607 5028 legem
2633 4972 2752 5013 eam
2780 4962 3050 5013 servasset
3074 4966 3193 5024 qua:
3220 4944 3429 5025 dicebat
3449 4950 3478 5015 ,‘
3498 4947 3563 5004 In

1986 5067 2299 5125 quacumque
2316 5048 2398 5104 die
2425 5048 2739 5127 comederitis
2765 5089 2781 5115 ,
2811 5056 2973 5102 morte
3000 5041 3282 5099 moriemini
3309 5040 3333 5128 (⁹
3350 5038 3479 5128 Gen.
3505 5034 3562 5096 Ξ.

1991 5124 2056 5202 t7
2078 5147 2131 5218 );
2159 5160 2266 5200 non
2294 5158 2357 5198 ea
2378 5182 2393 5206 ,
2580 5155 2772 5213 passus
2794 5132 2913 5206 est,
2945 5124 3364 5217 passusiuisset.
3395 5124 3461 5189 Ui
3488 5132 3566 5186 di-

1988 5247 2169 5310 gnetur
2187 5253 2270 5294 eos
2290 5236 2343 5290 in
2362 5244 2587 5305 tempore
2605 5242 2889 5305 opportuno
2912 5232 3116 5291 lavacro
3139 5222 3569 5300 regenerationis,

1987 5340 2033 5387 et
2078 5329 2370 5385 remissione
2407 5335 2771 5398 peccatorum-
2799 5320 3055 5391 Quaedam
3092 5319 3255 5389 enim,
3279 5317 3567 5394 prmscnﬁa

1986 5422 2234 5492 petimus,
2264 5408 2507 5491 qumdam
2537 5418 2715 5474 futura
2743 5434 2757 5493 ε
2790 5429 2854 5470 se
2883 5411 2952 5471 de
2978 5407 3567 5482 lavacropbilosopha-

1986 5528 2135 5580 mur,
2179 5520 2339 5583 atque
2377 5509 2430 5563 in
2462 5510 2575 5579 ipsa
2606 5504 2863 5653 petitioSe
2910 5505 3168 5573 docemus
3202 5517 3297 5560 eos
3338 5501 3447 5557 vim
3476 5503 3587 5557 bam

1986 5604 2163 5653 mismi
2195 5602 2463 5653 contritam
2506 5598 2729 5653 habere.
2828 5597 2917 5653 inc
2958 5596 3101 5653 enim
3126 5598 3239 5653 iam
3267 5606 3450 5650 sermo
3474 5607 3572 5647 eos

1986 5604 2164 5675 ptismi
2195 5602 2463 5673 cognitam
2506 5598 2729 5655 habere.
2778 5596 2917 5653 Hinc
2958 5596 3101 5653 enim
3126 5598 3239 5666 jam
3267 5606 3450 5650 sermo
3474 5607 3572 5647 eos

1984 5695 2307 5756 assueracit,
2353 5702 2413 5748 ut
2456 5688 2758 5761 intelligant
2803 5702 2918 5744 rem
2946 5701 3067 5743 eam
3097 5692 3565 5757 regenerationem

1987 5801 2106 5845 esse
2125 5828 2141 5856 ,
2176 5797 2376 5855 nosque
2419 5789 2480 5838 ut
2517 5795 2548 5837 s
2574 5779 2734 5837 vulva
2757 5817 2776 5850 ,
2799 5777 2880 5837 sic
2907 5777 2977 5835 ab
3004 5775 3157 5850 aquis
3185 5773 3367 5831 denuo
3389 5772 3571 5845 gigni:
