4028 6222
506 371 616 426 405

509 494 566 539 ut
596 498 663 537 ne
682 480 759 535 illi
787 493 907 534 cum
933 473 1226 532 Nicodemo
1256 469 1440 523 dicant
1459 505 1475 530 ,
1514 459 1785 528 Quomodo
1813 463 1973 528 potest
2000 454 2089 506 loo-

504 590 594 628 mo
620 572 759 627 nasci
783 586 896 624 cum
916 568 980 622 sit
1005 563 1196 619 senex?
1219 568 1441 630 potestne
1461 557 1512 608 in
1539 564 1758 609 ventrem
1785 547 1963 602 matris
1987 558 2092 598 sua

509 664 750 725 introire,
782 675 844 714 ac
887 656 1033 711 nasci
1076 653 1241 706 deum
1269 648 1458 720 (Jonn.
1487 646 1540 699 5.
1572 642 1605 697 ι
1627 641 1687 713 )τ
1714 638 1915 695 Deinde
1944 642 2095 706 post-

508 772 668 828 quam
693 762 1035 825 peccatorum
1054 742 1425 800 remissionem
1454 737 1609 797 dixit,
1645 749 1740 803 per
1773 746 1835 787 ea
1864 744 1985 801 quae
2010 742 2099 784 se-

511 823 751 917 quuntur
789 844 963 913 ipsam
984 837 1265 893 conﬁrmat
1310 832 1498 887 dicens
1527 847 1540 882 :
1568 827 1882 882 Indumenta
1918 823 2095 876 incor-

511 912 788 1006 ruptionis.
815 928 1026 986 Etenim
1054 926 1141 996 qui
1175 925 1267 979 lilii
1313 922 1627 993 dignitatem
1677 916 1869 982 induit,
1912 912 2099 993 procul

512 1003 677 1082 dubia
726 1018 1146 1091 ineorruptibilis
1194 1015 1448 1073 efﬁcitur.
1480 1011 1616 1079 Quid
1647 1018 1825 1063 autem
1865 1016 1989 1071 est,
2033 1003 2101 1057 In

517 1127 740 1187 teinpore
764 1112 1075 1184 opportuno!
1098 1110 1360 1165 Nimirum
1387 1121 1507 1160 cum
1532 1103 1651 1173 quis
1682 1100 1851 1172 probe
1879 1097 2103 1152 affectus

515 1217 629 1273 est,
659 1222 779 1263 cum
804 1206 987 1260 animo
1010 1201 1175 1257 alacri
1199 1208 1254 1254 et
1279 1213 1401 1253 cum
1431 1196 1534 1250 lidc
1553 1193 1759 1248 accedit
1786 1212 1798 1246 :
1819 1189 1992 1245 ﬁdelis
2017 1195 2102 1242 et-

516 1297 658 1353 enim
682 1295 915 1351 hominis
944 1295 1307 1363 opportunum
1335 1296 1546 1357 tempus
1590 1285 1691 1338 hoc
1722 1292 1826 1337 est.
1862 1280 1930 1336 Ut
1955 1282 2109 1333 bene-

516 1390 653 1443 dicat
677 1388 914 1442 introitus
939 1395 986 1439 et
1013 1385 1181 1438 exitus
1206 1397 1378 1436 eorum
1400 1421 1416 1445 ,
1448 1394 1646 1432 onmem
1672 1376 1828 1429 vitam
1851 1374 2105 1442 ipsorum.

519 1481 632 1535 Hoc
658 1479 776 1534 loco
804 1474 1027 1545 aliquid,
1059 1473 1200 1543 quod
1231 1471 1297 1525 ad
1323 1482 1519 1539 corpus
1543 1476 1771 1538 spectet,
1803 1473 1990 1535 petere
2012 1460 2108 1530 iu-

517 1577 713 1632 bentur
732 1612 747 1637 ,
777 1580 838 1625 ut
861 1570 951 1639 qui
995 1567 1169 1623 adhuc
1216 1564 1510 1620 imbecilles
1538 1562 1667 1616 siut.
1713 1558 1908 1613 Domos
1933 1572 2109 1611 eorum

517 1674 567 1719 et
607 1661 958 1717 habitationes.
988 1658 1101 1714 Hoc
1124 1667 1243 1723 est,
1285 1656 1399 1710 sive
1434 1652 1661 1707 famulos
1690 1650 1962 1713 habeant,
1995 1649 2110 1702 sive

519 1763 802 1827 cognatos,
826 1755 941 1809 sive
970 1754 1104 1808 alios
1134 1750 1395 1823 quosdam
1425 1745 1781 1803 necessarios.
1813 1742 1941 1797 llaec
1966 1740 2109 1795 enim

520 1856 677 1905 erant
696 1846 906 1902 Veteris
927 1845 1259 1901 Testamenti
1288 1841 1507 1912 prmmia
1529 1856 1543 1891 :
1565 1850 1665 1893 nec
1682 1835 1970 1913 quidquam
1992 1847 2113 1902 per-

524 1937 649 1993 inde
686 1953 869 2009 grave,
901 1945 1059 2006 atque
1086 1933 1340 1989 acerbum
1370 1946 1490 1987 esse
1520 1928 1821 1989 videbatur.
1848 1934 1906 1979 ut
1935 1922 2111 1978 vidui-

526 2040 631 2097 tas,
658 2037 717 2084 ut
743 2026 1002 2084 sterilitas
1021 2069 1035 2092 ,
1066 2036 1121 2080 ut
1151 2032 1468 2095 prmmatura
1500 2021 1709 2085 funera,
1733 2026 1793 2072 ut
1820 2016 2021 2078 fames,
2059 2022 2116 2069 et

526 2120 739 2176 adversi
767 2133 948 2176 rerum
979 2130 1281 2173 successus.
1312 2114 1394 2168 Ob
1420 2127 1539 2168 eam
1568 2124 1783 2165 causam
1809 2107 1863 2161 in
1899 2106 2116 2177 petitio-

527 2214 688 2270 nibus
720 2212 789 2268 ad
829 2225 1027 2282 corpus
1072 2205 1463 2279 pertinentibus
1503 2218 1599 2258 eos
1646 2197 1920 2257 immorari
1962 2199 2112 2264 sinit,

528 2306 784 2378 paulatim
805 2305 953 2375 ipsos
976 2303 1030 2356 in
1055 2301 1222 2355 altum
1244 2298 1567 2354 subvehens.
1589 2295 1702 2350 Hoc
1721 2294 1864 2349 enim
1888 2301 1941 2347 et
1962 2290 2119 2347 Chri—

529 2408 647 2453 stus
673 2396 801 2452 faeit
830 2404 889 2451 et
912 2393 1134 2460 Paulus,
1157 2393 1406 2461 antiquas
1436 2389 1687 2443 videlicet
1713 2383 2118 2441 benedictiones

531 2500 760 2561 uterque
804 2489 857 2543 in
906 2486 1221 2542 memoriam
1270 2495 1531 2538 revocans
1562 2478 1843 2535 :Christus
1887 2488 2118 2543 nempe,

530 2598 652 2638 cum
680 2582 775 2648 ait,
799 2580 948 2637 Beati
974 2579 1118 2633 mites
1139 2618 1154 2639 ,
1180 2576 1421 2644 quoniam
1451 2573 1552 2641 ipsi
1583 2568 1911 2641 possidebunt
1935 2576 2122 2620 terram

533 2676 748 2746 (ﬂatur.
780 2676 835 2731 5.
866 2674 922 2745 ι)
947 2689 961 2727 :
992 2671 1187 2726 Paulus
1208 2678 1385 2723 autem
1406 2708 1423 2733 ,
1450 2665 1666 2719 Honora
1694 2672 1884 2732 patrem
1906 2669 2047 2714 tuum
2076 2666 2124 2711 et

533 2777 747 2831 matrem
777 2774 938 2825 tuam.
965 2772 1021 2817 ut
1046 2761 1114 2817 sis
1137 2761 1395 2831 longam
1420 2774 1574 2827 super
1598 2765 1809 2809 terram.
1842 2750 2009 2806 Filios
2034 2765 2123 2803 eo-

533 2874 650 2913 rum
668 2899 686 2925 ,
736 2866 790 2912 ut
828 2874 911 2911 eos
947 2872 1132 2927 augeas
1166 2865 1211 2909 et
1239 2851 1504 2908 benedicas
1523 2890 1540 2915 ,
1563 2859 1712 2917 atque
1735 2847 1804 2900 ad
1834 2857 2125 2898 mensuram

528 2942 704 3004 "artatis
732 2948 998 3015 perductos
1018 2945 1267 3014 sapientia
1296 2944 1518 2997 instruas
1541 2938 1758 3013 (Ephes.
1786 2938 1839 2993 ϐ.
1867 2936 1921 2990 ἓ.
1953 2932 2033 3006 5).

610 3044 664 3098 8.
700 3041 796 3097 llic
826 3054 1010 3096 rursus
1039 3038 1231 3110 partim
1253 3049 1597 3108 corporeum,
1623 3032 1813 3102 partim
1845 3026 2127 3099 spirituale

542 3134 860 3191 beneficium
892 3133 1021 3202 ipsis
1059 3134 1224 3200 poscit
1253 3170 1269 3195 ,
1300 3137 1485 3199 utpote
1517 3125 1710 3196 puerili
1734 3122 1913 3178 adhuc
1944 3120 2126 3175 animo

548 3225 804 3297 praeditis.
834 3223 987 3291 Quod
1014 3232 1192 3278 autem
1220 3221 1483 3291 sequitur,
1510 3218 1657 3272 omni
1690 3231 1753 3270 es
1779 3222 1931 3284 parte
1963 3210 2127 3281 spiri-

542 3321 687 3375 tuale
709 3328 811 3383 est,
847 3318 916 3374 Ut
942 3320 1113 3374 omnia
1140 3332 1255 3388 qua:
1290 3316 1414 3384 ipsis
1445 3311 1704 3383 proposita
1730 3318 1907 3371 erunt,
1939 3305 2008 3360 ad
2030 3304 2132 3359 uti.

543 3412 734 3465 litatem
762 3410 969 3479 dirigat.
1020 3407 1137 3463 Non
1161 3407 1303 3461 enim
1345 3402 1667 3473 simpliciter
1690 3415 1809 3471 qua:
1855 3396 2129 3468 pr0posita

542 3512 721 3569 erunt,
750 3500 847 3557 sed
877 3517 998 3571 qum
1024 3501 1090 3554 ad
1120 3499 1425 3555 utilitatem.
1457 3497 1613 3564 Stepe
1641 3493 1783 3549 enim
1817 3490 2130 3561 peregrina-

545 3595 621 3648 tio
645 3594 817 3663 aliqua
857 3591 1189 3656 instituitur,
1231 3589 1324 3645 sed
1371 3588 1592 3642 minime
1639 3584 1924 3649 conducit;
1970 3590 2132 3649 atque

543 3684 690 3740 aliud
719 3684 974 3755 quiddam
1021 3681 1225 3746 simile,
1267 3678 1407 3749 quod
1457 3692 1556 3732 nec
1600 3677 1727 3731 item
1759 3673 1887 3728 utile
1912 3680 2015 3727 est.
2052 3670 2128 3725 Es

544 3777 739 3846 quibus
784 3776 885 3830 hoc
909 3775 1164 3838 discunt,
1201 3773 1310 3827 Deo
1356 3772 1407 3825 in
1438 3768 1689 3823 omnibus
1738 3765 1901 3821 rebus
1929 3762 2129 3835 gratias

544 3884 744 3940 agere,
776 3877 834 3921 ut
881 3882 1000 3936 quae
1042 3865 1111 3919 ad
1157 3880 1343 3918 eorum
1392 3862 1732 3918 commedum
1766 3869 1820 3913 ct
1848 3859 2129 3911 utilitatem

548 3962 699 4015 ﬁant.
748 3960 875 4014 Post
918 3958 1035 4012 haec
1061 3955 1239 4009 omnia
1281 3954 1390 4023 iam
1420 3968 1517 4008 eos
1544 3965 1765 4021 surgere
1795 3950 1967 4019 jubet.
2000 3946 2130 4000 Nam

546 4067 669 4109 cum
698 4052 840 4121 prius
866 4064 959 4107 eos
988 4048 1133 4103 humi
1158 4055 1455 4119 prostratos
1480 4045 1760 4109 tenuisset,
1785 4053 2132 4113 pOSteaquam

546 4163 611 4202 ea
643 4145 912 4217 petierunt
934 4158 1053 4213 quae
1095 4142 1399 4214 petierunt,
1429 4156 1491 4194 ac
1520 4137 1713 4193 ﬁducia
1757 4134 1943 4205 repleti
1975 4140 2131 4196 sunt,

544 4238 656 4307 iam
687 4252 781 4292 cos
802 4249 982 4291 sermo
1008 4234 1186 4305 erigit,
1214 4247 1277 4286 ac
1303 4232 1561 4297 deinceps
1592 4229 1737 4297 ipsos
1764 4240 1973 4295 quoque
1998 4238 2125 4293 pre-

549 4332 816 4387 cationem
841 4331 904 4383 ad
930 4331 1093 4384 Deum
1122 4326 1367 4397 amplecti
1392 4324 1563 4394 jubet.
1587 4320 1861 4391 Siquidem
1890 4316 2133 4389 quaedam

553 4437 653 4477 nos
718 4422 948 4475 dicimus
970 4459 986 4486 ,
1038 4416 1282 4489 quaedam
1335 4431 1520 4471 rursus
1552 4414 1683 4483 ipsis
1711 4408 2097 4466 committimus
2118 4450 2133 4475 ,

551 4516 820 4586 petitionis
896 4530 1089 4585 nempe
1146 4513 1340 4583 ianuas
1405 4510 1536 4579 ipsis
1608 4506 1912 4577 aperientes
1965 4521 1978 4557 :
2028 4516 2131 4557 non

548 4626 705 4665 secus
732 4608 984 4664 videlicet
1012 4622 1073 4661 ac
1105 4620 1302 4675 pueros
1328 4605 1557 4673 primum
1582 4600 1681 4670 ipsi
1703 4600 1981 4662 docemus,
2014 4601 2136 4664 post

548 4710 728 4756 autem
771 4701 917 4770 ipsos
943 4712 1153 4768 quoque
1198 4694 1340 4765 loqui
1362 4694 1632 4763 iubemus.
1662 4689 1846 4760 itaque
1871 4687 1976 4741 hoc
2004 4684 2136 4754 ipsis

547 4793 809 4859 dicimus,
842 4789 1090 4862 Angelum
1135 4788 1275 4858 pacis
1344 4783 1534 4856 petite,
1563 4797 1593 4835 ο
1636 4779 2000 4834 catechumeni.
2039 4775 2138 4830 Est

546 4885 743 4956 quippe
770 4880 992 4950 angelus
1012 4879 1174 4934 etiam
1202 4876 1499 4931 cruciatum
1529 4868 1788 4933 inferens,
1812 4875 1869 4920 ut
1889 4882 2009 4921 cum
2044 4866 2136 4919 ille

547 4978 659 5043 ait,
709 4973 1083 5029 lnamissionem
1120 4986 1211 5040 per
1245 4967 1473 5039 angelos.
1494 4964 1657 5019 malos
1684 4959 1857 5035 (Psal.
1892 4958 1981 5013 7'1.
2013 4958 2131 5029 54).

548 5068 643 5123 Est
668 5076 723 5121 et
741 5064 961 5135 angelus
976 5060 1383 5117 exterminator.
1407 5059 1483 5113 Ac
1512 5052 1735 5126 provide
1765 5065 1861 5108 eos
1881 5046 2131 5119 angelum

548 5158 697 5228 pacis
718 5166 899 5227 petere
920 5154 1196 5225 iubemus,
1220 5150 1474 5205 docentes
1497 5160 1611 5211 eos,
1632 5145 1681 5200 id
1702 5142 1843 5214 quod
1867 5140 2127 5195 bonorum

545 5249 785 5307 omnium
803 5246 1071 5303 vinculum
1086 5253 1191 5310 est,
1204 5243 1309 5298 boc
1322 5249 1425 5305 est,
1460 5252 1641 5308 pacem
1660 5234 1931 5308 postulare
1950 5249 1965 5288 :
1984 5233 2054 5287 ita
2075 5240 2133 5285 ut

546 5346 617 5401 ab
640 5342 787 5399 omni
816 5355 991 5412 pugna
1022 5379 1038 5405 ,
1064 5337 1133 5394 ab
1174 5336 1322 5391 omni
1356 5332 1517 5397 bello,
1545 5340 1601 5386 et
1629 5330 1697 5385 ab
1727 5328 1874 5385 omni
1902 5326 2129 5382 dissidio

545 5436 742 5493 absint.
772 5431 1000 5501 Paciﬁco
1020 5429 1156 5485 nobis
1174 5426 1344 5483 omnia
1372 5439 1486 5496 qua
1504 5429 1877 5493 proponuntur.
1906 5417 2132 5474 Utcum-

546 5544 651 5601 que
680 5525 823 5583 enim
847 5538 1008 5595 grave
1036 5518 1235 5592 aliquid
1261 5518 1362 5586 sit,
1394 5515 1520 5572 dum
1556 5522 1733 5569 tamen
1761 5526 1947 5584 pacem
1973 5510 2147 5581 quis-

1247 351 1306 409 S.
1332 342 1611 406 JOANNIS
1646 327 2123 396 CllRYSOSTOﬂl
2157 325 2475 389 ARCHIEP.
2512 330 3050 391 CONSTANTINOP.

3676 321 3779 377 £05

2206 447 2348 515 piam
2379 449 2593 519 habeat,
2609 452 2730 509 leve
2756 464 2859 509 est.
2893 455 3080 526 quue
3115 456 3277 512 etiam
3304 458 3524 514 nomine
3548 457 3795 517 Christus

2202 539 2448 610 dicebat,
2479 542 2667 599 Pacem
2694 562 2861 601 meam
2881 547 2948 601 do
2967 547 3105 602 vobis
3129 547 3149 618 (
3165 547 3420 607 10am“.
3449 552 3521 605 27
3540 550 3583 622 ).
3609 550 3795 625 Neque

2202 632 2348 687 enim
2376 634 2543 690 ullum
2564 652 2839 693 armorum
2869 653 3039 709 genus
3069 639 3286 695 diabolo
3312 656 3466 711 teque
3492 643 3706 699 ﬁrmum
3732 658 3797 700 ac

2204 724 2438 781 validum
2468 737 2571 791 est,
2596 737 2655 783 ut
2688 744 2862 800 pugna
2888 739 2944 785 et
2971 730 3217 786 simultas
3243 748 3306 788 ac
3346 734 3569 789 bellum.
3599 734 3799 807 Paci/i-

2205 833 2322 872 eum
2348 818 2483 873 [tunc
2502 822 2635 875 diem
2656 863 2673 890 ,
2695 833 2844 893 atque
2864 841 3037 879 omnes
3058 826 3173 880 vita
3191 836 3367 882 uestra
3390 830 3498 884 dies
3524 831 3798 900 postulate.

2206 909 2456 967 Vidistin'
2476 927 2665 969 rursus
2685 917 2955 984 quomodo
2980 919 3289 973 universam
3321 920 3485 975 vitam
3518 923 3570 975 in
3595 926 3797 978 virtute

2210 1006 2428 1077 transigi
2459 1006 2675 1077 iubeat?
2702 1006 3019 1066 Christianos
3047 1019 3240 1065 vestros
3265 1012 3429 1080 ﬁnes;
3455 1023 3511 1067 et
3531 1014 3674 1085 quod
3702 1015 3801 1070 bo-

2210 1113 2401 1153 norum
2427 1109 2588 1168 caput
2613 1107 2718 1166 ost,
2740 1101 2877 1171 quod
2897 1103 3161 1157 honestum
3182 1113 3253 1157 est
3274 1114 3320 1157 et
3344 1105 3479 1173 quod
3496 1106 3641 1162 utile.
3666 1106 3802 1163 Nam

2210 1188 2353 1259 quod
2384 1188 2671 1245 honestum
2696 1205 2806 1245 non
2833 1200 2939 1255 est,
2971 1192 3020 1245 id
3050 1208 3118 1247 ne
3150 1193 3280 1249 utile
3308 1193 3525 1263 quidem
3554 1210 3676 1251 esse
3702 1211 3807 1266 po-

2214 1288 2338 1334 test.
2372 1281 2491 1335 Alia
2516 1283 2661 1336 enim
2709 1297 2888 1338 rerum
2917 1282 3128 1339 utilium
3158 1285 3299 1355 apud
3329 1301 3429 1341 nos
3459 1295 3645 1340 natura
3679 1296 3763 1343 est
3785 1328 3801 1350 .

2214 1388 2373 1443 quam
2411 1374 2600 1444 vulgus
2628 1374 2897 1445 opinatur.
2937 1375 3038 1429 Vos
3065 1377 3201 1444 ipsos
3235 1375 3339 1431 Deo
3366 1378 3546 1431 uiuenti
3569 1395 3631 1431 ac
3649 1376 3804 1434 Chri-

2191 1474 2291 1547 lsto
2316 1465 2478 1535 ipsius
2503 1468 2873 1522 commendate.
2914 1466 3163 1523 Nondum
3192 1470 3335 1524 enim
3388 1471 3489 1524 hoc
3519 1470 3626 1526 illis
3654 1485 3806 1527 com-

2216 1558 2501 1627 mittimus,
2531 1569 2588 1615 ut
2626 1575 2725 1630 pro
2748 1561 2870 1617 aliis
2900 1570 3093 1627 orent,
3126 1562 3220 1616 sed
3252 1563 3507 1631 prtuclare
3534 1564 3618 1633 agi
3648 1574 3808 1634 puta-

2216 1667 2359 1718 mus,
2387 1653 2433 1708 si
2462 1668 2560 1724 pro
2580 1653 2773 1731 scipsis
2793 1669 2950 1710 orare
2971 1663 3189 1725 queant.
3211 1653 3446 1710 Videsne
3466 1669 3624 1725 quam
3650 1656 3805 1725 plena

2216 1753 2269 1800 et
2296 1744 2537 1800 numeris
2557 1745 2806 1801 omnibus
2826 1746 3067 1801 absoluta
3093 1746 3329 1816 precatio
3352 1747 3441 1813 sit,
3466 1747 3579 1803 sive
3606 1749 3810 1804 doctri-

2220 1852 2345 1891 nam
2398 1838 2514 1892 sive
2537 1838 2701 1893 vitam
2747 1839 3100 1895 consideres?
3142 1839 3274 1894 Nam
3312 1854 3435 1895 cum
3477 1841 3806 1912 evangelium

2218 1926 2470 1994 dicimus,
2504 1942 2625 2001 cum
2656 1928 3075 1999 incorruptionis
3105 1930 3479 1987 indumentum
3503 1974 3519 1997 ,
3548 1946 3672 1987 cum
3715 1948 3806 1988 re-

2219 2018 2587 2090 generationis
2613 2020 2905 2087 lavacrum,
2927 2022 3227 2077 doctrinam
3256 2024 3557 2078 universam
3584 2023 3669 2080 bis
3694 2039 3815 2082 ver-

2222 2114 2309 2171 bis
2354 2116 2786 2186 complectimur.
2838 2116 3047 2172 Rursus
3076 2132 3201 2172 cum
3248 2127 3484 2174 mentem
3508 2117 3693 2175 divino
3716 2136 3814 2174 nu—

2224 2206 2369 2261 mine
2386 2206 2620 2261 afﬁatam
2641 2248 2655 2271 ,
2688 2222 2809 2263 cum
2828 2208 3063 2263 sobriam
3091 2208 3493 2279 cogitationem,
3519 2222 3641 2263 cum
3662 2208 3816 2265 deni-

2224 2316 2330 2370 que
2355 2308 2550 2355 cetera
2573 2342 2588 2367 ,
2616 2315 2737 2370 qua:
2770 2315 2798 2354 a
2842 2300 3003 2357 nobis
3025 2309 3446 2365 commemorata
3475 2311 3622 2366 sunt,
3650 2302 3816 2361 vitam

2226 2393 2614 2464 signiﬁcamus.
2648 2394 2872 2447 Demum
2899 2408 2995 2448 eos
3022 2393 3199 2464 capita
3226 2394 3489 2449 inclinare
3531 2392 3814 2463 iubemus,

2229 2484 2333 2539 hoc
2363 2484 2615 2540 videlicet
2662 2495 2979 2555 argumento
3027 2501 3215 2557 preces
3240 2485 3523 2541 exauditas
3550 2500 3673 2542 esse
3702 2495 3817 2541 sta-

2228 2583 2463 2642 tuentes,
2495 2576 2639 2647 quod
2660 2577 2801 2632 Deus
2825 2593 2919 2633 eos
2938 2578 3244 2634 benedicat.
3272 2578 3458 2649 Neque
3484 2579 3626 2634 enim
3656 2578 3821 2633 homo

2228 2677 2314 2724 est
2343 2670 2433 2738 qui
2464 2667 2765 2733 benedicit,
2795 2668 2891 2723 sed
2935 2684 3031 2738 per
3074 2670 3217 2724 illius
3245 2684 3467 2724 manum
3495 2684 3559 2724 ac
3582 2668 3819 2740 linguam

2229 2760 2342 2830 regi
2365 2759 2465 2829 ipsi
2482 2760 2657 2830 capita
2679 2776 2892 2826 eorum,
2916 2762 3007 2831 qui
3038 2760 3254 2827 adsunt,
3277 2760 3575 2816 oderimus.
3607 2761 3821 2815 Actum

2232 2851 2523 2908 inclamant
2543 2866 2756 2920 omnes,
2789 2854 2968 2909 Amen.
3002 2853 3126 2908 Haec
3154 2862 3333 2910 autem
3357 2854 3537 2911 omnia
3560 2870 3822 2926 quorsum

2232 2942 2509 2999 tandema
2541 2960 2631 3000 me
2673 2945 2817 3000 dicta
2864 2946 3022 3000 sunt?
3069 2946 3141 3003 Ut
3187 2945 3410 3001 doceam
3459 2960 3557 3001 nos
3587 2946 3822 3002 aliorum

2232 3036 2513 3091 commoda
2540 3052 2787 3107 quaerere
2815 3036 3042 3103 debere,
3074 3052 3137 3092 ac
3161 3052 3229 3091 ne
3252 3045 3440 3108 putent
3469 3035 3656 3091 ﬁdeles
3684 3038 3825 3103 lucc,

2233 3143 2353 3183 cum
2401 3130 2729 3194 recitantur,
2776 3129 2909 3185 nihil
2953 3130 3019 3184 ad
3052 3145 3111 3185 se
3141 3131 3436 3199 pertinere.
3466 3128 3648 3198 Neque
3679 3132 3826 3197 enim

2234 3218 2299 3274 ad
2328 3220 2560 3290 parietes
2590 3220 2848 3276 diaconus
2883 3221 3139 3291 loquitur,
3168 3236 3291 3275 cum
3337 3220 3449 3285 ait,
3487 3219 3703 3275 Oremus
3733 3238 3830 3291 pro

2233 3310 2627 3366 catechumenis.
2656 3312 2855 3367 Verum
2907 3312 3147 3367 nonnulli
3193 3313 3329 3368 adeo
3356 3322 3598 3368 amentes
3618 3354 3633 3377 ,
3666 3324 3832 3383 atque

2237 3404 2410 3474 ignavi
2436 3418 2500 3458 ac
2528 3404 2773 3458 dissoluti
2802 3414 2950 3469 sunt,
2980 3413 3037 3458 ut
3066 3418 3172 3457 non
3200 3405 3361 3459 modo
3396 3407 3449 3458 in
3476 3404 3832 3464 catechume-

2237 3513 2448 3560 nornm,
2485 3496 2580 3551 sed
2611 3497 2771 3551 etiam
2802 3496 3037 3551 fidelium
3072 3507 3312 3568 tempore
3343 3506 3484 3553 stent
3511 3509 3671 3568 atque
3696 3515 3831 3556 con-

2240 3587 2563 3643 fabulentur.
2612 3589 2747 3643 llinc
2790 3590 2971 3644 omnia
3012 3589 3269 3645 subversa
3300 3596 3460 3653 sunt,
3493 3590 3618 3646 hinc
3644 3593 3833 3648 omnia

2240 3682 2515 3751 perierunt
2547 3699 2559 3734 :
2592 3683 2715 3751 quia
2744 3698 2850 3753 quo
2883 3691 3123 3751 tempore
3153 3683 3389 3737 maxime
3420 3682 3720 3737 curandum
3747 3693 3834 3738 est

2238 3783 2296 3828 ut
2324 3773 2493 3828 Deum
2534 3774 2691 3829 nobis
2723 3773 3133 3827 reconciliemus
3158 3814 3172 3837 ,
3203 3772 3307 3827 hoc
3352 3774 3469 3841 ipso
3498 3773 3567 3825 ita
3595 3772 3832 3828 discedi-

2239 3878 2360 3918 mus
2381 3904 2395 3923 .
2425 3872 2478 3916 nt
2510 3862 2627 3932 eius
2672 3861 2802 3916 iram
2835 3863 2886 3915 in
2918 3876 3015 3915 nos
3044 3862 3395 3917 concitemus.
3429 3862 3706 3930 Siquidem
3736 3878 3828 3919 οοο

2238 3970 2352 4009 ram
2387 3954 2635 4008 lidclibus
2661 3969 2758 4023 pro
2784 3953 3073 4023 episcopis,
3104 3969 3200 4023 pro
3227 3954 3577 4025 presbyteris,
3608 3968 3708 4025 pro
3740 3970 3832 4010 re-

2239 4048 2429 4116 gibus,
2471 4061 2568 4115 pro
2621 4046 3070 4115 imperatoribus,
3122 4060 3220 4115 pro
3264 4056 3403 4101 terra
3449 4056 3504 4101 et
3534 4049 3702 4113 mari,
3734 4063 3833 4117 pro

2240 4139 2380 4192 aeris
2407 4139 2665 4209 temperie
2689 4179 2703 4204 ,
2734 4137 2967 4208 denique
2997 4152 3095 4208 pro
3125 4139 3376 4195 universo
3404 4148 3669 4194 terrarum
3699 4141 3833 4197 orbe

2241 4230 2526 4299 benignum
2553 4228 2834 4283 Dominum
2858 4228 3007 4283 adire
3023 4228 3296 4299 iubemur.
3324 4228 3684 4295 Quamobrem
3706 4244 3831 4288 cum

2242 4338 2361 4385 nos.
2381 4322 2468 4392 qui
2498 4330 2642 4376 tanta
2672 4320 2861 4377 ﬁducia
2885 4320 3094 4391 prmditi
3123 4335 3245 4375 esse
3274 4319 3559 4385 debemus,
3590 4323 3829 4377 utetiam

2242 4430 2337 4484 pro
2370 4415 2500 4469 aliis
2530 4428 2748 4469 oremus
2769 4454 2784 4481 ,
2833 4429 2902 4469 ne
2942 4420 3039 4481 pro
3086 4412 3243 4467 nobis
3284 4410 3499 4481 quidem
3530 4419 3739 4469 attento
3768 4429 3832 4470 ac

2243 4506 2480 4576 vigilanti
2544 4506 2728 4560 animo
2775 4518 3096 4573 precemur,
3150 4504 3371 4571 quinam
3424 4506 3825 4571 excusationis,

2240 4600 2458 4667 quinam
2490 4598 2662 4651 venite
2710 4596 2867 4650 nobis
2898 4596 3049 4650 locus
3086 4610 3207 4652 esse
3249 4597 3452 4667 possit?
3494 4599 3573 4653 Ac
3602 4598 3831 4667 proinde

2239 4691 2487 4755 obsecro,
2519 4698 2578 4741 ut
2603 4687 2716 4741 haec
2744 4688 2920 4742 omnia
2948 4688 3131 4743 animo
3157 4703 3222 4743 ac
3248 4696 3429 4744 meutc
3458 4687 3829 4755 complecten-

2242 4787 2356 4842 tcs,
2392 4776 2716 4848 precationis
2760 4778 2983 4847 tempus
3023 4791 3411 4841 agnoscamus,
3461 4775 3830 4848 sublimesque

2240 4874 2527 4929 ell'cramur
2554 4881 2716 4942 atque
2744 4887 2773 4927 a
2806 4882 2947 4928 terra
2987 4870 3309 4927 excedamus
3330 4910 3344 4933 ,
3379 4868 3660 4939 ipsumque
3706 4870 3829 4926 caeli

2240 4968 2499 5022 fornicem
2540 4967 2903 5037 attingamus,
2948 4974 3005 5020 ut
3049 4964 3216 5017 Deum
3262 4961 3416 5017 nobis
3454 4962 3740 5033 propitium
3774 4974 3831 5019 ct

2240 5057 2506 5129 placidum
2535 5058 2783 5123 reddere,
2812 5071 2875 5111 ac
2904 5055 3168 5125 promissa
3196 5052 3335 5107 bona
3365 5053 3620 5123 consequi
3651 5054 3831 5124 possi-

2237 5165 2395 5207 mus:
2419 5166 2539 5222 quae
2562 5149 2764 5204 utinam
2790 5144 3046 5214 consequi
3070 5143 3223 5199 nobis
3249 5147 3545 5213 contingat.
3577 5159 3673 5215 per
3698 5160 3793 5215 gra
3811 5174 3829 5186 -

2239 5242 2367 5297 tiam
2397 5257 2461 5298 ac
2488 5238 2911 5297 misericordiam
2944 5234 3155 5290 Domini
3207 5236 3377 5291 nostri
3421 5235 3547 5291 Jesu
3572 5234 3775 5291 Christi
3802 5277 3817 5301 ,

2238 5334 2452 5403 quicum
2472 5320 2617 5390 Patri
2637 5340 2691 5388 et
2712 5328 2931 5401 Spiritui
2956 5335 3143 5385 sancto
3164 5327 3356 5399 gloria,
3384 5326 3692 5398 imperium,
3719 5326 3824 5381 bo—

2238 5444 2372 5494 nor,
2424 5443 2563 5484 nunc
2610 5434 2663 5483 et
2712 5437 2964 5494 setnper,
3014 5432 3070 5478 et
3118 5421 3171 5475 in
3200 5418 3412 5489 saecula
3471 5418 3822 5481 seculorum.

2238 5520 2431 5576 Amen.
