4028 6222
423 279 521 342 ωε

1482 288 1548 347 IN
1582 290 1796 350 EPIST.
1838 293 1881 350 ll
1942 298 2034 354 AD
2060 299 2215 358 COR.
2261 304 2490 364 llOMlL.
2532 311 2619 369 ιιι.

425 405 3693 505 ,έ--η--ξ-...κ-ἊἺ

1821 507 2152 572 HOMlLIA
2195 514 2298 576 ΙΙΙ.

412 640 544 695 ‘Iu.
602 638 655 695 Ι.
703 656 757 694 v.
802 642 886 696 12.
920 639 1062 698 Nam
1111 642 1278 715 gloria
1316 655 1491 700 nostra
1522 645 1629 701 haec
1655 656 1748 711 est,
1777 648 2001 702 testimo-

480 732 623 787 nium
666 725 985 790 conscientia!
1023 748 1245 800 nostris,
1295 737 1431 808 quod
1487 740 1540 792 in
1590 740 1914 808 simplicitate
1957 751 2005 795 et

467 826 764 880 sinceritate
805 826 936 895 Dei,
969 835 1015 881 et
1053 845 1157 883 non
1185 829 1239 883 in
1271 832 1519 899 sapientia
1564 833 1780 895 carnali,
1832 834 1922 887 sed
1946 836 1999 888 in

476 916 644 986 gratia
669 916 766 972 Dei
787 919 1068 972 conversati
1093 936 1264 973 sumus
1292 920 1346 973 in
1371 921 1581 975 mundo.

477 1007 530 1061 i.
560 1004 645 1061 Es:
674 1024 802 1076 pura
827 1010 1134 1062 conscientia
1162 1020 1350 1080 quanta
1371 1012 1652 1068 consolatio
1679 1012 1894 1066 oriatur.
1920 1040 1994 1052 --

408 1098 506 1154 llic
547 1113 764 1153 rursum
809 1100 952 1155 aliud
983 1115 1195 1170 quoque
1220 1117 1328 1156 non
1358 1119 1579 1172 parvum
1609 1105 1992 1162 consolationis

400 1199 773 1258 argumentum
823 1191 980 1246 nobis
1033 1191 1245 1262 aperit,
1309 1193 1418 1249 imo
1457 1187 1714 1268 perquam
1767 1197 1988 1268 ingens,

399 1282 651 1352 quodque
704 1283 943 1338 animum
998 1284 1054 1338 in
1106 1285 1361 1354 periculis
1408 1287 1715 1344 demersum
1782 1277 1990 1360 erigere

399 1385 582 1443 queat.
609 1376 872 1445 Quoniam
899 1377 1041 1432 enim
1071 1377 1304 1442 dixerat,
1331 1378 1470 1435 Deus
1491 1398 1582 1434 nos
1607 1383 1810 1447 eripuit,
1828 1391 1988 1452 atque

400 1465 451 1520 id
498 1474 668 1522 totum
717 1469 1152 1524 miserationibus
1199 1469 1296 1525 Dei
1341 1472 1695 1541 precibusque
1745 1473 1984 1542 ipsorum

397 1557 791 1629 adscripserat;
838 1570 906 1618 ne
925 1561 1037 1616 hac
1065 1564 1278 1619 ratione
1326 1564 1590 1619 auditoris
1618 1565 1856 1620 animum
1884 1580 1980 1620 su-

396 1652 578 1720 pinum
621 1667 686 1708 ac
727 1653 1038 1724 languidum
1076 1655 1329 1728 redderet
1347 1699 1370 1736 ,.
1396 1668 1578 1726 utpote
1629 1659 1722 1714 Dei
1773 1660 1982 1715 miseri-

393 1744 592 1800 cordia:
617 1745 897 1802 dumtaxat
921 1748 1260 1820 aliorumque
1289 1751 1544 1821 precibus
1591 1751 1974 1818 confidentem,

396 1837 633 1893 ostendit
659 1841 803 1909 ipsos
831 1856 1044 1914 quoque
1072 1858 1177 1898 nou
1209 1845 1394 1914 parum
1425 1860 1492 1901 ex
1542 1860 1601 1899 se
1634 1847 1973 1918 prtPStitisse.

400 1932 570 2000 Atque
616 1932 667 1987 id
706 1934 918 2004 quidem
946 1934 1097 2006 prius
1123 1936 1284 1991 etiam
1314 1937 1398 1991 his
1425 1937 1602 1994 verbis
1646 1939 1971 2007 declaravit,

391 2022 535 2075 Sicut
580 2023 840 2079 abundant
888 2029 1150 2096 passiOnes
1197 2030 1386 2082 Christi
1430 2029 1482 2083 in
1512 2031 1686 2096 nobis,
1715 2031 1788 2084 sic
1823 2033 1974 2084 etiam

388 2113 610 2167 abundat
636 2115 918 2172 consolatio
939 2127 1112 2172 nostra
1144 2135 1162 2171 :
1191 2118 1279 2174 hic
1305 2104 1484 2175 autem
1511 2122 1654 2174 aliud
1679 2137 1708 2175 a
1737 2138 1796 2177 se
1825 2132 1972 2178 recte

387 2205 582 2260 factum
610 2218 1022 2264 commemorat.
1070 2210 1352 2279 Quodnam
1408 2212 1545 2267 hoc?
1595 2212 1856 2281 Quoniam
1914 2215 1968 2270 in

387 2313 515 2366 pura
541 2299 867 2354 conscientia
898 2302 1224 2373 minimeque
1264 2305 1386 2358 ﬂeta
1417 2313 1596 2360 mente
1625 2305 1822 2373 ubique
1855 2314 1966 2361 ter-

386 2403 562 2442 rarum
587 2393 891 2447 conversati
924 2408 1129 2460 sumus,
1178 2395 1367 2465 inquit.
1414 2396 1526 2453 Hoc
1577 2412 1740 2468 porro
1765 2398 1830 2453 ad
1865 2415 1964 2453 no-

382 2493 546 2536 stram
572 2485 995 2541 consolationem
1046 2496 1100 2542 et
1143 2488 1572 2546 cohortationem
1624 2507 1732 2545 nou
1778 2507 1964 2562 parum

381 2575 635 2628 momenti
668 2574 861 2642 habet;
891 2592 992 2632 nec
1037 2579 1103 2631 ad
1133 2579 1558 2635 consolationem
1593 2589 1834 2647 tantum,
1868 2582 1962 2637 sed

376 2666 445 2721 ad
466 2666 609 2722 aliud
637 2669 799 2723 etiam
827 2670 1068 2740 insuper,
1085 2672 1228 2742 quod
1256 2672 1622 2729 consolatione
1648 2674 1803 2743 longe
1826 2689 1962 2743 pra:-

377 2760 604 2814 stantius
628 2771 732 2828 est,
766 2761 866 2816 hoc
889 2773 993 2829 est,
1017 2766 1082 2818 ad
1108 2765 1500 2836 gloriationem.
1531 2766 1625 2832 His
1641 2777 1820 2823 autem
1837 2784 1960 2822 ver-

378 2849 469 2907 bis.
499 2852 687 2920 partim
734 2869 829 2908 eos
875 2853 1069 2922 docet,
1099 2865 1156 2910 ut
1203 2857 1256 2910 in
1296 2857 1678 2914 afﬂictionibus
1739 2859 1958 2914 minime

375 2942 567 2998 animis
595 2943 932 3016 frangantur,
948 2948 1046 3003 sed
1076 2949 1251 3018 potius
1276 2951 1593 3021 glorientur,
1624 2969 1744 3009 cum
1770 2970 1954 3022 puram

373 3034 756 3092 conscientiam
783 3037 1013 3094 habeant
1041 3056 1055 3094 :
1084 3042 1280 3109 partim
1309 3043 1468 3096 etiam
1502 3044 1663 3098 falsos
1682 3047 1955 3115 apostolos

375 3125 537 3182 tacite
587 3128 922 3199 perstringit.
974 3130 1043 3185 Et
1078 3133 1527 3201 quemadmodum
1585 3135 1636 3188 in
1675 3139 1952 3204 superiore

369 3217 595 3285 epistola
636 3219 732 3282 ait,
772 3218 910 3274 Misit
937 3239 1015 3276 me
1045 3222 1274 3277 Christus
1301 3233 1357 3277 ut
1385 3227 1738 3298 evangelium,
1764 3245 1864 3282 non
1898 3231 1950 3284 in

368 3311 617 3378 sapientia
644 3314 910 3379 sermonis,
939 3331 1001 3368 ne
1040 3326 1301 3370 evacuetur
1340 3334 1465 3373 crux.
1490 3317 1678 3374 Christi
1719 3324 1792 3387 tl.
1827 3319 1946 3376 Cor.

368 3400 420 3454 1.
441 3401 528 3472 17)
550 3418 563 3466 ;
590 3412 662 3467 ct,
689 3402 756 3458 Ut
777 3404 904 3473 ﬁdes
924 3417 1087 3460 vestra
1111 3410 1295 3464 non-sit
1319 3410 1368 3462 in
1389 3413 1635 3480 sapientia
1662 3414 1941 3477 hominum,

363 3494 454 3548 sed
483 3495 535 3548 in
568 3498 792 3562 potentia
823 3495 914 3551 Dei
941 3499 1018 3569 (ι.
1046 3496 1165 3554 Cor.
1192 3500 1245 3554 2.
1276 3491 1330 3570 δ’)
1365 3520 1378 3556 :
1410 3504 1486 3557 sic
1513 3506 1672 3558 etiam
1701 3506 1799 3560 hoc
1831 3507 1947 3561 loco

367 3587 463 3652 ait,
500 3585 618 3641 Non
649 3590 702 3642 in
726 3591 998 3659 sapientia,
1029 3592 1118 3645 sed
1144 3593 1196 3646 in
1218 3597 1384 3664 gratia
1410 3596 1615 3650 Christi.
1639 3599 1773 3666 Quin
1801 3601 1942 3656 aliud

358 3693 570 3749 quoque
601 3680 683 3734 his
718 3681 894 3735 verbis
925 3684 1299 3752 subindicavit,
1339 3687 1456 3741 Non
1479 3689 1529 3741 in
1544 3693 1816 3759 sapientia,
1842 3692 1942 3749 hoc

358 3781 474 3836 est,
505 3774 608 3826 hou
641 3773 694 3828 in
738 3773 965 3832 fraude:
999 3779 1250 3832 nimirt‘tm
1296 3780 1381 3834 hic
1410 3798 1625 3852 quoque
1657 3784 1937 3852 profanant

357 3863 713 3920 eruditionem
757 3866 1042 3937 impetens.
1096 3868 1274 3924 Gloria
1318 3873 1449 3926 enim
1503 3886 1675 3929 nostra
1707 3877 1812 3930 haec
1841 3888 1933 3944 est,

357 3953 551 4022 inquit,
582 3958 924 4011 testimonium
953 3961 1273 4015 conscientia:
1298 3974 1501 4018 nosti-te.
1542 3965 1652 4020 [loc
1678 3976 1777 4031 est,
1809 3983 1936 4022 con-

353 4045 573 4101 scientia
622 4060 822 4112 nostra,
855 4066 974 4121 quae
1014 4068 1113 4108 nos
1161 4055 1522 4112 condemnare
1565 4060 1766 4129 nequit,
1801 4067 1936 4116 tam-

350 4151 508 4205 quam
540 4137 627 4206 qui
652 4139 719 4195 ob
747 4141 987 4210 improba
1016 4144 1246 4200 facinora
1297 4151 1646 4213 exagitentur.
1680 4152 1932 4220 Quamvis

349 4229 490 4281 enim
526 4231 819 4286 innumeris
844 4233 1576 4298 calamitatibustafllciamur,
1615 4252 1756 4312 utque
1781 4243 1930 4298 undi-

349 4335 452 4388 que
498 4321 818 4393 impetamur
857 4334 910 4378 et
961 4327 1361 4396 periclitemur,
1428 4332 1580 4386 nobis
1634 4346 1810 4390 tamen
1861 4336 1924 4389 ad
1996 4389 2000 4392 _

347 4412 789 4480 consolationem,
820 4431 919 4471 nec
959 4417 1024 4472 ad
1069 4420 1489 4477 consolationem
1540 4434 1742 4478 tantum
1769 4467 1781 4485 ,
1831 4427 1936 4481 sed,

345 4504 504 4557 etiam
530 4505 591 4560 ad
617 4520 869 4562 coronam
900 4509 1094 4563 sut‘t’lcit
1125 4515 1450 4567 conscientia
1483 4531 1600 4585 qum
1647 4536 1674 4586 ;.
1723 4533 1774 4571 sa
1819 4528 1921 4583 est,

344 4597 603 4669 nobisque
657 4597 757 4654 hoc
809 4602 1158 4667 testilit..tur,
1214 4621 1310 4659 nos
1367 4624 1467 4662 non
1509 4610 1724 4664 scel-fis
1763 4614 1922 4669 ullius

343 4704 520 4753 causa,
554 4691 646 4746 sed
679 4691 747 4746 ob
780 4692 868 4747 Dei
901 4695 1251 4757 voluntatem,
1279 4699 1347 4753 ob
1383 4702 1550 4753 virtuti
1575 4717 1625 4756 ’11
1710 4704 1777 4758 ob
1806 4706 1920 4773 phi-

342 4782 660 4849 losophiam,
692 4783 760 4837 ob
788 4785 1074 4839 multorum
1099 4787 1329 4842 Salutem
1362 4791 1472 4844 ξιτεδ
1507 4797 1631 4860 pati.
1671 4798 1742 4848 Ac
1772 4797 1920 4864 prior

336 4871 550 4940 quidem
585 4875 669 4928 illa
713 4877 1008 4930 consolatio
1046 4893 1073 4931 a
1121 4879 1229 4933 Dco
1262 4884 1544 4948 manabat;
1593 4888 1704 4940 hate
1743 4897 1915 4942 autem

335 4964 401 5015 ab
455 4961 581 5032 lysis
633 4977 792 5036 atque
824 4981 852 5020 fl
901 4969 1018 5022 vine
1072 4971 1298 5037 puritate
1347 4975 1715 5045 colligebatur.
1757 4981 1908 5035 Unde

333 5054 492 5107 etiam
523 5053 747 5122 gloriam
782 5059 943 5122 ipsam
979 5069 1150 5126 vocat,
1180 5065 1428 5129 quoniam
1474 5068 1690 5134 propria
1727 5086 1911 5124 eorum

333 5146 525 5199 virtute
551 5151 980 5214 comparabatur.
1013 5153 1264 5219 Quaenam
1290 5156 1446 5224 igitur
1475 5166 1557 5211 est
1582 5158 1695 5214 hate
1721 5161 1908 5230 gloria,

332 5250 385 5288 et
413 5235 665 5304 quidnam
692 5240 845 5293 nobis
869 5245 1196 5299 conscientia
1215 5255 1392 5300 nostra
1415 5248 1745 5316 testiﬁcatur,
1768 5253 1908 5319 Quo-

330 5329 463 5381 niam
496 5330 546 5381 in
586 5330 906 5398 simplicitate
933 5346 979 5386 et
1020 5339 1071 5388 in
1101 5341 1427 5395 sinceritate?
1467 5343 1577 5398 lloc
1621 5355 1722 5409 est,
1773 5348 1905 5404 nihil

328 5418 743 5486 fraudulentum,
761 5421 889 5475 nihil
905 5438 996 5491 per
1011 5426 1352 5497 bypocrisim,
1373 5449 1467 5502 per
1486 5436 1901 5506 simulationem,

327 5526 420 5578 per
449 5515 887 5580 assentationem,
921 5532 1018 5586 per
1047 5521 1285 5588 insidias,
1313 5542 1403 5592 per
1426 5527 1708 5594 fallaciam,
1729 5547 1791 5585 ac
1811 5550 1904 5602 per

323 5601 465 5656 aliud
495 5604 781 5674 quidquam
807 5606 1065 5675 ejusmodi
1096 5610 1348 5681 fecimus;
1380 5621 1470 5672 sed
1503 5621 1551 5673 in
1575 5623 1717 5674 omni
1745 5623 1903 5679 liber-

325 5703 452 5763 tate,
484 5695 539 5752 itt
565 5700 810 5766 veritate,
844 5702 894 5754 iu
921 5718 1048 5769 pura
1095 5705 1418 5778 minimeque
1445 5714 1668 5785 maligna
1704 5717 1893 5772 volun—

645 5808 905 5866 l’sTuOL.
955 5811 1070 5866 (ia.
1130 5815 1280 5871 LXI.

3073 784 3250 832 vetera
3260 785 3451 840 torium
3481 789 3687 849 baben-

2105 845 2204 888 tes.
2236 835 2358 892 Non
2383 842 2436 894 in
2477 849 2727 915 sapientia
2750 859 2968 911 cameli.
3001 861 3112 918 lloc
3139 877 3240 933 est,
3394 849 3448 931 in
3474 835 3686 942 vah-ilic

2101 939 2148 980 et
2181 928 2542 1044 improbitate,
2594 957 2696 999 nec
2731 945 2785 1001 in
2828 957 3095 1012 sermonis
3137 957 3381 1020 facundia
3435 987 3683 1044 nexuque

2097 1019 2484 1130 sophismatum
2526 1047 2539 1082 :
2741 1037 2883 1092 enim
2935 1058 3030 1112 per
3057 1019 3676 1130 carnalemsapiehi'iain

2097 1112 2360 1225 intelligit.
2383 1122 2556 1222 atque
2586 1125 2659 1190 id,
2679 1130 2822 1186 unde
2843 1133 2916 1187 illi
2941 1127 3263 1225 magnOpere
3286 1112 3676 1225 gloriabantur,

2093 1202 2361 1304 inliciatur
2386 1211 2501 1280 ipse
2529 1231 2591 1271 ac
2631 1220 2803 1289 rejicit
2829 1237 2847 1277 :
2875 1219 2952 1280 ρι’
2971 1202 3262 1291 abundanti
3287 1202 3542 1301 :idelicet
3576 1202 3668 1304 os-l

2093 1295 2341 1409 tendens,
2366 1301 2506 1408 haud
2549 1309 2778 1384 dignum,
2813 1316 2952 1378 Istud
2983 1336 3127 1393 esse,
3160 1327 3227 1384 de
3252 1347 3359 1400 quo

2087 1384 2381 1501 glorietur;
2410 1395 2603 1498 quippe
2631 1416 2751 1456 cum
2796 1404 2911 1491 ipse
2940 1425 3046 1469 non
3068 1384 3228 1472 modo

2086 1484 2188 1537 rat.
2215 1493 2393 1535 verum
2424 1485 2584 1540 etiam
2613 1488 2925 1552 submoveat
2954 1516 3016 1556 ac
3044 1506 3242 1571 probro
3269 1510 3449 1568 ducat.
3480 1484 3665 1576 Scitin

2083 1568 2247 1634 gratia
2276 1568 2374 1626 Dei
2421 1584 2704 1636 eonoersati
2739 1602 2913 1642 sumus
2951 1593 3005 1646 in
3032 1597 3240 1652 mundo.
3288 1601 3422 1669 Quid
3451 1617 3563 1675 est,
3599 1610 3665 1666 In

2081 1662 2247 1772 gratia
2275 1661 2412 1720 Dei!
2449 1669 2561 1724 Hoc
2598 1683 2700 1737 est,
2726 1677 3040 1747 sapientiam
3077 1702 3140 1741 ac
3170 1661 3458 1758 patentium
3491 1661 3663 1772 ipsius

2080 1751 2339 1813 beneﬁcio
2367 1761 2522 1820 nobis
2550 1781 2860 1826 concessam
2886 1789 2982 1844 per
3008 1780 3259 1836 miracula
3292 1751 3660 1852 declarantes:

2078 1851 2238 1914 atque
2264 1845 2387 1904 hinc
2411 1853 2594 1922 etiam,
2624 1860 2786 1928 quod,
2809 1877 2929 1919 cum
2952 1868 3113 1923 rudes
3145 1887 3389 1932 essemus
3418 1883 3661 1955 nihilque

2076 1945 2312 1995 externae
2326 1941 2585 2003 doctrina:
2600 1951 2872 2010 nobiscum
2886 1957 3221 2029 alierremus,
3246 1969 3430 2028 doctos
3451 1941 3655 2047 tamen,

2048 2039 2336 2127 oratores,
2367 2035 2746 2111 philosophos,
2791 2063 2945 2119 reges
2972 2068 3033 2108 ac
3083 2061 3310 2126 populos
3349 2035 3653 2127 vicerimus:

2074 2117 2242 2175 Porro
2283 2141 2388 2179 non
2430 2131 2665 2200 vulgaris
2690 2147 2773 2192 est
2818 2143 2933 2196 tunc
2955 2150 3254 2205 consolatio
3283 2168 3345 2208 ac
3382 2159 3652 2228 gloriatio,

2073 2224 2266 2279 nempe
2287 2217 2427 2283 quod
2473 2219 2572 2290 ipsi
2609 2224 2711 2280 sibi
2753 2233 2954 2288 conscii
2984 2248 3199 2305 essent,
3228 2260 3286 2297 se
3327 2217 3430 2301 no‘it
3462 2217 3652 2306 humu:

2071 2317 2203 2405 nan
2242 2314 2531 2405 potentiam
2560 2314 2856 2387 adhibere,
2883 2326 2981 2380 sed
3029 2329 3206 2386 divina
3259 2339 3426 2405 gratia
3472 2347 3651 2400 omnia

2067 2391 2351 2451 coniicere.
2379 2397 2447 2453 In
2477 2406 2689 2461 mundo.
2741 2409 2815 2464 Ita
2844 2428 2951 2469 non
2996 2417 3239 2478 Corinthi
3260 2391 3492 2484 utentum
3516 2475 3532 2500 ,
3555 2437 3651 2492 sed

2069 2484 2265 2549 passim
2292 2502 2504 2560 quoque
2535 2502 2647 2549 toto
2674 2507 2940 2559 terrarum
2965 2508 3116 2564 orbe.
3169 2484 3532 2581 Abundantius,

2066 2584 2164 2628 tem
2185 2581 2459 2683 apud-sos.
2483 2585 2621 2653 Quid
2647 2593 3008 2656 abundantius
3033 2604 3096 2658 ad
3128 2609 3340 2666 vostln
3367 2617 3531 2683 gratia
3555 2619 3653 2675 Del

2062 2674 2346 2777 coniversati
2368 2693 2564 2735 sumus.
2592 2682 2730 2739 Nam
2759 2700 2812 2742 et
2838 2690 2988 2762 signa
3019 2706 3072 2750 et
3101 2674 3519 2777 miracula-apud
3551 2729 3648 2770 vos

2059 2760 2344 2857 edidimus,
2375 2777 2429 2822 et
2453 2771 2786 2842 diligentiam
2816 2760 3074 2852 majorem
3100 2760 3438 2851 adhibuimus
3456 2760 3650 2857 vitam:

2059 2866 2163 2920 que
2193 2854 2261 2908 ab
2279 2860 2424 2913 omni
2453 2865 2874 2932 reprehensione
2900 2874 3152 2932 alienam.
3195 2881 3325 2938 Nam
3377 2887 3479 2944 hoc
3506 2854 3644 2962 quo-

2057 2961 2160 3017 que
2189 2953 2413 3017 gratiam
2443 2955 2536 3011 Dei
2558 2971 2732 3024 vocat,
2763 2965 3013 3022 nimirum
3059 2987 3121 3026 ea
3149 2975 3330 3044 etiam,
3373 2998 3490 3051 qua:
3518 2953 3642 3045 cum

2057 3038 2253 3148 virtute
2277 3047 2464 3148 gessit,
2502 3049 2602 3119 ipsi
2629 3052 2962 3113 adscribens.
2997 3060 3113 3119 lllic
3155 3069 3296 3123 enim
3318 3038 3462 3127 vult-ra
3491 3038 3641 3148 sepia

2058 3131 2303 3198 prosiliit,
2334 3135 2461 3190 dum
2494 3141 2612 3196 sine
2637 3156 2852 3214 sumptu
2890 3156 3226 3224 evangelium
3275 3176 3502 3232 poneret
3523 3131 3641 3231 ,rut

2053 3233 2237 3274 eorum
2286 3222 2640 3284 imbecillitati
2688 3222 3148 3298 consulemus.
3195 3222 3316 3302 Νοή
3359 3257 3492 3308 enim
3526 3222 3638 3314 ait

2047 3309 2314 3365 scribimus
2338 3316 2476 3370 vobis
2499 3359 2515 3385 ,
2561 3335 2715 3390 quam
2739 3339 2851 3393 qua:
2875 3327 3042 3397 legitis
3078 3343 3122 3385 et
3162 3342 3460 3406 agnoscitis.
3492 3309 3637 3412 Quo:

2050 3401 2192 3504 niam
2220 3407 2496 3475 magniﬁca
2522 3410 2590 3466 de
2613 3428 2670 3467 se
2702 3418 3056 3488 proloquutus
3085 3401 3256 3483 fuerin
3283 3401 3625 3510 sibiqtteipsi

2049 3493 2413 3552 testimonium
2446 3501 2674 3569 dixerat,
2709 3506 2762 3561 id
2792 3513 2932 3578 quod
2962 3515 3324 3584 importunum
3351 3493 3485 3593 erat,
3509 3493 3630 3586 rur-

2045 3596 2163 3686 sum
2191 3599 2382 3691 eorum
2407 3606 2526 3660 qua:
2570 3595 2702 3651 dicit
2746 3599 2891 3668 ipsos
2924 3614 3088 3662 teStes
3117 3613 3378 3679 producit.
3409 3619 3486 3676 Ne
3511 3625 3629 3694 quis

2043 3679 2206 3741 enim,
2238 3679 2429 3748 inquit,
2457 3684 2728 3742 existimet
2751 3706 2836 3754 ea,
2870 3709 2988 3762 quae
3013 3711 3042 3750 a
3074 3715 3159 3755 me
3184 3703 3466 3776 dicuntur,
3500 3679 3631 3769 ver-

2041 3765 2230 3821 borum
2271 3770 2548 3829 dumtaxat
2598 3792 2844 3848 pompam
2887 3800 3005 3842 esse
3051 3806 3066 3842 :
3114 3791 3228 3848 haec
3279 3765 3627 3864 enimivobis

2038 3953 2286 4022 quodque
2328 3972 2426 4011 nos
2457 3959 2680 4017 minime
2726 3969 3068 4039 mentiamur,
3108 3989 3216 4043 pra:
3264 3984 3475 4038 caeteris
3521 3953 3622 4056 ipsi

2037 4053 2200 4097 testes
2229 4060 2348 4100 esse
2373 4051 2599 4118 queatis.
2639 4053 2902 4124 Legentes
2926 4063 3069 4117 enim
3101 4073 3413 4136 agnoscitis,
3442 4051 3609 4144 quod,

2034 4150 2153 4204 qua:
2184 4152 2280 4192 nos
2302 4154 2362 4193 re
2389 4141 2502 4210 ipsa
2533 4147 2845 4212 prtestitisse
2881 4165 3215 4223 compertum
3263 4141 3508 4231 habetis,
3553 4141 3614 4225 ea

2034 4241 2129 4295 per
2167 4227 2352 4285 literas
2401 4247 2616 4304 quoque
2663 4240 3059 4307 praedicamus:
3103 4263 3202 4303 nec
3248 4255 3614 4315 testimonium

2031 4328 2267 4374 vestrum
2297 4323 2466 4380 literis
2496 4330 2697 4384 nostris
2721 4345 3004 4405 repugnat,
3033 4340 3127 4393 sed
3151 4352 3340 4398 carum
3372 4347 3607 4416 ipsarum

2030 4408 2242 4466 lectioni
2288 4430 2547 4473 consonat
2577 4420 2692 4476 haec
2722 4429 2957 4496 cognitio
2976 4471 2991 4495 ,
3020 4446 3179 4502 quam
3207 4445 3332 4493 ante
3358 4439 3425 4495 de
3453 4443 3608 4499 nobis

2029 4501 2324 4561 habebatis.
2355 4509 2444 4563 14.
2470 4511 2618 4566 Sicut
2635 4525 2681 4568 et
2698 4524 2996 4588 cognovistis
3021 4501 3112 4578 nos
3136 4543 3198 4580 ea:
3226 4539 3390 4598 parte.
3414 4532 3598 4603 Neque

2025 4595 2166 4649 enim
2198 4612 2264 4652 ex
2316 4599 2541 4656 aliorum
2591 4619 2844 4662 sermone
2871 4625 2958 4664 res
2991 4626 3204 4671 nostras
3226 4595 3558 4689 cognovistis
3581 4670 3598 4692 ,

2023 4686 2114 4738 Sed
2145 4701 2209 4740 ex
2238 4689 2349 4758 ipsa
2379 4695 2726 4761 experientia.
2771 4697 2904 4755 Illud
2931 4713 3106 4758 autem
3132 4745 3148 4771 ,
3179 4706 3260 4760 Ea:
3282 4686 3457 4777 parte,
3487 4686 3601 4769 mo;

2020 4777 2205 4834 destiae
2247 4798 2406 4838 causa
2437 4786 2588 4852 dixit.
2634 4789 2743 4844 lloc
2774 4795 2915 4846 enim
2966 4795 3064 4864 ipsi
3097 4798 3146 4851 in
3179 4815 3326 4853 more
3366 4805 3598 4871 positum

2019 4882 2120 4935 est,
2147 4888 2268 4927 cum
2301 4880 2617 4935 necessitate
2647 4881 2908 4939 adductus
2935 4887 2954 4957 (
2984 4903 3151 4956 neque
3173 4890 3314 4944 enim
3337 4894 3468 4950 alios
3494 4896 3596 4953 hoc

2018 4961 2166 5034 facit)
2190 4968 2363 5037 magni
2413 4970 2478 5024 de
2518 4986 2577 5025 se
2602 4972 2870 5041 quidpiam
2903 4979 3290 5046 pronuntiarit,
3320 4993 3376 5037 ut
3406 5001 3592 5060 eorum

2015 5070 2134 5124 qua:
2177 5057 2310 5112 dixit
2361 5070 2622 5115 tumorem
2675 5066 2856 5120 statim
2905 5069 3174 5123 retundat‘.
3223 5072 3386 5144 Spero
3422 5057 3591 5134 autent

2013 5151 2146 5208 quod
2174 5154 2324 5202 etiam
2346 5167 2502 5220 usque
2530 5154 2582 5206 in
2606 5154 2754 5221 ﬁnem
2781 5160 3106 5228 cognoscetis.

2172 5238 2329 5293 Vides
2371 5257 2580 5296 rursum
2609 5261 2714 5315 quo
2745 5257 2897 5316 pacto
2928 5263 2955 5299 a
2987 5255 3272 5315 pt‘attet'ilis
3302 5255 3459 5309 ﬁdem
3492 5258 3579 5313 fu-

2012 5334 2140 5391 turis
2168 5332 2408 5384 adstruat
2430 5375 2444 5398 ,
2479 5350 2576 5388 nec
2600 5352 2628 5389 a
2662 5339 2938 5406 prmteritis
2975 5350 3179 5397 tantum
3200 5387 3214 5408 ,
3248 5346 3338 5399 sed
3365 5348 3522 5403 etiam
3552 5369 3581 5404 a

2013 5419 2104 5472 Dei
2152 5423 2385 5487 potentia
2409 5424 2448 5486 ?_
2481 5425 2659 5495 Neque
2688 5415 2828 5480 enim
2861 5433 3104 5487 absolute
3140 5436 3413 5490 afﬁrmavit
3439 5481 3452 5505 ,
3484 5444 3578 5497 sed

2010 5509 2110 5564 hoc
2143 5521 2306 5565 totum
2339 5515 2403 5567 ad
2437 5516 2607 5583 ipsum
2635 5531 2910 5586 spemque,
2938 5540 3094 5591 quam
3127 5526 3175 5577 iu
3204 5526 3320 5593 ipso
3349 5533 3573 5598 positam

2009 5604 2187 5669 habet,
2239 5608 2508 5676 relegavit.
2560 5608 2705 5674 Quod
2745 5616 2907 5680 gloria
2937 5628 3094 5668 uestra
3121 5633 3325 5685 sumus,
3354 5625 3483 5675 sicut
3525 5637 3573 5678 et

2009 5714 2090 5752 vos
2122 5713 2294 5753 nostra
2319 5703 2368 5754 in
2396 5705 2475 5757 die
2503 5701 2707 5756 Domini
2749 5709 2907 5761 nostri
2930 5707 3053 5762 Jesa
3079 5708 3282 5765 Christi.
3319 5714 3430 5767 Hoc
3460 5717 3576 5770 loco

3155 5820 3232 5879 :26
