4028 6222
473 290 572 347 tu?

474 405 727 459 invidiam
759 446 772 467 ,
801 416 958 473 quam
989 415 1051 456 ea
1080 416 1199 471 quae
1244 400 1490 471 superius
1520 397 1730 453 dixerat
1750 397 1849 465 ipsi
1875 395 2052 449 conci-

474 510 587 551 tare
616 503 917 566 potucrant,
943 493 1191 559 succidit,
1220 492 1349 547 dum
1378 491 1443 544 ad
1471 504 1657 545 eorum
1685 503 1807 557 qua:
1827 495 1973 540 recte
2001 493 2055 537 et

473 604 594 643 cum
623 588 815 641 virtute
842 593 1085 657 gesserat
1111 584 1440 639 consortium
1469 596 1532 635 ac
1562 580 1871 634 societatem
1898 577 2044 645 ipsos

476 678 747 734 adsciscit.
785 676 899 731 Non
928 676 1070 731 enim
1124 675 1263 728 intra
1313 688 1413 726 nos
1440 671 1798 725 constiterunt
1822 708 1836 732 ,
1868 667 1961 721 sed
1996 665 2062 719 ad

479 787 573 825 vos
601 784 816 841 quoque
867 768 1144 822 dimanant
1164 806 1180 832 ,
1214 780 1274 819 ac
1303 764 1536 818 vicissim
1568 776 1597 815 a
1629 761 1780 815 vobis
1826 758 1894 813 ad
1941 773 2059 812 nos.

480 865 747 931 Quoniam
797 860 942 916 enim
991 858 1229 928 seipsum
1256 856 1519 911 extulerat
1543 897 1559 922 ,
1586 868 1648 907 ac
1673 850 2063 922 praeteritorum

477 963 848 1024 argumentum
874 949 1209 1013 exhibuerat,
1224 958 1277 1002 et
1297 946 1365 1001 de
1387 946 1578 1000 futuris
1595 941 1979 1014 Spaponderat,
1996 955 2067 994 ne

481 1045 755 1099 auditores
783 1058 906 1097 eum
944 1052 1210 1111 tamquam
1239 1054 1429 1109 magna
1474 1038 1541 1092 de
1584 1052 1643 1091 se
1688 1034 2067 1105 praedicantem

486 1140 836 1201 incesserent,
860 1144 1018 1204 atque
1040 1134 1091 1186 in
1111 1131 1385 1194 invidiam,
1410 1140 1466 1184 ut
1487 1129 1616 1193 dixi,
1640 1126 2065 1197 prolaberentur,

486 1230 854 1298 gloriationem
881 1242 1003 1281 cum
1027 1226 1156 1296 ipsis
1179 1224 1566 1287 communicat,
1594 1231 1754 1288 atque
1780 1220 1917 1272 hanc
1944 1218 2065 1271 lau-

490 1322 613 1375 dum
654 1335 907 1375 coronam
957 1318 1022 1372 ad
1075 1318 1219 1386 ipsos
1249 1316 1517 1385 pertinere
1549 1314 1643 1366 ait.
1690 1311 1822 1365 Nam
1867 1309 1909 1364 si
1940 1310 2073 1363 tales

489 1428 841 1482 appareamus
865 1452 880 1475 ,
925 1410 1130 1479 inquit,
1165 1415 1349 1463 nostra
1396 1408 1511 1461 laus
1540 1413 1716 1460 vestra
1747 1403 1914 1473 gloria
1945 1412 2028 1458 est
2056 1418 2069 1453 :

491 1500 941 1572 quemadmodum
988 1499 1194 1553 scilicet
1222 1512 1321 1552 nos
1348 1511 1559 1566 quoque
1579 1535 1593 1559 ,
1636 1494 1763 1547 dum
1794 1508 1889 1547 vos
1919 1493 2075 1547 laude

495 1608 654 1663 atque
684 1594 848 1664 gloria
880 1591 1103 1655 floretis,
1140 1588 1469 1645 exsultamus
1489 1629 1503 1651 ,
1531 1588 1789 1657 gestimus
1819 1595 1873 1639 et
1916 1599 2075 1638 curo-

497 1702 707 1740 naniur.
740 1689 909 1754 Atque
939 1684 1026 1738 hic
1069 1697 1282 1753 quoque
1328 1696 1516 1736 rursus
1555 1695 1648 1749 per
1674 1694 1734 1734 ea
1758 1693 1876 1749 qua:
1910 1676 2076 1743 dixit,

497 1782 765 1849 ingentem
819 1776 1133 1831 humilitatis
1183 1789 1295 1829 sua:
1344 1770 1787 1843 signiﬁcationem
1855 1770 2077 1840 praabet.

497 1871 615 1925 Non
662 1870 803 1925 enim
835 1878 890 1923 ut
921 1867 1171 1938 Magister
1219 1866 1286 1920 ad
1326 1864 1618 1934 discipulos
1643 1905 1658 1928 ,
1694 1862 1787 1917 sed
1815 1872 1870 1916 ut
1916 1860 2081 1915 disci-

495 1962 652 2032 pulus
702 1959 991 2029 discipulos
1046 1958 1363 2027 alloquens,
1423 1956 1495 2010 ita
1549 1969 1856 2010 sermonem
1932 1969 2075 2008 exae-

497 2063 644 2125 quat.
698 2054 775 2107 Ac
837 2052 957 2107 vide
1008 2067 1113 2121 quo
1177 2059 1333 2121 pacto
1379 2066 1473 2105 eos
1535 2048 1793 2103 sublimes
1835 2045 2037 2100 efficiat
2068 2088 2081 2111 ,

495 2161 558 2200 ac
605 2143 939 2217 phil050phia
992 2142 1227 2212 impleat,
1277 2142 1405 2195 dum
1453 2142 1597 2209 ipsos
1633 2138 1697 2192 ad
1749 2139 1896 2192 illum
1943 2138 2084 2191 diem

500 2236 834 2290 transmittit.
882 2235 959 2288 Ne
1006 2235 1150 2289 enim
1200 2230 1660 2299 mihi'praesentia
1702 2244 2087 2283 commemore-

504 2332 592 2393 tis,
646 2329 843 2397 inquit,
888 2326 991 2379 hoc
1033 2334 1115 2379 est
1158 2323 1375 2393 probra,
1420 2322 1696 2387 convicia,
1753 2333 2043 2376 scommata
2070 2363 2083 2383 ,

502 2436 619 2490 quze
645 2418 794 2472 vobis
825 2432 852 2469 a
889 2416 1156 2485 plerisque
1184 2413 1528 2481 inferuntur;
1560 2429 1733 2483 neque
1761 2415 1901 2467 enim
1933 2412 2089 2481 quid-

504 2526 663 2581 quam
730 2508 812 2563 hic
867 2507 1038 2577 magni
1098 2506 1355 2560 momenti
1419 2514 1537 2571 est,
1603 2520 1707 2558 non
1770 2505 1933 2566 laeta,
1986 2517 2091 2557 non

504 2603 745 2665 molesta,
772 2616 875 2654 non
899 2606 1214 2663 scommata,
1241 2613 1346 2651 non
1379 2597 1625 2650 humana:
1654 2594 1837 2648 laudes
1865 2612 1877 2647 :
1908 2610 2091 2648 verum

506 2692 767 2748 tremendi
808 2690 949 2745 illius
984 2698 1142 2758 atque
1182 2686 1435 2741 horrendi
1462 2685 1566 2739 diei
1599 2684 1748 2738 vobis
1783 2686 1831 2737 in
1863 2694 2093 2737 mentem

508 2786 705 2849 veniat,
736 2786 786 2838 in
814 2799 920 2854 quo
949 2783 1126 2839 omnia
1170 2791 1354 2851 aperta
1383 2788 1559 2834 erunt.
1591 2779 1724 2833 Tum
1750 2778 1891 2831 enim
1918 2787 1971 2831 et
1998 2793 2097 2831 nos

510 2876 562 2929 in
594 2876 763 2937 vobis,
790 2887 843 2929 et
873 2890 968 2929 vos
996 2877 1047 2928 in
1078 2874 1232 2929 nobis
1260 2872 1639 2944 gloriabimini,
1663 2886 1783 2926 cum
1815 2880 1869 2925 et
1898 2886 1990 2924 vos
2019 2879 2097 2923 ta-

512 2966 590 3019 les
621 2966 901 3033 magistros
944 2965 1189 3017 habuisse
1222 2964 1558 3031 perspicuum
1589 2962 1711 3027 erit,
1746 2961 1834 3030 qui
1865 2977 1963 3015 nec
1995 2962 2094 3013 hu-

514 3056 657 3109 mani
685 3053 972 3125 quidquam
1018 3052 1329 3117 docuerint,
1356 3067 1454 3106 nec
1485 3051 1724 3120 improbe
1751 3066 1813 3105 ac
1840 3051 2099 3121 flagitiose

513 3146 761 3209 vixerint,
788 3160 888 3201 nec
917 3144 1076 3200 ullam
1104 3144 1215 3200 vitii
1244 3158 1427 3199 ansam
1458 3143 1702 3214 cuiquam
1733 3144 2093 3213 porrexerint,

514 3255 577 3293 ac
609 3240 762 3294 nobis
790 3253 971 3292 rursus
1020 3238 1152 3292 tales
1198 3235 1488 3306 discipulos
1535 3235 1720 3301 fuisse,
1754 3235 1842 3304 qui
1870 3248 1967 3288 nec
2000 3236 2099 3287 bu-

520 3332 660 3384 tnani
692 3329 889 3398 aliquid
923 3329 1061 3397 passi
1093 3328 1306 3391 fuerint,
1333 3342 1433 3381 nec
1462 3326 1783 3389 vacillarint,
1815 3324 1908 3379 sed
1939 3323 2102 3378 alacri

519 3438 581 3477 ac
627 3430 872 3490 prompto
910 3421 1090 3474 animo
1136 3427 1327 3474 cuncta
1371 3418 1701 3488 exceperint,
1750 3432 1847 3471 nec
1890 3416 1993 3469 ulla
2037 3431 2102 3470 ex

522 3525 673 3585 parte
704 3514 961 3568 lallaciam
988 3512 1088 3569 sibi
1120 3512 1234 3567 ﬁeri
1260 3512 1622 3583 permiserint.
1653 3510 1719 3565 Et
1750 3510 1864 3565 ιιωο
1891 3510 2104 3580 quidem

525 3621 665 3660 nunc
695 3615 873 3660 mente
900 3605 1135 3675 prmditis
1161 3604 1438 3659 manifesta
1461 3612 1608 3668 sunt,
1633 3612 1743 3657 tum
1772 3613 1947 3657 autem
1970 3616 2103 3656 cun-

521 3700 621 3754 ctis
648 3706 821 3753 erunt.
848 3698 1027 3766 Itaque
1053 3697 1260 3752 etiamsi
1284 3712 1423 3752 nunc
1444 3695 1749 3767 affligimur,
1775 3711 1877 3750 non
1904 3697 2108 3750 medio-

525 3791 631 3843 cris
664 3792 774 3843 lucc
802 3802 1011 3857 quoque
1038 3788 1192 3842 nobis
1212 3788 1507 3842 consolatio
1528 3788 1764 3857 suppetit
1793 3806 1805 3840 :
1837 3803 1955 3857 quae
1984 3788 2106 3856 qui-

524 3884 646 3935 dem
668 3898 805 3937 nunc
822 3898 849 3936 a
867 3882 1193 3936 conscientia
1208 3880 1581 3951 proﬁciscitur,
1594 3890 1701 3934 tum
1721 3891 1899 3935 autem
1913 3882 1980 3935 ab
1996 3883 2105 3952 ipsa

525 3974 969 4027 manifestatione.
993 3972 1145 4029 Nunc
1171 3973 1313 4029 enim
1341 3972 1667 4028 conscientia
1688 3972 1901 4043 quidem
1928 3983 2108 4029 nostra

526 4069 626 4121 hoc
656 4076 991 4137 perspectum
1020 4066 1197 4133 habet,
1216 4080 1315 4121 nos
1345 4066 1439 4122 Dei
1470 4066 1638 4137 gratia
1664 4067 1842 4122 omnia
1874 4066 2107 4130 efﬁcere,

523 4158 973 4227 quemadmodum
1002 4159 1101 4228 ipsi
1129 4172 1342 4228 quoque
1370 4158 1519 4213 scitis
1560 4173 1624 4213 ac
1665 4159 1846 4213 scietis
1872 4176 1884 4212 :
1916 4167 1970 4211 at
2000 4166 2110 4211 tum

510 4266 713 4323 omnes
739 4251 899 4306 etiam
931 4250 1208 4319 mortales,
1238 4259 1345 4305 tam
1376 4260 1596 4317 nostra,
1626 4264 1787 4319 quam
1817 4259 1990 4303 ve5tra
2021 4263 2113 4303 co-

526 4351 815 4412 gunscent,
852 4355 1056 4412 nosque
1084 4350 1269 4397 mutuo
1298 4342 1431 4396 alios
1458 4341 1527 4396 ab
1554 4326 1673 4395 aliis
1700 4338 1956 4395 celebrari
1987 4354 2111 4409 per-

526 4435 773 4504 spicient.
807 4433 1018 4489 Etenim
1048 4448 1115 4490 ne
1140 4434 1289 4490 solus
1320 4437 1433 4505 ipse
1462 4433 1801 4505 splendorem
1831 4449 1896 4488 ex
1922 4433 2115 4503 gloria-

526 4528 673 4582 tione
701 4526 954 4597 consequi
987 4526 1261 4591 videatur,
1292 4527 1420 4596 ipsis
1448 4540 1659 4596 quoque
1688 4526 1948 4595 gloriandi
1984 4540 2112 4578 cau-

528 4634 640 4672 sam
666 4617 885 4688 prarbet,
902 4627 1059 4688 atque
1080 4635 1109 4673 a
1130 4618 1484 4689 praascntibus
1505 4618 1765 4672 molestiis
1790 4632 1883 4672 eos
1907 4628 2110 4671 avocat.

528 4710 787 4779 Quodque
816 4710 866 4763 in
896 4709 1264 4765 consolatione
1296 4710 1527 4774 fecerat,
1557 4724 1678 4764 cum
1710 4710 1907 4763 diceret
1932 4750 1946 4773 ,
1982 4708 2113 4761 Ρω-

531 4812 647 4872 pter
677 4818 771 4857 vos
798 4805 1167 4859 consolatione
1198 4803 1481 4870 afficimur,
1516 4804 1618 4858 hoc
1645 4805 1804 4859 etiam
1839 4804 1923 4857 hic
1952 4802 2111 4863 facit,

530 4909 651 4949 cutn
679 4897 772 4959 ait,
808 4897 1030 4966 Propter
1057 4911 1152 4951 vos
1182 4898 1492 4965 gloriamur,
1525 4896 1975 4967 quemadmodum
2022 4911 2115 4946 Vos

534 5000 747 5055 quoque
765 4998 981 5055 propter
1000 5002 1101 5042 nos
1116 5006 1128 5039 :
1146 4988 1342 5057 ubique
1354 4988 1558 5042 scilicet
1573 5003 1664 5042 eos
1684 5003 1863 5043 rerum
1878 4988 2113 5039 omnium

531 5074 707 5130 socios
734 5075 1011 5141 adhibens,
1044 5078 1447 5144 consolationis,
1472 5078 1799 5147 passionum,
1831 5092 1940 5129 suae
1967 5077 2118 5129 deui-

531 5186 637 5241 que
666 5168 849 5224 salutis
870 5184 882 5219 :
903 5184 1023 5222 nam
1052 5171 1188 5223 hanc
1209 5170 1433 5222 salutem
1465 5170 1711 5238 precibus
1732 5184 1945 5237 quoque
1969 5168 2112 5234 ipsu-

531 5281 649 5319 rum
672 5262 905 5334 assignat
935 5278 946 5313 :
976 5261 1345 5329 Adjuvantibus
1365 5261 1528 5319 enim,
1555 5260 1746 5326 inquit,
1771 5260 1905 5309 vobis
1927 5260 1976 5309 in
2005 5274 2120 5309 ora-

533 5358 685 5421 tione,
712 5353 851 5416 Deus
873 5369 964 5406 nos
985 5352 1188 5421 eripuit.
1215 5349 1293 5404 Ad
1325 5350 1467 5403 hunc
1494 5350 1647 5418 igitur
1666 5348 1877 5401 modum
1902 5364 1961 5402 ea
1991 5365 2121 5417 quo-

533 5462 657 5514 que,
689 5446 758 5500 ob
787 5461 906 5516 quae
933 5445 1211 5513 gloriatur,
1243 5442 1545 5496 communia
1570 5455 1689 5494 cum
1720 5441 1848 5507 ipsis
1880 5439 2020 5493 facit.
2050 5440 2120 5495 Ut

535 5539 676 5589 enim
705 5539 810 5592 illic
832 5540 899 5591 ai'
963 5539 1183 5590 Qcientes
1215 5537 1451 5606 quoniam
1476 5535 1601 5588 sicut
1629 5534 1749 5587 socii
1780 5533 1895 5586 estis
1926 5532 2119 5602 prmio-

538 5643 657 5679 num
680 5670 693 5691 ,
724 5632 795 5682 ita
824 5642 868 5684 et
898 5633 1253 5685 consolationis
1283 5646 1298 5683 :
1351 5629 1517 5684 rodem
1549 5628 1631 5682 hic
1667 5643 1879 5697 quoque
1926 5644 2083 5682 tnooo
2102 5670 2116 5695 ,

544 5715 717 5769 Gloria
744 5730 904 5773 vestra
932 5738 1127 5790 sumus,
1153 5730 1206 5776 ut
1234 5733 1280 5773 et
1304 5738 1389 5777 vos
1415 5730 1603 5777 nostra.
1636 5721 1718 5777 15.
1751 5719 1814 5774 Et
1841 5722 1933 5775 hac
1956 5718 2115 5790 con/i-

1158 284 1213 343 S.
1257 282 1530 341 JOANNIS
1565 274 2033 339 CHRYSOSTOMI
2074 274 2387 333 ARCHIEP.
2430 275 2963 336 CONSTANTINOP.

3642 290 3749 345 408

2166 395 2336 446 dentia
2364 394 2587 446 volebam
2615 394 2757 462 prius
2784 396 2950 449 venire
2976 395 3042 447 ad
3069 412 3172 450 vos.
3200 394 3445 463 Quanam
3472 398 3722 453 conﬁden
3740 431 3756 441 -

2168 484 2237 539 tia
2256 486 2278 537 ?
2298 485 2449 551 Quod
2470 487 2651 540 virtuti
2675 496 2866 541 vestra:
2884 486 3138 556 majorem
3163 490 3214 542 in
3234 489 3451 544 modum
3467 490 3759 559 conﬁdam,

2166 579 2306 649 quod
2341 588 2559 647 prepter
2590 595 2683 633 vos
2712 580 2929 649 glorier,
2954 579 3095 649 quod
3123 581 3375 650 gloriatio
3405 590 3586 637 nostra
3616 583 3757 646 sitis,

2167 671 2311 741 quod
2357 686 2451 725 vos
2491 672 2645 727 unice
2675 687 2847 726 amem
2868 713 2881 734 ,
2910 671 3053 740 quod
3087 672 3286 728 nullius
3312 675 3439 729 mali
3470 672 3599 728 mihi
3626 688 3761 728 con-

2167 762 2310 817 scius
2342 762 2464 827 sim,
2495 762 2637 832 quod
2678 776 2783 817 non
2821 762 3056 816 dubitem
3098 763 3226 831 quin
3266 766 3446 820 omnia
3482 763 3622 835 apud
3664 780 3762 819 nos

2169 856 2464 923 spiritualia
2496 856 2622 917 sint,
2652 870 2716 909 ac
2746 870 2841 909 vos
2871 854 3059 908 barum
3101 870 3282 909 rerum
3320 865 3484 912 testes
3511 857 3759 911 habeam.

2186 944 2421 1000 Volebam
2448 947 2616 1000 venire
2645 946 2713 999 ad
2728 962 2835 1011 vos,
2861 946 2947 1000 16.
2978 957 3026 1000 et
3052 963 3139 1015 per
3160 962 3245 1000 vos
3278 949 3493 1001 transire
3513 949 3565 1001 in
3593 948 3764 1001 Mace-

2172 1037 2398 1091 doniam.
2428 1039 2587 1107 Atqui
2618 1040 2946 1091 contrarium
2970 1038 3019 1091 in
3045 1037 3222 1106 priore
3249 1038 3472 1107 epistola
3502 1038 3765 1107 pollicitus

2176 1129 2368 1195 fuerat,
2402 1130 2485 1183 his
2518 1130 2696 1185 verbis
2727 1140 2881 1183 utens
2916 1146 2929 1182 :
2971 1128 3181 1182 Veniam
3211 1139 3379 1182 autem
3416 1130 3482 1181 ad
3520 1145 3626 1194 vos,
3650 1144 3765 1182 cum

2178 1221 2534 1275 Macedoniam
2558 1224 2808 1275 transiero
2834 1238 2852 1275 :
2884 1221 3240 1274 Macedonian:
3267 1221 3401 1274 enim
3432 1222 3763 1290 pertransibo.

2175 1314 2275 1382 Qui
2307 1312 2363 1367 ﬁt
2392 1313 2590 1382 itaque,
2617 1322 2675 1367 ut
2703 1312 2789 1366 hic
2819 1313 3102 1382 pugnantia
3134 1311 3312 1366 dicat?
3339 1310 3454 1365 Non
3484 1312 3767 1381 pugnantia

2178 1405 2328 1470 dicit,
2374 1406 2513 1459 absit
2539 1425 2552 1460 :
2588 1405 2705 1459 haec
2734 1407 2876 1459 enim
2902 1420 3022 1459 eum
3051 1406 3116 1459 iis
3146 1406 3359 1475 quidem
3388 1420 3508 1475 qua:
3537 1406 3769 1475 scripse-

2179 1509 2283 1565 rat,
2314 1500 2658 1569 pugnabant;
2686 1514 2807 1553 cum
2837 1499 2900 1552 iis
2929 1508 3129 1563 autem,
3164 1515 3282 1569 quae
3311 1499 3367 1553 in
3396 1498 3577 1552 animo
3606 1499 3771 1554 habe-

2181 1590 2303 1656 bat,
2333 1591 2551 1646 tuinime
2596 1592 2918 1660 pugnabant.
2964 1590 3086 1644 Ideo
3117 1606 3223 1647 non
3256 1589 3344 1645 hic
3374 1590 3539 1654 dixit,
3572 1589 3772 1661 Scripsi

2184 1697 2269 1735 me
2293 1697 2385 1750 per
2405 1698 2497 1736 vos
2516 1682 2568 1736 in
2587 1681 2953 1736 Macedoniam
2977 1682 3345 1749 transiturum,
3367 1682 3478 1746 sed,
3516 1680 3771 1736 Volebam.

2183 1771 2314 1825 Nam
2346 1773 2555 1827 etiamsi
2587 1787 2691 1827 non
2725 1775 2797 1827 ita
2826 1774 3133 1843 scripserim
3157 1816 3171 1840 ,
3207 1775 3407 1842 inquit,
3439 1784 3616 1829 tamen
3658 1786 3775 1829 stu-

2185 1862 2377 1916 debam
2403 1878 2465 1917 ac
2492 1865 2770 1933 cupiebam
2813 1866 2960 1935 prius
3000 1882 3213 1937 quoque
3243 1867 3309 1922 ad
3340 1882 3435 1921 vos
3468 1867 3728 1937 proﬁcisci
3756 1885 3773 1934 ;

2187 1960 2497 2022 tantumque
2524 1954 2695 2017 abest,
2728 1964 2786 2009 ut
2814 1958 2989 2011 serius
3015 1972 3175 2025 quam
3210 1959 3557 2026 promiseram
3584 1958 3650 2012 ad
3682 1974 3778 2013 vos

2188 2061 2273 2099 me
2300 2046 2616 2111 conferrem,
2644 2056 2701 2101 ut
2726 2048 2893 2116 ipsam
2916 2064 3134 2119 quoque
3162 2049 3601 2120 pollicitationem
3630 2060 3770 2105 ante.

2190 2148 2398 2193 vertere
2420 2154 2691 2207 cuperem.
2721 2138 2789 2194 Ut
2810 2142 3085 2194 secundam
3106 2144 3325 2212 gratiam
3349 2144 3617 2198 haberetis.
3642 2144 3778 2210 Quid

2189 2244 2292 2299 est,
2326 2232 2665 2287 Secundam?
2697 2232 2970 2302 Duplicem
3006 2252 3017 2287 :
3052 2235 3275 2289 alteram
3309 2251 3499 2304 nempe
3532 2252 3623 2305 per
3657 2236 3779 2290 lite-

2192 2346 2297 2394 ras,
2328 2330 2550 2382 alteram
2581 2342 2676 2396 per
2707 2326 3068 2395 prmsentiam.
3100 2327 3202 2381 Per
3236 2330 3459 2398 gratiam
3493 2345 3653 2399 porro
3682 2331 3780 2384 hnc

2194 2424 2309 2477 loco
2338 2420 2576 2475 lzetitiam
2606 2418 2872 2489 intelligit.
2910 2417 2973 2472 Et
3005 2435 3093 2485 per
3114 2434 3198 2472 vos
3220 2420 3434 2471 transire
3459 2421 3510 2471 in
3541 2420 3781 2474 Macedo-

2195 2512 2352 2575 niam,
2383 2520 2427 2564 et
2454 2527 2630 2563 rursus
2660 2526 2691 2561 a
2724 2509 3026 2563 Macedonia
3058 2508 3273 2561 transire
3301 2508 3368 2561 ad
3396 2526 3498 2575 vos,
3523 2520 3565 2562 et
3591 2526 3620 2561 a
3648 2512 3787 2564 vobis

2195 2603 2376 2656 deduci
2400 2605 2451 2656 in
2480 2601 2737 2657 Judazam.
2783 2603 2869 2657 l7.
2900 2602 3025 2657 Cum
3050 2616 3170 2672 ergo
3198 2603 3291 2655 hoc
3315 2601 3513 2666 vellem,
3544 2605 3788 2671 numquid

2198 2694 2397 2746 levitate
2423 2710 2543 2747 usus
2571 2710 2682 2746 sum
2705 2694 2729 2746 ?

2270 2782 2321 2836 ’5.
2354 2782 2446 2835 llic
2472 2782 2578 2850 jam
2610 2794 2753 2837 recta
2783 2793 2835 2837 et
2862 2794 3047 2853 aperte
3098 2786 3453 2840 cunctationis
3508 2786 3789 2840 absentia:-

2199 2889 2301 2943 que
2327 2875 2529 2926 crimen
2558 2888 2585 2926 a
2616 2888 2672 2927 se
2701 2876 2998 2942 propulsat.
3025 2877 3175 2940 Quod
3205 2878 3345 2931 enim
3375 2879 3469 2943 ait,
3500 2878 3636 2932 hanc
3663 2895 3789 2932 sen-

2202 2964 2420 3019 tentiam
2472 2963 2631 3018 habet
2663 2981 2675 3015 :
2712 2963 2963 3018 Volebam
3003 2967 3199 3043 venire
3238 2968 3304 3021 ad
3350 2983 3489 3022 vos:
3521 2985 3617 3023 cur
3662 2986 3791 3040 ergo

2202 3072 2305 3111 non
2330 3056 2489 3110 veni?
2510 3071 2575 3109 an
2598 3054 2740 3125 quod
2766 3055 2976 3110 levitate
2999 3066 3052 3109 et
3075 3057 3425 3111 inconstantia
3453 3060 3747 3115 laborarent
3768 3061 3794 3112 ’ἒ

2206 3151 2303 3203 hoc
2332 3149 2473 3203 enim
2501 3147 2756 3218 signiﬁcat
2787 3148 2948 3213 istud,
2979 3147 3246 3219 Numquid
3271 3150 3466 3207 levitate
3492 3169 3612 3206 usus
3638 3171 3745 3206 sum
3768 3154 3793 3205 Ρ

2202 3241 2438 3295 Minime.
2472 3239 2609 3306 Quid
2638 3240 2795 3309 igitur
2820 3254 2994 3293 causa:
3022 3241 3145 3294 est?
3190 3240 3442 3307 Quoniam
3471 3259 3582 3312 qua:
3604 3246 3793 3314 cogito,

2204 3350 2307 3386 non
2336 3332 2612 3385 secundum
2637 3348 2839 3384 carnem
2866 3332 3048 3401 cogito.
3082 3330 3215 3399 Quid
3245 3342 3347 3398 est,
3374 3331 3495 3387 Non
3518 3338 3795 3388 secundum

2204 3440 2407 3478 carnem
2428 3422 2631 3494 cogito?
2659 3421 2775 3476 Non
2806 3424 3008 3477 carnali
3039 3424 3217 3478 modo.
3249 3424 3315 3481 Ut
3335 3426 3399 3480 sit
3419 3427 3557 3497 apud
3578 3444 3675 3493 me,
3700 3426 3797 3482 Est

2206 3532 2297 3584 est,
2321 3519 2461 3584 Non,
2478 3536 2597 3572 non.
2615 3521 2679 3572 At
2694 3519 2745 3573 id
2765 3534 2974 3589 quoque
2987 3518 3274 3574 obscurum
3296 3531 3399 3576 est.
3414 3520 3676 3590 Quidnam
3699 3524 3799 3592 igi-

2209 3624 2294 3669 tur
2321 3614 2404 3669 his
2430 3614 2605 3668 verbis
2636 3612 2735 3667 sibi
2766 3614 2917 3668 vult?
2947 3614 3187 3690 Carnalis
3215 3616 3396 3681 homo,
3430 3616 3534 3671 hoc
3571 3627 3674 3681 est,
3704 3619 3798 3687 qui

2208 3709 2559 3778 prmsentibus
2588 3708 2751 3763 rebus
2776 3708 2969 3762 afﬁxus
2994 3718 3076 3763 est
3100 3724 3163 3763 ac
3196 3718 3453 3779 perpetuo
3484 3709 3538 3765 in
3577 3711 3641 3765 iis
3670 3728 3799 3766 ver-

2209 3810 2373 3864 satur,
2404 3808 2457 3854 et
2487 3814 2516 3852 a
2544 3799 2774 3869 Spiritus
2800 3801 3115 3869 operatione
3160 3800 3366 3855 alienus
3388 3810 3491 3867 est,
3529 3804 3799 3872 quaslibet

2210 3892 2264 3946 in
2294 3906 2417 3945 oras
2444 3890 2703 3961 proﬁcisci
2732 3901 2787 3947 et
2811 3892 2990 3963 vagari
3033 3907 3128 3962 pro
3166 3892 3332 3947 lubito
3364 3903 3556 3963 potest.
3582 3898 3651 3948 At
3672 3895 3801 3965 Spi-

2212 3984 2344 4037 ritus
2385 3982 2649 4047 minister,
2681 3982 2877 4051 quique
2922 3982 2990 4036 ab
3032 3997 3097 4037 eo
3124 3983 3335 4038 afﬂatur
3358 3999 3421 4039 ac
3448 3986 3801 4041 circumduci-

2213 4084 2327 4139 tur,
2370 4090 2474 4128 non
2522 4082 2695 4143 potest
2739 4074 2934 4144 ubique
2970 4090 3066 4145 pro
3108 4075 3331 4131 arbitrio
3355 4092 3454 4133 suo
3490 4070 3548 4133 se
3575 4095 3761 4149 gerere
3783 4123 3800 4143 .

2212 4167 2408 4235 quippe
2435 4180 2592 4235 quem
2620 4164 2852 4234 Spiritus
2881 4167 3184 4221 auctoritati
3216 4168 3286 4221 ita
3322 4168 3617 4233 addixerit,
3648 4180 3704 4223 ut
3733 4187 3801 4227 ex

2215 4258 2380 4327 ipsius
2408 4268 2537 4311 ntttu
2569 4257 2799 4327 pendeat
2828 4279 2840 4313 :
2870 4274 3051 4312 verum
3078 4258 3299 4328 perinde
3326 4261 3402 4313 illi
3427 4262 3639 4324 accidit,
3670 4270 3726 4315 ut
3753 4264 3801 4319 si

2215 4349 2410 4417 probus
2426 4349 2687 4418 quispiam
2708 4363 2915 4414 servus,
2937 4350 3024 4419 qui
3044 4350 3114 4403 ob
3131 4350 3317 4404 herilia
3336 4352 3556 4420 imperia
3573 4369 3803 4423 quoquo-

2215 4456 2425 4494 versum
2449 4440 2785 4508 distrahitur,
2816 4445 2913 4496 ne'c
2943 4442 3022 4495 sui
3046 4442 3183 4510 juris
3204 4453 3364 4512 atque
3385 4443 3591 4497 arbitrii
3609 4454 3710 4510 est,
3741 4462 3807 4501 ac

2217 4547 2283 4585 ne
2316 4532 2575 4585 tantillum
2600 4533 2813 4601 quidem
2835 4518 3129 4601 respirandi
3153 4532 3454 4589 facultatem
3479 4534 3657 4601 habet,
3678 4552 3801 4589 con-

2216 4626 2397 4693 servis
2416 4626 2528 4679 suis
2555 4625 2731 4693 aliqua
2763 4625 3075 4692 promittat,
3102 4640 3162 4679 ac
3184 4624 3409 4690 deinde,
3442 4627 3564 4696 quit
3588 4626 3812 4680 domino

2217 4719 2368 4771 aliter
2402 4719 2638 4785 placeat,
2674 4718 2893 4771 minime
2920 4728 3138 4786 prazstet
3163 4734 3280 4787 qure
3313 4720 3651 4787 promiserat.
3697 4720 3812 4774 llue

2220 4811 2377 4879 igitur
2417 4811 2521 4871 ait,
2564 4810 2677 4862 Non
2719 4811 3014 4863 seCUudum
3057 4826 3273 4863 carnem
3314 4810 3590 4873 consulte,
3636 4828 3811 4878 neque

2219 4918 2247 4954 a
2290 4901 2522 4970 Spiritus
2556 4900 2941 4969 gubernatione
2987 4900 3121 4953 liber
3163 4911 3322 4959 atque
3360 4900 3611 4954 immunis
3650 4917 3803 4972 sum,

2222 5007 2318 5044 lilC
2360 4990 2522 5055 "lilii,
2565 5005 2673 5059 quo
2718 4990 2917 5051 libeat,
2954 4988 3218 5058 proﬁcisci
3267 4990 3409 5044 licet.
3460 4990 3592 5046 Nam
3643 4992 3808 5047 Para-

2220 5083 2341 5135 cleti
2374 5081 2599 5149 imperio
2624 5089 2677 5135 et
2705 5080 2894 5133 edictis
2915 5078 3201 5144 subjicior,
3234 5089 3393 5148 atque
3419 5080 3484 5134 ad
3514 5082 3679 5151 ipsius
3712 5085 3811 5136 Pal-

2220 5154 2397 5225 culum
2426 5188 2553 5241 agor
2578 5186 2641 5226 ac
2665 5171 3020 5236 circumagor.
3044 5168 3179 5220 Hinc
3210 5168 3402 5224 factum
3431 5182 3516 5227 est
3547 5182 3598 5227 ut
3626 5178 3817 5229 venire

2221 5264 2554 5331 nequiverim
2602 5275 2755 5314 :non
2816 5258 2958 5313 enim
3000 5259 3231 5328 Spiritui
3290 5264 3504 5330 placuit.
3560 5262 3615 5317 Id
3669 5265 3811 5333 quod

2223 5352 2381 5407 etiam
2412 5353 2463 5404 in
2487 5353 2713 5405 Actuum
2746 5350 2884 5403 libro
2914 5349 3178 5419 plerisque
3210 5351 3338 5406 locis
3382 5353 3479 5422 ipsi
3520 5368 3616 5405 usu
3665 5354 3811 5403 venit

2224 5442 2575 5514 (Act.'16):
2626 5441 2733 5494 alio
2782 5441 2924 5495 enim
2976 5456 3032 5493 se
3080 5442 3329 5496 conferre
3389 5443 3815 5497 constituentem

2224 5536 2454 5590 Sniritus
2479 5534 2583 5587 alio
2608 5533 2870 5603 proficisci
2896 5533 3132 5603 jubebat.
3160 5534 3517 5600 Quamobrem
3540 5546 3647 5592 non
3670 5546 3807 5584 meae

2224 5628 2453 5684 levitatis
2482 5637 2536 5681 et
2574 5626 2945 5681 inconstantia:
2974 5635 3077 5692 est,
3109 5625 3299 5695 inquit,
3330 5623 3471 5692 quod
3505 5635 3610 5674 non
3642 5636 3802 5675 vene-

2226 5724 2363 5789 rim,
2393 5719 2487 5777 sed
2532 5719 2670 5790 quod
2711 5719 2969 5791 Spiritui,
3012 5718 3095 5773 cui
3127 5715 3398 5784 subjectus
3444 5726 3592 5783 sum,
3622 5727 3814 5786 parcu-
