4002 6218
164 261 255 316 407

160 378 250 446 τὴν
276 378 347 438 εἰς
373 377 533 431 αὐτὸν
569 376 778 433 ἐλπίδα.
823 379 944 434 Ὅτι
979 382 1261 448 καύχημα
1293 381 1462 448 ὑμῶν
1501 380 1708 448 ἐσμεν.

160 464 401 534 καθάπερ
442 467 538 521 καί
576 470 742 538 ὑμεῖς
773 471 964 540 ήμῶν,
1008 472 1078 524 ἐν
1117 470 1190 540 τῇ
1238 469 1429 540 ᾑμέρᾳ
1461 469 1571 522 τοῦ
1601 474 1715 524 Κυ-

156 559 274 624 ρίου
299 558 462 628 ἡμῶν
518 561 722 628 Ἰησοῦ
753 561 1033 628 Χριστοῦ.
1083 561 1350 615 Ἐνταῦθα
1380 560 1473 613 τὸν
1513 560 1578 613 ἐκ
1605 562 1716 614 τῶν

155 651 434 720 εἰρημένων
468 652 831 723 ὑποτέμνεται
864 654 1078 720 φθόνον,
1108 651 1373 724 μεριστάς
1401 653 1600 714 αὐτοὺς
1622 655 1715 704 καὶ

157 744 422 806 κοινωνοὺς
456 746 689 815 ποιήσας
717 746 818 815 τῆς
844 745 1002 816 δόξης
1029 745 1139 798 τῶν
1159 743 1324 798 αὐτοῦ
1352 743 1716 814 κατορθωμά-

154 849 270 888 των.
301 835 368 888 Οὐ
415 835 524 906 γὰρ
573 837 766 910 μέχρις
809 837 966 907 ἡμῶν
1011 837 1263 906 ἕστηκεν,
1314 835 1451 889 ἀλλὰ
1494 834 1588 888 καὶ
1635 837 1717 897 είς

153 927 283 996 ὑμᾶς
308 927 584 992 διαϐαίνει,
613 931 708 981 καὶ
733 930 893 983 πάλιν
926 929 1020 997 ἀφ’
1051 929 1209 998 ὑμῶν
1228 930 1308 990 είς
1333 929 1500 999 ἡμᾶς.
1536 928 1718 980 Ἐπει-

153 1016 209 1088 δὴ
240 1018 338 1089 7&9
379 1018 581 1088 ἐπῆρεν
619 1019 836 1082 ἑαυτὸν,
877 1021 972 1072 καὶ
1019 1019 1128 1072 τῶν
1161 1020 1540 1090 παρελθόντων
1571 1034 1716 1086 παρ-

151 1110 293 1180 έσχεν
314 1110 605 1176 ἀπόδειξιν,
637 1111 732 1163 καὶ
752 1111 820 1164 τά
851 1111 1117 1180 μέλλοντα
1145 1112 1515 1180 ἐνεγγυήσατο
1534 1128 1548 1142 ο
1576 1110 1716 1163 ὥστε

153 1204 222 1272 μὴ
260 1203 557 1274 ἐπισκῆψαι
605 1207 731 1269 τοὺς
767 1206 1063 1270 ἀκούοντας
1099 1207 1176 1271 ὡς
1223 1205 1715 1278 μεγαληγοροῦντι,

150 1291 274 1362 μηδὲ
307 1294 383 1357 είς
415 1294 734 1362 βασκανίαν,
765 1298 902 1367 ὅπερ
933 1296 1091 1364 ἐφην,
1140 1295 1509 1365 ἐξενεχθῆναι,
1550 1295 1720 1346 κοινοῖ

145 1382 201 1433 τὸ
221 1381 492 1452 καύχημα,
543 1383 638 1436 καὶ
690 1383 869 1436 αὐτῶν
918 1381 1056 1436 εἷναί
1086 1401 1221 1453 φησι
1263 1384 1356 1437 τὸν
1393 1384 1503 1435 τῶν
1539 1385 1715 1450 ἐγκω-

147 1473 278 1538 μίων
307 1473 568 1541 στέφανον
609 1473 820 1528 τοῦτον.
870 1475 969 1527 ’Δν
997 1474 1108 1544 7&9
1154 1473 1390 1526 τοιοῦτοι
1432 1473 1714 1540 φανῶμεν,

146 1558 318 1625 φησὶν,
344 1559 372 1610 6
409 1559 628 1625 ἔπαινος
660 1561 818 1633 ήμῶν
842 1561 997 1632 ὑμῶν
1026 1564 1059 1632 ὴ
1089 1562 1245 1626 δόξα·
1278 1561 1469 1632 ὥσπερ
1501 1556 1595 1614 οῦν
1622 1559 1715 1612 καὶ

145 1646 287 1716 ὑμῶν
319 1648 748 1719 εὐδοκιμούντων
783 1654 945 1722 ἡμεῖς
973 1651 1327 1721 ἀγαλλόμεθα
1353 1652 1448 1704 καὶ
1477 1649 1715 1716 σκιρτῶν·

145 1753 241 1804 μεν
264 1738 354 1790 καὶ
386 1741 817 1813 στεφανούμεθα.
849 1744 1018 1797 Πάλιν
1053 1743 1336 1798 κάνταῦθα
1363 1742 1499 1796 πολύ
1527 1742 1589 1794 τὸ
1613 1741 1715 1811 τῆς

140 1832 633 1902 ταπεινοφροσύνης
665 1834 830 1887 αὐτοῦ
855 1836 923 1888 δι’
947 1828 1022 1888 ὧν
1056 1837 1281 1906 εἴρηκεν
1315 1834 1712 1888 ἐπιδείκνυται.

140 1921 215 1970 Οὐ
241 1920 346 1990 7&9
375 1922 450 1984 ὡς
496 1922 816 1987 διδάσκαλος
861 1927 1153 1996 μαθηταῖς,
1196 1929 1312 1997 ἀλλ’
1348 1928 1422 1990 ὼς
1467 1925 1716 1997 μαθητὴς

143 2010 402 2080 μαθηταῖς
430 2014 713 2084 ὁμοτίμοις
739 1995 1140 2085 διαλεγόμενος,
1164 1995 1337 2080 οὕτως
1359 1995 1598 2082 ἐξισ-άζει
1627 2017 1717 2069 τὸν

139 2099 310 2168 λόγον.
342 2104 450 2155 Καὶ
478 2103 575 2157 θέα
611 2105 728 2169 πῶς
756 2106 952 2171 αὐτοὺς
984 2105 1222 2178 ὑψηλοὺς
1248 2111 1416 2171 ποιεῖ,
1447 2108 1541 2159 καὶ
1567 2107 1717 2175 φιλο-

139 2190 330 2260 σοφίας
377 2191 595 2263 πληροῖ,
628 2195 1018 2267 παραπέμπων
1049 2196 1235 2269 ἐκείνῃ
1271 2199 1337 2268 τῇ
1389 2197 1588 2267 ἡμέρᾳ.
1623 2195 1715 2265 Μὴ

138 2282 242 2351 γάρ
268 2299 356 2352 μοι
382 2284 450 2338 τὰ
478 2285 724 2356 παρόντα
752 2286 966 2358 εἴπητε,
990 2288 1147 2358 φησὶ,
1178 2289 1448 2352 τουτέστι,
1480 2288 1550 2342 τά
1577 2287 1718 2340 όνεί-

137 2374 223 2444 δη,
250 2375 350 2439 τὰς
373 2376 662 2450 λοιδορίας,
693 2378 763 2432 τά
796 2378 1110 2450 σκώμματα
1141 2380 1210 2434 τά
1240 2382 1393 2450 παρὰ
1438 2381 1548 2433 τῶν
1586 2378 1718 2433 πολ-

138 2466 277 2521 λῶνο
302 2467 458 2520 οὐδὲν
488 2469 598 2538 7&9
637 2468 780 2538 μέγα
826 2470 897 2522 τά
935 2470 1187 2537 ἐνταῦθα,
1235 2471 1359 2524 οὔτε
1401 2471 1472 2524 τὰ
1505 2469 1719 2541 χρηστὰ

138 2556 257 2611 οὔτε
285 2559 352 2612 τὰ
372 2558 613 2630 λυπηρὰ,
646 2561 706 2613 οὐ
729 2559 799 2613 τὰ
824 2562 1157 2633 σκώμματα,
1187 2563 1248 2614 οὐ
1276 2563 1344 2615 τά
1366 2560 1617 2631 ἐγκώμια
1647 2560 1717 2612 τά

139 2646 286 2717 παρά
330 2647 438 2701 τῶν
483 2647 821 2720 ἀνθρώπων·
871 2650 986 2704 ἀλλ’
1035 2651 1422 2723 ἀναμνήσθητέ
1484 2667 1575 2721 μοι
1616 2651 1716 2719 τῆς

137 2739 349 2810 ἡμέρας
395 2743 608 2818 ἐκείνης
656 2741 759 2812 τῆς
794 2741 1033 2814 φοϐερᾶς
1068 2745 1160 2796 καὶ
1212 2743 1536 2816 φρικώδους,
1575 2744 1634 2796 ἐν

137 2832 311 2886 πάντα
369 2833 903 2904 ἀνακεκαλυμμένα.
956 2836 1090 2889 Τότε
1139 2837 1250 2905 7&9
1293 2838 1386 2890 καὶ
1438 2839 1600 2906 ἡμεῖς
1658 2837 1718 2887 ἐν

134 2921 262 2991 ὑμῖν
299 2922 394 2974 καὶ
429 2923 588 2991 ὑμεῖς
619 2923 679 2976 ἐν
707 2925 841 2993 ήμῖν
868 2925 1405 2995 καλλωπισθήσεσθε,
1454 2928 1582 2979 ὅταν
1624 2925 1717 2978 καὶ

133 3013 292 3081 ὑμεῖς
321 3012 584 3082 φαίνησθε
628 3015 904 3081 τοιούτους
947 3016 1163 3087 ἔχοντες
1194 3017 1569 3082 διδασκάλους,
1611 3035 1717 3087 μη-

129 3103 220 3156 δὲν
246 3101 592 3175 ἀνθρώπινον
620 3103 996 3170 διδάσκοντας,
1043 3106 1180 3176 μηδὲ
1219 3107 1451 3177 πονηρίᾳ.
1493 3108 1717 3176 συνεζη-

131 3190 318 3257 κότας,
363 3192 499 3263 μηδέ
526 3192 696 3265 λαϐήν
725 3211 852 3248 τινα
880 3194 1202 3258 δεδωκότας,
1236 3197 1330 3250 καὶ
1355 3199 1516 3266 ἡμεῖς
1545 3196 1718 3249 τοιού-

128 3296 257 3345 τους
286 3282 502 3352 ἐχοντες
527 3283 794 3354 μαθητὰς,
822 3284 990 3356 μηδὲν
1014 3285 1356 3357 ἀνθρώπινον
1387 3290 1714 3357 πάσχοντας,

132 3379 272 3450 μηδὲ
324 3378 739 3450 σαλευομένους,
793 3382 927 3436 ἀλλὰ
983 3383 1123 3453 μετά
1182 3384 1491 3456 προθυμίας
1541 3387 1717 3440 πάντα

131 3471 596 3541 ὑποδεχομένους,
646 3473 740 3526 καὶ
801 3473 1113 3543 μηδαμόθεν
1156 3477 1713 3547 παραλογιζομένους.

127 3563 244 3617 Καὶ
278 3562 375 3616 νῦν
408 3563 508 3633 μὲν
536 3564 642 3635 7&9
677 3563 851 3617 ταῦτα
880 3565 1012 3633 δῆλα
1040 3571 1152 3632 τοῖς
1177 3568 1302 3621 νοῦν
1330 3567 1514 3638 έχουσι
1547 3584 1561 3597 ·
1593 3569 1716 3622 τότε

127 3655 187 3707 δὲ
221 3654 411 3707 πᾶσιν.
447 3655 611 3707 ’Ὥστε
653 3657 702 3708 εί
742 3656 838 3710 καὶ
864 3654 1158 3728 θλιϐόμεθα
1203 3659 1352 3732 [444]
1386 3659 1500 3723 νῦν,
1534 3661 1595 3714 οὐ
1631 3678 1719 3731 μι-

130 3744 276 3814 κρὰν
319 3746 415 3798 καὶ
444 3745 650 3814 ταύτην
688 3745 886 3818 ἐχομεν
917 3750 1271 3819 παραμυθίαν
1291 3769 1305 3783 ·
1332 3750 1427 3806 νῦν
1473 3751 1588 3822 μὲν
1618 3752 1717 3821 τὴν

124 3837 240 3890 ἀπὸ
267 3837 364 3890 τοῦ
399 3838 721 3907 συνειδότος,
758 3839 880 3892 τότε
915 3839 971 3891 δὲ
1003 3842 1097 3894 καὶ
1119 3842 1217 3913 τὴν
1245 3844 1353 3896 ἀπὸ
1382 3845 1482 3914 τῆς
1506 3844 1715 3914 ἐκλάμι

121 3925 277 3992 ψεως
312 3925 505 3996 αὐτῆς.
538 3925 653 3980 Νῦν
694 3928 790 3998 μὲν
825 3927 934 3998 γὰρ
977 3931 1038 3983 τὸ
1074 3932 1311 3995 συνειδὸς
1349 3932 1505 4003 ήμῶν
1553 3931 1715 4002 οἶδεν,

121 4018 210 4068 ὅτι
241 4017 433 4087 χάριτι
468 4017 606 4071 Θεοῦ
637 4020 814 4074 πάντα
845 4021 1127 4093 ποιοῦμεν,
1179 4025 1254 4086 ὼς
1289 4027 1382 4078 καὶ
1415 4026 1570 4096 ὑμεῖς
1603 4027 1716 4081 ἴστε

122 4108 226 4161 καὶ
250 4107 471 4161 εῐσεσθε
496 4126 510 4139 ·
547 4111 670 4164 τότε
708 4110 764 4163 δὲ
796 4111 888 4164 καὶ
917 4113 1116 4174 πάντες
1144 4115 1476 4185 μαθήσονται
1508 4115 1718 4188 ἄνθρω-

119 4215 220 4253 ποι
252 4200 353 4254 καὶ
378 4205 448 4252 τὰ
474 4203 719 4273 ἡμέτερα
754 4205 935 4257 καὶτὰ
959 4203 1132 4273 ὑμῶν,
1167 4206 1260 4256 καὶ
1293 4207 1509 4277 ὄψονται
1531 4208 1597 4260 δι’
1618 4211 1714 4262 ἁλι

120 4293 313 4364 λήλων
346 4295 494 4363 ήμᾶς
526 4295 938 4366 δοξαζομένους.
984 4298 1103 4351 Ἵνα
1137 4298 1244 4368 γὰρ
1281 4303 1355 4370 μὴ
1396 4302 1522 4371 δόξῃ
1557 4304 1715 4371 μόνος

120 4384 299 4446 αὐτὸς
329 4379 470 4436 εἶναι
491 4385 738 4455 λαμπρὸς
767 4387 874 4439 ἀπὸ
904 4391 1003 4458 τῆς
1030 4389 1371 4456 καυχήσεως,
1409 4392 1501 4443 καὶ
1532 4393 1717 4456 αὐτοῖς

112 4478 349 4530 δίδωσιν
397 4477 574 4530 αἰτίαν
628 4477 721 4530 τοῦ
775 4481 1144 4548 καυχήματος,
1195 4481 1288 4533 καὶ
1343 4483 1545 4550 ἀπάγει
1608 4485 1715 4536 τῶν

118 4561 423 4631 παρόντων
455 4561 714 4633 λυπηρῶν
763 4566 875 4619 Καὶ
894 4566 1030 4637 ὅπερ
1059 4566 1151 4618 ἐπὶ
1187 4567 1284 4637 τῆς
1308 4571 1714 4641 παρακλήσεως

116 4651 394 4719 ἐποίησεν
414 4652 787 4718 είπὼν,δτιΔι’
818 4655 960 4725 ὑμᾶς
996 4673 1239 4725 παρακα,
1274 4658 1532 4729 λούμεθα,
1555 4661 1713 4714 τοῦτο

117 4743 220 4793 καὶ
250 4742 496 4796 ἐνταῦθα
534 4748 697 4810 ποιεῖ,
735 4747 811 4796 Δι’
846 4746 987 4815 ὑμᾶς
1017 4749 1345 4816 καυχώμεθα
1375 4751 1567 4818 λέγων,
1601 4751 1710 4805 ὦσ-

112 4850 234 4904 περ
270 4834 370 4884 καὶ
395 4833 550 4902 ὑμεῖς
578 4837 644 4888 δι’
677 4838 844 4906 ἡμᾶς,
884 4837 1160 4908 πανταχοῦ
1200 4845 1486 4906 κοινωνοὺς
1515 4845 1712 4907 αὐτοὺς

114 4923 304 4976 ποιῶν
333 4924 611 4988 ἁπάντων,
640 4927 738 4996 τῆς
760 4931 1176 5000 παρακλήσεως,
1213 4931 1322 4984 τῶν
1351 4933 1709 5003 παθημάτων,

108 5014 224 5082 τῆς
273 5019 556 5086 σωτηρίας
598 5018 700 5087 τῆς
749 5021 911 5074 αὑτοῦ
949 5038 961 5052 ·
1018 5020 1112 5075 καὶ
1155 5021 1262 5091 γὰρ
1300 5023 1397 5093 τὴν
1439 5028 1712 5096 σωτηρίαν

108 5105 340 5172 ταύτην
384 5110 504 5170 ταῖς
545 5109 729 5177 εὐχαῖς
781 5112 960 5165 αὐτῶν
1012 5111 1319 5180 λογίζεται·
1361 5117 1711 5184 Συνυπουρ-

108 5198 410 5268 γούντων
439 5201 546 5270 7&9
591 5200 752 5269 ὑμῶν
805 5202 880 5270 τῇ
930 5204 1153 5270 δεήσει,
1188 5204 1370 5274 φησὶν,
1416 5207 1710 5275 ἐρρύσατο

117 5310 148 5350 η
171 5287 291 5354 ιιᾶς
323 5291 356 5341 ὁ
387 5291 550 5356 Θεός.
587 5292 741 5345 Οῦτω
763 5291 827 5362 δὴ
866 5294 959 5345 καὶ
989 5295 1057 5347 τὰ
1095 5295 1422 5365 καυχήματα
1449 5299 1599 5352 κοινά
1630 5300 1712 5351 τί·

145 5397 312 5433 τσιν.
345 5379 558 5450 Ὠσπερ
600 5382 707 5455 γάρ
746 5385 863 5436 ἐκεῖ
895 5401 1079 5453 φησιν·
1118 5387 1355 5453 Είδότες
1387 5387 1474 5439 ὅτι
1506 5390 1709 5459 ῶσπερ

135 5488 180 5522 ,c
199 5469 419 5522 ινωνοί
442 5467 582 5524 ἐστε
602 5472 718 5526 τῶν
741 5474 1120 5543 παθημάτων,
1152 5479 1303 5532 οὕτω
1339 5478 1436 5530 καὶ
1468 5480 1576 5548 τῆς
1602 5498 1710 5534 πα-

150 5560 497 5629 αιλήοέως
532 5577 546 5590 °
586 5563 726 5617 οὕτω
769 5568 860 5619 καὶ
909 5567 1176 5635 ἐνταῦθα,
1216 5571 1504 5638 Καύχημα
1545 5573 1710 5640 ὑμῶν

102 5667 344 5721 εσμεν,
400 5650 660 5722 καθάπερ
700 5657 797 5710 καὶ
828 5659 997 5728 ὑμεῖς
1033 5661 1218 5730 ήμῶν,
1261 5663 1368 5717 Καὶ
1421 5663 1605 5730 ταύτῃ
1634 5663 1709 5732 τῇ

1188 265 1256 318 ΙΝ
1297 262 1523 321 EPIST.
1567 262 1605 318 ll
1632 263 1724 317 AD
1766 264 1922 322 (ΞΟΠ.
1965 263 2197 321 HOMIL.
2224 264 2310 320 111.

3300 260 3404 315 408

1827 381 2173 447 πεποιθήσει
2215 378 2553 446 ἐϐουλόμην
2589 378 2878 444 πρότερον
2932 374 3082 441 πρὸς
3118 370 3272 442 ὑμᾶς
3301 371 3405 423 ἐλ-

1821 470 1967 524 θεῖν.
2004 472 2142 542 Ποίᾳ
2172 470 2524 538 πεποιθήσει;
2550 468 2641 538 Τῷ
2665 467 2870 537 σφόδρα
2897 464 3123 537 θαρρεῖν
3151 465 3300 533 ὑμῖν,
3328 461 3409 530 τῷ

1822 564 2137 634 καυχᾶσθαι
2179 566 2264 634 ἐφ’
2294 567 2444 635 ὑμῖν,
2491 562 2572 632 τῷ
2619 559 2880 630 καύχημα
2925 555 3084 626 ὑμῶν
3125 552 3302 616 εἶναι,
3329 554 3410 623 τῷ

1823 654 2026 725 σφόδρα
2065 655 2212 725 ὑμᾶς
2259 655 2501 724 ἀγαπᾷν,
2549 653 2626 724 τῷ
2677 651 2839 722 μηδὲν
2883 646 3060 718 ἐαυτῷ
3108 645 3407 698 συνειδέναι

1822 747 2092 816 πονηρὸν,
2163 745 2239 815 τῷ
2295 745 2612 798 πεποιθέναι
2681 745 2764 796 ὅτι
2826 741 3004 794 πάντα
3063 736 3407 807 πνευματικά

1821 837 1952 908 παρ’
1980 837 2132 908 ἡμῖν,
2169 835 2263 888 καί
2297 835 2441 904 ὑμᾶς
2465 833 2674 886 τούτων
2703 832 2987 902 μάρτυρας
3009 828 3171 898 ἔχειν.
3207 826 3407 878 Ἐϐου-

1821 931 2019 996 λόμην
2054 925 2255 979 ἐλθεῖν
2287 923 2436 991 πρὸς
2467 922 2648 992 ὑμᾶς,
2696 921 2798 974 καὶ
2833 922 2909 975 δι’
2950 917 3115 988 ὑμῶν
3144 913 3407 970 διελθεῖν

1821 1023 1910 1085 είς
1947 1017 2344 1073 Μακεδονίαν.
2389 1013 2500 1067 Καὶ
2537 1014 2643 1084 μὴν
2685 1011 2995 1065 τούναντίον
3040 1006 3408 1078 ἐπηγγείλατο

1822 1112 1881 1163 ἐν
1920 1112 1988 1181 τῇ
2027 1108 2290 1179 προτέρα,
2332 1105 2473 1159 οὕτω
2514 1104 2721 1172 λέγων·
2770 1103 3125 1168 Ἐλεύσομαι
3161 1099 3229 1151 δὲ
3258 1097 3406 1165 πρὸς

1821 1199 1997 1268 ὑμᾶς,
2027 1198 2174 1254 ὅταν
2204 1196 2586 1251 Μακεδονίαν
2614 1193 2826 1247 διέλθω
2844 1209 2858 1221 ο
2890 1188 3270 1244 Μακεδονίαν
3298 1187 3408 1255 γὰρ

1821 1290 2142 1361 διέρχομαι.
2174 1290 2299 1352 Πῶς
2325 1285 2419 1342 οῦν
2447 1284 2686 1341 ἐνταῦθα
2715 1282 2975 1337 τάναντία
2999 1278 3164 1349 φησίν
3187 1296 3202 1343 ;
3235 1279 3310 1330 Οὐ
3337 1279 3408 1329 τὰ

1822 1385 2040 1438 ἐναντία
2065 1385 2250 1454 φησὶν,
2281 1382 2462 1449 ἄπαγε
2481 1398 2495 1411 ’
2527 1378 2700 1433 ταῦτα
2732 1376 2844 1448 7&9
2875 1375 3091 1429 ἐναντία
3131 1372 3231 1443 μὲν
3258 1371 3406 1424 ἐστιν

1820 1470 1902 1537 οἷς
1940 1473 2176 1542 ἔγραψεν
2201 1514 2216 1536 ,
2263 1474 2364 1525 οὐκ
2407 1471 2625 1525 ἐναντία
2660 1471 2717 1524 δὲ
2751 1464 2834 1532 οἷς
2881 1466 3148 1520 ἐϐούλετο.
3185 1463 3276 1516 Διὸ
3310 1465 3406 1515 καὶ

1821 1564 2056 1617 ἐνταῦθα
2086 1563 2186 1616 οὐκ
2220 1557 2395 1624 εἶπεν,
2437 1563 2521 1614 ὅτι
2555 1560 2814 1631 Ἔγραψα
2853 1559 2920 1611 δι’
2948 1556 3104 1626 ὑμῶν
3148 1552 3404 1608 ἀπελθεῖν

1821 1657 1900 1720 είς
1935 1654 2291 1720 Μακεδονίαν,
2336 1653 2474 1715 ἀλλ’,
2517 1651 2900 1716 Ἐϐουλόμην.
2935 1649 2998 1700 Εἰ
3036 1647 3146 1716 γὰρ
3176 1644 3268 1697 καὶ
3306 1645 3404 1712 οὐχ

1819 1745 1992 1808 οὕτως
2042 1744 2277 1816 ἔγραψα,
2329 1743 2517 1814 φησὶν,
2572 1739 2686 1793 ἀλλ’
2733 1740 2882 1808 ὅμως
2942 1735 3275 1800 ἐσπούδαζον
3311 1734 3404 1786 καὶ

1821 1835 2126 1905 ἐϐουλόμην
2154 1835 2249 1889 καὶ
2281 1834 2386 1905 πρὸ
2429 1831 2524 1886 τοῦ
2567 1831 2742 1884 ἐλθεῖν
2773 1828 2910 1899 πρὸς
2942 1828 3112 1896 ὑμᾶς·
3149 1824 3403 1878 τοσοῦτον

1822 1929 2061 1998 ἀπέσχον
2092 1926 2187 1980 τοῦ
2221 1907 2551 1997 βουληθῆῦαι
2575 1920 2873 1993 ὑστερῆσαι
2899 1919 2998 1986 τῆς
3027 1917 3404 1985 ὑποσχέσεως,

1821 2023 1903 2075 ὅτι
1936 2021 2030 2074 καὶ
2069 2019 2274 2087 φθάσαι
2305 2017 2478 2087 αὐτὴν
2517 2014 2780 2086 ἠθέλησα.
2814 2013 2945 2065 Ἵνα
2978 2007 3265 2075 δευτέραν
3300 2007 3405 2073 κάρ

1813 2128 1918 2178 ριν
1954 2112 2151 2179 ἔχητε.
2185 2110 2249 2161 Τί
2286 2112 2423 2173 ἐστι,
2478 2106 2804 2174 Δευτέραν;
2849 2103 2967 2155 Ἵνα
3016 2099 3209 2167 διπλῆν
3241 2101 3401 2168 χάριν

1820 2198 2004 2268 ἔχητε,
2033 2201 2126 2251 καὶ
2155 2200 2256 2269 τὴν
2284 2199 2375 2253 διὰ
2393 2199 2504 2253 τῶν
2532 2197 2904 2269 γραμμάτων,
2940 2193 3033 2246 καὶ
3071 2191 3170 2263 τὴν
3188 2189 3272 2242 διὰ
3301 2188 3402 2256 τῆς

1822 2289 2144 2361 παρουσίας.
2178 2289 2356 2359 Χάριν
2381 2291 2439 2342 δὲ
2475 2288 2712 2341 ἐνταῦθα
2753 2287 2850 2358 τὴν
2881 2284 3052 2356 χαρὰν
3082 2282 3246 2350 λέγει.
3291 2279 3402 2332 Καὶ

1820 2383 1896 2438 δι’
1917 2381 2082 2453 ὑμῶν
2106 2380 2368 2436 διελθεῖν
2393 2383 2481 2447 είς
2512 2379 2914 2440 Μακεδονίαν,
2939 2378 3037 2430 καὶ
3067 2375 3255 2428 πάλιν
3283 2373 3401 2426 ἀπὸ

1819 2474 2194 2537 Μακεδονίας
2221 2472 2420 2527 ἐλθεῖν
2443 2470 2593 2539 πρὸς
2617 2467 2792 2539 ὑμᾶς,
2822 2468 2920 2520 καὶ
2946 2469 3046 2536 ὑφ’
3073 2465 3240 2535 ὑμῶν
3262 2478 3404 2532 προ·

1821 2565 2165 2636 πεμφθῆναι
2197 2568 2283 2631 είς
2313 2564 2429 2632 τὴν
2471 2561 2784 2618 Ἰουδαίαν.
2827 2558 3008 2612 Τοῦτο
3036 2552 3152 2611 οὖν
3175 2556 3405 2621 ,ϐουλό-

1815 2675 2018 2728 μενος.
2042 2656 2128 2727 μή
2156 2674 2211 2711 τι
2233 2658 2347 2725 ἆρα
2384 2654 2461 2725 τῇ
2495 2653 2752 2724 ἐλαφρίᾳ
2789 2648 3189 2720 ἐχρησάμην;

1892 2847 1939 2909 7'
1949 2884 1962 2896 .
1980 2837 2242 2896 Ἐνταῦθα
2257 2836 2439 2890 λοιπὸν
2456 2836 2515 2902 ἐξ
2526 2836 2740 2899 εὐθείας
2753 2835 3043 2890 ἀποδύεται
3067 2834 3126 2887 τὺ
3149 2830 3402 2902 ἔγκλημα

1822 2936 1881 2987 τὸ
1900 2935 1965 2987 ἐκ
1983 2934 2082 3003 τῆς
2107 2932 2420 3002 μελλήσεως
2445 2931 2657 3001 καὶτῆς
2683 2931 2972 2994 ἀπουσίας.
3007 2932 3073 2983 Ὃ
3095 2928 3203 3000 γὰρ
3229 2926 3397 2997 λέγει.

1821 3025 2060 3079 τοιοῦτόν
2089 3027 2235 3077 ἐστιν
2261 3043 2273 3056 ·
2317 3023 2648 3093 Ἐϐουλόμην
2684 3021 2860 3075 ἐλθεῖν
2885 3021 3019 3091 πρὸς
3051 3024 3194 3094 ὑμᾶς
3216 3039 3230 3053 ·
3256 3021 3401 3083 τίνος

1820 3113 1914 3169 οὖν
1946 3115 2132 3167 ἕνεκεν
2157 3116 2254 3167 οὐκ
2280 3110 2442 3184 ἦλθον
2476 3133 2489 3180 ;
2542 3111 2649 3184 ἆρα
2702 3115 2777 3177 ὡς
2810 3113 3010 3183 κοῦφος
3046 3113 3142 3166 καὶ
3187 3113 3401 3182 εὐρίπι-

1823 3224 1967 3272 στος;
1998 3206 2154 3259 τοῦτο
2189 3205 2298 3275 γάρ
2328 3207 2465 3268 ἐστι,
2498 3203 2663 3271 Μήτι
2695 3206 2809 3274 ἄρα
2841 3205 2914 3274 τῇ
2944 3206 3200 3272 ἐλαφρίᾳ
3228 3204 3400 3272 ἐχρη-

1822 3300 2025 3368 σάμην
2047 3315 2066 3364 ;
2093 3295 2356 3368 Οὐδαμῶς
2378 3309 2391 3322 ⁶
2425 3297 2561 3349 ἀλλὰ
2584 3297 2670 3350 διὰ
2691 3296 2776 3361 τί;
2803 3299 2927 3349 Ὀτι
2952 3296 2989 3349 ἂ
3004 3295 3395 3363 βουλεύομαι,

1821 3393 1894 3446 οὐ
1944 3391 2093 3444 κατὰ
2132 3388 2328 3458 σάρκα
2371 3389 2764 3455 βουλεύομαι.
2806 3387 2870 3438 Τί
2914 3391 3080 3450 ἐστιν,
3128 3389 3209 3440 Οὐ
3248 3384 3400 3438 κατὰ

1821 3482 2058 3550 σάρκας
2109 3478 2257 3552 [445]
2314 3480 2388 3533 Οὐ
2448 3477 2726 3548 σαρκικῶς
2772 3476 3110 3546 βουλεύομαι.
3174 3478 3307 3531 Ἵνα
3357 3470 3398 3547 ᾖ

1823 3573 1957 3640 παρ’
1982 3571 2110 3639 ἐμοὶ
2150 3570 2215 3623 τὸ
2241 3571 2352 3624 Ναὶ
2387 3569 2512 3636 ναί,
2548 3569 2642 3621 καὶ
2671 3569 2736 3621 τὸ
2767 3568 2849 3620 Οὒ
2877 3569 2968 3624 οὔ,
3011 3568 3149 3621 Ἀλλ’
3177 3568 3257 3618 ἔτι
3306 3569 3398 3619 καὶ

1822 3663 1979 3717 τοῦτο
2023 3661 2234 3728 ἀσαφές
2295 3660 2361 3713 Τί
2395 3656 2488 3713 οὖν
2530 3661 2676 3712 ἐστιν
2711 3659 2739 3710 ὅ
2787 3676 2989 3728 φησιν;
3035 3659 3094 3711 '0
3139 3658 3397 3728 σαρκικὸς

1823 3753 2127 3824 ἄνθρωπος,
2168 3751 2468 3815 τουτέστιν,
2495 3752 2522 3803 6
2562 3752 2673 3810 τοῖς
2706 3749 2940 3818 παροῦσι
2971 3749 3396 3818 προσηλωμένος

1822 3848 1916 3899 καὶ
1940 3848 2000 3898 ἐν
2020 3844 2231 3907 τούτοις
2260 3841 2549 3904 διαπαντὸς
2583 3841 2678 3905 ὢν,
2707 3842 2800 3893 καὶ
2829 3840 2927 3910 τῆς
2960 3838 3054 3891 τοῦ
3078 3840 3216 3890 Πνεύ
3228 3855 3395 3906 ματος

1822 3939 2104 4009 ἐνεργείας
2136 3938 2291 4000 ἐκτὸς
2333 3937 2637 4006 τυγχάνων,
2679 3933 2956 4003 πανταχοῦ
2981 3933 3198 3986 ἀπιέναι
3240 3931 3396 3983 δύνα-

1822 4051 1932 4097 ται,
1976 4030 2419 4084 καὶ·πλανᾶσθαι
2462 4031 2595 4082 ὅπου
2643 4027 2922 4097 βούλεται·
2956 4027 2984 4077 6
3027 4027 3082 4078 δὲ
3119 4025 3397 4092 ὑπηρέτης

1822 4119 1917 4172 τοῦ
1950 4117 2289 4187 Πνεύματος,
2319 4117 2413 4168 καὶ
2442 4117 2530 4166 ὐπ’
2569 4115 2776 4168 ἐκείνου
2823 4116 3085 4184 ἀγόμενος
3115 4114 3207 4166 καὶ
3235 4129 3395 4181 περι-

1824 4211 2108 4280 αγόμενος,
2140 4209 2198 4261 οὐ
2222 4209 2443 4261 δύναται
2464 4208 2654 4277 κύριος
2677 4202 2814 4259 εἶναι
2835 4206 2935 4274 τῆς
2953 4204 3144 4257 ἐαυτοῦ
3169 4204 3394 4274 γνώμης

1822 4299 2119 4368 πανταχοῦ,
2167 4299 2264 4368 τῆς
2303 4300 2513 4351 ἐκεῖθεν
2555 4297 2803 4361 ἐξουσίας
2845 4295 3149 4367 ἐξαρτήσας
3187 4295 3354 4363 αὐτήν
3379 4311 3392 4322 ·

1821 4390 1955 4444 ἀλλὰ
2015 4389 2253 4441 τοιοῦτον
2288 4391 2568 4456 ὑπομένει,
2616 4386 2724 4443 οἷον
2760 4389 2826 4443 ἂν
2872 4385 2925 4441 εἱ
2963 4388 3146 4449 δοῦλος
3187 4387 3392 4438 εὐδοκι-

1825 4483 1961 4550 μῶν,
1984 4483 2078 4534 καὶ
2105 4479 2379 4549 πανταχοῦ
2423 4480 2839 4548 περιελκόμενος
2874 4480 2978 4545 ὑπὸ
3005 4480 3112 4530 τῶν
3142 4478 3394 4528 δεσποτι-

1821 4576 1931 4626 κῶν
1960 4573 2374 4642 ἐπιταγμάτων,
2419 4571 2512 4621 καὶ
2555 4571 2656 4621 οὐκ
2704 4571 2841 4636 ἔχων
2882 4569 3127 4631 ἐξουσίαν
3174 4568 3390 4630 ἐαυτοῦ,

1819 4667 1940 4718 οὐδὲ
1984 4663 2317 4720 ἀναπνεῦσαι
2357 4661 2652 4729 δυνάμενος
2680 4660 2799 4710 οὐδὲ
2845 4660 3058 4729 μικρὸν,
3114 4658 3392 4726 ἐπαγγέλο

1819 4758 1962 4810 λοιτό
1994 4774 2115 4811 τινα
2139 4758 2248 4817 τοῖς
2280 4750 2601 4814 συνδούλοις,
2626 4748 2743 4804 εἶτα
2770 4751 2846 4820 τῷ
2875 4751 3110 4822 δεσπότῃ
3138 4752 3393 4803 τάναντία

1817 4848 2098 4911 δοκοῦντα,
2135 4847 2206 4916 μὴ
2240 4846 2390 4897 άνύοι
2421 4843 2490 4895 τὰ
2520 4843 2931 4912 ἀπηγγελμένα.
2969 4842 3136 4894 Τοῦτο
3166 4837 3258 4892 οὖν
3291 4858 3391 4906 φη-

1820 4958 1921 5000 σιν,
1944 4941 2026 4990 ὅτι
2063 4941 2143 4990 Οὐ
2166 4937 2313 4988 κατὰ
2337 4934 2538 5002 σάρκα
2553 4936 2952 5000 βουλεύομαι,
2987 4931 3079 4984 καὶ
3130 4931 3228 4981 οὐκ
3273 4930 3390 4998 εἰμὶ

1816 5032 1913 5098 τῆς
1943 5028 2033 5081 τοῦ
2066 5025 2378 5092 Πνεύματος
2400 5025 2556 5086 ἐκτὸς
2578 5023 2972 5090 κυϐερνήσεως,
2996 5019 3115 5071 οὐδέ
3145 5018 3386 5082 ἐξουσίαν

1815 5123 1925 5191 ἔχω
1948 5120 2182 5189 βαδίζειν
2211 5118 2342 5168 ὅπου
2369 5116 2648 5185 βούλομαι.
2685 5113 2793 5165 Καὶ
2840 5112 2948 5182 γὰρ
2986 5112 3278 5181 ὐπόκειμαι
3301 5113 3386 5163 δεο

1817 5211 2041 5280 σποτείᾳ
2059 5213 2124 5280 τῇ
2152 5207 2244 5261 τοῦ
2272 5208 2630 5276 Παρακλήτου
2652 5205 2744 5257 καὶ
2765 5205 3120 5274 ἐπιτάγμασι,
3145 5205 3237 5256 καὶ
3264 5205 3384 5263 ’ταῖς

1814 5301 2023 5353 ἐκείνου
2061 5301 2261 5370 ψήφοις
2295 5298 2500 5368 ἄγομαι
2549 5297 2642 5348 καὶ
2689 5297 3045 5367 περιάγομαι.
3100 5297 3197 5348 Διὰ
3230 5293 3383 5346 τοῦτο

1813 5393 1912 5444 οὐκ
1936 5390 2206 5460 ἠδυνήθην
2247 5388 2422 5442 ἐλθεῖν
2448 5405 2462 5417 ⁸
2498 5387 2556 5439 οὐ
2597 5389 2706 5458 γὰρ
2753 5388 2928 5452 ἔδοξεν
2965 5387 3042 5457 τῷ
3080 5386 3378 5452 Πνεύματι.

1821 5485 1884 5536 Ὃ
1906 5483 1998 5534 καὶ
2027 5482 2084 5534 ἐν
2107 5483 2224 5540 ταῖς
2254 5479 2490 5550 Πράξεσι
2523 5477 2789 5548 πολλαχοῦ
2836 5479 3056 5547 γέγονεν
3087 5496 3099 5509 ·
3149 5478 3380 5547 ἀλλαχοῦ

1812 5578 1921 5645 γὰρ
1951 5571 2332 5644 προῃρημένον
2370 5569 2563 5634 ἐλθεῖν,
2608 5570 2669 5622 τὸ
2710 5570 2932 5639 Πνεῦμα
2973 5569 3206 5640 ἀλλαχοῦ
3235 5569 3383 5638 βαδί-

1821 5671 1933 5732 ζειν
1953 5664 2220 5718 ἐκέλευεν.
2248 5662 2409 5712 Ὥστε
2435 5661 2493 5712 οὐ
2520 5661 2615 5731 τῆς
2648 5663 2781 5732 ἐμῆς
2805 5663 3083 5732 ἐλαφρίας,
3114 5661 3378 5718 τουτέστι.
