4028 6222
645 475 740 528 Ml

643 582 887 639 ostendat
928 578 977 632 id
1019 574 1320 630 necessario
1345 577 1655 625 eventurum
1685 584 1699 619 :
1731 565 1868 636 quod
1902 566 2059 618 etiam
2107 562 2207 616 huc

648 679 764 729 loco
790 676 891 736 ait,
930 683 1118 736 nempe
1153 666 1289 734 (ιιιυά
1345 663 1512 731 ipsius
1556 657 1968 730 pollicitationes
1991 654 2208 708 minime

648 769 845 820 fallant.
899 763 1077 831 Neque
1121 760 1259 813 enim
1303 756 1455 810 nubis
1497 754 1769 807 dumtaxat
1811 749 2067 811 salutem,
2115 742 2209 799 sed

648 857 745 924 ipsi
773 872 981 925 quoque
1006 853 1227 921 gloriam
1268 847 1513 902 alierum.
1561 844 1637 898 Ne
1680 855 1808 911 ergo
1857 839 1984 892 illud
2035 848 2209 890 tecum

647 959 879 1017 reputes,
909 945 1048 1015 quod
1078 958 1170 1011 per
1200 956 1296 995 nos
1336 939 1435 992 ista
1484 939 1741 1007 promissa
1785 934 1926 997 sint,
1955 946 2055 985 nec
2094 945 2215 999 pro-

650 1051 825 1106 pterea
855 1037 921 1091 de
956 1037 1021 1091 iis
1051 1035 1259 1089 dubites
1290 1049 1303 1084 :
1337 1046 1507 1099 neque
1534 1029 1676 1083 enim
1707 1042 1799 1095 per
1828 1040 1927 1079 nos
1948 1066 1961 1088 ,
1993 1022 2088 1078 sed
2120 1036 2217 1091 per

647 1147 767 1186 eum
810 1128 1123 1197 explentur;
1156 1136 1209 1181 et
1253 1123 1633 1195 promissiones
1680 1134 1775 1189 per
1817 1119 1989 1187 ipsum
2040 1121 2211 1174 sunt;

652 1237 755 1273 non
782 1219 923 1273 enim
954 1224 1132 1270 nostra
1159 1255 1176 1280 ,
1221 1214 1311 1268 sed
1348 1228 1464 1283 qua:
1492 1212 1583 1265 Dei
1616 1217 1759 1272 sunt,
1790 1207 1941 1260 vobis
1966 1205 2214 1257 diximus.

651 1311 743 1364 9.1.
778 1311 876 1375 Qui
912 1318 1078 1362 autem
1108 1307 1372 1373 conﬁrmat
1412 1318 1502 1355 nos
1528 1300 1779 1354 vobiscum
1809 1299 1860 1349 in
1889 1296 2088 1349 Christo
2115 1334 2132 1357 ,
2171 1303 2219 1345 et

651 1404 734 1473 qui
761 1402 898 1454 unxit
936 1415 1048 1461 nos,
1085 1396 1255 1459 Deus;
1279 1394 1368 1448 22.
1413 1394 1500 1462 qui
1536 1400 1581 1443 et
1609 1390 1822 1460 signavit
1850 1403 1934 1441 vos
1956 1427 1969 1449 ,
2009 1394 2055 1438 et
2084 1383 2222 1436 dedit

653 1493 832 1562 pignus
903 1490 1130 1557 Spiritus
1200 1488 1251 1537 in
1309 1481 1543 1537 cordibus
1598 1481 1802 1533 nostris.
1854 1477 2081 1530 Rursum
2125 1487 2220 1542 per

652 1582 917 1650 praiterita
950 1579 1106 1631 ﬁdem
1158 1575 1345 1627 futuris
1383 1570 1653 1625 conciliat.
1698 1568 1830 1622 Nam
1872 1567 1916 1620 si
1954 1566 2067 1633 ipse
2096 1570 2179 1617 cst
2202 1603 2217 1626 ,

651 1674 739 1743 qui
768 1686 865 1725 nos
893 1672 944 1725 in
975 1668 1185 1722 Christo
1214 1664 1531 1724 conﬁrmat,
1562 1659 1664 1713 hoc
1684 1668 1787 1723 est,
1817 1657 1905 1726 qui
1936 1671 2031 1708 nos
2060 1670 2087 1706 a
2119 1652 2222 1705 ﬁde

654 1778 771 1831 qua:
819 1761 869 1813 in
897 1758 1164 1813 Christum
1193 1763 1271 1810 est
1304 1750 1560 1806 dimoveri
1594 1763 1700 1803 non
1727 1748 1891 1811 sinit;
1923 1753 2079 1814 atque
2109 1743 2222 1810 ipse

656 1854 814 1907 etiam
846 1859 928 1905 est
952 1892 965 1915 ,
998 1849 1088 1917 qui
1134 1862 1229 1899 nos
1258 1845 1445 1910 unxit,
1480 1841 1843 1911 Spiritumque
1882 1838 1934 1889 in
1973 1833 2224 1889 cordibus

659 1944 851 1996 nostris
886 1941 1029 1996 dedit
1060 1959 1071 1993 ;
1101 1937 1367 2010 quomodo
1408 1951 1510 1988 non
1558 1933 1728 1986 futura
1758 1944 1967 1998 quoque
2005 1927 2225 1980 daturus

658 2034 780 2088 est?
806 2032 933 2086 Nam
961 2046 1080 2085 cum
1112 2029 1370 2099 principia
1412 2036 1467 2081 et
1510 2023 1789 2078 materiam
1826 2034 1890 2073 ac
1913 2015 2146 2071 radicem
2173 2022 2227 2069 et

660 2128 877 2189 (utilem,
904 2124 1003 2177 hoc
1032 2131 1135 2185 est,
1168 2135 1345 2174 veram
1376 2117 1542 2186 ipsius
1569 2112 1928 2183 cognitionem
1969 2121 2031 2162 ac
2054 2104 2226 2175 Spiri-

661 2226 745 2271 tus
772 2214 1231 2287 participationem
1262 2209 1482 2277 largitus
1508 2206 1578 2260 sit
1609 2222 1624 2259 :
1654 2203 1742 2272 qui
1782 2200 1898 2256 ﬁeri
1926 2207 2139 2270 potest,
2172 2204 2230 2249 ut

665 2325 767 2363 non
809 2323 871 2362 ea
901 2308 1059 2359 etiam
1096 2304 1352 2374 largiatur
1374 2342 1387 2363 ,
1430 2313 1549 2369 qua
1572 2313 1636 2352 ex
1670 2295 1751 2349 his
1780 2291 2067 2349 oriuntur?
2095 2290 2227 2345 Nam

664 2416 784 2452 eum
816 2399 900 2450 illa
930 2397 1116 2449 horum
1137 2407 1294 2448 causa
1322 2391 1587 2446 donentur
1609 2428 1626 2454 ,
1660 2387 1826 2441 multo
1854 2385 2021 2453 magis
2048 2384 2112 2447 is,
2141 2382 2228 2451 qui

668 2491 730 2540 Ιιῖι
751 2503 781 2541 c
808 2486 976 2550 dedit,
1013 2485 1101 2538 illa
1129 2497 1340 2553 quoque
1368 2478 1625 2551 praebebit
1654 2496 1667 2531 :
1696 2486 1893 2532 etcum
1926 2476 2040 2541 hmo
2060 2473 2233 2526 adhuc

668 2577 911 2631 hostibus
928 2574 1155 2638 dederit,
1180 2573 1343 2627 multo
1371 2571 1538 2641 magis
1562 2570 1652 2624 illa
1678 2568 1865 2623 amicis
1892 2566 2131 2621 donabit.
2156 2565 2233 2618 Ac

667 2670 890 2740 proinde
934 2684 1001 2722 nc
1037 2667 1290 2736 Spiritum
1328 2664 1542 2736 quidem
1591 2662 1907 2730 simpliciter
1934 2659 2108 2723 dixit,
2139 2656 2235 2712 sed

666 2762 853 2832 pignus
886 2757 1198 2823 nominavit,
1228 2766 1286 2811 ut
1316 2771 1411 2825 per
1431 2754 1533 2809 hoc
1561 2753 1627 2808 de
1654 2760 1765 2808 toto
1790 2751 2035 2806 ﬁduciam
2056 2748 2237 2804 conci-

667 2852 802 2923 pias.
832 2850 1015 2921 Neque
1034 2850 1174 2903 enim
1205 2848 1249 2901 si
1280 2856 1447 2901 totum
1478 2845 1697 2899 daturus
1721 2858 1826 2897 non
1853 2850 2014 2907 esset,
2045 2842 2235 2911 pignus

668 2942 927 3010 praebere,
959 2955 1021 2993 ac
1042 2940 1231 2993 frustra
1259 2946 1314 2991 et
1338 2946 1537 2991 temere
1563 2934 1787 3004 perdere
1814 2933 1865 2986 in
1888 2934 2119 2985 animum
2150 2930 2234 2983 iu-

667 3036 925 3090 duxisset.
968 3033 1044 3086 Ac
1074 3031 1229 3093 vide,
1272 3043 1471 3098 quaeso,
1518 3026 1663 3082 Pauli
1716 3025 2053 3094 probitatem.
2097 3020 2233 3087 Quid

669 3126 833 3189 enim,
866 3123 1055 3192 inquit,
1083 3122 1260 3175 dicere
1280 3120 1488 3183 attinet,
1522 3118 1932 3184 promissionum
1958 3115 2235 3168 veritatem

672 3218 723 3270 iu
753 3215 904 3269 nobis
945 3214 1163 3267 minime
1198 3212 1350 3265 sitam
1380 3209 1542 3265 esse?
1573 3211 1680 3262 imo
1705 3206 1807 3262 hoc
1838 3209 2007 3275 ipsum
2034 3246 2050 3270 ,
2096 3203 2238 3273 quod

672 3324 765 3363 vos
797 3308 940 3362 ﬁrmi
958 3315 1120 3376 atque
1150 3304 1449 3358 immobiles
1490 3304 1642 3355 statis
1668 3341 1683 3365 ,
1714 3315 1821 3354 non
1853 3300 1903 3353 in
1935 3296 2089 3351 nobis
2111 3304 2193 3349 est
2219 3335 2236 3361 ,

674 3400 765 3457 Sed
795 3399 883 3452 Dei
924 3397 1235 3452 beneficium
1267 3404 1347 3448 est
1377 3411 1390 3448 :
1425 3393 1525 3459 Qui
1554 3392 1696 3445 enim
1723 3390 1987 3457 conﬁrmat
2016 3403 2130 3450 vos,
2163 3387 2242 3438 in-

674 3491 811 3559 quit,
840 3488 975 3541 Deus
1000 3496 1090 3541 est.
1121 3485 1235 3539 Non
1277 3499 1401 3553 erga
1436 3498 1534 3537 nos
1576 3496 1759 3535 sumus
1783 3520 1798 3543 ,
1825 3480 1916 3549 qui
1946 3492 2041 3531 vos
2083 3477 2239 3531 fulci-

677 3596 794 3635 mus
822 3599 834 3633 :
870 3593 990 3632 nam
1019 3577 1115 3647 ipsi
1144 3590 1357 3645 quoque
1391 3572 1755 3629 conﬁrmantis
1776 3586 1877 3640 cpe
1922 3569 2237 3638 indigemus.

674 3670 932 3737 Quocirca
972 3684 1077 3721 non
1105 3678 1217 3731 est,
1246 3665 1385 3735 quod
1415 3665 1691 3733 quisquam
1726 3660 2155 3730 prmdiCationem
2188 3660 2241 3712 in

676 3763 828 3817 nobis
854 3760 1138 3831 periclitari
1171 3757 1438 3812 existimet
1468 3772 1480 3808 :
1516 3756 1628 3825 ipse
1659 3764 1825 3809 totum
1859 3753 1959 3808 hoc
1989 3754 2039 3806 in
2079 3768 2137 3807 se
2161 3768 2244 3806 re—

675 3852 837 3921 cepit,
865 3851 960 3921 ipsi
992 3850 1153 3903 totius
1184 3849 1378 3918 negotii
1410 3862 1535 3900 cura
1564 3854 1664 3900 est.

749 3947 801 4000 5.
841 3943 976 4010 Quid
1006 3951 1181 3997 autem
1206 3950 1307 4003 est,
1342 3940 1440 4005 Qui
1470 3938 1611 3991 unxit
1638 3947 1684 3990 et
1710 3936 1969 4005 signavit?
1998 3934 2109 3987 Hoc
2138 3942 2241 3997 est,

679 4039 766 4104 qui
794 4036 1045 4103 Spiritum
1077 4031 1243 4096 dedit,
1273 4044 1368 4098 per
1394 4042 1551 4097 quem
1580 4035 1864 4094 utrumque
1894 4024 2083 4079 horum
2113 4023 2245 4077 effe-

680 4128 772 4189 cit,
805 4124 1054 4179 nimirum
1087 4121 1240 4175 simul
1270 4128 1323 4173 et
1352 4117 1638 4187 prephetas
1662 4125 1711 4170 et
1742 4115 2048 4169 sacerdotes
2077 4123 2130 4168 et
2160 4129 2246 4169 re-

681 4232 773 4288 ges
802 4214 1038 4270 efﬁciens
1068 4231 1081 4266 :
1114 4210 1374 4281 siquidem
1424 4209 1536 4263 lucc
1574 4207 1848 4262 hominum
1877 4221 2073 4275 genera
2118 4205 2245 4258 olim

683 4306 1032 4377 ungebautur.
1074 4304 1141 4357 At
1172 4318 1266 4356 nos
1294 4315 1397 4355 non
1426 4313 1583 4352 unam
1609 4339 1624 4363 ,
1666 4296 1756 4351 sed
1791 4306 1899 4351 tres
1927 4296 2055 4350 istas
2076 4296 2248 4366 digni-

684 4412 819 4455 tates
868 4395 1237 4469 prtrstnutiore
1280 4392 1587 4448 conditione
1629 4390 1933 4443 obtinemus
1975 4407 1988 4442 :
2035 4404 2154 4442 nam
2195 4398 2249 4442 et

684 4508 849 4562 regno
877 4488 1089 4560 petituri
1127 4499 1331 4550 sumus,
1364 4491 1438 4549 et,
1470 4496 1590 4535 cum
1622 4480 1850 4534 victima:
1879 4478 1994 4533 loco
2022 4494 2247 4550 corpora

684 4593 864 4638 nostra
882 4580 1170 4643 oll‘erimus,
1192 4575 1497 4635 sacerdotes
1518 4571 1800 4636 efﬁcimur;
1821 4569 2063 4625 Exhibete
2081 4572 2244 4636 enim,

684 4674 873 4743 inquit,
904 4670 1124 4725 membra
1173 4677 1338 4723 vestra
1384 4666 1602 4720 hostiam
1642 4663 1927 4726 viventem,
1974 4662 2249 4732 placentem

683 4765 790 4819 Deo
812 4763 985 4833 (Rom.
1014 4761 1099 4816 12.
1125 4760 1217 4830 l);
1247 4767 1406 4828 atque
1431 4759 1649 4826 insuper
1672 4754 1945 4825 prephette
1968 4753 2250 4808 constitui-

684 4870 822 4908 mur.
850 4854 975 4919 Qui;
1000 4851 1131 4904 enim
1160 4849 1336 4903 oculus
1365 4862 1466 4899 non
1495 4846 1638 4908 vidit,
1668 4860 1758 4898 nec
1784 4841 1923 4897 auris
1947 4844 2160 4907 audivit,
2192 4858 2252 4895 ea

684 4944 825 5016 nobis
856 4942 1107 5013 patefacta
1135 4949 1252 4993 sunt
1279 4937 1325 5008 (l
1343 4979 1354 4991 .
1384 4936 1505 4990 Cor.
1538 4935 1595 4989 2.
1621 4935 1703 5006 9).
1736 4935 2066 5004 Quamquam
2091 4934 2248 4988 etiam

684 5036 786 5090 alia
808 5034 1014 5090 ratione
1042 5045 1197 5101 reges
1223 5028 1487 5083 efﬁcimur
1505 5068 1519 5091 ,
1560 5028 1605 5080 si
1635 5028 1891 5098 improbis
1913 5027 2252 5101 cogitationi-

684 5130 786 5185 bus
811 5127 1076 5197 imperare
1119 5104 1465 5175 voluerimus.
1505 5116 1636 5171 Nam
1662 5120 1804 5189 quod
1831 5120 1878 5174 is
1904 5120 1994 5190 qui
2034 5117 2155 5173 talis
2184 5117 2255 5171 sit

684 5226 891 5289 regnet,
913 5224 970 5271 et
992 5213 1203 5285 quidem
1228 5211 1415 5281 magis,
1438 5225 1594 5280 quam
1620 5212 1708 5280 qui
1729 5211 2030 5265 diademate
2047 5210 2255 5264 cinctus

686 5321 787 5375 est,
818 5308 1016 5377 liquido
1033 5308 1139 5377 jam
1168 5304 1320 5359 vobis
1340 5302 1737 5359 demonstrabo.
1771 5304 1964 5357 Multos
1989 5302 2076 5356 ille
2101 5316 2252 5355 exer-

683 5403 819 5455 citus
846 5401 1035 5463 habet;
1076 5408 1130 5451 at
1181 5411 1278 5452 nos
1304 5408 1516 5467 quoque
1545 5393 1726 5463 plures
1764 5395 1872 5447 illis
1898 5393 2252 5461 cogitationes

684 5492 940 5547 habemus
965 5508 979 5544 :
1007 5503 1179 5559 neque
1207 5488 1347 5543 enim
1381 5484 1583 5540 inﬁnita
1613 5483 2011 5551 cogitationum,
2042 5498 2160 5551 qtne
2198 5484 2253 5537 in

686 5584 841 5637 nobis
883 5590 1044 5647 sunt,
1086 5579 1370 5635 multitudo
1408 5574 1711 5634 enumerari
1754 5583 1943 5642 potest.
1989 5573 2098 5627 Nec
2128 5587 2254 5627 vero

689 5674 1078 5730 multitudinem
1105 5672 1385 5725 dumtaxat
1411 5667 1603 5724 intueri
1635 5664 1902 5740 licet,‘sed
1930 5664 2089 5717 etiam
2117 5663 2254 5716 mul-

686 5783 770 5825 tos
808 5772 859 5825 in
891 5774 989 5826 hac
1020 5769 1398 5841 cogitationum
1428 5766 1582 5835 copia
1608 5763 1771 5818 duces
1792 5802 1804 5823 ,
1837 5755 2076 5811 tribunos
2099 5800 2114 5817 .
2146 5766 2257 5811 tur-

688 5876 890 5916 marum
934 5862 1237 5931 prxfectos,
1280 5856 1613 5931 sagittarios,
1657 5849 2060 5913 fuudibularios.
2108 5848 2249 5919 Quid

1366 458 1421 513 S.
1458 453 1730 513 JOANNIS
1764 447 2235 507 CllRYSOSTOill
2276 444 2585 499 AltClllEP.
2612 444 3137 502 CONSTANTlNOP.

3775 450 3885 508 412

2312 558 2450 614 aliud
2472 568 2571 623 est,
2595 559 2735 628 quod
2763 576 2937 630 regem
2967 562 3203 616 efﬁciat?
3228 564 3515 619 vestesne‘!
3547 566 3613 619 At
3640 566 3726 621 hic
3748 583 3889 636 quo-

2313 666 2414 718 quc
2441 649 2643 725 meliori
2675 665 2735 703 ac
2767 652 3119 717 praestantiori
3154 663 3297 706 veste
3336 655 3563 709 amictus
3586 666 3688 719 est,
3718 672 3885 721 quam

2314 754 2410 793 nec
2442 742 2577 792 tinea
2605 750 2787 804 exest,
2819 756 2917 794 nec
2943 750 3178 795 vetustas
3202 742 3432 797 conﬁcit.
3464 745 3599 812 Qum
3628 748 3889 815 multipli-

2314 843 2430 883 cem
2457 845 2665 898 quoque
2705 846 2956 883 coronam
2986 832 3145 886 habet
3167 875 3182 899 ,
3214 850 3403 903 nempe
3430 837 3615 905 gloriae
3646 847 3700 891 et
3726 840 3893 890 mise-

2318 921 2577 973 rationum
2607 921 2697 974 Dei
2725 940 2737 974 :
2768 920 2987 974 Benedic
3016 924 3180 986 enim,
3211 924 3413 993 inquit,
3445 928 3617 979 anima
3642 944 3751 979 mea
3779 926 3893 979 Do-

2318 1013 2453 1063 mino
2473 1052 2487 1075 ,
2516 1012 2600 1081 qui
2629 1022 2837 1064 coronat
2865 1023 2910 1066 te
2948 1014 2999 1067 in
3037 1016 3381 1067 misericordia
3415 1028 3460 1070 et
3488 1019 3894 1073 miserationibus

2320 1101 2486 1169 (Psal.
2520 1102 2639 1157 102.
2668 1103 2723 1156 2.
2758 1104 2811 1174 4)
2847 1122 2859 1157 :
2909 1115 2962 1158 et
2988 1105 3207 1175 gloriae;
3247 1106 3421 1159 Gloria
3456 1111 3632 1175 enim,
3676 1112 3846 1178 inquit
3875 1152 3892 1175 ,

2320 1204 2364 1245 ct
2392 1193 2579 1247 honore
2605 1197 2859 1248 coronasti
2884 1212 2997 1248 eum
3030 1195 3197 1262 (Psol.
3229 1197 3282 1252 8.
3310 1198 3367 1267 6)
3394 1216 3405 1251 :
3438 1208 3492 1253 et
3523 1202 3673 1254 bona:
3703 1201 3899 1255 volun-

2323 1287 2483 1345 tatis;
2519 1284 2585 1339 Ut
2614 1297 2758 1339 scuto
2795 1288 2935 1341 enim
2958 1329 2972 1351 ,
3006 1288 3209 1357 inquit,
3257 1290 3401 1345 bona:
3443 1292 3713 1349 voluntatis
3742 1311 3897 1347 cora-

2322 1378 2452 1429 nosti
2482 1394 2571 1433 nos
2600 1377 2769 1443 (Psal.
2790 1379 2844 1433 5.
2873 1380 2958 1449 13)
2993 1399 3005 1432 :
3029 1388 3083 1432 et
3107 1382 3429 1448 gratiarum;
3456 1382 3705 1437 Coronam
3725 1386 3894 1448 enim,

2326 1468 2533 1535 inquit;
2582 1470 2863 1539 gratiarum
2906 1472 3119 1541 accipies
3157 1474 3309 1542 capiti
3353 1484 3437 1527 tuo
3480 1474 3673 1544 (Prov.
3718 1479 3763 1529 1.
3799 1478 3893 1546 9).

2324 1556 2553 1612 Videsne
2592 1576 2749 1627 quam
2792 1561 2934 1614 varie
2980 1570 3179 1616 textum
3232 1574 3535 1634 quantoque
3580 1569 3801 1636 gratius,
3834 1585 3899 1623 ac

2326 1651 2596 1733 venustius
2620 1651 2691 1705 sit
2718 1652 2856 1706 istud
2879 1653 3121 1707 diadema
3145 1655 3170 1707 ἲ
3195 1654 3390 1710 Verum
3422 1656 3580 1713 altius
3607 1675 3814 1715 rursum
3845 1672 3899 1716 et

2327 1741 2623 1794 accuratius
2668 1742 2857 1795 horum
2902 1759 3084 1812 regum
3129 1754 3325 1799 statum
3370 1748 3756 1815 expendamus.
3807 1751 3905 1806 Ille

2327 1826 2672 1895 Stipatoribus
2701 1831 2813 1884 suis
2837 1831 3144 1887 dominatur
3171 1842 3225 1887 et
3261 1837 3467 1889 cunctis
3499 1836 3754 1907 imperat,
3784 1857 3905 1893 om-

2331 1933 2530 1987 nesque
2563 1920 2658 1988 ipsi
2683 1930 2867 1988 parent
2888 1931 2942 1976 et
2968 1923 3334 1993 obsequuntur
3361 1945 3375 1980 :
3406 1936 3461 1981 at
3490 1943 3587 1997 ego
3615 1930 3700 1984 hic
3728 1934 3906 2002 majus

2330 2010 2774 2079 praestantiusque
2800 2011 3080 2080 imperium
3115 2015 3205 2068 tibi
3230 2016 3475 2071 oetendo.
3501 2018 3628 2073 Nam
3662 2024 3906 2077 multitu-

2330 2096 2399 2150 do
2420 2098 2630 2166 quidem
2664 2115 2757 2168 par
2785 2110 2897 2165 est,
2926 2114 3016 2156 aut
3044 2104 3203 2159 etiam
3236 2107 3464 2176 amplior
3493 2126 3507 2172 ;
3538 2124 3781 2179 superest
3808 2130 3910 2167 au-

2335 2197 2442 2243 tem
2503 2200 2559 2243 ut
2599 2192 2980 2259 subjectionem
3025 2196 3193 2265 ipsam
3243 2199 3666 2257 consideremus.
3710 2206 3789 2258 Ac
3840 2224 3912 2263 ne

2335 2281 2461 2334 mihi
2496 2297 2588 2335 eos
2633 2284 2685 2336 in
2727 2285 2959 2340 medium
3000 2286 3273 2355 proferas,
3322 2291 3411 2359 qui
3466 2293 3606 2361 regia
3651 2293 3913 2365 dignitate

2334 2373 2465 2442 lapsi
2504 2385 2628 2429 sunt
2649 2417 2664 2436 ,
2693 2385 2852 2447 atque
2881 2378 2948 2431 ab
2983 2380 3224 2449 ipsismet
3260 2384 3576 2439 satellitibus
3600 2388 3711 2440 suis
3740 2391 3912 2443 truci-

2336 2464 2463 2517 dati.
2487 2464 2583 2528 Ne,
2614 2466 2849 2534 inquam,
2872 2483 2966 2522 eos
2987 2470 3037 2521 in
3059 2471 3291 2523 medium
3322 2472 3695 2541 producamus,
3721 2492 3915 2533 verum

2336 2570 2428 2609 eos
2453 2557 2828 2626 conquiramus
2857 2598 2871 2622 ,
2919 2559 3007 2629 qui
3055 2562 3274 2627 pulchre
3304 2563 3355 2616 in
3387 2574 3608 2634 utraque
3638 2579 3786 2636 parte
3815 2586 3910 2625 rc-

2338 2662 2497 2716 gnmu
2529 2648 2987 2704 administrarunt.
3022 2653 3097 2706 Ac
3128 2660 3181 2707 tu
3211 2655 3425 2723 quidem
3451 2696 3466 2718 ,
3499 2674 3631 2725 quos
3662 2660 3873 2717 libuerit
3899 2705 3915 2726 ,

2340 2753 2508 2805 pone;
2544 2754 2644 2807 ego
2664 2749 2841 2795 autem
2874 2742 3225 2811 patriarcbam
3256 2762 3414 2800 unum
3445 2749 3651 2803 cunctis
3674 2766 3915 2820 oppono.

2410 2829 2627 2883 Abrahae
2650 2831 2775 2898 ﬁdes
2796 2842 2845 2885 et
2870 2832 3043 2887 virtus.
3062 2858 3128 2874 -ί
3153 2835 3281 2888 Nam
3310 2851 3431 2891 cum
3462 2839 3574 2908 ipse
3602 2840 3765 2895 filium
3800 2860 3921 2898 ina-

2338 2934 2484 2978 cmre
2515 2922 2792 2993 iuberetur
2822 2923 2979 2994 (Gen.
3017 2925 3088 2979 22
3112 2927 3130 2990 )
3158 2967 3174 2991 ,
3204 2928 3406 2997 cogites
3454 2931 3609 2985 velim
3659 2944 3919 3001 quoniam

2342 3020 2451 3064 tum
2477 3012 2734 3066 adversus
2762 3029 2882 3067 eum
2923 3016 3276 3085 cogitationes
3304 3019 3704 3074 iusurrexerint.
3744 3022 3810 3075 Et
3836 3033 3921 3075 ta-

2344 3119 2463 3155 men
2494 3118 2682 3158 omnes
2720 3105 2948 3173 subegit,
2978 3116 3136 3175 atque
3158 3122 3345 3163 omnes
3385 3126 3508 3164 eum
3548 3114 3711 3182 magis
3756 3130 3920 3184 quam

2342 3208 2522 3261 regem
2551 3194 2806 3247 satellites
2847 3197 3291 3264 pertimescebant
3326 3218 3339 3253 :
3372 3215 3435 3254 ac
3470 3203 3550 3255 vel
3582 3204 3698 3256 solo
3725 3205 3921 3259 obtutu

2342 3296 2530 3337 omnes
2555 3284 2962 3352 comprimebat,
2992 3286 3060 3339 ita
3087 3295 3144 3341 ut
3164 3303 3229 3343 ne
3252 3288 3457 3346 hiscere
3482 3292 3696 3361 quidem
3727 3310 3919 3349 earum

2344 3374 2452 3428 ulla
2477 3373 2732 3439 auderet;
2767 3390 2947 3429 verum
2991 3387 3196 3459 cuncta:
3238 3389 3396 3449 caput
3444 3382 3820 3440 submitterent
3860 3405 3925 3444 ac

2302 3492 2305 3493 ν
2346 3465 2490 3519 velut
2517 3465 2627 3534 regi
2649 3468 2923 3533 cederent,
2955 3469 3195 3537 quamvis
3220 3470 3414 3540 alioqui
3444 3475 3718 3530 acerrimae
3739 3491 3924 3535 essent

2345 3564 2504 3625 atque
2528 3556 2789 3625 imprimis
2815 3557 3044 3612 acerbae.
3071 3559 3253 3630 Neque
3275 3564 3415 3615 enim
3439 3563 3707 3619 hastarum
3738 3573 3926 3632 cnsui-

2348 3647 2440 3701 des
2467 3655 2572 3701 tam
2601 3648 2880 3702 horrendae
2909 3658 3053 3717 sunt,
3075 3665 3194 3704 cum
3218 3665 3248 3704 a
3273 3652 3452 3708 multis
3477 3654 3730 3710 militibus
3756 3660 3928 3713 surri-

2345 3747 2559 3808 guutur,
2579 3753 2734 3807 quam
2761 3748 2869 3792 tum
2892 3737 3250 3796 formidabiles
3268 3752 3418 3795 erant
3435 3744 3536 3798 illte
3550 3747 3924 3815 cogitationes.

2349 3831 2538 3883 Annon
2568 3829 2713 3884 enim
2742 3828 2908 3884 hastis
2936 3831 3170 3885 atrocior
3215 3841 3331 3887 erat
3358 3834 3447 3887 illa
3469 3875 3485 3895 ,
3532 3850 3688 3904 quam
3734 3846 3928 3893 natura

2348 3920 2540 3986 ciebat,
2570 3920 3095 3975 commiseratioMc
3118 3922 3338 3990 proinde
3382 3924 3612 3979 animam
3634 3927 3778 3980 illam
3807 3945 3927 3982 ma-

2349 4011 2447 4080 gis,
2473 4026 2628 4080 quam
2657 4020 2921 4080 praeacuta
2945 4011 3156 4080 cuspis,
3177 4012 3491 4070 exscindere
3517 4025 3787 4085 poterant.
3815 4020 3927 4075 Nec

2350 4104 2491 4157 enim
2518 4103 2623 4155 ulla
2648 4102 2798 4156 hasta
2820 4110 2927 4157 tam
2955 4113 3108 4156 acuta
3138 4119 3385 4174 umquam
3414 4120 3534 4162 esse
3555 4119 3735 4177 queat,
3768 4126 3926 4180 quam

2350 4195 2727 4264 cogitationum
2752 4195 2955 4249 illarum
2973 4195 3165 4261 aculei,
3195 4196 3286 4266 qui
3313 4198 3379 4250 ab
3402 4198 3604 4255 intimis
3633 4202 3928 4257 visceribus

2352 4287 2675 4341 acuebantur
2694 4302 2757 4342 ac
2784 4288 3202 4357 surrigebantur,
3232 4288 3359 4358 justi
3384 4290 3477 4344 viri
3499 4291 3731 4344 animam
3754 4302 3932 4348 trans-

2355 4379 2600 4449 ﬁgebant.
2633 4380 2762 4433 Nam
2794 4379 2881 4433 hic
2908 4389 2963 4434 et
2994 4389 3233 4450 tempore
3257 4389 3311 4435 et
3334 4381 3558 4436 consilio
3585 4392 3640 4437 et
3670 4383 3818 4453 plaga
3874 4395 3931 4440 et

2354 4470 2540 4525 dolore
2561 4484 2695 4539 opus
2724 4481 2836 4536 est;
2868 4485 2932 4526 ac
2980 4478 3088 4525 tum
3118 4486 3263 4525 mors
3300 4473 3539 4542 sequitur
3568 4490 3581 4526 :
3616 4474 3724 4527 illic
3750 4484 3929 4530 autem

2354 4566 2485 4620 nihil
2517 4566 2705 4619 horum
2736 4565 3139 4635 requirebatur;
3188 4563 3321 4618 adeo
3359 4573 3468 4617 tum
3507 4566 3785 4631 celeriora,
3818 4577 3931 4622 tum

2354 4658 2558 4712 acriora
2589 4657 2808 4711 vulnera
2834 4665 3007 4710 erant.
3048 4653 3117 4709 Et
3148 4665 3343 4719 tamen,
3374 4670 3497 4709 cum
3526 4656 3782 4711 adversus
3806 4669 3931 4713 eum

2354 4751 2702 4820 cogitationes
2746 4764 2891 4803 arma
2919 4747 3235 4811 induissent,
3267 4748 3452 4819 ingens
3486 4757 3600 4802 erat
3630 4750 3936 4817 tranquilli-

2358 4850 2458 4905 tas,
2487 4854 2780 4909 omnesque
2821 4838 3119 4907 composite
3159 4837 3406 4901 stabant,
3458 4847 3708 4892 ornautes
3759 4840 3935 4907 potius

2357 4932 2529 5000 ipsum
2576 4946 2733 5000 quam
2766 4940 2970 4984 terrore
2993 4927 3307 4983 allicientes.
3341 4925 3476 4981 Eum
3523 4928 3666 4982 enim
3695 4928 3931 4997 gladium

2356 5023 2733 5080 extendentem
2762 5031 2888 5076 ante
2912 5020 3097 5075 oculos
3134 5019 3226 5074 tibi
3257 5032 3417 5089 pone,
3447 5033 3509 5073 ac
3537 5034 3672 5088 quos
3696 5020 3932 5076 volueris

2357 5130 2530 5185 reges,
2561 5118 2850 5186 Augustos,
2880 5112 3140 5178 Casam,
3187 5111 3239 5165 in
3288 5110 3520 5179 medium
3562 5109 3763 5179 profer.
3795 5112 3932 5167 Nihil

2356 5210 2497 5265 enim
2523 5207 2699 5265 simile
2723 5205 2942 5267 dixeris,
2968 5219 3067 5259 nec
3082 5203 3312 5272 speciem
3334 5202 3492 5255 ullam
3512 5202 3778 5269 ejusmodi
3803 5214 3936 5257 tam-

2358 5319 2461 5371 que
2508 5299 2739 5369 amplam
2769 5306 2823 5351 et
2850 5296 3117 5366 insignem
3142 5308 3204 5348 ac
3229 5293 3376 5348 caelis
3404 5293 3616 5362 dignam
3644 5298 3933 5350 ostendere

2360 5394 2580 5465 poteris.
2610 5392 2743 5446 Tum
2773 5388 2916 5449 enim
2941 5387 3022 5440 vir
3042 5386 3134 5441 ille
3156 5384 3424 5453 justus,dc
3452 5387 3819 5454 potentissima
3854 5399 3932 5457 ty-

2362 5486 2579 5545 rannide
2604 5479 2926 5548 triumphum
2948 5478 3087 5547 egit:
3108 5476 3234 5529 nihil
3261 5477 3402 5529 cnim
3419 5485 3500 5529 est
3519 5478 3656 5544 quod
3676 5479 3929 5547 majorem

2364 5574 2695 5646 tyrannidem
2715 5570 2926 5632 habeat,
2949 5581 3105 5636 quam
3126 5575 3332 5619 natura.
3352 5569 3525 5634 Atque
3547 5575 3603 5619 ut
3624 5581 3908 5621 sexcentos

2362 5669 2448 5736 qui
2504 5679 2690 5719 necem
2739 5658 2979 5730 tyrannis
3006 5657 3300 5719 intulerint,
3334 5655 3591 5725 proferas,
3623 5657 3831 5711 nullum
3860 5671 3930 5710 ta-

2363 5772 2483 5808 men
2533 5750 2791 5824 ejusmodi
2822 5748 2975 5803 nobis
3000 5747 3321 5801 ostenderis.
3358 5746 3565 5799 Etenim
3614 5745 3729 5797 lia-t'
3764 5750 3926 5813 palma

2365 5846 2535 5915 angeli
2588 5845 2767 5899 verius
2813 5854 2968 5909 quant
3024 5838 3252 5895 hominis
3292 5844 3414 5890 tunc
3444 5844 3575 5889 erat.
3624 5838 3711 5891 Sic
3741 5841 3925 5909 quippe
