4028 6222
296 404 394 463 Ml

288 535 384 571 vuv
421 518 585 618 τοῦτο
631 521 912 597 ἐννοήσῃς,
946 528 1028 583 ὅτι
1078 532 1146 585 δι’
1186 534 1341 606 ἡμῶν
1391 540 1811 618 ἐπηγγέλθησαν
1839 588 1854 611 ,

286 615 381 667 καὶ
441 614 697 689 διστάσῃς
726 635 740 649 ⁸
770 623 832 673 οὐ
876 621 985 694 γάρ
1014 625 1081 678 δῖ’
1116 630 1273 699 ἡμῶν
1322 634 1656 706 πληροῦνται
1678 614 1704 703 ,-
1724 639 1858 696 ἀλλὰ

284 710 355 762 δι’
386 711 549 765 αὑτοῦ
570 732 583 743 ⁸
618 716 710 767 καὶ
766 718 822 770 at
862 720 1186 791 ἐπαγγελίαι
1220 727 1276 779 δέ
1322 729 1389 782 δι’
1413 733 1580 787 αὐτοῦ
1604 752 1617 766 ’
1658 740 1717 791 οὑ
1752 739 1859 810 γάρ

281 809 350 907 τά
386 811 627 882 ἡμέτερα
651 853 666 876 ,
702 816 837 871 ἀλλὰ
869 820 938 873 τά
977 824 1144 877 αὐτοῦ
1178 828 1315 897 πρὸς
1351 830 1495 900 ὑμᾶς
1529 835 1857 907 εἰρήκαμεν.

294 905 358 957 '0
389 906 459 959 δὲ
482 909 748 971 ,βεϐαιῶν
778 914 941 983 ἡμᾶς
964 956 979 981 ,
1012 920 1135 972 σὺν
1156 922 1298 991 ὑμῖν
1334 928 1422 991 εἰς
1450 905 1859 999 Χριστὸνξκαὶ

284 1003 504 1070 χρίσας
565 1007 754 1075 ἡμᾶς,
794 1013 975 1080 Θεός·
1012 1016 1110 1068 καί
1164 1024 1698 1093 σφραγισάμενος,
1760 1030 1860 1082 καί

280 1097 429 1165 δοὺς
460 1102 568 1155 τὸν
597 1104 913 1173 ἀρῤαόῶνα
935 1110 1041 1163 τοῦ
1062 1114 1411 1184 Πνεύματος
1448 1120 1518 1173 ἐν
1545 1122 1676 1190 ταῖς
1712 1142 1856 1193 καρ-

278 1195 437 1262 δίαις
490 1199 680 1267 ἡμῶν.
727 1203 895 1256 Πάλιν
934 1206 1043 1259 ἀπὸ
1079 1208 1186 1261 τῶν
1214 1214 1593 1283 παρελθόντων
1631 1218 1697 1271 τὰ
1727 1221 1828 1291 μελ

287 1289 449 1346 λοντα
494 1294 831 1364 βεϐαιοῦται.
884 1302 946 1353 Εἰ
997 1303 1113 1374 γάρ
1144 1309 1305 1373 αὐτός
1360 1313 1509 1365 ἐστιν
1549 1317 1577 1368 ὁ
1622 1289 1857 1385 βεὸαιῶν

285 1390 428 1459 ἡμᾶς
462 1395 541 1457 είς
569 1397 829 1465 Χριστὸν,
862 1399 1162 1468 τουτέστιν,
1200 1405 1228 1456 6
1264 1407 1336 1477 μὴ
1370 1409 1477 1461 ἐῶν
1505 1411 1652 1481 ἡμᾶς
1680 1430 1858 1482 παρα-

282 1485 612 1545 σαλεύεσθαι
654 1494 718 1545 ἐκ
765 1493 863 1562 τῆς
910 1495 1146 1565 πίστεως
1182 1501 1283 1570 τῆς
1320 1504 1399 1565 είς
1428 1504 1520 1556 τὸν
1577 1508 1879 1576 Χριστὸν,ι

276 1583 372 1635 καὶ
411 1584 571 1649 αὐτὸς
600 1589 626 1640 6
664 1588 856 1657 χρίσας
891 1593 1039 1662 ἡμᾶς
1064 1636 1079 1657 ,
1106 1597 1200 1649 καὶ
1263 1596 1386 1661 δοὺς
1421 1600 1482 1651 τὸ
1522 1601 1748 1672 Πνεῦμα
1795 1606 1853 1657 ἐν

273 1680 397 1740 ταῖς
437 1682 687 1751 καρδίαις
735 1685 893 1754 ἡμῶν
923 1706 936 1717 ’
977 1688 1096 1752 πῶς
1136 1691 1206 1744 τά
1251 1691 1511 1759 μέλλοντα
1555 1698 1616 1751 οὑ
1651 1698 1849 1763 δώσει;

272 1772 337 1824 Εί
378 1772 487 1844 γάρ
513 1777 612 1840 τάς
662 1779 837 1850 ἀρχάς
863 1784 959 1836 καὶ
979 1785 1079 1850 τάς
1106 1786 1393 1853 ὑποθέσεις
1418 1790 1585 1845 ἔδωκε
1621 1794 1715 1848 καὶ
1753 1795 1853 1866 τὴν

272 1867 431 1937 ῥίζαν
474 1872 569 1925 καὶ
598 1873 696 1945 τὴν
741 1877 947 1950 πηγὴν,
995 1875 1111 1935 οἷον
1143 1884 1239 1955 τὴν
1298 1886 1471 1957 ἀληθῆ
1524 1890 1652 1959 περὶ
1683 1889 1848 1943 αὑτοῦ

269 1965 473 2031 γνῶσιν
492 2009 511 2033 ,
543 1971 644 2042 τὴν
671 1971 765 2026 τοῦ
810 1977 1127 2046 Πνεύματος
1173 1981 1479 2052 μετάληψιν
1505 2002 1518 2014 ·
1548 1985 1666 2050 πῶς
1694 1988 1763 2041 τά
1788 1989 1854 2041 ἐκ

268 2063 477 2119 τούτων
508 2068 569 2121 οὑ
594 2068 790 2136 δώσει;
828 2072 889 2125 El
920 2076 1028 2144 γὰρ
1056 2077 1248 2130 ἐκεῖνα
1277 2079 1365 2132 διὰ
1390 2081 1567 2136 ταῦτα
1596 2084 1849 2151 δίδονται,

272 2159 458 2227 πολλῷ
473 2162 672 2231 μᾶλλον
688 2164 898 2218 όταῦτα
914 2168 1057 2231 δοὺς,
1082 2171 1172 2223 καὶ
1196 2173 1383 2227 ἐκεῖνα
1395 2177 1642 2244 παρέξει·
1677 2183 1771 2231 καὶ
1800 2183 1850 2234 εί

267 2254 443 2307 ταῦτα
487 2256 707 2327 ἐχθροῖς
753 2256 906 2319 οὖσιν
940 2262 1109 2317 ἔδωκε
1136 2306 1151 2331 ,
1195 2267 1375 2338 πολλῷ
1416 2270 1617 2340 μᾶλλον
1664 2274 1849 2337 ἐκεῖνα

266 2350 446 2420 φίλοις
487 2357 801 2427 γενομένοις
847 2363 1137 2430 χαριεῖται.
1169 2364 1268 2418 Διά
1290 2364 1447 2420 τοῦτο
1480 2368 1601 2421 οὑδέ
1627 2370 1848 2439 Πνεῦμα

267 2442 425 2502 εἷπεν
478 2449 687 2519 ἀπλῶς,
738 2453 855 2506 ἀλλ’
895 2456 1193 2527 άρῤασῶνα
1242 2460 1553 2532 ὠνόμασεν,
1596 2464 1683 2518 ἴνα
1737 2466 1848 2520 ἀπὸ

263 2542 458 2599 τούτου
485 2547 579 2600 καὶ
610 2550 739 2619 περὶ
774 2550 868 2603 τοῦ
899 2552 1100 2614 παντὸς
1130 2553 1339 2625 θαρρῇς
1359 2594 1372 2609 .
1406 2559 1482 2610 Οὐ
1517 2560 1659 2629 γάρ,
1690 2563 1738 2615 εί
1771 2562 1846 2634 μὴ

262 2638 460 2709 ἔμελλε
482 2640 544 2693 τὸ
570 2644 679 2695 πᾶν
704 2642 927 2708 διδόναι,
960 2644 1228 2702 είλετοηᾶν
1242 2649 1333 2703 τὸν
1364 2648 1515 2723 [448]
1545 2654 1845 2727 ἀρραϐῶνα

263 2737 571 2806 παρασχεῖν
600 2776 615 2802 ,
638 2738 735 2792 καὶ
775 2738 1043 2795 ἀπολέσαι
1069 2743 1194 2814 είκῆ
1232 2745 1329 2800 καὶ
1358 2746 1557 2818 μάτην.
1598 2749 1713 2803 Kal
1744 2750 1846 2819 ὅρα

263 2835 686 2909 εὐγνωμοσύνην
731 2839 942 2895 Παύλου
967 2843 1053 2896 ,Τί
1093 2844 1299 2918 γάρδεῖ
1326 2847 1525 2913 λέγειν,
1558 2851 1740 2921 φησὶν,
1763 2852 1846 2905 ὅτι

261 2932 364 2986 οὐκ
392 2934 450 2985 ἐν
480 2934 612 3004 ἡμῖν
636 2936 669 3005 ἡ
713 2936 823 2989 τῶν
852 2937 1201 3006 ἐπαγγελιῶν
1216 2940 1471 3031 ⁸ἀλήθεια
1492 2961 1506 3011 ;
1528 2945 1663 2998 αὐτὸ
1685 2946 1845 3001 τοῦτο

259 3028 323 3081 τὸ
349 3028 573 3082 ἑστάναι
612 3030 1034 3103 άπεριτρέπτως
1064 3036 1158 3089 καὶ
1174 3028 1485 3108 πεπηγέναι
1528 3041 1675 3112 ὑμᾶς
1695 3082 1710 3108 ,
1743 3045 1845 3098 οὐκ

258 3123 323 3179 ἐν
351 3125 480 3195 ἡμῖν
502 3166 518 3190 ,
556 3125 694 3181 ἀλλά
721 3127 814 3181 xal
844 3127 1004 3183 τοῦτο
1017 3130 1114 3184 τοῦ
1143 3131 1278 3185 Θεοῦ
1305 3150 1316 3163 ·
1360 3134 1412 3187 Ὀ
1432 3136 1545 3208 γὰρ
1579 3137 1843 3203 ,βεϐαιῶν

256 3216 438 3287 ὑμᾶς,
487 3220 643 3290 φησὶ,
686 3223 851 3289 Θεός.
884 3225 998 3278 Οὐκ
1041 3226 1149 3298 ἀρα
1182 3230 1347 3299 ἡμεῖς
1383 3231 1550 3302 ἐσμεν
1574 3234 1624 3286 οί
1648 3234 1843 3305 στηρί-

259 3315 447 3380 ζοντες
498 3317 641 3389 ὑμᾶς
666 3333 683 3348 ⁶
726 3322 821 3373 καὶ
872 3321 982 3394 γὰρ
1029 3324 1123 3376 καὶ
1170 3327 1334 3397 ἡμεῖς
1364 3328 1599 3398 δεόμεθα
1626 3328 1719 3383 τοῦ
1753 3330 1843 3401 βε-

260 3412 566 3478 ϐαιοῦντος.
600 3416 764 3469 Ὥστε
800 3417 986 3489 μηδεὶς
1013 3421 1071 3473 ἐν
1089 3423 1221 3491 ἡμῖν
1246 3423 1514 3493 νομιζέτω
1536 3426 1842 3480 κινδυνεύε-

262 3507 388 3561 σθαι
434 3509 493 3562 τὸ
530 3512 795 3583 κήρυγμα
820 3531 834 3545 ο
873 3515 1032 3579 αὐτὸς
1073 3520 1133 3569 τὸ
1177 3520 1286 3572 πᾶν
1324 3521 1650 3591 ἀνεδέξατο,
1690 3524 1841 3593 αὑτῷ

262 3605 415 3676 μέλει
446 3607 538 3661 τοῦ
564 3610 792 3673 παντός.

329 3835 394 3881 ε’.
426 3828 492 3880 Τί
521 3830 578 3883 δέ
611 3832 746 3893 ἐστι,
780 3832 1025 3900 Χρίσας,
1070 3835 1165 3887 καί
1195 3837 1725 3907 σφραγισάμενος;
1770 3841 1843 3894 Τὸ

259 3926 487 3997 Πνεῦμα
513 3926 656 3991 δοὺς,
686 3929 752 3982 δι’
778 3924 840 3982 οῦ
874 3930 1047 3985 ταῦτα
1071 3932 1357 4002 ἀμφότερα
1389 3937 1671 4007 ἐποίησεν,
1703 3941 1841 4011 ὁμοῦ

259 4028 546 4096 προφήτας
601 4029 700 4080 καὶ
754 4029 921 4098 ἱερεῖς
980 4030 1073 4083 καὶ
1115 4028 1370 4099 βασιλέας
1413 4032 1784 4103 ἐργαζόμενος
1818 4052 1832 4066 ·

257 4119 436 4172 ταῦτα
479 4121 589 4191 γάρ
622 4121 683 4174 τὸ
717 4122 947 4176 παλαιὸν
988 4126 1201 4194 ἐχρίετο
1239 4127 1307 4180 τὰ
1328 4128 1484 4198 γένη.
1515 4128 1654 4182 Ἀλλ’
1681 4131 1842 4201 ἡμεῖς

257 4215 359 4285 οὑχ
414 4214 473 4267 ἐν
496 4256 513 4280 ,
541 4215 679 4268 άλλά
709 4217 776 4270 τά
842 4218 969 4288 τρία
1010 4219 1131 4287 μεθ’
1150 4220 1425 4291 ὑπεροχῆς
1449 4225 1646 4296 ἔχομεν
1676 4225 1841 4291 ἀξιώ-

264 4327 413 4382 ματα
437 4309 536 4364 νῦν
557 4327 570 4341 ⁸
615 4310 711 4364 καὶ
744 4312 854 4382 γάρ
887 4311 1165 4383 βασιλείας
1194 4315 1463 4386 μέλλομεν
1506 4320 1805 4376 ἀπολαύειν
1824 4362 1840 4388 ,

257 4408 357 4464 καὶ
385 4408 551 4479 ἱερεῖς
576 4406 840 4478 γινόμεθα
870 4411 1272 4482 προσφέροντες
1294 4413 1486 4467 θυσίαν
1509 4415 1578 4467 τά
1612 4416 1844 4486 σώματα

253 4504 437 4576 ἡμῶν.
478 4506 916 4577 Παραστήσατε
961 4509 1069 4582 γὰρ
1114 4510 1187 4566 τὰ
1230 4512 1390 4582 μέλη
1452 4512 1618 4582 ὑμῶν
1669 4554 1685 4578 ,
1748 4520 1845 4571 θυ-

257 4602 407 4655 σίαν
430 4599 645 4668 ζῶσαν,
683 4603 1017 4672 εὐάρεστον
1046 4607 1127 4673 τῷ
1157 4606 1295 4675 Θεῷ,
1334 4610 1468 4681 φησί
1498 4626 1510 4641 ·
1553 4611 1651 4664 καὶ
1694 4613 1835 4681 μετὰ

255 4696 472 4752 τούτων
501 4699 596 4754 καὶ
622 4699 900 4770 προφῆται
926 4701 1333 4773 καθιστάμεθαο
1376 4708 1443 4759 "A
1474 4706 1583 4775 γὰρ
1621 4706 1835 4776 ὀφθαλ-

252 4792 373 4865 μὸς
398 4796 510 4848 οὐκ
547 4792 671 4851 εἶδε
690 4838 705 4863 ,
746 4796 843 4851 καί
871 4792 981 4863 οὖς
1011 4800 1122 4851 οὐκ
1152 4799 1383 4867 ἤκουσε
1403 4842 1418 4867 ,
1450 4803 1641 4858 ταῦτα
1674 4804 1841 4857 ἐκκε-

257 4888 620 4958 καλυμμένα
670 4892 821 4961 ἡμῖν
871 4893 1023 4948 ἐστι.
1078 4894 1190 4946 Kal
1251 4896 1428 4960 ἄλλως
1478 4897 1534 4950 δὲ
1600 4899 1842 4969 βασιλεῖς

253 4984 523 5056 γινόμεθα
549 5024 565 5049 ,
592 4985 688 5038 ἐάν
721 4988 1076 5061 βουληθῶμεν
1120 4991 1341 5060 κρατεῖν
1370 4992 1479 5046 τῶν
1504 4995 1725 5048 ἀτόπων
1753 4994 1842 5047 λοο

255 5082 499 5151 γισμῶν.
526 5082 651 5135 Ὀτι
680 5081 841 5152 γάρὸ
860 5084 1104 5148 τοιοῦτος
1130 5084 1431 5154 βασιλεύει,
1463 5090 1557 5141 καὶ
1582 5091 1841 5163 μᾶλλονῆ

254 5175 288 5226 6
316 5176 376 5227 τὸ
413 5175 651 5247 διάδημα
690 5178 1095 5246 περικείμενος,
1128 5179 1228 5249 ήδη
1259 5178 1420 5233 τοῦτο
1448 5184 1661 5254 ποιήσω
1683 5184 1842 5253 δῆλον

260 5268 417 5337 ὑμῖν*
442 5269 619 5321 Πολλά
647 5268 759 5339 ἔχει
794 5269 1133 5337 στρατόπεδα
1162 5271 1388 5332 ἐκεῖνος,
1406 5272 1538 5325 ἀλλὰ
1572 5274 1658 5326 καὶ
1681 5275 1843 5343 ἡμεῖς

252 5362 470 5417 τούτων
540 5363 760 5428 πλείους
817 5363 1015 5436 ἔχομεν
1056 5365 1386 5438 λογισμούς’
1427 5369 1490 5421 οὑ
1533 5370 1644 5439 γάρ
1688 5368 1840 5423 ἐστιν

256 5457 568 5529 ἀριθμῆσαι
608 5458 671 5511 τὸ
709 5461 936 5532 ἄπειρον
974 5459 1084 5511 τῶν
1128 5460 1345 5515 ἐννοιῶν
1390 5461 1597 5535 πλῆθος
1645 5463 1754 5517 τῶν
1782 5480 1839 5518 εν

256 5555 414 5621 ἡμῖν.
460 5553 537 5606 Οὐ
584 5553 790 5624 πλῆθος
844 5556 901 5608 δέ
945 5555 1104 5625 μόνον
1151 5556 1300 5611 ἔστιν
1350 5556 1503 5621 ίδεῖν,
1557 5559 1694 5613 ἀλλά
1742 5560 1837 5614 καὶ

258 5644 492 5711 πολλοὺς
551 5651 609 5703 ἐν
659 5649 738 5720 τῷ
794 5649 988 5721 πλήθει
1042 5650 1217 5723 τούτῳ
1276 5651 1386 5705 τῶν
1437 5651 1713 5724 λογισμῶν
1742 5659 1836 5708 καὶ

258 5747 607 5817 στρατηγοὺς
644 5746 738 5800 καὶ
773 5745 1100 5818 ταξιάρχους
1125 5749 1222 5803 καὶ
1244 5749 1509 5819 λοχαγοὺς
1558 5752 1653 5805 καὶ
1679 5751 1821 5817 τοξόο

256 5860 367 5911 τας
407 5842 502 5897 καὶ
545 5843 927 5917 σφενδονήτας.
962 5844 1027 5897 Τί
1059 5845 1248 5917 ἕτερον
1279 5848 1426 5900 ποιεῖ
1459 5846 1717 5917 βασιλέας
1763 5852 1833 5907 τά

1361 420 1430 475 IN
1470 421 1685 480 EPIST.
1720 404 1776 481 η’
1797 427 1887 481 AD
1925 428 2081 486 con.
2124 431 2357 493 nomn.
2393 437 2477 495 ιιι.

3437 442 3542 497 “2

1974 553 2216 624 ἱμάτια;
2268 559 2431 612 Ἀλλά
2475 560 2569 614 καὶ
2631 552 2783 625 οὗτος
2827 560 3022 631 βελτίω
3079 560 3391 631 περίκειται
3448 561 3541 614 καὶ

1971 652 2178 718 ἀμείνω
2231 654 2446 726 στολὴν,
2496 657 2562 727 ἦν
2626 657 2749 711 οὔτε
2814 657 2912 729 σὴς
2952 656 3144 722 ἐσθίει,
3189 656 3313 708 οὕτε
3349 657 3541 726 χρόνος

1966 745 2211 818 δαπανᾷο
2248 750 2341 803 κα)⁸
2379 751 2644 819 στέφανον
2682 752 2795 824 ἔχει
2828 751 3067 806 ποικίλον
3094 751 3186 804 τὸν
3236 751 3335 821 τῆς
3360 750 3539 821 δόξης,
3568 760 3571 763 ‘

1966 840 2057 893 τὸν
2083 842 2189 894 τῶν
2218 845 2522 916 οἰκτιρμῶν
2559 847 2651 901 τοῦ
2683 848 2841 902 Θεοῦ*
2861 850 3116 917 Εὺλόγει
3142 868 3162 905 ”;
3183 847 3273 916 ὰρ,
3296 846 3335 911 ἢ
3364 847 3538 913 ψυχή

1960 954 2103 1004 μου,
2139 940 2273 1009 φησὶ
2298 979 2313 1004 ,
2355 942 2463 993 τὸν
2510 945 2751 1011 Κύριον,
2777 947 2887 998 τὸν
2910 962 3125 1013 στεφαι
3188 941 3331 995 Frui
3355 956 3428 994 σε
3471 942 3540 994 ἐν

1965 1031 2120 1085 ἐλέει
2175 1033 2273 1087 καὶ
2314 1037 2638 1105 οίκτιρμοῖς
2664 1054 2677 1067 ·
2725 1038 2818 1092 καὶ
2860 1039 2954 1092 τὸν
2988 1040 3086 1107 τῆς
3132 1038 3329 1105 δόξης’
3383 1036 3538 1103 Δόξιι

1967 1130 2079 1195 γὰρ
2123 1129 2223 1183 καὶ
2260 1131 2399 1201 τιμῇ
2438 1132 2871 1201 ἐστεφάνωσας
2901 1136 3092 1187 αὐτόν
3115 1152 3128 1164 ’
3168 1136 3262 1187 καὶ
3294 1132 3406 1203 [τὸν
3437 1134 3543 1199 τῆς

1963 1223 2236 1296 εὐδοκίας]
2255 1242 2267 1254 ·
2300 1227 2394 1293 Ὠς
2412 1228 2581 1293 ὅπλῳ
2601 1228 2883 1293 εὐδοκίας
2906 1228 3335 1296 ἐστεφάνωσας
3360 1226 3536 1295 ἡμᾶς·

1964 1320 2057 1373 καὶ
2088 1321 2177 1375 τὸν
2214 1340 2321 1375 των
2349 1324 2587 1394 χαρίτων
2604 1340 2617 1353 ’
2642 1324 2947 1394 Στέφανον
2974 1324 3083 1394 γάρ
3112 1326 3370 1393 χαρίτων
3392 1325 3538 1395 δέξῃ

1964 1415 2049 1483 σῇ
2117 1418 2373 1487 κεφαλῇ.
2430 1415 2586 1485 Εἶδες
2643 1420 2983 1474 πολύπλοκον
3053 1421 3145 1472 καὶ⁹
3186 1420 3541 1490 χαριέστερον

1963 1513 2113 1565 τουτὶ
2139 1514 2200 1565 τὸ
2216 1514 2488 1584 διάδημα;
2513 1516 2660 1585 Πλὴν
2684 1515 2800 1569 ἀλλ’
2818 1516 3022 1568 ἄνωθεν
3051 1517 3192 1570 αὑτά
3218 1516 3538 1587 ἀκριϐέστε-

1970 1622 2058 1675 ρον
2110 1606 2458 1678 ἐξετάσωμεν
2515 1610 2683 1663 πάλιν
2739 1612 2805 1664 τά
2832 1612 2942 1665 τῶν
2989 1612 3253 1682 βασιλέων
3306 1611 3533 1665 τούτων.

1976 1702 2213 1768 Ἐκεῖνος
2235 1710 2429 1777 κρατεῖ
2451 1708 2559 1762 τῶν
2589 1708 2903 1779 δορυφόρων
2927 1712 3024 1762 καὶ
3042 1711 3204 1763 πᾶσιν
3234 1709 3535 1773 ἐπιτάττει,

1965 1801 2059 1854 καὶ
2086 1803 2287 1868 πάντες
2322 1806 2660 1860 ὑπακούουσι
2698 1810 2798 1859 καὶ
2836 1807 3180 1860 διακονοῦσιν
3211 1807 3391 1878 αὐτῷ·
3421 1807 3534 1860 ἀλλ’

1960 1896 2072 1963 ἐγὼ
2098 1897 2347 1969 δείκνυμι
2377 1900 2600 1971 μείζονα
2627 1901 2859 1955 ἐνταῦθα
2876 1902 2972 1973 τὴν
2998 1904 3190 1973 ἀρχήν.
3216 1903 3289 1956 Τὸ
3308 1904 3407 1973 μέν
3430 1903 3537 1973 γὰρ

1965 1992 2168 2063 πλῆθος
2216 1994 2355 2060 ἴσον.
2390 1996 2421 2066 ἢ
2458 1998 2550 2050 καὶ
2586 1997 2767 2051 πλεῖον
2788 2016 2801 2030 ο
2831 1998 3018 2051 λοιπὸν
3042 1997 3098 2049 δὲ
3119 1998 3372 2069 περὶτῆς
3397 2000 3535 2051 ὑπο-

1960 2090 2136 2158 ταγῆς
2193 2092 2470 2158 ἐξετάζειν
2508 2094 2604 2148 δεῖ.
2641 2096 2748 2147 Καὶ
2797 2096 2870 2166 μή
2902 2113 2991 2165 μοι
3018 2097 3097 2158 είς
3123 2093 3289 2165 μέσον
3319 2096 3537 2165 ἀγάγῃς

1960 2187 2089 2247 τοὺς
2133 2187 2468 2251 ἐκπεσόντας
2511 2189 2610 2259 τῆς
2642 2189 2944 2259 βασιλείας,
2982 2190 3077 2243 καὶ
3110 2188 3420 2259 σφαγέντας
3442 2189 3536 2240 ὑπ’

1957 2281 2135 2334 αὑτῶν
2168 2283 2276 2335 τῶν
2317 2284 2825 2354 σωματοφυλάκων.
2860 2285 2952 2357 Μὴ
2981 2285 3160 2338 τοίνυν
3188 2283 3414 2346 τούτους
3451 2284 3533 2347 είς

1958 2376 2122 2444 μέσον
2194 2375 2443 2446 ἄγωμεν,
2495 2378 2629 2433 ἀλλά
2672 2381 2801 2444 τοὺς
2852 2380 3035 2443 καλῶς
3090 2380 3151 2434 ἐν
3204 2377 3532 2451 ἀμφοτέροις

1956 2473 2054 2544 τὴν
2085 2472 2295 2526 ἐαυτῶν
2327 2472 2703 2543 διοικήσαντας
2742 2473 3023 2545 βασιλείαν
3050 2476 3397 2546 ζητήσωμεν.
3423 2472 3535 2526 Καὶ

1958 2570 2022 2623 σὺ
2066 2570 2165 2641 μὲν
2184 2608 2199 2633 ,
2238 2568 2330 2633 οὓς
2366 2569 2566 2641 βούλει,
2591 2570 2731 2623 τίθει
2751 2586 2765 2601 ⁸
2790 2568 2902 2638 ἐγὼ
2938 2570 2995 2623 δέ
3027 2586 3108 2623 σοι
3134 2569 3226 2623 τὸν
3255 2568 3531 2640 πατριάρ-

1954 2684 2058 2738 χην
2085 2669 2388 2722 ἀντιτάττω
2418 2669 2605 2722 πᾶσιν.

2025 2827 2152 2880 Ὅτε
2185 2826 2294 2899 γάρ
2319 2828 2410 2882 τὸν
2437 2830 2550 2883 υίδν
2581 2828 2867 2884 ἐκελεύετο
2897 2828 3225 2899 σφαγιάσαι,
3273 2827 3528 2897 ἐννόησον

1954 2923 2103 2997 [449]
2133 2923 2288 2978 πόσοι
2320 2925 2442 2977 τότε
2485 2925 2862 2995 ἐπανέστησαν
2897 2924 3051 2995 αὑτῷ
3095 2925 3377 2996 λογισμοί’
3412 2922 3527 2976 ἀλλ’

1952 3024 2103 3095 ὅμως
2145 3024 2351 3086 πάντας
2384 3022 2636 3089 ὑπέταξε,
2685 3023 2780 3075 καὶ
2838 3022 3040 3082 πάντες
3096 3022 3264 3074 αὑτὸν
3295 3021 3530 3092 ἔτρεμον

1958 3119 2178 3191 μᾶλλον,
2206 3120 2239 3189 ἡ
2272 3120 2494 3189 βασιλέα
2516 3120 2564 3171 οί
2599 3119 2907 3191 δορυφόροι,
2944 3123 3037 3171 καὶ
3067 3118 3342 3188 βλέμματι
3381 3115 3531 3186 μόνῳ

1956 3216 2167 3280 πάντας
2198 3214 2545 3279 κατέστελλε,
2583 3215 2677 3268 καὶ
2697 3215 2820 3268 οὐδὲ
2846 3215 3046 3285 γρύξαι
3070 3215 3285 3286 ἐτόλμα
3321 3213 3531 3267 τούτων

1952 3314 2148 3377 οὐδεὶς,
2179 3311 2295 3366 ἀλλ’
2323 3311 2657 3376 ὑπέκυπτον,
2702 3311 2798 3364 καὶ
2825 3310 2902 3375 ὡς
2929 3310 3137 3381 βασιλεῖ
3174 3308 3532 3381 παρεχώρουν

1957 3409 2214 3473 ἅπαντες,
2237 3406 2416 3461 καίτοι
2443 3424 2506 3476 γε
2536 3405 2785 3471 ὀξύτατοι
2811 3406 2964 3470 ὄντες
3009 3407 3104 3461 καὶ
3153 3406 3363 3476 σφόδρα
3390 3403 3531 3458 ἀπό-

1953 3520 2125 3573 τομοι.
2157 3504 2291 3556 Οὐδὲ
2324 3504 2432 3573 γάρ
2455 3502 2628 3565 οὑτως
2660 3502 2799 3555 είσὶν
2833 3503 2888 3555 αί
2923 3502 3032 3555 τῶν
3061 3502 3314 3571 δοράτων
3332 3498 3535 3570 αίχμαὶΙ

1952 3609 2204 3679 φοϐεραὶ,
2228 3608 2385 3679 ὀρθαὶ
2411 3607 2516 3661 ὑπὸ
2540 3606 2747 3661 πολλῶν
2774 3605 3135 3675 ἀνιστάμεναι
3156 3602 3527 3674 στρατιωτῶν,

1952 3712 2026 3774 ὡς
2056 3714 2255 3763 ἐκεῖνοι
2284 3712 2404 3763 τότε
2447 3724 2473 3751 ι
2514 3707 2654 3782 ἦσαν
2687 3710 2915 3781 φοϐεροὶ
2951 3710 3000 3762 οῖ
3034 3707 3306 3776 λογισμοί.
3340 3706 3414 3759 Οὐ
3443 3705 3530 3758 δο-

1957 3807 2134 3876 ράτων
2183 3802 2253 3877 ἦν
2304 3805 2662 3875 χαλεπωτέρα
2712 3806 2744 3874 ἡ
2796 3805 2897 3873 τῆς
2932 3803 3147 3871 φύσεως
3173 3800 3525 3872 συμπάθεια;

1952 3907 2043 3958 Διὸ
2076 3905 2169 3958 καὶ
2196 3904 2401 3975 αἰχμῆς
2422 3905 2591 3973 ὴκονη
2602 3901 2767 3973 μένης
2803 3900 3003 3970 μᾶλλον
3025 3899 3248 3969 τέμνειν
3266 3897 3530 3965 ἠδύναντο

1953 4003 2051 4072 τὴν
2083 4005 2304 4056 ἐκείνου
2325 4002 2524 4072 ψυχήν.
2554 4002 2630 4053 Οὐ
2661 4001 2770 4072 γὰρ
2800 3999 2975 4063 οὑτως
3019 3997 3112 4062 όξὺ
3160 3996 3286 4067 δόρυ
3328 3994 3528 4063 γένοιτ’

1952 4101 2017 4152 ἀν
2052 4115 2204 4161 ποτε,
2228 4098 2305 4159 ὡς
2333 4098 2557 4148 ἐκείνων
2588 4097 2695 4148 τῶν
2726 4096 3004 4164 λογισμῶν
3030 4095 3093 4147 τὰ
3131 4096 3328 4165 κέντρα
3353 4094 3530 4147 κάτω-

1952 4199 2044 4253 θεν
2074 4196 2182 4251 ἀπδ
2209 4197 2316 4250 τῶν
2346 4195 2671 4265 σπλάγχνων
2700 4194 3000 4263 όξυνόμενά
3025 4211 3083 4245 τε
3104 4195 3199 4245 καὶ
3223 4193 3539 4263 όρθούμεναο

1950 4295 2191 4365 διέπειρε
2220 4290 2314 4347 τοῦ
2341 4290 2550 4345 δικαίου
2578 4290 2676 4362 τὴν
2712 4288 2970 4344 διάνοιαν.
3006 4287 3270 4343 Ἐνταῦθα
3294 4288 3392 4358 μὲν
3418 4287 3529 4358 γάρ

1953 4396 2049 4449 καὶ
2078 4392 2272 4464 χρόνου
2310 4391 2393 4444 δεῖ
2434 4391 2528 4445 καὶ
2562 4389 2757 4461 βουλῆς
2786 4389 2884 4444 καὶ
2922 4389 3139 4460 πληγῆς
3178 4387 3272 4441 καὶ
3313 4385 3527 4455 ὀδύνης,

1952 4491 2049 4544 καὶ
2073 4490 2194 4541 τότε
2234 4490 2262 4540 6
2302 4486 2532 4548 θάνατος
2569 4486 2784 4539 ἐπεταιο
2836 4486 2954 4537 ἐκεῖ
2991 4484 3046 4536 δέ
3086 4484 3298 4547 οὐδενὸς
3323 4482 3530 4536 τούτων

1953 4585 2077 4638 ἔδειο
2112 4582 2254 4637 οὕτω
2273 4583 2544 4653 ταχύτερα
2576 4580 2671 4633 καὶ
2699 4578 3000 4651 δριμύτερα
3028 4576 3095 4649 ἦν
3123 4580 3192 4631 τὰ
3216 4580 3527 4649 τραύματα.

1964 4679 2105 4734 Ἀλλ’
2150 4678 2300 4749 ὅμως
2345 4675 2613 4732 τοσούτων
2649 4675 2770 4729 τότε
2816 4674 3181 4729 δπλισθέντων
3210 4674 3330 4727 κατ’
3359 4672 3529 4726 αὐτοῦ

1952 4777 2251 4847 λογισμῶν,
2286 4774 2455 4844 πολλὴ
2483 4767 2553 4845 ἦν
2585 4772 2806 4843 ἡσυχία,
2846 4772 2941 4825 καὶ
2978 4771 3176 4834 πάντες
3205 4769 3528 4841 εἱστήκεσαν

1952 4875 2250 4937 εὐτάκτως,
2286 4868 2623 4941 κοσμοῦντες
2679 4869 2878 4941 μᾶλλον
2924 4867 3168 4939 αὑτὸν,ἡ
3211 4865 3524 4938 φοῦοῦντες.

1952 4986 2094 5055 Ὅρα
2118 4985 2249 5054 γοῦν
2278 4982 2376 5053 τὴν
2403 4981 2680 5053 μάχαιραν
2708 4980 2869 5036 αὑτὸν
2894 4980 3224 5042 ἐκτείνοντα,
3255 4978 3351 5030 καὶ
3370 4978 3528 5058 ὅσους

1952 5082 2131 5153 βούλει
2189 5080 2327 5134 τίθει
2383 5078 2627 5149 βασιλεῖς
2654 5080 2735 5142 είς
2783 5077 2846 5131 τὸ
2908 5078 3094 5148 μέσον,
3156 5074 3528 5142 Αὐγούστους,

1950 5179 2252 5249 Καίσαρας.
2313 5174 2454 5227 Ἀλλ’
2489 5176 2642 5229 οὐδὲν
2698 5174 2952 5228 τοσοῦτον
3005 5173 3173 5243 ἐρεῖς,
3219 5171 3342 5225 οὑδὲ
3390 5172 3532 5236 ἐξεις

1952 5275 2141 5344 σχῆμα
2187 5272 2356 5335 δεῖξαι
2386 5273 2649 5334 τοιοῦτον,
2690 5270 2833 5324 οὑτω
2882 5269 3228 5342 μεγαλοφυές
3278 5269 3374 5321 καὶ
3420 5268 3529 5320 τῶν

1947 5373 2195 5443 οὐρανῶν
2242 5368 2412 5434 ἀξιον.
2459 5370 2617 5423 Κατά
2645 5370 2756 5441 γὰρ
2787 5369 3101 5441 τυραννίδος
3144 5367 3531 5434 δυνατωτάτης

1947 5468 2143 5538 ἔστησε
2179 5467 2440 5539 τρόπαιον
2482 5469 2509 5519 6
2538 5467 2744 5529 δίκαιος
2780 5467 2903 5518 τότε
2953 5468 3191 5527 ἐκεῖνος’
3230 5463 3385 5517 οὐδὲν
3419 5461 3529 5531 γὰρ

1947 5564 2163 5633 φύσεως
2192 5564 2661 5633 τυραννικώτερον
2689 5579 2699 5589 ·
2739 5564 2842 5616 κᾶν
2883 5560 3109 5632 μυρίους
3144 5560 3297 5631 τιθῇς
3328 5575 3527 5630 τυραν-

1946 5661 2248 5724 νοκτόνους,
2284 5660 2475 5713 οὐδένα
2512 5658 2753 5713 τοιοῦτον
2785 5657 3057 5728 ἐπιδείεῃς
3091 5659 3243 5728 ἡμῖν.
3278 5658 3390 5711 Kal
3418 5658 3524 5724 γὰο

2008 5860 2030 5888 ⁸
2058 5857 2317 5922 Legebat“:
2334 5858 2469 5907 mi.
