4028 6222
114 442 221 497 H3

114 554 395 611 outsidera
428 572 441 608 :
474 564 659 610 natura
688 571 807 610 cum
832 556 995 610 armis
1036 556 1167 617 suis,
1204 569 1325 609 cum
1368 553 1684 608 militaribus

110 645 367 700 minibus
384 648 552 716 copiis
570 646 680 701 suis
708 644 853 701 humi
876 646 1119 715 jacebat;
1148 646 1261 713 ipse
1287 652 1466 700 autem
1509 640 1685 697 stabat

109 745 329 790 extenta
359 752 540 802 manu,
563 752 669 790 non
698 750 969 803 coronam,
1004 737 1096 791 sed
1127 735 1359 805 gladium
1384 736 1571 804 quavis
1595 747 1687 786 co-

112 842 249 881 roua
278 828 617 882 illustriorem
658 837 871 883 tenente
903 846 916 881 :
945 838 1102 898 atque
1142 826 1451 896 angelorum
1497 838 1689 894 agmen

110 916 489 985 applaudebat,
518 933 581 973 ac
611 920 751 974 Deus
778 935 809 974 e
837 919 979 973 caelis
1008 918 1260 972 victorem
1285 932 1407 971 eum
1445 929 1687 985 pronun-

112 1008 303 1060 tiabat.
322 1007 581 1075 Quoniam
595 1010 734 1063 enim
754 1010 804 1063 in
827 1009 970 1063 crclis
986 1008 1318 1063 conversatio
1334 1015 1468 1070 erat,
1493 1004 1690 1058 idcirco

112 1096 318 1151 caelesti
346 1114 556 1168 quoque
582 1100 848 1169 prieconio
871 1093 1260 1153 celebrabatur.
1290 1096 1553 1165 Quidnam
1585 1092 1688 1149 hoc

112 1184 486 1253 Splendidiusl
517 1190 622 1243 imo
647 1187 896 1256 quidnam
924 1201 1045 1242 cum
1101 1187 1202 1242 hoc
1232 1196 1431 1255 tropaeo
1457 1182 1689 1239 conferri

114 1280 317 1343 queat?
340 1276 470 1331 Nam
502 1278 565 1341 si,
595 1293 715 1331 cum
740 1278 937 1333 athleta
960 1278 1194 1343 vicisset,
1234 1292 1340 1332 non
1373 1289 1548 1346 praeco
1572 1274 1688 1353 qui.

116 1366 239 1421 dam
268 1382 332 1423 ex
359 1367 594 1423 inferiori
617 1368 754 1433 loco,
785 1368 877 1423 sed
904 1385 999 1424 rex
1028 1371 1141 1440 ipse
1161 1384 1192 1424 e
1213 1368 1487 1438 superiore
1511 1380 1689 1421 assur-

113 1470 249 1527 gcns
278 1458 494 1513 victoris
518 1457 699 1513 laudes
729 1457 1041 1527 pmdimret
1060 1475 1076 1524 ;
1096 1473 1274 1513 annon
1297 1458 1398 1513 hoc
1418 1458 1506 1512 ille
1532 1472 1687 1512 coro-

115 1547 203 1599 nis
231 1546 357 1614 ipsis
381 1545 813 1601 honoriﬁcentius
833 1547 931 1601 sibi
944 1562 1068 1602 esse
1087 1548 1323 1609 duceret,
1347 1550 1689 1614 omniumque

114 1646 477 1704 speetatorum
508 1636 692 1691 oculos
741 1637 806 1690 ad
852 1652 912 1691 se
962 1636 1344 1692 converteret?
1371 1637 1501 1691 Cum
1535 1628 1690 1705 igitur

115 1742 225 1781 non
255 1728 491 1782 mortalis
522 1728 777 1798 quiSpiam
802 1744 915 1793 rex,
940 1729 1032 1782 sed
1060 1728 1195 1782 Deus
1219 1729 1352 1795 ipse,
1375 1742 1479 1781 non
1508 1728 1558 1779 in
1589 1726 1690 1781 hoc

115 1818 350 1881 theatro,
377 1818 467 1872 sed
496 1826 607 1872 toto
636 1818 767 1872 orbe
798 1819 1143 1887 inspectante,
1183 1826 1339 1884 atque
1384 1816 1689 1886 angelorum

112 1921 173 1963 et
202 1910 637 1982 archangelorum
659 1926 839 1981 grege,
871 1912 977 1966 alta
1004 1926 1133 1965 voce
1162 1911 1228 1964 de
1266 1911 1393 1964 ca-lo
1418 1911 1650 1965 clamans
1671 1946 1687 1973 ,

113 2002 373 2055 victorem
404 2003 572 2071 ipsum
604 2005 943 2071 pronuntiet,
990 2004 1224 2067 ubinam,
1254 2016 1452 2071 qua:so,
1488 2000 1687 2069 justum

115 2093 268 2145 illum
298 2094 717 2148 eolloeabimus?
752 2094 912 2159 Quin,
939 2096 983 2147 si
1010 2094 1182 2163 placet
1204 2102 1230 2157 ,‘
1253 2107 1438 2147 vocem
1477 2106 1691 2163 quoque

117 2184 288 2250 ipsam
307 2184 598 2237 audiamus.
620 2184 874 2251 Quaenam
890 2198 1015 2254 ergo
1032 2182 1147 2239 hazc
1166 2199 1262 2237 vox
1281 2184 1398 2237 est?
1414 2184 1687 2247 Abraham,

115 2274 394 2337 Abraham,
424 2291 520 2327 non
551 2274 789 2328 extendas
820 2290 1022 2328 manum
1065 2284 1202 2333 tuam
1251 2274 1302 2325 in
1360 2270 1549 2339 Isaac,
1602 2286 1692 2325 nec

116 2366 281 2434 facias
308 2366 385 2419 illi
405 2366 695 2435 quidquam.
724 2364 875 2419 Nunc
894 2368 1025 2420 enim
1052 2366 1260 2436 cognovi
1284 2366 1417 2433 quod
1438 2376 1491 2417 tu
1515 2367 1692 2418 timeas

122 2457 417 2523 Dominum,
445 2460 680 2529 quoniam
701 2475 801 2513 non
848 2460 1111 2527 pepercisti
1140 2458 1392 2527 unigenito
1446 2456 1553 2524 ﬁlio
1605 2466 1692 2512 tuo
1732 2508 1736 2513 ,

118 2558 325 2617 prapter
350 2565 428 2603 me
453 2548 614 2620 (Gen.
637 2548 725 2601 ἐξ.
757 2548 823 2608 12
843 2550 883 2619 ).
915 2548 1051 2615 Quid
1090 2560 1266 2602 autem
1294 2545 1431 2601 hoc?
1462 2548 1574 2601 isne
1602 2544 1693 2615 qui

118 2641 299 2694 oumia
328 2640 470 2692 novit
497 2649 777 2708 antequam
808 2639 1067 2704 oriantur,
1097 2653 1237 2691 nunc
1261 2637 1471 2691 domum
1494 2650 1690 2705 cogno-

120 2732 231 2784 vit?
255 2733 411 2798 Atqui
436 2731 736 2785 hominibus
753 2745 962 2799 quoque
984 2737 1254 2798 perspecta
1268 2728 1374 2795 jam
1393 2738 1503 2781 erat
1529 2726 1693 2795 ipsius

121 2828 293 2896 pietas
323 2844 335 2879 :
370 2835 444 2880 tot
477 2841 587 2881 suae
613 2840 737 2896 erga
769 2825 931 2878 Deum
961 2822 1349 2878 benevolentiae
1380 2830 1692 2891 argumenta

120 2918 373 2982 dederat;
404 2932 522 2972 cum
544 2918 681 2972 Deus
699 2916 766 2972 ad
791 2931 911 2971 eum
929 2914 1169 2979 dixisset,
1199 2912 1450 2983 Egredere
1473 2912 1536 2967 de
1561 2920 1695 2965 terra

122 3018 232 3073 tua,
266 3017 311 3060 et
331 3009 392 3061 de
414 3009 711 3078 cognatione
734 3017 822 3059 tua
844 3005 1008 3078 (Cen.
1040 3006 1127 3059 12.
1153 3007 1177 3059 1
1201 3006 1219 3074 )
1250 3023 1261 3057 :
1285 3020 1403 3059 cum
1426 3003 1494 3059 ob
1521 3004 1693 3073 ipsum

122 3106 285 3165 atque
313 3098 525 3151 honoris
557 3097 722 3165 ipsius
745 3110 902 3149 causa
926 3095 1103 3164 nepoti
1129 3108 1226 3147 suo
1246 3094 1477 3164 primatu
1504 3093 1696 3147 cessis-

124 3195 207 3240 set
241 3204 253 3240 :
282 3200 402 3241 cum
433 3200 552 3240 eum
584 3201 614 3240 e
644 3195 718 3240 tot
754 3184 1021 3254 tantisque
1050 3184 1299 3253 periculis
1328 3183 1646 3237 extraxisset
1676 3199 1689 3235 :

124 3292 245 3332 eum
269 3276 319 3332 iu
348 3276 633 3349 Egyptum
664 3278 829 3348 ipsius
840 3276 992 3346 jussu
1014 3275 1281 3345 profectus
1305 3274 1508 3341 fuisset,
1536 3280 1696 3343 atque

127 3383 292 3423 uxore
319 3368 418 3423 sibi
446 3369 692 3438 adempta
720 3382 824 3421 non
872 3366 1288 3437 indignationem
1320 3363 1692 3433 concepisset,

124 3460 333 3529 aliaque
360 3460 518 3513 multa
548 3460 776 3513 fecisset.
810 3457 1011 3525 Quibus
1040 3473 1101 3512 ex
1129 3457 1289 3511 rebus
1316 3455 1476 3509 homo
1510 3457 1693 3523 etiam,

126 3562 185 3604 ut
215 3552 326 3621 jam
373 3550 501 3617 dixi,
532 3549 783 3619 pietatem
811 3548 974 3620 ipsius
1000 3556 1326 3615 compertam
1376 3547 1571 3603 habere
1600 3562 1696 3617 po-

126 3644 344 3707 tuisset,
376 3642 568 3697 nedum
595 3641 735 3696 Deus
757 3682 775 3708 ,
807 3641 895 3711 qui
917 3656 1022 3695 non
1045 3648 1322 3708 exSpectat
1350 3648 1405 3693 ut
1429 3655 1523 3709 per
1553 3639 1695 3708 ipsas

126 3748 216 3789 res
245 3733 403 3787 ﬁnem
426 3742 626 3787 noscat.
666 3732 904 3800 Quonam
928 3739 1106 3788 autem
1132 3729 1291 3784 modo
1319 3729 1469 3784 illum
1489 3730 1692 3800 justum

127 3825 554 3896 pronuntiasset,
584 3824 626 3877 si
657 3825 826 3893 ipsum
867 3820 1202 3893 ignorasset?
1252 3820 1475 3875 Credidit
1512 3823 1691 3889 enim,

126 3916 667 4061 inguitudbgtytam,
709 3922 754 3969 et
806 3922 1091 3984 reputatum
1137 3921 1209 3966 est
1233 3912 1331 3982 ipsi
1358 3912 1426 3965 ad
1439 3913 1693 3982 justitiam

220 4004 318 4040 om.
380 4025 393 4039 .
518 4025 532 4039 .

220 4004 318 4040 om.
341 4004 393 4040 4ο
441 4004 474 4040 Ο
497 4004 532 4040 l.

197 4080 251 4134 6.
282 4070 418 4147 Quid
446 4078 603 4147 igitur
627 4086 709 4132 est
744 4076 906 4141 istud,
929 4074 1081 4130 Nunc
1108 4078 1351 4147 cognovi!
1378 4078 1543 4149 Syrus
1569 4076 1691 4145 qui-

124 4172 247 4227 dem
279 4170 357 4224 sic
387 4167 564 4233 habet,
591 4165 745 4221 Nunc
772 4167 1061 4234 declarasti,
1085 4166 1330 4233 subaudi,
1364 4166 1689 4222 hominibus.

123 4264 257 4319 Nam
271 4262 392 4331 ipse
406 4259 724 4332 jampridem
741 4269 902 4329 atque
915 4270 1038 4315 ante
1057 4261 1234 4314 omnia
1248 4260 1393 4328 jussa
1413 4261 1463 4315 id
1483 4275 1687 4315 noram.

122 4356 233 4409 Cur
248 4360 424 4407 autem
444 4368 577 4407 nunc
596 4366 805 4421 quoque
826 4349 1163 4404 hominibus?
1182 4365 1359 4403 annon
1389 4351 1476 4404 illa
1502 4351 1569 4405 ad
1599 4351 1693 4406 de-

123 4442 426 4502 clarandam
457 4444 623 4513 ipsius
648 4457 771 4513 erga
804 4442 967 4497 Deum
1008 4441 1430 4496 benevolentiam
1460 4442 1692 4499 sulﬁcie-

125 4536 284 4594 bant?
311 4533 652 4590 Sufﬁciebant
678 4548 841 4597 sane;
870 4548 1057 4588 verum
1084 4532 1186 4587 hoc
1213 4540 1358 4587 tanto
1396 4534 1484 4587 illa
1511 4536 1690 4589 omnia

125 4626 412 4691 antecellit,
429 4635 484 4680 ut
508 4641 617 4695 prae
639 4640 705 4682 eo
729 4625 860 4681 nihil
884 4639 1100 4696 prorsus
1124 4623 1210 4678 illa
1242 4638 1361 4680 esse
1389 4625 1688 4681 videantur.

124 4719 500 4793 Quamobrem,
532 4730 589 4775 ut
619 4721 931 4791 praeclarum
973 4719 1071 4783 hoc
1092 4718 1294 4773 facinus
1318 4720 1686 4789 ampliﬁcaret,

124 4826 281 4885 atque
301 4811 517 4880 reliquis
528 4813 774 4867 omnibus
784 4812 1123 4883 praestantius
1134 4824 1252 4866 esse
1268 4812 1592 4881 ostenderet,
1606 4813 1689 4869 bis

124 4907 300 4963 verbis
317 4918 442 4959 usus
457 4910 558 4956 est.
579 4902 790 4958 Etenim
812 4904 910 4959 hoc
927 4904 1085 4958 etiam
1105 4904 1155 4957 in
1173 4902 1447 4958 hominum
1470 4916 1688 4959 consue-

125 5000 304 5054 tudine
321 4998 544 5067 positum
562 5006 665 5057 est,
685 4995 809 5050 utin
831 4996 1041 5052 eximiis
1060 5010 1123 5051 ac
1149 4996 1577 5065 praeeellentibus
1599 5013 1687 5052 re-

124 5091 222 5143 bus
241 5088 569 5157 palmamque
589 5084 951 5140 obtinentibus
964 5086 1033 5140 ad
1061 5085 1202 5140 hunc
1222 5084 1437 5139 modum
1459 5085 1687 5157 loquan-

124 5196 242 5241 tur;
270 5182 415 5237 verbi
435 5179 621 5251 gratia,
646 5191 767 5230 cum
793 5180 913 5245 quis
936 5179 1108 5249 majus
1127 5193 1287 5249 quam
1309 5191 1465 5234 antea
1494 5196 1686 5237 munus

122 5292 151 5330 a
181 5271 408 5345 quodam
431 5272 643 5343 accipit,
663 5284 806 5339 saepe
833 5270 905 5323 ita
934 5271 1167 5340 loquitur
1194 5289 1208 5325 :
1236 5268 1385 5326 Nune
1414 5275 1681 5342 perspexi,

121 5362 261 5437 quod
288 5376 373 5417 me
394 5361 481 5417 ille
496 5371 673 5418 amet:
699 5374 802 5415 non
831 5357 930 5413 hoc
957 5359 1140 5416 dicens
1158 5360 1305 5431 quasi
1326 5375 1388 5414 ea
1413 5376 1531 5429 qua:
1552 5377 1687 5429 pm-

122 5453 361 5513 eedentis
404 5455 654 5522 temporis
678 5460 828 5509 erant
858 5452 1098 5521 ignoret;
1141 5450 1236 5507 sed
1265 5461 1324 5507 ut
1350 5451 1451 5506 bac
1478 5451 1683 5508 ratione

123 5545 389 5608 ostendat,
416 5557 607 5615 munus
633 5542 771 5597 istud
797 5556 902 5612 quo
927 5554 1068 5595 nunc
1093 5541 1316 5597 aﬁ‘eetus
1340 5550 1444 5606 est,
1475 5540 1685 5596 ceteris

122 5637 365 5693 οιηιιὶὺιιε
395 5642 665 5702 praestare.
709 5632 799 5687 Sic
847 5632 986 5687 Deus
1026 5644 1236 5703 quoque
1264 5631 1498 5687 humano
1535 5645 1686 5689 more

123 5729 363 5798 loquens,
398 5722 570 5788 Nunc,
599 5722 791 5793 inquit,
816 5722 1024 5793 eegnm'
1046 5736 1067 5777 :
1092 5722 1223 5777 nihil
1264 5722 1416 5779 hisce
1467 5721 1647 5779 verbis
1664 5763 1682 5791 ,

123 5830 279 5887 quam
303 5813 609 5873 certaminis
632 5812 1046 5883 magnitudinem
1070 5853 1086 5879 ,
1129 5814 1432 5883 exprimere
1459 5814 1645 5872 volens
1665 5854 1681 5879 ,

1216 442 1281 498 [Ν
1320 440 1534 497 EPIST.
1572 439 1619 495 11
1679 440 1771 495 AD
1808 439 1961 496 COR.
2003 439 2231 495 HOMIL.
2271 441 2359 497 ιιι.

3252 448 3352 504 ιιι

1797 554 1902 607 adn
1935 562 2111 609 autem
2137 555 2278 625 quod
2305 563 2414 608 tum
2452 552 2750 620 dumtaxat,
2792 564 2877 609 aut
2912 557 3155 612 timorem
3182 568 3273 613 aut
3297 562 3357 614 ti-

1795 643 1957 697 moris
2000 644 2417 713 magnitudinem
2442 655 2804 715 cognosceret.
2845 645 2976 699 Nam
3023 649 3185 702 etiam
3236 665 3359 706 cum

1792 735 1886 799 ait,
1926 732 2101 788 Venite
2126 736 2483 792 descendemus
2510 733 2674 808 (Gen.
2709 738 2795 791 ll.
2824 738 2887 809 7)
2940 754 3003 793 ac
3046 739 3357 806 videamus,

1794 838 1899 875 non
1926 822 2123 877 ideirco
2147 823 2247 878 hac
2274 827 2481 881 ratione
2526 827 2707 892 utitur,
2757 827 2895 896 quod
2940 829 3197 883 descensu
3224 845 3359 899 opus

1794 912 2011 978 habeat;
2044 913 2239 983 quippe
2265 916 2353 983 qui
2382 917 2558 970 omnia
2580 917 2813 985 impleat,
2836 928 2989 985 θυμω
3010 921 3183 973 omnia
3205 935 3358 989 aper-

1796 1006 1996 1060 tissime
2014 1014 2297 1074 eognoseat
2315 1022 2337 1071 ;γ
2358 1007 2450 1060 sed
2468 1016 2525 1061 ut
2550 1008 2675 1063 hinc
2703 1009 2989 1077 discamus,
3014 1011 3079 1066 de
3102 1026 3161 1066 re
3180 1012 3357 1082 aliqua

1796 1110 1899 1148 non
1928 1103 2127 1149 temere
2153 1096 2515 1164 pronuntiare.
2543 1099 2714 1166 Atque
2753 1102 2900 1167 item,
2923 1116 3045 1155 cum
3085 1086 3171 1155 ait
3207 1102 3355 1157 Scri-

1796 1193 1980 1252 ptura,
2036 1182 2171 1239 Deus
2223 1185 2284 1238 de
2312 1185 2432 1240 cazlo
2483 1189 2735 1255 prospexit
2784 1189 2966 1257 (Psal.
3011 1192 3096 1247 15.
3129 1192 3237 1263 2),
3266 1210 3358 1263 per

1795 1273 2159 1343 metaphoram
2179 1273 2246 1327 ab
2269 1274 2570 1330 hominibus
2592 1276 2821 1342 ductam,
2853 1283 3239 1336 exactissimam
3269 1299 3359 1338 eo-

1795 1365 2080 1435 gnitionem
2107 1367 2368 1436 intelligit.
2400 1367 2598 1423 Eodem
2639 1370 2797 1424 modo
2834 1371 2917 1424 hic
2945 1388 3177 1441 quoque,
3208 1374 3360 1429 Nam:

1795 1459 2001 1525 cognovi
2024 1499 2039 1522 ,
2069 1458 2145 1512 ait
2175 1477 2187 1511 :
2214 1469 2270 1514 ut
2298 1460 2400 1513 hoc
2418 1462 2669 1515 omnibus
2699 1464 2961 1530 prioribus
2992 1466 3160 1534 majus
3186 1469 3360 1522 excel-

1796 1547 2097 1618 lentiusque
2142 1565 2261 1606 esse
2303 1552 2653 1608 demonstret.
2688 1556 2797 1609 Hoc
2843 1558 2909 1609 ita
2937 1570 3054 1611 esse
3084 1557 3269 1626 probat
3295 1576 3358 1613 ex

1794 1652 1883 1701 eo,
1926 1636 2065 1706 quod
2110 1638 2367 1708 deinceps
2412 1642 2714 1713 subjungit,
2764 1645 2896 1711 Quia
2946 1663 3044 1699 non
3099 1649 3361 1718 pepercisti

1795 1727 1901 1793 ﬁlio
1927 1736 2011 1779 tuo
2031 1727 2211 1782 dilecto
2240 1739 2442 1798 prapter
2470 1748 2567 1784 me.
2590 1732 2702 1787 Non
2743 1734 3016 1791 dumtaxat
3044 1737 3193 1805 dixit,
3225 1737 3360 1792 Filio

1794 1827 1906 1886 tuo,
1934 1819 2048 1884 sed,
2083 1820 2218 1875 Filia
2259 1823 2460 1877 dilecto.
2491 1822 2605 1879 Non
2650 1826 2789 1880 enim
2836 1829 3091 1887 adversus
3120 1843 3359 1887 naturam

1796 1918 2019 1971 tantum,
2048 1911 2140 1964 sed
2172 1912 2337 1967 etiam
2367 1914 2621 1968 adversus
2648 1914 3039 1975 benevolentiae
3067 1922 3315 1977 allectum
3340 1966 3359 1990 ,

1796 2002 1882 2071 qui
1912 2012 2018 2056 tum
2062 2003 2130 2057 ob
2162 2005 2402 2073 proprios
2443 2022 2653 2071 mores,
2706 2016 2814 2061 tum
2844 2010 2915 2063 ob
2940 2026 3181 2081 magnam
3218 2020 3361 2083 pueri

1796 2092 2041 2148 virtutem
2071 2095 2254 2163 ingens
2295 2104 2430 2163 erat,
2481 2098 2801 2167 intrepidum
2830 2114 2889 2153 se
2920 2103 3165 2169 przebuit.
3212 2108 3364 2171 Quod

1795 2186 1861 2247 si,
1893 2201 1959 2240 ne
1985 2196 2039 2240 ut
2067 2187 2336 2256 improbos
2361 2190 2573 2258 quidem
2624 2191 2760 2247 ﬁlios
2784 2204 3156 2261 aspernentur,
3211 2198 3368 2254 facile

1796 2274 1982 2329 adduci
2015 2288 2259 2344 parentes
2289 2290 2507 2347 queunt,
2540 2296 2723 2334 verum
2761 2287 2854 2337 eos
2878 2298 3087 2353 quoque
3118 2284 3367 2356 lacrymis

1797 2376 2193 2433 prosequuntur
2226 2386 2239 2421 :
2266 2383 2386 2422 cum
2410 2379 2463 2424 et
2489 2370 2627 2425 ﬁlius
2670 2371 2849 2439 fuerit,
2876 2382 2929 2427 et
2980 2390 3281 2445 germanus,
3314 2391 3365 2433 et

1798 2454 2119 2524 unigenitus,
2144 2466 2198 2510 et
2220 2457 2465 2522 dilectus,
2494 2470 2550 2515 et
2580 2462 2746 2527 lsaac,
2776 2473 2828 2517 et
2862 2466 2930 2519 ab
2960 2465 3077 2534 ipso
3108 2476 3255 2535 patre
3275 2468 3363 2535 ju-

1796 2544 2057 2614 gulandus
2080 2546 2169 2611 sit,
2188 2548 2427 2617 quisnam
2444 2549 2804 2605 incredibilem
2820 2553 2961 2607 illam
2981 2556 3365 2627 philosophiam

1796 2639 1974 2693 verbis
1995 2640 2271 2709 complecti
2296 2641 2502 2710 possit?
2523 2640 2782 2696 Nimirum
2812 2643 2912 2698 hoc
2933 2654 3201 2702 certamen
3226 2651 3369 2704 mille

1797 2726 2101 2782 diademata
2124 2738 2283 2799 atque
2314 2731 2622 2786 innumeras
2648 2747 2875 2787 coronas
2898 2735 3182 2803 splendore
3207 2754 3367 2807 supe-

1798 2824 1897 2869 rat.
1930 2817 2135 2871 Etenim
2163 2820 2233 2883 ei,
2260 2822 2350 2890 qui
2388 2838 2638 2877 coronam
2670 2824 2811 2878 illam
2852 2827 3005 2896 gerit,
3056 2830 3364 2900 plerumque

1799 2914 1851 2960 et
1882 2921 2025 2960 mors
2044 2911 2424 2976 superveniens
2453 2912 2642 2968 infesta
2670 2924 2771 2981 est,
2795 2926 2845 2972 et
2874 2918 3021 2973 mille
3059 2920 3218 2973 etiam
3245 2934 3368 2977 ante

1800 3007 2025 3052 mortem
2057 3015 2234 3055 rerum
2267 3000 2471 3057 insidiae
2502 3020 2515 3056 :
2544 3003 2647 3058 hoc
2677 3016 2854 3061 autem
2882 3009 3178 3067 diademate
3220 3015 3367 3082 quis-

1799 3089 1921 3157 quis
1945 3090 2222 3145 redimitus
2248 3090 2426 3159 fuerit,
2458 3092 2510 3148 id
2539 3094 2590 3148 ei
2622 3109 2688 3149 ue
2720 3107 2840 3164 post
2882 3108 3104 3154 mortem
3155 3101 3366 3171 quidem

1799 3181 2077 3249 quisquam
2109 3181 2318 3252 eripere
2342 3184 2558 3255 poterit,
2588 3198 2695 3240 non
2735 3201 2950 3251 suorum
2972 3231 2988 3257 ,
3038 3207 3145 3246 non
3170 3195 3370 3248 alieno-

1800 3286 1936 3324 rum.
1965 3272 2138 3341 Atque
2176 3276 2335 3328 etiam
2380 3277 2820 3344 pretiosissimum
2873 3280 3027 3350 hujus
3056 3284 3369 3342 diadematis

1800 3362 2028 3432 lapidem
2051 3365 2343 3434 perspicias
2367 3367 2549 3425 velim.
2573 3368 2642 3424 Ut
2658 3369 2799 3424 enim
2828 3372 3089 3441 pretiosus
3113 3376 3261 3444 lapis,
3290 3378 3367 3432 sic

1800 3467 1920 3508 eum
1950 3454 2016 3508 ad
2048 3464 2346 3510 extremum
2370 3457 2552 3528 cingit.
2592 3459 2853 3527 Quidnam
2888 3473 3062 3518 autem
3110 3465 3210 3522 hoc
3251 3479 3366 3535 est,

1799 3544 2018 3615 PrOpter
2040 3550 2158 3603 me?
2180 3547 2362 3619 Neque
2387 3551 2526 3606 enim
2554 3552 2655 3607 hoc
2682 3562 2782 3616 est,
2806 3554 2942 3623 quod
2963 3555 3366 3615 admirationem

1800 3646 2054 3705 meretur,
2083 3654 2274 3709 nempe
2294 3642 2433 3712 quod
2465 3658 2570 3697 non
2603 3647 2899 3713 pepercerit
2923 3687 2937 3707 ,
2965 3648 3056 3701 sed
3078 3650 3218 3717 quod
3246 3667 3369 3720 pro-

1800 3738 1918 3798 pter
1946 3744 2087 3784 eum.
2117 3730 2161 3785 Ο
2186 3733 2458 3787 dexteram
2488 3734 2729 3801 beatam,
2779 3736 2921 3805 quali
2957 3728 3130 3806 gladio
3175 3740 3367 3797 donata

1799 3821 1911 3873 est!
1943 3834 1976 3873 ο
2004 3819 2372 3876 admirandum
2412 3824 2666 3893 gladium,
2713 3827 2856 3896 quali
2886 3828 3099 3883 dextera
3140 3831 3366 3888 donatus

1798 3910 1915 3963 est!
1948 3924 1981 3964 ο
2007 3911 2215 3967 beatum
2238 3912 2448 3983 inquam
2475 3914 2725 3985 gladium,
2758 3916 2822 3970 ad
2854 3918 2992 3986 quod
3016 3920 3360 3977 ministerium

1799 4012 2014 4069 paratus
2061 4004 2174 4059 est!
2207 4004 2349 4073 quod
2377 4021 2570 4060 munus
2600 4006 2784 4073 obivit,
2812 4016 2865 4061 et
2893 4009 2978 4062 cui
3025 4009 3205 4079 ﬁgurae
3235 4013 3363 4066 sub-

1797 4092 2053 4146 servivit!
2081 4109 2310 4162 quonam
2343 4105 2493 4164 pacto
2519 4112 2713 4152 cruore
2736 4099 2929 4154 tinctus
2958 4111 3059 4165 est,
3090 4114 3146 4157 et
3173 4117 3363 4159 cruore

1798 4198 1903 4237 non
1928 4192 2010 4237 est
2040 4184 2269 4240 tinctus!
2302 4186 2484 4256 Neque
2509 4190 2673 4255 enim,
2695 4206 2803 4260 quo
2832 4192 2995 4247 verbo
3024 4204 3161 4262 utar,
3210 4197 3323 4252 seio
3347 4216 3363 4252 :

1795 4273 1931 4329 adeo
1957 4275 2286 4330 tremendum
2315 4276 2451 4330 istud
2502 4276 2811 4349 mysterium
2862 4292 2995 4336 erat.
3046 4282 3163 4337 Non
3212 4288 3364 4355 pueri

1797 4365 1988 4434 pellem
2020 4366 2213 4436 attigit,
2236 4382 2334 4422 nec
2360 4370 2526 4422 sancti
2559 4369 2699 4423 illius
2719 4379 2898 4439 guttur
2920 4375 3234 4440 penetravit,
3263 4391 3364 4431 nec

1792 4455 1921 4524 justi
1950 4471 2142 4513 cruore
2165 4458 2378 4513 rubuit:
2406 4460 2513 4514 imo
2536 4474 2663 4514 vero
2710 4471 2763 4514 et
2783 4463 2955 4531 attigit
2983 4473 3035 4517 et
3072 4468 3362 4533 penetravit

1796 4556 1852 4601 et
1871 4561 2061 4601 cruore
2085 4549 2283 4611 rubuit,
2315 4558 2367 4603 et
2394 4549 2674 4605 immersus
2702 4558 2804 4611 est.
2830 4562 2884 4604 et
2924 4567 3026 4604 non
3059 4553 3359 4610 immersus.

1796 4637 1987 4692 Mentis
2014 4652 2197 4692 errore
2226 4636 2361 4691 afﬁci
2388 4639 2611 4692 fortasse
2632 4639 2782 4692 vobis
2804 4638 3007 4703 videor,
3046 4644 3133 4709 qui
3165 4643 3231 4694 ita
3260 4658 3359 4711 pu-

1793 4728 2005 4799 gnantia
2038 4728 2246 4796 loquar.
2270 4727 2339 4781 Et
2364 4737 2510 4783 certe
2530 4728 2755 4796 afﬁcior,
2783 4730 2907 4785 dum
2928 4731 3057 4802 justi
3087 4734 3226 4789 illius
3255 4735 3357 4790 mi-

1795 4818 2030 4875 raculum
2074 4818 2255 4871 animo
2306 4819 2661 4891 contemplor,
2713 4836 2814 4876 nec
2862 4830 3036 4879 tamen
3077 4828 3359 4896 pugnantia

1795 4911 2001 4979 loquor.
2034 4905 2243 4963 Etenim
2269 4907 2398 4977 justi
2422 4909 2519 4964 viri
2547 4926 2734 4966 manus
2753 4928 2873 4967 eum
2898 4914 2950 4967 in
2979 4916 3125 4982 pueri
3150 4927 3361 4985 gutture

1794 4998 2013 5065 deﬁxit;
2044 5009 2099 5054 at
2125 4999 2266 5054 Deus
2293 5001 2453 5054 etiam
2498 4998 2721 5055 inﬁxum
2766 5017 2872 5056 non
2923 5000 3163 5073 permisit
3210 5009 3357 5080 pueri

1792 5104 1987 5145 cruore
2012 5090 2377 5145 contaminari.
2400 5088 2582 5158 Neque
2605 5091 2747 5149 enim
2777 5092 3039 5147 Abraham
3062 5094 3206 5148 solus
3235 5112 3355 5151 eum

1798 5180 2032 5243 tenebat,
2058 5179 2152 5234 sed
2177 5177 2337 5233 etiam
2370 5179 2510 5234 Deus
2539 5198 2553 5234 :
2579 5181 2669 5235 ille
2696 5196 2792 5248 per
2812 5181 3133 5237 voluntatem
3164 5184 3355 5255 impel-

1794 5274 1967 5339 lebat,
2002 5273 2088 5327 bic
2134 5285 2232 5342 per
2258 5284 2443 5327 vocem
2485 5271 2830 5341 reprimebat.
2876 5272 3008 5329 Nam
3037 5276 3223 5332 eadem
3251 5296 3353 5333 vox

1792 5365 2034 5421 dextram
2065 5362 2204 5418 illius
2227 5370 2279 5415 et
2306 5363 2531 5417 armavit
2557 5371 2611 5417 et
2637 5366 2989 5433 compescuit,
3022 5376 3179 5436 atque
3210 5367 3319 5423 Deo
3337 5409 3354 5436 ,

1793 5451 2058 5523 tamquam
2076 5451 2265 5506 bellico
2278 5453 2485 5507 cuidam
2509 5452 2836 5523 imperatori,
2850 5454 3079 5510 subdita.
3100 5456 3165 5509 ad
3190 5457 3356 5525 ipsius

1792 5554 1979 5599 nutum
2000 5541 2175 5595 nninia
2194 5543 2604 5612 exsequebatur,
2622 5554 2917 5614 cunctaque
2931 5545 2996 5599 ad
3019 5542 3159 5601 illius
3172 5562 3354 5604 vocent

1791 5630 2314 5689 administrabantur.
2338 5632 2427 5687 Sic
2448 5634 2590 5687 enim
2618 5633 2894 5688 considera
2922 5651 2936 5687 :
2962 5635 3113 5701 dixit,
3138 5635 3356 5703 Occide,

1792 5738 1856 5779 ac
1878 5724 2056 5778 statim
2105 5723 2413 5779 armabatur
2438 5740 2454 5778 :
2484 5722 2653 5790 dixit,
2681 5722 2759 5779 Ne
2798 5724 3010 5780 occidas
3030 5767 3046 5791 ,
3076 5741 3141 5781 ac
3176 5731 3357 5784 statim

1801 5829 1946 5871 arma
1971 5814 2271 5883 deponebat
2305 5830 2320 5871 :
2348 5814 2610 5884 siquidem
2645 5813 2823 5870 omnia
2841 5821 3026 5885 parata
3046 5814 3156 5885 jam
3181 5830 3353 5874 erant.
