4028 6222
528 432 638 488 415

529 547 609 599 Ac
638 550 820 611 postea
860 539 1001 594 Deus
1048 534 1271 593 miiitem
1300 552 1453 591 suum
1481 550 1545 590 ac
1573 534 1764 589 ducem
1795 532 1912 588 orbi
1939 539 2121 586 osten-

526 632 627 699 dit,
656 632 909 687 victorem
932 630 1245 701 angelorum
1268 627 1500 693 theatro,
1522 626 1674 679 illum
1695 623 1909 693 inquam
1936 635 2118 677 sacer-

526 725 743 789 dotem,
795 726 942 779 illum
981 737 1197 793 regem,
1245 720 1425 791 gladio
1466 718 1637 788 magis
1673 731 1831 787 quam
1862 714 1972 771 ullo
1998 712 2116 768 dia-

532 816 739 873 demate
759 822 1096 879 coronatum,
1124 813 1271 868 illum
1298 821 1501 881 tropaeo
1526 816 1890 880 praestantem,
1918 820 1981 860 ac
2000 806 2117 859 sine

530 889 778 964 conflictu
844 906 1124 960 victorem.
1182 903 1643 970 Quemadmodum
1699 901 1843 956 enim
1899 900 1944 954 si
1997 898 2115 968 quis

528 997 821 1068 imperator
841 996 1271 1050 strenuissimum
1311 994 1532 1049 militem
1574 992 1784 1057 habeat,
1816 991 1976 1046 etiam
2002 992 2113 1059 ipsa

526 1087 885 1159 gerendorum
910 1101 1182 1141 armorum
1210 1086 1549 1151 dexteritate,
1574 1086 1685 1154 ipsa
1714 1082 1964 1148 statione,
1998 1081 2114 1149 ipso

528 1182 731 1250 impetu
754 1219 769 1244 ,
801 1178 1012 1234 hostem
1061 1189 1207 1234 metu
1238 1178 1485 1249 percellit
1514 1196 1526 1231 :
1572 1178 1650 1231 sic
1682 1177 1819 1231 Deus
1851 1175 1961 1230 sola
1983 1174 2113 1243 justi

526 1272 625 1326 viri
658 1271 929 1325 voluntate
953 1312 969 1337 ,
1001 1270 1118 1325 solo
1146 1278 1334 1341 gestu,
1381 1269 1495 1325 sola
1551 1268 1783 1337 denique
1838 1266 2069 1321 statione
2090 1304 2109 1333 ,

524 1377 865 1417 communem
890 1362 1128 1416 omnium
1159 1370 1401 1416 nostrum
1444 1360 1652 1413 hostem
1697 1358 1968 1413 diabolum
2018 1371 2110 1411 ex-

526 1454 717 1507 terruit
742 1463 901 1523 atque
926 1453 977 1506 in
1015 1453 1193 1522 fugam
1224 1452 1400 1505 vertit.
1430 1448 1563 1503 Nam
1593 1455 1649 1503 et
1686 1448 1833 1502 illum
1865 1447 2111 1503 existimo

527 1554 638 1600 tum
687 1545 1095 1600 tremebundum
1155 1543 1467 1599 recessisse.
1520 1542 1625 1607 At,
1665 1538 1859 1594 dixerit
1885 1540 2112 1594 fortasse

524 1637 739 1706 aliquis,
764 1652 929 1706 quare
970 1637 1113 1691 Deus
1144 1636 1387 1690 dextram
1418 1633 1685 1687 cruentari
1718 1646 1823 1684 non
1855 1630 2112 1699 permise-

524 1729 627 1792 rit,
654 1742 716 1781 ac
744 1736 929 1797 postea
960 1736 1247 1782 mactatum
1278 1734 1499 1794 repente
1525 1722 1591 1777 ad
1625 1722 1785 1775 vitam
1814 1718 2112 1776 revocarit?

523 1818 785 1886 Quoniam
817 1819 893 1873 fas
921 1835 1027 1873 non
1081 1828 1199 1873 erat
1248 1818 1414 1874 Deum
1445 1814 1753 1884 lmjusmodi
1800 1812 2111 1883 sanguinem

522 1923 749 1978 capere;
778 1910 871 1965 sed
901 1908 1187 1978 pestiferos
1212 1908 1484 1962 dzemones
1519 1920 1702 1959 mensa
1732 1904 1845 1959 haec
1865 1904 2106 1959 decebat.

529 2005 700 2072 Atque
729 2002 815 2056 hic
852 2011 1138 2071 utrumque
1163 1998 1570 2064 declarabatur,
1602 2012 1793 2067 nempe
1817 2007 1871 2051 et
1902 1995 2110 2051 Domini

522 2093 824 2164 benignitas
874 2103 927 2149 et
976 2095 1117 2149 servi
1163 2092 1422 2163 probitas.
1465 2093 1543 2147 Ac
1595 2092 1744 2161 prius
1786 2089 2000 2159 quidem
2043 2088 2111 2144 de

522 2194 664 2239 terra
687 2199 781 2238 sua
810 2199 1059 2256 egressus
1088 2184 1293 2250 fuerat;
1339 2192 1449 2238 tum
1498 2196 1628 2237 vero
1656 2180 1723 2236 ab
1761 2180 1873 2251 ipsa
1898 2194 2111 2251 quoque

520 2286 707 2331 natura
737 2278 983 2333 excessit.
1044 2275 1233 2346 quue
1262 2276 1482 2330 nomine
1511 2283 1714 2328 sortem
1745 2288 1865 2328 cum
1907 2274 2111 2329 foenore

520 2370 753 2438 accepit,
779 2368 940 2437 idque
964 2368 1251 2423 admodum
1277 2366 1471 2421 merito
1506 2384 1520 2421 :
1552 2365 1716 2435 patris
1744 2365 1886 2421 enim
1916 2379 2109 2419 nomen

520 2462 773 2514 amittere
800 2460 1029 2523 maluit,
1060 2474 1221 2529 quam
1266 2474 1295 2513 a
1348 2456 1500 2528 probi
1546 2457 1685 2512 servi
1732 2454 1912 2511 ofﬁcio
1962 2470 2112 2510 recc-

520 2548 670 2603 dere.
706 2547 785 2602 Eo
812 2547 1010 2602 factum
1037 2557 1139 2615 est,
1169 2556 1227 2603 ut
1269 2562 1376 2603 non
1406 2547 1566 2602 modo
1596 2557 1768 2617 pater,
1816 2544 1911 2601 sed
1948 2546 2108 2600 etiam

519 2639 772 2694 sacerdos
802 2640 1121 2707 exsisteret;
1173 2651 1225 2695 et
1265 2640 1387 2710 quia
1437 2639 1530 2693 Dei
1563 2652 1722 2693 causa
1750 2638 1911 2693 etiam
1940 2652 1969 2691 a
1999 2638 2110 2692 suis

518 2732 891 2797 abscesserat,
933 2733 1134 2788 idcirco
1162 2734 1304 2788 Deus
1334 2732 1435 2802 ipsi
1466 2746 1587 2787 cum
1612 2731 1719 2785 illis
1760 2747 1857 2786 sua
1898 2746 2111 2800 quoque

520 2823 741 2895 largitus
770 2834 872 2880 est.
912 2827 988 2880 Ae
1014 2825 1230 2895 quidem
1260 2827 1374 2895 ipse
1393 2866 1409 2893 ,
1452 2840 1573 2879 cum
1602 2824 1671 2877 ab
1702 2824 1947 2879 hostibus
1976 2824 2108 2878 insi-

518 2916 621 2971 diae
647 2927 929 2986 creantur,
961 2919 1122 2973 etiam
1170 2934 1335 2989 usque
1382 2918 1448 2973 ad
1480 2934 1594 2973 rem
1624 2919 1792 2988 ipsam
1832 2918 2107 2989 progredi-

524 3018 645 3073 tur,
673 3025 737 3064 ac
764 3011 1019 3064 miracula
1043 3011 1187 3077 edit;
1219 3023 1277 3065 ut
1296 3012 1348 3065 in
1372 3011 1592 3066 fornace
1612 3052 1627 3077 ,
1657 3025 1721 3065 ac
1747 3010 1989 3066 leonibus
2012 3025 2108 3065 usu

518 3104 663 3158 venit
689 3102 861 3167 (Dan.
913 3106 966 3159 5.
998 3114 1044 3158 et
1082 3106 1194 3175 6):
1226 3120 1348 3159 eum
1395 3114 1572 3159 autem
1621 3104 1848 3174 ipsemet
1898 3113 1979 3159 est
2018 3104 2109 3175 qui

518 3195 765 3267 imperat,
794 3198 933 3252 intra
956 3198 1116 3253 animi
1141 3197 1620 3268 promptitudinem
1645 3197 1923 3268 imperium
1950 3212 2107 3252 suum

517 3291 682 3345 sistit.
1088 3336 1093 3339 λ

592 3385 645 3434 7.
672 3383 887 3436 Αὺναήω
912 3384 1213 3438 constantia.
1234 3414 1306 3424 —
1324 3384 1460 3450 Quid
1486 3389 1651 3453 enim,
1674 3385 1807 3439 heus
1838 3393 1915 3451 tu,
1941 3385 1993 3439 in
2020 3385 2108 3438 illa

518 3473 683 3527 animi
732 3472 1043 3529 fortitudine
1079 3491 1143 3531 ac
1178 3478 1483 3545 praestantia
1525 3477 1633 3545 jam
1663 3475 2110 3531 desiderabatur?

520 3584 649 3623 num
669 3568 935 3623 Abraham
957 3571 1096 3641 quod
1119 3579 1437 3624 eventurum
1457 3578 1591 3633 erat,
1611 3570 1961 3640 praiseiebat?
1983 3585 2109 3624 nttm

520 3661 613 3715 Dei
644 3661 1065 3715 misericordiam
1096 3660 1204 3715 ullo
1243 3660 1473 3716 artificio
1503 3662 1789 3731 captabat?
1817 3660 1947 3716 Nam
1986 3662 2112 3717 licet

524 3753 781 3822 propheta
808 3763 973 3816 esset.
1007 3763 1061 3807 at
1090 3753 1347 3822 propheta
1376 3770 1480 3807 non
1511 3754 1690 3808 omnia
1730 3756 1897 3810 novit.
1928 3754 2111 3825 Itaque

521 3859 921 3912 supervacanea
954 3844 1065 3913 jam
1110 3859 1177 3899 ac
1210 3844 1320 3900 Deo
1366 3844 1581 3915 indigna
1626 3845 1911 3903 trucidatio
1946 3847 2111 3900 exsti-

522 3938 693 3991 tisset.
718 3937 870 4005 Quod
893 3938 935 3991 si
964 3937 1095 3992 illud
1122 3952 1298 4006 operae
1318 3938 1543 4005 pretium
1567 3937 1739 3991 fuerat
1764 3939 1922 4002 scire,
1944 3938 2110 3993 Deum

521 4038 764 4083 mortuos
790 4028 855 4081 ad
884 4030 1045 4080 vitam
1072 4040 1327 4080 revocare
1359 4041 1538 4095 posse,
1584 4029 1756 4082 multo
1782 4028 1989 4084 scilicet
2013 4028 2110 4085 ad-

521 4120 822 4175 mirabilius
858 4118 910 4173 id
941 4119 1007 4174 ab
1036 4119 1221 4174 uxoris
1248 4119 1403 4175 vulva
1444 4121 1808 4191 intellexerat,
1838 4124 1947 4179 imo
1988 4136 2113 4182 ante

523 4212 661 4265 hanc
686 4225 898 4281 quoque
935 4210 1473 4281 demonstrationem,
1507 4222 1564 4268 ut
1589 4215 1679 4285 qui
1722 4215 1827 4272 fide
1858 4216 2111 4288 praeditus

522 4313 687 4359 esset.
715 4302 795 4356 'l'u
826 4319 955 4357 vero
993 4303 1199 4372 justum
1246 4305 1393 4359 illum
1440 4321 1549 4360 non
1589 4308 1763 4362 solum
1803 4310 2109 4381 admireris,

521 4394 618 4449 sed
642 4394 803 4449 etiam
829 4392 1056 4449 imiteris
1085 4408 1100 4447 :
1130 4408 1358 4464 cumque
1392 4410 1514 4449 eum
1540 4396 1592 4449 in
1621 4405 1768 4452 tanto
1796 4401 2027 4455 tumultu
2050 4417 2115 4458 ac

525 4493 669 4538 tanta
700 4483 955 4540 ﬂuctuum
998 4493 1318 4556 tempestate
1355 4501 1459 4541 non
1498 4500 1652 4542 secus
1682 4497 1841 4559 atque
1883 4490 1935 4544 in
1963 4501 2112 4547 tran-

523 4575 788 4643 quillitate
818 4576 1159 4645 navigantem
1190 4576 1387 4644 cernis,
1412 4576 1495 4632 fac
1518 4580 1679 4633 etiam
1709 4591 1766 4634 ut
1789 4580 2114 4638 obedientiae

524 4675 578 4720 et
608 4663 936 4719 fortitudinis
962 4665 1170 4719 clavum
1194 4668 1439 4738 arripias.
1464 4668 1573 4725 Nec
1602 4671 1730 4725 mihi
1759 4672 1885 4727 illud
1910 4683 2112 4728 tantum

523 4771 908 4825 commemora,
933 4755 1075 4827 quod
1101 4756 1269 4812 altare
1294 4762 1620 4815 exstruxerit
1644 4771 1699 4817 et
1720 4763 1858 4833 ligna
1882 4766 2110 4836 pararit;

523 4848 622 4905 sed
653 4848 802 4918 pueri
825 4864 1038 4919 quoque
1068 4865 1255 4905 vocem
1302 4852 1354 4905 in
1398 4860 1631 4905 mentem
1660 4858 1878 4923 revoca,
1905 4866 2113 4913 tecum-

524 4955 631 5011 que
659 4938 787 4993 illud
817 4948 1025 5010 reputa,
1054 4951 1252 5011 quanta
1270 4942 1599 4998 exercituum
1626 4946 1835 5015 agmina
1858 4947 2112 5017 impetum

527 5038 580 5091 in
614 5050 739 5092 eum
765 5032 1012 5099 fecerint,
1044 5035 1145 5106 ipsi
1178 5052 1431 5106 pavorem
1476 5038 1791 5108 injicientia,
1834 5055 1954 5096 cum
1986 5058 2115 5111 pue-

526 5142 645 5183 rum
671 5126 939 5184 dicentem
961 5127 1187 5193 audivit,
1216 5127 1391 5194 Pater,
1417 5130 1620 5185 ubinam
1646 5141 1717 5186 est
1742 5132 1943 5186 victim
1959 5131 2109 5205 (Gen.

520 5218 615 5274 2‘2.
647 5219 743 5289 7)?
769 5219 1154 5287 animadverte,
1182 5230 1312 5290 quot
1336 5230 1446 5275 tum
1464 5223 1815 5294 cogitationes
1832 5233 2115 5281 commotae

524 5311 654 5375 sint,
696 5324 803 5366 non
829 5308 996 5379 ferro,
1028 5313 1125 5367 sed
1154 5313 1323 5385 igneis
1356 5312 1524 5369 hastis
1551 5326 1793 5384 armate,
1824 5331 1985 5390 atque
2016 5335 2115 5375 un-

524 5401 687 5473 dique
710 5417 835 5458 cum
862 5412 1159 5474 pungentes
1195 5417 1249 5461 et
1278 5405 1710 5465 conscindentes.
1738 5408 1871 5465 Nam
1893 5412 1939 5466 si
1969 5427 2113 5468 nunc

524 5511 739 5567 quoque
787 5496 982 5563 multi,
1023 5498 1185 5555 etiam
1227 5500 1317 5570 qui
1364 5509 1542 5571 patres
1584 5518 1691 5558 non
1735 5512 1879 5572 sunt,
1924 5504 2113 5562 dolore

524 5585 863 5657 franguntur,
892 5596 946 5642 et
985 5590 1483 5660 collacrymassent,
1520 5593 1622 5647 nisi
1650 5594 1728 5650 rei
1758 5596 1961 5651 exitum
1990 5611 2113 5666 per-

524 5688 765 5748 spectum
797 5679 1087 5745 haberent;
1114 5682 1222 5737 imo
1247 5682 1407 5737 etiam
1434 5685 1761 5755 complures,
1788 5703 2109 5758 quamquam

524 5767 672 5824 illum
718 5768 918 5838 norint,
957 5770 1317 5843 lacrymantes
1360 5784 1536 5831 tamen
1579 5776 1827 5832 intueor:
1860 5795 1965 5848 quo
1997 5789 2111 5833 tan-

523 5856 650 5914 dem
675 5860 914 5918 cruciatu
956 5860 1200 5919 ali‘cetum
1228 5879 1349 5920 eum
1375 5862 1539 5923 fuisse
1578 5868 1850 5939 probabile
1880 5879 1981 5937 est,
2020 5869 2107 5940 qui

1238 422 1300 481 S.
1338 420 1615 481 JOANNIS
1651 413 2124 475 CllRYSOSTOMl
2166 413 2476 472 ARClllEP.
2524 417 3060 477 CONSTANTINOP.

2228 531 2401 601 ipsum
2430 542 2711 602 genuerat,
2757 534 2845 604 qui
2890 534 3233 601 educaverat,
3284 537 3373 607 qui
3415 538 3468 599 in
3512 549 3813 599 senectute.

2223 624 2315 693 qui
2341 624 2515 680 solum
2548 626 2799 693 habebat,
2830 628 2918 696 qui
2949 628 3132 694 talem,
3166 631 3252 700 qui
3276 632 3552 697 cernebat,
3597 634 3673 701 qui
3709 650 3807 685 au-

2224 715 2425 784 diebat,
2471 717 2564 788 qui
2596 718 2818 788 jamjam
2849 720 2917 775 de
2948 720 3124 775 medio
3153 723 3456 779 sublaturus
3490 726 3651 779 erat?
3680 728 3809 792 Quae

2223 806 2507 862 verborum
2532 809 2858 877 prudentia?
2882 826 3001 881 qua:
3029 814 3395 880 responsionis
3420 816 3810 871 mansuetudo?

2224 901 2353 968 Quis
2381 910 2558 957 autem
2606 913 2719 957 tum
2759 905 3128 973 operabatur?
3171 907 3506 978 diabolusne,
3555 919 3615 965 ut
3665 910 3809 968 faces

2220 992 2477 1062 quasdam
2510 1003 2714 1051 natura:
2742 996 3094 1054 admoveret?
3122 1000 3339 1055 Minime
3378 1019 3392 1055 :
3424 1019 3611 1058 verum
3645 1005 3809 1073 Deus,

2221 1092 2279 1136 ut
2312 1098 2530 1139 auream
2568 1086 2699 1156 justi
2726 1088 2958 1143 animam
3004 1090 3173 1161 magis
3217 1090 3540 1161 exploraret.
3596 1094 3808 1150 Etenim

2219 1190 2343 1231 eum
2385 1174 2505 1231 Jobi
2544 1194 2686 1234 uxor
2722 1181 2884 1236 verba
2924 1181 3144 1247 faceret,
3174 1182 3419 1237 diabolus
3445 1186 3807 1254 operabatur;

2220 1267 2327 1323 tale
2354 1270 2552 1340 quippe
2577 1271 2702 1326 illud
2728 1273 3012 1327 consilium
3038 1284 3155 1329 erat
3182 1292 3196 1326 :
3227 1276 3313 1331 hic
3341 1291 3469 1331 vero
3492 1276 3623 1331 nihil
3648 1280 3810 1349 impie

2219 1358 2538 1429 loquebatur
2562 1403 2577 1427 ,
2619 1363 2713 1418 sed
2767 1379 3022 1435 perquam
3068 1366 3156 1435 pie
3194 1374 3250 1421 et
3287 1368 3676 1438 circumspecte
3702 1388 3715 1425 :
3743 1387 3808 1427 ac

2219 1450 2384 1504 multa
2416 1461 2669 1507 venustas
2695 1453 2748 1507 in
2776 1456 2953 1509 verbis
2981 1454 3279 1523 efflorcbat,
3308 1473 3604 1528 magnaque
3632 1461 3808 1516 mellis

2218 1543 2370 1612 c0pia
2401 1558 2431 1598 e
2460 1546 2801 1601 sermonibus
2829 1549 3099 1613 manabat,
3127 1564 3156 1603 a
3188 1552 3471 1620 tranquilla
3496 1553 3582 1606 illa
3610 1563 3660 1607 et
3687 1554 3804 1623 pla-

2217 1634 2334 1689 cida
2371 1636 2546 1689 anima
2581 1635 2753 1693 fluens
2779 1654 2792 1691 :
2817 1648 2977 1708 atque
3005 1648 3204 1694 tantam
3238 1641 3343 1694 vim
3376 1640 3490 1697 haec
3514 1644 3673 1699 verba
3706 1644 3803 1697 ha-

2216 1726 2431 1793 bebant,
2462 1738 2523 1783 ut
2547 1729 2629 1784 vel
2660 1744 2880 1785 saxeum
2915 1741 3099 1800 pectus
3141 1733 3386 1788 emollire
3416 1747 3653 1803 possent.
3694 1737 3803 1793 Nec

2219 1825 2395 1874 tamen
2435 1818 2773 1875 adamantem
2805 1820 2950 1875 illmn
2984 1823 3345 1891 perculerunt,
3403 1824 3510 1880 imo
3542 1841 3638 1881 nec
3678 1842 3810 1881 eon-

2216 1920 2535 1975 euaserunt;
2567 1926 2666 1965 nec
2689 1912 2843 1978 dixit,
2880 1912 3017 1981 Quid
3048 1922 3252 1982 patrem
3288 1929 3468 1983 vocas,
3516 1918 3605 1987 qui
3647 1920 3811 1983 paulo

2216 2011 2338 2070 post
2358 2010 2509 2072 pater
2530 2011 2651 2058 tuus
2677 2002 2891 2060 futurus
2920 2020 3025 2060 non
3048 2016 3149 2073 est,
3172 2007 3370 2077 quique
3386 2006 3495 2078 jam
3524 2008 3678 2079 hujus
3710 2010 3809 2064 ho—

2216 2094 2365 2150 noris
2391 2095 2655 2163 jaeturam
2704 2093 2869 2151 fecit?
2912 2097 3154 2165 Quanam
3188 2115 3348 2170 porro
3392 2100 3459 2155 de
3485 2116 3641 2157 causa
3676 2118 3808 2172 puer

2215 2199 2429 2255 quoque
2454 2186 2795 2241 sciscitatur?
2822 2186 2982 2243 Certe
3010 2203 3114 2243 non
3132 2189 3274 2259 quod
3301 2192 3612 2247 curiositate
3638 2192 3807 2249 duce-

2216 2286 2387 2342 retur,
2416 2277 2511 2331 sed
2540 2277 2681 2347 quod
2712 2276 2779 2332 de
2825 2278 2912 2345 iis,
2955 2294 3074 2348 qua:
3114 2281 3385 2350 proposita
3421 2293 3575 2336 erant
3600 2324 3615 2347 ,
3646 2285 3810 2337 anxio

2214 2383 2278 2423 ac
2306 2368 2540 2424 sollicito
2583 2371 2766 2425 animo
2803 2380 2966 2427 esset.
2997 2369 3085 2425 Sic
3115 2372 3258 2427 enim
3289 2388 3472 2429 secum
3514 2376 3813 2444 cogitabat,

2216 2459 2316 2513 nisi
2346 2470 2498 2529 pater
2526 2475 2648 2515 eum
2690 2461 3003 2531 participem
3050 2477 3234 2517 earmn
3282 2480 3461 2518 rerum
3500 2481 3618 2535 quzu
3646 2481 3807 2537 gere-

2215 2549 2409 2604 bantur
2432 2550 2688 2606 adhibere
2718 2552 3013 2618 voluisset,
3063 2552 3284 2608 minimc
3324 2554 3587 2610 facturum
3619 2556 3806 2623 fuisse,

2214 2654 2274 2699 ut
2302 2647 2472 2701 servis
2496 2645 2629 2701 infra
2654 2662 2873 2703 manere
2890 2647 3077 2717 jussis,
3099 2648 3269 2718 ipsum
3288 2647 3459 2703 solum
3484 2662 3804 2705 assumeret.

2214 2738 2295 2794 Ob
2323 2738 2481 2809 idque
2510 2749 2620 2793 tum
2651 2739 2883 2809 denique
2934 2741 3103 2809 ipsum
3159 2741 3478 2811 interrogat,
3529 2757 3649 2796 cum
3693 2743 3805 2809 jam

2214 2830 2314 2884 soli
2340 2839 2541 2896 essent,
2563 2846 2663 2885 nec
2684 2831 2970 2901 quisquam
2997 2845 3057 2885 ea
3084 2846 3203 2900 qua:
3224 2830 3538 2886 dicebautur
3561 2832 3767 2887 auditet
3790 2852 3803 2886 :

2216 2928 2361 2975 tanta
2413 2922 2562 2990 pueri
2594 2922 2875 2991 prudentia
2906 2931 3041 2976 erat.
3090 2924 3284 2976 Annon
3326 2936 3534 2987 omnes,
3569 2933 3672 2977 tam
3705 2926 3806 2979 viri

2214 3028 2374 3083 quam
2419 3029 2643 3079 uxores,
2695 3013 3036 3069 incaluistis?
3071 3029 3259 3069 annon
3307 3014 3668 3085 unusquisque
3715 3032 3807 3068 ve.-

2214 3114 2382 3160 strum
2414 3120 2639 3176 puerum
2672 3107 2821 3160 illum
2847 3106 3028 3161 animo
3055 3105 3451 3176 complectitur,
3492 3115 3546 3161 et
3572 3122 3806 3162 exoscu-

2214 3197 2376 3263 latur,
2427 3197 2873 3269 prudentiamque
2918 3198 3162 3268 suscipit,
3192 3208 3352 3268 atque
3400 3199 3568 3269 ipsius
3607 3199 3806 3269 pietate

2213 3296 2604 3354 commovetur,
2637 3304 2742 3359 qua
2784 3289 2946 3345 liebat
2985 3298 3064 3353 ut,
3098 3304 3218 3344 cum
3262 3290 3423 3345 etiam
3461 3290 3807 3360 eclligaretur

2214 3394 2277 3435 ac
2302 3394 2433 3450 rogo
2460 3380 2848 3450 imponeretur,
2876 3394 2981 3435 non
3012 3390 3158 3437 metu
3185 3391 3562 3438 concuteretur
3590 3397 3689 3437 nec
3710 3398 3799 3437 rc-

2214 3471 2386 3526 siliret
2414 3485 2512 3526 nec
2540 3480 2744 3541 patrem
2774 3481 2833 3526 ut
2860 3470 3043 3527 furore
3071 3473 3333 3543 percitum
3362 3484 3675 3540 accusaret;
3708 3490 3807 3530 ve-

2214 3577 2333 3617 rum
2374 3570 2430 3617 et
2456 3562 2684 3617 vinculis
2723 3563 3113 3634 astringeretur
3138 3572 3194 3619 ct
3238 3564 3518 3622 tolleretur
3540 3581 3603 3621 ac
3634 3566 3807 3636 impo—

2215 3662 2453 3721 neretur,
2480 3663 2798 3725 cunctaque,
2818 3655 2964 3710 velut
2990 3669 3161 3727 agnus
3180 3656 3466 3728 quispiam,
3492 3659 3577 3714 vel
3606 3660 3805 3729 potius,

2216 3756 2275 3803 ut
2300 3748 2601 3803 communis
2629 3748 2867 3803 omnium
2896 3749 3153 3804 Dominus
3172 3789 3189 3815 ,
3221 3750 3436 3806 silentio
3474 3751 3681 3808 ferret?
3710 3753 3812 3808 Et-

2220 3840 2365 3894 enim
2390 3839 2534 3894 illius
2554 3838 3016 3895 mansuetudinem
3045 3840 3370 3908 imitabatur,
3390 3856 3453 3897 ac
3474 3842 3695 3913 figuram
3724 3854 3809 3899 tc-

2217 3931 2398 3987 nebat.
2428 3930 2714 3999 Tamquam
2742 3932 2848 3985 ovis
2875 3932 3040 3998 enim,
3065 3934 3256 4003 inquit,
3288 3935 3360 3988 ad
3386 3936 3685 3989 occisionem
3714 3937 3811 3990 du-

2218 4033 2327 4077 ctus
2356 4032 2450 4089 est,
2487 4033 2533 4077 et
2581 4024 2730 4093 quasi
2768 4040 2931 4093 agnus
2974 4040 3145 4078 coram
3190 4025 3426 4079 tondente
3469 4041 3522 4079 se
3559 4027 3809 4082 obmutuit

2219 4113 2371 4187 (fsai.
2401 4114 2580 4186 53.7).
2605 4115 2767 4183 Atqui
2796 4114 3044 4183 loquutus
3073 4126 3156 4170 est
3175 4116 3309 4181 iste;
3343 4131 3464 4172 nam
3482 4126 3537 4173 et
3554 4118 3808 4176 Dominus

2217 4221 2433 4278 quoque
2480 4206 2648 4276 ipsius
2688 4206 2939 4275 loquutus
2991 4214 3074 4261 est
3118 4223 3396 4277 :quonam
3447 4210 3608 4281 igitur
3650 4211 3813 4279 modo

2217 4296 2526 4353 obmutuit?
2553 4297 2667 4353 Hoc
2693 4306 2800 4365 est,
2831 4297 2962 4353 nihil
2990 4313 3268 4369 arrogans,
3302 4300 3433 4354 nihil
3464 4317 3716 4371 asperum
3741 4303 3815 4355 lo-

2219 4402 2417 4461 quutus
2442 4400 2545 4459 est,
2572 4390 2665 4447 sed
2691 4390 2883 4446 blanda
2916 4392 3096 4447 omnia
3125 4401 3181 4447 et
3210 4406 3523 4459 mansueta;
3554 4408 3618 4446 ac
3647 4394 3811 4449 verba

2220 4482 2333 4550 ipsa
2365 4482 2481 4552 plus
2524 4481 2952 4537 mansuetudinis
2991 4496 3101 4551 prae
3142 4497 3200 4536 se
3241 4481 3519 4547 ferebant,
3562 4496 3721 4551 quam
3764 4486 3810 4538 si

2222 4576 2495 4630 tacuisset.
2527 4571 2971 4643 Quandoquidem
3008 4574 3170 4629 etiam
3199 4572 3443 4629 Christus
3479 4573 3709 4643 dicebat,
3750 4577 3813 4633 Si

2220 4667 2353 4721 male
2380 4668 2615 4734 loquutus
2645 4682 2758 4719 sum
2779 4705 2797 4732 ,
2830 4666 3164 4723 testimonium
3204 4667 3407 4737 perltibe
3444 4666 3507 4719 de
3551 4669 3730 4734 malo;
3768 4671 3816 4723 si

2219 4770 2389 4813 autem
2419 4758 2560 4823 bene,
2592 4757 2713 4825 quid
2754 4774 2834 4812 me
2874 4759 3026 4813 cadis
3062 4758 3240 4825 (Joan.
3270 4758 3358 4811 l8.
3386 4756 3515 4827 23)?
3548 4768 3603 4813 et
3631 4770 3815 4815 tamen

2220 4853 2299 4906 sic
2332 4848 2797 4904 mansuetudinem
2829 4864 2980 4905 suam
3010 4850 3178 4919 magis
3204 4847 3528 4913 declaravit,
3566 4865 3726 4921 quam
3767 4854 3829 4907 si

2220 4942 2437 4998 silentio
2464 4954 2591 4995 usus
2620 4939 2826 4996 fuisset.
2861 4941 2930 4996 Et
2959 4949 3015 4995 ut
3048 4938 3133 4994 hic
3161 4939 3295 5007 patri
3320 4953 3385 4994 ex
3412 4941 3593 5009 altari,
3624 4942 3705 4997 sic
3726 4944 3825 5001 illo

2220 5034 2381 5089 etiam
2413 5046 2445 5087 e
2482 5045 2643 5088 cruce
2684 5032 2939 5103 loquitur,
2973 5029 3153 5093 Pater,
3187 5029 3384 5086 dimitte
3407 5031 3530 5097 illis,
3565 5033 3687 5101 quia
3722 5050 3822 5088 ne-

2222 5128 2387 5181 sciunt
2410 5125 2533 5195 quid
2559 5127 2753 5199 faciunt
2784 5123 2937 5196 (Luc.
2968 5121 3061 5176 25.
3087 5121 3200 5192 54).
3242 5122 3381 5190 Quid
3420 5123 3579 5195 igitur
3614 5123 3681 5178 ad
3711 5123 3818 5180 ista

2221 5220 2565 5291 patriarcha?
2597 5219 2740 5274 Deus
2765 5215 3040 5289 providebit
3067 5216 3160 5270 sibi
3193 5218 3447 5272 victimam
3472 5218 3525 5270 in
3561 5217 3819 5274 holocau-

2222 5323 2377 5381 stum,
2406 5313 2483 5381 ﬁti
2506 5312 2661 5382 (Gen.
2692 5308 2783 5363 22.
2815 5306 3134 5379 8).Uterque
3161 5314 3364 5365 natura:
3379 5310 3637 5365 vocabula
3658 5327 3824 5367 usur-

2219 5415 2313 5477 pat
2336 5423 2350 5461 :
2382 5406 2473 5461 ille
2503 5405 2739 5467 Patrem,
2767 5402 2854 5455 hic
2879 5400 3042 5456 lilium
3068 5411 3239 5457 vocat.
3268 5402 3346 5454 Ac
3366 5414 3526 5470 grave
3543 5402 3822 5467 utrimque

2222 5497 2422 5554 bellum
2451 5495 2736 5557 excitatur,
2766 5502 2928 5562 atque
2954 5493 3142 5562 ingens
3175 5499 3502 5559 tempestas;
3540 5505 3820 5560 nusquam

2223 5601 2402 5644 tamen
2446 5584 2778 5655 naufragium
2809 5598 2824 5636 :
2869 5580 3203 5653 philosophia
3234 5581 3377 5635 enim
3409 5581 3590 5635 omnia
3624 5579 3817 5635 vineit.

2222 5681 2424 5738 Deinde
2452 5688 2510 5734 ut
2538 5678 2629 5732 Dei
2674 5690 2871 5733 nomen
2902 5673 3128 5738 audivit,
3161 5673 3368 5728 nullum
3408 5674 3547 5727 ultra
3584 5676 3818 5728 verbum

2222 5773 2447 5838 addidit,
2473 5784 2575 5826 nec
2593 5769 2857 5825 curiosius
2881 5766 3158 5837 inquisivit
3183 5782 3198 5818 :
3228 5779 3397 5835 usque
3415 5764 3552 5819 adeo
3567 5755 3823 5833 prudens

2225 5876 2340 5923 erat
2368 5865 2454 5919 hic
2482 5878 2633 5934 puer,
2664 5861 2822 5933 idque
2862 5860 2917 5915 in
2956 5860 3071 5930 ipso
3097 5856 3268 5915 aetatis
3296 5855 3448 5913 ﬂore.
3496 5854 3657 5913 Vides
3684 5868 3822 5928 quot
