4028 6222
394 456 497 514 MS

396 577 571 629 πάντα
602 575 665 647 τῇ
696 571 902 627 ἐκείνου
921 576 1071 645 φωνῇ
1102 573 1433 645 διηκόνηται.
1458 578 1658 631 Σκόπει
1676 576 1733 629 δέ
1754 595 1765 607 ·
1803 573 1958 640 Εἷπε,

394 665 623 737 Σφάξον,
656 666 750 718 καὶ
811 664 1013 728 εὐθέως
1053 665 1322 729 ὡπλίζετο
1348 683 1360 695 ·
1404 663 1546 730 εἷπε,
1594 668 1685 738 Μὴ
1731 668 1960 739 σφάξῃς.

393 761 483 812 καὶ
512 758 714 820 εὐθέως
756 757 1124 826 ἀφωπλίζετο’
1168 759 1262 812 καὶ
1295 758 1401 829 γὰρ
1430 754 1497 829 ἦν
1523 759 1698 812 πάντα
1731 761 1964 829 ἀπηρτι-

394 849 585 919 σμένα.
634 850 741 901 Kal
787 849 994 901 ἐδείκνυ
1048 849 1287 902 λοιπὸνό
1334 848 1465 912 Θεὸς
1494 850 1584 902 τὸν
1622 850 1961 920 στρατιώτην

389 943 484 994 καὶ
524 940 829 1012 στρατηγὸν
886 943 953 1009 τῇ
996 940 1316 1012 οἰκουμένῃ,
1372 940 1463 993 τὸν
1513 940 1843 1011 στεφανίτην
1883 940 1962 1011 τῷ

389 1032 603 1104 θεάτρῳ
630 1032 737 1085 τῶν
788 1033 1058 1100 ἀγγέλων,
1090 1032 1182 1086 τὸν
1214 1033 1384 1102 ἱερέα,
1430 1034 1522 1084 τὸν
1574 1031 1821 1101 βασιλέα,
1870 1031 1961 1084 τὸν

386 1124 712 1194 διαδήματος
760 1124 957 1194 μᾶλλον
991 1127 1055 1194 τῇ
1091 1123 1335 1194 μαχαίρᾳ
1377 1122 1833 1193 στεφανούμενον,
1870 1122 1957 1176 τὸν

387 1215 770 1286 τροπαιοῦχον,
804 1215 894 1268 τὸν
949 1215 1199 1286 ἀριστέα,
1236 1215 1327 1267 τὸν
1374 1216 1543 1285 χωρὶς
1574 1213 1849 1283 συμϐολῆς
1879 1232 1960 1266 νι-

388 1309 581 1380 κητήν.
610 1309 720 1362 Kal
757 1308 866 1377 γάρ
901 1306 1088 1378 ὥσπερ
1117 1306 1182 1360 ἂν
1209 1307 1262 1358 εί
1294 1324 1377 1370 τις
1406 1307 1709 1376 στρατηγὸς
1736 1307 1959 1376 ἀριστον

386 1398 526 1468 ἔχων
560 1396 917 1469 στρατιώτην,
944 1396 1053 1450 ἀπὸ
1076 1397 1175 1468 τῆς
1199 1396 1533 1463 ὁπλοδεξιᾶς,
1564 1395 1674 1450 ἀπὸ
1701 1396 1799 1467 τῆς
1826 1396 1958 1448 στά-

388 1488 682 1553 σεως,ἀπὸ
724 1487 821 1555 τῆς
876 1486 1066 1557 ῥώμης
1102 1487 1467 1556 καταπλήξειε
1515 1488 1607 1540 τὸν
1650 1488 1955 1540 ἀντίδικον*

384 1576 642 1632 οὕτωκαὶ
688 1578 716 1630 6
756 1577 907 1641 Θεὸς,
947 1578 1054 1630 άπὸ
1079 1577 1180 1647 τῆς
1204 1577 1449 1647 γνώμης,
1479 1578 1699 1631 ἀπὸτοῦ
1738 1579 1955 1648 σχήμα-

383 1686 494 1735 τος,
524 1668 634 1721 ἀπὸ
655 1669 755 1739 τῆς
786 1668 1027 1731 στάσεως
1069 1669 1235 1739 μόνης
1267 1668 1360 1721 τοῦ
1389 1669 1601 1722 δικαίου
1641 1669 1729 1721 τὸν
1780 1670 1957 1723 κοινὸν

383 1760 638 1814 ἀπάντων
659 1759 819 1831 ἡμῶν
848 1759 1040 1831 ἐχθρὸν
1073 1759 1320 1814 διάϐολον
1350 1758 1655 1829 κατέπληξε
1687 1761 1782 1813 καὶ
1821 1762 1955 1830 ἐφυ-

381 1851 628 1919 γάδευσε.
645 1851 754 1905 Καὶ
777 1852 885 1922 γάρ
906 1847 1055 1919 οἶμαι
1089 1853 1340 1905 κάκεῖνον
1368 1851 1489 1904 τότε
1531 1850 1795 1922 φρίξαντα
1821 1853 1955 1906 ἀνα-

380 1944 649 2015 χωρῆσαι.
702 1945 764 1997 Εί
813 1944 870 1998 δέ
918 1944 1067 2012 λέγοι
1103 1960 1210 2007 τις·
1272 1943 1385 1997 Kal
1432 1943 1578 2007 τίνος
1628 1944 1816 1997 ἕνεκεν
1854 1944 1956 1997 οὐκ

381 2038 531 2090 είασε
564 2036 925 2107 βαπτισθῆναι
946 2036 1044 2107 τὴν
1070 2035 1271 2101 δεξιὰν,
1298 2032 1417 2090 εἷτα
1451 2036 1647 2107 ἀθρόον
1686 2037 1953 2108 ἀνέστησε

379 2126 471 2179 τὸν
496 2127 929 2196 σφαγιασθέντας
963 2126 1085 2179 Ὀτι
1131 2125 1253 2197 Θεῷ
1282 2126 1445 2196 θέμις
1478 2127 1579 2180 οὐκ
1627 2123 1697 2199 ἦν
1744 2128 1955 2198 αἵματα

376 2214 628 2286 δέχεσθαι
656 2215 903 2279 τοιαῦτα,
924 2215 1062 2269 ἀλλά
1090 2214 1241 2286 [452]
1269 2216 1588 2287 ἀλαστόρων
1622 2216 1893 2287 δαιμόνων
1917 2219 1952 2289 ή

376 2306 598 2378 τοιαύτη
634 2305 901 2378 τράπεζαν⁵
930 2306 1195 2361 Ἐνταῦθα
1224 2307 1281 2360 δέ
1322 2307 1611 2378 ἀμφότερα
1650 2308 1949 2375 ἐδείκνυτο,

377 2398 473 2450 καὶ
502 2398 534 2467 ή
563 2395 653 2449 τοῦ
685 2397 956 2450 Δεσπότου
1003 2394 1387 2466 φιλανθρωπία
1426 2396 1519 2448 καὶ
1555 2396 1589 2467 ή
1630 2396 1725 2448 τοῦ
1763 2394 1951 2448 δούλου

376 2486 786 2557 εὐγνωμοσύνη.
809 2487 918 2540 Καὶ
942 2485 1207 2557 πρότερον
1227 2484 1324 2556 μέν
1341 2483 1562 2555 ἐξῆλθεν
1582 2484 1688 2537 ἀπὸ
1701 2484 1800 2554 τῆς
1825 2484 1951 2553 γῆς’

374 2580 499 2634 τότε
548 2580 605 2633 δέ
638 2580 746 2634 ἀπὸ
780 2581 880 2650 τῆς
905 2576 1124 2647 φύσεως
1157 2577 1326 2645 αὐτῆς
1360 2576 1699 2648 ἀνεχώρησε.
1730 2576 1822 2629 Διὸ
1858 2575 1954 2629 καὶ

375 2669 536 2723 ἔλαϐε
567 2670 705 2740 μετά
740 2665 903 2720 τόκου
931 2667 995 2719 τὸ
1019 2666 1337 2735 κεφάλαιονο
1369 2665 1464 2719 καὶ
1506 2666 1653 2736 μάλα
1685 2664 1912 2727 είκότως
1934 2678 1949 2694 ·

375 2760 550 2815 εἵλετο
583 2757 691 2829 γάρ
729 2761 804 2827 μὴ
833 2757 1103 2827 κληθῆναι
1128 2756 1335 2827 πατὴρ,
1368 2755 1509 2808 ὥστε
1538 2754 1725 2818 δοῦλος
1749 2754 1953 2822 εὐγνώ-

378 2868 494 2921 μων
524 2851 782 2921 φανῆναι.
837 2847 937 2901 Διά
971 2848 1132 2901 τοῦτο
1183 2847 1304 2916 οὐχὶ
1355 2846 1535 2918 πατὴρ
1580 2846 1763 2917 μόνον,
1812 2844 1952 2900 ἀλλά

374 2942 470 2995 καὶ
498 2941 676 3012 ίερεὺς
704 2938 945 3008 ἐγίνετο·
977 2940 1073 2993 καὶ
1117 2939 1305 3008 ἐπειδὴ
1349 2938 1561 3009 ἀπέστη
1607 2937 1715 2991 τῶν
1753 2936 1950 2991 ἐαυτοῦ

373 3034 464 3088 διὰ
484 3034 577 3088 τὸν
599 3034 751 3096 Θεὸν,
783 3032 873 3087 διά
897 3033 1058 3087 τοῦτο
1096 3033 1190 3086 καὶ
1218 3034 1246 3085 6
1274 3030 1405 3094 Θεὸς
1430 3030 1570 3101 μετὰ
1599 3030 1804 3084 τούτων
1834 3031 1954 3101 ἐχα-

376 3125 566 3198 ρίσατο
596 3124 744 3198 αὐτῷ
772 3126 866 3179 καὶ
889 3125 959 3178 τὰ
988 3123 1174 3178 αὐτοῦ.
1205 3124 1378 3175 Ὅταν
1426 3122 1525 3193 μὲν
1561 3119 1656 3176 οὖν
1699 3122 1952 3193 πολέμιοι

373 3216 787 3284 ἐπιϐουλεύωσι,
818 3216 911 3270 καὶ
939 3216 1102 3287 μέχρι
1122 3216 1221 3286 τῆς
1244 3215 1443 3285 πείρας
1465 3214 1679 3283 πρόεισι
1703 3212 1949 3283 θαυματ-

372 3309 588 3382 ουργῶν
608 3324 625 3341 ο
690 3304 801 3363 οἷον
848 3308 942 3362 ἐπὶ
974 3309 1074 3379 τῆς
1114 3308 1372 3376 καμίνου,
1414 3305 1510 3359 καὶ
1548 3303 1657 3358 τῶν
1684 3302 1947 3357 λεόντωνο

372 3403 502 3455 ὃταν
522 3400 595 3453 ιδέ
621 3400 783 3462 αὐτὸς
817 3398 1106 3470 ἐπιτάττῃ,
1137 3395 1301 3469 μέχρι
1330 3394 1641 3468 προθυμίας
1676 3394 1859 3465 ἵστησι
1887 3394 1949 3449 τὸ

372 3491 675 3561 ἐπίταγμα.

443 3670 511 3733 ζ’.
526 3668 591 3721 Τί
618 3669 726 3740 γὰρ
751 3667 982 3731 ἔλειπεν,
1005 3665 1127 3719 είπέ
1150 3681 1265 3735 μοι,
1281 3666 1347 3735 τῇ
1372 3664 1624 3734 ἀριστεία
1643 3662 1815 3735 ταύτῃ
1835 3662 1947 3715 λοι-

372 3762 508 3827 πόν;
538 3760 612 3832 μὴ
644 3760 754 3831 γάρ
781 3758 1002 3830 προῄδει
1024 3758 1085 3811 τὸ
1111 3755 1305 3828 μέλλον
1335 3757 1363 3807 6
1406 3755 1691 3825 ’Δϐραάμς
1727 3754 1802 3825 μὴ
1840 3755 1949 3825 γάρ

371 3853 819 3925 ἐπραγματεύετο
846 3852 938 3905 τοῦ
967 3850 1101 3905 Θεοῦ
1124 3850 1223 3919 τὴν
1255 3847 1701 3919 φιλανθρωπίαν;
1736 3848 1799 3902 El
1838 3847 1948 3918 γάρ

372 3944 467 3997 xal
501 3944 785 4016 προφήτης
823 3937 912 4011 ἦν,
945 3939 1061 3993 ἀλλ’
1092 3939 1154 3993 οὐ
1184 3939 1363 3993 πάντα
1403 3939 1432 3991 6
1456 3940 1752 4009 ⁴προφήτης
1783 3934 1943 3993 οἶδεν.

372 4036 535 4089 Ὥστε
571 4034 799 4106 περιττὴ
822 4032 1008 4086 λοιπὸν
1032 4028 1099 4105 ἦν
1132 4034 1166 4104 ή
1197 4031 1396 4103 σφαγὴ,
1437 4032 1532 4085 καὶ
1569 4031 1763 4095 ἀναξία
1787 4030 1941 4087 Θεοῦ.

370 4130 435 4184 Εἰ
457 4128 515 4182 δέ
546 4128 652 4180 ἔδει
688 4126 899 4196 μαθεῖν,
933 4126 1015 4180 ὅτι
1049 4128 1114 4179 ἐκ
1147 4127 1357 4195 νεκρῶν
1391 4125 1625 4195 ἐγείρειν
1654 4124 1879 4188 δυνατὸς
1916 4127 1945 4179 6

369 4219 522 4283 Θεὸς,
555 4218 662 4270 ἀπὸ
706 4218 803 4286 τῆς
833 4217 1049 4287 μήτρας
1097 4215 1279 4284 πολλῷ
1312 4215 1751 4288 θαυμαστότερον
1787 4216 1945 4271 τοῦτο

368 4310 561 4382 ἐμαθεο
606 4309 804 4380 μᾶλλον
835 4309 915 4372 δὲ,
947 4308 1040 4361 καὶ
1083 4307 1190 4380 πρὸ
1217 4306 1317 4377 τῆς
1340 4308 1671 4373 ἀποδείξεως
1704 4309 1940 4380 ἐκείνης.

370 4403 558 4466 πιστὸς
580 4402 689 4472 γὰρ
718 4397 808 4473 ἦν.
840 4400 912 4453 Σὺ
943 4399 1001 4452 δὲ
1028 4398 1102 4471 μὴ
1125 4399 1369 4470 θαύμαζε
1396 4399 1487 4453 τὸν
1513 4399 1720 4453 δίκαιον
1759 4401 1941 4471 μόνον,

367 4494 503 4549 ἀλλά
529 4495 621 4548 καὶ
652 4494 834 4565 ζήλουο
883 4494 976 4546 καὶ
1001 4494 1142 4562 ὁρῶν
1181 4492 1343 4545 αὐτὸν
1371 4492 1429 4544 ἐν
1456 4490 1696 4563 τοσούτῳ
1728 4492 1943 4563 θορύϐῳ

368 4583 465 4638 καὶ
504 4581 643 4656 ζάλῃ
673 4583 955 4653 κυμάτων,
1000 4582 1075 4644 ὡς
1114 4582 1173 4635 ἐν
1196 4581 1406 4654 γαλήνῃ
1438 4572 1695 4647 πλέοντα,
1739 4582 1941 4653 ὁμοίιος

368 4674 464 4727 καὶ
488 4674 553 4727 σὺ
577 4673 957 4745 μεταχειρίζου
980 4672 1079 4741 τῆς
1104 4673 1349 4744 ὑπακοῆς
1374 4673 1467 4726 καὶ
1484 4674 1583 4745 τῆς
1606 4674 1857 4744 ἀνδρείας
1881 4675 1942 4728 τὸ

368 4765 650 4837 πηδάλιον.
681 4765 772 4835 Μὴ
794 4769 902 4836 γάρ
938 4756 1032 4833 μοι’
1051 4764 1209 4818 τοῦτο
1235 4766 1397 4837 εἴπῃς
1432 4764 1614 4835 μόνον.
1641 4766 1724 4818 ὅτι
1753 4765 1943 4820 θυσια-

370 4858 591 4929 στήριον
620 4857 960 4929 ᾠκοδόμησε,
993 4856 1088 4909 καὶ
1114 4855 1183 4908 τά
1211 4854 1367 4922 ξύλα·
1400 4856 1536 4911 ἀλλά
1560 4858 1941 4929 ἀναμνήσθητι

367 4952 463 5005 καὶ
500 4951 598 5021 τῆς
629 4952 812 5021 φωνῆς
836 4947 928 5002 τοῦ
959 4950 1193 5015 παιδίου,
1227 4951 1321 5003 καὶ
1346 4948 1561 5017 λόγισαι
1594 4950 1757 5002 πόσαι
1783 4950 1941 5019 νιφά-

366 5047 454 5109 δες
487 5043 723 5115 ἐπῆλθον
755 5042 901 5113 αὐτῷ
952 5042 1326 5113 στρατοπέδων
1366 5040 1805 5113 ἐκδειματοῦσαι,
1851 5042 1941 5095 δτε

366 5138 567 5208 ήκουσε
598 5137 693 5192 τοῦ
720 5138 931 5191 παιδίου
974 5137 1221 5205 λέγοντος
1256 5138 1284 5188 6
1306 5137 1511 5211 πατήρο
1550 5137 1621 5189 Τὸ
1645 5137 1941 5205 πρόϐατον

366 5228 521 5295 nmio;
546 5230 798 5299 ἐννόησον
838 5230 993 5284 πόσοι
1035 5229 1156 5282 τότε
1198 5228 1528 5298 ἐκινήθησαν
1569 5227 1840 5300 λογισμοὶ,
1874 5229 1935 5281 οὐ

368 5321 592 5391 σιδήρῳ,
647 5320 783 5373 ἀλλά
837 5320 1109 5388 φλογίνοις
1162 5320 1381 5389 δόρασιν
1430 5316 1784 5386 ὠπλισμένοι,
1844 5320 1937 5373 καὶ

366 5409 632 5465 πάντοθεν
659 5409 1112 5471 κατακεντοῦντες
1133 5407 1293 5461 αὐτὸν
1317 5406 1411 5460 καὶ
1442 5403 1841 5473 διατέμνοντες.
1876 5407 1939 5460 Εί

366 5504 470 5577 γὰρ
511 5501 602 5557 καὶ
648 5498 742 5552 νῦν
794 5496 1173 5551 κατακλῶνται
1222 5498 1407 5550 πολλοὶ
1448 5498 1541 5550 καὶ
1589 5497 1663 5565 μὴ
1696 5495 1933 5567 πατέρες

364 5596 536 5658 δντες,
582 5591 673 5647 καὶ
702 5589 1028 5660 ἐδάκρυσαν,
1062 5588 1110 5639 εί
1140 5586 1213 5657 μὴ
1246 5588 1305 5640 τὸ
1337 5589 1488 5652 τέλος
1525 5586 1765 5659 ᾔδεισανο
1804 5589 1931 5641 πολι

365 5686 488 5750 λυύς
523 5685 601 5749 δέ,
647 5682 820 5738 καίτοι
869 5679 1027 5733 τοῦτο
1078 5678 1307 5740 εἰδότας,
1352 5679 1686 5749 δακρύοντας
1714 5678 1845 5749 ὁρῶ.
1882 5681 1937 5733 τί

365 5778 594 5847 πάσχειν
622 5777 827 5833 ἐκεῖνον
860 5770 1005 5833 είκὸς
1029 5764 1117 5841 ἦν,
1142 5769 1232 5821 τὸν
1260 5770 1423 5823 αὐτὸν
1454 5774 1810 5842 γεννήσαντα,
1840 5773 1933 5827 τὸν

366 5872 661 5945 θρέψαντα.
690 5870 779 5923 τὸν
808 5869 866 5919 ἐν
908 5865 1077 5935 γήρα,
1119 5856 1208 5916 τὸν
1246 5864 1404 5933 μόνον
1439 5863 1629 5933 ἔχοντα
1665 5862 1925 5930 τοιοῦτον,

1429 464 1497 520 ΙΝ
1539 465 1759 522 EPIST.
1794 463 1839 518 ll
1875 464 1967 519 AD
2008 464 2164 521 COll.
2208 464 2440 523 HOMIL.
2475 466 2562 525 Ill.

3527 477 3630 531 ιισ

2067 575 2159 629 τὸν
2185 576 2416 647 ὁρῶντα,
2444 578 2535 632 τὸν
2568 577 2852 647 ἀκούοντα,
2881 580 2972 635 τὸν
2995 580 3197 647 εὐθέως
3236 584 3495 653 μέλλοντα
3536 590 3633 641 ἀν-

2064 670 2270 736 αιρεῖν;
2295 669 2377 731 τίς
2402 670 2437 739 ἠ
2467 670 2682 734 σύνεσις
2721 672 2830 724 τῶν
2855 674 3139 744 ῥημάτων,
3207 676 3252 738 ῖς
3291 680 3324 747 ὴ
3360 678 3634 734 ἐπιείκεια

2063 760 2160 829 τῆς
2182 761 2459 827 πεύσεωςς
2500 764 2595 827 Τίς
2620 766 2726 836 ἄρα
2760 766 2789 816 6
2822 766 3054 837 ἐνεργῶν
3080 810 3095 833 ,
3130 771 3158 821 6
3182 769 3444 834 διάϐολος,
3490 773 3633 825 ὥστε

2064 850 2341 919 ἐμπρῆσαι
2374 851 2470 923 τὴν
2510 854 2706 921 φύσιν;
2746 856 2837 926 Μὴ
2872 858 3103 923 γένοιτο,
3141 858 3253 911 ἀλλ’
3291 862 3317 912 ὁ
3354 861 3506 924 Θεὸς,
3548 864 3635 915 ἴνα

2066 940 2265 1007 μᾶλλον
2308 940 2575 1014 βασανίσῃ
2615 946 2715 1015 τὴν
2770 946 2991 1017 χρυσῆν
3034 946 3126 999 τοῦ
3176 948 3383 1003 δικαίου
3430 952 3629 1022 ψυχήν.

2065 1030 2232 1084 Ὅταν
2265 1032 2363 1101 μὲν
2393 1033 2501 1104 γάρ
2532 1036 2564 1103 ή
2595 1036 2733 1106 γυνὴ
2758 1035 3063 1107 φθέγγηται
3097 1038 3191 1092 τοῦ
3224 1041 3363 1106 Ἰὼϐ,
3392 1043 3633 1108 διάϐολος

2062 1123 2292 1191 ἐνεογεῖο
2341 1124 2566 1195 τοιαύτη
2608 1126 2713 1195 γάρ
2756 1128 2790 1193 ἡ
2832 1128 3139 1200 συμϐουλή·
3188 1126 3339 1194 οὗτος
3382 1133 3437 1185 δέ
3482 1135 3633 1186 οὐδὲν

2066 1210 2380 1289 βλάσφημον
2409 1216 2727 1284 φθέγγεται,
2761 1218 2897 1271 ἀλλά
2932 1220 3024 1272 καὶ
3054 1221 3258 1291 σφόδρα
3288 1224 3507 1288 εὐσεϐὲς
3537 1227 3634 1278 καὶ

2064 1306 2563 1375 μεμεριμνημένοψ
2610 1307 2705 1360 καὶ
2756 1308 2924 1380 πολλὴ
2962 1312 2993 1380 ή
3042 1312 3199 1381 χάρις
3246 1314 3469 1384 ἐπήνθει
3518 1320 3629 1381 τοῖς

2062 1390 2292 1463 ῥήμασι,
2319 1396 2451 1449 πολὺ
2477 1396 2540 1448 τὸ
2579 1397 2701 1467 μέλι
2724 1397 2832 1451 τῶν
2856 1398 3028 1467 λόγων
3061 1402 3362 1467 ἀπέσταξεν
3390 1405 3498 1457 ἀπὸ
3532 1423 3632 1474 γα-

2059 1482 2227 1555 λήνης
2274 1486 2370 1538 καὶ
2404 1486 2610 1559 ήμέρου
2658 1489 2779 1559 ῥέον
2821 1489 3016 1562 ψυχῆς·
3071 1493 3163 1546 καὶ
3208 1494 3416 1558 λιθίνην
3474 1497 3635 1551 ίκανά

2059 1572 2234 1626 ταῦτα
2260 1569 2329 1643 ἦν
2363 1576 2601 1644 μαλάξαι
2648 1577 2888 1632 διάνοιαν
2922 1579 3071 1653 [453]
3107 1582 3174 1635 τά
3217 1585 3454 1654 ῥήματα.
3494 1587 3635 1639 Ἀλλ’

2058 1662 2118 1713 οὐ
2149 1661 2239 1714 τὸν
2265 1663 2546 1733 ἀδάμαντα
2574 1665 2782 1719 ἐκεῖνον
2808 1668 3187 1739 περιέτρεψεν,
3209 1670 3325 1723 ἀλλ’
3347 1671 3465 1723 οὐδὲ
3494 1671 3633 1725 έσει-

2061 1766 2173 1813 σεν,
2194 1750 2316 1803 οὐδὲ
2346 1744 2490 1804 εἷπε⁹
2522 1751 2587 1805 Τί
2616 1753 2828 1825 πατέρα
2848 1754 3035 1818 καλεῖς
3059 1757 3153 1810 τὸν
3185 1756 3381 1827 μικρὸν
3410 1757 3636 1831 ὕστερον

2058 1843 2158 1896 οὐκ
2187 1842 2447 1914 ἐσόμενόν
2496 1862 2590 1897 σου
2626 1845 2863 1915 πατέρα,
2899 1846 2991 1898 τὸν
3036 1846 3136 1918 ήδη
3181 1848 3388 1918 ταύτην
3437 1850 3635 1903 ἀπολέ-

2061 1949 2231 1987 σαντα
2263 1934 2361 2004 τὴν
2384 1936 2550 2006 τιμήν
2572 1954 2586 2002 ;
2612 1936 2769 2000 Τίνος
2788 1937 2843 1990 δέ
2872 1937 3055 1990 ἐνεκεν
3087 1939 3179 1992 καὶ
3209 1942 3236 1993 6
3260 1944 3389 2004 παῖς
3414 1943 3629 2013 ἐρωτᾷς

2058 2025 2132 2077 Οὐ
2172 2024 2670 2097 περιεργαζόμενος
2717 2027 2904 2093 ἀπλῶς
2952 2029 3070 2082 οὐδὲ
3130 2029 3630 2101 πολυπραγμονῶν,

2058 2115 2172 2168 ἀλλ’
2200 2117 2449 2185 ἀγωνιῶν
2482 2118 2621 2190 ὑπὲρ
2646 2120 2755 2172 τῶν
2785 2121 3183 2199 προκειμένων.
3224 2122 3335 2174 Kal
3389 2125 3496 2196 γὰρ
3541 2126 3633 2177 ἐν-

2062 2206 2207 2260 ενόει
2236 2208 2339 2274 ὅτι,
2367 2210 2417 2263 εί
2451 2210 2526 2281 μὴ
2555 2210 2806 2264 ἐϐούλετο
2834 2210 3017 2266 λαϐεῖν
3055 2215 3306 2267 κοινωνὸν
3341 2214 3448 2267 τῶν
3482 2233 3633 2284 γινο-

2058 2298 2256 2367 μένων,
2279 2300 2382 2353 οὐκ
2406 2301 2472 2354 ἂν
2500 2302 2627 2366 τοὺς
2663 2305 2761 2372 μέν
2795 2305 2987 2369 παῖδας
3020 2306 3198 2377 ἀφῆκε
3237 2307 3386 2361 κάτω
3423 2309 3626 2377 μένειν,

2054 2388 2217 2441 αὐτὸν
2246 2389 2303 2442 δέ
2327 2390 2489 2458 μόνον
2518 2394 2817 2465 παρέλαϐε.
2844 2398 2943 2449 Διά
2964 2396 3028 2468 δή
3052 2396 3209 2451 τοῦτο
3235 2399 3329 2452 καὶ
3360 2399 3447 2452 ὅτε
3477 2399 3630 2469 μόνοι

2054 2479 2331 2547 γεγόνασι,
2369 2481 2492 2534 τότε
2529 2482 2693 2536 αὐτὸν
2724 2485 2926 2555 ἐρωτᾷ,
2966 2486 3056 2539 ὅτε
3099 2488 3275 2552 οὐδεὶς
3316 2490 3482 2560 ήκουτ
3519 2490 3631 2542 τῶν

2054 2569 2381 2641 λεγομένων
2416 2573 2653 2645 τοσαύτη
2681 2572 2775 2627 τοῦ
2804 2576 2997 2640 παιδὸς
3048 2579 3080 2647 ή
3123 2578 3337 2642 σύνεσις
3366 2577 3453 2652 ἦν.
3481 2577 3629 2652 *Αρα

2055 2661 2117 2713 οὐ
2151 2660 2577 2734 διεθερμάνθητε
2612 2662 2835 2730 πάντες,
2868 2665 2963 2718 καὶ
2987 2666 3180 2738 ἀνδρες
3219 2669 3311 2718 καὶ
3338 2673 3626 2735 γυναῖκες;

2053 2752 2175 2823 οὐχὶ
2226 2754 2457 2818 ἕκαστος
2496 2756 2650 2826 ὐμῶν
2697 2758 3128 2829 περιπτύσσεται
3172 2762 3239 2830 τῇ
3276 2759 3485 2830 διανοίᾳ
3535 2764 3631 2814 καὶ⁵

2053 2844 2349 2915 καταφιλεῖ
2368 2847 2429 2899 τὸ
2453 2848 2687 2913 παιδίον,
2719 2850 2815 2902 καὶ
2847 2848 3117 2919 θαυμάζει
3145 2852 3242 2922 τὴν
3272 2852 3507 2915 σύνεσιν,
3537 2853 3633 2905 καὶ

2054 2936 2284 2990 αἰδεῖται
2323 2936 2423 3009 τὴν
2455 2937 2763 2999 εὐλάϐειαν,
2798 2939 2919 3007 μεθ’
2948 2937 3015 3010 ἦς
3043 2943 3137 2995 καὶ
3168 2944 3629 3016 συμποδιζόμενος

2055 3028 2150 3081 καὶ
2189 3028 2282 3081 ἐπὶ
2319 3031 2431 3091 τοῖς
2471 3027 2649 3095 ξύλοις
2687 3028 3082 3100 ἐπιτιθέμενος,
3115 3034 3214 3087 οὐκ
3252 3035 3630 3107 ἐξεπλήττετο,

2054 3118 2155 3173 οὐκ
2184 3120 2432 3191 ἐσκίρτα,
2468 3120 2529 3173 οὐ
2560 3121 2932 3190 κατεγίνωσκε
2960 3124 3054 3175 τοῦ
3088 3125 3293 3195 πατρὸς
3327 3128 3402 3191 ὡς
3443 3146 3632 3198 μαινο-

2056 3210 2242 3281 μένου,
2284 3212 2421 3265 ἀλλά
2449 3215 2545 3267 καὶ
2584 3215 2865 3285 ἐδεσμεῖτο
2903 3217 2995 3268 καὶ
3024 3216 3376 3283 ἀνεϐιϐάζετο
3410 3224 3505 3275 καὶ
3533 3226 3631 3277 ἐπ-

2053 3302 2281 3368 ετίθετο,
2314 3305 2409 3357 καὶ
2432 3305 2609 3359 πάντα
2641 3306 2804 3377 ἔφερε
2832 3311 2979 3379 σιγῇ,
3007 3309 3260 3381 καθάπερ
3286 3329 3369 3376 τις
3390 3315 3625 3384 ἀρνειὸς,

2057 3394 2257 3466 μᾶλλον
2279 3395 2358 3460 δέ,
2389 3396 2640 3470 καθάπερ
2660 3400 2689 3451 6
2724 3400 2899 3464 κοινὸς
2929 3402 3145 3456 πάντων
3171 3406 3446 3477 Δεσπότη,
3472 3426 3486 3474 ;
3516 3410 3629 3463 Καὶ

2052 3484 2163 3556 γὰρ
2199 3486 2408 3539 ἐκείνου
2443 3489 2696 3558 ἐμιμεῖτο
2728 3490 2828 3561 τὴν
2856 3492 3178 3559 ἐπιείκειαν,
3214 3498 3307 3549 καὶ
3338 3498 3429 3550 τὸν
3460 3499 3629 3555 τύπον

2053 3577 2369 3645 ἐφύλαττεν·
2422 3580 2516 3645 Ὠς
2546 3582 2845 3649 πρόϐατον
2889 3583 2997 3655 γάρ
3034 3586 3132 3637 ἐπὶ
3170 3589 3418 3658 σφαγὴν
3449 3590 3627 3659 ἤχθη,

2052 3670 2149 3723 καί
2170 3670 2251 3735 ὠς
2275 3670 2466 3740 ἀμνὸς
2494 3672 2773 3727 ἐναντίον
2800 3674 2907 3728 τοῦ
2938 3677 3239 3745 κείροντος
3266 3682 3451 3735 αὐτὸν
3473 3686 3630 3753 ἄφω-

2050 3776 2191 3826 νος.⁴
2218 3762 2411 3815 Καίτοι
2451 3777 2515 3828 γε
2550 3763 2849 3831 ἐφθέγξατο
2885 3760 3058 3829 οὗτος
3090 3772 3181 3820 καὶ
3211 3771 3320 3840 γὰρ
3348 3774 3440 3826 καὶ
3472 3776 3497 3825 6
3533 3779 3630 3826 Δε-

2053 3853 2255 3924 σπότης
2311 3851 2476 3906 αὐτοῦ
2520 3854 2838 3922 ἐφθέγξατο·
2889 3858 3007 3921 πῶς
3048 3856 3139 3911 οὖν
3175 3861 3424 3929 ἄφωνος,
3458 3867 3626 3920 Τουτ..

2051 3943 2219 4007 ἐστιν,
2247 3942 2401 3996 οὐδὲν
2435 3942 2665 4007 αὐθαδες
2697 3940 2871 4011 εἶπεν,
2903 3947 3025 3999 οὐδὲ
3058 3950 3251 4018 τραχὺ.
3283 3951 3417 4005 ἀλλά
3449 3955 3627 4008 πάντα

2049 4035 2229 4105 ήμερα
2252 4034 2343 4087 καὶ
2366 4037 2634 4107 προσηνῆ,
2660 4039 2751 4091 καὶ
2777 4039 2978 4107 μᾶλλον
3000 4040 3099 4109 τῆς
3122 4042 3279 4109 σιγῆς
3310 4045 3378 4095 τὰ
3400 4045 3621 4114 ῥήματα

2049 4124 2147 4195 τὴν
2181 4124 2483 4178 ἐπιείκειαν
2516 4126 2726 4197 ἐδήλου.
2770 4128 2921 4181 Ἐπεὶ
2962 4132 3055 4183 καὶ
3093 4134 3120 4183 ὀ
3151 4132 3383 4197 Χριστὸς
3410 4134 3615 4203 ἐλεγεν⁶

2048 4218 2118 4269 El
2159 4213 2279 4283 μὲν
2332 4215 2529 4282 κακῶς
2574 4215 2873 4284 ἐλάλησα,
2922 4222 3307 4289 μαρτύρησον
3343 4226 3476 4293 περὶ
3517 4226 3623 4280 τοῦ

2047 4306 2258 4361 κακοῦ·
2302 4309 2355 4361 εί
2409 4306 2477 4360 δὲ
2527 4307 2747 4375 καλῶς,
2775 4311 2834 4363 τί
2871 4328 2948 4379 με
2987 4311 3219 4380 δέρεις;
3249 4315 3344 4368 καὶ
3376 4317 3475 4386 τὴν
3501 4318 3623 4369 ἐπι-

2047 4398 2251 4452 είκειαν
2287 4399 2487 4469 μᾶλλον
2526 4400 2873 4473 ἐδήλωσεν,ἢ
2922 4404 2971 4455 εί
3009 4405 3257 4473 ἐσίγησε.
3289 4408 3396 4459 Kal
3430 4405 3621 4477 ὥσπερ

2046 4483 2198 4551 οὗτος
2222 4487 2300 4559 τῷ
2321 4490 2488 4560 πατρὶ⁸
2507 4490 2616 4544 ἀπὸ
2637 4490 2728 4544 τοῦ
2756 4491 3169 4563 θυσιαστηρίου,
3192 4493 3336 4549 οὕτω
3362 4497 3455 4549 καὶ
3480 4499 3623 4549 ἐκεῖ-

2046 4597 2135 4642 νος
2170 4579 2279 4633 ἀπὸ
2322 4580 2415 4633 τοῦ
2456 4582 2688 4652 σταυροῦ
2725 4583 3059 4653 διαλέγεται,
3096 4586 3311 4655 Πάτερ,
3339 4588 3487 4656 ἄφες
3513 4595 3622 4641 αὐ·-

2045 4671 2192 4738 τοῖς,
2226 4670 2419 4739 λέγων·
2456 4674 2529 4726 οὐ
2564 4674 2674 4742 γὰρ
2722 4674 2924 4729 οἴδασι
2967 4677 3025 4729 τί
3068 4678 3330 4732 ποιοῦσι.
3362 4680 3426 4731 Τί
3468 4676 3560 4732 οὖν
3592 4683 3622 4733 6

2046 4760 2424 4833 πατριάρχης;
2476 4764 2530 4815 Ὀ
2564 4764 2707 4829 Θεὸς
2737 4764 2946 4833 ὄψεται
2977 4766 3170 4833 ἐαυτῷ
3199 4770 3497 4836 πρόϐατον
3531 4773 3620 4836 εἰς

2045 4854 2492 4923 όλοκάρπωσιν,
2520 4855 2755 4911 τέκνον.
2795 4859 3076 4932 Ἐκάτεροι
3125 4860 3194 4914 τά
3236 4859 3472 4928 ὀνόματα
3521 4861 3619 4931 τῆς

2045 4946 2259 5016 φύσεως
2287 4946 2562 5001 καλοῦσιν·
2598 4949 2801 5013 ἐκεῖνος
2828 4952 3066 5022 Πατέρα,
3105 4957 3197 5005 καὶ
3224 4952 3411 5006 τέκνον
3441 4945 3617 5018 οὗτος.

2044 5040 2155 5093 Καὶ
2182 5037 2418 5109 χαλεπὸς
2444 5041 2784 5111 ἐκατέρωθεν
2824 5044 2852 5096 6
2885 5044 3119 5114 πόλεμος
3150 5042 3496 5115 διεγείρεται,
3528 5048 3623 5100 καὶ

2044 5131 2214 5203 πολλὴ
2246 5132 2279 5203 ή
2305 5130 2464 5203 ζάλῃ,
2500 5133 2594 5185 καὶ
2634 5133 2891 5202 ναυάγιον
2913 5133 3168 5205 οὐδαμοῦ·
3201 5136 3232 5205 ή
3265 5136 3375 5207 γάρ
3403 5138 3621 5205 φιλοσο-

2044 5226 2141 5295 φία
2182 5225 2399 5279 πάντων
2432 5226 2643 5294 κρατεῖ.
2686 5222 2820 5279 Εἶτα
2858 5227 3043 5297 ἐπειδὴ
3096 5227 3295 5297 ήκουσε
3342 5230 3431 5283 τὸν
3461 5230 3617 5291 Θεὸν,

2042 5317 2225 5370 οὐκέτι
2245 5310 2399 5369 εἶπεν
2422 5313 2593 5377 οὐδὲν,
2612 5316 2735 5370 οὐδὲ
2762 5318 3205 5389 περιειργάσατο·
3231 5319 3373 5373 οὕτω
3402 5321 3620 5373 συνετὸν

2041 5402 2109 5478 ἦν
2151 5404 2213 5459 τὸ
2248 5404 2476 5470 παιδίον,
2513 5406 2608 5459 καὶ
2639 5409 2698 5463 ἐν
2731 5408 2878 5474 αὐτῷ
2914 5408 3012 5477 τῆς
3061 5410 3276 5481 ήλικίας
3317 5412 3394 5481 τῷ
3442 5410 3618 5467 ἄνθει.

2043 5494 2196 5561 Εἶδες
2216 5497 2307 5551 τὸν
2331 5496 2554 5567 βασιλέα
2582 5499 2762 5553 πόσων
2794 5499 3065 5570 ἐκράτησε
3098 5504 3498 5573 στρατοπέδων,
3532 5506 3622 5559 πό-

2044 5607 2152 5644 σων
2205 5588 2456 5660 πολέμων
2490 5591 2786 5656 ἐπιόντωνς
2833 5592 2966 5645 Οὐδὲ
3015 5593 3126 5664 γὰρ
3170 5594 3343 5659 οὕτως
3383 5593 3523 5669 ἦσαν
3566 5600 3618 5650 οί

2044 5683 2308 5754 βάρϐαροι
2352 5688 2420 5756 τῇ
2456 5684 2607 5737 πόλει
2654 5683 2760 5739 τῶν
2806 5686 3193 5760 Ἰεροσολύμων
3242 5690 3485 5763 φοϐεροὶ,
3528 5693 3620 5745 ὅτε

2040 5773 2276 5843 ἐπῆλθον
2331 5776 2468 5846 αὐτῇ
2530 5775 2809 5843 πολλάκις,
2868 5779 2944 5843 ὼς
2998 5782 3047 5834 οί
3106 5778 3360 5852 λογισμοὶ
3412 5782 3620 5836 τούτων

2041 5865 2304 5923 πάντοθεν
2350 5868 2510 5924 αὐτὸν
2552 5869 3003 5943 περικαθήμενοιο
3043 5871 3155 5926 ἀλλ’
3180 5874 3330 5944 ὅμως
3360 5874 3619 5930 ἀπάντων
