4028 6222
325 422 432 477 417

317 533 685 606 περιεγένετο.
714 533 903 587 Βούλει
926 535 1018 588 καὶ
1042 536 1133 589 τὸν
1156 537 1307 607 ἱερέα
1328 537 1486 601 ίδεῖν;
1514 536 1574 589 ού
1604 537 1887 610 πόρρωθεν

317 636 379 685 τδ
406 628 729 699 ὑπόδειγμα.
760 630 930 684 Ὅταν
956 633 1066 702 γάρ
1090 630 1254 685 αὑτὸν
1294 632 1407 704 ίδῃς
1434 634 1545 703 πῦρ
1576 636 1767 703 ἔχοντα
1795 634 1891 687 καὶ

320 728 595 796 μάχαιραν
646 724 739 777 καὶ
793 724 1167 797 θυσιαστηρίῳ
1225 729 1527 797 ἐφεστῶτα,
1584 724 1638 781 τί
1705 728 1890 783 λοιπὸν

316 822 681 892 ἀμφιϐάλλεις
719 822 860 893 ὑπὲρ
892 824 990 893 τῆς
1022 823 1359 895 ίερωσύνηςς
1398 824 1461 878 El
1490 826 1546 879 δέ
1578 825 1757 894 βούλει
1796 828 1892 881 καὶ

322 920 411 990 τὴν
449 920 640 973 Θυσίαν
673 920 823 985 ἰδεῖν,
856 922 957 990 δρα
986 920 1197 991 διπλῆν.
1232 922 1581 992 Προσήνεγκε
1608 922 1737 990 γοῦν
1761 926 1892 976 παῖ-

314 1016 401 1082 δα,
454 1017 800 1087 προσήνεγκε
842 1018 936 1069 καὶ
966 1016 1260 1087 πρόϐατον.
1302 1018 1502 1086 μᾶλλον
1530 1019 1586 1071 δὲ
1619 1019 1726 1090 πρὸ
1751 1018 1891 1074 πάν-

316 1114 444 1176 των,
472 1112 570 1183 τὴν
601 1110 791 1164 ἑαυτοῦ
819 1109 1061 1181 γνώμηνο
1087 1114 1180 1165 καὶ
1202 1112 1279 1182 τῷ
1305 1114 1402 1181 μὲν
1423 1116 1613 1182 αἵματι
1634 1113 1729 1167 τοῦ
1755 1131 1892 1185 προ-

315 1208 482 1259 ϐάτου
507 1208 606 1276 τὴν
634 1206 835 1271 δεξιὰν,
863 1210 927 1275 τῇ
951 1206 1008 1259 δὲ
1040 1212 1223 1277 σφαγῂ
1251 1207 1345 1260 τοῦ
1378 1210 1567 1270 παιδὸς
1597 1210 1695 1279 τὴν
1714 1210 1893 1280 ψυχὴν

316 1299 467 1373 [454]
497 1301 763 1370 ἡγίασεν.
794 1300 981 1365 Οὕτως
1027 1302 1407 1373 ἐχειροτονήθη
1453 1304 1650 1375 ἱερεὺς,
1701 1304 1892 1374 αἵματι

318 1396 661 1466 μονογενοῦς,
692 1395 854 1466 θυσίᾳ
882 1395 1077 1465 ἀμνοῦ.
1106 1397 1215 1449 Καὶ
1246 1397 1353 1467 γὰρ
1389 1400 1483 1451 καὶ
1510 1400 1557 1451 οι
1606 1401 1774 1469 ἱερεῖς
1807 1400 1894 1453 αῖ-

316 1508 445 1559 ματι
481 1492 763 1561 ἡγιάζοντο
784 1490 892 1543 τῶν
928 1491 1140 1560 ἱερείων
1170 1492 1276 1543 τῶν
1306 1492 1382 1562 τῷ
1406 1493 1522 1563 Θεῷ
1551 1494 1894 1564 προσαγομέο

312 1603 437 1639 νων.
481 1586 668 1637 Βούλει
701 1586 795 1639 καὶ
824 1587 1105 1657 προφήτην
1138 1587 1295 1653 ίδείνς
1339 1588 1589 1656 Ἀϐραὰμ
1625 1593 1658 1643 ό
1695 1588 1893 1656 πατὴρ

312 1680 480 1750 ὑμῶν
530 1682 963 1751 ἠγαλλιάσατο,
994 1685 1120 1737 νῖν-α
1174 1684 1273 1751 ιδῃ
1324 1682 1439 1751 τὴν
1497 1686 1724 1753 ἡμέραν
1777 1684 1895 1751 τὴν

311 1778 483 1847 ἐμήν·
515 1780 611 1831 καί
632 1773 773 1840 εἶδε,
802 1778 897 1831 καὶ
924 1778 1131 1846 ἐχάρη,
1160 1778 1343 1849 φησίν.
1368 1778 1524 1831 Οῦτω
1554 1780 1647 1833 καὶ
1671 1782 1735 1832 σὺ
1764 1780 1889 1851 γίνῃ

316 1875 588 1943 βασιλεὺς,
620 1877 713 1928 καὶ
744 1877 941 1946 ἱερεὺς,
978 1877 1072 1929 καὶ
1105 1882 1389 1945 προφήτης
1438 1876 1496 1927 ἐν
1534 1876 1614 1946 τῷ
1655 1876 1888 1947 λουτρῷ·

316 1966 570 2035 βασιλεὺς
602 1968 719 2037 μὲν,
758 1966 935 2029 πάσας
969 1969 1142 2037 χαμαὶ
1166 1966 1327 2037 ῥίψας
1357 1966 1457 2028 τὰς
1483 1966 1720 2037 πονηράς
1751 1969 1888 2037 πρά-

316 2058 450 2125 ξεις,
497 2059 593 2112 καὶ
643 2058 713 2112 τά
747 2061 1123 2130 ἁμαρτήματα
1169 2056 1542 2127 κατασφάξαςο
1596 2060 1773 2127 ἱερεὺς
1811 2058 1888 2123 δέ,

1039 420 1097 475 S.
1137 417 1421 475 JOANNIS
1458 416 1946 475 CIIBYSOSTOMI
1983 418 2300 477 ARCHIEP.
2337 422 2882 481 CONSTANTINOP.

3452 428 3559 485 M8

1992 540 2181 593 ἑαυτὸν
2214 540 2599 612 προσενεγκὼν
2634 543 2712 613 τῷ
2735 544 2876 614 Θεῷ,
2903 546 2994 598 καὶ
3026 544 3337 609 καταθύσας
3368 547 3427 599 τδ
3456 546 3563 598 σῶ-

1995 653 2089 704 μα,
2125 638 2218 690 καὶ
2248 638 2478 706 σφαγεὶς
2508 641 2603 694 καὶ
2626 640 2807 704 αὐτός’
2832 642 2903 693 Ei
2931 640 3039 709 γὰρ
3064 642 3564 711 συναπεθάνομεν

1990 730 2170 797 αὐτῷ,
2200 734 2352 803 φησὶ,
2378 734 2478 787 καί
2510 733 2855 805 συζήσομεν
2879 735 3057 800 αὐτῷ·
3084 738 3367 809 προφήτης
3398 736 3473 803 δέ,
3496 737 3564 791 τά

1995 828 2255 897 μέλλοντα
2289 829 2597 899 μανθάνων,
2632 833 2726 884 καὶ
2754 831 2941 895 ἔνθους
2968 834 3250 901 γινόμενος
3272 833 3369 887 καὶ
3392 850 3460 900 aq:
3471 850 3565 907 ρα-

1992 924 2303 993 γισάμενος.
2328 924 2594 996 Καθάπερ
2623 926 2731 996 γὰρ
2756 927 3114 999 στρατιώταις
3140 930 3395 999 σφραγὶς,
3422 929 3565 983 οὕτω

1994 1022 2087 1075 καὶ
2112 1025 2223 1083 τοῖς
2249 1026 2458 1084 πιστοῖς
2481 1023 2539 1076 τὸ
2566 1023 2791 1094 Πνεῦμα
2820 1026 3145 1077 ἐπιτίθεται·
3180 1026 3281 1079 κᾶν
3310 1026 3565 1079 λειποτα-

1993 1122 2221 1191 κτήσῃς,
2253 1120 2553 1190 κατάδηλος
2581 1120 2705 1192 γίνῃ
2732 1120 2915 1172 πᾶσιν.
2956 1121 3196 1173 Ἰουδαῖοι
3230 1120 3328 1188 μὲν
3353 1120 3461 1192 γὰρ
3490 1118 3565 1175 εῖ-

1994 1234 2086 1287 χον
2117 1220 2383 1287 σφραγῖδα
2411 1216 2509 1286 τὴν
2533 1216 2854 1289 περιτομὴν,
2885 1218 3045 1286 ἡμεῖς
3073 1217 3128 1269 δὲ
3157 1214 3248 1269 τδν
3272 1216 3569 1287 ἀρραϐῶνα

1992 1335 2089 1381 τοῦ
2126 1305 2457 1399 Πνεύματος.
2491 1324 2676 1379 Ταῦτα
2704 1321 2797 1379 οὖν
2840 1326 3064 1387 εἰδότες,
3109 1325 3203 1377 καὶ
3240 1325 3300 1378 τὸ
3348 1324 3566 1394 ἀξίωμα

1992 1424 2053 1478 τὸ
2079 1424 2284 1476 ἑαυτῶν
2320 1423 2691 1493 ἐννοήσαντες,
2718 1422 2865 1486 ἀξιον
2894 1423 2991 1492 τῆς
3032 1422 3253 1492 χάριτος
3284 1420 3573 1486 ἐπιδειξώι

1997 1520 2135 1591 μεθα
2159 1520 2291 1589 βίον,
2316 1520 2402 1571 ἵνα
2440 1520 2535 1572 καὶ
2564 1518 2662 1588 τῆς
2693 1518 3001 1588 μελλούσης
3034 1518 3380 1587 ἐπιτύχωμεν
3414 1519 3565 1586 βασι-

1991 1619 2159 1681 λείας
2190 1612 2257 1687 ἧς
2284 1616 2493 1685 γένοιτο
2515 1615 2725 1680 πάντας
2754 1617 2904 1687 ἡμᾶς
2943 1616 3241 1684 ἐπιτυχεῖν,
3269 1612 3452 1684 χάριτι
3476 1616 3566 1667 x3).

1994 1714 2371 1784 φιλανθρωπίᾳ
2403 1711 2497 1765 τοῦ
2528 1714 2735 1783 Κυρίου
2769 1711 2923 1784 ἡμῶν
2960 1710 3132 1782 Ἰησοῦ
3166 1709 3423 1780 Χριστοῦ,
3449 1709 3567 1779 μεθ’

1994 1806 2053 1862 οῦ
2087 1809 2163 1880 τῷ
2200 1810 2373 1880 Πατρὶ
2405 1790 2521 1879 ἅμα
2558 1809 2635 1878 τῷ
2666 1808 2806 1879 ἁγίῳ
2834 1808 3112 1878 Πνεύματι
3156 1806 3305 1871 δόξα,
3344 1806 3567 1878 κράτος,

1992 1905 2150 1974 τιμὴ,
2187 1902 2281 1958 νῦν
2308 1905 2397 1961 καὶ
2430 1904 2539 1970 ἀεὶ,
2577 1904 2671 1957 καὶ
2701 1904 2781 1968 είς
2805 1903 2935 1968 τοὺς
2959 1902 3160 1967 αίῶνας
3192 1902 3301 1957 τῶν
3333 1902 3565 1957 αἰώνων.

2007 2001 2065 2053 Ἀ
2076 2000 2203 2071 μήν.

1803 2348 2047 2401 οΜιΛιΑ
2086 2344 2160 2405 Δ’.

329 2488 477 2559 Ἐγὼ
509 2487 576 2542 δὲ
600 2488 867 2559 μάρτυρα
896 2489 1003 2541 τὸν
1039 2490 1187 2542 Θεὸν
1214 2489 1611 2559 ἐπικαλοῦμαι
1640 2491 1737 2545 ἐπί
1774 2489 1890 2559 τὴν

387 2507 393 2532 τ
509 2507 576 2542 οε
600 2507 867 2557 μαρτυρα
896 2507 1003 2541 τον
1039 2507 1187 2542 δεον
1214 2507 1611 2559 επικαλουμαι
1640 2507 1737 2545 sm
1774 2507 1883 2553 την

387 2507 542 2626 ἒῗὴν
571 2558 802 2627 ψυχὴν,
834 2559 922 2611 ὅτι
951 2559 1298 2628 φειδόμενος
1339 2559 1526 2627 ὑμῶν,
1554 2560 1755 2615 οὐκέτι
1781 2556 1883 2629 ἦλ-

385 2635 495 2683 θον
519 2632 605 2694 εις
636 2630 940 2695 Κόρινθον.

388 2760 527 2815 α’.Τί
546 2759 670 2829 φὴς,
691 2756 735 2810 ὦ
760 2760 992 2829 μακάριε
1018 2757 1197 2811 Παῦλε
1218 2776 1231 2825 ;
1258 2761 1568 2829 φειδόμενος
1592 2762 1771 2816 αὐτῶν
1791 2763 1891 2817 οὐκ

314 2845 475 2921 ἦλθες
503 2852 579 2912 sic
604 2850 864 2920 Κόρινθον
890 2867 903 2915 ;
941 2850 1150 2903 Οὐκοῦν
1180 2851 1577 2919 ἐναντιολογίαν
1604 2854 1724 2907 τινὰ
1755 2857 1890 2925 ἡμῖν

314 2942 554 3008 εἰσάγεις
592 2941 845 2994 ἐνταῦθα.
884 2942 1165 3012 Ἀνωτέρω
1196 2944 1293 3012 μὲν
1324 2943 1432 3013 γὰρ
1464 2943 1664 3012 ἔλεγες,
1691 2945 1774 2997 ὅτι
1802 2945 1892 3000 διὰ

312 3034 471 3086 τοῦτο
494 3033 593 3085 οὐκ
613 3028 795 3102 ἦλθες,
822 3034 1006 3103 ἐπειδὴ
1040 3035 1100 3085 οὐ
1126 3035 1265 3087 κατά
1291 3036 1466 3107 σάρκα
1495 3036 1744 3107 βουλεύῃ,
1770 3036 1891 3089 οὐδὲ

316 3124 505 3193 κύριος
532 3121 580 3177 εἴ
612 3123 834 3187 σαυτοῦ,
862 3126 975 3176 ἀλλ’
1005 3127 1108 3179 ὑπὸ
1141 3128 1239 3197 τῆς
1278 3127 1370 3181 τοῦ
1395 3129 1713 3200 Πνεύματος
1740 3129 1891 3195 ἐξου-

315 3214 436 3276 σίας
466 3212 736 3283 πανταχοῦ
770 3215 1029 3285 περιάγῃ,
1066 3217 1156 3269 καὶ
1205 3217 1303 3279 τὰς
1342 3217 1547 3287 θλίψεις
1597 3220 1679 3282 είς
1729 3219 1893 3288 μέσον

312 3300 469 3375 ἦγες⁸
504 3304 733 3357 ἐνταῦθα
761 3304 817 3357 δὲ
856 3305 947 3357 σὺν
984 3307 1089 3375 φὴς
1123 3302 1259 3359 εἶναι
1282 3308 1342 3359 τὸ
1373 3309 1447 3377 μὴ
1475 3309 1673 3372 ἐλθεῖν,
1707 3309 1894 3363 οὐκέτι

312 3396 415 3462 τῆς
466 3392 559 3444 τοῦ
601 3393 915 3461 Πνεύματος
962 3392 1225 3456 ἐξουσίας
1281 3395 1375 3447 καὶ
1415 3396 1523 3464 γάρ
1569 3413 1755 3465 φησιν,
1811 3398 1893 3450 ὅτι

316 3483 670 3550 Φειδόμενος
695 3482 879 3550 ὑμῶν,
911 3485 1019 3536 οὐκ
1052 3479 1241 3550 ἦλθον
1266 3486 1354 3551 είς
1380 3486 1687 3555 Κόρινθον.
1713 3488 1778 3541 Τί
1802 3484 1893 3543 οὖν

315 3574 465 3627 ἐστιν
493 3574 704 3638 είπεῖν;
743 3572 813 3624 Ἦ
857 3572 937 3626 ὅτι
968 3572 1243 3626 καὶτοῦτο
1277 3575 1409 3629 αὐτὸ
1442 3576 1535 3630 τοῦ
1574 3578 1895 3649 Πνεύματος

314 3661 405 3737 ἦν,
452 3664 548 3719 καὶ
600 3663 833 3735 ἠθέλησε
894 3664 992 3734 μὲν
1025 3665 1185 3729 αὐτὸς
1219 3665 1413 3730 ἐλθεῖν,
1454 3669 1693 3723 ὑπέϐαλε
1738 3671 1795 3724 δὲ
1832 3672 1893 3725 τὸ

316 3757 543 3827 Πνεῦμα
597 3756 673 3827 μὴ
713 3755 1137 3828 παραγενέσθαι,
1192 3756 1291 3828 τὴν
1338 3759 1505 3828 φειδὼ
1551 3762 1650 3833 τὴν
1710 3762 1890 3816 αὐτῶν

316 3847 774 3918 προὸαλλόμενον·
812 3846 846 3917 ἢ
878 3847 1007 3918 περὶ
1038 3847 1232 3919 ἐτέρας
1261 3848 1408 3916 λέγει
1440 3853 1765 3921 παρουσίας,
1793 3853 1893 3924 δη-

314 3940 423 3993 λῶν
451 3942 531 3993 ὄτι
557 3940 687 4009 πρὶν
711 3938 745 4009 ἢ
774 3938 982 4007 γράψαι
1008 3936 1107 4008 τὴν
1135 3939 1406 4009 προτέραν
1431 3940 1735 4012 ἐπιστολὴν,
1768 3942 1893 4012 ὴθέ-

313 4031 479 4102 λησεν
509 4030 709 4092 ἐλθεῖν,
745 4028 840 4081 καὶ
877 4029 1144 4099 κατέσχεν
1173 4029 1365 4083 ἐαυτὸν
1392 4030 1457 4083 δι’
1484 4032 1726 4104 ἀγάπην,
1750 4033 1892 4088 ὥστε

319 4120 395 4193 μὴ
437 4118 783 4190 ἀδιορθώτοις
834 4119 1139 4189 ἐπιστῆναι.
1192 4120 1355 4184 Είκὸς
1395 4121 1453 4175 δὲ
1487 4122 1581 4177 καὶ⁹
1616 4125 1754 4195 μετά
1791 4124 1891 4196 τὴν

312 4212 573 4281 δευτέραν
602 4210 1049 4280 Ἐπιστολὴν,τοῦ
1080 4211 1397 4283 Πνεύματος
1432 4214 1628 4283 μηκέτι
1654 4214 1891 4269 κωλύον-

312 4319 405 4365 τος
432 4303 616 4369 αὐτὸν,
651 4302 844 4355 ἐκόντα
886 4302 973 4354 διὰ
1006 4302 1103 4372 τὴν
1140 4304 1319 4356 αἰτίαν
1357 4303 1561 4374 ταύτην
1594 4308 1792 4374 μεῖναι.
1828 4306 1891 4362 '0

314 4392 410 4446 καὶ
448 4391 649 4461 μᾶλλόν
676 4394 823 4444 ἐστιν
858 4390 1220 4463 ὑποπτεῦσαι,
1250 4393 1334 4445 ὅτι
1362 4394 1513 4464 παρὰ
1544 4395 1643 4464 μὲν
1664 4395 1760 4467 τὴν
1785 4397 1890 4469 ἀρ-

315 4483 418 4555 χὴν
448 4484 511 4536 τὸ
547 4482 772 4555 Πνεῦμα
802 4480 1059 4536 ἐκώλυεν’
1098 4482 1325 4556 ὕστερον
1352 4485 1409 4539 δέ
1440 4487 1535 4539 καὶ
1574 4488 1733 4554 αὐτὸς
1769 4492 1889 4544 ἐπι-

312 4574 671 4645 λογισάμενος
712 4575 795 4627 δτι
846 4572 999 4645 [455]
1040 4574 1199 4628 τοῦτο
1227 4574 1455 4645 βέλτιον,
1489 4576 1693 4648 ἔμεινε.
1724 4581 1797 4634 Σὺ
1830 4582 1889 4635 δέ

318 4684 411 4737 μοι
456 4665 649 4720 σκόπει
695 4665 813 4729 πῶς
844 4665 1005 4719 πάλιν
1039 4666 1230 4719 ἐαυτοῦ
1264 4668 1558 4739 μέμνηται,
1590 4669 1617 4722 δ
1651 4672 1890 4744 συνεχῶς

312 4758 494 4829 λέγειν
540 4758 601 4812 ού
644 4757 944 4828 παύσομαι,
976 4758 1083 4811 ἀπὸ
1114 4760 1221 4811 τῶν
1254 4760 1511 4813 ἐναντίων
1557 4762 1733 4833 ἑαυτῷ
1762 4780 1888 4818 συν.

306 4852 624 4922 ιστάμενος.
656 4851 875 4919 Ἐπειδὴ
891 4850 1000 4925 γάρ
1023 4852 1117 4905 καὶ
1137 4851 1293 4906 τοῦτο
1312 4852 1456 4917 είκὸς
1474 4848 1542 4925 ῆν
1562 4853 1888 4912 ὑποπτεύειν

312 4940 531 5004 αὐτοὺς,
576 4940 668 4992 καὶ
694 4938 893 5007 λέγειν,
932 4941 1013 4995 ὅτι
1053 4941 1153 4992 Διά
1181 4939 1337 4995 τοῦτο
1379 4943 1479 4996 οὐκ
1511 4942 1780 5015 ἠθέλησας
1800 4948 1889 5000 ἐλ-

313 5032 450 5085 θεῖν·
489 5031 758 5101 ἐμίσησας
790 5031 898 5102 γὰρ
925 5032 1070 5101 ἡμᾶς
1093 5047 1107 5060 ·
1153 5032 1389 5086 δείκνυσι
1436 5035 1764 5102 τούναντίον,
1807 5039 1891 5093 ὅτι

310 5124 403 5178 διὰ
428 5124 587 5177 τοῦτο
610 5124 710 5176 οὐκ
740 5122 1025 5194 ὴθέλησεν,
1056 5124 1244 5195 ἐπειδὴ
1274 5125 1447 5194 ἐφίλει
1480 5128 1697 5195 αὐτούς.
1735 5128 1799 5183 Τί
1828 5130 1889 5187 δέ

313 5220 431 5270 ἐστι
465 5216 546 5278 τὸ,
582 5214 978 5283 Φειδόμενοςς
1009 5215 1276 5279 Ἤκουσα,
1306 5219 1492 5286 φησὶν,
1524 5219 1606 5272 ὅτι
1626 5219 1889 5291 ἐπόρνευ-

316 5307 417 5362 σάν
454 5323 600 5369 τινες
638 5304 768 5377 παρ’
804 5305 953 5376 ὑμῖν·
979 5306 1082 5360 οὐκ
1116 5306 1308 5377 ἤθελον
1334 5305 1425 5361 οὖν
1450 5309 1617 5363 ἐλθὼν
1648 5311 1888 5385 λυπῆσαι

314 5401 478 5471 ὑμᾶς.
504 5400 615 5454 Καὶ
636 5400 744 5470 γὰρ
770 5399 983 5469 ἀνάγκη
1008 5400 1253 5472 παρόντα
1275 5400 1528 5466 ἐξετάσαι
1550 5404 1610 5458 τὸ
1634 5408 1888 5479 πρᾶγμα,

313 5494 409 5546 καὶ
438 5492 742 5559 ἐπεξελθεῖν
776 5493 872 5545 καὶ
904 5492 1153 5560 κολάσαι,
1186 5491 1283 5546 καὶ
1324 5492 1551 5560 πολλοὺς
1578 5496 1882 5570 ἀπαιτῆσαι

311 5584 489 5653 δίκην.
521 5584 737 5637 Βέλτιον
766 5577 859 5636 οὖν
881 5572 1020 5637 εἶναι
1049 5584 1276 5655 ἐνόμισα
1303 5584 1541 5654 ἀπεῖναι,
1566 5590 1659 5643 καὶ
1697 5590 1880 5645 ἐνδοῦ-

314 5689 403 5725 ναι
430 5674 779 5745 μετανοῆσαι,
800 5674 833 5745 ἢ
858 5674 1052 5747 παρὼν
1072 5675 1400 5741 ἐπεξελθεῖν,
1424 5678 1519 5737 καὶ
1543 5681 1883 5754 παροξυνθῆ-

316 5780 405 5816 ναι
426 5767 704 5832 μειζόνως.
734 5768 846 5822 Καὶ
870 5767 980 5836 γὰρ
1010 5768 1145 5840 πρὸς
1168 5768 1246 5841 τῷ
1269 5768 1411 5824 τέλει
1433 5770 1533 5841 τῆς
1561 5772 1881 5845 Ἐπιστολῆς

1995 2487 2181 2555 σαφῶς
2206 2484 2336 2537 αὐτὸ
2360 2484 2742 2555 παρεδήλωσεν
2776 2484 2966 2539 εἰπών·
2998 2485 3292 2555 Φοϐοῦμαι
3326 2486 3411 2555 μή
3447 2501 3571 2552 πως

1992 2578 2249 2633 ἐλθόντα
2294 2592 2370 2645 με
2413 2574 2753 2643 ταπεινώσῃ
2809 2577 2841 2629 ὀ
2888 2578 3031 2642 Θεός
3052 2594 3172 2644 μου
3212 2578 3362 2644 πρὸς
3394 2577 3568 2647 ὑμᾶς.

1994 2668 2093 2721 καὶ
2118 2667 2399 2735 πενθήσω
2429 2666 2699 2732 πολλοὺς
2740 2666 2857 2719 τῶν
2884 2668 3444 2736 προημαρτὴκότων,
3470 2668 3574 2722 και
3626 2702 3646 2721 .

1987 2759 2074 2829 μὴ
2096 2757 2602 2829 μετανοησάντων
2634 2758 2733 2810 ἐπὶ
2761 2756 2835 2825 τῇ
2867 2760 3156 2827 ἀσελγείᾳ
3185 2759 3283 2812 καί
3312 2759 3565 2827 ἀκαθαρα

1992 2850 2120 2915 ala,
2151 2842 2189 2919 ᾗ
2221 2848 2511 2913 ἔπραξαν.
2552 2847 2723 2900 Τοῦτο
2748 2848 2928 2902 τοίνυν
2984 2850 3079 2901 καὶ
3123 2849 3357 2902 ἐνταῦθα
3400 2850 3571 2903 ἐνδεί-

1993 2958 2204 3007 κνυται,
2241 2941 2335 2993 καὶ
2381 2940 2527 3008 λέγει
2580 2942 2680 3011 μὲν
2725 2940 2888 3005 αὐτὸς
2923 2941 2998 3003 ώς
3042 2955 3068 2982 ι
3116 2942 3568 3012 ἀπολογούμενος,

1995 3032 2282 3098 ἐπιστύφει
2307 3031 2364 3084 δὲ
2392 3032 2588 3094 αὐτοὺς
2615 3031 2968 3101 σφοδρότατα,
3000 3032 3093 3084 καὶ
3128 3032 3298 3101 φοϐεῖ.
3332 3034 3441 3086 Καὶ
3462 3032 3579 3105 γάρ.

1994 3122 2213 3193 ᾐνίξατο
2247 3123 2517 3193 τιμωρίας
2558 3123 2716 3186 ὄντας
2758 3124 2955 3187 αὐτοὺς
3002 3125 3354 3188 ὑπευθύνους,
3390 3126 3484 3177 καί
3515 3143 3570 3178 τι

1995 3211 2091 3263 καὶ
2122 3211 2500 3279 πεισομένους,
2532 3212 2581 3263 εί
2628 3211 2700 3280 μὴ
2733 3212 2942 3281 ταχέως
2984 3211 3344 3281 διορθωθεῖεν.
3382 3213 3447 3265 ’0
3476 3213 3572 3264 καὶ

1992 3298 2127 3353 αὐτὸ
2172 3297 2332 3352 πάλιν
2380 3298 2436 3350 ἐν
2478 3298 2557 3367 τῷ
2599 3298 2741 3350 τέλει
2774 3299 2873 3369 τῆς
2907 3300 3228 3369 Ἐπιστολῆς
3260 3318 3444 3371 φησιν,
3487 3302 3577 3357 ὅτι

2007 3389 2143 3443 Ἐὰν
2169 3389 2324 3443 ἔλθω
2357 3392 2443 3455 εὶς
2478 3390 2543 3442 τὸ
2582 3390 2787 3454 πάλιν,
2833 3393 2903 3444 οὐ
2934 3393 3233 3460 φείσομαι.
3280 3392 3427 3463 Πλὴν
3455 3390 3569 3445 ἀλλ’

1995 3482 2113 3535 ἐκεῖ
2148 3482 2247 3551 μὲν
2285 3481 2643 3551 σαφέστερον,
2671 3480 2905 3534 ἐνταῦθα
2938 3481 3015 3545 δὲ,
3053 3482 3238 3552 ἐπειδὴ
3286 3484 3577 3554 προοίμιον

1992 3566 2082 3643 ἦν,
2120 3573 2218 3642 οὐχ
2262 3571 2435 3635 οὕτως
2471 3570 2605 3624 αὐτὸ
2651 3570 2823 3638 λέγει,
2857 3572 2971 3624 ἀλλ’
3001 3573 3447 3644 ύπεσταλμένωςο
3478 3574 3571 3627 καὶ

1993 3664 2113 3718 οὐδὲ
2128 3664 2303 3735 τούτῳ
2324 3665 2591 3736 ἀρκεῖται,
2619 3664 2754 3718 ἀλλά
2786 3665 2876 3719 καὶ
2895 3666 3026 3719 αὐτὸ
3049 3665 3203 3719 τοῦτο
3225 3666 3387 3721 πάλιν
3411 3667 3570 3738 θερα-

1994 3755 2169 3819 πεύει,
2203 3753 2580 3825 ἐπιδιορθώσει
2610 3756 2965 3827 κεχρημένος.
3003 3756 3223 3828 Ἐπειδὴ
3248 3756 3358 3829 γάρ
3380 3757 3581 3830 ὥσπερ

1993 3844 2240 3910 ἐξουσίαν
2264 3846 2465 3917 πολλὴν
2488 3847 2902 3917 ἐνδεικνυμένου
2915 3848 2976 3899 τὸ
3003 3849 3154 3917 ρῆμα
3181 3844 3269 3918 ῆν·
3305 3850 3566 3919 (φείδεται

1992 3936 2103 4007 γάρ
2118 3953 2200 3999 τις
2223 3935 2467 4001 ἐκείνων,
2497 3938 2591 4001 οὓς
2622 3941 2718 3991 καὶ
2748 3940 2972 3994 κολάσαι
3010 3940 3199 4010 κύριός
3232 3940 3390 4011 ἐστι),
3413 3941 3582 3996 τοῦτο.

1991 4026 2126 4081 αὐτὸ
2180 4026 2699 4098 παραμυθούμενος,
2750 4029 2845 4082 καὶ
2894 4030 2956 4083 τὸ
2986 4029 3178 4086 δοκοῦν
3211 4026 3347 4084 εἶναι
3392 4034 3565 4105 τραχὺ

1994 4116 2303 4181 συσκιάζων
2338 4118 2525 4188 φησίν·
2584 4122 2708 4189 Οὐχ
2746 4120 2836 4173 ὅτι
2879 4123 3232 4192 κυριεύομεν
3257 4123 3423 4194 ὑμῶν
3457 4127 3583 4195 ﬂio

1991 4208 2271 4273 πίστεως.
2301 4208 2585 4275 Τουτέστι,
2617 4211 2692 4265 Οὑ
2722 4211 2809 4265 διὰ
2831 4212 2993 4267 τοῦτο
3022 4208 3195 4281 εἷπον,
3217 4217 3297 4269 ὅτι
3324 4216 3570 4287 φειδόμε·

1991 4313 2083 4360 νος
2111 4296 2265 4367 ὑμῶν
2286 4298 2386 4352 οὐκ
2409 4294 2591 4369 ἦλθον,
2627 4301 2703 4365 ὡς
2730 4302 3000 4373 κυριεύων
3026 4303 3198 4373 ὑμῶν.
3230 4304 3338 4358 Καὶ
3361 4305 3459 4359 ούκ
3489 4304 3566 4357 εἶ-

1989 4401 2113 4451 πεν,
2149 4384 2351 4457 ’Υμῶν,
2380 4387 2535 4451 ἀλλὰ,
2573 4388 2688 4459 Τῆς
2711 4392 2991 4459 πίστεως-ο
3016 4393 3044 4446 δ
3065 4394 3160 4445 καὶ
3180 4394 3478 4464 πραότερον
3497 4390 3566 4466 ἦν

1988 4477 2085 4531 καὶ
2112 4477 2497 4550 ἀληθέστερον.
2530 4479 2635 4533 Τδν
2662 4481 2769 4553 γὰρ
2804 4482 2879 4553 μὴ
2911 4483 3235 4553 βουλόμενον
3260 4485 3564 4542 ,πιστεῦσαι

1986 4570 2071 4631 τίς
2104 4567 2293 4640 κύριος
2324 4570 2673 4639 avaritiam;
2719 4574 2905 4628 Ἀλλὰ
2941 4577 3225 4646 συνεργοί
3246 4575 3432 4647 ἐσμεν
3457 4576 3567 4646 τῆς

1988 4658 2179 4728 χαρᾶς
2225 4658 2413 4729 ὑμῶν.
2458 4662 2675 4733 Ἐπειδὴ
2716 4666 2845 4737 γὰρ,
2895 4667 3080 4737 φησὶν,
3128 4670 3161 4738 ἡ
3219 4668 3363 4740 χαρὰ
3410 4669 3580 4738 ὑμῶν.

1988 4748 2236 4819 ἡμετέρα
2260 4748 2428 4815 ἐστὶν,
2459 4751 2561 4805 οὐκ
2591 4748 2774 4824 ἦλθον,
2806 4754 2895 4808 ῐνα
2924 4756 2998 4825 μὴ
3027 4756 3249 4826 ἐμϐάλω
3281 4758 3361 4821 είς
3384 4756 3563 4830 λύπην

1990 4842 2157 4913 ὑμᾶς,
2189 4842 2279 4894 καὶ
2310 4842 2531 4915 αὑξήσω
2562 4846 2663 4918 τὴν
2692 4847 2931 4918 ἀθυμίαν
2962 4849 3061 4919 τὴν
3090 4852 3249 4922 ἐμήνο
3281 4851 3397 4905 ἀλλ’
3415 4851 3564 4924 ἐμει-

1988 4948 2078 4997 να,
2108 4933 2196 4985 ῖνα
2230 4931 2616 5005 διορθωθέντες
2642 4938 2751 4991 ἀπὸ
2790 4939 2891 5009 τῆς
2914 4940 3165 5011 ἀπειλῆς,
3197 4943 3560 5017 εύφρανθῆτε.

1985 5023 2173 5079 Πάντα
2201 5024 2310 5097 γάρ
2340 5028 2601 5100 ποιοῦμεν
2629 5031 2772 5102 ὑπὲρ
2792 5035 2894 5103 τῆς
2926 5036 3101 5104 χαρᾶς
3132 5035 3231 5106 τῆς
3268 5036 3576 5108 ὑμετέρας,.

1988 5115 2085 5171 καὶ
2108 5116 2248 5188 ὑπὲρ
2277 5120 2469 5174 τούτου
2495 5121 2815 5197 σπεύδομεν,
2845 5126 3035 5196 ἐπειδὴ
3059 5128 3157 5187 καὶ
3187 5129 3340 5181 αὐτοὶ
3369 5128 3564 5184 κοινω-

1989 5206 2190 5280 νοῦμεν
2223 5209 2384 5283 αὐτῇ.
2417 5212 2497 5282 Τῇ
2523 5214 2635 5283 τὰρ
2658 5216 2857 5270 πίστει
2881 5216 3195 5283 ἑστήκατε.
3231 5220 3373 5290 Ὅρα
3405 5220 3566 5273 πάλιν

1988 5299 2414 5371 ύπεσταλμένως
2437 5303 2837 5375 διαλεγόμενον.
2862 5306 3075 5360 Δέδοικε
3102 5308 3211 5377 γὰρ
3231 5308 3408 5362 αὐτῶν
3430 5311 3532 5363 καθ
3548 5339 3562 5348 -

1988 5389 2229 5459 ἅψασθαι
2259 5394 2443 5459 πάλιν,
2469 5395 2657 5465 ἐπειδὴ
2684 5396 2928 5466 σφοδρῶς
2947 5397 3127 5450 αὐτῶν
3151 5399 3208 5451 ἐν
3230 5401 3294 5471 τῇ
3323 5400 3566 5471 προτέρᾳ

2050 5651 2311 5724 τὀςροειι
2349 5659 2492 5717 αὑτός
2534 5674 2633 5724 non
2666 5661 2877 5713 habetur
2915 5666 2966 5715 in
3000 5662 3567 5724 edim,sedmm.lo—

1988 5712 2149 5825 gina?
2179 5712 2233 5771 ἐι
2261 5712 2513 5786 ίιιιρτριέε
2549 5712 2751 5777 manus
2775 5712 2863 5777 In
2896 5712 3279 5791 martia;
3304 5712 3555 5789 ιερωῶ
