4028 6222
489 345 592 400 ΗἹ

487 457 756 513 exercitus
786 471 877 512 rex
903 456 992 513 hic
1016 458 1302 528 superarit,
1335 462 1465 529 quot
1487 459 1744 519 irruentia
1766 461 1905 518 bella
1930 478 2071 520 com-

487 548 785 617 presserit?
807 548 992 619 Neque
1019 551 1164 604 enim
1186 549 1539 624 lerusolyme
1570 564 1679 608 tam
1709 553 2075 613 formidabiles

487 648 639 693 erant
668 639 903 707 barbari,
933 654 1057 696 cum
1083 655 1202 696 eam
1231 655 1603 711 saepenumero
1629 646 2070 715 aggrederentur,

482 745 643 800 quam
671 729 755 785 ha
778 731 1131 802 cogitationes
1159 730 1392 803 undique
1412 733 1586 803 ipsum
1606 734 2068 801 circumsidentes;

482 829 537 874 et
577 829 755 876 tamen
799 836 991 877 omnes
1036 824 1333 893 superavit.
1388 823 1480 880 Vis
1526 824 1686 880 etiam
1732 826 2068 883 sacerdotem

482 914 748 969 cernere?
778 930 883 969 non
917 915 1076 987 longe
1105 916 1410 986 exemplum
1454 926 1561 973 est.
1604 917 1736 972 Nam
1781 932 1903 972 cum
1944 933 2069 974 eum

482 1006 657 1077 ignem
687 1015 739 1063 et
766 1008 1002 1079 gladium
1041 1010 1349 1075 habenam,
1378 1019 1432 1066 et
1460 998 1616 1066 altari
1648 1011 1949 1065 adstantem
1989 1013 2071 1065 in-

480 1097 669 1165 tueris,
686 1098 811 1167 quid
823 1099 937 1169 jam
958 1108 1041 1155 est
1063 1099 1204 1170 quod
1231 1100 1300 1155 de
1323 1100 1624 1156 sacerdotio
1644 1101 1893 1156 dubites?
1915 1101 2067 1167 Quod

477 1187 521 1242 si
541 1188 620 1241 vis
648 1188 919 1243 victimam
945 1204 1156 1260 quoque
1178 1188 1382 1257 videre,
1413 1189 1683 1259 duplicem
1709 1204 1899 1246 cernas
1919 1192 2062 1245 licet.

472 1278 679 1335 Obtulit
709 1282 852 1336 enim
899 1281 1089 1348 tilium,
1119 1280 1313 1336 obtulit
1345 1291 1400 1336 et
1434 1296 1613 1348 ovem,
1645 1282 1749 1347 vel,
1782 1290 1837 1336 ut
1867 1283 2065 1339 rectius

474 1370 685 1441 loquar,
713 1383 842 1426 ante
864 1372 1043 1425 omnia
1076 1371 1408 1426 voluntatem
1433 1387 1606 1428 suam.
1636 1374 1808 1442 Atque
1832 1387 1925 1441 per
1948 1374 2064 1427 oris

472 1462 688 1535 quidem
714 1477 983 1527 cruorem,
1012 1477 1269 1529 manum;
1299 1479 1395 1533 per
1422 1463 1518 1519 lilii
1566 1473 1743 1519 autem
1784 1465 2064 1520 mactatio-

473 1568 596 1608 nem
620 1554 855 1608 animam
884 1554 1253 1609 sanctificavit.
1282 1558 1455 1627 Atque
1480 1556 1551 1610 ita
1574 1555 1826 1611 sacerdos
1846 1564 2062 1611 creatus

471 1655 573 1702 est.
607 1660 703 1713 per
730 1644 992 1714 unigeniu'
1036 1646 1377 1716 sanguinem,
1420 1662 1521 1715 per
1563 1645 1686 1726 agni
1716 1645 2054 1701 sacrificium.

469 1732 602 1789 Nam
628 1742 684 1788 et
705 1734 1015 1793 sacerdotes
1039 1751 1135 1806 per
1174 1739 1531 1802 victimarum,
1559 1752 1681 1807 qua:
1726 1736 1836 1790 Deo
1864 1727 2056 1807 offere-

469 1826 684 1891 bantur,
712 1826 1027 1896 sanguinem
1063 1828 1191 1883 olint
1232 1827 1553 1884 sanctiﬁcari
1582 1827 1846 1883 solebant.
1895 1827 2059 1883 Visne

465 1917 626 1970 etiam
669 1916 985 1987 prophetam
1026 1919 1378 1989 conspicere?
1423 1918 1682 1973 Abraham
1719 1927 1863 1989 pater
1899 1926 2059 1971 vester

465 2009 733 2063 exsultavit
767 2020 825 2063 ut
849 2009 1039 2066 sideret
1070 2012 1202 2065 diem
1238 1997 1404 2066 meum
1429 2021 1449 2065 :
1472 2021 1521 2065 st
1560 2012 1722 2077 uidit,
1763 2020 1810 2067 et
1856 2011 2057 2080 gauisus

465 2110 539 2155 est
565 2099 742 2172 (1m.
772 2101 828 2159 Β.
856 2102 969 2173 35).
1012 2102 1094 2157 Ad
1129 2106 1379 2160 eumdem
1424 2103 1644 2159 modum
1672 2110 1726 2157 tu
1754 2117 1967 2174 quoque
1998 2102 2051 2155 in

1546 347 1614 405 IN
1650 348 1867 407 Ειηετ.
1909 349 1953 405 ιι
2015 351 2108 407 AD
2144 352 2299 410 008.
2340 354 2567 416 HOMIL.
2612 361 2701 420 IV.

3658 386 3765 447 ιιε

2178 468 2444 540 baptismo
2466 488 2583 541 rex,
2608 483 2666 531 et
2688 478 2961 546 sacerdos,
2981 489 3036 536 et
3056 484 3314 554 propheta
3340 488 3573 551 emceris
3594 513 3613 550 :
3636 510 3760 566 res,

2177 574 2299 616 cum
2329 576 2517 621 omnes
2556 581 2748 636 pravas
2788 572 3027 628 actiones
3067 575 3123 629 in
3151 584 3350 634 terram
3389 581 3658 653 abiecisti,
3698 604 3765 646 ac

2177 662 2395 742 peccata
2450 655 2769 713 interemisti
2812 677 2829 715 :
2875 663 3162 731 sacerdos,
3204 683 3328 725 cum
3379 671 3611 742 teipsum
3654 677 3767 734 Deo

2175 739 2437 811 obtulisti,
2473 760 2535 800 ac
2564 762 2759 817 corpus
2786 754 3053 817 mactasti,
3078 768 3239 826 atque
3266 758 3384 829 ipse
3409 739 3624 836 quoque
3643 782 3762 823 nta-

2174 839 2346 886 ctatus
2374 849 2433 888 es
2457 850 2470 891 :
2504 835 2566 891 Si
2584 839 2718 893 enim
2738 841 2784 894 ei
2810 848 3107 900 commortui
3129 864 3325 915 sums,
3351 835 3546 927 inquit,
3564 868 3613 911 et
3633 875 3760 915 catt-

2174 923 2395 1015 sivsmss
2427 926 2477 979 ei
2508 927 2580 997 (ἰ.
2606 928 2716 985 Tit.
2752 930 2807 986 2.
2840 933 2931 1007 11)
2965 954 2979 991 :
3028 939 3285 1008 propheta
3330 923 3597 1015 denique,
3636 961 3759 1007 cum

2174 1011 2348 1070 futura
2373 1016 2536 1073 discis
2559 1034 2622 1075 ac
2648 1020 2837 1078 divino
2860 1028 3080 1083 numine
3103 1030 3303 1088 aﬂlsris
3322 1011 3489 1105 atque
3501 1011 3757 1108 obsigna-

2172 1106 2269 1160 ris.
2296 1107 2754 1173 Quemadmodum
2787 1117 2931 1169 enim
2962 1126 3085 1173 nota
3115 1122 3359 1190 quaedam
3381 1106 3659 1194 militibus,
3685 1128 3757 1184 ita

2173 1196 2424 1254 ﬁdelibus
2462 1218 2673 1272 quoque
2714 1204 2949 1274 Spiritus
2991 1208 3307 1278 imponitur.
3337 1215 3456 1280 Qun
3496 1217 3669 1283 ﬂt,rut
3708 1220 3756 1274 si

2169 1287 2414 1343 ordinem
2442 1291 2763 1359 deserueris,
2799 1298 3109 1371 perspicuus
3154 1303 3404 1358 omnibus
3437 1304 3759 1365 ἣδε.)ηάῑὶ

2168 1379 2311 1433 enim
2338 1382 2473 1450 signi
2504 1382 2623 1439 loco
2651 1384 3113 1445 circumcisionem
3136 1390 3424 1461 habebant,
3453 1412 3553 1453 nos
3574 1411 3755 1456 autem

2168 1470 2361 1540 pignus
2387 1471 2639 1543 Spiritus.
2687 1477 2812 1532 Haec
2851 1480 3009 1550 igitur
3036 1482 3303 1550 scientes,
3347 1502 3411 1541 ac
3438 1488 3750 1558 dignitatem

2165 1573 2402 1615 nostram
2422 1564 2848 1633 considerantes,
2866 1572 3037 1645 .vitam
3073 1576 3245 1643 gratia
3269 1578 3483 1647 dignam
3518 1592 3750 1651 prmste-

2165 1665 2304 1715 mus,
2322 1652 2589 1741 utfuturo
2617 1672 2828 1727 quoque
2858 1676 3026 1731 regno
3064 1667 3332 1733 patiamur
3361 1688 3374 1724 :
3415 1671 3557 1741 quod
3595 1672 3755 1729 detur

2162 1740 2412 1796 omnibus
2439 1744 2596 1798 nobis
2625 1750 2861 1817 assequi,
2906 1754 3077 1820 gratia
3101 1764 3157 1809 et
3184 1756 3513 1829 benignitate
3540 1763 3754 1829 Domini

2162 1833 2328 1886 nastri
2359 1833 2488 1889 Jesu
2528 1835 2749 1904 Christi,
2793 1854 2915 1895 cum
2942 1857 3051 1912 quo
3083 1845 3226 1901 Patri
3264 1850 3530 1921 simulque
3552 1851 3755 1910 'saucto

2160 1924 2381 1994 Spiritui
2412 1929 2602 1999 gloria,
2634 1932 2936 2002 imperium,
2968 1935 3160 2007 honor,
3184 1957 3325 1999 nunc
3352 1954 3408 1999 et
3429 1960 3666 2018 semper,
3693 1960 3755 2007 et

2162 2014 2215 2072 in
2239 2018 2435 2073 saecula
2463 2021 2805 2079 saeculorum.
2829 2026 3023 2083 Amen.

1851 2312 2191 2374 HOMILIA
2235 2313 2342 2374 IV.

462 2442 591 2501 CAP.
627 2448 677 2503 l.
706 2465 760 2504 v.
790 2451 882 2508 25.
913 2450 1026 2522 Ego
1049 2463 1221 2508 autem
1248 2464 1419 2531 (esteat
1438 2453 1607 2511 Deum
1635 2455 1813 2510 invoco
1839 2455 1893 2508 in
1928 2454 2044 2507 ani-

529 2558 665 2595 mam
694 2560 878 2610 meam,
907 2548 1043 2615 quod
1072 2564 1285 2616 parcens
1324 2547 1464 2601 vobis
1506 2564 1609 2602 non
1645 2548 1784 2601 ultra
1813 2545 1924 2599 verti
1950 2544 2048 2599 Co-

530 2633 777 2687 rint/mm.

531 2722 581 2777 Ι.
610 2723 748 2791 Quid
789 2727 889 2785 ais.
935 2726 1093 2781 beate
1121 2727 1320 2797 Paule}
1347 2743 1572 2799 parcens
1606 2730 1687 2785 eis
1714 2745 1821 2786 non
1850 2730 2045 2787 venisti

457 2811 815 2869 Corinthum?
840 2817 980 2888 Ergo
1006 2832 1311 2874 sermonem
1341 2835 1523 2876 secum
1546 2832 1870 2893 pugnantem
1895 2823 2048 2879 nobis

461 2905 561 2960 hoc
589 2907 708 2961 loco
736 2907 942 2963 inducis
994 2908 1257 2981 Superius
1282 2911 1426 2968 enim
1452 2912 1556 2969 hoc
1581 2915 1880 2981 asserebas,
1910 2914 2047 2971 hanc

460 2996 555 3051 tibi
587 3014 689 3053 non
714 3000 966 3055 veniendi
1006 3017 1224 3058 causam
1251 3004 1437 3071 fuisse,
1471 3004 1617 3075 quod
1645 3009 1792 3062 carni
1818 3021 2048 3062 consen-

457 3096 612 3144 tanea
637 3092 859 3146 consilia
877 3093 1102 3149 minime
1127 3094 1463 3160 admitteres,
1489 3112 1588 3153 nec
1616 3098 1691 3153 tui
1715 3098 1850 3167 juris
1872 3113 2043 3163 esses,

457 3195 642 3236 verum
690 3180 919 3253 Spiritus
956 3184 1181 3240 arbitrio
1222 3187 1419 3258 ubique
1460 3189 1937 3260 circumagereris;
1964 3198 2046 3244 at-

457 3286 561 3340 que
597 3271 916 3330 al'ﬂictiones
962 3277 1125 3330 etiam
1180 3278 1230 3332 in
1281 3278 1514 3333 medium
1560 3279 1872 3349 proferebas
1901 3298 1914 3333 :
1944 3279 2045 3334 hoc

456 3375 636 3418 autem
667 3364 785 3420 loco
814 3368 889 3421 tui
919 3369 1126 3422 arbitrii
1173 3371 1341 3425 i'uisse
1367 3371 1468 3438 ais,
1498 3371 1641 3441 quod
1675 3388 1779 3426 non
1810 3374 2040 3440 veneris,

456 3467 565 3507 non
609 3465 783 3509 autem
814 3459 1146 3514 ancxoritatis
1178 3475 1242 3514 ac
1273 3463 1555 3529 potestatis
1598 3461 1829 3531 Spiritus
1860 3480 1873 3517 :
1906 3461 2042 3517 Par-

459 3562 573 3599 cens
602 3548 743 3600 enim
777 3549 932 3614 vobis,
966 3551 1153 3619 inquit,
1186 3568 1286 3606 non
1306 3554 1414 3606 veni
1442 3552 1756 3608 Corinthum.
1780 3554 2041 3621 Quidnam

457 3638 616 3707 igitur
640 3639 960 3693 dicendum?
988 3639 1191 3711 Nempe
1216 3650 1309 3696 aut
1334 3643 1474 3712 quod
1501 3643 1605 3698 hoc
1632 3661 1841 3715 quoque
1868 3646 2040 3714 ipsum

459 3743 489 3781 a
520 3727 721 3798 Spiritu
745 3729 1184 3798 proficiscebatur
1210 3748 1223 3796 ;
1249 3746 1479 3801 cumque
1505 3734 1690 3788 venire
1714 3734 1827 3802 ipse
1859 3735 2037 3800 vellet,

458 3820 512 3874 in
543 3830 775 3874 mentem
819 3821 869 3875 ei
897 3822 1128 3891 Spiritus
1176 3824 1379 3893 injecit,
1424 3834 1482 3878 ut
1529 3841 1636 3881 non
1675 3828 1899 3889 veniret,
1939 3827 2042 3882 hoc

457 3910 707 3966 videlicet
754 3928 1092 3982 proponens,
1142 3914 1270 3983 ipsis
1314 3915 1695 3987 indulgendum
1739 3933 1906 3973 esse:
1950 3930 2041 3973 aut

455 4000 524 4057 de
552 4003 720 4057 altero
749 4005 978 4059 adventu
1008 4006 1263 4075 loquitur,
1292 4016 1452 4077 atque
1493 4006 1594 4063 hoc
1620 4009 1906 4079 signiﬁcat,
1939 4010 2038 4064 sibi

453 4093 667 4162 quidem
701 4094 753 4148 in
786 4096 966 4150 animo
992 4096 1176 4162 fuisse,
1214 4099 1518 4168 priusquam
1561 4100 1895 4169 superiorem
1925 4102 2036 4169 epi-

453 4183 645 4238 stolam
678 4185 956 4252 scriberet,
984 4188 1050 4241 ad
1091 4202 1186 4243 eos
1228 4203 1286 4243 se
1313 4194 1559 4245 conferre
1579 4230 1595 4255 ,
1638 4202 1892 4247 caeterum
1924 4207 2042 4247 sese

452 4274 524 4328 ob
549 4275 829 4330 caritatem
876 4264 1227 4344 continuisse,
1276 4295 1342 4334 ne
1374 4296 1467 4335 eos
1499 4281 1826 4338 incorrectos
1854 4292 2039 4339 osten-

454 4363 625 4419 deret.
670 4364 951 4421 Probabile
993 4378 1171 4422 autem
1216 4379 1321 4435 est,
1370 4380 1490 4439 post
1540 4372 1687 4425 illam
1714 4374 2037 4451 \epistolam,

456 4454 657 4524 Spiritu
685 4454 795 4525 jam
824 4472 946 4510 eum
990 4458 1210 4514 minime
1240 4458 1577 4529 prohibente,
1623 4472 1807 4532 suapte
1851 4474 2041 4532 Sponte

454 4545 524 4601 ob
561 4545 700 4600 hanc
744 4562 958 4602 causam
1008 4550 1291 4605 mansisse.
1334 4551 1485 4620 Quod
1522 4553 1682 4607 etiam
1714 4554 1881 4623 magis
1908 4570 2039 4608 con-

449 4638 620 4707 jicere
649 4647 749 4701 est,
776 4655 967 4709 nempe
994 4642 1133 4711 quod
1168 4642 1317 4698 initio
1345 4644 1557 4713 quidem
1586 4645 1818 4715 Spiritus
1858 4646 2040 4715 prohi-

455 4730 635 4796 bebat,
686 4742 805 4801 post
850 4742 1025 4788 autem
1075 4736 1189 4805 ipse
1227 4751 1439 4806 quoque
1481 4752 1661 4791 secum
1702 4749 1954 4807 reputans
1988 4738 2039 4793 id

455 4822 647 4878 melius
675 4838 814 4890 esse,
848 4828 1122 4881 manserit.
1154 4827 1231 4881 Tu
1258 4843 1389 4882 vero
1418 4830 1727 4884 consideres
1754 4832 1909 4884 velim
1933 4848 2039 4899 quo

457 4924 611 4986 pacto
643 4932 829 4985 rursus
865 4921 1191 4975 mentionem
1221 4920 1301 4974 sui
1328 4921 1500 4975 faciat.
1532 4922 1683 4990 Quod
1714 4925 1928 4993 quidem
1960 4923 2039 4977 id-

455 5008 596 5061 circo
648 5006 771 5060 facit
812 5007 885 5078 (id
931 5011 1072 5063 enim
1125 5012 1397 5066 inculcare
1443 5027 1549 5064 non
1596 5011 1881 5083 desinam),
1914 5021 1972 5066 ut
2008 5027 2035 5065 a

454 5099 739 5152 contrariis
783 5102 1138 5168 patrocinium
1184 5105 1283 5157 sibi
1324 5112 1548 5173 quaerat.
1591 5104 1849 5170 Quoniam
1894 5105 2037 5158 enim

449 5190 741 5244 verisimile
784 5200 897 5243 erat
937 5206 1030 5248 eos
1070 5196 1268 5251 sinistri
1315 5196 1514 5267 aliquid
1565 5196 1820 5266 suspicari
1860 5210 1922 5251 ac
1958 5196 2039 5250 di-

458 5294 576 5334 rere
605 5296 620 5332 :
654 5277 857 5333 Idcirco
880 5281 942 5333 ad
972 5299 1066 5336 nos
1099 5301 1205 5340 non
1235 5288 1446 5352 venisti,
1474 5288 1595 5357 quia
1625 5288 1775 5341 nobis
1799 5284 2035 5340 infensus

452 5383 639 5437 esses;
678 5372 1007 5425 contrarium
1058 5376 1311 5443 ostendit,
1360 5380 1551 5448 nempe
1590 5393 1650 5432 se
1698 5377 1817 5430 ideo
1852 5377 1919 5431 ad
1942 5391 2037 5433 eos

453 5461 747 5531 profectum
776 5478 882 5516 non
910 5476 1052 5527 esse,
1096 5466 1235 5533 quod
1278 5482 1371 5521 eos
1411 5479 1634 5523 amaret.
1684 5468 1817 5534 Quid
1858 5476 2036 5523 autem

456 5565 561 5621 est,
594 5555 818 5610 Parcens
842 5556 865 5607 ξ)
908 5554 1136 5623 Audivi,
1189 5557 1379 5625 inquit,
1428 5562 1711 5615 nonnullos
1744 5577 1862 5615 esse
1896 5563 2035 5631 apud

398 5699 429 5726 .
458 5663 557 5701 vos
583 5649 671 5717 qui
701 5658 939 5716 stuprum
979 5649 1369 5716 perpetrarint;
1404 5652 1653 5721 noluique
1673 5654 1739 5707 ad
1772 5668 1867 5706 vos
1896 5655 2036 5708 veni-

458 5755 535 5805 m,
568 5756 631 5795 ue
655 5755 748 5796 vos
778 5742 827 5795 in
861 5754 1145 5795 maerorem
1169 5741 1509 5810 conjicerem.
1546 5746 1733 5801 Comm
1766 5747 1905 5800 enim
1936 5763 2031 5804 ne-

2160 2467 2310 2509 cesse
2340 2456 2526 2527 fuisset
2552 2458 2761 2518 facinus
2781 2469 3112 2536 examinare,
3136 2480 3192 2527 et
3213 2473 3481 2532 vindicare
3502 2492 3565 2532 ac
3586 2480 3745 2550 puni-

2157 2558 2236 2616 re,
2267 2553 2425 2615 atque
2451 2549 2518 2604 de
2545 2552 2726 2607 multis
2757 2568 2944 2623 poenas
2972 2573 3206 2615 sumere.
3235 2561 3419 2633 itaque
3437 2549 3606 2623 satius
3626 2584 3749 2626 esse

2156 2634 2282 2690 duxi
2333 2637 2545 2706 abesse,
2591 2657 2655 2697 ac
2693 2646 3082 2715 resipiscentiaa
3128 2651 3303 2708 locum
3349 2656 3501 2711 vobis
3547 2641 3746 2717 conce-

2155 2726 2306 2794 dere,
2357 2745 2517 2801 quam
2546 2748 2784 2803 przesens
2812 2736 3016 2794 facinus
3044 2742 3250 2807 ulcisci,
3280 2746 3602 2817 graviusque
3631 2752 3743 2807 ira-

2153 2820 2252 2873 sci.
2287 2820 2497 2877 Etenim
2526 2825 2627 2881 sub
2652 2828 2892 2896 epistola:
2924 2832 3084 2887 [luem
3113 2835 3350 2904 apertius
3392 2838 3532 2894 istud
3559 2840 3744 2898 decla-

2154 2910 2314 2976 ravit,
2341 2926 2461 2967 cum
2489 2914 2622 2969 dixit
2655 2934 2669 2967 :
2702 2917 2890 2975 Timeo
2912 2930 3117 2986 autem,
3145 2924 3228 2979 Ne
3251 2928 3383 2996 forte
3405 2945 3522 2984 cum
3542 2947 3753 3001 uenero,

2154 3002 2381 3058 [inutilia
2424 3022 2504 3059 me
2539 3007 2680 3063 Deus
2711 3013 2851 3081 apud
2886 3030 2974 3068 vos
2996 3055 3012 3081 ,
3041 3027 3087 3070 et
3112 3017 3310 3089 lugeam
3333 3022 3517 3077 multos
3566 3041 3632 3080 at:
3658 3027 3743 3096 iis,

2153 3095 2240 3165 qui
2269 3107 2386 3151 ante
2405 3108 2758 3168 peccaverunt,
2783 3112 2828 3156 et
2852 3122 2953 3160 non
2992 3120 3197 3179 egerunt
3227 3115 3571 3181 patriminam
3590 3095 3746 3185 super

2151 3186 2473 3243 immundiiia
2502 3201 2550 3245 et
2599 3192 2935 3263 fornicatione
2968 3213 3119 3267 quam
3150 3205 3375 3270 fecerunt
3402 3204 3481 3269 (ἓ.
3503 3192 3624 3261 Cor.
3650 3210 3752 3267 12..

2150 3278 2265 3350 2i).
2299 3280 2411 3336 Hoc
2440 3282 2597 3352 igitur
2623 3283 2710 3339 hic
2738 3301 2951 3357 quoque
2980 3292 3232 3358 ostendit,
3264 3304 3425 3366 atque
3447 3296 3498 3353 id
3524 3299 3740 3367 quidem

2153 3369 2389 3438 profert,
2425 3381 2702 3445 tamquam
2729 3390 2789 3431 se
2831 3393 3122 3448 excusans,
3153 3398 3245 3438 eos
3301 3401 3427 3440 vero
3478 3390 3743 3447 acerrime

2153 3463 2465 3533 perstringit
2485 3480 2547 3521 ac
2568 3475 2751 3523 terret.
2774 3468 2868 3525 llis
2890 3472 3033 3525 enim
3065 3475 3243 3530 verbis
3266 3478 3587 3547 significavit
3604 3523 3621 3548 ,
3646 3498 3741 3539 eos

2152 3568 2322 3618 paena:
2348 3554 2611 3610 obnoxios
2631 3572 2772 3625 esse,
2795 3571 2954 3630 atque
2978 3562 3114 3619 adeo
3135 3565 3247 3621 fore
3268 3577 3326 3623 ut
3345 3569 3521 3624 acerbi
3541 3552 3741 3642 aliquid

2151 3645 2438 3711 patiantur,
2467 3646 2567 3700 nisi
2584 3652 2978 3717 quamprimum
3002 3658 3375 3713 emendentur.
3396 3660 3551 3726 Quod
3577 3665 3739 3719 etiam

2149 3731 2321 3799 ipsum
2351 3749 2534 3804 rursus
2554 3737 2618 3788 ad
2644 3738 2881 3806 epistolae
2900 3744 3102 3797 calcem
3124 3747 3218 3811 ait,
3258 3747 3320 3801 Si
3341 3765 3516 3804 rursus
3533 3769 3735 3821 venero,

2148 3838 2249 3874 non
2277 3840 2505 3891 parcam.
2538 3825 2804 3881 Caeterum
2836 3830 2944 3884 illic
2972 3835 3213 3901 apertius
3260 3837 3401 3892 istud
3442 3843 3736 3911 exprimit;

2151 3914 2235 3968 hic
2265 3925 2466 3978 autem,
2514 3920 2765 3987 quoniam
2800 3921 3008 3977 initium
3053 3926 3322 3982 scribendi
3352 3928 3597 3997 faciebat,
3626 3950 3734 3990 non

2150 4004 2221 4058 ita
2246 4005 2344 4059 hoc
2375 4006 2521 4071 dicit,
2562 4008 2654 4063 sed
2673 4010 2993 4067 submissius
3018 4033 3030 4068 :
3055 4031 3119 4072 ac
3148 4033 3215 4072 ne
3246 4018 3347 4073 hoc
3364 4021 3579 4090 quidem
3606 4038 3735 4078 cou-

2149 4104 2346 4157 tentus,
2378 4097 2428 4149 id
2461 4114 2673 4167 qunque
2701 4100 2872 4168 ipsum
2907 4119 3094 4160 rursus
3122 4108 3347 4178 mitigat,
3368 4125 3429 4165 ac
3444 4116 3732 4170 correctio-

2149 4200 2215 4238 ne
2240 4186 2467 4255 quadam
2493 4188 2674 4241 utitur.
2700 4192 2834 4255 Quia
2851 4193 2992 4246 enim
3017 4193 3119 4249 hoc
3138 4197 3340 4252 dictum
3365 4201 3596 4256 hominis
3612 4220 3733 4260 esse

2146 4277 2420 4331 videbatur
2446 4278 2586 4333 haud
2610 4296 2823 4349 parvam
2849 4288 3219 4343 auctoritatem
3247 4306 3355 4359 prce
3381 4306 3440 4345 se
3467 4294 3723 4363 ferentis;

2148 4366 2214 4421 iis
2238 4371 2379 4423 enim
2414 4373 2581 4440 parcit
2609 4374 2802 4444 aliquis
2828 4418 2842 4441 ,
2874 4377 2925 4431 iu
2956 4393 3093 4448 quos
3119 4395 3216 4435 suo
3237 4381 3359 4451 jure
3385 4383 3729 4441 animadver-

2151 4470 2261 4517 tere
2292 4473 2502 4531 potest;
2535 4464 2736 4520 idcirco
2784 4468 2915 4521 illud
2946 4471 3231 4540 molliens,
3282 4482 3443 4544 atque
3472 4476 3545 4544 id,
3593 4480 3734 4547 quod

2147 4554 2381 4620 speciem
2427 4558 2733 4624 asperitatis
2784 4559 3035 4627 habebat,
3091 4563 3440 4633 adumbratis,
3487 4570 3607 4622 ait:
3641 4572 3731 4625 24.

2150 4642 2272 4696 Non
2301 4645 2425 4712 quia
2450 4645 2770 4697 dominamur
2818 4648 2937 4714 fidei
2982 4660 3173 4704 uestris.
3207 4652 3321 4707 Hoc
3377 4666 3480 4720 est,
3506 4657 3621 4711 Non
3652 4659 3734 4713 id-

2146 4736 2288 4788 circo
2316 4737 2420 4788 dixi
2447 4752 2551 4801 me,
2586 4746 2639 4789 ut
2666 4739 2816 4791 vet-.5
2848 4742 3476 4808 parceremﬁorintbum
3500 4766 3605 4805 non
3635 4767 3731 4807 ve-

2146 4828 2308 4889 nisse,
2334 4842 2393 4880 ac
2419 4828 2461 4879 si
2486 4829 2633 4881 vobis
2652 4828 2913 4883 thr-raw.
2939 4833 3045 4889 Nec
3064 4836 3215 4901 dixit,
3243 4838 3423 4910 Vobis,
3444 4845 3561 4911 scd.
3587 4849 3731 4917 Quod

2144 4919 2323 4972 mitius
2353 4933 2413 4971 ac
2442 4920 2615 4974 verius
2639 4932 2773 4986 erat,
2814 4923 2961 4981 Fide?
2986 4939 3157 4984 vestrm
3185 4949 3201 4986 :
3236 4949 3357 4989 nam
3386 4938 3607 4995 credere
3634 4958 3733 4997 no~

2145 5009 2338 5062 lentem
2363 5010 2482 5078 quis
2505 5019 2585 5064 est
2605 5013 2693 5081 qui
2717 5029 2911 5086 cogere
2932 5032 3094 5089 queat
3112 5023 3132 5076 ?
3153 5022 3259 5078 Sed
3279 5026 3539 5097 adjutores
3560 5048 3734 5084 sumas

2144 5101 2320 5171 gaudii
2348 5102 2515 5155 vestri.
2546 5102 2831 5175 Quoniam,
2867 5110 3061 5180 inquit,
3094 5115 3347 5183 gaudium
3378 5129 3610 5173 vestrum
3643 5137 3734 5177 no-

2144 5191 2312 5245 strum
2343 5200 2444 5257 est,
2476 5192 2594 5248 ideo
2623 5210 2727 5250 non
2752 5200 2895 5263 veni,
2929 5217 2996 5255 ne
3018 5217 3112 5257 vos
3144 5205 3195 5257 in
3237 5222 3523 5262 mcerorem
3559 5213 3731 5282 conji-

2144 5298 2323 5339 ceretn
2355 5325 2369 5350 ,
2414 5294 2574 5355 atque
2620 5288 2689 5341 ita
2734 5304 3022 5347 mmrorem
3077 5310 3251 5348 meum
3302 5312 3588 5369 augerem;
3639 5306 3734 5360 sed

2143 5380 2314 5432 'nansi
2337 5419 2351 5445 ,
2382 5386 2437 5431 ut
2466 5380 2625 5433 minis
2664 5386 2892 5437 correcti
2925 5385 3198 5441 laztemini.
3230 5388 3419 5446 Omnia
3450 5399 3593 5449 enim
3636 5398 3735 5453 la:-

2150 5470 2277 5524 titize
2311 5482 2499 5524 vestrae
2536 5487 2695 5527 causa
2722 5473 2965 5542 facimus,
2993 5484 3045 5529 et
3072 5475 3172 5531 hac
3199 5481 3249 5534 in
3280 5499 3337 5537 re
3366 5487 3602 5542 studium
3631 5505 3729 5558 po-

2146 5564 2350 5630 nimus,
2384 5566 2505 5633 quia
2559 5565 2701 5621 illam
2757 5567 3030 5621 vobiscum
3078 5586 3418 5631 communem
3452 5578 3732 5633 habemus.

2146 5654 2287 5707 Nam
2308 5656 2409 5722 ﬁde
2435 5658 2595 5709 statis.
2626 5656 2753 5710 Vide
2802 5672 2905 5725 quo
2935 5668 3092 5726 pacto
3120 5678 3329 5719 rursum
3361 5667 3624 5723 submisse
3654 5670 3732 5723 1ος

2144 5758 2337 5819 quatur
2368 5764 2381 5800 :
2441 5760 2653 5804 veretur
2674 5750 2813 5803 enim
2847 5750 3039 5807 iterum
3072 5770 3163 5811 eos
3191 5760 3570 5829 perstringere,
3600 5778 3729 5817 aut)-
