4028 6222
422 332 526 389 ιω

419 450 563 499 niam
594 441 648 496 in
675 438 852 509 priore
873 433 1100 507 epistola
1130 432 1477 487 vehementer
1500 429 1649 494 ipsos
1687 424 2002 485 incesserat,

419 548 485 588 ac
520 529 943 601 resipiseeutiam
986 523 1273 594 quamdam
1300 511 1677 575 ex‘hibuerant.
1704 515 1878 582 Atque
1909 511 2010 565 hoc

420 640 612 680 eorum
642 624 853 677 animos
883 620 1268 674 subversurum
1298 621 1436 675 erat,
1465 610 1532 673 si,
1574 622 1694 662 cum
1725 604 1791 659 ad
1818 603 2007 657 melio-

420 732 531 771 rem
555 714 757 784 frugem
787 728 847 767 se
873 708 1295 768 convertissem,
1320 700 1563 757 eamdem
1583 694 2007 765 objurgationem

418 809 728 863 subiissent.
740 804 863 857 ideo
876 801 990 853 haec
1002 796 1226 865 episrola
1242 794 1520 861 superiore
1536 788 1706 843 multo
1723 785 1891 839 lenior
1904 790 2005 837 est.

420 900 572 969 (Cap.
596 898 706 968 ll.)
726 897 775 949 ι.
802 891 973 948 Statui
992 899 1157 942 autem
1180 887 1272 940 hoc
1288 887 1456 954 ipsum
1475 880 1613 952 apud
1636 892 1733 941 me,
1750 892 1811 929 ne
1828 876 2012 969 iterum

419 968 470 1045 in
492 991 695 1044 tristitia
713 987 929 1040 venirem
948 983 1014 1035 ad
1031 998 1135 1035 vos.
1165 980 1297 1035 Cum
1318 977 1410 1041 ait,
1451 975 1666 1036 Iterum,
1693 968 1927 1024 ostendit
1954 981 2013 1020 se

419 1084 527 1150 jam
557 1081 626 1132 ab
662 1078 772 1131 illis
798 1088 1027 1131 merere
1057 1073 1307 1126 allectum
1339 1066 1504 1120 fuisse
1533 1076 1801 1130 :cumque
1828 1075 1885 1113 se
1915 1074 2012 1150 exs

422 1149 617 1229 cusare
647 1171 875 1232 videtur,
909 1185 1003 1223 eos
1034 1168 1194 1219 tacite
1232 1160 1561 1230 perstringit.
1593 1155 1726 1210 Nam
1754 1153 1800 1207 si
1824 1152 1932 1220 jam
1963 1149 2011 1202 ei

429 1278 716 1319 mmrorem
742 1261 1050 1320 attulerant,
1076 1269 1139 1307 ac
1160 1266 1347 1307 rursus
1374 1247 1585 1302 allaturi
1610 1251 1784 1307 erant,
1811 1239 2015 1307 c0gites

429 1356 589 1407 \elim
651 1361 885 1422 quantus
928 1360 1130 1402 mmror
1182 1343 1348 1413 ipsius
1395 1335 1763 1393 verisimiliter
1808 1332 2017 1422 futurus

427 1455 563 1501 erat.
599 1419 800 1498 verum
829 1441 930 1492 hoc
962 1452 1065 1489 non
1116 1434 1260 1497 dicit,
1293 1429 1436 1500 quod
1485 1425 1737 1482 mmstitia
1789 1420 1855 1475 ab
1887 1419 2017 1488 ipsis

426 1536 652 1589 allectus
680 1534 770 1592 sit,
807 1528 901 1583 sed
925 1527 1031 1580 alio
1054 1524 1214 1578 modo
1238 1523 1482 1591 loquens,
1510 1518 1611 1570 hoc
1640 1515 1812 1583 ipsum
1845 1509 2018 1564 innuit

426 1629 604 1696 aitque
636 1622 956 1689 :Propterea
985 1633 1089 1671 non
1120 1615 1260 1679 veni,
1283 1630 1349 1667 ne
1372 1626 1467 1665 vos
1488 1620 1723 1664 miserere
1749 1602 2015 1696 afficiam:

427 1691 570 1789 quod
598 1713 841 1768 eamdem
866 1708 1079 1779 quidem
1114 1708 1223 1760 vim
1250 1704 1413 1758 habet
1438 1711 1598 1789 atque
1628 1693 1851 1789 idquod
1883 1691 2012 1753 dixi,

431 1785 759 1876 aequioribus
798 1812 974 1855 autem
1006 1797 1198 1853 animis
1227 1792 1516 1864 excipitur.
1548 1787 1602 1843 ‘2.
1637 1788 1697 1842 Si
1750 1785 1885 1838 enim
1929 1797 2018 1876 ego

428 1875 675 1953 contristo
715 1912 820 1962 vos,
860 1903 903 1947 et
930 1894 1042 1963 quis
1079 1902 1151 1945 est
1178 1890 1263 1959 qui
1291 1904 1368 1940 me
1409 1885 1651 1953 laetiﬁcat,
1705 1880 1807 1933 nisi
1846 1879 1889 1930 is
1934 1875 2021 1943 qui

432 1989 758 2044 contristatur
783 2002 845 2039 ea;
880 1985 997 2037 me?
1028 1984 1281 2049 Quasnam
1316 1978 1431 2031 btec
1459 1971 1841 2042 consequentia
1896 1966 2019 2021 est?

435 2082 659 2135 Maxima
685 2088 830 2134 certe
863 2094 876 2130 :
922 2077 1000 2130 sic
1029 2075 1171 2129 enim
1203 2071 1501 2126 considera.
1532 2065 1708 2131 Nolui,
1736 2064 1924 2132 inquit,
1953 2060 2021 2116 ad

436 2189 529 2227 vos
555 2171 841 2242 proficisci,
874 2183 941 2221 ne
964 2180 1056 2219 vos
1083 2165 1309 2233 amplius
1334 2162 1671 2223 contristent,
1709 2156 2017 2223 obiurgans,

434 2263 855 2325 exeandescens,
880 2272 1153 2311 aversans.
1176 2254 1398 2317 Deinde,
1420 2251 1671 2321 quoniam
1696 2248 1797 2300 hoc
1812 2258 2023 2314 quoque

435 2372 597 2426 grave
630 2361 746 2408 crat
766 2393 782 2416 ,
812 2362 969 2419 atque
999 2350 1237 2418 ipsorum
1267 2345 1664 2400 accusationem
1696 2340 2024 2408 complecte-

438 2449 612 2509 batur,
644 2444 687 2497 si
715 2441 927 2514 quidem
953 2439 1023 2494 ita
1054 2438 1312 2503 viverent,
1346 2446 1401 2490 ut
1423 2436 1640 2489 Paulum
1666 2431 1919 2487 maestitia
1943 2428 2023 2481 ai-

440 2541 681 2597 licerent,
735 2533 1127 2588 correctionem
1158 2528 1397 2590 adhibet,
1431 2526 1611 2593 aitque
1639 2541 1652 2576 :
1686 2522 1743 2576 Si
1769 2522 1902 2573 enim
1934 2533 2025 2588 ego

439 2627 681 2682 contristo
719 2641 826 2690 vos,
865 2634 910 2677 et
941 2624 1055 2693 quis
1101 2631 1171 2675 est
1201 2621 1285 2689 qui
1318 2634 1394 2670 me
1420 2616 1661 2683 ltztiﬁcet,
1704 2612 1803 2665 nisi
1854 2611 1897 2664 is
1939 2610 2027 2679 qui

440 2722 765 2773 contristatur
795 2734 856 2771 ex
881 2717 996 2769 me?
1029 2714 1229 2767 Horum
1257 2720 1433 2764 autem
1468 2707 1752 2761 verborum
1788 2704 1874 2757 hic
1905 2717 2028 2755 sen-

441 2830 532 2867 sus
558 2824 638 2867 est
672 2831 686 2864 :
714 2811 854 2881 quod
883 2808 927 2861 si
956 2807 1115 2860 etiam
1150 2804 1381 2856 fntnrmn
1433 2809 1597 2863 esset,
1651 2808 1709 2852 ut
1753 2797 1807 2851 in
1838 2795 2029 2850 dolore

444 2920 712 2969 versarer,
737 2904 865 2956 dum
892 2899 1099 2953 scilicet
1138 2912 1233 2950 vos
1262 2896 1549 2964 objurgare
1595 2906 1657 2944 ac
1688 2897 1910 2944 maestos
1950 2887 2029 2941 vi-

442 2997 571 3051 dere
598 3008 821 3063 cogerer
851 3009 865 3045 :
894 2998 947 3042 at
971 3003 1039 3043 ex
1070 2988 1169 3042 hoc
1190 3000 1403 3057 quoque
1433 2984 1548 3052 ipso
1580 2981 1906 3051 voluptatem
1932 2993 2025 3033 ca—

444 3106 647 3160 perem.
680 3086 963 3141 Maximum
996 3084 1137 3138 enim
1164 3082 1266 3135 hoc
1296 3079 1495 3133 amoris
1524 3085 1898 3147 argumentum
1922 3081 2025 3138 est,

447 3181 579 3234 tanti
622 3194 708 3233 me
738 3192 766 3230 a
796 3177 944 3230 vobis
976 3174 1162 3245 pendi,
1198 3183 1254 3227 ut
1281 3172 1490 3226 animos
1539 3178 1750 3223 vestros
1780 3166 2027 3221 mordere

443 3286 657 3341 queam,
690 3269 812 3323 dum
840 3283 935 3322 vos
965 3281 1205 3321 aversor.

514 3361 565 3415 2.
613 3360 763 3414 Pauli
792 3358 1273 3429 prudentia—Ac
1322 3353 1443 3407 vide
1485 3350 1840 3422 prudentiam.
1895 3349 2027 3404 Nam

444 3455 586 3527 quod
614 3456 663 3508 in
696 3468 844 3508 more
884 3450 1265 3517 discipulorum
1295 3446 1523 3515 positum
1551 3455 1653 3508 est,
1699 3453 1757 3498 ut
1810 3443 2029 3497 doleant

447 3558 608 3616 atque
630 3560 771 3614 :rgre
802 3543 974 3596 ferant
1000 3543 1116 3594 eum
1140 3540 1506 3608 objurgantur,
1532 3537 1608 3590 sic
1628 3547 1803 3590 tamen
1830 3550 1923 3589 eos
1952 3535 2031 3586 in-

448 3638 631 3703 ducit,
666 3646 935 3702 tamquam
968 3633 1064 3685 hac
1093 3633 1143 3685 in
1178 3646 1235 3685 re
1263 3631 1362 3700 ipsi
1410 3630 1817 3699 gratificentur:
1846 3626 2029 3695 Neque

446 3729 610 3789 enim,
646 3726 840 3795 inquit,
871 3740 954 3778 me
983 3723 1250 3794 quiSpiam
1301 3720 1520 3790 perinde
1546 3719 1807 3775 exhilarat
1852 3730 1908 3772 ut
1942 3719 2031 3772 ille

448 3820 537 3890 qui
566 3820 724 3872 verba
749 3833 863 3872 mea
897 3826 1067 3880 curat,
1096 3830 1159 3869 ac
1182 3815 1537 3868 discruciatur
1558 3828 1678 3865 cum
1711 3826 1794 3865 me
1837 3811 2028 3864 iratum

447 3912 639 3966 cernit.
672 3910 736 3964 Et
762 3908 980 3979 quidem
1012 3917 1429 3961 consentaneum
1461 3915 1575 3961 erat
1603 3914 1657 3958 ut
1696 3904 1902 3960 diceret
1930 3924 1942 3958 :
1973 3905 2031 3959 Si

447 4005 589 4055 enim
614 4016 713 4069 ego
731 4000 992 4053 contristo
1018 4013 1133 4061 vos,
1157 3999 1343 4067 ecquis
1366 4005 1455 4051 est
1484 4000 1571 4065 qui
1606 3996 1842 4050 lzetitiam
1878 3996 2031 4051 vobis

448 4093 644 4147 afferre
670 4089 873 4160 possit?
904 4099 955 4141 at
988 4089 1089 4142 hoc
1116 4098 1291 4142 tamen
1325 4103 1427 4141 non
1456 4088 1616 4151 dicit,
1642 4086 1733 4141 sed
1768 4085 1817 4139 id
1848 4102 2032 4139 rursus

446 4184 684 4245 invertit,
720 4196 813 4234 eos
856 4179 1106 4233 videlicet
1135 4179 1420 4239 delinicns,
1448 4194 1509 4231 ac
1539 4179 1722 4232 dicens
1760 4194 1774 4230 :
1808 4178 2031 4231 Etiamsi

447 4290 542 4327 vos
574 4274 816 4326 molestia
844 4272 1046 4331 afficio,
1082 4272 1133 4324 in
1157 4271 1260 4324 hoc
1293 4281 1467 4324 tamen
1500 4272 1792 4323 maximum
1821 4285 1848 4321 a
1882 4269 2031 4324 vobis

451 4363 769 4418 beneﬁcium
793 4362 967 4431 capio,
997 4360 1137 4429 quod
1162 4362 1497 4414 sermonibus
1523 4362 1654 4414 meis
1675 4361 1837 4413 animi
1870 4363 2029 4415 vestri

450 4456 899 4525 perstringantnr.
948 4454 1001 4506 5.
1056 4450 1258 4504 Etenim
1302 4452 1395 4503 hoc
1439 4452 1604 4520 ipsum
1655 4452 1837 4519 scripsi
1874 4452 2028 4506 vobis.

448 4548 755 4616 Quidnam?
804 4547 951 4613 Quod
986 4555 1040 4598 ut
1071 4548 1220 4598 vobis
1250 4559 1557 4613 parcerem,
1611 4560 1714 4597 non
1769 4546 2027 4598 venerim.

449 4639 675 4708 Quando
704 4650 878 4692 autem
914 4638 963 4691 id
1011 4638 1318 4691 scribebat?
1358 4654 1422 4689 an
1469 4639 1518 4690 in
1565 4639 1741 4706 priore
1781 4638 2028 4706 epistola,

449 4749 571 4787 cum
604 4732 811 4786 dicebat
844 4748 857 4784 :
890 4730 1025 4783 Nolo
1066 4738 1234 4781 autent
1262 4744 1394 4780 nunc
1420 4744 1504 4779 vos
1531 4730 1584 4781 in
1614 4731 1825 4783 transitu
1866 4730 2033 4783 videre

451 4828 530 4894 (l.
562 4825 679 4879 Cor.
710 4824 796 4879 16.
820 4825 916 4892 7)?
946 4822 1060 4876 Non
1091 4822 1328 4891 quidem,
1364 4831 1419 4873 ut
1448 4821 1672 4887 opinor,
1733 4822 1826 4875 sed
1861 4824 1909 4874 in
1935 4838 2027 4876 ea-

450 4916 573 4970 dem
603 4915 825 4983 epistola
858 4954 871 4976 ,
926 4928 1045 4965 cum
1076 4913 1279 4967 diceret
1312 4930 1324 4963 :
1362 4911 1445 4964 Ne
1469 4927 1582 4963 cum
1610 4926 1785 4964 venero
1817 4931 1990 4966 rursus
2013 4955 2027 4976 ,

451 5008 677 5064 liumiliet
709 5023 787 5058 me
816 5005 949 5057 Deus
1000 5004 1138 5071 apud
1166 5020 1249 5055 vos
1290 5006 1365 5071 ('2.
1400 5004 1518 5057 Cor.
1566 5004 1653 5057 19..
1688 5004 1799 5073 21).
1830 5005 2029 5073 Scripsi

450 5117 598 5171 ergo,
634 5103 838 5170 inquit,
877 5100 926 5152 in
960 5099 1063 5151 line
1097 5097 1370 5165 cpistolzc:
1406 5097 1486 5149 Ne
1534 5102 1661 5167 forte
1699 5114 1813 5151 cum
1855 5113 2030 5150 venero

452 5193 681 5244 Intmiliet
723 5206 800 5243 me
851 5188 1024 5253 Deus,
1070 5198 1113 5240 et
1156 5188 1351 5255 lugeam
1379 5188 1561 5241 multos
1588 5189 1741 5242 exiis
1787 5190 1872 5257 qui
1915 5198 2031 5241 ante

452 5288 800 5351 peccaverunt.
835 5280 942 5331 Cur
972 5290 1146 5331 autem
1176 5278 1490 5330 scribebas?
1534 5277 1599 5331 Ut
1628 5296 1727 5331 non
1752 5296 1864 5331 cum
1894 5294 2029 5332 vene-

450 5390 526 5435 ro,
571 5372 823 5425 tristitiam
854 5368 1062 5421 habeam
1092 5370 1152 5421 de
1183 5370 1264 5431 iis,
1304 5368 1365 5420 de
1406 5369 1581 5435 quibus
1611 5381 1903 5435 oportuerat
1950 5387 2027 5424 me

450 5464 669 5534 gaudere
698 5478 715 5515 :
744 5462 1001 5529 conﬁdens
1047 5463 1097 5511 in
1150 5462 1377 5513 omnibus
1420 5460 1554 5511 vobis
1578 5498 1592 5521 ,
1623 5463 1738 5528 quia
1785 5464 2029 5531 gaudium

450 5572 613 5609 meum
644 5554 868 5609 omnium
910 5563 1125 5606 vestrum
1151 5565 1238 5603 est.
1272 5554 1399 5620 Quia
1426 5552 1565 5604 enim
1597 5551 1810 5605 dixerat
1835 5555 2027 5623 volup~

450 5659 555 5701 tate
582 5664 640 5702 se
666 5647 825 5709 affici,
856 5662 974 5699 cum
1001 5644 1095 5712 ipsi
1125 5657 1445 5712 angerentur
1472 5686 1485 5707 ,
1518 5654 1674 5713 atque
1708 5647 1807 5697 hoc
1854 5646 2028 5698 adhuc

452 5742 689 5812 asperius
709 5738 1149 5809 arrogantiusque
1182 5736 1343 5788 videri
1378 5744 1603 5804 poterat,
1635 5736 1683 5788 id
1714 5750 1895 5789 rursus
1919 5738 2023 5790 alio

1165 316 1222 372 S.
1265 310 1543 371 JOANNIS
1579 301 2062 363 CllRYSOSTOMl
2102 302 2418 359 ARCHIEP.
2450 300 2975 359 CONSTANTINOP.

3594 296 3696 353 4%

2117 420 2278 473 modo
2307 419 2559 483 invertit,
2585 432 2646 473 ac
2675 434 2769 489 per
2795 435 2878 485 ea,
2925 436 3045 488 qua:
3072 420 3367 489 subiunxit,
3412 419 3697 489 mitigavit.

2116 510 2241 566 Ideo
2295 512 2459 577 enim,
2486 511 2676 581 inquit,
2707 512 2854 581 prius
2883 512 2949 566 ad
2976 528 3068 567 vos
3096 513 3325 583 scripsi,
3376 528 3445 567 ne
3494 511 3699 566 dolenti

2114 602 2297 655 animo
2324 617 2418 656 vos
2443 602 2710 656 inveniam
2739 618 2843 657 non
2868 613 3160 658 correctos.
3186 604 3267 661 Ob
3296 604 3453 674 idque
3474 604 3606 669 dixi,
3632 603 3702 659 Ut

2114 708 2215 744 non
2241 698 2534 758 contrister;
2567 708 2671 747 non
2699 692 2840 762 quod
2868 692 2967 748 hac
2998 695 3047 747 in
3072 710 3129 748 re
3151 696 3491 749 commodum
3522 710 3700 749 meum

2115 792 2375 851 spectem,
2411 783 2504 837 sed
2538 794 2794 838 vestrum.
2827 783 2951 839 Scio
2996 787 3139 840 enim
3171 802 3285 852 vos,
3334 802 3454 841 cum
3487 801 3573 841 me
3606 785 3701 838 Icc-

2118 889 2224 928 tum
2250 875 2486 941 cernitis,
2519 876 2670 931 laetos
2697 891 2908 947 quoque
2934 892 3086 942 esse;
3129 893 3248 931 cum
3274 878 3543 934 dolentem
3574 894 3706 932 con-

2118 968 2338 1034 Sptcitis,
2360 969 2411 1022 in
2429 968 2613 1023 dolore
2631 971 2791 1024 etiam
2807 971 3023 1025 versari.
3052 970 3183 1024 Vide
3210 970 3368 1039 igitur
3385 987 3570 1025 rursus
3596 987 3705 1042 quo

2120 1070 2298 1129 pacto,
2332 1076 2451 1130 qum
2478 1060 2618 1114 dicta
2648 1071 2793 1127 sunt,
2817 1062 2955 1115 inter
2976 1076 3034 1117 se
3059 1061 3365 1115 cohazreant
3393 1079 3404 1113 :
3440 1062 3519 1117 sic
3536 1064 3702 1127 enim,

2119 1151 2245 1218 quid
2278 1151 2473 1205 Pan‘us
2498 1152 2657 1217 dicat,
2686 1151 2893 1207 facilius
2922 1154 3199 1229 intellectu
3229 1168 3594 1221 assequemur.
3630 1155 3707 1208 ld-

2120 1241 2283 1303 circo,
2316 1242 2509 1309 inquit,
2543 1257 2648 1295 non
2677 1243 2821 1307 veni,
2854 1258 2923 1297 ne
2948 1258 3045 1297 vos
3076 1259 3309 1298 maerore
3330 1242 3625 1308 aflicerem,
3660 1246 3705 1298 si

2124 1335 2450 1389 incorrectos
2481 1335 2845 1391 offendissem.
2892 1336 3004 1390 Hoc
3041 1347 3218 1391 autem
3272 1352 3376 1391 non
3410 1353 3559 1403 mea,
3612 1336 3707 1391 sed

2122 1439 2299 1483 vestra
2331 1444 2493 1483 causa
2520 1429 2805 1485 faciebam.
2840 1429 2950 1499 Ego
2978 1431 3122 1484 enim
3150 1444 3217 1485 ex
3258 1441 3439 1484 vestro
3474 1446 3709 1485 mmrore

2126 1521 2264 1575 haud
2302 1537 2518 1590 parvam
2549 1522 2878 1591 voluptatem
2901 1523 3078 1591 capio,
3110 1536 3231 1577 cum
3258 1537 3343 1576 me
3371 1523 3523 1577 vobis
3548 1532 3709 1577 tanta

2123 1628 2266 1668 curae
2292 1628 2412 1667 esse
2443 1627 2630 1677 cerno,
2664 1624 2722 1667 ut
2747 1614 2907 1667 etiam
2932 1614 2985 1669 in
3009 1629 3241 1670 moerere
3268 1630 3331 1670 ac
3358 1614 3547 1670 dolore
3567 1617 3709 1683 sitis,

2122 1718 2245 1757 cum
2284 1704 2650 1771 indignatione
2680 1704 2887 1759 afficior
2918 1724 2930 1759 :
2966 1706 3093 1771 Quis
3107 1709 3239 1760 enim
3264 1717 3335 1761 est
3356 1709 3443 1775 qui
3464 1724 3542 1763 me
3565 1709 3713 1764 exhi-

2126 1795 2271 1855 laret,
2303 1795 2400 1847 nisi
2421 1795 2509 1863 qui
2526 1810 2588 1848 ex
2608 1810 2687 1846 me
2710 1796 3076 1850 contristatur?
3104 1796 3305 1851 Tamen
3329 1799 3573 1866 quamvis
3594 1799 3712 1852 ani-

2126 1899 2214 1937 mo
2244 1883 2312 1937 ita
2338 1885 2658 1939 constitutus
2689 1885 2812 1950 sim,
2856 1888 3107 1956 quoniam
3138 1888 3300 1942 vestri
3331 1890 3589 1943 rationem
3613 1892 3711 1943 ha-

2128 1976 2251 2039 beo,
2283 1976 2385 2031 hoc
2409 1978 2581 2047 ipsum
2613 1977 2679 2033 ad
2707 1993 2802 2033 vos
2832 1980 3021 2049 scripsi
3044 2020 3059 2045 ,
3089 1990 3145 2034 ut
3184 1996 3254 2036 ne
3289 1982 3581 2036 contrister
3611 1999 3624 2034 :
3654 1982 3709 2036 in

2126 2066 2229 2121 hoc
2258 2082 2472 2137 quoque
2498 2084 2682 2122 rursus
2713 2085 2817 2124 non
2849 2086 3048 2137 meum,
3080 2071 3174 2126 sed
3207 2083 3442 2126 vestrum
3471 2087 3713 2129 commo-

2127 2162 2254 2215 dum
2280 2172 2549 2230 spectans.
2586 2162 2769 2231 Neque
2790 2164 2934 2218 enim
2964 2180 3050 2218 me
3082 2164 3232 2235 fugit,
3259 2166 3386 2235 quin
3416 2182 3479 2220 ea
3510 2180 3597 2220 res
3617 2181 3714 2220 vo-

2128 2252 2210 2306 bis
2238 2254 2455 2306 mmrori
2488 2253 2661 2306 futura
2690 2255 2779 2321 sit,
2810 2256 2853 2307 si
2885 2254 3157 2310 dolentem
3202 2272 3288 2311 me
3328 2257 3566 2313 videritis
3597 2273 3610 2311 :
3656 2268 3715 2313 ut

2129 2354 2314 2398 contra
2346 2344 2563 2411 laetitias,
2597 2346 2641 2399 si
2674 2362 2759 2400 me
2792 2346 2972 2400 laetum
3000 2350 3410 2417 conspexeritis.
3442 2349 3576 2404 Vide
3615 2350 3715 2403 ita-

2131 2450 2235 2505 que
2263 2436 2639 2504 prudentiam:
2672 2437 2903 2500 dixerat,
2936 2438 3057 2493 Non
3106 2441 3236 2506 veni,
3272 2449 3327 2493 ut
3358 2457 3423 2495 ne
3458 2456 3553 2495 vos
3584 2458 3715 2496 eon-

2132 2529 2347 2592 trister;
2389 2539 2443 2583 et
2477 2538 2652 2584 tamen
2701 2530 2929 2599 gaudeo,
2961 2532 3151 2600 inquit.
3184 2531 3406 2595 Deinde,
3438 2547 3505 2588 ne
3530 2548 3593 2588 ex
3623 2548 3715 2589 eo-

2133 2636 2251 2675 rum
2283 2620 2472 2675 dolore
2504 2621 2828 2691 voluptatem
2878 2623 2977 2678 sibi
3027 2640 3147 2678 esse
3190 2624 3453 2690 videatur,
3486 2624 3540 2679 in
3589 2626 3712 2692 hoe,

2133 2712 2324 2783 inquit,
2357 2711 2586 2782 gaudeo,
2616 2713 2759 2782 quod
2791 2728 2884 2768 vos
2926 2717 3302 2785 perstringam.
3351 2716 3481 2770 Nam
3509 2717 3713 2786 alioqui

2130 2803 2452 2869 discrucior,
2497 2820 2615 2858 cum
2644 2820 2758 2869 eos,
2790 2820 2819 2858 a
2848 2807 3040 2874 quibus
3070 2815 3350 2876 tantopere
3379 2824 3552 2873 amor,
3599 2821 3714 2862 mo-

2132 2895 2285 2950 lestia
2306 2895 2517 2951 aflicere
2535 2908 2719 2965 cogor,
2735 2911 2843 2950 non
2868 2899 2936 2952 ob
2956 2896 3008 2952 id
3034 2907 3234 2952 tantum
3255 2897 3395 2967 quod
3414 2898 3713 2970 obiurgem,

2132 2988 2228 3041 sed
2250 2988 2318 3041 ob
2341 2986 2393 3042 id
2420 2987 2582 3043 etiam
2616 2987 2757 3057 quod
2786 2988 2899 3058 ipse
2929 3004 3142 3059 quoque
3171 2990 3221 3044 in
3254 3005 3487 3045 mcerore
3508 2990 3630 3056 sim,
3653 3006 3716 3045 ac

2134 3080 2287 3133 vobis
2316 3094 2503 3135 rursus
2536 3082 2638 3135 hoc
2666 3084 2882 3137 nomine
2922 3098 3208 3138 mcerorem
3253 3099 3547 3139 accersam.
3582 3086 3716 3139 Ani-

2133 3171 2410 3225 madverte
2459 3182 2640 3227 autem
2671 3187 2777 3242 quo
2813 3181 2971 3242 pacto
3021 3173 3161 3241 istud
3194 3176 3354 3228 etiam
3394 3190 3517 3230 cum
3558 3176 3718 3231 laude

2136 3274 2299 3332 ponat
2327 3262 2513 3319 dicens
2532 3305 2547 3328 ,
2592 3263 2669 3317 De
2694 3265 2872 3333 quibus
2903 3276 3195 3332 oportuerat
3221 3282 3300 3318 me
3324 3267 3560 3335 gaudere.
3592 3262 3719 3322 Haec

2133 3355 2277 3410 enim
2307 3356 2468 3409 verba
2495 3354 2726 3408 hominis
2767 3363 2913 3422 sunt,
2947 3356 3308 3410 sinceritatem
3340 3366 3502 3424 atque
3532 3356 3719 3426 ingen-

2137 3459 2242 3502 tem
2296 3449 2498 3501 amoris
2549 3445 2795 3501 allectum
2852 3448 3188 3502 testiﬁcantis
3220 3465 3232 3501 :
3262 3464 3367 3502 non
3398 3462 3551 3503 secus
3580 3464 3642 3503 ac
3670 3450 3719 3505 si

2134 3540 2253 3609 quis
2279 3539 2346 3593 de
2365 3538 2507 3602 ﬁliis,
2533 3555 2666 3609 quos
2692 3540 2870 3593 multis
2897 3540 3171 3595 beneficiis
3200 3542 3482 3604 aliecisset,
3507 3552 3560 3596 et
3580 3558 3715 3611 quo-

2135 3646 2253 3684 rum
2282 3645 2441 3684 causa
2471 3630 2755 3700 plurimum
2783 3631 2982 3686 laboris
3013 3634 3359 3701 suscepisset,
3383 3632 3716 3703 loqueretur.

2136 3724 2431 3787 Quocirca,
2490 3723 2680 3793 inquit,
2740 3728 2784 3778 si
2834 3724 2931 3778 hac
2978 3726 3185 3781 ratione
3237 3726 3448 3793 scribo,
3494 3741 3558 3781 ac
3610 3742 3717 3782 non

2141 3816 2296 3870 venio
2323 3857 2338 3879 ,
2392 3824 2449 3870 ut
2506 3817 2681 3886 magni
2727 3817 2924 3887 aliquid
2978 3834 3259 3888 procurem
3302 3835 3406 3873 non
3444 3819 3622 3887 venio,
3656 3836 3721 3877 ac

2138 3924 2242 3961 non
2294 3907 2433 3976 quod
2474 3923 2571 3962 vos
2621 3907 2829 3963 oderim
2873 3918 3032 3979 atque
3059 3926 3294 3977 averser,
3326 3911 3419 3965 sed
3446 3912 3585 3982 quod
3625 3913 3724 3967 ad-

2137 3999 2353 4053 modum
2378 4014 2578 4055 amem.
2602 4000 2805 4054 Deinde
2831 4001 3081 4069 quoniam
3109 4001 3337 4068 dixerat,
3352 4002 3450 4069 Qui
3485 4019 3571 4058 me
3586 4018 3685 4058 con
3705 4035 3721 4045 -

2138 4092 2332 4155 tristat,
2379 4105 2467 4145 me
2508 4091 2779 4154 laetificat;
2809 4107 2878 4145 ne
2902 4092 2973 4145 illi
3007 4092 3269 4157 dicerent,
3307 4093 3540 4149 Hoccine
3563 4096 3722 4163 igitur

2139 4182 2231 4235 tibi
2265 4182 2443 4236 studio
2486 4192 2604 4245 est,
2637 4192 2693 4236 ut
2749 4182 3052 4249 ltctificeris,
3108 4193 3269 4251 atque
3309 4187 3557 4241 omnibus
3612 4188 3717 4241 vim

2139 4284 2284 4326 tuam
2316 4274 2590 4327 ostentcs?
2617 4273 2738 4329 ideo
2769 4275 3063 4343 subjunxit,
3089 4278 3141 4331 4.
3170 4276 3306 4330 Nam
3332 4296 3396 4333 ea:
3438 4282 3597 4333 multa
3625 4285 3718 4333 tri-

2138 4365 2394 4419 bulatione
2418 4374 2465 4418 et
2486 4366 2721 4435 angustia
2748 4368 2915 4419 cordis
2944 4368 3125 4436 scripsi
3152 4370 3288 4421 vobis
3315 4386 3403 4437 per
3431 4373 3612 4424 multas
3640 4373 3720 4425 la-

2138 4476 2353 4529 crymas,
2386 4475 2488 4512 non
2510 4469 2561 4509 ut
2585 4460 2966 4521 contristemini,
2996 4458 3083 4511 sed
3112 4469 3164 4510 ut
3208 4462 3379 4515 sciatis
3404 4479 3553 4532 quam
3580 4467 3721 4517 cari-

2140 4560 2291 4602 tatem
2320 4551 2530 4602 habeam
2559 4550 2895 4603 abundantius
2924 4566 3041 4620 erga
3071 4566 3175 4604 vos.

2213 4640 2365 4693 Pauli
2396 4658 2539 4694 amor
2574 4657 2693 4711 erga
2738 4642 3271 4709 discipulos.-—-Quid
3304 4644 3399 4697 hac
3430 4644 3603 4699 anima
3652 4647 3718 4701 ad

2139 4734 2421 4786 amandum
2455 4734 2814 4802 propensius"
2860 4733 3100 4789 Ostendit
3127 4737 3267 4789 enim
3304 4751 3361 4788 se
3391 4752 3491 4790 non
3522 4740 3716 4806 minus,

2142 4825 2249 4876 imo
2277 4824 2435 4877 etiam
2472 4824 2637 4876 multo
2669 4826 2834 4891 magis
2859 4824 3096 4877 doluisse
3118 4866 3131 4887 ,
3165 4840 3322 4892 quam
3359 4826 3427 4878 illi
3462 4829 3580 4896 ipsi,
3628 4830 3717 4897 qui

2141 4924 2513 4983 peccaverant.
2534 4914 2650 4967 Non
2680 4915 2821 4967 enim
2854 4930 2920 4967 ex
2956 4914 3298 4968 tribulatione
3330 4926 3532 4971 tantum
3561 4918 3713 4983 dixit,

2136 5004 2253 5070 sed,
2281 5003 2364 5057 Ex
2383 5004 2538 5060 multa
2550 5022 2571 5068 ;
2596 5020 2691 5058 nec
2712 5019 2803 5073 per
2827 5005 3088 5072 laerymas
3110 5004 3301 5072 solum,
3327 5008 3441 5071 sed,
3461 5007 3561 5058 Per
3586 5011 3719 5063 mul-

2140 5104 2215 5146 tas
2262 5094 2512 5165 lacrymas
2564 5105 2607 5147 et
2635 5096 2803 5147 cordis
2850 5097 3154 5162 angustiam.
3185 5097 3295 5152 Hoc
3320 5108 3435 5163 est,
3487 5097 3720 5157 Merere

2144 5186 2470 5253 prsrfocahar
2492 5202 2540 5238 at
2584 5184 2960 5251 strangulabar
2989 5200 3002 5237 :
3037 5201 3097 5241 ac
3127 5190 3356 5240 tristitiae
3388 5188 3581 5243 nubem
3605 5193 3715 5261 jam

2140 5293 2243 5329 non
2276 5276 2475 5337 ferens,
2510 5290 2577 5327 at:
2604 5290 2697 5327 vos
2724 5275 2945 5342 scripsi;
2980 5275 3100 5329 Non
3128 5288 3181 5329 ut
3210 5277 3590 5346 contristemini,
3640 5284 3725 5336 in-

2139 5368 2273 5436 quit,
2302 5370 2389 5421 secl
2412 5378 2461 5420 ut
2489 5366 2751 5419 caoitatem
2793 5381 2903 5417 eam
2932 5368 3169 5430 noscatis,
3203 5382 3353 5434 quam
3378 5368 3721 5427 abundantius

2139 5478 2255 5529 erga
2281 5477 2364 5512 vos
2402 5460 2577 5535 habeo.
2613 5456 2771 5523 Atqui
2796 5460 3057 5510 sermonis
3074 5458 3237 5510 series
3272 5456 3372 5512 hoc
3394 5461 3717 5528 postulabat,

2139 5560 2195 5603 ut
2225 5552 2449 5611 diceret,
2482 5547 2592 5600 Non
2627 5558 2683 5599 ut
2715 5549 3122 5609 contristemini,
3149 5547 3239 5600 sed
3274 5560 3327 5601 ut
3354 5552 3716 5619 resipiscatts:

2139 5645 2335 5697 etenim
2366 5643 2544 5695 hacde
2568 5657 2725 5695 causa
2756 5646 3041 5709 scripserat
3074 5654 3087 5693 :
3120 5642 3219 5695 hoc
3248 5652 3419 5695 tamen
3442 5658 3545 5694 non
3566 5644 3715 5731 dicit,

2141 5736 2255 5798 sed,
2304 5743 2358 5787 ut
2388 5733 2503 5803 plus
2535 5736 2811 5787 suavitatis
2852 5732 3080 5787 orationi
3110 5747 3219 5787 sua:
3246 5731 3515 5798 conciliet,
3558 5742 3718 5802 atque
