4028 6222
208 326 315 382 ιςθ

204 440 464 494 καθίκετο
491 437 798 508 Ἐπιστολῇ,
822 439 917 491 καί
941 454 1060 490 τινα
1085 438 1387 511 μεταϐολὴν
1404 439 1747 503 ἐπεδείξαντο
1766 453 1780 468 ο

206 541 302 593 καὶ
334 537 555 608 ἔμελλεν
586 537 779 600 αὐτοὺς
812 538 971 592 τοῦτο
996 539 1341 611 ἀνατρέπειν,
1375 542 1421 592 εί
1450 536 1785 609 μεταὸαλλό-

209 652 362 705 μενοι
407 632 569 685 πάλιν
620 633 720 703 τὴν
775 634 945 705 αὐτὴν
999 636 1321 707 ἐπιτίμησιν
1362 636 1650 705 ὑπέμενον.
1695 634 1787 687 Διὸ

206 728 389 798 πολλῷ
433 731 534 798 τῆς
568 729 840 800 προτέρας
878 732 1209 802 ἡμερωτέρα
1242 730 1401 799 αὕτη.
1438 733 1687 798 Ἕκρινα
1718 728 1788 783 δὲ

204 822 441 891 ἐμαυτῷ
484 824 550 877 τὸ
571 825 659 893 μὴ
691 825 879 879 πάλιν
907 827 977 881 ἐν
1001 829 1168 895 λύπῃ
1202 825 1402 880 ἐλθεῖν
1429 826 1578 895 πρὸς
1606 822 1782 894 ὑμᾶς.

204 920 301 983 Τὸ,
331 919 544 985 Πάλιν,
579 920 819 975 δείκνυσι
845 924 939 976 καὶ
964 924 1063 993 ήδη
1097 922 1405 992 λυπηθέντα
1430 922 1658 974 ἐκεῖθεψ
1693 921 1787 974 καὶ

203 1014 378 1069 δοκῶν
422 1016 830 1085 ἀπολογεῖσθαι,
890 1016 1039 1089 [456]
1075 1017 1376 1088 λεληθότως
1423 1016 1601 1069 αὐτῶν
1651 1015 1787 1068 καθ-

206 1113 458 1165 άπτεται.
490 1113 553 1166 Εί
583 1114 641 1166 δὲ
674 1116 763 1167 καὶ
785 1115 886 1185 ήδη
914 1114 1215 1185 ἐλύπησαν,
1246 1116 1341 1169 καὶ
1374 1115 1537 1168 πάλιν
1564 1113 1787 1183 ἔμελλον

208 1207 416 1271 λυπεῖν,
452 1211 703 1281 ἐννόησον
737 1212 868 1280 ὅσην
908 1210 1054 1273 εἰκὸς
1098 1211 1351 1278 γενέσθαι
1385 1212 1483 1282 τὴν
1515 1211 1706 1280 ἀηδίαν
1734 1221 1783 1262 α.

222 1304 381 1357 Ἀλλά
412 1305 571 1359 τοῦτο
610 1306 708 1376 μὲν
741 1306 802 1357 οὐ
841 1306 1012 1374 λέγει,
1062 1306 1144 1359 ὅτι
1186 1306 1547 1376 Ἑλυπήσατε·
1584 1305 1788 1375 ἑτέρως

204 1402 262 1455 δὲ
294 1403 572 1472 μεθοδεύει
610 1403 703 1455 τὸν
741 1403 899 1472 λόγον
923 1403 985 1455 τὸ
1022 1403 1154 1456 αὐτὸ
1184 1402 1343 1455 τοῦτο
1386 1403 1784 1471 αἰνιττόμενος,

206 1507 298 1557 καὶ
334 1504 528 1571 λέγων,
557 1504 639 1556 ὅτι
668 1504 766 1557 Διά
792 1504 950 1556 τοῦτο
982 1503 1081 1557 οὐκ
1104 1499 1291 1574 ἦλθον,
1324 1505 1410 1557 ἵνα
1444 1504 1518 1574 μὴ
1558 1504 1788 1573 λυπήσω

206 1605 369 1673 ὑμᾶς·
396 1602 423 1653 ὃ
457 1601 554 1672 τὴν
584 1601 753 1671 αὐτὴν
782 1601 880 1672 μὲν
913 1602 1065 1671 ἰσχὺν
1095 1601 1207 1671 ἔχει
1235 1601 1409 1671 τούτῳ
1437 1595 1481 1667 ᾧ
1506 1596 1681 1665 εἶπον,
1706 1600 1790 1652 εύ-

204 1698 546 1768 παράδεκτον
573 1698 629 1750 δὲ
656 1698 854 1767 μᾶλλόν
876 1700 1013 1751 ἐστι.
1044 1699 1112 1750 El
1140 1696 1252 1765 γὰρ
1276 1695 1390 1766 ἐγὼ
1412 1694 1586 1749 λυπῶ
1610 1692 1786 1763 ὑμᾶς,

206 1797 307 1849 καὶ
340 1796 429 1856 τίς
457 1796 629 1848 ἐστιν
666 1798 699 1848 ό
734 1795 1074 1864 εὐφραίνων
1101 1810 1197 1863 με,
1228 1795 1281 1846 εί
1307 1792 1393 1862 μὴ
1439 1795 1471 1846 ό
1496 1793 1791 1861 λυπούμε-

202 1908 387 1962 μενος
413 1892 480 1955 ἐξ
506 1891 685 1961 ἐμοῦ;
711 1891 848 1943 Ποία
876 1890 1015 1961 αὕτη
1042 1890 1372 1955 ἀκολουθία;
1407 1890 1656 1962 Μεγίστη
1691 1890 1789 1960 μὲν

204 1987 321 2061 οὖν.
379 1989 574 2040 Σκόπει
622 1988 699 2040 δέ·
746 1988 859 2040 Οὐκ
896 1987 1157 2057 ἠθέλησα,
1193 1988 1377 2056 φησὶν,
1426 1986 1600 2039 ἐλθεῖν
1654 1985 1790 2055 πρὸς

208 2088 373 2157 ὑμᾶς,
418 2086 503 2139 ἵνα
551 2086 626 2154 μὴ
661 2084 889 2154 λυπήσω
933 2084 1076 2155 ὑμᾶς
1109 2084 1291 2149 πλέον,
1329 2083 1619 2153 ἐπιτιμῶν,
1656 2083 1790 2149 ἀγα-

205 2184 443 2245 νακτῶν,
472 2182 967 2252 ἀποστρεφόμενος.
995 2174 1129 2233 Εἶτα
1162 2180 1350 2251 ἐπειδὴ
1384 2182 1478 2233 καὶ
1504 2180 1635 2234 αὐτὸ
1661 2198 1792 2249 σφο·

201 2279 333 2350 δρὸν
365 2276 456 2349 ἦν,
504 2280 599 2330 καλ.
633 2279 969 2348 κατηγορίαν
1007 2277 1187 2331 αὐτῶν
1222 2272 1388 2347 εἶχεν,
1425 2277 1478 2329 εί
1503 2293 1567 2343 γε
1618 2274 1790 2339 οὕτως

207 2378 345 2441 ἔζων
377 2377 450 2440 ὼς
485 2377 695 2430 Παῦλον
726 2377 935 2441 λυπεῖν,
970 2376 1346 2448 ἐπιδιορθώσει
1366 2375 1667 2446 χρώμενος,
1688 2392 1791 2444 φη-

210 2477 314 2528 σίν·
351 2478 418 2529 Εἰ
446 2475 555 2544 γὰρ
593 2474 707 2543 ἐγὼ
750 2472 921 2528 λυπῶ
950 2472 1127 2541 ὑμᾶς,
1169 2474 1269 2527 καὶ
1298 2475 1387 2540 τίς
1428 2475 1595 2526 ἐστιν
1632 2476 1663 2527 ό
1694 2475 1791 2526 εὑ-

208 2576 480 2644 φραίνων
502 2591 599 2641 με,
628 2575 680 2624 εί
710 2571 796 2640 μὴ
834 2576 865 2625 ό
890 2573 1275 2639 λυπούμενος
1312 2571 1380 2634 ἐξ
1408 2571 1555 2640 ἐμοῦ
1574 2589 1593 2636 ;
1633 2572 1697 2623 Ὃ
1734 2572 1791 2623 δὲ

208 2668 381 2735 λέγει,
405 2667 647 2718 τοιοῦτόν
683 2668 850 2717 ἐστιν·
893 2666 955 2716 Εἰ
988 2666 1043 2716 δὲ
1070 2668 1162 2717 καὶ
1189 2667 1246 2717 ἐν
1277 2665 1421 2736 λύπῃ
1444 2666 1669 2734 ἔμελλον
1711 2661 1791 2717 εἷ-

210 2782 321 2825 ναι,
353 2760 798 2831 ἀναγκαζόμενος
829 2760 958 2830 ὑμῖν
994 2761 1263 2830 ἐπιτιμᾷν
1309 2762 1403 2813 καὶ
1430 2762 1561 2831 όρᾷν
1592 2761 1793 2813 λυπουο-

211 2859 430 2930 μένους,
462 2858 575 2911 ἀλλ’
606 2860 754 2927 ὅμως
791 2858 883 2910 καὶ
909 2856 1041 2909 αὐτὸ
1078 2855 1236 2909 τοῦτο
1262 2854 1531 2926 ηὖφραινέ
1565 2870 1651 2927 με.
1681 2858 1792 2909 Με-

208 2959 405 3029 γίστης
438 2957 547 3029 7&9
598 2956 758 3010 τοῦτο
805 2956 1028 3024 ἀγάπης
1076 2956 1400 3026 τεκμήριον,
1439 2954 1500 3007 τὸ
1537 2954 1792 3008 τοσούτου

208 3052 343 3122 παρ’
375 3053 503 3122 ὑμῖν
534 3049 682 3116 ἀξιον
713 3046 854 3102 εἷναί
891 3066 979 3119 με,
1018 3048 1093 3111 ὡς
1121 3048 1379 3101 δύνασθαι
1404 3048 1621 3123 δάκνειν
1650 3048 1794 3119 ὑμᾶς

208 3146 710 3219 ἀποστρεφόμενον.
1616 3172 1621 3177 -

286 3351 350 3421 β’.
372 3351 480 3403 Καὶ
507 3352 608 3421 ὅρα
628 3350 940 3404 σύνεσιν.⁶¹0
968 3351 1074 3422 γὰρ
1092 3349 1184 3404 τοῦ
1210 3350 1376 3422 νόμου
1394 3350 1504 3403 τῶν
1536 3351 1793 3423 μαθητῶν

209 3444 301 3519 ἦν,
329 3449 387 3507 τὸ
420 3448 606 3514 ἀλγεῖν
636 3440 730 3501 καὶ
758 3447 1109 3499 αἰσθάνεσθαι
1142 3448 1608 3519 ἐπιτιμωμένους,
1636 3450 1793 3503 τοῦτο

211 3545 288 3607 ὡς
304 3541 697 3613 χαριζομένους
717 3542 915 3603 αὐτοὺς
938 3544 1168 3610 εἰσάγει.
1194 3545 1381 3606 Οὐδεὶς
1402 3546 1507 3616 γάρ
1531 3562 1598 3616 με
1620 3544 1794 3610 οῦτως

211 3639 518 3709 εὐφραίνει.
554 3638 742 3709 φησὶν,
768 3637 844 3700 ὡς
882 3638 1094 3701 ἐκεῖνος
1128 3640 1156 3691 ό
1181 3642 1645 3710 ἐπιστρεφόμενος
1682 3643 1793 3697 τῶν

210 3736 363 3808 ἐμῶν
391 3736 672 3806 ῥημάτων,
705 3736 798 3787 καὶ
826 3734 1166 3805 λυπούμενος
1196 3737 1324 3789 ὅταν
1358 3736 1532 3809 βλέπῃ
1560 3756 1626 3808 με
1649 3740 1795 3809 όργι-

208 3833 455 3905 ζόμενον.
484 3831 678 3885 Καίτοι
707 3831 766 3884 τὸ
794 3830 1087 3884 ἀκόλουθον
1126 3827 1194 3903 ἦν
1223 3834 1415 3887 εἰπεῖν,
1442 3834 1505 3886 Εἰ
1545 3835 1655 3905 7&9
1679 3836 1791 3904 ἐγὼ

211 3928 369 3983 λυπῶ
393 3929 557 3998 ὑμᾶς,
580 3929 675 3981 καὶ
691 3928 773 3991 τίς
799 3929 945 3980 ἐστιν
964 3929 991 3980 ὀ
1011 3927 1303 3998 δυνάμενος
1325 3928 1469 3998 ὑμᾶς
1488 3930 1754 4001 εὐφρᾶναι
1773 3950 1788 3999 ;

207 4026 328 4080 ἀλλ’
377 4026 438 4077 οὐ
489 4025 637 4093 λέγει
694 4024 871 4087 τοῦτο,
911 4024 1025 4077 ἀλλ’
1056 4025 1406 4095 ἀντιστρέφει
1441 4026 1601 4081 πάλιν
1637 4029 1788 4093 αὐτὸ,

209 4121 531 4190 θεραπεύων
557 4121 771 4184 αὐτοὺς,
801 4121 896 4174 καὶ
927 4120 1119 4188 λέγων·
1157 4123 1218 4174 Εἰ
1275 4124 1369 4175 καὶ
1428 4123 1581 4177 λυπῶ
1622 4125 1788 4196 ὑμᾶς,

176 4268 179 4269 ,
210 4219 373 4289 χάριν
398 4232 488 4286 μοι
513 4216 779 4286 παρέχετε
801 4219 902 4270 κάν
925 4216 1098 4288 τούτῳ
1122 4218 1407 4289 μεγίστην,
1428 4220 1507 4273 ὅτι
1531 4221 1789 4276 δάκνεσθε

210 4312 316 4367 ῦπδ
346 4312 455 4365 τῶν
495 4312 626 4382 παρ’
664 4311 798 4381 ἐμοῦ
846 4312 1177 4383 λεγομένων.
1238 4314 1349 4367 Καὶ
1396 4315 1507 4383 γὰρ
1554 4318 1793 4386 ἔγραψα

208 4409 355 4480 ὑμῖν
379 4408 525 4462 αὐτὸ
563 4406 757 4460 τοῦτο.
792 4408 951 4459 Ποῖον
976 4424 990 4472 ;
1025 4408 1148 4461 Ὀτι
1177 4407 1264 4461 διὰ
1293 4408 1451 4463 τοῦτο
1480 4411 1579 4465 οὐκ
1604 4409 1787 4483 ἦλθον,

210 4507 529 4576 φειδόμενος
557 4504 729 4574 ὑμῶν.
762 4504 897 4557 Πότε
926 4503 1201 4575 ἔγραφεν;
1231 4506 1289 4557 ἐν
1310 4508 1374 4576 τῇ
1411 4507 1675 4580 προτέρᾳ,
1701 4510 1789 4562 ὅτε

209 4605 419 4671 ἔλεγεν·
454 4604 535 4655 Οὐ
562 4601 715 4655 θέλω
746 4599 897 4669 ὑμᾶς
928 4600 1058 4668 ἄρτι
1090 4601 1161 4654 ἐν
1188 4600 1428 4670 παρόδῳ
1461 4601 1643 4666 ιδεῒν;
1674 4604 1789 4656 Οὐκ

210 4699 387 4767 ἔγωγε
413 4693 589 4769 οἶμαι,
612 4697 725 4750 ἀλλ’
747 4700 803 4748 ἐν
828 4698 963 4767 αὐτῇ
990 4699 1053 4766 τῇ
1095 4697 1404 4769 Ἐπιστολῇ,
1425 4699 1511 4751 ὅτε
1526 4694 1668 4754 εἷπε.
1690 4700 1786 4767 Μὴ

206 4796 464 4849 ἐλθόντα
491 4810 567 4863 με
596 4795 785 4846 πάλιν
836 4790 1176 4858 ταπεινώσῃ
1223 4796 1256 4845 ό
1294 4794 1437 4858 Θεός
1476 4812 1593 4863 μου
1636 4795 1788 4861 πρὸς

208 4888 387 4956 ὑμᾶς.
451 4890 705 4959 Ἔγραψα
770 4883 864 4940 οὖν
911 4886 1045 4939 αὐτὸ
1091 4886 1250 4939 τοῦτο
1298 4888 1433 4957 πρὸς
1493 4888 1571 4958 τῷ
1619 4888 1785 4953 τέλει,

209 4983 363 5049 φησί’
395 4982 491 5047 Μή
523 5000 646 5047 πως
668 4984 922 5037 ἐλθόντα
941 5000 1017 5051 με
1042 4982 1381 5051 ταπεινώσῃ
1407 4986 1441 5035 ό
1475 4984 1618 5049 Θεός
1646 5002 1783 5053 μου,

208 5075 309 5129 καί
335 5076 618 5139 πενθήσω
648 5079 919 5143 πολλοὺς
944 5079 1063 5131 τῶν
1100 5082 1662 5147 προημαρτηκότων.
1688 5081 1788 5134 Διά

206 5174 260 5227 τί
292 5171 349 5225 δὲ
380 5172 646 5239 ἔγραφες
682 5174 814 5224 Ἵνα
838 5175 925 5239 μὴ
962 5176 1155 5227 ἐλθὼν
1178 5178 1384 5241 λύπην
1414 5178 1545 5243 σχῶ
1572 5179 1671 5243 ἀφ’
1700 5174 1787 5232 ὧν

208 5271 328 5325 ἔδει
351 5284 427 5337 με
453 5267 702 5333 χαίρειν,
740 5268 1036 5329 πεποιθὼς
1067 5271 1164 5319 ἐπὶ
1202 5271 1433 5333 πάντας
1470 5273 1645 5337 ὑμᾶς,
1695 5274 1784 5324 ὅτι

210 5372 249 5437 ἡ
276 5365 390 5437 ἐμὴ
427 5364 579 5432 χαρὰ
607 5362 848 5414 πάντων
884 5360 1050 5427 ὑμῶν
1085 5364 1275 5415 ἐστιν.
1327 5366 1539 5432 Ἐπειδὴ
1566 5366 1672 5434 γάρ
1702 5364 1783 5417 εἶ..

276 5590 301 5618 ⁸
326 5589 376 5637 In
402 5584 550 5635 editis
573 5580 865 5644 legiturfﬁv
886 5576 1049 5644 ἀδίαν,
1085 5574 1133 5644 _in
1177 5589 1267 5644 ms.
1295 5577 1378 5632 τήν
1402 5576 1591 5644 (ivth
1631 5578 1778 5627 male.

210 5649 362 5700 Savil.
386 5650 435 5698 in
463 5639 681 5708 margiﬁe
709 5639 1455 5708 aliam‘prqfeyplectionemrhv
1475 5640 1785 5700 ἀηδίαν,ῳιδι

210 5699 399 5773 οριὶωε
423 5699 671 5766 τοηεοῖιεῐ,
694 5712 744 5754 et
767 5703 830 5753 ita
859 5699 983 5765 [egit
1009 5702 1256 5763 interpres
1282 5699 1496 5749 Latinus.

1269 320 1334 378 IN
1371 321 1589 377 EPIST.
1634 321 1677 376 ll
1711 318 1801 375 AD
1839 316 1997 377 COR.
2040 321 2274 379 HOMIL.
2317 325 2401 381 IV.

3360 327 3463 383 HO

1896 455 2016 503 πεν,
2068 442 2150 493 ὅτι
2185 442 2585 510 Εὐφραίνομαι,
2646 440 2953 509 ἀλγούντων
3010 440 3185 511 ὑμῶν,
3244 452 3337 495 καὶ
3382 447 3463 496 ἐτι

1893 534 2285 606 αὐθαδέστερον
2323 538 2483 591 τοῦτο
2510 534 2579 609 ἦν
2616 538 2711 590 καὶ
2742 536 3100 607 τραχύτερον,
3134 537 3296 591 πάλιν
3333 539 3465 592 αὐτὸ

1891 631 2225 702 ἀνέστρεψεν
2252 634 2476 703 ἑτέρως,
2504 633 2601 686 καὶ
2643 631 2993 703 ἡμερώτερον
3036 633 3169 685 αὐτὸ
3211 635 3467 704 ἐποίησεν

1890 719 1971 788 οἷς
1992 728 2260 797 ἐπήγαγε.
2295 729 2395 782 Διά
2420 728 2579 782 τοῦτο
2605 728 2735 798 γὰρ,
2761 729 2918 800 φησὶ,
2955 729 3281 800 προέγραψα
3312 731 3463 801 ὑμῖν,

1894 823 1978 876 ἵνα
2026 826 2100 893 μὴ
2132 827 2190 878 ἐν
2223 825 2383 898 ὀδύνῃ
2414 827 2557 897 ὑμᾶς
2600 825 2746 896 εὕρω
2795 826 2871 897 μὴ
2903 826 3316 896 διορθωθέντας.
3367 829 3467 883 Διά

1890 919 2050 973 τοῦτο
2082 916 2255 985 εἷπον,
2279 923 2413 976 Ἵνα
2439 922 2525 991 μὴ
2555 921 2826 989 λυπηθῶ,
2862 921 2925 974 οὐ
2948 921 3009 975 τὸ
3058 922 3294 991 ἐμαυτοῦ
3338 940 3466 976 σκο-

1893 1016 2032 1081 πῶν,
2069 1016 2205 1069 ἀλλά
2258 1016 2320 1069 τὸ
2368 1018 2654 1087 ὑμέτερον.
2692 1016 2843 1089 [457]
2896 1014 3026 1070 Οἶδα
3081 1019 3209 1089 γάρ,
3242 1018 3325 1071 ὅτι
3372 1018 3468 1071 ἐὰν

1895 1115 2041 1184 ἴδητε
2073 1116 2353 1184 χαίροντα,
2405 1115 2651 1185 χαίρετεο
2694 1114 2799 1168 κᾶν
2854 1114 3125 1184 θεάσησθε
3176 1113 3467 1182 ἀλγοῦντα,

1892 1211 2130 1279 ἁλγεῖτε.
2166 1211 2308 1281 Ὅρα
2331 1211 2511 1263 τοίνυν
2548 1210 2752 1264 ἀνωθεν
2774 1209 2874 1280 τὴν
2899 1209 3220 1263 ἀκολουθίαν
3246 1211 3354 1263 τῶν
3391 1213 3469 1264 ειυ-

1896 1309 2167 1379 ρημένων’
2212 1306 2354 1360 οὓτω
2396 1306 2507 1377 γάρ
2542 1305 2943 1377 εὐμαθέστερος
2976 1307 3105 1376 ἡμῖν
3140 1304 3293 1359 ἔσται
3327 1308 3354 1358 ὁ
3380 1306 3470 1359 λό-

1892 1424 2009 1475 γος.
2050 1407 2165 1459 Οὐκ
2198 1401 2386 1477 ἦλθον,
2423 1405 2608 1473 φησὶν,
2650 1404 2736 1456 ἵνα
2779 1404 2853 1473 μὴ
2896 1402 3123 1471 λυπήσω
3155 1402 3320 1473 ὑμᾶς,
3358 1403 3472 1455 ἀδι-

1892 1502 2166 1571 ορθώτους
2219 1500 2413 1571 εὑρών.
2451 1499 2625 1554 Τοῦτο
2666 1499 2721 1553 δὲ
2764 1500 3002 1565 ἐποίουν,
3038 1501 3097 1553 οὐ
3132 1500 3192 1555 τὸ
3231 1501 3470 1573 ἐμαυτοῦ

1896 1599 2135 1659 σκοπῶν,
2172 1599 2306 1651 ἀλλὰ
2330 1598 2389 1650 τὸ
2414 1598 2697 1667 ὑμέτερον.
2737 1596 2878 1666 Ἐγὼ
2917 1599 3016 1669 μὲν
3050 1598 3159 1669 γὰρ
3196 1598 3473 1670 λυπουμέ-

1898 1698 2074 1767 μένων
2105 1696 2277 1766 ὐμῶν,
2303 1694 2411 1765 ἔχω
2436 1695 2633 1765 ἡδονὴν
2662 1695 2723 1747 οὐ
2760 1696 2984 1766 μικράν,
3010 1697 3140 1750 ὅταν
3170 1696 3265 1751 ῐδω
3284 1700 3475 1753 τοσοῦ·-

1895 1811 1985 1847 τον
2015 1792 2150 1861 ἐμοῦ
2183 1794 2590 1864 φροντίζοντας,
2623 1793 2699 1857 ὡς
2727 1794 2821 1847 καὶ
2844 1794 3133 1850 λυπεῖσθαι
3170 1798 3261 1849 καὶ
3290 1796 3475 1864 ἀλγεῖν

1894 1889 2329 1957 ἀγανακτοῦντος
2378 1890 2534 1961 ἐμοῦ.
2572 1889 2669 1957 Τίς
2715 1889 2827 1960 γάρ
2862 1891 3033 1944 ἐστιν
3078 1894 3111 1945 ό
3137 1894 3477 1961 εὐφραίνων

1891 2004 1988 2057 με,
2021 1989 2071 2039 εί
2116 1985 2200 2054 μὴ
2238 1988 2269 2039 ό
2296 1988 2682 2054 λυπούμενος
2722 1987 2791 2051 ἐξ
2817 1987 2963 2056 ἐμοῦ
2987 2004 3005 2051 ;
3031 1988 3179 2059 Πλὴν
3213 1988 3347 2041 ἀλλά
3383 1990 3477 2041 καὶ

1896 2084 2037 2136 οὕτω
2057 2084 2421 2153 διακείμενος,
2447 2083 2636 2154 ἐπειδὴ
2657 2082 2717 2137 τὸ
2740 2083 3006 2157 ὑμέτερον
3029 2085 3236 2149 σκοπῶ,
3262 2084 3475 2156 ἔγραψα

1898 2183 2025 2252 ὑμῖν
2068 2182 2127 2234 τὸ
2170 2182 2303 2234 αὐτὸ
2333 2180 2508 2245 τοῦτο,
2556 2181 2642 2234 ἵνα
2682 2181 2756 2254 μὴ
2799 2181 3045 2254 λυπηθῶο
3084 2184 3178 2237 καὶ
3218 2185 3276 2238 ἐν
3304 2185 3479 2255 τούτῳ

1898 2278 2059 2330 πάλιν
2098 2278 2158 2328 οὐ
2204 2276 2262 2328 τὸ
2306 2276 2437 2346 ἐμὸν
2484 2276 2723 2341 σκοπῶν,
2757 2277 2893 2330 ἀλλά
2928 2279 2988 2331 τὸ
3018 2278 3299 2349 ὑμέτερον.
3345 2276 3478 2333 Οἶδα

1897 2373 2005 2441 γὰρ
2034 2373 2115 2424 ὅτι
2152 2372 2245 2422 καὶ
2279 2371 2437 2440 ὑμεῖς
2480 2372 2704 2441 μέλλετε
2749 2372 3056 2438 λυπεῖσθαι,
3096 2373 3366 2440 ἀλγοῦντά
3408 2394 3476 2445 με

1897 2468 2149 2539 ὁρῶντες,
2176 2466 2364 2536 ὥσπερ
2386 2458 2482 2518 οὖν
2506 2469 2602 2520 καὶ
2626 2468 3038 2538 εὐφραίνεσθαι,
3066 2471 3323 2541 χαίροντα
3344 2472 3479 2525 θεω-

1903 2563 2137 2633 ροῦντες.
2171 2560 2367 2614 Σκόπει
2412 2560 2593 2614 τοίνυν
2633 2562 2868 2617 σύνεσιν·
2899 2562 3086 2618 Εἶπενο
3123 2568 3241 2621 Ἵνα
3277 2568 3351 2638 μὴ
3384 2568 3474 2620 λυ-

1900 2661 2056 2728 πήσω
2078 2657 2176 2709 οὐκ
2200 2651 2383 2726 ἦλθον,
2408 2656 2586 2709 καίτοι
2606 2673 2670 2725 γε
2696 2657 3079 2728 εύφραίνομαι,
3109 2663 3289 2729 φησίν.
3322 2659 3453 2715 Εἶτα

1900 2754 1986 2805 ῖνα
2027 2753 2101 2823 μὴ
2131 2753 2258 2823 δόξῃ
2288 2751 2512 2806 ἐκείνων
2542 2751 2853 2821 ἀλγούντων
2882 2754 3297 2824 εὐφραίνεσθαι,
3320 2758 3476 2811 Κατά

1897 2848 2077 2910 τοῦτο,
2104 2849 2256 2916 φησὶ,
2282 2849 2481 2917 χαίρω,
2504 2849 2641 2903 καθὸ
2670 2849 3045 2920 καθάπτομαιο
3073 2852 3195 2903 ἐπεὶ
3218 2851 3341 2904 καθ’
3363 2852 3480 2905 ἐτε-

1902 2960 1993 3015 ρον
2018 2942 2314 3013 λυποῦμαι,
2345 2944 2475 2995 ὅταν
2508 2945 2636 3008 τοὺς
2664 2945 2808 2999 οὕτω
2834 2946 3123 3015 φιλοῦντας
3152 2948 3480 3015 ἀναγκάζω-

1903 3059 2001 3113 μαι
2058 3041 2269 3109 λνπεῖν,
2298 3040 2358 3091 οὐ
2388 3039 2564 3111 τούτῳ
2607 3041 2767 3111 μόνον
2801 3042 2883 3113 τῷ
2921 3045 3204 3115 ἐπιτιμᾷν,
3233 3044 3368 3097 ἀλλά
3400 3045 3479 3116 τῷ

1900 3139 1992 3191 καὶ
2024 3137 2181 3199 αὐτὸς
2214 3136 2273 3187 ἐν
2297 3134 2441 3206 λύπῃ
2471 3133 2633 3198 εἶναι,
2665 3137 2760 3188 καὶ
2786 3138 2930 3207 ὑμᾶς
2966 3138 3055 3191 διά
3080 3139 3269 3192 τούτου
3314 3139 3481 3193 πάλιν

1898 3235 2106 3288 λυπεῖν.
2134 3233 2333 3285 Σκόπει
2355 3232 2411 3284 δὲ
2435 3232 2553 3294 πῶς
2576 3232 2707 3285 αὐτὸ
2733 3232 2826 3285 καὶ
2853 3234 2971 3303 μετ’
2995 3236 3273 3304 ἐγκωμίου
3296 3236 3477 3307 τίθησι

1898 3331 2093 3400 λέγων’
2133 3330 2256 3399 Ἀφ’
2281 3324 2368 3382 ὧν
2391 3327 2512 3382 ἔδει
2535 3344 2610 3400 με
2634 3330 2885 3399 χαίρειν.
2921 3329 3093 3383 Τοῦτο
3125 3330 3232 3403 γάρ
3264 3332 3481 3403 γνησιό·

1896 3446 2037 3498 τητα
2074 3424 2479 3498 μαρτυροῦντός
2515 3427 2650 3491 ἐστι,
2697 3425 2792 3479 καὶ
2826 3424 3027 3496 πολλὴν
3068 3427 3474 3500 φιλοστοργίανο

1897 3523 1971 3586 ὡς
2004 3524 2069 3577 ἂν
2108 3523 2157 3575 ει
2184 3524 2311 3592 περὶ
2345 3521 2478 3575 υἱῶν
2507 3539 2593 3585 τις
2622 3518 2744 3574 εἷπε
2780 3521 2951 3575 πολλὰ
2984 3523 3476 3595 εὐεργετηθέντων,

1898 3622 1991 3675 καὶ¹
2033 3622 2161 3691 περὶ
2196 3622 2290 3682 οὓς
2323 3619 2605 3690 ἐπόνησεν.
2640 3620 2702 3672 Εἰ
2739 3620 2919 3672 τοίνυν
2950 3620 3039 3673 διά
3070 3620 3229 3674 τοῦτο
3255 3625 3474 3694 γράφω,

1899 3718 1990 3769 καὶ
2013 3716 2111 3768 οὐκ
2134 3716 2384 3784 ἔρχομαι,
2416 3714 2558 3783 μέγα
2578 3731 2629 3766 τι
2651 3713 2952 3784 οἰκονομῶν
2975 3715 3074 3769 οὐκ
3107 3716 3367 3789 ἔρχομαι,
3384 3724 3480 3774 καὶ

1897 3813 1958 3865 οὐ
1992 3810 2165 3881 μισῶν
2193 3809 2311 3862 οὐδέ
2340 3809 2836 3879 ἀποστρεφόμενος,
2868 3808 3005 3863 ἀλλά
3032 3811 3126 3865 καὶ
3155 3813 3360 3886 σφόδρα
3392 3833 3482 3885 φι.

1898 3910 2023 3964 λῶν.
2054 3904 2207 3973 Εἶτα,
2244 3908 2431 3980 ἐπειδὴ
2450 3903 2624 3974 εἶπεν,
2654 3908 2736 3962 ὅτι
2769 3909 2826 3963 '0
2845 3907 3031 3963 λυπῶν
3062 3910 3365 3980 εὐφραίνει,
3392 3912 3479 3966 ἵνα

1901 4008 1973 4077 μὴ
2003 4006 2223 4073 λέγωσι⁹
2250 4003 2420 4057 Τοῦτο
2447 3999 2541 4056 οὖν
2569 4004 2699 4057 αὐτὸ
2725 4005 3068 4071 σπουδάζεις,
3101 4006 3186 4059 ῖνα
3211 4007 3481 4081 εὐφραίνῃ

1898 4102 1989 4154 καὶ
2022 4096 2264 4167 ἐπιδείξῃ
2295 4098 2431 4149 πᾶσι
2460 4096 2635 4167 πόσην
2666 4096 2796 4168 ἔχῃς
2830 4098 3020 4168 ίσχύν;
3052 4101 3350 4172 ἐπήγαγεψ
3382 4103 3479 4155 Ἐκ

1896 4197 2006 4266 γὰρ
2037 4192 2277 4261 πολλῆς
2306 4194 2569 4261 θλίψεως
2594 4193 2690 4247 καί
2718 4193 2996 4263 συνοχῆς
3019 4196 3268 4264 καρδίας
3302 4198 3478 4267 ἔγρα-

1896 4296 1985 4360 ψα
2003 4290 2145 4359 ὑμῖν
2166 4288 2263 4341 διὰ
2281 4288 2533 4343 πολλῶν
2548 4291 2841 4359 δακρύωνο
2876 4292 2991 4360 οὐχ
3017 4292 3117 4345 ἵνα
3138 4272 3476 4365 λυπηθῆτε,

1896 4386 2057 4441 ἀλλὰ
2088 4384 2202 4451 τὴν
2223 4383 2467 4452 ἀγάπην
2490 4385 2592 4439 ἵνα
2612 4384 2821 4453 γνῶτε,
2856 4385 2937 4454 ἣν
2967 4386 3086 4456 ἔχω
3118 4392 3477 4458 περισσοτέ-

1889 4500 2006 4552 ρως
2031 4484 2119 4546 είς
2148 4479 2323 4549 ὑμᾶς.

1964 4658 2029 4711 Τί
2050 4656 2253 4727 ταύτης
2275 4656 2757 4727 φιλοστοργότερον
2787 4657 2886 4728 τῆς
2912 4656 3127 4731 ψυχῆς;
3150 4661 3341 4714 Αὐτῶν
3366 4663 3478 4733 7&9

1893 4760 2001 4813 τῶν
2023 4760 2422 4830 ἡμαρτηκότων
2445 4760 2545 4813 οὐκ
2566 4760 2810 4825 ἔλαττον,
2835 4762 2973 4815 ἀλλά
2996 4764 3088 4816 καὶ
3110 4764 3290 4831 πολλῷ
3313 4764 3476 4817 πλέον

1893 4866 2164 4919 δείκνυσιν
2197 4865 2385 4919 ἐαυτὸν
2420 4865 2754 4936 ἀλγήσαντα.
2787 4865 2864 4918 Οὐ
2887 4866 3020 4935 γὰρ,
3056 4868 3188 4920 Ἀπὸ
3220 4867 3472 4937 θλίψεως,

1894 4972 2028 5039 φησὶ
2051 4970 2230 5041 μόνον,
2258 4971 2395 5036 ἀλλ’,
2413 4972 2547 5024 Ἀπὸ
2570 4970 2807 5039 πολλῆς
2822 4989 2835 5002 ·
2859 4972 3004 5037 οὐδὲ,
3028 4974 3310 5045 Δακρύων,
3338 4975 3476 5028 ἀλλά

1893 5076 1995 5129 Διά
2016 5076 2262 5131 πολλῶν
2288 5076 2565 5143 δακρύων
2594 5076 2692 5129 καὶ
2720 5077 2997 5145 συνοχῆς
3020 5078 3288 5145 καρδίαςο
3319 5094 3473 5128 τουτ-

1894 5183 2060 5242 έστιν,
2109 5181 2581 5251 Ἀπηγχονιξόμην
2602 5221 2615 5245 ,
2647 5182 3031 5249 ἀπεπνιγόμην
3066 5181 3169 5231 ὐπὸ
3196 5183 3295 5250 τῆς
3334 5181 3468 5231 ἀθυ-

1894 5285 2038 5349 μίας’
2096 5284 2189 5333 καὶ
2251 5282 2448 5349 μηκέτι
2502 5282 2682 5349 φέρων
2739 5282 2837 5347 τῆς
2890 5280 3131 5348 ἀθυμίας
3178 5283 3237 5333 τὸ
3286 5282 3467 5350 νέφος,

1890 5384 2105 5451 ἔγραψα
2143 5384 2271 5450 ὑμῖν
2296 5398 2307 5411 ·
2331 5384 2452 5447 Οὐχ
2484 5384 2584 5433 ἵνα
2616 5382 2959 5448 λυπηθῆτε,
2986 5384 3126 5437 ἀλλ’
3151 5385 3251 5437 ἵνα
3280 5386 3470 5455 γνῶτε

1894 5489 2004 5555 τὴν
2044 5488 2318 5556 ἀγάπην,
2366 5488 2552 5555 φησὶν,
2608 5486 2690 5553 ἦν
2738 5488 2855 5554 ἔχω
2888 5493 3324 5559 περισσοτέρως
3378 5499 3464 5562 εις

1889 5594 2062 5662 ὑμᾶς.
2092 5592 2287 5645 Καίτοι
2310 5591 2371 5643 τὸ
2395 5592 2687 5646 ἀκόλουθον
2722 5591 2789 5665 ἦν
2814 5596 3012 5650 εἰπεῖν·
3044 5598 3155 5669 Οὐχ
3182 5599 3267 5653 ἵνα
3292 5602 3466 5676 λυπη-

1893 5696 2040 5769 θῆτε,
2070 5694 2184 5749 ἀλλ’
2216 5696 2300 5749 ἵνα
2329 5695 2684 5772 διορθωθῆτεο
2720 5701 2809 5755 καὶ
2851 5702 2959 5773 γάρ
2985 5698 3073 5758 διὰ
3108 5704 3266 5761 τοῦτο
3294 5707 3464 5781 ἐγρα-
