  <div class='ocr_page' id='page_1' title='image "/cluster/home/n/w/nwhite01/storage/ocr_20150623/61/nnc1.0022379681/430.png"; bbox 0 0 4028 6222; ppageno 0'>
   <div class='ocr_carea' id='block_1_1' title="bbox 240 429 334 487">
    <p class='ocr_par' dir='ltr' id='par_1_1' title="bbox 240 429 334 487">
     <span class='ocr_line' id='line_1_1' title="bbox 240 429 334 487; baseline -0.021 0"><span class='ocrx_word' id='word_1_1' title='bbox 240 429 334 487; x_wconf 58' lang='grc' dir='ltr'><strong>ιρι</strong></span> 
     </span>
    </p>
   </div>
   <div class='ocr_carea' id='block_1_2' title="bbox 236 539 1811 618">
    <p class='ocr_par' dir='ltr' id='par_1_2' title="bbox 236 539 1811 618">
     <span class='ocr_line' id='line_1_2' title="bbox 236 539 1811 618; baseline -0.007 -14"><span class='ocrx_word' id='word_1_2' title='bbox 236 550 289 605; x_wconf 87' lang='lat' dir='ltr'><strong>lu</strong></span> <span class='ocrx_word' id='word_1_3' title='bbox 316 546 575 618; x_wconf 76' lang='lat' dir='ltr'><strong>majorem</strong></span> <span class='ocrx_word' id='word_1_4' title='bbox 604 544 687 603; x_wconf 85' lang='lat' dir='ltr'><strong>sui</strong></span> <span class='ocrx_word' id='word_1_5' title='bbox 710 558 946 602; x_wconf 88' lang='lat' dir='ltr'><strong>amorem</strong></span> <span class='ocrx_word' id='word_1_6' title='bbox 971 558 1065 600; x_wconf 87' lang='lat' dir='ltr'><strong>eos</strong></span> <span class='ocrx_word' id='word_1_7' title='bbox 1086 542 1383 614; x_wconf 83' lang='lat' dir='ltr'><strong>pertrahat,</strong></span> <span class='ocrx_word' id='word_1_8' title='bbox 1406 543 1511 598; x_wconf 85' lang='lat' dir='ltr'><strong>hoc</strong></span> <span class='ocrx_word' id='word_1_9' title='bbox 1529 542 1671 597; x_wconf 90' lang='lat' dir='ltr'><strong>illius</strong></span> <span class='ocrx_word' id='word_1_10' title='bbox 1693 539 1811 593; x_wconf 89' lang='lat' dir='ltr'><strong>loco</strong></span> 
     </span>
    </p>
   </div>
   <div class='ocr_carea' id='block_1_3' title="bbox 239 629 1813 709">
    <p class='ocr_par' dir='ltr' id='par_1_3' title="bbox 239 629 1813 709">
     <span class='ocr_line' id='line_1_3' title="bbox 239 629 1813 709; baseline -0.007 -15"><span class='ocrx_word' id='word_1_11' title='bbox 239 640 411 709; x_wconf 87' lang='lat' dir='ltr'><strong>ponit,</strong></span> <span class='ocrx_word' id='word_1_12' title='bbox 432 639 724 693; x_wconf 87' lang='lat' dir='ltr'><strong>ostendens</strong></span> <span class='ocrx_word' id='word_1_13' title='bbox 744 652 802 693; x_wconf 82' lang='lat' dir='ltr'><strong>se</strong></span> <span class='ocrx_word' id='word_1_14' title='bbox 827 651 1010 692; x_wconf 87' lang='lat' dir='ltr'><strong>amore</strong></span> <span class='ocrx_word' id='word_1_15' title='bbox 1032 635 1251 691; x_wconf 89' lang='lat' dir='ltr'><strong>ductum</strong></span> <span class='ocrx_word' id='word_1_16' title='bbox 1274 638 1450 689; x_wconf 80' lang='lat' dir='ltr'><strong>omnia</strong></span> <span class='ocrx_word' id='word_1_17' title='bbox 1479 633 1677 688; x_wconf 88' lang='lat' dir='ltr'><strong>facere.</strong></span> <span class='ocrx_word' id='word_1_18' title='bbox 1698 629 1813 684; x_wconf 77' lang='lat' dir='ltr'><strong>Nec.</strong></span> 
     </span>
    </p>
   </div>
   <div class='ocr_carea' id='block_1_4' title="bbox 238 719 1811 791">
    <p class='ocr_par' dir='ltr' id='par_1_4' title="bbox 238 719 1811 791">
     <span class='ocr_line' id='line_1_4' title="bbox 238 719 1811 791; baseline -0.008 -5"><span class='ocrx_word' id='word_1_19' title='bbox 238 732 512 786; x_wconf 77' lang='lat' dir='ltr'><strong>caritatem</strong></span> <span class='ocrx_word' id='word_1_20' title='bbox 538 737 743 783; x_wconf 89' lang='lat' dir='ltr'><strong>tantum</strong></span> <span class='ocrx_word' id='word_1_21' title='bbox 771 728 926 791; x_wconf 87' lang='lat' dir='ltr'><strong>dixit,</strong></span> <span class='ocrx_word' id='word_1_22' title='bbox 952 727 1068 790; x_wconf 84' lang='lat' dir='ltr'><strong>sed,</strong></span> <span class='ocrx_word' id='word_1_23' title='bbox 1098 724 1261 791; x_wconf 83' lang='lat' dir='ltr'><strong>Quam</strong></span> <span class='ocrx_word' id='word_1_24' title='bbox 1290 723 1629 777; x_wconf 72' lang='lat' dir='ltr'><strong>abundantius</strong></span> <span class='ocrx_word' id='word_1_25' title='bbox 1654 719 1811 774; x_wconf 80' lang='lat' dir='ltr'><strong>habeo</strong></span> 
     </span>
    </p>
   </div>
   <div class='ocr_carea' id='block_1_5' title="bbox 235 811 1811 891">
    <p class='ocr_par' dir='ltr' id='par_1_5' title="bbox 235 811 1811 891">
     <span class='ocr_line' id='line_1_5' title="bbox 235 811 1811 891; baseline -0.006 -19"><span class='ocrx_word' id='word_1_26' title='bbox 235 835 358 891; x_wconf 79' lang='lat' dir='ltr'><strong>erga</strong></span> <span class='ocrx_word' id='word_1_27' title='bbox 396 834 503 873; x_wconf 78' lang='lat' dir='ltr'><strong>sos.</strong></span> <span class='ocrx_word' id='word_1_28' title='bbox 536 817 663 873; x_wconf 79' lang='lat' dir='ltr'><strong>Vult</strong></span> <span class='ocrx_word' id='word_1_29' title='bbox 687 818 829 873; x_wconf 92' lang='lat' dir='ltr'><strong>enim</strong></span> <span class='ocrx_word' id='word_1_30' title='bbox 860 816 961 871; x_wconf 86' lang='lat' dir='ltr'><strong>bac</strong></span> <span class='ocrx_word' id='word_1_31' title='bbox 989 830 1202 886; x_wconf 86' lang='lat' dir='ltr'><strong>quoque</strong></span> <span class='ocrx_word' id='word_1_32' title='bbox 1242 813 1449 869; x_wconf 88' lang='lat' dir='ltr'><strong>ratione</strong></span> <span class='ocrx_word' id='word_1_33' title='bbox 1473 811 1683 865; x_wconf 84' lang='lat' dir='ltr'><strong>animos</strong></span> <span class='ocrx_word' id='word_1_34' title='bbox 1719 823 1811 865; x_wconf 90' lang='lat' dir='ltr'><strong>eo-</strong></span> 
     </span>
    </p>
   </div>
   <div class='ocr_carea' id='block_1_6' title="bbox 236 904 1811 977">
    <p class='ocr_par' dir='ltr' id='par_1_6' title="bbox 236 904 1811 977">
     <span class='ocr_line' id='line_1_6' title="bbox 236 904 1811 977; baseline -0.008 -12"><span class='ocrx_word' id='word_1_35' title='bbox 236 926 355 965; x_wconf 88' lang='lat' dir='ltr'><strong>rum</strong></span> <span class='ocrx_word' id='word_1_36' title='bbox 385 911 605 966; x_wconf 74' lang='lat' dir='ltr'><strong>allicere</strong></span> <span class='ocrx_word' id='word_1_37' title='bbox 626 950 644 977; x_wconf 97' lang='lat'><strong>,</strong></span> <span class='ocrx_word' id='word_1_38' title='bbox 685 908 809 964; x_wconf 90' lang='lat' dir='ltr'><strong>dum</strong></span> <span class='ocrx_word' id='word_1_39' title='bbox 838 924 897 963; x_wconf 89' lang='lat' dir='ltr'><strong>se</strong></span> <span class='ocrx_word' id='word_1_40' title='bbox 921 922 1017 964; x_wconf 83' lang='lat' dir='ltr'><strong>eos</strong></span> <span class='ocrx_word' id='word_1_41' title='bbox 1046 921 1153 976; x_wconf 72' lang='lat' dir='ltr'><strong>pra:</strong></span> <span class='ocrx_word' id='word_1_42' title='bbox 1183 904 1391 960; x_wconf 64' lang='lat' dir='ltr'><strong>caeteris</strong></span> <span class='ocrx_word' id='word_1_43' title='bbox 1421 916 1621 967; x_wconf 82' lang='lat' dir='ltr'><strong>amare,</strong></span> <span class='ocrx_word' id='word_1_44' title='bbox 1652 908 1811 969; x_wconf 84' lang='lat' dir='ltr'><strong>atque</strong></span> 
     </span>
    </p>
   </div>
   <div class='ocr_carea' id='block_1_7' title="bbox 234 992 1807 1071">
    <p class='ocr_par' dir='ltr' id='par_1_7' title="bbox 234 992 1807 1071">
     <span class='ocr_line' id='line_1_7' title="bbox 234 992 1807 1071; baseline -0.008 -16"><span class='ocrx_word' id='word_1_45' title='bbox 234 1011 294 1055; x_wconf 87' lang='lat' dir='ltr'><strong>ut</strong></span> <span class='ocrx_word' id='word_1_46' title='bbox 314 1015 439 1071; x_wconf 83' lang='lat' dir='ltr'><strong>erga</strong></span> <span class='ocrx_word' id='word_1_47' title='bbox 461 1000 686 1055; x_wconf 89' lang='lat' dir='ltr'><strong>eximios</strong></span> <span class='ocrx_word' id='word_1_48' title='bbox 715 998 1010 1067; x_wconf 84' lang='lat' dir='ltr'><strong>discipulos</strong></span> <span class='ocrx_word' id='word_1_49' title='bbox 1031 996 1278 1051; x_wconf 65' lang='lat' dir='ltr'><strong>allectum</strong></span> <span class='ocrx_word' id='word_1_50' title='bbox 1308 1007 1427 1049; x_wconf 86' lang='lat' dir='ltr'><strong>esse</strong></span> <span class='ocrx_word' id='word_1_51' title='bbox 1456 992 1807 1047; x_wconf 90' lang='lat' dir='ltr'><strong>demonstret.</strong></span> 
     </span>
    </p>
   </div>
   <div class='ocr_carea' id='block_1_8' title="bbox 232 1080 1811 1157">
    <p class='ocr_par' dir='ltr' id='par_1_8' title="bbox 232 1080 1811 1157">
     <span class='ocr_line' id='line_1_8' title="bbox 232 1080 1811 1157; baseline -0.008 -12"><span class='ocrx_word' id='word_1_52' title='bbox 232 1089 390 1145; x_wconf 84' lang='lat' dir='ltr'><strong>Unde</strong></span> <span class='ocrx_word' id='word_1_53' title='bbox 414 1090 571 1145; x_wconf 89' lang='lat' dir='ltr'><strong>etiam</strong></span> <span class='ocrx_word' id='word_1_54' title='bbox 599 1090 692 1157; x_wconf 89' lang='lat' dir='ltr'><strong>ait,</strong></span> <span class='ocrx_word' id='word_1_55' title='bbox 721 1089 784 1142; x_wconf 86' lang='lat' dir='ltr'><strong>Et</strong></span> <span class='ocrx_word' id='word_1_56' title='bbox 810 1090 854 1142; x_wconf 94' lang='lat' dir='ltr'><strong>si</strong></span> <span class='ocrx_word' id='word_1_57' title='bbox 878 1089 995 1142; x_wconf 79' lang='lat' dir='ltr'><strong>aliis</strong></span> <span class='ocrx_word' id='word_1_58' title='bbox 1023 1102 1125 1141; x_wconf 88' lang='lat' dir='ltr'><strong>non</strong></span> <span class='ocrx_word' id='word_1_59' title='bbox 1147 1102 1257 1140; x_wconf 84' lang='lat' dir='ltr'><strong>sum</strong></span> <span class='ocrx_word' id='word_1_60' title='bbox 1285 1083 1560 1154; x_wconf 72' lang='lat' dir='ltr'><strong>apostolus,</strong></span> <span class='ocrx_word' id='word_1_61' title='bbox 1591 1090 1642 1134; x_wconf 90' lang='lat' dir='ltr'><strong>at</strong></span> <span class='ocrx_word' id='word_1_62' title='bbox 1677 1080 1811 1134; x_wconf 79' lang='lat' dir='ltr'><strong>vobis</strong></span> 
     </span>
    </p>
   </div>
   <div class='ocr_carea' id='block_1_9' title="bbox 237 1173 1803 1246">
    <p class='ocr_par' dir='ltr' id='par_1_9' title="bbox 237 1173 1803 1246">
     <span class='ocr_line' id='line_1_9' title="bbox 237 1173 1803 1246; baseline -0.005 -15"><span class='ocrx_word' id='word_1_63' title='bbox 237 1188 407 1233; x_wconf 77' lang='lat' dir='ltr'><strong>tamen</strong></span> <span class='ocrx_word' id='word_1_64' title='bbox 433 1194 581 1243; x_wconf 77' lang='lat' dir='ltr'><strong>sum;</strong></span> <span class='ocrx_word' id='word_1_65' title='bbox 606 1188 681 1241; x_wconf 84' lang='lat' dir='ltr'><strong>et,</strong></span> <span class='ocrx_word' id='word_1_66' title='bbox 708 1179 770 1235; x_wconf 88' lang='lat' dir='ltr'><strong>Si</strong></span> <span class='ocrx_word' id='word_1_67' title='bbox 791 1178 975 1231; x_wconf 84' lang='lat' dir='ltr'><strong>multos</strong></span> <span class='ocrx_word' id='word_1_68' title='bbox 1001 1176 1302 1246; x_wconf 63' lang='lat' dir='ltr'><strong>pedagogos</strong></span> <span class='ocrx_word' id='word_1_69' title='bbox 1327 1173 1569 1237; x_wconf 79' lang='lat' dir='ltr'><strong>habeatis,</strong></span> <span class='ocrx_word' id='word_1_70' title='bbox 1604 1187 1702 1224; x_wconf 87' lang='lat' dir='ltr'><strong>non</strong></span> <span class='ocrx_word' id='word_1_71' title='bbox 1724 1179 1803 1223; x_wconf 89' lang='lat' dir='ltr'><strong>ta-</strong></span> 
     </span>
    </p>
   </div>
   <div class='ocr_carea' id='block_1_10' title="bbox 234 1266 1807 1342">
    <p class='ocr_par' dir='ltr' id='par_1_10' title="bbox 234 1266 1807 1342">
     <span class='ocr_line' id='line_1_10' title="bbox 234 1266 1807 1342; baseline -0.005 -20"><span class='ocrx_word' id='word_1_72' title='bbox 234 1285 346 1325; x_wconf 73' lang='lat' dir='ltr'><strong>men</strong></span> <span class='ocrx_word' id='word_1_73' title='bbox 366 1271 547 1325; x_wconf 79' lang='lat' dir='ltr'><strong>multos</strong></span> <span class='ocrx_word' id='word_1_74' title='bbox 572 1282 740 1341; x_wconf 83' lang='lat' dir='ltr'><strong>patres</strong></span> <span class='ocrx_word' id='word_1_75' title='bbox 772 1270 847 1342; x_wconf 77' lang='lat' dir='ltr'><strong>(i.</strong></span> <span class='ocrx_word' id='word_1_76' title='bbox 876 1270 996 1328; x_wconf 75' lang='lat' dir='ltr'><strong>Cor.</strong></span> <span class='ocrx_word' id='word_1_77' title='bbox 1018 1268 1071 1335; x_wconf 84' lang='lat'><strong>9.</strong></span> <span class='ocrx_word' id='word_1_78' title='bbox 1106 1268 1160 1321; x_wconf 71' lang='lat'><strong>2.</strong></span> <span class='ocrx_word' id='word_1_79' title='bbox 1192 1277 1237 1320; x_wconf 84' lang='lat' dir='ltr'><strong>et</strong></span> <span class='ocrx_word' id='word_1_80' title='bbox 1266 1268 1318 1321; x_wconf 77' lang='grc'><strong>4.</strong></span> <span class='ocrx_word' id='word_1_81' title='bbox 1351 1266 1441 1335; x_wconf 75' lang='grc'><strong>15)</strong></span> <span class='ocrx_word' id='word_1_82' title='bbox 1466 1280 1480 1326; x_wconf 88' lang='lat'><strong>;</strong></span> <span class='ocrx_word' id='word_1_83' title='bbox 1511 1278 1573 1318; x_wconf 88' lang='lat' dir='ltr'><strong>ac</strong></span> <span class='ocrx_word' id='word_1_84' title='bbox 1600 1277 1807 1329; x_wconf 80' lang='lat' dir='ltr'><strong>rursus,</strong></span> 
     </span>
    </p>
   </div>
   <div class='ocr_carea' id='block_1_11' title="bbox 235 1352 1810 1432">
    <p class='ocr_par' dir='ltr' id='par_1_11' title="bbox 235 1352 1810 1432">
     <span class='ocr_line' id='line_1_11' title="bbox 235 1352 1810 1432; baseline -0.006 -18"><span class='ocrx_word' id='word_1_85' title='bbox 235 1359 304 1414; x_wconf 76' lang='lat' dir='ltr'><strong>In</strong></span> <span class='ocrx_word' id='word_1_86' title='bbox 327 1362 491 1432; x_wconf 77' lang='lat' dir='ltr'><strong>gratia</strong></span> <span class='ocrx_word' id='word_1_87' title='bbox 520 1360 611 1414; x_wconf 86' lang='lat' dir='ltr'><strong>Dei</strong></span> <span class='ocrx_word' id='word_1_88' title='bbox 630 1361 909 1415; x_wconf 79' lang='lat' dir='ltr'><strong>conversati</strong></span> <span class='ocrx_word' id='word_1_89' title='bbox 935 1375 1108 1413; x_wconf 80' lang='lat' dir='ltr'><strong>sumus</strong></span> <span class='ocrx_word' id='word_1_90' title='bbox 1137 1359 1188 1411; x_wconf 86' lang='lat' dir='ltr'><strong>in</strong></span> <span class='ocrx_word' id='word_1_91' title='bbox 1228 1355 1438 1423; x_wconf 83' lang='lat' dir='ltr'><strong>mundo,</strong></span> <span class='ocrx_word' id='word_1_92' title='bbox 1469 1352 1810 1408; x_wconf 84' lang='lat' dir='ltr'><strong>abundantius</strong></span> 
     </span>
    </p>
   </div>
   <div class='ocr_carea' id='block_1_12' title="bbox 233 1445 1812 1524">
    <p class='ocr_par' dir='ltr' id='par_1_12' title="bbox 233 1445 1812 1524">
     <span class='ocr_line' id='line_1_12' title="bbox 233 1445 1812 1524; baseline -0.006 -19"><span class='ocrx_word' id='word_1_93' title='bbox 233 1466 403 1508; x_wconf 66' lang='lat' dir='ltr'><strong>autem</strong></span> <span class='ocrx_word' id='word_1_94' title='bbox 428 1454 566 1524; x_wconf 85' lang='lat' dir='ltr'><strong>apud</strong></span> <span class='ocrx_word' id='word_1_95' title='bbox 590 1468 694 1508; x_wconf 73' lang='lat' dir='ltr'><strong>res.</strong></span> <span class='ocrx_word' id='word_1_96' title='bbox 725 1453 901 1522; x_wconf 86' lang='lat' dir='ltr'><strong>Atque</strong></span> <span class='ocrx_word' id='word_1_97' title='bbox 933 1450 1068 1505; x_wconf 77' lang='lat' dir='ltr'><strong>infra</strong></span> <span class='ocrx_word' id='word_1_98' title='bbox 1090 1451 1253 1506; x_wconf 88' lang='lat' dir='ltr'><strong>etiam</strong></span> <span class='ocrx_word' id='word_1_99' title='bbox 1283 1448 1490 1518; x_wconf 91' lang='lat' dir='ltr'><strong>inquit,</strong></span> <span class='ocrx_word' id='word_1_100' title='bbox 1534 1445 1812 1499; x_wconf 82' lang='lat' dir='ltr'><strong>Abundan-</strong></span> 
     </span>
    </p>
   </div>
   <div class='ocr_carea' id='block_1_13' title="bbox 229 1536 1805 1616">
    <p class='ocr_par' dir='ltr' id='par_1_13' title="bbox 229 1536 1805 1616">
     <span class='ocr_line' id='line_1_13' title="bbox 229 1536 1805 1616; baseline -0.004 -20"><span class='ocrx_word' id='word_1_101' title='bbox 229 1545 331 1598; x_wconf 86' lang='lat' dir='ltr'><strong>tius</strong></span> <span class='ocrx_word' id='word_1_102' title='bbox 358 1561 445 1599; x_wconf 74' lang='lat' dir='ltr'><strong>sos</strong></span> <span class='ocrx_word' id='word_1_103' title='bbox 470 1546 703 1616; x_wconf 78' lang='lat' dir='ltr'><strong>diligens,</strong></span> <span class='ocrx_word' id='word_1_104' title='bbox 736 1547 901 1598; x_wconf 85' lang='lat' dir='ltr'><strong>minus</strong></span> <span class='ocrx_word' id='word_1_105' title='bbox 931 1544 1119 1614; x_wconf 87' lang='lat' dir='ltr'><strong>diligor</strong></span> <span class='ocrx_word' id='word_1_106' title='bbox 1160 1540 1247 1612; x_wconf 72' lang='grc'><strong>(2.</strong></span> <span class='ocrx_word' id='word_1_107' title='bbox 1281 1541 1397 1594; x_wconf 82' lang='lat' dir='ltr'><strong>Cor.</strong></span> <span class='ocrx_word' id='word_1_108' title='bbox 1427 1540 1477 1594; x_wconf 81' lang='grc'><strong>1.</strong></span> <span class='ocrx_word' id='word_1_109' title='bbox 1510 1538 1594 1593; x_wconf 77' lang='grc'><strong>12.</strong></span> <span class='ocrx_word' id='word_1_110' title='bbox 1628 1548 1674 1592; x_wconf 89' lang='lat' dir='ltr'><strong>et</strong></span> <span class='ocrx_word' id='word_1_111' title='bbox 1718 1536 1805 1593; x_wconf 70' lang='lat'><strong>1‘2.</strong></span> 
     </span>
    </p>
   </div>
   <div class='ocr_carea' id='block_1_14' title="bbox 240 1631 1806 1705">
    <p class='ocr_par' dir='ltr' id='par_1_14' title="bbox 240 1631 1806 1705">
     <span class='ocr_line' id='line_1_14' title="bbox 240 1631 1806 1705; baseline -0.007 -14"><span class='ocrx_word' id='word_1_112' title='bbox 240 1637 371 1705; x_wconf 64' lang='lat'><strong>15);</strong></span> <span class='ocrx_word' id='word_1_113' title='bbox 424 1645 480 1692; x_wconf 86' lang='lat' dir='ltr'><strong>et</strong></span> <span class='ocrx_word' id='word_1_114' title='bbox 502 1637 603 1691; x_wconf 79' lang='lat' dir='ltr'><strong>hoc</strong></span> <span class='ocrx_word' id='word_1_115' title='bbox 632 1637 754 1691; x_wconf 90' lang='lat' dir='ltr'><strong>loco</strong></span> <span class='ocrx_word' id='word_1_116' title='bbox 773 1678 787 1702; x_wconf 96' lang='lat'><strong>,</strong></span> <span class='ocrx_word' id='word_1_117' title='bbox 823 1636 987 1703; x_wconf 82' lang='lat' dir='ltr'><strong>Quam</strong></span> <span class='ocrx_word' id='word_1_118' title='bbox 1014 1633 1169 1687; x_wconf 80' lang='lat' dir='ltr'><strong>habeo</strong></span> <span class='ocrx_word' id='word_1_119' title='bbox 1195 1631 1529 1685; x_wconf 69' lang='lat' dir='ltr'><strong>abundantius</strong></span> <span class='ocrx_word' id='word_1_120' title='bbox 1556 1645 1674 1698; x_wconf 86' lang='lat' dir='ltr'><strong>erga</strong></span> <span class='ocrx_word' id='word_1_121' title='bbox 1702 1643 1806 1681; x_wconf 74' lang='lat' dir='ltr'><strong>vos.</strong></span> 
     </span>
    </p>
   </div>
   <div class='ocr_carea' id='block_1_15' title="bbox 302 1721 1811 1796">
    <p class='ocr_par' dir='ltr' id='par_1_15' title="bbox 302 1721 1811 1796">
     <span class='ocr_line' id='line_1_15' title="bbox 302 1721 1811 1796; baseline -0.008 -14"><span class='ocrx_word' id='word_1_122' title='bbox 302 1728 357 1782; x_wconf 81' lang='lat'><strong>3.</strong></span> <span class='ocrx_word' id='word_1_123' title='bbox 400 1726 579 1796; x_wconf 84' lang='lat' dir='ltr'><strong>Itaque</strong></span> <span class='ocrx_word' id='word_1_124' title='bbox 606 1727 814 1782; x_wconf 88' lang='lat' dir='ltr'><strong>etiamsi</strong></span> <span class='ocrx_word' id='word_1_125' title='bbox 842 1726 1004 1780; x_wconf 90' lang='lat' dir='ltr'><strong>verba</strong></span> <span class='ocrx_word' id='word_1_126' title='bbox 1036 1722 1324 1779; x_wconf 69' lang='lat' dir='ltr'><strong>iracundia:</strong></span> <span class='ocrx_word' id='word_1_127' title='bbox 1342 1721 1494 1791; x_wconf 85' lang='lat' dir='ltr'><strong>plena</strong></span> <span class='ocrx_word' id='word_1_128' title='bbox 1517 1726 1703 1782; x_wconf 87' lang='lat' dir='ltr'><strong>erant,</strong></span> <span class='ocrx_word' id='word_1_129' title='bbox 1733 1727 1811 1771; x_wconf 87' lang='lat' dir='ltr'><strong>ta-</strong></span> 
     </span>
    </p>
   </div>
   <div class='ocr_carea' id='block_1_16' title="bbox 232 1808 1811 1883">
    <p class='ocr_par' dir='ltr' id='par_1_16' title="bbox 232 1808 1811 1883">
     <span class='ocr_line' id='line_1_16' title="bbox 232 1808 1811 1883; baseline -0.006 -12"><span class='ocrx_word' id='word_1_130' title='bbox 232 1832 355 1871; x_wconf 88' lang='lat' dir='ltr'><strong>men</strong></span> <span class='ocrx_word' id='word_1_131' title='bbox 380 1816 496 1871; x_wconf 69' lang='lat' dir='ltr'><strong>haec</strong></span> <span class='ocrx_word' id='word_1_132' title='bbox 521 1818 680 1870; x_wconf 90' lang='lat' dir='ltr'><strong>animi</strong></span> <span class='ocrx_word' id='word_1_133' title='bbox 716 1816 1008 1871; x_wconf 83' lang='lat' dir='ltr'><strong>concitatio</strong></span> <span class='ocrx_word' id='word_1_134' title='bbox 1039 1830 1104 1869; x_wconf 89' lang='lat' dir='ltr'><strong>ex</strong></span> <span class='ocrx_word' id='word_1_135' title='bbox 1134 1814 1336 1883; x_wconf 79' lang='lat' dir='ltr'><strong>ingenti</strong></span> <span class='ocrx_word' id='word_1_136' title='bbox 1369 1811 1589 1865; x_wconf 90' lang='lat' dir='ltr'><strong>caritate</strong></span> <span class='ocrx_word' id='word_1_137' title='bbox 1618 1824 1681 1863; x_wconf 91' lang='lat' dir='ltr'><strong>ac</strong></span> <span class='ocrx_word' id='word_1_138' title='bbox 1716 1808 1811 1862; x_wconf 85' lang='lat' dir='ltr'><strong>do-</strong></span> 
     </span>
    </p>
   </div>
   <div class='ocr_carea' id='block_1_17' title="bbox 227 1899 1807 1977">
    <p class='ocr_par' dir='ltr' id='par_1_17' title="bbox 227 1899 1807 1977">
     <span class='ocr_line' id='line_1_17' title="bbox 227 1899 1807 1977; baseline -0.006 -16"><span class='ocrx_word' id='word_1_139' title='bbox 227 1906 344 1962; x_wconf 89' lang='lat' dir='ltr'><strong>lore</strong></span> <span class='ocrx_word' id='word_1_140' title='bbox 362 1908 692 1963; x_wconf 88' lang='lat' dir='ltr'><strong>nascebatur.</strong></span> <span class='ocrx_word' id='word_1_141' title='bbox 720 1907 962 1977; x_wconf 86' lang='lat' dir='ltr'><strong>Cumque</strong></span> <span class='ocrx_word' id='word_1_142' title='bbox 981 1906 1262 1975; x_wconf 77' lang='lat' dir='ltr'><strong>epistolam</strong></span> <span class='ocrx_word' id='word_1_143' title='bbox 1281 1902 1591 1963; x_wconf 86' lang='lat' dir='ltr'><strong>scriberem,</strong></span> <span class='ocrx_word' id='word_1_144' title='bbox 1618 1899 1807 1968; x_wconf 88' lang='lat' dir='ltr'><strong>inquit,</strong></span> 
     </span>
    </p>
   </div>
   <div class='ocr_carea' id='block_1_18' title="bbox 230 1988 1809 2069">
    <p class='ocr_par' dir='ltr' id='par_1_18' title="bbox 230 1988 1809 2069">
     <span class='ocr_line' id='line_1_18' title="bbox 230 1988 1809 2069; baseline -0.007 -16"><span class='ocrx_word' id='word_1_145' title='bbox 230 1998 481 2053; x_wconf 83' lang='lat' dir='ltr'><strong>dolebam</strong></span> <span class='ocrx_word' id='word_1_146' title='bbox 510 2008 563 2053; x_wconf 86' lang='lat' dir='ltr'><strong>et</strong></span> <span class='ocrx_word' id='word_1_147' title='bbox 589 1998 844 2069; x_wconf 83' lang='lat' dir='ltr'><strong>angebar,</strong></span> <span class='ocrx_word' id='word_1_148' title='bbox 877 2012 982 2050; x_wconf 89' lang='lat' dir='ltr'><strong>non</strong></span> <span class='ocrx_word' id='word_1_149' title='bbox 1015 1997 1116 2051; x_wconf 87' lang='lat' dir='ltr'><strong>hoc</strong></span> <span class='ocrx_word' id='word_1_150' title='bbox 1144 2003 1348 2049; x_wconf 91' lang='lat' dir='ltr'><strong>tantum</strong></span> <span class='ocrx_word' id='word_1_151' title='bbox 1392 1992 1633 2057; x_wconf 81' lang='lat' dir='ltr'><strong>nomine,</strong></span> <span class='ocrx_word' id='word_1_152' title='bbox 1668 1988 1809 2059; x_wconf 90' lang='lat' dir='ltr'><strong>quod</strong></span> 
     </span>
    </p>
   </div>
   <div class='ocr_carea' id='block_1_19' title="bbox 227 2080 1811 2157">
    <p class='ocr_par' dir='ltr' id='par_1_19' title="bbox 227 2080 1811 2157">
     <span class='ocr_line' id='line_1_19' title="bbox 227 2080 1811 2157; baseline -0.005 -14"><span class='ocrx_word' id='word_1_153' title='bbox 227 2080 575 2157; x_wconf 84' lang='lat' dir='ltr'><strong>peccassetis,</strong></span> <span class='ocrx_word' id='word_1_154' title='bbox 600 2088 693 2142; x_wconf 89' lang='lat' dir='ltr'><strong>sed</strong></span> <span class='ocrx_word' id='word_1_155' title='bbox 724 2088 906 2150; x_wconf 87' lang='lat' dir='ltr'><strong>etiam,</strong></span> <span class='ocrx_word' id='word_1_156' title='bbox 936 2086 1079 2156; x_wconf 92' lang='lat' dir='ltr'><strong>quod</strong></span> <span class='ocrx_word' id='word_1_157' title='bbox 1107 2085 1257 2139; x_wconf 83' lang='lat' dir='ltr'><strong>vobis</strong></span> <span class='ocrx_word' id='word_1_158' title='bbox 1286 2096 1573 2138; x_wconf 64' lang='lat' dir='ltr'><strong>manerem</strong></span> <span class='ocrx_word' id='word_1_159' title='bbox 1620 2080 1811 2135; x_wconf 73' lang='lat' dir='ltr'><strong>aderre</strong></span> 
     </span>
    </p>
   </div>
   <div class='ocr_carea' id='block_1_20' title="bbox 226 2178 1809 2251">
    <p class='ocr_par' dir='ltr' id='par_1_20' title="bbox 226 2178 1809 2251">
     <span class='ocr_line' id='line_1_20' title="bbox 226 2178 1809 2251; baseline -0.006 -16"><span class='ocrx_word' id='word_1_160' title='bbox 226 2194 470 2251; x_wconf 87' lang='lat' dir='ltr'><strong>cogerer.</strong></span> <span class='ocrx_word' id='word_1_161' title='bbox 524 2180 716 2235; x_wconf 80' lang='lat' dir='ltr'><strong>Verum</strong></span> <span class='ocrx_word' id='word_1_162' title='bbox 747 2180 851 2234; x_wconf 86' lang='lat' dir='ltr'><strong>hoc</strong></span> <span class='ocrx_word' id='word_1_163' title='bbox 895 2192 1107 2248; x_wconf 90' lang='lat' dir='ltr'><strong>quoque</strong></span> <span class='ocrx_word' id='word_1_164' title='bbox 1133 2178 1306 2245; x_wconf 89' lang='lat' dir='ltr'><strong>ipsum</strong></span> <span class='ocrx_word' id='word_1_165' title='bbox 1342 2190 1408 2229; x_wconf 91' lang='lat' dir='ltr'><strong>ex</strong></span> <span class='ocrx_word' id='word_1_166' title='bbox 1440 2188 1623 2226; x_wconf 86' lang='lat' dir='ltr'><strong>amore</strong></span> <span class='ocrx_word' id='word_1_167' title='bbox 1652 2188 1665 2226; x_wconf 91' lang='lat'><strong>:</strong></span> <span class='ocrx_word' id='word_1_168' title='bbox 1705 2188 1809 2225; x_wconf 90' lang='lat' dir='ltr'><strong>non</strong></span> 
     </span>
    </p>
   </div>
   <div class='ocr_carea' id='block_1_21' title="bbox 226 2262 1833 2340">
    <p class='ocr_par' dir='ltr' id='par_1_21' title="bbox 226 2262 1833 2340">
     <span class='ocr_line' id='line_1_21' title="bbox 226 2262 1833 2340; baseline -0.007 -15"><span class='ocrx_word' id='word_1_169' title='bbox 226 2284 387 2325; x_wconf 85' lang='lat' dir='ltr'><strong>secus</strong></span> <span class='ocrx_word' id='word_1_170' title='bbox 416 2286 479 2325; x_wconf 90' lang='lat' dir='ltr'><strong>ac</strong></span> <span class='ocrx_word' id='word_1_171' title='bbox 505 2271 548 2324; x_wconf 89' lang='lat' dir='ltr'><strong>si</strong></span> <span class='ocrx_word' id='word_1_172' title='bbox 578 2271 716 2340; x_wconf 85' lang='lat' dir='ltr'><strong>quis,</strong></span> <span class='ocrx_word' id='word_1_173' title='bbox 750 2284 870 2324; x_wconf 89' lang='lat' dir='ltr'><strong>cum</strong></span> <span class='ocrx_word' id='word_1_174' title='bbox 904 2270 1068 2322; x_wconf 86' lang='lat' dir='ltr'><strong>filium</strong></span> <span class='ocrx_word' id='word_1_175' title='bbox 1099 2268 1151 2321; x_wconf 93' lang='lat' dir='ltr'><strong>in</strong></span> <span class='ocrx_word' id='word_1_176' title='bbox 1176 2264 1364 2337; x_wconf 86' lang='lat' dir='ltr'><strong>primis</strong></span> <span class='ocrx_word' id='word_1_177' title='bbox 1393 2280 1574 2319; x_wconf 89' lang='lat' dir='ltr'><strong>earum</strong></span> <span class='ocrx_word' id='word_1_178' title='bbox 1599 2262 1833 2333; x_wconf 62' lang='lat' dir='ltr'><strong>habeat,</strong></span> 
     </span>
    </p>
   </div>
   <div class='ocr_carea' id='block_1_22' title="bbox 227 2360 1807 2429">
    <p class='ocr_par' dir='ltr' id='par_1_22' title="bbox 227 2360 1807 2429">
     <span class='ocr_line' id='line_1_22' title="bbox 227 2360 1807 2429; baseline -0.003 -17"><span class='ocrx_word' id='word_1_179' title='bbox 227 2361 317 2429; x_wconf 92' lang='lat' dir='ltr'><strong>qui</strong></span> <span class='ocrx_word' id='word_1_180' title='bbox 338 2361 485 2413; x_wconf 90' lang='lat' dir='ltr'><strong>sanie</strong></span> <span class='ocrx_word' id='word_1_181' title='bbox 515 2360 738 2425; x_wconf 87' lang='lat' dir='ltr'><strong>laboret,</strong></span> <span class='ocrx_word' id='word_1_182' title='bbox 764 2374 990 2429; x_wconf 87' lang='lat' dir='ltr'><strong>eumque</strong></span> <span class='ocrx_word' id='word_1_183' title='bbox 1012 2373 1197 2413; x_wconf 90' lang='lat' dir='ltr'><strong>secare</strong></span> <span class='ocrx_word' id='word_1_184' title='bbox 1223 2367 1382 2426; x_wconf 84' lang='lat' dir='ltr'><strong>atque</strong></span> <span class='ocrx_word' id='word_1_185' title='bbox 1400 2370 1553 2409; x_wconf 89' lang='lat' dir='ltr'><strong>urere</strong></span> <span class='ocrx_word' id='word_1_186' title='bbox 1570 2363 1807 2424; x_wconf 77' lang='lat' dir='ltr'><strong>cogatur,</strong></span> 
     </span>
    </p>
   </div>
   <div class='ocr_carea' id='block_1_23' title="bbox 228 2442 1811 2520">
    <p class='ocr_par' dir='ltr' id='par_1_23' title="bbox 228 2442 1811 2520">
     <span class='ocr_line' id='line_1_23' title="bbox 228 2442 1811 2520; baseline -0.004 -17"><span class='ocrx_word' id='word_1_187' title='bbox 228 2459 457 2520; x_wconf 87' lang='lat' dir='ltr'><strong>utroque</strong></span> <span class='ocrx_word' id='word_1_188' title='bbox 480 2451 698 2503; x_wconf 87' lang='lat' dir='ltr'><strong>nomine</strong></span> <span class='ocrx_word' id='word_1_189' title='bbox 723 2450 920 2514; x_wconf 82' lang='lat' dir='ltr'><strong>doleat,</strong></span> <span class='ocrx_word' id='word_1_190' title='bbox 952 2459 1060 2502; x_wconf 79' lang='lat' dir='ltr'><strong>tuin</strong></span> <span class='ocrx_word' id='word_1_191' title='bbox 1089 2447 1232 2518; x_wconf 88' lang='lat' dir='ltr'><strong>quod</strong></span> <span class='ocrx_word' id='word_1_192' title='bbox 1248 2462 1390 2517; x_wconf 73' lang='lat' dir='ltr'><strong>aeger</strong></span> <span class='ocrx_word' id='word_1_193' title='bbox 1411 2446 1499 2511; x_wconf 91' lang='lat' dir='ltr'><strong>sit,</strong></span> <span class='ocrx_word' id='word_1_194' title='bbox 1532 2455 1643 2498; x_wconf 90' lang='lat' dir='ltr'><strong>tum</strong></span> <span class='ocrx_word' id='word_1_195' title='bbox 1670 2442 1811 2512; x_wconf 86' lang='lat' dir='ltr'><strong>quod</strong></span> 
     </span>
    </p>
   </div>
   <div class='ocr_carea' id='block_1_24' title="bbox 226 2535 1811 2609">
    <p class='ocr_par' dir='ltr' id='par_1_24' title="bbox 226 2535 1811 2609">
     <span class='ocr_line' id='line_1_24' title="bbox 226 2535 1811 2609; baseline -0.002 -17"><span class='ocrx_word' id='word_1_196' title='bbox 226 2554 350 2593; x_wconf 88' lang='lat' dir='ltr'><strong>eum</strong></span> <span class='ocrx_word' id='word_1_197' title='bbox 378 2554 563 2595; x_wconf 85' lang='lat' dir='ltr'><strong>secare</strong></span> <span class='ocrx_word' id='word_1_198' title='bbox 592 2555 814 2595; x_wconf 88' lang='lat' dir='ltr'><strong>necesse</strong></span> <span class='ocrx_word' id='word_1_199' title='bbox 842 2540 1054 2595; x_wconf 79' lang='lat' dir='ltr'><strong>habeat.</strong></span> <span class='ocrx_word' id='word_1_200' title='bbox 1089 2542 1163 2593; x_wconf 77' lang='lat' dir='ltr'><strong>Ac</strong></span> <span class='ocrx_word' id='word_1_201' title='bbox 1186 2537 1409 2609; x_wconf 89' lang='lat' dir='ltr'><strong>proinde</strong></span> <span class='ocrx_word' id='word_1_202' title='bbox 1445 2538 1515 2602; x_wconf 91' lang='lat' dir='ltr'><strong>ld,</strong></span> <span class='ocrx_word' id='word_1_203' title='bbox 1546 2535 1684 2606; x_wconf 91' lang='lat' dir='ltr'><strong>quod</strong></span> <span class='ocrx_word' id='word_1_204' title='bbox 1707 2535 1811 2589; x_wconf 91' lang='lat' dir='ltr'><strong>mei</strong></span> 
     </span>
    </p>
   </div>
   <div class='ocr_carea' id='block_1_25' title="bbox 227 2629 1813 2701">
    <p class='ocr_par' dir='ltr' id='par_1_25' title="bbox 227 2629 1813 2701">
     <span class='ocr_line' id='line_1_25' title="bbox 227 2629 1813 2701; baseline -0.002 -17"><span class='ocrx_word' id='word_1_205' title='bbox 227 2631 283 2684; x_wconf 90' lang='lat' dir='ltr'><strong>in</strong></span> <span class='ocrx_word' id='word_1_206' title='bbox 312 2646 408 2685; x_wconf 90' lang='lat' dir='ltr'><strong>vos</strong></span> <span class='ocrx_word' id='word_1_207' title='bbox 433 2632 539 2685; x_wconf 77' lang='lat' dir='ltr'><strong>odii</strong></span> <span class='ocrx_word' id='word_1_208' title='bbox 572 2634 781 2701; x_wconf 88' lang='lat' dir='ltr'><strong>signum</strong></span> <span class='ocrx_word' id='word_1_209' title='bbox 807 2647 928 2686; x_wconf 89' lang='lat' dir='ltr'><strong>esse</strong></span> <span class='ocrx_word' id='word_1_210' title='bbox 947 2630 1283 2697; x_wconf 78' lang='lat' dir='ltr'><strong>existimatis,</strong></span> <span class='ocrx_word' id='word_1_211' title='bbox 1305 2631 1480 2700; x_wconf 84' lang='lat' dir='ltr'><strong>magni</strong></span> <span class='ocrx_word' id='word_1_212' title='bbox 1501 2629 1700 2682; x_wconf 88' lang='lat' dir='ltr'><strong>amoris</strong></span> <span class='ocrx_word' id='word_1_213' title='bbox 1727 2642 1813 2681; x_wconf 85' lang='lat' dir='ltr'><strong>ar-</strong></span> 
     </span>
    </p>
   </div>
   <div class='ocr_carea' id='block_1_26' title="bbox 226 2716 1814 2790">
    <p class='ocr_par' dir='ltr' id='par_1_26' title="bbox 226 2716 1814 2790">
     <span class='ocr_line' id='line_1_26' title="bbox 226 2716 1814 2790; baseline 0 -17"><span class='ocrx_word' id='word_1_214' title='bbox 226 2729 537 2789; x_wconf 89' lang='lat' dir='ltr'><strong>gumentum</strong></span> <span class='ocrx_word' id='word_1_215' title='bbox 570 2732 705 2775; x_wconf 87' lang='lat' dir='ltr'><strong>erat.</strong></span> <span class='ocrx_word' id='word_1_216' title='bbox 738 2721 890 2788; x_wconf 86' lang='lat' dir='ltr'><strong>Quod</strong></span> <span class='ocrx_word' id='word_1_217' title='bbox 914 2722 957 2774; x_wconf 86' lang='lat' dir='ltr'><strong>si</strong></span> <span class='ocrx_word' id='word_1_218' title='bbox 982 2722 1082 2775; x_wconf 88' lang='lat' dir='ltr'><strong>hoc</strong></span> <span class='ocrx_word' id='word_1_219' title='bbox 1109 2722 1303 2790; x_wconf 91' lang='lat' dir='ltr'><strong>ipsum,</strong></span> <span class='ocrx_word' id='word_1_220' title='bbox 1330 2719 1471 2789; x_wconf 89' lang='lat' dir='ltr'><strong>quod</strong></span> <span class='ocrx_word' id='word_1_221' title='bbox 1493 2734 1588 2773; x_wconf 88' lang='lat' dir='ltr'><strong>vos</strong></span> <span class='ocrx_word' id='word_1_222' title='bbox 1613 2716 1814 2773; x_wconf 90' lang='lat' dir='ltr'><strong>contri-</strong></span> 
     </span>
    </p>
   </div>
   <div class='ocr_carea' id='block_1_27' title="bbox 229 2795 1813 2877">
    <p class='ocr_par' dir='ltr' id='par_1_27' title="bbox 229 2795 1813 2877">
     <span class='ocr_line' id='line_1_27' title="bbox 229 2795 1813 2877; baseline -0.002 -12"><span class='ocrx_word' id='word_1_223' title='bbox 229 2812 437 2877; x_wconf 88' lang='lat' dir='ltr'><strong>starim,</strong></span> <span class='ocrx_word' id='word_1_224' title='bbox 470 2812 536 2866; x_wconf 89' lang='lat' dir='ltr'><strong>ab</strong></span> <span class='ocrx_word' id='word_1_225' title='bbox 561 2827 745 2865; x_wconf 86' lang='lat' dir='ltr'><strong>amore</strong></span> <span class='ocrx_word' id='word_1_226' title='bbox 768 2823 943 2866; x_wconf 92' lang='lat' dir='ltr'><strong>ortum</strong></span> <span class='ocrx_word' id='word_1_227' title='bbox 973 2795 1153 2877; x_wconf 65' lang='lat' dir='ltr'><strong>traltii,</strong></span> <span class='ocrx_word' id='word_1_228' title='bbox 1186 2811 1355 2864; x_wconf 88' lang='lat' dir='ltr'><strong>multo</strong></span> <span class='ocrx_word' id='word_1_229' title='bbox 1381 2823 1508 2864; x_wconf 84' lang='lat' dir='ltr'><strong>sane</strong></span> <span class='ocrx_word' id='word_1_230' title='bbox 1536 2807 1665 2863; x_wconf 90' lang='lat' dir='ltr'><strong>illud</strong></span> <span class='ocrx_word' id='word_1_231' title='bbox 1696 2822 1813 2862; x_wconf 83' lang='lat' dir='ltr'><strong>ma-</strong></span> 
     </span>
    </p>
   </div>
   <div class='ocr_carea' id='block_1_28' title="bbox 226 2902 1809 2973">
    <p class='ocr_par' dir='ltr' id='par_1_28' title="bbox 226 2902 1809 2973">
     <span class='ocr_line' id='line_1_28' title="bbox 226 2902 1809 2973; baseline -0.002 -17"><span class='ocrx_word' id='word_1_232' title='bbox 226 2904 334 2973; x_wconf 87' lang='lat' dir='ltr'><strong>gis,</strong></span> <span class='ocrx_word' id='word_1_233' title='bbox 366 2902 537 2973; x_wconf 89' lang='lat' dir='ltr'><strong>quod,</strong></span> <span class='ocrx_word' id='word_1_234' title='bbox 564 2903 689 2958; x_wconf 90' lang='lat' dir='ltr'><strong>dum</strong></span> <span class='ocrx_word' id='word_1_235' title='bbox 714 2905 766 2958; x_wconf 91' lang='lat' dir='ltr'><strong>in</strong></span> <span class='ocrx_word' id='word_1_236' title='bbox 817 2919 1047 2958; x_wconf 71' lang='lat' dir='ltr'><strong>mmrore</strong></span> <span class='ocrx_word' id='word_1_237' title='bbox 1083 2904 1251 2971; x_wconf 85' lang='lat' dir='ltr'><strong>estis,</strong></span> <span class='ocrx_word' id='word_1_238' title='bbox 1283 2905 1335 2956; x_wconf 84' lang='lat' dir='ltr'><strong>lu</strong></span> <span class='ocrx_word' id='word_1_239' title='bbox 1383 2902 1809 2961; x_wconf 74' lang='lat' dir='ltr'><strong>lzetitiaverser.</strong></span> 
     </span>
    </p>
   </div>
   <div class='ocr_carea' id='block_1_29' title="bbox 228 2994 1813 3066">
    <p class='ocr_par' dir='ltr' id='par_1_29' title="bbox 228 2994 1813 3066">
     <span class='ocr_line' id='line_1_29' title="bbox 228 2994 1813 3066; baseline -0.001 -17"><span class='ocrx_word' id='word_1_240' title='bbox 228 2997 362 3049; x_wconf 83' lang='lat' dir='ltr'><strong>Cum</strong></span> <span class='ocrx_word' id='word_1_241' title='bbox 392 3010 519 3065; x_wconf 86' lang='lat' dir='ltr'><strong>ergo</strong></span> <span class='ocrx_word' id='word_1_242' title='bbox 549 3012 607 3051; x_wconf 90' lang='lat' dir='ltr'><strong>se</strong></span> <span class='ocrx_word' id='word_1_243' title='bbox 639 2996 752 3066; x_wconf 87' lang='lat' dir='ltr'><strong>ipse</strong></span> <span class='ocrx_word' id='word_1_244' title='bbox 778 3004 1085 3061; x_wconf 84' lang='lat' dir='ltr'><strong>excusasset</strong></span> <span class='ocrx_word' id='word_1_245' title='bbox 1107 2995 1403 3065; x_wconf 81' lang='lat' dir='ltr'><strong>(siquidem</strong></span> <span class='ocrx_word' id='word_1_246' title='bbox 1432 2995 1700 3065; x_wconf 86' lang='lat' dir='ltr'><strong>plerisque</strong></span> <span class='ocrx_word' id='word_1_247' title='bbox 1730 2994 1813 3048; x_wconf 88' lang='lat' dir='ltr'><strong>lo-</strong></span> 
     </span>
    </p>
   </div>
   <div class='ocr_carea' id='block_1_30' title="bbox 230 3085 1813 3156">
    <p class='ocr_par' dir='ltr' id='par_1_30' title="bbox 230 3085 1813 3156">
     <span class='ocr_line' id='line_1_30' title="bbox 230 3085 1813 3156; baseline 0.001 -18"><span class='ocrx_word' id='word_1_248' title='bbox 230 3086 314 3139; x_wconf 90' lang='lat' dir='ltr'><strong>cis</strong></span> <span class='ocrx_word' id='word_1_249' title='bbox 343 3100 401 3140; x_wconf 91' lang='lat' dir='ltr'><strong>se</strong></span> <span class='ocrx_word' id='word_1_250' title='bbox 451 3096 698 3152; x_wconf 79' lang='lat' dir='ltr'><strong>excusat;</strong></span> <span class='ocrx_word' id='word_1_251' title='bbox 734 3102 830 3141; x_wconf 89' lang='lat' dir='ltr'><strong>nec</strong></span> <span class='ocrx_word' id='word_1_252' title='bbox 864 3096 1144 3156; x_wconf 88' lang='lat' dir='ltr'><strong>propterea</strong></span> <span class='ocrx_word' id='word_1_253' title='bbox 1175 3085 1445 3141; x_wconf 87' lang='lat' dir='ltr'><strong>erubescit</strong></span> <span class='ocrx_word' id='word_1_254' title='bbox 1473 3104 1486 3140; x_wconf 92' lang='lat'><strong>:</strong></span> <span class='ocrx_word' id='word_1_255' title='bbox 1518 3085 1651 3139; x_wconf 86' lang='lat' dir='ltr'><strong>Nam</strong></span> <span class='ocrx_word' id='word_1_256' title='bbox 1690 3100 1813 3140; x_wconf 92' lang='lat' dir='ltr'><strong>cum</strong></span> 
     </span>
    </p>
   </div>
   <div class='ocr_carea' id='block_1_31' title="bbox 232 3176 1813 3247">
    <p class='ocr_par' dir='ltr' id='par_1_31' title="bbox 232 3176 1813 3247">
     <span class='ocr_line' id='line_1_31' title="bbox 232 3176 1813 3247; baseline -0.002 -17"><span class='ocrx_word' id='word_1_257' title='bbox 232 3176 377 3231; x_wconf 86' lang='lat' dir='ltr'><strong>Deus</strong></span> <span class='ocrx_word' id='word_1_258' title='bbox 408 3178 457 3231; x_wconf 90' lang='lat' dir='ltr'><strong>id</strong></span> <span class='ocrx_word' id='word_1_259' title='bbox 507 3178 664 3232; x_wconf 88' lang='lat' dir='ltr'><strong>faciat</strong></span> <span class='ocrx_word' id='word_1_260' title='bbox 704 3178 887 3233; x_wconf 89' lang='lat' dir='ltr'><strong>dicens</strong></span> <span class='ocrx_word' id='word_1_261' title='bbox 910 3217 922 3240; x_wconf 95' lang='lat'><strong>,</strong></span> <span class='ocrx_word' id='word_1_262' title='bbox 974 3176 1175 3245; x_wconf 85' lang='lat' dir='ltr'><strong>Popute</strong></span> <span class='ocrx_word' id='word_1_263' title='bbox 1204 3193 1341 3231; x_wconf 86' lang='lat' dir='ltr'><strong>meus</strong></span> <span class='ocrx_word' id='word_1_264' title='bbox 1369 3216 1385 3242; x_wconf 90' lang='lat'><strong>,</strong></span> <span class='ocrx_word' id='word_1_265' title='bbox 1427 3176 1551 3247; x_wconf 86' lang='lat' dir='ltr'><strong>quid</strong></span> <span class='ocrx_word' id='word_1_266' title='bbox 1579 3177 1679 3244; x_wconf 77' lang='lat' dir='ltr'><strong>feci</strong></span> <span class='ocrx_word' id='word_1_267' title='bbox 1726 3176 1813 3228; x_wconf 86' lang='lat' dir='ltr'><strong>tibi</strong></span> 
     </span>
    </p>
   </div>
   <div class='ocr_carea' id='block_1_32' title="bbox 230 3264 1810 3339">
    <p class='ocr_par' dir='ltr' id='par_1_32' title="bbox 230 3264 1810 3339">
     <span class='ocr_line' id='line_1_32' title="bbox 230 3264 1810 3339; baseline -0.002 -20"><span class='ocrx_word' id='word_1_268' title='bbox 230 3266 420 3339; x_wconf 59' lang='lat' dir='ltr'><strong>[Hicin</strong></span> <span class='ocrx_word' id='word_1_269' title='bbox 451 3269 505 3324; x_wconf 82' lang='grc'><strong>6.</strong></span> <span class='ocrx_word' id='word_1_270' title='bbox 534 3266 616 3339; x_wconf 76' lang='lat'><strong>3]?</strong></span> <span class='ocrx_word' id='word_1_271' title='bbox 634 3269 800 3323; x_wconf 90' lang='lat' dir='ltr'><strong>multo</strong></span> <span class='ocrx_word' id='word_1_272' title='bbox 820 3268 989 3337; x_wconf 86' lang='lat' dir='ltr'><strong>magis</strong></span> <span class='ocrx_word' id='word_1_273' title='bbox 1013 3267 1061 3321; x_wconf 89' lang='lat' dir='ltr'><strong>id</strong></span> <span class='ocrx_word' id='word_1_274' title='bbox 1084 3267 1304 3321; x_wconf 84' lang='lat' dir='ltr'><strong>Paulum</strong></span> <span class='ocrx_word' id='word_1_275' title='bbox 1324 3267 1497 3321; x_wconf 87' lang='lat' dir='ltr'><strong>facere</strong></span> <span class='ocrx_word' id='word_1_276' title='bbox 1518 3264 1810 3333; x_wconf 90' lang='lat' dir='ltr'><strong>convenit):</strong></span> 
     </span>
    </p>
   </div>
   <div class='ocr_carea' id='block_1_33' title="bbox 228 3358 1814 3430">
    <p class='ocr_par' dir='ltr' id='par_1_33' title="bbox 228 3358 1814 3430">
     <span class='ocr_line' id='line_1_33' title="bbox 228 3358 1814 3430; baseline -0.003 -15"><span class='ocrx_word' id='word_1_277' title='bbox 228 3376 377 3426; x_wconf 90' lang='lat' dir='ltr'><strong>cum,</strong></span> <span class='ocrx_word' id='word_1_278' title='bbox 402 3361 639 3430; x_wconf 91' lang='lat' dir='ltr'><strong>inquam,</strong></span> <span class='ocrx_word' id='word_1_279' title='bbox 671 3376 727 3415; x_wconf 88' lang='lat' dir='ltr'><strong>se</strong></span> <span class='ocrx_word' id='word_1_280' title='bbox 761 3362 873 3430; x_wconf 87' lang='lat' dir='ltr'><strong>ipse</strong></span> <span class='ocrx_word' id='word_1_281' title='bbox 895 3368 1226 3425; x_wconf 68' lang='lat' dir='ltr'><strong>excusasset,</strong></span> <span class='ocrx_word' id='word_1_282' title='bbox 1256 3374 1317 3411; x_wconf 88' lang='lat' dir='ltr'><strong>ac</strong></span> <span class='ocrx_word' id='word_1_283' title='bbox 1343 3358 1453 3428; x_wconf 87' lang='lat' dir='ltr'><strong>jam</strong></span> <span class='ocrx_word' id='word_1_284' title='bbox 1482 3374 1579 3428; x_wconf 90' lang='lat' dir='ltr'><strong>pro</strong></span> <span class='ocrx_word' id='word_1_285' title='bbox 1609 3374 1674 3413; x_wconf 91' lang='lat' dir='ltr'><strong>eo</strong></span> <span class='ocrx_word' id='word_1_286' title='bbox 1694 3372 1814 3412; x_wconf 85' lang='lat' dir='ltr'><strong>ver-</strong></span> 
     </span>
    </p>
   </div>
   <div class='ocr_carea' id='block_1_34' title="bbox 231 3450 1810 3523">
    <p class='ocr_par' dir='ltr' id='par_1_34' title="bbox 231 3450 1810 3523">
     <span class='ocr_line' id='line_1_34' title="bbox 231 3450 1810 3523; baseline -0.004 -16"><span class='ocrx_word' id='word_1_287' title='bbox 231 3453 300 3507; x_wconf 86' lang='lat' dir='ltr'><strong>ba</strong></span> <span class='ocrx_word' id='word_1_288' title='bbox 329 3452 504 3508; x_wconf 86' lang='lat' dir='ltr'><strong>facere</strong></span> <span class='ocrx_word' id='word_1_289' title='bbox 525 3463 759 3523; x_wconf 86' lang='lat' dir='ltr'><strong>pararet,</strong></span> <span class='ocrx_word' id='word_1_290' title='bbox 779 3454 867 3523; x_wconf 90' lang='lat' dir='ltr'><strong>qui</strong></span> <span class='ocrx_word' id='word_1_291' title='bbox 897 3452 1064 3522; x_wconf 81' lang='lat' dir='ltr'><strong>stupri</strong></span> <span class='ocrx_word' id='word_1_292' title='bbox 1088 3452 1311 3507; x_wconf 78' lang='lat' dir='ltr'><strong>crimine</strong></span> <span class='ocrx_word' id='word_1_293' title='bbox 1338 3466 1398 3505; x_wconf 89' lang='lat' dir='ltr'><strong>se</strong></span> <span class='ocrx_word' id='word_1_294' title='bbox 1419 3450 1810 3506; x_wconf 80' lang='lat' dir='ltr'><strong>obstrinxerat:</strong></span> 
     </span>
    </p>
   </div>
   <div class='ocr_carea' id='block_1_35' title="bbox 232 3539 1816 3612">
    <p class='ocr_par' dir='ltr' id='par_1_35' title="bbox 232 3539 1816 3612">
     <span class='ocr_line' id='line_1_35' title="bbox 232 3539 1816 3612; baseline -0.002 -18"><span class='ocrx_word' id='word_1_295' title='bbox 232 3556 304 3597; x_wconf 89' lang='lat' dir='ltr'><strong>ne</strong></span> <span class='ocrx_word' id='word_1_296' title='bbox 321 3541 417 3605; x_wconf 88' lang='lat' dir='ltr'><strong>illi,</strong></span> <span class='ocrx_word' id='word_1_297' title='bbox 441 3551 707 3612; x_wconf 83' lang='lat' dir='ltr'><strong>tamquam</strong></span> <span class='ocrx_word' id='word_1_298' title='bbox 723 3542 812 3612; x_wconf 88' lang='lat' dir='ltr'><strong>qui</strong></span> <span class='ocrx_word' id='word_1_299' title='bbox 831 3542 1094 3596; x_wconf 87' lang='lat' dir='ltr'><strong>contraria</strong></span> <span class='ocrx_word' id='word_1_300' title='bbox 1112 3540 1258 3610; x_wconf 87' lang='lat' dir='ltr'><strong>jussa</strong></span> <span class='ocrx_word' id='word_1_301' title='bbox 1344 3540 1600 3609; x_wconf 90' lang='lat' dir='ltr'><strong>ciperent,</strong></span> <span class='ocrx_word' id='word_1_302' title='bbox 1625 3539 1816 3593; x_wconf 82' lang='lat' dir='ltr'><strong>distor-</strong></span> 
     </span>
    </p>
   </div>
   <div class='ocr_carea' id='block_1_36' title="bbox 231 3630 1814 3703">
    <p class='ocr_par' dir='ltr' id='par_1_36' title="bbox 231 3630 1814 3703">
     <span class='ocr_line' id='line_1_36' title="bbox 231 3630 1814 3703; baseline -0.001 -18"><span class='ocrx_word' id='word_1_303' title='bbox 231 3641 526 3701; x_wconf 88' lang='lat' dir='ltr'><strong>querentur</strong></span> <span class='ocrx_word' id='word_1_304' title='bbox 576 3633 1004 3703; x_wconf 83' lang='lat' dir='ltr'><strong>pertinaciusque</strong></span> <span class='ocrx_word' id='word_1_305' title='bbox 1042 3632 1468 3697; x_wconf 88' lang='lat' dir='ltr'><strong>contenderent,</strong></span> <span class='ocrx_word' id='word_1_306' title='bbox 1502 3631 1624 3701; x_wconf 85' lang='lat' dir='ltr'><strong>quia</strong></span> <span class='ocrx_word' id='word_1_307' title='bbox 1671 3630 1814 3685; x_wconf 86' lang='lat' dir='ltr'><strong>idem</strong></span> 
     </span>
    </p>
   </div>
   <div class='ocr_carea' id='block_1_37' title="bbox 233 3722 1813 3793">
    <p class='ocr_par' dir='ltr' id='par_1_37' title="bbox 233 3722 1813 3793">
     <span class='ocr_line' id='line_1_37' title="bbox 233 3722 1813 3793; baseline -0.001 -17"><span class='ocrx_word' id='word_1_308' title='bbox 233 3722 349 3793; x_wconf 89' lang='lat' dir='ltr'><strong>ipse</strong></span> <span class='ocrx_word' id='word_1_309' title='bbox 372 3732 506 3788; x_wconf 86' lang='lat' dir='ltr'><strong>erat,</strong></span> <span class='ocrx_word' id='word_1_310' title='bbox 538 3725 625 3793; x_wconf 87' lang='lat' dir='ltr'><strong>qui</strong></span> <span class='ocrx_word' id='word_1_311' title='bbox 649 3734 702 3779; x_wconf 91' lang='lat' dir='ltr'><strong>et</strong></span> <span class='ocrx_word' id='word_1_312' title='bbox 732 3734 842 3778; x_wconf 91' lang='lat' dir='ltr'><strong>tum</strong></span> <span class='ocrx_word' id='word_1_313' title='bbox 873 3725 942 3777; x_wconf 89' lang='lat' dir='ltr'><strong>ita</strong></span> <span class='ocrx_word' id='word_1_314' title='bbox 981 3732 1255 3778; x_wconf 76' lang='lat' dir='ltr'><strong>exarserat</strong></span> <span class='ocrx_word' id='word_1_315' title='bbox 1280 3731 1335 3777; x_wconf 90' lang='lat' dir='ltr'><strong>et</strong></span> <span class='ocrx_word' id='word_1_316' title='bbox 1364 3738 1504 3777; x_wconf 90' lang='lat' dir='ltr'><strong>nunc</strong></span> <span class='ocrx_word' id='word_1_317' title='bbox 1532 3738 1654 3779; x_wconf 91' lang='lat' dir='ltr'><strong>eum</strong></span> <span class='ocrx_word' id='word_1_318' title='bbox 1682 3723 1813 3776; x_wconf 89' lang='lat' dir='ltr'><strong>mis-</strong></span> 
     </span>
    </p>
   </div>
   <div class='ocr_carea' id='block_1_38' title="bbox 232 3810 1814 3883">
    <p class='ocr_par' dir='ltr' id='par_1_38' title="bbox 232 3810 1814 3883">
     <span class='ocr_line' id='line_1_38' title="bbox 232 3810 1814 3883; baseline 0.001 -17"><span class='ocrx_word' id='word_1_319' title='bbox 232 3827 353 3866; x_wconf 83' lang='lat' dir='ltr'><strong>sum</strong></span> <span class='ocrx_word' id='word_1_320' title='bbox 382 3810 557 3867; x_wconf 89' lang='lat' dir='ltr'><strong>facere</strong></span> <span class='ocrx_word' id='word_1_321' title='bbox 582 3812 824 3881; x_wconf 88' lang='lat' dir='ltr'><strong>jubebat,</strong></span> <span class='ocrx_word' id='word_1_322' title='bbox 863 3812 981 3867; x_wconf 82' lang='lat' dir='ltr'><strong>vide</strong></span> <span class='ocrx_word' id='word_1_323' title='bbox 1005 3827 1111 3883; x_wconf 93' lang='lat' dir='ltr'><strong>quo</strong></span> <span class='ocrx_word' id='word_1_324' title='bbox 1140 3823 1297 3882; x_wconf 88' lang='lat' dir='ltr'><strong>pacto</strong></span> <span class='ocrx_word' id='word_1_325' title='bbox 1328 3821 1439 3866; x_wconf 89' lang='lat' dir='ltr'><strong>tum</strong></span> <span class='ocrx_word' id='word_1_326' title='bbox 1464 3827 1557 3881; x_wconf 92' lang='lat' dir='ltr'><strong>per</strong></span> <span class='ocrx_word' id='word_1_327' title='bbox 1598 3826 1660 3867; x_wconf 88' lang='lat' dir='ltr'><strong>ea</strong></span> <span class='ocrx_word' id='word_1_328' title='bbox 1695 3828 1814 3882; x_wconf 72' lang='lat' dir='ltr'><strong>qua:</strong></span> 
     </span>
    </p>
   </div>
   <div class='ocr_carea' id='block_1_39' title="bbox 231 3903 1814 3974">
    <p class='ocr_par' dir='ltr' id='par_1_39' title="bbox 231 3903 1814 3974">
     <span class='ocr_line' id='line_1_39' title="bbox 231 3903 1814 3974; baseline 0.001 -17"><span class='ocrx_word' id='word_1_329' title='bbox 231 3903 385 3969; x_wconf 87' lang='lat' dir='ltr'><strong>dixit,</strong></span> <span class='ocrx_word' id='word_1_330' title='bbox 416 3914 524 3958; x_wconf 92' lang='lat' dir='ltr'><strong>tum</strong></span> <span class='ocrx_word' id='word_1_331' title='bbox 547 3920 643 3973; x_wconf 88' lang='lat' dir='ltr'><strong>per</strong></span> <span class='ocrx_word' id='word_1_332' title='bbox 668 3920 730 3960; x_wconf 88' lang='lat' dir='ltr'><strong>ea</strong></span> <span class='ocrx_word' id='word_1_333' title='bbox 772 3919 890 3974; x_wconf 84' lang='lat' dir='ltr'><strong>quae</strong></span> <span class='ocrx_word' id='word_1_334' title='bbox 917 3904 1159 3959; x_wconf 90' lang='lat' dir='ltr'><strong>dicturus</strong></span> <span class='ocrx_word' id='word_1_335' title='bbox 1205 3913 1308 3971; x_wconf 90' lang='lat' dir='ltr'><strong>est,</strong></span> <span class='ocrx_word' id='word_1_336' title='bbox 1333 3905 1435 3959; x_wconf 82' lang='lat' dir='ltr'><strong>hoc</strong></span> <span class='ocrx_word' id='word_1_337' title='bbox 1462 3906 1814 3973; x_wconf 73' lang='lat' dir='ltr'><strong>pran‘nunive-</strong></span> 
     </span>
    </p>
   </div>
   <div class='ocr_carea' id='block_1_40' title="bbox 234 3996 1815 4069">
    <p class='ocr_par' dir='ltr' id='par_1_40' title="bbox 234 3996 1815 4069">
     <span class='ocr_line' id='line_1_40' title="bbox 234 3996 1815 4069; baseline 0.002 -19"><span class='ocrx_word' id='word_1_338' title='bbox 234 3996 327 4051; x_wconf 91' lang='lat' dir='ltr'><strong>rit.</strong></span> <span class='ocrx_word' id='word_1_339' title='bbox 357 3998 494 4065; x_wconf 84' lang='lat' dir='ltr'><strong>Quid</strong></span> <span class='ocrx_word' id='word_1_340' title='bbox 525 4000 667 4053; x_wconf 91' lang='lat' dir='ltr'><strong>enim</strong></span> <span class='ocrx_word' id='word_1_341' title='bbox 720 3999 829 4053; x_wconf 87' lang='lat' dir='ltr'><strong>ait?</strong></span> <span class='ocrx_word' id='word_1_342' title='bbox 857 4001 909 4054; x_wconf 84' lang='grc'><strong>5.</strong></span> <span class='ocrx_word' id='word_1_343' title='bbox 941 3998 1001 4053; x_wconf 89' lang='lat' dir='ltr'><strong>Si</strong></span> <span class='ocrx_word' id='word_1_344' title='bbox 1027 4000 1138 4069; x_wconf 87' lang='lat' dir='ltr'><strong>quis</strong></span> <span class='ocrx_word' id='word_1_345' title='bbox 1162 4008 1327 4051; x_wconf 85' lang='lat' dir='ltr'><strong>autem</strong></span> <span class='ocrx_word' id='word_1_346' title='bbox 1357 4000 1683 4065; x_wconf 70' lang='lat' dir='ltr'><strong>contristabit,</strong></span> <span class='ocrx_word' id='word_1_347' title='bbox 1714 4016 1815 4053; x_wconf 86' lang='lat' dir='ltr'><strong>non</strong></span> 
     </span>
    </p>
   </div>
   <div class='ocr_carea' id='block_1_41' title="bbox 232 4089 1814 4161">
    <p class='ocr_par' dir='ltr' id='par_1_41' title="bbox 232 4089 1814 4161">
     <span class='ocr_line' id='line_1_41' title="bbox 232 4089 1814 4161; baseline 0.001 -20"><span class='ocrx_word' id='word_1_348' title='bbox 232 4106 314 4141; x_wconf 89' lang='lat' dir='ltr'><strong>me</strong></span> <span class='ocrx_word' id='word_1_349' title='bbox 337 4090 669 4144; x_wconf 82' lang='lat' dir='ltr'><strong>contristavit.</strong></span> <span class='ocrx_word' id='word_1_350' title='bbox 700 4090 1052 4161; x_wconf 83' lang='lat' dir='ltr'><strong>Posteaquam</strong></span> <span class='ocrx_word' id='word_1_351' title='bbox 1078 4090 1225 4160; x_wconf 90' lang='lat' dir='ltr'><strong>prius</strong></span> <span class='ocrx_word' id='word_1_352' title='bbox 1250 4090 1368 4143; x_wconf 89' lang='lat' dir='ltr'><strong>illos</strong></span> <span class='ocrx_word' id='word_1_353' title='bbox 1395 4089 1649 4157; x_wconf 86' lang='lat' dir='ltr'><strong>laudavit,</strong></span> <span class='ocrx_word' id='word_1_354' title='bbox 1673 4089 1814 4159; x_wconf 90' lang='lat' dir='ltr'><strong>quod</strong></span> 
     </span>
    </p>
   </div>
   <div class='ocr_carea' id='block_1_42' title="bbox 233 4181 1812 4255">
    <p class='ocr_par' dir='ltr' id='par_1_42' title="bbox 233 4181 1812 4255">
     <span class='ocr_line' id='line_1_42' title="bbox 233 4181 1812 4255; baseline 0.001 -20"><span class='ocrx_word' id='word_1_355' title='bbox 233 4181 423 4236; x_wconf 86' lang='lat' dir='ltr'><strong>iisdem</strong></span> <span class='ocrx_word' id='word_1_356' title='bbox 450 4182 611 4238; x_wconf 86' lang='lat' dir='ltr'><strong>rebus</strong></span> <span class='ocrx_word' id='word_1_357' title='bbox 635 4191 687 4238; x_wconf 90' lang='lat' dir='ltr'><strong>et</strong></span> <span class='ocrx_word' id='word_1_358' title='bbox 709 4185 1067 4252; x_wconf 86' lang='lat' dir='ltr'><strong>gauderentet</strong></span> <span class='ocrx_word' id='word_1_359' title='bbox 1086 4192 1428 4253; x_wconf 77' lang='lat' dir='ltr'><strong>angerentur,</strong></span> <span class='ocrx_word' id='word_1_360' title='bbox 1450 4192 1570 4255; x_wconf 86' lang='lat' dir='ltr'><strong>tum</strong></span> <span class='ocrx_word' id='word_1_361' title='bbox 1598 4185 1812 4239; x_wconf 91' lang='lat' dir='ltr'><strong>demum</strong></span> 
     </span>
    </p>
   </div>
   <div class='ocr_carea' id='block_1_43' title="bbox 232 4274 1811 4343">
    <p class='ocr_par' dir='ltr' id='par_1_43' title="bbox 232 4274 1811 4343">
     <span class='ocr_line' id='line_1_43' title="bbox 232 4274 1811 4343; baseline 0.001 -18"><span class='ocrx_word' id='word_1_362' title='bbox 232 4286 541 4328; x_wconf 87' lang='lat' dir='ltr'><strong>sermonem</strong></span> <span class='ocrx_word' id='word_1_363' title='bbox 571 4274 639 4328; x_wconf 90' lang='lat' dir='ltr'><strong>de</strong></span> <span class='ocrx_word' id='word_1_364' title='bbox 660 4274 758 4328; x_wconf 82' lang='lat' dir='ltr'><strong>liae</strong></span> <span class='ocrx_word' id='word_1_365' title='bbox 789 4289 845 4328; x_wconf 90' lang='lat' dir='ltr'><strong>re</strong></span> <span class='ocrx_word' id='word_1_366' title='bbox 874 4274 1179 4343; x_wconf 78' lang='lat' dir='ltr'><strong>aggreditur</strong></span> <span class='ocrx_word' id='word_1_367' title='bbox 1209 4290 1225 4325; x_wconf 88' lang='lat'><strong>:</strong></span> <span class='ocrx_word' id='word_1_368' title='bbox 1256 4290 1376 4329; x_wconf 92' lang='lat' dir='ltr'><strong>cum</strong></span> <span class='ocrx_word' id='word_1_369' title='bbox 1401 4276 1546 4343; x_wconf 91' lang='lat' dir='ltr'><strong>prius</strong></span> <span class='ocrx_word' id='word_1_370' title='bbox 1568 4275 1811 4339; x_wconf 82' lang='lat' dir='ltr'><strong>dixisset,</strong></span> 
     </span>
    </p>
   </div>
   <div class='ocr_carea' id='block_1_44' title="bbox 234 4362 1811 4435">
    <p class='ocr_par' dir='ltr' id='par_1_44' title="bbox 234 4362 1811 4435">
     <span class='ocr_line' id='line_1_44' title="bbox 234 4362 1811 4435; baseline 0.002 -19"><span class='ocrx_word' id='word_1_371' title='bbox 234 4362 491 4427; x_wconf 78' lang='lat' dir='ltr'><strong>Gaudium</strong></span> <span class='ocrx_word' id='word_1_372' title='bbox 521 4381 682 4418; x_wconf 82' lang='lat' dir='ltr'><strong>nteant</strong></span> <span class='ocrx_word' id='word_1_373' title='bbox 703 4374 922 4417; x_wconf 80' lang='lat' dir='ltr'><strong>vestrum</strong></span> <span class='ocrx_word' id='word_1_374' title='bbox 947 4366 1170 4418; x_wconf 85' lang='lat' dir='ltr'><strong>omnium</strong></span> <span class='ocrx_word' id='word_1_375' title='bbox 1199 4376 1291 4418; x_wconf 87' lang='lat' dir='ltr'><strong>est.</strong></span> <span class='ocrx_word' id='word_1_376' title='bbox 1320 4366 1470 4432; x_wconf 86' lang='lat' dir='ltr'><strong>Quod</strong></span> <span class='ocrx_word' id='word_1_377' title='bbox 1493 4366 1536 4419; x_wconf 90' lang='lat' dir='ltr'><strong>si</strong></span> <span class='ocrx_word' id='word_1_378' title='bbox 1564 4366 1811 4435; x_wconf 78' lang='lat' dir='ltr'><strong>gaudium</strong></span> 
     </span>
    </p>
   </div>
   <div class='ocr_carea' id='block_1_45' title="bbox 233 4458 1814 4524">
    <p class='ocr_par' dir='ltr' id='par_1_45' title="bbox 233 4458 1814 4524">
     <span class='ocr_line' id='line_1_45' title="bbox 233 4458 1814 4524; baseline 0.001 -15"><span class='ocrx_word' id='word_1_379' title='bbox 233 4470 414 4509; x_wconf 89' lang='lat' dir='ltr'><strong>meum</strong></span> <span class='ocrx_word' id='word_1_380' title='bbox 444 4458 682 4510; x_wconf 88' lang='lat' dir='ltr'><strong>omnium</strong></span> <span class='ocrx_word' id='word_1_381' title='bbox 717 4465 953 4510; x_wconf 89' lang='lat' dir='ltr'><strong>vestrum</strong></span> <span class='ocrx_word' id='word_1_382' title='bbox 984 4465 1088 4521; x_wconf 90' lang='lat' dir='ltr'><strong>est,</strong></span> <span class='ocrx_word' id='word_1_383' title='bbox 1118 4464 1329 4524; x_wconf 88' lang='lat' dir='ltr'><strong>oportet</strong></span> <span class='ocrx_word' id='word_1_384' title='bbox 1358 4467 1414 4509; x_wconf 91' lang='lat' dir='ltr'><strong>ut</strong></span> <span class='ocrx_word' id='word_1_385' title='bbox 1441 4471 1644 4511; x_wconf 91' lang='lat' dir='ltr'><strong>mecum</strong></span> <span class='ocrx_word' id='word_1_386' title='bbox 1673 4471 1814 4510; x_wconf 90' lang='lat' dir='ltr'><strong>nunc</strong></span> 
     </span>
    </p>
   </div>
   <div class='ocr_carea' id='block_1_46' title="bbox 232 4548 1814 4617">
    <p class='ocr_par' dir='ltr' id='par_1_46' title="bbox 232 4548 1814 4617">
     <span class='ocr_line' id='line_1_46' title="bbox 232 4548 1814 4617; baseline 0.004 -18"><span class='ocrx_word' id='word_1_387' title='bbox 232 4560 449 4616; x_wconf 72' lang='lat' dir='ltr'><strong>quoque</strong></span> <span class='ocrx_word' id='word_1_388' title='bbox 478 4548 771 4617; x_wconf 86' lang='lat' dir='ltr'><strong>gaudeatis,</strong></span> <span class='ocrx_word' id='word_1_389' title='bbox 802 4556 859 4601; x_wconf 90' lang='lat' dir='ltr'><strong>ut</strong></span> <span class='ocrx_word' id='word_1_390' title='bbox 882 4556 1005 4601; x_wconf 92' lang='lat' dir='ltr'><strong>tunc</strong></span> <span class='ocrx_word' id='word_1_391' title='bbox 1036 4562 1245 4602; x_wconf 91' lang='lat' dir='ltr'><strong>mecum</strong></span> <span class='ocrx_word' id='word_1_392' title='bbox 1293 4548 1562 4603; x_wconf 89' lang='lat' dir='ltr'><strong>doluistis.</strong></span> <span class='ocrx_word' id='word_1_393' title='bbox 1597 4548 1728 4603; x_wconf 83' lang='lat' dir='ltr'><strong>Nam</strong></span> <span class='ocrx_word' id='word_1_394' title='bbox 1756 4559 1814 4605; x_wconf 89' lang='lat' dir='ltr'><strong>ut</strong></span> 
     </span>
    </p>
   </div>
   <div class='ocr_carea' id='block_1_47' title="bbox 233 4637 1816 4712">
    <p class='ocr_par' dir='ltr' id='par_1_47' title="bbox 233 4637 1816 4712">
     <span class='ocr_line' id='line_1_47' title="bbox 233 4637 1816 4712; baseline 0.003 -21"><span class='ocrx_word' id='word_1_395' title='bbox 233 4646 350 4691; x_wconf 90' lang='lat' dir='ltr'><strong>tum</strong></span> <span class='ocrx_word' id='word_1_396' title='bbox 372 4637 603 4693; x_wconf 87' lang='lat' dir='ltr'><strong>dolendo</strong></span> <span class='ocrx_word' id='word_1_397' title='bbox 636 4638 763 4693; x_wconf 85' lang='lat' dir='ltr'><strong>mihi</strong></span> <span class='ocrx_word' id='word_1_398' title='bbox 784 4639 1107 4708; x_wconf 89' lang='lat' dir='ltr'><strong>voluptatem</strong></span> <span class='ocrx_word' id='word_1_399' title='bbox 1131 4640 1405 4705; x_wconf 89' lang='lat' dir='ltr'><strong>attulistis,</strong></span> <span class='ocrx_word' id='word_1_400' title='bbox 1438 4641 1507 4693; x_wconf 90' lang='lat' dir='ltr'><strong>ita</strong></span> <span class='ocrx_word' id='word_1_401' title='bbox 1527 4656 1666 4697; x_wconf 89' lang='lat' dir='ltr'><strong>nunc</strong></span> <span class='ocrx_word' id='word_1_402' title='bbox 1685 4657 1816 4712; x_wconf 89' lang='lat' dir='ltr'><strong>gau-</strong></span> 
     </span>
    </p>
   </div>
   <div class='ocr_carea' id='block_1_48' title="bbox 232 4729 1826 4805">
    <p class='ocr_par' dir='ltr' id='par_1_48' title="bbox 232 4729 1826 4805">
     <span class='ocr_line' id='line_1_48' title="bbox 232 4729 1826 4805; baseline 0.007 -23"><span class='ocrx_word' id='word_1_403' title='bbox 232 4729 434 4793; x_wconf 82' lang='lat' dir='ltr'><strong>dendo,</strong></span> <span class='ocrx_word' id='word_1_404' title='bbox 466 4730 728 4799; x_wconf 88' lang='lat' dir='ltr'><strong>siquidem</strong></span> <span class='ocrx_word' id='word_1_405' title='bbox 759 4730 925 4799; x_wconf 83' lang='lat' dir='ltr'><strong>gavisi</strong></span> <span class='ocrx_word' id='word_1_406' title='bbox 969 4730 1189 4796; x_wconf 90' lang='lat' dir='ltr'><strong>fueritis,</strong></span> <span class='ocrx_word' id='word_1_407' title='bbox 1222 4732 1362 4786; x_wconf 91' lang='lat' dir='ltr'><strong>idem</strong></span> <span class='ocrx_word' id='word_1_408' title='bbox 1411 4732 1826 4805; x_wconf 59' lang='lat' dir='ltr'><strong>eﬂicietis,,Het‘.</strong></span> 
     </span>
    </p>
   </div>
   <div class='ocr_carea' id='block_1_49' title="bbox 233 4819 1822 4890">
    <p class='ocr_par' dir='ltr' id='par_1_49' title="bbox 233 4819 1822 4890">
     <span class='ocr_line' id='line_1_49' title="bbox 233 4819 1822 4890; baseline 0.003 -15"><span class='ocrx_word' id='word_1_409' title='bbox 233 4819 388 4884; x_wconf 81' lang='lat' dir='ltr'><strong>dixit,</strong></span> <span class='ocrx_word' id='word_1_410' title='bbox 419 4819 613 4875; x_wconf 77' lang='lat' dir='ltr'><strong>Mmror</strong></span> <span class='ocrx_word' id='word_1_411' title='bbox 644 4836 795 4875; x_wconf 89' lang='lat' dir='ltr'><strong>meus</strong></span> <span class='ocrx_word' id='word_1_412' title='bbox 816 4837 1016 4877; x_wconf 65' lang='lat' dir='ltr'><strong>maeror</strong></span> <span class='ocrx_word' id='word_1_413' title='bbox 1044 4824 1281 4877; x_wconf 91' lang='lat' dir='ltr'><strong>omnium</strong></span> <span class='ocrx_word' id='word_1_414' title='bbox 1308 4832 1545 4879; x_wconf 89' lang='lat' dir='ltr'><strong>vestrum</strong></span> <span class='ocrx_word' id='word_1_415' title='bbox 1569 4832 1679 4890; x_wconf 89' lang='lat' dir='ltr'><strong>est;</strong></span> <span class='ocrx_word' id='word_1_416' title='bbox 1704 4822 1822 4879; x_wconf 43' lang='lat' dir='ltr'><strong>Ised‘</strong></span> 
     </span>
    </p>
   </div>
   <div class='ocr_carea' id='block_1_50' title="bbox 234 4914 1811 4983">
    <p class='ocr_par' dir='ltr' id='par_1_50' title="bbox 234 4914 1811 4983">
     <span class='ocr_line' id='line_1_50' title="bbox 234 4914 1811 4983; baseline 0 -13"><span class='ocrx_word' id='word_1_417' title='bbox 234 4930 358 4970; x_wconf 92' lang='lat' dir='ltr'><strong>cum</strong></span> <span class='ocrx_word' id='word_1_418' title='bbox 398 4915 449 4968; x_wconf 88' lang='lat' dir='ltr'><strong>iu</strong></span> <span class='ocrx_word' id='word_1_419' title='bbox 498 4914 618 4970; x_wconf 87' lang='lat' dir='ltr'><strong>aliis</strong></span> <span class='ocrx_word' id='word_1_420' title='bbox 665 4915 799 4971; x_wconf 88' lang='lat' dir='ltr'><strong>locis</strong></span> <span class='ocrx_word' id='word_1_421' title='bbox 826 4916 927 4970; x_wconf 82' lang='lat' dir='ltr'><strong>hoc</strong></span> <span class='ocrx_word' id='word_1_422' title='bbox 955 4916 1328 4981; x_wconf 82' lang='lat' dir='ltr'><strong>adstruxisset,</strong></span> <span class='ocrx_word' id='word_1_423' title='bbox 1359 4931 1500 4971; x_wconf 91' lang='lat' dir='ltr'><strong>nunc</strong></span> <span class='ocrx_word' id='word_1_424' title='bbox 1538 4917 1590 4971; x_wconf 94' lang='lat' dir='ltr'><strong>id</strong></span> <span class='ocrx_word' id='word_1_425' title='bbox 1619 4918 1811 4983; x_wconf 89' lang='lat' dir='ltr'><strong>solum,</strong></span> 
     </span>
    </p>
   </div>
   <div class='ocr_carea' id='block_1_51' title="bbox 234 5005 1812 5076">
    <p class='ocr_par' dir='ltr' id='par_1_51' title="bbox 234 5005 1812 5076">
     <span class='ocr_line' id='line_1_51' title="bbox 234 5005 1812 5076; baseline 0 -15"><span class='ocrx_word' id='word_1_426' title='bbox 234 5020 347 5076; x_wconf 86' lang='lat' dir='ltr'><strong>quo</strong></span> <span class='ocrx_word' id='word_1_427' title='bbox 373 5005 601 5061; x_wconf 88' lang='lat' dir='ltr'><strong>habebat</strong></span> <span class='ocrx_word' id='word_1_428' title='bbox 642 5021 799 5076; x_wconf 90' lang='lat' dir='ltr'><strong>opus,</strong></span> <span class='ocrx_word' id='word_1_429' title='bbox 832 5007 1032 5076; x_wconf 91' lang='lat' dir='ltr'><strong>posuit,</strong></span> <span class='ocrx_word' id='word_1_430' title='bbox 1067 5020 1259 5073; x_wconf 86' lang='lat' dir='ltr'><strong>nempe</strong></span> <span class='ocrx_word' id='word_1_431' title='bbox 1284 5007 1558 5075; x_wconf 88' lang='lat' dir='ltr'><strong>gaudium,</strong></span> <span class='ocrx_word' id='word_1_432' title='bbox 1607 5008 1812 5073; x_wconf 90' lang='lat' dir='ltr'><strong>dicens,</strong></span> 
     </span>
    </p>
   </div>
   <div class='ocr_carea' id='block_1_52' title="bbox 232 5096 1817 5169">
    <p class='ocr_par' dir='ltr' id='par_1_52' title="bbox 232 5096 1817 5169">
     <span class='ocr_line' id='line_1_52' title="bbox 232 5096 1817 5169; baseline 0.001 -16"><span class='ocrx_word' id='word_1_433' title='bbox 232 5096 498 5153; x_wconf 84' lang='lat' dir='ltr'><strong>Gaudium</strong></span> <span class='ocrx_word' id='word_1_434' title='bbox 530 5114 696 5153; x_wconf 72' lang='lat' dir='ltr'><strong>utrum</strong></span> <span class='ocrx_word' id='word_1_435' title='bbox 716 5098 941 5153; x_wconf 80' lang='lat' dir='ltr'><strong>omnium</strong></span> <span class='ocrx_word' id='word_1_436' title='bbox 970 5107 1184 5151; x_wconf 85' lang='lat' dir='ltr'><strong>vestrum</strong></span> <span class='ocrx_word' id='word_1_437' title='bbox 1211 5106 1302 5155; x_wconf 86' lang='lat' dir='ltr'><strong>est.</strong></span> <span class='ocrx_word' id='word_1_438' title='bbox 1348 5099 1548 5155; x_wconf 89' lang='lat' dir='ltr'><strong>Deinde</strong></span> <span class='ocrx_word' id='word_1_439' title='bbox 1578 5101 1817 5169; x_wconf 82' lang='lat' dir='ltr'><strong>superio-</strong></span> 
     </span>
    </p>
   </div>
   <div class='ocr_carea' id='block_1_53' title="bbox 238 5186 1814 5261">
    <p class='ocr_par' dir='ltr' id='par_1_53' title="bbox 238 5186 1814 5261">
     <span class='ocr_line' id='line_1_53' title="bbox 238 5186 1814 5261; baseline -0.001 -14"><span class='ocrx_word' id='word_1_440' title='bbox 238 5206 355 5247; x_wconf 86' lang='lat' dir='ltr'><strong>rem</strong></span> <span class='ocrx_word' id='word_1_441' title='bbox 378 5186 594 5261; x_wconf 82' lang='lat' dir='ltr'><strong>quoque</strong></span> <span class='ocrx_word' id='word_1_442' title='bbox 620 5192 867 5247; x_wconf 89' lang='lat' dir='ltr'><strong>meminit</strong></span> <span class='ocrx_word' id='word_1_443' title='bbox 895 5189 979 5246; x_wconf 87' lang='lat' dir='ltr'><strong>bis</strong></span> <span class='ocrx_word' id='word_1_444' title='bbox 1003 5192 1180 5245; x_wconf 79' lang='lat' dir='ltr'><strong>verbis</strong></span> <span class='ocrx_word' id='word_1_445' title='bbox 1212 5205 1225 5241; x_wconf 93' lang='lat'><strong>:</strong></span> <span class='ocrx_word' id='word_1_446' title='bbox 1259 5190 1320 5243; x_wconf 89' lang='lat' dir='ltr'><strong>Si</strong></span> <span class='ocrx_word' id='word_1_447' title='bbox 1345 5192 1457 5258; x_wconf 85' lang='lat' dir='ltr'><strong>quis</strong></span> <span class='ocrx_word' id='word_1_448' title='bbox 1484 5205 1649 5245; x_wconf 75' lang='lat' dir='ltr'><strong>autem</strong></span> <span class='ocrx_word' id='word_1_449' title='bbox 1688 5208 1814 5245; x_wconf 82' lang='lat' dir='ltr'><strong>con-</strong></span> 
     </span>
    </p>
   </div>
   <div class='ocr_carea' id='block_1_54' title="bbox 236 5279 1820 5349">
    <p class='ocr_par' dir='ltr' id='par_1_54' title="bbox 236 5279 1820 5349">
     <span class='ocr_line' id='line_1_54' title="bbox 236 5279 1820 5349; baseline 0 -14"><span class='ocrx_word' id='word_1_450' title='bbox 236 5279 476 5344; x_wconf 71' lang='lat' dir='ltr'><strong>tristabit,</strong></span> <span class='ocrx_word' id='word_1_451' title='bbox 500 5296 602 5333; x_wconf 78' lang='lat' dir='ltr'><strong>non</strong></span> <span class='ocrx_word' id='word_1_452' title='bbox 627 5297 706 5333; x_wconf 84' lang='lat' dir='ltr'><strong>me</strong></span> <span class='ocrx_word' id='word_1_453' title='bbox 729 5282 1061 5346; x_wconf 84' lang='lat' dir='ltr'><strong>contristavit,</strong></span> <span class='ocrx_word' id='word_1_454' title='bbox 1095 5279 1183 5334; x_wconf 86' lang='lat' dir='ltr'><strong>sed</strong></span> <span class='ocrx_word' id='word_1_455' title='bbox 1211 5296 1272 5332; x_wconf 76' lang='lat' dir='ltr'><strong>ex</strong></span> <span class='ocrx_word' id='word_1_456' title='bbox 1292 5290 1451 5349; x_wconf 86' lang='lat' dir='ltr'><strong>parte,</strong></span> <span class='ocrx_word' id='word_1_457' title='bbox 1481 5289 1534 5333; x_wconf 86' lang='lat' dir='ltr'><strong>ut</strong></span> <span class='ocrx_word' id='word_1_458' title='bbox 1578 5296 1677 5332; x_wconf 87' lang='lat' dir='ltr'><strong>non</strong></span> <span class='ocrx_word' id='word_1_459' title='bbox 1704 5296 1820 5335; x_wconf 85' lang='lat' dir='ltr'><strong>one-</strong></span> 
     </span>
    </p>
   </div>
   <div class='ocr_carea' id='block_1_55' title="bbox 239 5372 1817 5443">
    <p class='ocr_par' dir='ltr' id='par_1_55' title="bbox 239 5372 1817 5443">
     <span class='ocr_line' id='line_1_55' title="bbox 239 5372 1817 5443; baseline 0 -14"><span class='ocrx_word' id='word_1_460' title='bbox 239 5390 346 5429; x_wconf 80' lang='lat' dir='ltr'><strong>rent</strong></span> <span class='ocrx_word' id='word_1_461' title='bbox 367 5388 452 5425; x_wconf 82' lang='lat' dir='ltr'><strong>uos</strong></span> <span class='ocrx_word' id='word_1_462' title='bbox 472 5372 820 5435; x_wconf 88' lang='lat' dir='ltr'><strong>amnes.Scio,</strong></span> <span class='ocrx_word' id='word_1_463' title='bbox 856 5374 1045 5443; x_wconf 87' lang='lat' dir='ltr'><strong>inquit,</strong></span> <span class='ocrx_word' id='word_1_464' title='bbox 1075 5374 1217 5442; x_wconf 90' lang='lat' dir='ltr'><strong>quod</strong></span> <span class='ocrx_word' id='word_1_465' title='bbox 1258 5373 1331 5426; x_wconf 88' lang='lat' dir='ltr'><strong>ira</strong></span> <span class='ocrx_word' id='word_1_466' title='bbox 1361 5382 1416 5427; x_wconf 81' lang='lat' dir='ltr'><strong>et</strong></span> <span class='ocrx_word' id='word_1_467' title='bbox 1453 5372 1817 5443; x_wconf 88' lang='lat' dir='ltr'><strong>indignatione</strong></span> 
     </span>
    </p>
   </div>
   <div class='ocr_carea' id='block_1_56' title="bbox 239 5463 1821 5536">
    <p class='ocr_par' dir='ltr' id='par_1_56' title="bbox 239 5463 1821 5536">
     <span class='ocr_line' id='line_1_56' title="bbox 239 5463 1821 5536; baseline -0.001 -13"><span class='ocrx_word' id='word_1_468' title='bbox 239 5480 454 5523; x_wconf 85' lang='lat' dir='ltr'><strong>mecum</strong></span> <span class='ocrx_word' id='word_1_469' title='bbox 482 5463 734 5519; x_wconf 87' lang='lat' dir='ltr'><strong>commoti</strong></span> <span class='ocrx_word' id='word_1_470' title='bbox 764 5464 935 5519; x_wconf 79' lang='lat' dir='ltr'><strong>fuistis</strong></span> <span class='ocrx_word' id='word_1_471' title='bbox 959 5474 1176 5535; x_wconf 86' lang='lat' dir='ltr'><strong>propter</strong></span> <span class='ocrx_word' id='word_1_472' title='bbox 1199 5481 1320 5520; x_wconf 89' lang='lat' dir='ltr'><strong>eum</strong></span> <span class='ocrx_word' id='word_1_473' title='bbox 1348 5465 1440 5535; x_wconf 89' lang='lat' dir='ltr'><strong>qui</strong></span> <span class='ocrx_word' id='word_1_474' title='bbox 1460 5473 1702 5536; x_wconf 89' lang='lat' dir='ltr'><strong>stuprum</strong></span> <span class='ocrx_word' id='word_1_475' title='bbox 1724 5468 1821 5522; x_wconf 84' lang='lat' dir='ltr'><strong>ad-</strong></span> 
     </span>
    </p>
   </div>
   <div class='ocr_carea' id='block_1_57' title="bbox 240 5556 1822 5627">
    <p class='ocr_par' dir='ltr' id='par_1_57' title="bbox 240 5556 1822 5627">
     <span class='ocr_line' id='line_1_57' title="bbox 240 5556 1822 5627; baseline -0.001 -12"><span class='ocrx_word' id='word_1_476' title='bbox 240 5559 463 5615; x_wconf 83' lang='lat' dir='ltr'><strong>miserat</strong></span> <span class='ocrx_word' id='word_1_477' title='bbox 493 5573 505 5609; x_wconf 89' lang='lat'><strong>:</strong></span> <span class='ocrx_word' id='word_1_478' title='bbox 535 5566 693 5627; x_wconf 88' lang='lat' dir='ltr'><strong>atque</strong></span> <span class='ocrx_word' id='word_1_479' title='bbox 722 5556 823 5611; x_wconf 88' lang='lat' dir='ltr'><strong>hoc</strong></span> <span class='ocrx_word' id='word_1_480' title='bbox 868 5556 1073 5611; x_wconf 76' lang='lat' dir='ltr'><strong>facinus</strong></span> <span class='ocrx_word' id='word_1_481' title='bbox 1096 5573 1190 5613; x_wconf 78' lang='lat' dir='ltr'><strong>vos</strong></span> <span class='ocrx_word' id='word_1_482' title='bbox 1216 5573 1405 5612; x_wconf 88' lang='lat' dir='ltr'><strong>omnes</strong></span> <span class='ocrx_word' id='word_1_483' title='bbox 1430 5573 1494 5611; x_wconf 90' lang='lat' dir='ltr'><strong>ex</strong></span> <span class='ocrx_word' id='word_1_484' title='bbox 1519 5566 1670 5627; x_wconf 88' lang='lat' dir='ltr'><strong>parte</strong></span> <span class='ocrx_word' id='word_1_485' title='bbox 1687 5574 1822 5614; x_wconf 76' lang='lat' dir='ltr'><strong>mte-</strong></span> 
     </span>
    </p>
   </div>
   <div class='ocr_carea' id='block_1_58' title="bbox 241 5646 1822 5717">
    <p class='ocr_par' dir='ltr' id='par_1_58' title="bbox 241 5646 1822 5717">
     <span class='ocr_line' id='line_1_58' title="bbox 241 5646 1822 5717; baseline -0.001 -12"><span class='ocrx_word' id='word_1_486' title='bbox 241 5648 387 5705; x_wconf 79' lang='lat' dir='ltr'><strong>stitia</strong></span> <span class='ocrx_word' id='word_1_487' title='bbox 409 5646 604 5703; x_wconf 72' lang='lat' dir='ltr'><strong>aﬂeeit.</strong></span> <span class='ocrx_word' id='word_1_488' title='bbox 641 5648 815 5717; x_wconf 79' lang='lat' dir='ltr'><strong>Atque</strong></span> <span class='ocrx_word' id='word_1_489' title='bbox 838 5646 958 5700; x_wconf 90' lang='lat' dir='ltr'><strong>ideo</strong></span> <span class='ocrx_word' id='word_1_490' title='bbox 984 5646 1116 5713; x_wconf 84' lang='lat' dir='ltr'><strong>dixi,</strong></span> <span class='ocrx_word' id='word_1_491' title='bbox 1143 5646 1226 5701; x_wconf 80' lang='lat' dir='ltr'><strong>Ea:</strong></span> <span class='ocrx_word' id='word_1_492' title='bbox 1254 5658 1413 5717; x_wconf 80' lang='lat' dir='ltr'><strong>parte,</strong></span> <span class='ocrx_word' id='word_1_493' title='bbox 1443 5662 1546 5701; x_wconf 91' lang='lat' dir='ltr'><strong>non</strong></span> <span class='ocrx_word' id='word_1_494' title='bbox 1569 5648 1709 5717; x_wconf 90' lang='lat' dir='ltr'><strong>quod</strong></span> <span class='ocrx_word' id='word_1_495' title='bbox 1729 5664 1822 5705; x_wconf 87' lang='lat' dir='ltr'><strong>vos</strong></span> 
     </span>
    </p>
   </div>
   <div class='ocr_carea' id='block_1_59' title="bbox 242 5738 1820 5811">
    <p class='ocr_par' dir='ltr' id='par_1_59' title="bbox 242 5738 1820 5811">
     <span class='ocr_line' id='line_1_59' title="bbox 242 5738 1820 5811; baseline 0 -15"><span class='ocrx_word' id='word_1_496' title='bbox 242 5741 505 5796; x_wconf 74' lang='lat' dir='ltr'><strong>minorem</strong></span> <span class='ocrx_word' id='word_1_497' title='bbox 532 5738 971 5795; x_wconf 63' lang='lat' dir='ltr'><strong>inde-maerorem</strong></span> <span class='ocrx_word' id='word_1_498' title='bbox 998 5740 1335 5809; x_wconf 88' lang='lat' dir='ltr'><strong>acceperitis,</strong></span> <span class='ocrx_word' id='word_1_499' title='bbox 1366 5755 1525 5811; x_wconf 90' lang='lat' dir='ltr'><strong>quam</strong></span> <span class='ocrx_word' id='word_1_500' title='bbox 1552 5755 1685 5810; x_wconf 83' lang='lat' dir='ltr'><strong>ego:</strong></span> <span class='ocrx_word' id='word_1_501' title='bbox 1726 5742 1820 5797; x_wconf 85' lang='lat' dir='ltr'><strong>sed</strong></span> 
     </span>
    </p>
   </div>
   <div class='ocr_carea' id='block_1_60' title="bbox 245 5828 1814 5904">
    <p class='ocr_par' dir='ltr' id='par_1_60' title="bbox 245 5828 1814 5904">
     <span class='ocr_line' id='line_1_60' title="bbox 245 5828 1814 5904; baseline 0.001 -15"><span class='ocrx_word' id='word_1_502' title='bbox 245 5848 317 5889; x_wconf 75' lang='lat' dir='ltr'><strong>ne</strong></span> <span class='ocrx_word' id='word_1_503' title='bbox 344 5836 512 5903; x_wconf 81' lang='lat' dir='ltr'><strong>illum,</strong></span> <span class='ocrx_word' id='word_1_504' title='bbox 535 5832 629 5904; x_wconf 88' lang='lat' dir='ltr'><strong>qui</strong></span> <span class='ocrx_word' id='word_1_505' title='bbox 652 5840 893 5901; x_wconf 86' lang='lat' dir='ltr'><strong>stuprum</strong></span> <span class='ocrx_word' id='word_1_506' title='bbox 927 5832 1271 5901; x_wconf 85' lang='lat' dir='ltr'><strong>perpetravit,</strong></span> <span class='ocrx_word' id='word_1_507' title='bbox 1302 5828 1523 5889; x_wconf 86' lang='lat' dir='ltr'><strong>nimium</strong></span> <span class='ocrx_word' id='word_1_508' title='bbox 1574 5848 1814 5890; x_wconf 77' lang='lat' dir='ltr'><strong>onerent.</strong></span> 
     </span>
    </p>
   </div>
   <div class='ocr_carea' id='block_1_61' title="bbox 576 5939 1211 6006">
    <p class='ocr_par' dir='ltr' id='par_1_61' title="bbox 576 5939 1211 6006">
     <span class='ocr_line' id='line_1_61' title="bbox 576 5939 1211 6006; baseline -0.009 -1"><span class='ocrx_word' id='word_1_509' title='bbox 576 5958 843 6006; x_wconf 63' lang='lat' dir='ltr'><strong>t&#39;a&#39;rnos.</strong></span> <span class='ocrx_word' id='word_1_510' title='bbox 891 5939 1008 5999; x_wconf 80' lang='lat' dir='ltr'><strong>Gn.</strong></span> <span class='ocrx_word' id='word_1_511' title='bbox 1056 5942 1211 6001; x_wconf 81' lang='lat' dir='ltr'><strong>LXI.</strong></span> 
     </span>
    </p>
   </div>
   <div class='ocr_carea' id='block_1_62' title="bbox 1254 419 2409 485">
    <p class='ocr_par' dir='ltr' id='par_1_62' title="bbox 1254 419 2409 485">
     <span class='ocr_line' id='line_1_62' title="bbox 1254 419 2409 485; baseline 0 0"><span class='ocrx_word' id='word_1_512' title='bbox 1254 424 1320 484; x_wconf 80' lang='lat' dir='ltr'><strong>IN</strong></span> <span class='ocrx_word' id='word_1_513' title='bbox 1360 422 1573 484; x_wconf 76' lang='lat' dir='ltr'><strong>EPIST.</strong></span> <span class='ocrx_word' id='word_1_514' title='bbox 1615 423 1657 481; x_wconf 87' lang='lat' dir='ltr'><strong>ll</strong></span> <span class='ocrx_word' id='word_1_515' title='bbox 1722 419 1813 479; x_wconf 80' lang='lat' dir='ltr'><strong>AD</strong></span> <span class='ocrx_word' id='word_1_516' title='bbox 1849 421 2006 480; x_wconf 70' lang='grc' dir='ltr'>(ΞΟΠ.</span> <span class='ocrx_word' id='word_1_517' title='bbox 2049 422 2277 483; x_wconf 75' lang='lat' dir='ltr'><strong>llOMlL.</strong></span> <span class='ocrx_word' id='word_1_518' title='bbox 2319 428 2409 485; x_wconf 76' lang='grc' dir='ltr'><strong>ιν.</strong></span> 
     </span>
    </p>
   </div>
   <div class='ocr_carea' id='block_1_63' title="bbox 1919 538 3493 622">
    <p class='ocr_par' dir='ltr' id='par_1_63' title="bbox 1919 538 3493 622">
     <span class='ocr_line' id='line_1_63' title="bbox 1919 538 3493 622; baseline 0.013 -30"><span class='ocrx_word' id='word_1_519' title='bbox 1919 538 2179 606; x_wconf 87' lang='lat' dir='ltr'><strong>Quocirca</strong></span> <span class='ocrx_word' id='word_1_520' title='bbox 2207 557 2311 598; x_wconf 93' lang='lat' dir='ltr'><strong>non</strong></span> <span class='ocrx_word' id='word_1_521' title='bbox 2334 557 2420 599; x_wconf 91' lang='lat' dir='ltr'><strong>me</strong></span> <span class='ocrx_word' id='word_1_522' title='bbox 2432 544 2603 601; x_wconf 90' lang='lat' dir='ltr'><strong>solum</strong></span> <span class='ocrx_word' id='word_1_523' title='bbox 2623 544 2711 602; x_wconf 90' lang='lat' dir='ltr'><strong>ille</strong></span> <span class='ocrx_word' id='word_1_524' title='bbox 2733 546 2784 602; x_wconf 90' lang='lat' dir='ltr'><strong>in</strong></span> <span class='ocrx_word' id='word_1_525' title='bbox 2805 546 3090 605; x_wconf 77' lang='lat' dir='ltr'><strong>mmrorem</strong></span> <span class='ocrx_word' id='word_1_526' title='bbox 3126 572 3127 575; x_wconf 51' lang='grc' dir='ltr'><strong>η</strong></span> <span class='ocrx_word' id='word_1_527' title='bbox 3164 554 3367 622; x_wconf 49' lang='lat' dir='ltr'><strong>eiecit,</strong></span> <span class='ocrx_word' id='word_1_528' title='bbox 3398 557 3493 612; x_wconf 87' lang='lat' dir='ltr'><strong>sed</strong></span> 
     </span>
    </p>
   </div>
   <div class='ocr_carea' id='block_1_64' title="bbox 1918 632 3492 709">
    <p class='ocr_par' dir='ltr' id='par_1_64' title="bbox 1918 632 3492 709">
     <span class='ocr_line' id='line_1_64' title="bbox 1918 632 3492 709; baseline 0.013 -26"><span class='ocrx_word' id='word_1_529' title='bbox 1918 645 2013 701; x_wconf 80' lang='lat' dir='ltr'><strong>vos</strong></span> <span class='ocrx_word' id='word_1_530' title='bbox 2056 632 2218 687; x_wconf 84' lang='lat' dir='ltr'><strong>etiam</strong></span> <span class='ocrx_word' id='word_1_531' title='bbox 2266 649 2482 701; x_wconf 89' lang='lat' dir='ltr'><strong>omnes;</strong></span> <span class='ocrx_word' id='word_1_532' title='bbox 2531 637 2739 692; x_wconf 90' lang='lat' dir='ltr'><strong>etiamsi</strong></span> <span class='ocrx_word' id='word_1_533' title='bbox 2770 648 2828 693; x_wconf 92' lang='lat' dir='ltr'><strong>ut</strong></span> <span class='ocrx_word' id='word_1_534' title='bbox 2854 638 3126 709; x_wconf 83' lang='lat' dir='ltr'><strong>indulgent</strong></span> <span class='ocrx_word' id='word_1_535' title='bbox 3157 659 3217 698; x_wconf 88' lang='lat' dir='ltr'><strong>..s</strong></span> <span class='ocrx_word' id='word_1_536' title='bbox 3256 660 3380 701; x_wconf 91' lang='lat' dir='ltr'><strong>cum</strong></span> <span class='ocrx_word' id='word_1_537' title='bbox 3419 663 3492 703; x_wconf 82' lang='lat' dir='ltr'><strong>eo</strong></span> 
     </span>
    </p>
   </div>
   <div class='ocr_carea' id='block_1_65' title="bbox 1915 720 3491 799">
    <p class='ocr_par' dir='ltr' id='par_1_65' title="bbox 1915 720 3491 799">
     <span class='ocr_line' id='line_1_65' title="bbox 1915 720 3491 799; baseline 0.013 -26"><span class='ocrx_word' id='word_1_538' title='bbox 1915 734 2149 791; x_wconf 82' lang='lat' dir='ltr'><strong>agerem,</strong></span> <span class='ocrx_word' id='word_1_539' title='bbox 2184 722 2318 790; x_wconf 86' lang='lat' dir='ltr'><strong>dixi,</strong></span> <span class='ocrx_word' id='word_1_540' title='bbox 2352 724 2433 780; x_wconf 85' lang='lat' dir='ltr'><strong>Ea:</strong></span> <span class='ocrx_word' id='word_1_541' title='bbox 2455 736 2614 794; x_wconf 82' lang='lat' dir='ltr'><strong>parte.</strong></span> <span class='ocrx_word' id='word_1_542' title='bbox 2639 726 2807 783; x_wconf 79' lang='lat' dir='ltr'><strong>Vides</strong></span> <span class='ocrx_word' id='word_1_543' title='bbox 2827 720 3097 799; x_wconf 90' lang='lat' dir='ltr'><strong>quomodo</strong></span> <span class='ocrx_word' id='word_1_544' title='bbox 3124 736 3302 789; x_wconf 90' lang='lat' dir='ltr'><strong>statim</strong></span> <span class='ocrx_word' id='word_1_545' title='bbox 3322 735 3491 794; x_wconf 83' lang='lat' dir='ltr'><strong>iratos</strong></span> 
     </span>
    </p>
   </div>
   <div class='ocr_carea' id='block_1_66' title="bbox 1915 808 3493 896">
    <p class='ocr_par' dir='ltr' id='par_1_66' title="bbox 1915 808 3493 896">
     <span class='ocr_line' id='line_1_66' title="bbox 1915 808 3493 896; baseline 0.013 -34"><span class='ocrx_word' id='word_1_546' title='bbox 1915 826 2101 867; x_wconf 73' lang='lat' dir='ltr'><strong>eorum</strong></span> <span class='ocrx_word' id='word_1_547' title='bbox 2120 815 2331 871; x_wconf 89' lang='lat' dir='ltr'><strong>animos</strong></span> <span class='ocrx_word' id='word_1_548' title='bbox 2353 808 2585 884; x_wconf 87' lang='lat' dir='ltr'><strong>lenierit,</strong></span> <span class='ocrx_word' id='word_1_549' title='bbox 2603 833 2725 873; x_wconf 91' lang='lat' dir='ltr'><strong>cum</strong></span> <span class='ocrx_word' id='word_1_550' title='bbox 2748 820 2983 875; x_wconf 90' lang='lat' dir='ltr'><strong>ostendit</strong></span> <span class='ocrx_word' id='word_1_551' title='bbox 3006 821 3148 891; x_wconf 83' lang='lat' dir='ltr'><strong>ipsos</strong></span> <span class='ocrx_word' id='word_1_552' title='bbox 3167 824 3493 896; x_wconf 80' lang='lat' dir='ltr'><strong>indignatio-</strong></span> 
     </span>
    </p>
   </div>
   <div class='ocr_carea' id='block_1_67' title="bbox 1914 907 3493 989">
    <p class='ocr_par' dir='ltr' id='par_1_67' title="bbox 1914 907 3493 989">
     <span class='ocr_line' id='line_1_67' title="bbox 1914 907 3493 989; baseline 0.011 -33"><span class='ocrx_word' id='word_1_553' title='bbox 1914 917 1997 957; x_wconf 79' lang='lat' dir='ltr'><strong>nis</strong></span> <span class='ocrx_word' id='word_1_554' title='bbox 2026 918 2236 975; x_wconf 88' lang='lat' dir='ltr'><strong>quoque</strong></span> <span class='ocrx_word' id='word_1_555' title='bbox 2266 908 2547 977; x_wconf 88' lang='lat' dir='ltr'><strong>participes</strong></span> <span class='ocrx_word' id='word_1_556' title='bbox 2574 907 2773 964; x_wconf 82' lang='lat' dir='ltr'><strong>fuisse?</strong></span> <span class='ocrx_word' id='word_1_557' title='bbox 2800 911 2853 964; x_wconf 87' lang='grc'><strong>6.</strong></span> <span class='ocrx_word' id='word_1_558' title='bbox 2883 909 3171 981; x_wconf 68' lang='grc' dir='ltr'><strong>διιῃὶεὶιίιιὶ</strong></span> <span class='ocrx_word' id='word_1_559' title='bbox 3199 955 3214 980; x_wconf 84' lang='grc'><em>,</em></span> <span class='ocrx_word' id='word_1_560' title='bbox 3244 916 3331 984; x_wconf 72' lang='lat' dir='ltr'><strong>qui</strong></span> <span class='ocrx_word' id='word_1_561' title='bbox 3350 934 3493 989; x_wconf 60' lang='lat' dir='ltr'><strong>qus.</strong></span> 
     </span>
    </p>
   </div>
   <div class='ocr_carea' id='block_1_68' title="bbox 1915 994 3487 1076">
    <p class='ocr_par' dir='ltr' id='par_1_68' title="bbox 1915 994 3487 1076">
     <span class='ocr_line' id='line_1_68' title="bbox 1915 994 3487 1076; baseline 0.011 -30"><span class='ocrx_word' id='word_1_562' title='bbox 1915 994 2055 1047; x_wconf 85' lang='lat' dir='ltr'><strong>modi</strong></span> <span class='ocrx_word' id='word_1_563' title='bbox 2089 1005 2161 1050; x_wconf 85' lang='lat' dir='ltr'><strong>est</strong></span> <span class='ocrx_word' id='word_1_564' title='bbox 2187 1037 2202 1061; x_wconf 91' lang='lat'><strong>,</strong></span> <span class='ocrx_word' id='word_1_565' title='bbox 2232 998 2519 1068; x_wconf 80' lang='lat' dir='ltr'><strong>objurgatio</strong></span> <span class='ocrx_word' id='word_1_566' title='bbox 2544 1016 2605 1053; x_wconf 89' lang='lat' dir='ltr'><strong>ea</strong></span> <span class='ocrx_word' id='word_1_567' title='bbox 2629 1015 2743 1070; x_wconf 76' lang='lat' dir='ltr'><strong>qua:</strong></span> <span class='ocrx_word' id='word_1_568' title='bbox 2761 1001 2821 1067; x_wconf 80' lang='lat' dir='ltr'><strong>fit</strong></span> <span class='ocrx_word' id='word_1_569' title='bbox 2857 1016 2888 1054; x_wconf 90' lang='lat' dir='ltr'><strong>a</strong></span> <span class='ocrx_word' id='word_1_570' title='bbox 2916 1003 3164 1071; x_wconf 75' lang='lat' dir='ltr'><strong>pluribus.</strong></span> <span class='ocrx_word' id='word_1_571' title='bbox 3191 1004 3307 1061; x_wconf 86' lang='lat' dir='ltr'><strong>Non</strong></span> <span class='ocrx_word' id='word_1_572' title='bbox 3329 1007 3487 1076; x_wconf 83' lang='lat' dir='ltr'><strong>dixit,</strong></span> 
     </span>
    </p>
   </div>
   <div class='ocr_carea' id='block_1_69' title="bbox 1916 1084 3491 1163">
    <p class='ocr_par' dir='ltr' id='par_1_69' title="bbox 1916 1084 3491 1163">
     <span class='ocr_line' id='line_1_69' title="bbox 1916 1084 3491 1163; baseline 0.01 -24"><span class='ocrx_word' id='word_1_573' title='bbox 1916 1084 2270 1155; x_wconf 84' lang='lat' dir='ltr'><strong>Fornieatori,</strong></span> <span class='ocrx_word' id='word_1_574' title='bbox 2294 1089 2391 1145; x_wconf 86' lang='lat' dir='ltr'><strong>sed</strong></span> <span class='ocrx_word' id='word_1_575' title='bbox 2419 1106 2628 1157; x_wconf 84' lang='lat' dir='ltr'><strong>rursus,</strong></span> <span class='ocrx_word' id='word_1_576' title='bbox 2661 1091 2728 1144; x_wconf 82' lang='lat' dir='ltr'><strong>Ei</strong></span> <span class='ocrx_word' id='word_1_577' title='bbox 2752 1092 2842 1163; x_wconf 78' lang='lat' dir='ltr'><strong>qui</strong></span> <span class='ocrx_word' id='word_1_578' title='bbox 2866 1094 3114 1161; x_wconf 84' lang='lat' dir='ltr'><strong>ejusmodi</strong></span> <span class='ocrx_word' id='word_1_579' title='bbox 3139 1104 3246 1161; x_wconf 87' lang='lat' dir='ltr'><strong>est,</strong></span> <span class='ocrx_word' id='word_1_580' title='bbox 3272 1106 3329 1153; x_wconf 89' lang='lat' dir='ltr'><strong>ut</strong></span> <span class='ocrx_word' id='word_1_581' title='bbox 3356 1108 3412 1154; x_wconf 90' lang='lat' dir='ltr'><strong>et</strong></span> <span class='ocrx_word' id='word_1_582' title='bbox 3437 1101 3491 1156; x_wconf 91' lang='lat' dir='ltr'><strong>in</strong></span> 
     </span>
    </p>
   </div>
   <div class='ocr_carea' id='block_1_70' title="bbox 1914 1178 3490 1249">
    <p class='ocr_par' dir='ltr' id='par_1_70' title="bbox 1914 1178 3490 1249">
     <span class='ocr_line' id='line_1_70' title="bbox 1914 1178 3490 1249; baseline 0.011 -20"><span class='ocrx_word' id='word_1_583' title='bbox 1914 1178 2237 1245; x_wconf 80' lang='lat' dir='ltr'><strong>praecedenti</strong></span> <span class='ocrx_word' id='word_1_584' title='bbox 2264 1181 2510 1249; x_wconf 87' lang='lat' dir='ltr'><strong>epistola;</strong></span> <span class='ocrx_word' id='word_1_585' title='bbox 2537 1197 2722 1237; x_wconf 90' lang='lat' dir='ltr'><strong>verum</strong></span> <span class='ocrx_word' id='word_1_586' title='bbox 2750 1198 2858 1237; x_wconf 93' lang='lat' dir='ltr'><strong>non</strong></span> <span class='ocrx_word' id='word_1_587' title='bbox 2874 1184 3117 1239; x_wconf 89' lang='lat' dir='ltr'><strong>eamdem</strong></span> <span class='ocrx_word' id='word_1_588' title='bbox 3137 1186 3206 1240; x_wconf 92' lang='lat' dir='ltr'><strong>ob</strong></span> <span class='ocrx_word' id='word_1_589' title='bbox 3231 1201 3446 1245; x_wconf 84' lang='lat' dir='ltr'><strong>causam</strong></span> <span class='ocrx_word' id='word_1_590' title='bbox 3474 1209 3490 1245; x_wconf 92' lang='lat'><strong>:</strong></span> 
     </span>
    </p>
   </div>
   <div class='ocr_carea' id='block_1_71' title="bbox 1916 1268 3489 1342">
    <p class='ocr_par' dir='ltr' id='par_1_71' title="bbox 1916 1268 3489 1342">
     <span class='ocr_line' id='line_1_71' title="bbox 1916 1268 3489 1342; baseline 0.01 -22"><span class='ocrx_word' id='word_1_591' title='bbox 1916 1268 2022 1322; x_wconf 92' lang='lat' dir='ltr'><strong>illic</strong></span> <span class='ocrx_word' id='word_1_592' title='bbox 2074 1270 2217 1323; x_wconf 88' lang='lat' dir='ltr'><strong>enim</strong></span> <span class='ocrx_word' id='word_1_593' title='bbox 2262 1270 2331 1325; x_wconf 91' lang='lat' dir='ltr'><strong>ob</strong></span> <span class='ocrx_word' id='word_1_594' title='bbox 2384 1272 2641 1340; x_wconf 88' lang='lat' dir='ltr'><strong>pudorem</strong></span> <span class='ocrx_word' id='word_1_595' title='bbox 2667 1273 2739 1326; x_wconf 88' lang='lat' dir='ltr'><strong>ita</strong></span> <span class='ocrx_word' id='word_1_596' title='bbox 2769 1273 3089 1341; x_wconf 86' lang='lat' dir='ltr'><strong>loquebatur</strong></span> <span class='ocrx_word' id='word_1_597' title='bbox 3114 1316 3129 1342; x_wconf 92' lang='lat'><strong>,</strong></span> <span class='ocrx_word' id='word_1_598' title='bbox 3166 1278 3253 1332; x_wconf 89' lang='lat' dir='ltr'><strong>bic</strong></span> <span class='ocrx_word' id='word_1_599' title='bbox 3290 1280 3361 1334; x_wconf 92' lang='lat' dir='ltr'><strong>ob</strong></span> <span class='ocrx_word' id='word_1_600' title='bbox 3404 1280 3489 1334; x_wconf 89' lang='lat' dir='ltr'><strong>iu-</strong></span> 
     </span>
    </p>
   </div>
   <div class='ocr_carea' id='block_1_72' title="bbox 1913 1356 3491 1434">
    <p class='ocr_par' dir='ltr' id='par_1_72' title="bbox 1913 1356 3491 1434">
     <span class='ocr_line' id='line_1_72' title="bbox 1913 1356 3491 1434; baseline 0.011 -23"><span class='ocrx_word' id='word_1_601' title='bbox 1913 1356 2256 1428; x_wconf 89' lang='lat' dir='ltr'><strong>dulgentiam.</strong></span> <span class='ocrx_word' id='word_1_602' title='bbox 2280 1359 2360 1415; x_wconf 91' lang='lat' dir='ltr'><strong>0b</strong></span> <span class='ocrx_word' id='word_1_603' title='bbox 2384 1360 2543 1430; x_wconf 85' lang='lat' dir='ltr'><strong>idque</strong></span> <span class='ocrx_word' id='word_1_604' title='bbox 2569 1378 2667 1418; x_wconf 89' lang='lat' dir='ltr'><strong>nec</strong></span> <span class='ocrx_word' id='word_1_605' title='bbox 2682 1362 2790 1433; x_wconf 89' lang='lat' dir='ltr'><strong>jam</strong></span> <span class='ocrx_word' id='word_1_606' title='bbox 2812 1365 3015 1434; x_wconf 76' lang='lat' dir='ltr'><strong>uSpiam</strong></span> <span class='ocrx_word' id='word_1_607' title='bbox 3040 1369 3241 1434; x_wconf 89' lang='lat' dir='ltr'><strong>peccati</strong></span> <span class='ocrx_word' id='word_1_608' title='bbox 3258 1372 3491 1427; x_wconf 90' lang='lat' dir='ltr'><strong>mentio-</strong></span> 
     </span>
    </p>
   </div>
   <div class='ocr_carea' id='block_1_73' title="bbox 1916 1450 3491 1527">
    <p class='ocr_par' dir='ltr' id='par_1_73' title="bbox 1916 1450 3491 1527">
     <span class='ocr_line' id='line_1_73' title="bbox 1916 1450 3491 1527; baseline 0.01 -25"><span class='ocrx_word' id='word_1_609' title='bbox 1916 1464 2037 1503; x_wconf 90' lang='lat' dir='ltr'><strong>nem</strong></span> <span class='ocrx_word' id='word_1_610' title='bbox 2069 1450 2210 1517; x_wconf 89' lang='lat' dir='ltr'><strong>facit,</strong></span> <span class='ocrx_word' id='word_1_611' title='bbox 2238 1451 2379 1521; x_wconf 90' lang='lat' dir='ltr'><strong>quod</strong></span> <span class='ocrx_word' id='word_1_612' title='bbox 2410 1461 2619 1522; x_wconf 89' lang='lat' dir='ltr'><strong>tempus</strong></span> <span class='ocrx_word' id='word_1_613' title='bbox 2645 1462 2809 1520; x_wconf 86' lang='lat' dir='ltr'><strong>esset,</strong></span> <span class='ocrx_word' id='word_1_614' title='bbox 2839 1465 2894 1509; x_wconf 91' lang='lat' dir='ltr'><strong>ut</strong></span> <span class='ocrx_word' id='word_1_615' title='bbox 2926 1456 3094 1525; x_wconf 83' lang='lat' dir='ltr'><strong>ipsius</strong></span> <span class='ocrx_word' id='word_1_616' title='bbox 3132 1460 3491 1527; x_wconf 82' lang='lat' dir='ltr'><strong>patrocinium</strong></span> 
     </span>
    </p>
   </div>
   <div class='ocr_carea' id='block_1_74' title="bbox 1914 1541 3487 1616">
    <p class='ocr_par' dir='ltr' id='par_1_74' title="bbox 1914 1541 3487 1616">
     <span class='ocr_line' id='line_1_74' title="bbox 1914 1541 3487 1616; baseline 0.009 -22"><span class='ocrx_word' id='word_1_617' title='bbox 1914 1541 2225 1609; x_wconf 80' lang='lat' dir='ltr'><strong>susciperet.</strong></span> <span class='ocrx_word' id='word_1_618' title='bbox 2251 1542 2303 1595; x_wconf 92' lang='lat'><strong>7.</strong></span> <span class='ocrx_word' id='word_1_619' title='bbox 2325 1541 2410 1595; x_wconf 84' lang='lat' dir='ltr'><strong>Ita</strong></span> <span class='ocrx_word' id='word_1_620' title='bbox 2433 1551 2491 1596; x_wconf 87' lang='lat' dir='ltr'><strong>ut</strong></span> <span class='ocrx_word' id='word_1_621' title='bbox 2513 1560 2540 1597; x_wconf 91' lang='lat' dir='ltr'><strong>e</strong></span> <span class='ocrx_word' id='word_1_622' title='bbox 2566 1545 2818 1599; x_wconf 86' lang='lat' dir='ltr'><strong>contraria</strong></span> <span class='ocrx_word' id='word_1_623' title='bbox 2843 1546 3000 1616; x_wconf 82' lang='lat' dir='ltr'><strong>magis</strong></span> <span class='ocrx_word' id='word_1_624' title='bbox 3022 1547 3215 1603; x_wconf 83' lang='lat' dir='ltr'><strong>donett&#39;s</strong></span> <span class='ocrx_word' id='word_1_625' title='bbox 3241 1560 3289 1603; x_wconf 86' lang='lat' dir='ltr'><strong>et</strong></span> <span class='ocrx_word' id='word_1_626' title='bbox 3307 1566 3487 1608; x_wconf 65' lang='lat' dir='ltr'><strong>consa-</strong></span> 
     </span>
    </p>
   </div>
   <div class='ocr_carea' id='block_1_75' title="bbox 1887 1630 3495 1715">
    <p class='ocr_par' dir='ltr' id='par_1_75' title="bbox 1887 1630 3495 1715">
     <span class='ocr_line' id='line_1_75' title="bbox 1887 1630 3495 1715; baseline 0.011 -33"><span class='ocrx_word' id='word_1_627' title='bbox 1887 1630 2103 1696; x_wconf 72' lang='lat' dir='ltr'><strong>temini,</strong></span> <span class='ocrx_word' id='word_1_628' title='bbox 2138 1648 2199 1685; x_wconf 87' lang='lat' dir='ltr'><strong>ne</strong></span> <span class='ocrx_word' id='word_1_629' title='bbox 2224 1632 2353 1701; x_wconf 77' lang='lat' dir='ltr'><strong>forte</strong></span> <span class='ocrx_word' id='word_1_630' title='bbox 2380 1632 2746 1689; x_wconf 80' lang='lat' dir='ltr'><strong>abundantiore</strong></span> <span class='ocrx_word' id='word_1_631' title='bbox 2785 1638 2986 1691; x_wconf 86' lang='lat' dir='ltr'><strong>tristitia</strong></span> <span class='ocrx_word' id='word_1_632' title='bbox 3037 1640 3359 1696; x_wconf 83' lang='lat' dir='ltr'><strong>absorbeatur</strong></span> <span class='ocrx_word' id='word_1_633' title='bbox 3402 1647 3495 1715; x_wconf 78' lang='lat' dir='ltr'><strong>qui</strong></span> 
     </span>
    </p>
   </div>
   <div class='ocr_carea' id='block_1_76' title="bbox 1912 1725 3506 1805">
    <p class='ocr_par' dir='ltr' id='par_1_76' title="bbox 1912 1725 3506 1805">
     <span class='ocr_line' id='line_1_76' title="bbox 1912 1725 3506 1805; baseline 0.01 -29"><span class='ocrx_word' id='word_1_634' title='bbox 1912 1733 1984 1777; x_wconf 90' lang='lat' dir='ltr'><strong>est</strong></span> <span class='ocrx_word' id='word_1_635' title='bbox 2012 1725 2280 1792; x_wconf 83' lang='lat' dir='ltr'><strong>ejusmodi.</strong></span> <span class='ocrx_word' id='word_1_636' title='bbox 2307 1726 2423 1781; x_wconf 85' lang='lat' dir='ltr'><strong>Non</strong></span> <span class='ocrx_word' id='word_1_637' title='bbox 2445 1729 2587 1783; x_wconf 89' lang='lat' dir='ltr'><strong>enim</strong></span> <span class='ocrx_word' id='word_1_638' title='bbox 2610 1729 2779 1784; x_wconf 87' lang='lat' dir='ltr'><strong>solum</strong></span> <span class='ocrx_word' id='word_1_639' title='bbox 2793 1730 2942 1799; x_wconf 88' lang='lat' dir='ltr'><strong>jubet</strong></span> <span class='ocrx_word' id='word_1_640' title='bbox 2962 1731 3311 1803; x_wconf 71' lang='lat' dir='ltr'><strong>olijurgationi</strong></span> <span class='ocrx_word' id='word_1_641' title='bbox 3331 1736 3506 1805; x_wconf 72' lang='lat' dir='ltr'><strong>ﬁnem.</strong></span> 
     </span>
    </p>
   </div>
   <div class='ocr_carea' id='block_1_77' title="bbox 1913 1815 3503 1893">
    <p class='ocr_par' dir='ltr' id='par_1_77' title="bbox 1913 1815 3503 1893">
     <span class='ocr_line' id='line_1_77' title="bbox 1913 1815 3503 1893; baseline 0.01 -25"><span class='ocrx_word' id='word_1_642' title='bbox 1913 1815 2134 1883; x_wconf 86' lang='lat' dir='ltr'><strong>imponi,</strong></span> <span class='ocrx_word' id='word_1_643' title='bbox 2160 1818 2252 1872; x_wconf 89' lang='lat' dir='ltr'><strong>sed</strong></span> <span class='ocrx_word' id='word_1_644' title='bbox 2282 1818 2441 1871; x_wconf 86' lang='lat' dir='ltr'><strong>etiam</strong></span> <span class='ocrx_word' id='word_1_645' title='bbox 2476 1819 2622 1872; x_wconf 89' lang='lat' dir='ltr'><strong>illum</strong></span> <span class='ocrx_word' id='word_1_646' title='bbox 2650 1819 2717 1873; x_wconf 85' lang='lat' dir='ltr'><strong>ad</strong></span> <span class='ocrx_word' id='word_1_647' title='bbox 2756 1821 2988 1889; x_wconf 88' lang='lat' dir='ltr'><strong>priorem</strong></span> <span class='ocrx_word' id='word_1_648' title='bbox 3043 1833 3236 1893; x_wconf 84' lang='lat' dir='ltr'><strong>statum</strong></span> <span class='ocrx_word' id='word_1_649' title='bbox 3284 1827 3503 1885; x_wconf 71' lang='lat' dir='ltr'><strong>reduci.</strong></span> 
     </span>
    </p>
   </div>
   <div class='ocr_carea' id='block_1_78' title="bbox 1915 1905 3495 1981">
    <p class='ocr_par' dir='ltr' id='par_1_78' title="bbox 1915 1905 3495 1981">
     <span class='ocr_line' id='line_1_78' title="bbox 1915 1905 3495 1981; baseline 0.009 -23"><span class='ocrx_word' id='word_1_650' title='bbox 1915 1905 2123 1959; x_wconf 85' lang='lat' dir='ltr'><strong>Etenim</strong></span> <span class='ocrx_word' id='word_1_651' title='bbox 2150 1908 2193 1961; x_wconf 90' lang='lat' dir='ltr'><strong>si</strong></span> <span class='ocrx_word' id='word_1_652' title='bbox 2234 1909 2356 1978; x_wconf 88' lang='lat' dir='ltr'><strong>quis</strong></span> <span class='ocrx_word' id='word_1_653' title='bbox 2385 1924 2529 1973; x_wconf 90' lang='lat' dir='ltr'><strong>eum,</strong></span> <span class='ocrx_word' id='word_1_654' title='bbox 2563 1910 2652 1979; x_wconf 86' lang='lat' dir='ltr'><strong>qui</strong></span> <span class='ocrx_word' id='word_1_655' title='bbox 2680 1910 2995 1966; x_wconf 83' lang='lat' dir='ltr'><strong>verberibus</strong></span> <span class='ocrx_word' id='word_1_656' title='bbox 3038 1928 3209 1969; x_wconf 82' lang='lat' dir='ltr'><strong>ca:sus</strong></span> <span class='ocrx_word' id='word_1_657' title='bbox 3238 1916 3342 1981; x_wconf 87' lang='lat' dir='ltr'><strong>sit,</strong></span> <span class='ocrx_word' id='word_1_658' title='bbox 3376 1926 3495 1973; x_wconf 77' lang='lat' dir='ltr'><strong>tan-</strong></span> 
     </span>
    </p>
   </div>
   <div class='ocr_carea' id='block_1_79' title="bbox 1902 1996 3487 2071">
    <p class='ocr_par' dir='ltr' id='par_1_79' title="bbox 1902 1996 3487 2071">
     <span class='ocr_line' id='line_1_79' title="bbox 1902 1996 3487 2071; baseline 0.008 -21"><span class='ocrx_word' id='word_1_659' title='bbox 1902 1996 2191 2051; x_wconf 81' lang='lat' dir='ltr'><strong>tummodo</strong></span> <span class='ocrx_word' id='word_1_660' title='bbox 2214 1998 2436 2052; x_wconf 90' lang='lat' dir='ltr'><strong>missum</strong></span> <span class='ocrx_word' id='word_1_661' title='bbox 2463 1997 2623 2053; x_wconf 84' lang='lat' dir='ltr'><strong>faciat</strong></span> <span class='ocrx_word' id='word_1_662' title='bbox 2651 2014 2750 2053; x_wconf 89' lang='lat' dir='ltr'><strong>nec</strong></span> <span class='ocrx_word' id='word_1_663' title='bbox 2775 2001 2823 2054; x_wconf 90' lang='lat' dir='ltr'><strong>ei</strong></span> <span class='ocrx_word' id='word_1_664' title='bbox 2847 2001 3146 2071; x_wconf 89' lang='lat' dir='ltr'><strong>medeatur,</strong></span> <span class='ocrx_word' id='word_1_665' title='bbox 3178 2005 3308 2059; x_wconf 82' lang='lat' dir='ltr'><strong>nihil</strong></span> <span class='ocrx_word' id='word_1_666' title='bbox 3340 2006 3487 2063; x_wconf 84' lang='lat' dir='ltr'><strong>fecit.</strong></span> 
     </span>
    </p>
   </div>
   <div class='ocr_carea' id='block_1_80' title="bbox 1918 2086 3491 2163">
    <p class='ocr_par' dir='ltr' id='par_1_80' title="bbox 1918 2086 3491 2163">
     <span class='ocr_line' id='line_1_80' title="bbox 1918 2086 3491 2163; baseline 0.006 -22"><span class='ocrx_word' id='word_1_667' title='bbox 1918 2086 2049 2142; x_wconf 80' lang='lat' dir='ltr'><strong>Vide</strong></span> <span class='ocrx_word' id='word_1_668' title='bbox 2075 2095 2250 2142; x_wconf 90' lang='lat' dir='ltr'><strong>autem</strong></span> <span class='ocrx_word' id='word_1_669' title='bbox 2282 2102 2512 2157; x_wconf 90' lang='lat' dir='ltr'><strong>quonam</strong></span> <span class='ocrx_word' id='word_1_670' title='bbox 2537 2104 2722 2144; x_wconf 86' lang='lat' dir='ltr'><strong>rursus</strong></span> <span class='ocrx_word' id='word_1_671' title='bbox 2743 2090 2903 2147; x_wconf 91' lang='lat' dir='ltr'><strong>modo</strong></span> <span class='ocrx_word' id='word_1_672' title='bbox 2928 2091 3079 2146; x_wconf 90' lang='lat' dir='ltr'><strong>illum</strong></span> <span class='ocrx_word' id='word_1_673' title='bbox 3102 2108 3314 2163; x_wconf 89' lang='lat' dir='ltr'><strong>quoque</strong></span> <span class='ocrx_word' id='word_1_674' title='bbox 3338 2111 3491 2153; x_wconf 87' lang='lat' dir='ltr'><strong>coer-</strong></span> 
     </span>
    </p>
   </div>
   <div class='ocr_carea' id='block_1_81' title="bbox 1916 2179 3490 2250">
    <p class='ocr_par' dir='ltr' id='par_1_81' title="bbox 1916 2179 3490 2250">
     <span class='ocr_line' id='line_1_81' title="bbox 1916 2179 3490 2250; baseline 0.005 -17"><span class='ocrx_word' id='word_1_675' title='bbox 1916 2189 2076 2245; x_wconf 89' lang='lat' dir='ltr'><strong>ceat,</strong></span> <span class='ocrx_word' id='word_1_676' title='bbox 2119 2195 2187 2233; x_wconf 91' lang='lat' dir='ltr'><strong>ne</strong></span> <span class='ocrx_word' id='word_1_677' title='bbox 2233 2179 2303 2233; x_wconf 89' lang='lat' dir='ltr'><strong>ob</strong></span> <span class='ocrx_word' id='word_1_678' title='bbox 2350 2181 2709 2235; x_wconf 88' lang='lat' dir='ltr'><strong>condonatum</strong></span> <span class='ocrx_word' id='word_1_679' title='bbox 2759 2190 3037 2250; x_wconf 85' lang='lat' dir='ltr'><strong>peceatum</strong></span> <span class='ocrx_word' id='word_1_680' title='bbox 3092 2184 3339 2240; x_wconf 82' lang='lat' dir='ltr'><strong>deterior.</strong></span> <span class='ocrx_word' id='word_1_681' title='bbox 3377 2188 3490 2242; x_wconf 85' lang='lat' dir='ltr'><strong>flat.</strong></span> 
     </span>
    </p>
   </div>
   <div class='ocr_carea' id='block_1_82' title="bbox 1914 2268 3492 2346">
    <p class='ocr_par' dir='ltr' id='par_1_82' title="bbox 1914 2268 3492 2346">
     <span class='ocr_line' id='line_1_82' title="bbox 1914 2268 3492 2346; baseline 0.007 -25"><span class='ocrx_word' id='word_1_682' title='bbox 1914 2268 2047 2321; x_wconf 86' lang='lat' dir='ltr'><strong>Nam</strong></span> <span class='ocrx_word' id='word_1_683' title='bbox 2078 2269 2325 2337; x_wconf 81' lang='lat' dir='ltr'><strong>quamvis</strong></span> <span class='ocrx_word' id='word_1_684' title='bbox 2363 2280 2639 2338; x_wconf 91' lang='lat' dir='ltr'><strong>peceatum</strong></span> <span class='ocrx_word' id='word_1_685' title='bbox 2665 2271 2943 2325; x_wconf 82' lang='lat' dir='ltr'><strong>confessus</strong></span> <span class='ocrx_word' id='word_1_686' title='bbox 2973 2272 3168 2339; x_wconf 89' lang='lat' dir='ltr'><strong>fuerit,</strong></span> <span class='ocrx_word' id='word_1_687' title='bbox 3220 2274 3492 2346; x_wconf 76' lang='lat' dir='ltr'><strong>ipsiusque</strong></span> 
     </span>
    </p>
   </div>
   <div class='ocr_carea' id='block_1_83' title="bbox 1915 2358 3492 2436">
    <p class='ocr_par' dir='ltr' id='par_1_83' title="bbox 1915 2358 3492 2436">
     <span class='ocr_line' id='line_1_83' title="bbox 1915 2358 3492 2436; baseline 0.006 -24"><span class='ocrx_word' id='word_1_688' title='bbox 1915 2372 2038 2412; x_wconf 90' lang='lat' dir='ltr'><strong>eum</strong></span> <span class='ocrx_word' id='word_1_689' title='bbox 2065 2358 2402 2425; x_wconf 79' lang='lat' dir='ltr'><strong>paenituerit;</strong></span> <span class='ocrx_word' id='word_1_690' title='bbox 2443 2360 2677 2418; x_wconf 89' lang='lat' dir='ltr'><strong>ostendit</strong></span> <span class='ocrx_word' id='word_1_691' title='bbox 2699 2369 2874 2416; x_wconf 91' lang='lat' dir='ltr'><strong>tamen</strong></span> <span class='ocrx_word' id='word_1_692' title='bbox 2898 2376 3019 2417; x_wconf 90' lang='lat' dir='ltr'><strong>eum</strong></span> <span class='ocrx_word' id='word_1_693' title='bbox 3053 2377 3156 2417; x_wconf 92' lang='lat' dir='ltr'><strong>non</strong></span> <span class='ocrx_word' id='word_1_694' title='bbox 3190 2374 3295 2419; x_wconf 87' lang='lat' dir='ltr'><strong>tam</strong></span> <span class='ocrx_word' id='word_1_695' title='bbox 3316 2370 3492 2436; x_wconf 60' lang='lat' dir='ltr'><strong>pinni—</strong></span> 
     </span>
    </p>
   </div>
   <div class='ocr_carea' id='block_1_84' title="bbox 1919 2446 3500 2517">
    <p class='ocr_par' dir='ltr' id='par_1_84' title="bbox 1919 2446 3500 2517">
     <span class='ocr_line' id='line_1_84' title="bbox 1919 2446 3500 2517; baseline 0.008 -19"><span class='ocrx_word' id='word_1_696' title='bbox 1919 2446 2098 2502; x_wconf 81' lang='lat' dir='ltr'><strong>tcntiae</strong></span> <span class='ocrx_word' id='word_1_697' title='bbox 2128 2461 2309 2514; x_wconf 86' lang='lat' dir='ltr'><strong>opera,</strong></span> <span class='ocrx_word' id='word_1_698' title='bbox 2343 2463 2503 2517; x_wconf 84' lang='lat' dir='ltr'><strong>quam</strong></span> <span class='ocrx_word' id='word_1_699' title='bbox 2553 2448 2724 2517; x_wconf 87' lang='lat' dir='ltr'><strong>gratia</strong></span> <span class='ocrx_word' id='word_1_700' title='bbox 2762 2459 2816 2503; x_wconf 92' lang='lat' dir='ltr'><strong>et</strong></span> <span class='ocrx_word' id='word_1_701' title='bbox 2840 2449 3101 2506; x_wconf 77' lang='lat' dir='ltr'><strong>beneﬁcio</strong></span> <span class='ocrx_word' id='word_1_702' title='bbox 3129 2454 3336 2509; x_wconf 87' lang='lat' dir='ltr'><strong>veniam</strong></span> <span class='ocrx_word' id='word_1_703' title='bbox 3368 2471 3500 2512; x_wconf 84' lang='lat' dir='ltr'><strong>con-</strong></span> 
     </span>
    </p>
   </div>
   <div class='ocr_carea' id='block_1_85' title="bbox 1915 2536 3495 2619">
    <p class='ocr_par' dir='ltr' id='par_1_85' title="bbox 1915 2536 3495 2619">
     <span class='ocr_line' id='line_1_85' title="bbox 1915 2536 3495 2619; baseline 0.009 -29"><span class='ocrx_word' id='word_1_704' title='bbox 1915 2538 2085 2607; x_wconf 87' lang='lat' dir='ltr'><strong>sequi.</strong></span> <span class='ocrx_word' id='word_1_705' title='bbox 2120 2536 2201 2592; x_wconf 84' lang='lat' dir='ltr'><strong>Ob</strong></span> <span class='ocrx_word' id='word_1_706' title='bbox 2230 2538 2389 2608; x_wconf 89' lang='lat' dir='ltr'><strong>idque</strong></span> <span class='ocrx_word' id='word_1_707' title='bbox 2426 2539 2522 2605; x_wconf 89' lang='lat' dir='ltr'><strong>ait,</strong></span> <span class='ocrx_word' id='word_1_708' title='bbox 2548 2538 2756 2595; x_wconf 84' lang='lat' dir='ltr'><strong>Donetis</strong></span> <span class='ocrx_word' id='word_1_709' title='bbox 2793 2551 2840 2596; x_wconf 88' lang='lat' dir='ltr'><strong>et</strong></span> <span class='ocrx_word' id='word_1_710' title='bbox 2880 2544 3224 2599; x_wconf 78' lang='lat' dir='ltr'><strong>consolemini.</strong></span> <span class='ocrx_word' id='word_1_711' title='bbox 3259 2547 3325 2601; x_wconf 86' lang='lat' dir='ltr'><strong>Et</strong></span> <span class='ocrx_word' id='word_1_712' title='bbox 3352 2550 3495 2619; x_wconf 82' lang='lat' dir='ltr'><strong>quod</strong></span> 
     </span>
    </p>
   </div>
   <div class='ocr_carea' id='block_1_86' title="bbox 1916 2630 3496 2708">
    <p class='ocr_par' dir='ltr' id='par_1_86' title="bbox 1916 2630 3496 2708">
     <span class='ocr_line' id='line_1_86' title="bbox 1916 2630 3496 2708; baseline 0.008 -24"><span class='ocrx_word' id='word_1_713' title='bbox 1916 2630 2173 2699; x_wconf 83' lang='lat' dir='ltr'><strong>sequitur,</strong></span> <span class='ocrx_word' id='word_1_714' title='bbox 2204 2630 2341 2685; x_wconf 87' lang='lat' dir='ltr'><strong>idem</strong></span> <span class='ocrx_word' id='word_1_715' title='bbox 2366 2630 2620 2685; x_wconf 85' lang='lat' dir='ltr'><strong>declarat.</strong></span> <span class='ocrx_word' id='word_1_716' title='bbox 2650 2631 2764 2685; x_wconf 87' lang='lat' dir='ltr'><strong>Non</strong></span> <span class='ocrx_word' id='word_1_717' title='bbox 2784 2633 2923 2686; x_wconf 86' lang='lat' dir='ltr'><strong>enim</strong></span> <span class='ocrx_word' id='word_1_718' title='bbox 2948 2635 3088 2703; x_wconf 85' lang='lat' dir='ltr'><strong>quod</strong></span> <span class='ocrx_word' id='word_1_719' title='bbox 3114 2637 3163 2691; x_wconf 89' lang='lat' dir='ltr'><strong>id</strong></span> <span class='ocrx_word' id='word_1_720' title='bbox 3182 2653 3496 2708; x_wconf 80' lang='lat' dir='ltr'><strong>promerca-</strong></span> 
     </span>
    </p>
   </div>
   <div class='ocr_carea' id='block_1_87' title="bbox 1916 2722 3498 2800">
    <p class='ocr_par' dir='ltr' id='par_1_87' title="bbox 1916 2722 3498 2800">
     <span class='ocr_line' id='line_1_87' title="bbox 1916 2722 3498 2800; baseline 0.008 -27"><span class='ocrx_word' id='word_1_721' title='bbox 1916 2728 2023 2785; x_wconf 90' lang='lat' dir='ltr'><strong>tur,</strong></span> <span class='ocrx_word' id='word_1_722' title='bbox 2050 2736 2148 2776; x_wconf 88' lang='lat' dir='ltr'><strong>nec</strong></span> <span class='ocrx_word' id='word_1_723' title='bbox 2174 2722 2315 2791; x_wconf 92' lang='lat' dir='ltr'><strong>quod</strong></span> <span class='ocrx_word' id='word_1_724' title='bbox 2341 2732 2481 2785; x_wconf 79' lang='lat' dir='ltr'><strong>eam,</strong></span> <span class='ocrx_word' id='word_1_725' title='bbox 2512 2737 2671 2791; x_wconf 87' lang='lat' dir='ltr'><strong>quam</strong></span> <span class='ocrx_word' id='word_1_726' title='bbox 2711 2738 2806 2791; x_wconf 88' lang='lat' dir='ltr'><strong>par</strong></span> <span class='ocrx_word' id='word_1_727' title='bbox 2834 2724 2927 2787; x_wconf 88' lang='lat' dir='ltr'><strong>sit,</strong></span> <span class='ocrx_word' id='word_1_728' title='bbox 2960 2728 3327 2793; x_wconf 76' lang='lat' dir='ltr'><strong>pmniteutiam</strong></span> <span class='ocrx_word' id='word_1_729' title='bbox 3360 2746 3498 2800; x_wconf 83' lang='lat' dir='ltr'><strong>pra:-</strong></span> 
     </span>
    </p>
   </div>
   <div class='ocr_carea' id='block_1_88' title="bbox 1914 2813 3498 2892">
    <p class='ocr_par' dir='ltr' id='par_1_88' title="bbox 1914 2813 3498 2892">
     <span class='ocr_line' id='line_1_88' title="bbox 1914 2813 3498 2892; baseline 0.008 -26"><span class='ocrx_word' id='word_1_730' title='bbox 1914 2813 2132 2879; x_wconf 84' lang='lat' dir='ltr'><strong>stiterit,</strong></span> <span class='ocrx_word' id='word_1_731' title='bbox 2159 2815 2253 2869; x_wconf 89' lang='lat' dir='ltr'><strong>sed</strong></span> <span class='ocrx_word' id='word_1_732' title='bbox 2280 2816 2401 2884; x_wconf 89' lang='lat' dir='ltr'><strong>quia</strong></span> <span class='ocrx_word' id='word_1_733' title='bbox 2431 2816 2673 2869; x_wconf 86' lang='lat' dir='ltr'><strong>infirmus</strong></span> <span class='ocrx_word' id='word_1_734' title='bbox 2699 2824 2802 2881; x_wconf 90' lang='lat' dir='ltr'><strong>est,</strong></span> <span class='ocrx_word' id='word_1_735' title='bbox 2834 2815 3054 2883; x_wconf 80' lang='lat' dir='ltr'><strong>idcirco,</strong></span> <span class='ocrx_word' id='word_1_736' title='bbox 3077 2819 3169 2884; x_wconf 90' lang='lat' dir='ltr'><strong>ait,</strong></span> <span class='ocrx_word' id='word_1_737' title='bbox 3213 2819 3314 2875; x_wconf 88' lang='lat' dir='ltr'><strong>boc</strong></span> <span class='ocrx_word' id='word_1_738' title='bbox 3335 2831 3457 2892; x_wconf 88' lang='lat' dir='ltr'><strong>peto</strong></span> <span class='ocrx_word' id='word_1_739' title='bbox 3482 2842 3498 2858; x_wconf 78' lang='grc' dir='ltr'><strong>ο</strong></span> 
     </span>
    </p>
   </div>
   <div class='ocr_carea' id='block_1_89' title="bbox 1916 2904 3499 2979">
    <p class='ocr_par' dir='ltr' id='par_1_89' title="bbox 1916 2904 3499 2979">
     <span class='ocr_line' id='line_1_89' title="bbox 1916 2904 3499 2979; baseline 0.008 -20"><span class='ocrx_word' id='word_1_740' title='bbox 1916 2904 2059 2959; x_wconf 86' lang='lat' dir='ltr'><strong>unde</strong></span> <span class='ocrx_word' id='word_1_741' title='bbox 2088 2906 2248 2959; x_wconf 87' lang='lat' dir='ltr'><strong>etiam</strong></span> <span class='ocrx_word' id='word_1_742' title='bbox 2280 2906 2554 2975; x_wconf 87' lang='lat' dir='ltr'><strong>subju&#39;nxit</strong></span> <span class='ocrx_word' id='word_1_743' title='bbox 2576 2946 2594 2972; x_wconf 88' lang='lat'><strong>,</strong></span> <span class='ocrx_word' id='word_1_744' title='bbox 2623 2905 2707 2959; x_wconf 85' lang='lat' dir='ltr'><strong>Ne</strong></span> <span class='ocrx_word' id='word_1_745' title='bbox 2748 2910 2878 2979; x_wconf 80' lang='lat' dir='ltr'><strong>forte</strong></span> <span class='ocrx_word' id='word_1_746' title='bbox 2906 2910 3261 2966; x_wconf 84' lang='lat' dir='ltr'><strong>abundantiori</strong></span> <span class='ocrx_word' id='word_1_747' title='bbox 3292 2915 3499 2971; x_wconf 82' lang='lat' dir='ltr'><strong>tristitia</strong></span> 
     </span>
    </p>
   </div>
   <div class='ocr_carea' id='block_1_90' title="bbox 1915 2996 3501 3066">
    <p class='ocr_par' dir='ltr' id='par_1_90' title="bbox 1915 2996 3501 3066">
     <span class='ocr_line' id='line_1_90' title="bbox 1915 2996 3501 3066; baseline 0.007 -16"><span class='ocrx_word' id='word_1_748' title='bbox 1915 2996 2242 3051; x_wconf 78' lang='lat' dir='ltr'><strong>absorbeatur</strong></span> <span class='ocrx_word' id='word_1_749' title='bbox 2268 2997 2351 3066; x_wconf 84' lang='lat' dir='ltr'><strong>qui</strong></span> <span class='ocrx_word' id='word_1_750' title='bbox 2374 3007 2448 3051; x_wconf 88' lang='lat' dir='ltr'><strong>est</strong></span> <span class='ocrx_word' id='word_1_751' title='bbox 2482 2998 2754 3066; x_wconf 83' lang='lat' dir='ltr'><strong>ejusmodi.</strong></span> <span class='ocrx_word' id='word_1_752' title='bbox 2782 2998 2912 3064; x_wconf 63' lang='lat' dir='ltr'><strong>Quae</strong></span> <span class='ocrx_word' id='word_1_753' title='bbox 2935 3001 3095 3055; x_wconf 85' lang='lat' dir='ltr'><strong>verba</strong></span> <span class='ocrx_word' id='word_1_754' title='bbox 3120 3012 3244 3056; x_wconf 88' lang='lat' dir='ltr'><strong>sunt</strong></span> <span class='ocrx_word' id='word_1_755' title='bbox 3266 3004 3501 3063; x_wconf 86' lang='lat' dir='ltr'><strong>hominis</strong></span> 
     </span>
    </p>
   </div>
   <div class='ocr_carea' id='block_1_91' title="bbox 1918 3087 3500 3161">
    <p class='ocr_par' dir='ltr' id='par_1_91' title="bbox 1918 3087 3500 3161">
     <span class='ocr_line' id='line_1_91' title="bbox 1918 3087 3500 3161; baseline 0.008 -20"><span class='ocrx_word' id='word_1_756' title='bbox 1918 3102 2122 3157; x_wconf 81' lang='lat' dir='ltr'><strong>magna:</strong></span> <span class='ocrx_word' id='word_1_757' title='bbox 2151 3087 2480 3157; x_wconf 66' lang='lat' dir='ltr'><strong>paenitentia:</strong></span> <span class='ocrx_word' id='word_1_758' title='bbox 2509 3088 2873 3143; x_wconf 90' lang='lat' dir='ltr'><strong>testimonium</strong></span> <span class='ocrx_word' id='word_1_759' title='bbox 2913 3089 3012 3159; x_wconf 88' lang='lat' dir='ltr'><strong>ipsi</strong></span> <span class='ocrx_word' id='word_1_760' title='bbox 3043 3091 3321 3148; x_wconf 87' lang='lat' dir='ltr'><strong>tribuentis</strong></span> <span class='ocrx_word' id='word_1_761' title='bbox 3343 3135 3357 3161; x_wconf 87' lang='lat'><strong>,</strong></span> <span class='ocrx_word' id='word_1_762' title='bbox 3399 3112 3500 3153; x_wconf 85' lang='lat' dir='ltr'><strong>nec</strong></span> 
     </span>
    </p>
   </div>
   <div class='ocr_carea' id='block_1_92' title="bbox 1916 3178 3495 3253">
    <p class='ocr_par' dir='ltr' id='par_1_92' title="bbox 1916 3178 3495 3253">
     <span class='ocr_line' id='line_1_92' title="bbox 1916 3178 3495 3253; baseline 0.006 -20"><span class='ocrx_word' id='word_1_763' title='bbox 1916 3193 2037 3233; x_wconf 92' lang='lat' dir='ltr'><strong>eum</strong></span> <span class='ocrx_word' id='word_1_764' title='bbox 2062 3180 2113 3233; x_wconf 92' lang='lat' dir='ltr'><strong>in</strong></span> <span class='ocrx_word' id='word_1_765' title='bbox 2131 3178 2558 3248; x_wconf 86' lang='lat' dir='ltr'><strong>desperationem</strong></span> <span class='ocrx_word' id='word_1_766' title='bbox 2576 3194 2732 3234; x_wconf 89' lang='lat' dir='ltr'><strong>ruere</strong></span> <span class='ocrx_word' id='word_1_767' title='bbox 2758 3180 3004 3235; x_wconf 90' lang='lat' dir='ltr'><strong>sinentis.</strong></span> <span class='ocrx_word' id='word_1_768' title='bbox 3024 3182 3161 3249; x_wconf 90' lang='lat' dir='ltr'><strong>Quid</strong></span> <span class='ocrx_word' id='word_1_769' title='bbox 3186 3184 3269 3239; x_wconf 82' lang='lat' dir='ltr'><strong>est</strong></span> <span class='ocrx_word' id='word_1_770' title='bbox 3295 3194 3495 3253; x_wconf 85' lang='lat' dir='ltr'><strong>autem,</strong></span> 
     </span>
    </p>
   </div>
   <div class='ocr_carea' id='block_1_93' title="bbox 1917 3270 3498 3343">
    <p class='ocr_par' dir='ltr' id='par_1_93' title="bbox 1917 3270 3498 3343">
     <span class='ocr_line' id='line_1_93' title="bbox 1917 3270 3498 3343; baseline 0.006 -19"><span class='ocrx_word' id='word_1_771' title='bbox 1917 3271 2252 3325; x_wconf 80' lang='lat' dir='ltr'><strong>Absorbeatur</strong></span> <span class='ocrx_word' id='word_1_772' title='bbox 2270 3271 2295 3323; x_wconf 79' lang='lat'><strong><em>?</em></strong></span> <span class='ocrx_word' id='word_1_773' title='bbox 2319 3270 2519 3339; x_wconf 86' lang='lat' dir='ltr'><strong>Nempe</strong></span> <span class='ocrx_word' id='word_1_774' title='bbox 2546 3272 2629 3325; x_wconf 88' lang='lat' dir='ltr'><strong>vel</strong></span> <span class='ocrx_word' id='word_1_775' title='bbox 2656 3270 2756 3325; x_wconf 85' lang='lat' dir='ltr'><strong>hoc</strong></span> <span class='ocrx_word' id='word_1_776' title='bbox 2788 3272 3005 3335; x_wconf 89' lang='lat' dir='ltr'><strong>faciens,</strong></span> <span class='ocrx_word' id='word_1_777' title='bbox 3035 3275 3225 3343; x_wconf 90' lang='lat' dir='ltr'><strong>quoda</strong></span> <span class='ocrx_word' id='word_1_778' title='bbox 3256 3276 3389 3332; x_wconf 78' lang='lat' dir='ltr'><strong>Juda</strong></span> <span class='ocrx_word' id='word_1_779' title='bbox 3417 3279 3498 3332; x_wconf 89' lang='lat' dir='ltr'><strong>fa-</strong></span> 
     </span>
    </p>
   </div>
   <div class='ocr_carea' id='block_1_94' title="bbox 1918 3361 3499 3431">
    <p class='ocr_par' dir='ltr' id='par_1_94' title="bbox 1918 3361 3499 3431">
     <span class='ocr_line' id='line_1_94' title="bbox 1918 3361 3499 3431; baseline 0.004 -14"><span class='ocrx_word' id='word_1_780' title='bbox 1918 3373 2062 3417; x_wconf 90' lang='lat' dir='ltr'><strong>ctum</strong></span> <span class='ocrx_word' id='word_1_781' title='bbox 2095 3370 2207 3427; x_wconf 91' lang='lat' dir='ltr'><strong>est;</strong></span> <span class='ocrx_word' id='word_1_782' title='bbox 2263 3362 2348 3417; x_wconf 85' lang='lat' dir='ltr'><strong>vel</strong></span> <span class='ocrx_word' id='word_1_783' title='bbox 2376 3361 2559 3429; x_wconf 89' lang='lat' dir='ltr'><strong>etiam,</strong></span> <span class='ocrx_word' id='word_1_784' title='bbox 2588 3362 2633 3416; x_wconf 90' lang='lat' dir='ltr'><strong>si</strong></span> <span class='ocrx_word' id='word_1_785' title='bbox 2663 3362 2787 3417; x_wconf 65' lang='lat' dir='ltr'><strong>vita:</strong></span> <span class='ocrx_word' id='word_1_786' title='bbox 2813 3378 2974 3417; x_wconf 88' lang='lat' dir='ltr'><strong>usura</strong></span> <span class='ocrx_word' id='word_1_787' title='bbox 3005 3364 3232 3431; x_wconf 78' lang='lat' dir='ltr'><strong>fruatur,</strong></span> <span class='ocrx_word' id='word_1_788' title='bbox 3261 3366 3499 3423; x_wconf 88' lang='lat' dir='ltr'><strong>deterior</strong></span> 
     </span>
    </p>
   </div>
   <div class='ocr_carea' id='block_1_95' title="bbox 1919 3453 3497 3525">
    <p class='ocr_par' dir='ltr' id='par_1_95' title="bbox 1919 3453 3497 3525">
     <span class='ocr_line' id='line_1_95' title="bbox 1919 3453 3497 3525; baseline 0.006 -20"><span class='ocrx_word' id='word_1_789' title='bbox 1919 3453 2108 3509; x_wconf 88' lang='lat' dir='ltr'><strong>factus.</strong></span> <span class='ocrx_word' id='word_1_790' title='bbox 2162 3453 2373 3507; x_wconf 85' lang='lat' dir='ltr'><strong>Etenim</strong></span> <span class='ocrx_word' id='word_1_791' title='bbox 2400 3453 2445 3507; x_wconf 91' lang='lat' dir='ltr'><strong>si</strong></span> <span class='ocrx_word' id='word_1_792' title='bbox 2486 3453 2711 3517; x_wconf 89' lang='lat' dir='ltr'><strong>resiliat,</strong></span> <span class='ocrx_word' id='word_1_793' title='bbox 2746 3454 2938 3525; x_wconf 87' lang='lat' dir='ltr'><strong>inquit,</strong></span> <span class='ocrx_word' id='word_1_794' title='bbox 2970 3456 3115 3524; x_wconf 90' lang='lat' dir='ltr'><strong>quod</strong></span> <span class='ocrx_word' id='word_1_795' title='bbox 3164 3466 3497 3515; x_wconf 86' lang='lat' dir='ltr'><strong>contractum</strong></span> 
     </span>
    </p>
   </div>
   <div class='ocr_carea' id='block_1_96' title="bbox 1920 3546 3500 3621">
    <p class='ocr_par' dir='ltr' id='par_1_96' title="bbox 1920 3546 3500 3621">
     <span class='ocr_line' id='line_1_96' title="bbox 1920 3546 3500 3621; baseline 0.004 -20"><span class='ocrx_word' id='word_1_796' title='bbox 1920 3562 1986 3602; x_wconf 92' lang='lat' dir='ltr'><strong>ex</strong></span> <span class='ocrx_word' id='word_1_797' title='bbox 2043 3549 2285 3617; x_wconf 89' lang='lat' dir='ltr'><strong>longiore</strong></span> <span class='ocrx_word' id='word_1_798' title='bbox 2348 3546 2721 3616; x_wconf 80' lang='lat' dir='ltr'><strong>objurgatione</strong></span> <span class='ocrx_word' id='word_1_799' title='bbox 2791 3546 3035 3602; x_wconf 91' lang='lat' dir='ltr'><strong>dolorem</strong></span> <span class='ocrx_word' id='word_1_800' title='bbox 3112 3565 3217 3604; x_wconf 89' lang='lat' dir='ltr'><strong>non</strong></span> <span class='ocrx_word' id='word_1_801' title='bbox 3271 3553 3500 3621; x_wconf 84' lang='lat' dir='ltr'><strong>amplius</strong></span> 
     </span>
    </p>
   </div>
   <div class='ocr_carea' id='block_1_97' title="bbox 1919 3635 3502 3709">
    <p class='ocr_par' dir='ltr' id='par_1_97' title="bbox 1919 3635 3502 3709">
     <span class='ocr_line' id='line_1_97' title="bbox 1919 3635 3502 3709; baseline 0.003 -17"><span class='ocrx_word' id='word_1_802' title='bbox 1919 3637 2061 3692; x_wconf 91' lang='lat' dir='ltr'><strong>ferre</strong></span> <span class='ocrx_word' id='word_1_803' title='bbox 2103 3646 2295 3707; x_wconf 86' lang='lat' dir='ltr'><strong>queat;</strong></span> <span class='ocrx_word' id='word_1_804' title='bbox 2327 3635 2610 3706; x_wconf 86' lang='lat' dir='ltr'><strong>desperata</strong></span> <span class='ocrx_word' id='word_1_805' title='bbox 2661 3636 2855 3703; x_wconf 88' lang='lat' dir='ltr'><strong>salute,</strong></span> <span class='ocrx_word' id='word_1_806' title='bbox 2908 3647 3000 3692; x_wconf 90' lang='lat' dir='ltr'><strong>aut</strong></span> <span class='ocrx_word' id='word_1_807' title='bbox 3029 3638 3081 3692; x_wconf 91' lang='lat' dir='ltr'><strong>in</strong></span> <span class='ocrx_word' id='word_1_808' title='bbox 3109 3638 3378 3709; x_wconf 88' lang='lat' dir='ltr'><strong>laqueum,</strong></span> <span class='ocrx_word' id='word_1_809' title='bbox 3405 3654 3502 3697; x_wconf 85' lang='lat' dir='ltr'><strong>aut</strong></span> 
     </span>
    </p>
   </div>
   <div class='ocr_carea' id='block_1_98' title="bbox 1919 3728 3499 3801">
    <p class='ocr_par' dir='ltr' id='par_1_98' title="bbox 1919 3728 3499 3801">
     <span class='ocr_line' id='line_1_98' title="bbox 1919 3728 3499 3801; baseline 0.002 -17"><span class='ocrx_word' id='word_1_810' title='bbox 1919 3731 1972 3784; x_wconf 91' lang='lat' dir='ltr'><strong>in</strong></span> <span class='ocrx_word' id='word_1_811' title='bbox 2026 3730 2284 3798; x_wconf 86' lang='lat' dir='ltr'><strong>majorem</strong></span> <span class='ocrx_word' id='word_1_812' title='bbox 2347 3728 2599 3798; x_wconf 87' lang='lat' dir='ltr'><strong>deinceps</strong></span> <span class='ocrx_word' id='word_1_813' title='bbox 2664 3728 3057 3797; x_wconf 89' lang='lat' dir='ltr'><strong>improbitatem</strong></span> <span class='ocrx_word' id='word_1_814' title='bbox 3120 3740 3258 3785; x_wconf 91' lang='lat' dir='ltr'><strong>ruet.</strong></span> <span class='ocrx_word' id='word_1_815' title='bbox 3314 3730 3499 3801; x_wconf 84' lang='lat' dir='ltr'><strong>Itaque</strong></span> 
     </span>
    </p>
   </div>
   <div class='ocr_carea' id='block_1_99' title="bbox 1918 3818 3496 3890">
    <p class='ocr_par' dir='ltr' id='par_1_99' title="bbox 1918 3818 3496 3890">
     <span class='ocr_line' id='line_1_99' title="bbox 1918 3818 3496 3890; baseline 0.001 -15"><span class='ocrx_word' id='word_1_816' title='bbox 1918 3818 2310 3875; x_wconf 87' lang='lat' dir='ltr'><strong>occurrendum</strong></span> <span class='ocrx_word' id='word_1_817' title='bbox 2340 3830 2463 3884; x_wconf 76' lang='grc' dir='ltr'><strong>εει,</strong></span> <span class='ocrx_word' id='word_1_818' title='bbox 2517 3833 2585 3873; x_wconf 90' lang='lat' dir='ltr'><strong>ne</strong></span> <span class='ocrx_word' id='word_1_819' title='bbox 2640 3818 2793 3873; x_wconf 87' lang='lat' dir='ltr'><strong>ulcus</strong></span> <span class='ocrx_word' id='word_1_820' title='bbox 2836 3819 3208 3890; x_wconf 84' lang='lat' dir='ltr'><strong>ingravescat,</strong></span> <span class='ocrx_word' id='word_1_821' title='bbox 3277 3836 3411 3877; x_wconf 87' lang='lat' dir='ltr'><strong>neve</strong></span> <span class='ocrx_word' id='word_1_822' title='bbox 3445 3824 3496 3876; x_wconf 89' lang='lat' dir='ltr'><strong>id</strong></span> 
     </span>
    </p>
   </div>
   <div class='ocr_carea' id='block_1_100' title="bbox 1918 3909 3492 3982">
    <p class='ocr_par' dir='ltr' id='par_1_100' title="bbox 1918 3909 3492 3982">
     <span class='ocr_line' id='line_1_100' title="bbox 1918 3909 3492 3982; baseline 0.003 -19"><span class='ocrx_word' id='word_1_823' title='bbox 1918 3910 2059 3982; x_wconf 90' lang='lat' dir='ltr'><strong>quod</strong></span> <span class='ocrx_word' id='word_1_824' title='bbox 2086 3920 2231 3963; x_wconf 87' lang='lat' dir='ltr'><strong>recte</strong></span> <span class='ocrx_word' id='word_1_825' title='bbox 2252 3910 2493 3975; x_wconf 87' lang='lat' dir='ltr'><strong>fecimus,</strong></span> <span class='ocrx_word' id='word_1_826' title='bbox 2517 3909 2586 3963; x_wconf 92' lang='lat' dir='ltr'><strong>ob</strong></span> <span class='ocrx_word' id='word_1_827' title='bbox 2611 3910 2908 3978; x_wconf 86' lang='lat' dir='ltr'><strong>neglectum</strong></span> <span class='ocrx_word' id='word_1_828' title='bbox 2924 3910 3138 3964; x_wconf 93' lang='lat' dir='ltr'><strong>modum</strong></span> <span class='ocrx_word' id='word_1_829' title='bbox 3168 3912 3492 3968; x_wconf 83' lang='lat' dir='ltr'><strong>amittamus.</strong></span> 
     </span>
    </p>
   </div>
   <div class='ocr_carea' id='block_1_101' title="bbox 1988 3998 3491 4071">
    <p class='ocr_par' dir='ltr' id='par_1_101' title="bbox 1988 3998 3491 4071">
     <span class='ocr_line' id='line_1_101' title="bbox 1988 3998 3491 4071; baseline 0.001 -15"><span class='ocrx_word' id='word_1_830' title='bbox 1988 4004 2041 4057; x_wconf 72' lang='grc'><strong>4.</strong></span> <span class='ocrx_word' id='word_1_831' title='bbox 2076 4000 2200 4055; x_wconf 83' lang='lat' dir='ltr'><strong>Haec</strong></span> <span class='ocrx_word' id='word_1_832' title='bbox 2229 4008 2404 4053; x_wconf 86' lang='lat' dir='ltr'><strong>autem</strong></span> <span class='ocrx_word' id='word_1_833' title='bbox 2447 4012 2513 4053; x_wconf 92' lang='lat' dir='ltr'><strong>eo</strong></span> <span class='ocrx_word' id='word_1_834' title='bbox 2542 3998 2789 4063; x_wconf 89' lang='lat' dir='ltr'><strong>dicebat,</strong></span> <span class='ocrx_word' id='word_1_835' title='bbox 2818 4006 2877 4051; x_wconf 91' lang='lat' dir='ltr'><strong>ut</strong></span> <span class='ocrx_word' id='word_1_836' title='bbox 2901 4007 2954 4052; x_wconf 89' lang='lat' dir='ltr'><strong>et</strong></span> <span class='ocrx_word' id='word_1_837' title='bbox 2979 3998 3164 4065; x_wconf 92' lang='lat' dir='ltr'><strong>illum,</strong></span> <span class='ocrx_word' id='word_1_838' title='bbox 3209 4002 3350 4070; x_wconf 91' lang='lat' dir='ltr'><strong>quod</strong></span> <span class='ocrx_word' id='word_1_839' title='bbox 3376 4002 3491 4071; x_wconf 86' lang='lat' dir='ltr'><strong>jam</strong></span> 
     </span>
    </p>
   </div>
   <div class='ocr_carea' id='block_1_102' title="bbox 1918 4088 3494 4161">
    <p class='ocr_par' dir='ltr' id='par_1_102' title="bbox 1918 4088 3494 4161">
     <span class='ocr_line' id='line_1_102' title="bbox 1918 4088 3494 4161; baseline 0.002 -16"><span class='ocrx_word' id='word_1_840' title='bbox 1918 4092 2065 4155; x_wconf 87' lang='lat' dir='ltr'><strong>dixi,</strong></span> <span class='ocrx_word' id='word_1_841' title='bbox 2117 4097 2393 4144; x_wconf 89' lang='lat' dir='ltr'><strong>coerceret</strong></span> <span class='ocrx_word' id='word_1_842' title='bbox 2435 4097 2488 4143; x_wconf 91' lang='lat' dir='ltr'><strong>et</strong></span> <span class='ocrx_word' id='word_1_843' title='bbox 2526 4088 2841 4143; x_wconf 88' lang='lat' dir='ltr'><strong>admoneret</strong></span> <span class='ocrx_word' id='word_1_844' title='bbox 2865 4130 2879 4155; x_wconf 91' lang='lat'><strong>,</strong></span> <span class='ocrx_word' id='word_1_845' title='bbox 2911 4103 2979 4143; x_wconf 90' lang='lat' dir='ltr'><strong>ne</strong></span> <span class='ocrx_word' id='word_1_846' title='bbox 3007 4098 3127 4158; x_wconf 88' lang='lat' dir='ltr'><strong>post</strong></span> <span class='ocrx_word' id='word_1_847' title='bbox 3154 4088 3494 4161; x_wconf 80' lang='lat' dir='ltr'><strong>impetratam</strong></span> 
     </span>
    </p>
   </div>
   <div class='ocr_carea' id='block_1_103' title="bbox 1918 4179 3494 4251">
    <p class='ocr_par' dir='ltr' id='par_1_103' title="bbox 1918 4179 3494 4251">
     <span class='ocr_line' id='line_1_103' title="bbox 1918 4179 3494 4251; baseline 0.004 -16"><span class='ocrx_word' id='word_1_848' title='bbox 1918 4183 2128 4235; x_wconf 85' lang='lat' dir='ltr'><strong>veniam</strong></span> <span class='ocrx_word' id='word_1_849' title='bbox 2159 4181 2399 4249; x_wconf 84' lang='lat' dir='ltr'><strong>ignavior</strong></span> <span class='ocrx_word' id='word_1_850' title='bbox 2426 4179 2595 4234; x_wconf 84' lang='lat' dir='ltr'><strong>ﬁeret.</strong></span> <span class='ocrx_word' id='word_1_851' title='bbox 2628 4180 2747 4234; x_wconf 89' lang='lat' dir='ltr'><strong>Non</strong></span> <span class='ocrx_word' id='word_1_852' title='bbox 2797 4180 2936 4234; x_wconf 90' lang='lat' dir='ltr'><strong>enim</strong></span> <span class='ocrx_word' id='word_1_853' title='bbox 2960 4220 2976 4247; x_wconf 90' lang='lat'><strong>,</strong></span> <span class='ocrx_word' id='word_1_854' title='bbox 3018 4182 3230 4251; x_wconf 89' lang='lat' dir='ltr'><strong>inquit,</strong></span> <span class='ocrx_word' id='word_1_855' title='bbox 3257 4199 3377 4239; x_wconf 89' lang='lat' dir='ltr'><strong>eum</strong></span> <span class='ocrx_word' id='word_1_856' title='bbox 3423 4186 3494 4243; x_wconf 87' lang='lat' dir='ltr'><strong>ita</strong></span> 
     </span>
    </p>
   </div>
   <div class='ocr_carea' id='block_1_104' title="bbox 1919 4268 3495 4341">
    <p class='ocr_par' dir='ltr' id='par_1_104' title="bbox 1919 4268 3495 4341">
     <span class='ocr_line' id='line_1_104' title="bbox 1919 4268 3495 4341; baseline -0.003 -15"><span class='ocrx_word' id='word_1_857' title='bbox 1919 4269 2290 4340; x_wconf 87' lang='lat' dir='ltr'><strong>excepi,quasi</strong></span> <span class='ocrx_word' id='word_1_858' title='bbox 2321 4268 2507 4322; x_wconf 88' lang='lat' dir='ltr'><strong>sordes</strong></span> <span class='ocrx_word' id='word_1_859' title='bbox 2534 4268 2744 4336; x_wconf 89' lang='lat' dir='ltr'><strong>penitus</strong></span> <span class='ocrx_word' id='word_1_860' title='bbox 2770 4268 3103 4335; x_wconf 85' lang='lat' dir='ltr'><strong>absterserit,</strong></span> <span class='ocrx_word' id='word_1_861' title='bbox 3121 4270 3217 4324; x_wconf 90' lang='lat' dir='ltr'><strong>sed</strong></span> <span class='ocrx_word' id='word_1_862' title='bbox 3244 4273 3385 4341; x_wconf 91' lang='lat' dir='ltr'><strong>quod</strong></span> <span class='ocrx_word' id='word_1_863' title='bbox 3400 4290 3495 4329; x_wconf 77' lang='lat' dir='ltr'><strong>ve-</strong></span> 
     </span>
    </p>
   </div>
   <div class='ocr_carea' id='block_1_105' title="bbox 1920 4357 3495 4436">
    <p class='ocr_par' dir='ltr' id='par_1_105' title="bbox 1920 4357 3495 4436">
     <span class='ocr_line' id='line_1_105' title="bbox 1920 4357 3495 4436; baseline 0.001 -19"><span class='ocrx_word' id='word_1_864' title='bbox 1920 4377 2070 4417; x_wconf 88' lang='lat' dir='ltr'><strong>rerer</strong></span> <span class='ocrx_word' id='word_1_865' title='bbox 2106 4376 2174 4415; x_wconf 91' lang='lat' dir='ltr'><strong>ne</strong></span> <span class='ocrx_word' id='word_1_866' title='bbox 2217 4360 2429 4430; x_wconf 88' lang='lat' dir='ltr'><strong>gravius</strong></span> <span class='ocrx_word' id='word_1_867' title='bbox 2473 4357 2670 4427; x_wconf 89' lang='lat' dir='ltr'><strong>aliquid</strong></span> <span class='ocrx_word' id='word_1_868' title='bbox 2706 4358 2759 4410; x_wconf 93' lang='lat' dir='ltr'><strong>in</strong></span> <span class='ocrx_word' id='word_1_869' title='bbox 2804 4372 2862 4412; x_wconf 92' lang='lat' dir='ltr'><strong>se</strong></span> <span class='ocrx_word' id='word_1_870' title='bbox 2905 4358 3232 4415; x_wconf 87' lang='lat' dir='ltr'><strong>admitteret.</strong></span> <span class='ocrx_word' id='word_1_871' title='bbox 3276 4362 3354 4417; x_wconf 88' lang='lat' dir='ltr'><strong>Ex</strong></span> <span class='ocrx_word' id='word_1_872' title='bbox 3385 4380 3495 4436; x_wconf 92' lang='lat' dir='ltr'><strong>quo</strong></span> 
     </span>
    </p>
   </div>
   <div class='ocr_carea' id='block_1_106' title="bbox 1921 4444 3495 4518">
    <p class='ocr_par' dir='ltr' id='par_1_106' title="bbox 1921 4444 3495 4518">
     <span class='ocr_line' id='line_1_106' title="bbox 1921 4444 3495 4518; baseline 0.003 -11"><span class='ocrx_word' id='word_1_873' title='bbox 1921 4453 2049 4509; x_wconf 91' lang='lat' dir='ltr'><strong>illud</strong></span> <span class='ocrx_word' id='word_1_874' title='bbox 2076 4444 2352 4518; x_wconf 83' lang='lat' dir='ltr'><strong>disci&#39;mus,</strong></span> <span class='ocrx_word' id='word_1_875' title='bbox 2381 4464 2487 4504; x_wconf 91' lang='lat' dir='ltr'><strong>non</strong></span> <span class='ocrx_word' id='word_1_876' title='bbox 2514 4464 2581 4502; x_wconf 86' lang='lat' dir='ltr'><strong>ex</strong></span> <span class='ocrx_word' id='word_1_877' title='bbox 2611 4444 2874 4504; x_wconf 84' lang='lat' dir='ltr'><strong>scelerum</strong></span> <span class='ocrx_word' id='word_1_878' title='bbox 2907 4459 3109 4504; x_wconf 91' lang='lat' dir='ltr'><strong>tantum</strong></span> <span class='ocrx_word' id='word_1_879' title='bbox 3140 4460 3328 4507; x_wconf 87' lang='lat' dir='ltr'><strong>natura</strong></span> <span class='ocrx_word' id='word_1_880' title='bbox 3352 4494 3367 4517; x_wconf 90' lang='lat'><strong>,</strong></span> <span class='ocrx_word' id='word_1_881' title='bbox 3399 4457 3495 4513; x_wconf 85' lang='lat' dir='ltr'><strong>sed</strong></span> 
     </span>
    </p>
   </div>
   <div class='ocr_carea' id='block_1_107' title="bbox 1920 4542 3499 4615">
    <p class='ocr_par' dir='ltr' id='par_1_107' title="bbox 1920 4542 3499 4615">
     <span class='ocr_line' id='line_1_107' title="bbox 1920 4542 3499 4615; baseline 0.001 -13"><span class='ocrx_word' id='word_1_882' title='bbox 1920 4563 1986 4602; x_wconf 88' lang='lat' dir='ltr'><strong>ex</strong></span> <span class='ocrx_word' id='word_1_883' title='bbox 2014 4545 2345 4615; x_wconf 88' lang='lat' dir='ltr'><strong>peccantium</strong></span> <span class='ocrx_word' id='word_1_884' title='bbox 2374 4544 2533 4598; x_wconf 86' lang='lat' dir='ltr'><strong>etiam</strong></span> <span class='ocrx_word' id='word_1_885' title='bbox 2562 4542 2740 4597; x_wconf 84' lang='lat' dir='ltr'><strong>animo</strong></span> <span class='ocrx_word' id='word_1_886' title='bbox 2764 4551 2922 4613; x_wconf 90' lang='lat' dir='ltr'><strong>atque</strong></span> <span class='ocrx_word' id='word_1_887' title='bbox 2950 4542 3227 4601; x_wconf 70' lang='lat' dir='ltr'><strong>affectione</strong></span> <span class='ocrx_word' id='word_1_888' title='bbox 3258 4546 3499 4604; x_wconf 83' lang='lat' dir='ltr'><strong>indicen-</strong></span> 
     </span>
    </p>
   </div>
   <div class='ocr_carea' id='block_1_108' title="bbox 1920 4633 3499 4708">
    <p class='ocr_par' dir='ltr' id='par_1_108' title="bbox 1920 4633 3499 4708">
     <span class='ocr_line' id='line_1_108' title="bbox 1920 4633 3499 4708; baseline 0 -13"><span class='ocrx_word' id='word_1_889' title='bbox 1920 4641 2041 4695; x_wconf 90' lang='lat' dir='ltr'><strong>dam</strong></span> <span class='ocrx_word' id='word_1_890' title='bbox 2071 4654 2191 4694; x_wconf 88' lang='lat' dir='ltr'><strong>esse</strong></span> <span class='ocrx_word' id='word_1_891' title='bbox 2217 4635 2605 4707; x_wconf 68' lang='lat' dir='ltr'><strong>paenitentiam,</strong></span> <span class='ocrx_word' id='word_1_892' title='bbox 2638 4643 2695 4688; x_wconf 93' lang='lat' dir='ltr'><strong>ut</strong></span> <span class='ocrx_word' id='word_1_893' title='bbox 2724 4643 2833 4687; x_wconf 91' lang='lat' dir='ltr'><strong>tum</strong></span> <span class='ocrx_word' id='word_1_894' title='bbox 2867 4633 2989 4689; x_wconf 91' lang='lat' dir='ltr'><strong>fecit</strong></span> <span class='ocrx_word' id='word_1_895' title='bbox 3020 4636 3326 4704; x_wconf 83' lang='lat' dir='ltr'><strong>Apostolus,</strong></span> <span class='ocrx_word' id='word_1_896' title='bbox 3354 4641 3499 4708; x_wconf 85' lang='lat' dir='ltr'><strong>quod</strong></span> 
     </span>
    </p>
   </div>
   <div class='ocr_carea' id='block_1_109' title="bbox 1923 4724 3498 4799">
    <p class='ocr_par' dir='ltr' id='par_1_109' title="bbox 1923 4724 3498 4799">
     <span class='ocr_line' id='line_1_109' title="bbox 1923 4724 3498 4799; baseline 0 -14"><span class='ocrx_word' id='word_1_897' title='bbox 1923 4732 2088 4799; x_wconf 88' lang='lat' dir='ltr'><strong>ipsius</strong></span> <span class='ocrx_word' id='word_1_898' title='bbox 2118 4728 2534 4783; x_wconf 90' lang='lat' dir='ltr'><strong>imbecillitatem</strong></span> <span class='ocrx_word' id='word_1_899' title='bbox 2564 4725 2958 4779; x_wconf 85' lang='lat' dir='ltr'><strong>extimesceret.</strong></span> <span class='ocrx_word' id='word_1_900' title='bbox 3003 4724 3235 4795; x_wconf 86' lang='lat' dir='ltr'><strong>Ideoque</strong></span> <span class='ocrx_word' id='word_1_901' title='bbox 3262 4727 3498 4797; x_wconf 87' lang='lat' dir='ltr'><strong>dicebat,</strong></span> 
     </span>
    </p>
   </div>
   <div class='ocr_carea' id='block_1_110' title="bbox 1924 4814 3501 4889">
    <p class='ocr_par' dir='ltr' id='par_1_110' title="bbox 1924 4814 3501 4889">
     <span class='ocr_line' id='line_1_110' title="bbox 1924 4814 3501 4889; baseline -0.006 -13"><span class='ocrx_word' id='word_1_902' title='bbox 1924 4823 2005 4876; x_wconf 87' lang='lat' dir='ltr'><strong>Ne</strong></span> <span class='ocrx_word' id='word_1_903' title='bbox 2033 4820 2356 4874; x_wconf 79' lang='lat' dir='ltr'><strong>absorbeatur</strong></span> <span class='ocrx_word' id='word_1_904' title='bbox 2380 4858 2393 4881; x_wconf 91' lang='lat'><strong>,</strong></span> <span class='ocrx_word' id='word_1_905' title='bbox 2418 4816 2563 4872; x_wconf 86' lang='lat' dir='ltr'><strong>velut</strong></span> <span class='ocrx_word' id='word_1_906' title='bbox 2583 4830 2613 4869; x_wconf 91' lang='lat' dir='ltr'><strong>a</strong></span> <span class='ocrx_word' id='word_1_907' title='bbox 2641 4815 2813 4870; x_wconf 89' lang='lat' dir='ltr'><strong>bellua</strong></span> <span class='ocrx_word' id='word_1_908' title='bbox 2839 4814 3091 4886; x_wconf 86' lang='lat' dir='ltr'><strong>quadam,</strong></span> <span class='ocrx_word' id='word_1_909' title='bbox 3119 4825 3279 4889; x_wconf 87' lang='lat' dir='ltr'><strong>atque</strong></span> <span class='ocrx_word' id='word_1_910' title='bbox 3307 4834 3338 4874; x_wconf 89' lang='lat' dir='ltr'><strong>a</strong></span> <span class='ocrx_word' id='word_1_911' title='bbox 3360 4828 3501 4877; x_wconf 86' lang='lat' dir='ltr'><strong>tem-</strong></span> 
     </span>
    </p>
   </div>
   <div class='ocr_carea' id='block_1_111' title="bbox 1923 4905 3497 4984">
    <p class='ocr_par' dir='ltr' id='par_1_111' title="bbox 1923 4905 3497 4984">
     <span class='ocr_line' id='line_1_111' title="bbox 1923 4905 3497 4984; baseline 0.002 -18"><span class='ocrx_word' id='word_1_912' title='bbox 1923 4920 2125 4984; x_wconf 89' lang='lat' dir='ltr'><strong>pestate</strong></span> <span class='ocrx_word' id='word_1_913' title='bbox 2150 4905 2219 4964; x_wconf 69' lang='lat' dir='ltr'><strong>ac~</strong></span> <span class='ocrx_word' id='word_1_914' title='bbox 2240 4908 2507 4979; x_wconf 91' lang='lat' dir='ltr'><strong>procellis.</strong></span> <span class='ocrx_word' id='word_1_915' title='bbox 2529 4907 2582 4963; x_wconf 91' lang='lat'><strong>8.</strong></span> <span class='ocrx_word' id='word_1_916' title='bbox 2612 4906 2834 4977; x_wconf 85' lang='lat' dir='ltr'><strong>Propter</strong></span> <span class='ocrx_word' id='word_1_917' title='bbox 2853 4907 2988 4977; x_wconf 82' lang='lat' dir='ltr'><strong>quod</strong></span> <span class='ocrx_word' id='word_1_918' title='bbox 3018 4908 3221 4964; x_wconf 86' lang='lat' dir='ltr'><strong>obsecro</strong></span> <span class='ocrx_word' id='word_1_919' title='bbox 3242 4927 3349 4966; x_wconf 75' lang='lat' dir='ltr'><strong>eos.</strong></span> <span class='ocrx_word' id='word_1_920' title='bbox 3378 4912 3497 4969; x_wconf 81' lang='lat' dir='ltr'><strong>Non</strong></span> 
     </span>
    </p>
   </div>
   <div class='ocr_carea' id='block_1_112' title="bbox 1920 4989 3498 5073">
    <p class='ocr_par' dir='ltr' id='par_1_112' title="bbox 1920 4989 3498 5073">
     <span class='ocr_line' id='line_1_112' title="bbox 1920 4989 3498 5073; baseline 0.003 -17"><span class='ocrx_word' id='word_1_921' title='bbox 1920 5005 2028 5073; x_wconf 90' lang='lat' dir='ltr'><strong>jam</strong></span> <span class='ocrx_word' id='word_1_922' title='bbox 2057 4989 2302 5070; x_wconf 87' lang='lat' dir='ltr'><strong>imperat,</strong></span> <span class='ocrx_word' id='word_1_923' title='bbox 2330 5000 2424 5056; x_wconf 91' lang='lat' dir='ltr'><strong>sed</strong></span> <span class='ocrx_word' id='word_1_924' title='bbox 2453 4999 2718 5065; x_wconf 88' lang='lat' dir='ltr'><strong>obsecrat,</strong></span> <span class='ocrx_word' id='word_1_925' title='bbox 2748 5015 2855 5054; x_wconf 94' lang='lat' dir='ltr'><strong>non</strong></span> <span class='ocrx_word' id='word_1_926' title='bbox 2884 5008 2939 5054; x_wconf 89' lang='lat' dir='ltr'><strong>ut</strong></span> <span class='ocrx_word' id='word_1_927' title='bbox 2966 5011 3281 5071; x_wconf 70' lang='lat' dir='ltr'><strong>praeceptor,</strong></span> <span class='ocrx_word' id='word_1_928' title='bbox 3302 5004 3405 5059; x_wconf 79' lang='lat' dir='ltr'><strong>sed</strong></span> <span class='ocrx_word' id='word_1_929' title='bbox 3435 5017 3498 5061; x_wconf 91' lang='lat' dir='ltr'><strong>ut</strong></span> 
     </span>
    </p>
   </div>
   <div class='ocr_carea' id='block_1_113' title="bbox 1922 5092 3501 5165">
    <p class='ocr_par' dir='ltr' id='par_1_113' title="bbox 1922 5092 3501 5165">
     <span class='ocr_line' id='line_1_113' title="bbox 1922 5092 3501 5165; baseline 0.002 -16"><span class='ocrx_word' id='word_1_930' title='bbox 1922 5095 2162 5165; x_wconf 77' lang='lat' dir='ltr'><strong>aequalis,</strong></span> <span class='ocrx_word' id='word_1_931' title='bbox 2218 5102 2377 5163; x_wconf 90' lang='lat' dir='ltr'><strong>atque</strong></span> <span class='ocrx_word' id='word_1_932' title='bbox 2425 5092 2530 5147; x_wconf 89' lang='lat' dir='ltr'><strong>illis</strong></span> <span class='ocrx_word' id='word_1_933' title='bbox 2575 5092 2628 5147; x_wconf 93' lang='lat' dir='ltr'><strong>in</strong></span> <span class='ocrx_word' id='word_1_934' title='bbox 2668 5092 2947 5163; x_wconf 88' lang='lat' dir='ltr'><strong>judiciaria</strong></span> <span class='ocrx_word' id='word_1_935' title='bbox 2999 5093 3127 5149; x_wconf 87' lang='lat' dir='ltr'><strong>sede</strong></span> <span class='ocrx_word' id='word_1_936' title='bbox 3176 5098 3501 5160; x_wconf 87' lang='lat' dir='ltr'><strong>constitutis,</strong></span> 
     </span>
    </p>
   </div>
   <div class='ocr_carea' id='block_1_114' title="bbox 1925 5182 3501 5255">
    <p class='ocr_par' dir='ltr' id='par_1_114' title="bbox 1925 5182 3501 5255">
     <span class='ocr_line' id='line_1_114' title="bbox 1925 5182 3501 5255; baseline 0.001 -16"><span class='ocrx_word' id='word_1_937' title='bbox 1925 5186 2039 5255; x_wconf 86' lang='lat' dir='ltr'><strong>ipse</strong></span> <span class='ocrx_word' id='word_1_938' title='bbox 2067 5186 2118 5239; x_wconf 89' lang='lat' dir='ltr'><strong>in</strong></span> <span class='ocrx_word' id='word_1_939' title='bbox 2150 5184 2357 5255; x_wconf 88' lang='lat' dir='ltr'><strong>patroni</strong></span> <span class='ocrx_word' id='word_1_940' title='bbox 2385 5182 2516 5238; x_wconf 74' lang='lat' dir='ltr'><strong>luco.</strong></span> <span class='ocrx_word' id='word_1_941' title='bbox 2534 5191 2694 5254; x_wconf 89' lang='lat' dir='ltr'><strong>atque</strong></span> <span class='ocrx_word' id='word_1_942' title='bbox 2722 5182 2911 5239; x_wconf 85' lang='lat' dir='ltr'><strong>ordine</strong></span> <span class='ocrx_word' id='word_1_943' title='bbox 2939 5197 2997 5236; x_wconf 84' lang='lat' dir='ltr'><strong>se</strong></span> <span class='ocrx_word' id='word_1_944' title='bbox 3026 5184 3327 5239; x_wconf 88' lang='lat' dir='ltr'><strong>collocavit.</strong></span> <span class='ocrx_word' id='word_1_945' title='bbox 3351 5186 3501 5254; x_wconf 69' lang='lat' dir='ltr'><strong>Quo.</strong></span> 
     </span>
    </p>
   </div>
   <div class='ocr_carea' id='block_1_115' title="bbox 1926 5257 3497 5344">
    <p class='ocr_par' dir='ltr' id='par_1_115' title="bbox 1926 5257 3497 5344">
     <span class='ocr_line' id='line_1_115' title="bbox 1926 5257 3497 5344; baseline 0.001 -13"><span class='ocrx_word' id='word_1_946' title='bbox 1926 5278 2069 5332; x_wconf 89' lang='lat' dir='ltr'><strong>niam</strong></span> <span class='ocrx_word' id='word_1_947' title='bbox 2094 5276 2237 5331; x_wconf 90' lang='lat' dir='ltr'><strong>enim</strong></span> <span class='ocrx_word' id='word_1_948' title='bbox 2266 5274 2317 5329; x_wconf 92' lang='lat' dir='ltr'><strong>id</strong></span> <span class='ocrx_word' id='word_1_949' title='bbox 2344 5314 2360 5341; x_wconf 92' lang='lat'><strong>,</strong></span> <span class='ocrx_word' id='word_1_950' title='bbox 2391 5273 2534 5343; x_wconf 88' lang='lat' dir='ltr'><strong>quod</strong></span> <span class='ocrx_word' id='word_1_951' title='bbox 2564 5273 2617 5327; x_wconf 91' lang='lat' dir='ltr'><strong>in</strong></span> <span class='ocrx_word' id='word_1_952' title='bbox 2644 5257 2822 5337; x_wconf 85' lang='lat' dir='ltr'><strong>animo</strong></span> <span class='ocrx_word' id='word_1_953' title='bbox 2850 5271 3120 5338; x_wconf 87' lang='lat' dir='ltr'><strong>habebat,</strong></span> <span class='ocrx_word' id='word_1_954' title='bbox 3153 5273 3497 5344; x_wconf 77' lang='lat' dir='ltr'><strong>coniecerat,</strong></span> 
     </span>
    </p>
   </div>
   <div class='ocr_carea' id='block_1_116' title="bbox 1926 5364 3506 5441">
    <p class='ocr_par' dir='ltr' id='par_1_116' title="bbox 1926 5364 3506 5441">
     <span class='ocr_line' id='line_1_116' title="bbox 1926 5364 3506 5441; baseline -0.001 -17"><span class='ocrx_word' id='word_1_955' title='bbox 1926 5385 2035 5441; x_wconf 72' lang='lat' dir='ltr'><strong>pra:</strong></span> <span class='ocrx_word' id='word_1_956' title='bbox 2056 5368 2247 5439; x_wconf 85' lang='lat' dir='ltr'><strong>gaudio</strong></span> <span class='ocrx_word' id='word_1_957' title='bbox 2264 5369 2372 5436; x_wconf 87' lang='lat' dir='ltr'><strong>jam</strong></span> <span class='ocrx_word' id='word_1_958' title='bbox 2400 5365 2617 5425; x_wconf 89' lang='lat' dir='ltr'><strong>modum</strong></span> <span class='ocrx_word' id='word_1_959' title='bbox 2641 5365 2691 5419; x_wconf 87' lang='lat' dir='ltr'><strong>in</strong></span> <span class='ocrx_word' id='word_1_960' title='bbox 2712 5364 3059 5432; x_wconf 87' lang='lat' dir='ltr'><strong>supplicando</strong></span> <span class='ocrx_word' id='word_1_961' title='bbox 3083 5367 3315 5423; x_wconf 89' lang='lat' dir='ltr'><strong>excedit.</strong></span> <span class='ocrx_word' id='word_1_962' title='bbox 3334 5369 3506 5438; x_wconf 82' lang='lat' dir='ltr'><strong>Quid-</strong></span> 
     </span>
    </p>
   </div>
   <div class='ocr_carea' id='block_1_117' title="bbox 1928 5456 3504 5528">
    <p class='ocr_par' dir='ltr' id='par_1_117' title="bbox 1928 5456 3504 5528">
     <span class='ocr_line' id='line_1_117' title="bbox 1928 5456 3504 5528; baseline 0.002 -12"><span class='ocrx_word' id='word_1_963' title='bbox 1928 5477 2049 5517; x_wconf 88' lang='lat' dir='ltr'><strong>nam</strong></span> <span class='ocrx_word' id='word_1_964' title='bbox 2079 5470 2179 5523; x_wconf 84' lang='lat' dir='ltr'><strong>est,</strong></span> <span class='ocrx_word' id='word_1_965' title='bbox 2208 5472 2412 5528; x_wconf 64' lang='lat' dir='ltr'><strong>quaeso,</strong></span> <span class='ocrx_word' id='word_1_966' title='bbox 2437 5457 2505 5512; x_wconf 91' lang='lat' dir='ltr'><strong>de</strong></span> <span class='ocrx_word' id='word_1_967' title='bbox 2535 5471 2640 5527; x_wconf 91' lang='lat' dir='ltr'><strong>quo</strong></span> <span class='ocrx_word' id='word_1_968' title='bbox 2662 5456 2950 5511; x_wconf 77' lang='lat' dir='ltr'><strong>obsecras?</strong></span> <span class='ocrx_word' id='word_1_969' title='bbox 2982 5456 3053 5512; x_wconf 83' lang='lat' dir='ltr'><strong>(It</strong></span> <span class='ocrx_word' id='word_1_970' title='bbox 3074 5459 3283 5527; x_wconf 73' lang='lat' dir='ltr'><strong>ﬁrmatis</strong></span> <span class='ocrx_word' id='word_1_971' title='bbox 3314 5464 3365 5516; x_wconf 86' lang='lat' dir='ltr'><strong>in</strong></span> <span class='ocrx_word' id='word_1_972' title='bbox 3388 5479 3504 5519; x_wconf 78' lang='lat' dir='ltr'><strong>sum</strong></span> 
     </span>
    </p>
   </div>
   <div class='ocr_carea' id='block_1_118' title="bbox 1928 5546 3510 5616">
    <p class='ocr_par' dir='ltr' id='par_1_118' title="bbox 1928 5546 3510 5616">
     <span class='ocr_line' id='line_1_118' title="bbox 1928 5546 3510 5616; baseline 0.002 -8"><span class='ocrx_word' id='word_1_973' title='bbox 1928 5558 2204 5608; x_wconf 83' lang='lat' dir='ltr'><strong>caritatem.</strong></span> <span class='ocrx_word' id='word_1_974' title='bbox 2250 5551 2361 5606; x_wconf 92' lang='lat' dir='ltr'><strong>lloc</strong></span> <span class='ocrx_word' id='word_1_975' title='bbox 2400 5559 2505 5616; x_wconf 89' lang='lat' dir='ltr'><strong>est,</strong></span> <span class='ocrx_word' id='word_1_976' title='bbox 2547 5546 2952 5616; x_wconf 80' lang='lat' dir='ltr'><strong>constabilistis,</strong></span> <span class='ocrx_word' id='word_1_977' title='bbox 2980 5558 3099 5606; x_wconf 86' lang='lat' dir='ltr'><strong>nec</strong></span> <span class='ocrx_word' id='word_1_978' title='bbox 3148 5567 3269 5607; x_wconf 90' lang='lat' dir='ltr'><strong>eum</strong></span> <span class='ocrx_word' id='word_1_979' title='bbox 3320 5553 3510 5611; x_wconf 77' lang='lat' dir='ltr'><strong>leviter</strong></span> 
     </span>
    </p>
   </div>
   <div class='ocr_carea' id='block_1_119' title="bbox 1930 5639 3508 5715">
    <p class='ocr_par' dir='ltr' id='par_1_119' title="bbox 1930 5639 3508 5715">
     <span class='ocr_line' id='line_1_119' title="bbox 1930 5639 3508 5715; baseline 0.001 -16"><span class='ocrx_word' id='word_1_980' title='bbox 1930 5660 1993 5699; x_wconf 91' lang='lat' dir='ltr'><strong>ac</strong></span> <span class='ocrx_word' id='word_1_981' title='bbox 2049 5642 2254 5715; x_wconf 83' lang='lat' dir='ltr'><strong>vulgari</strong></span> <span class='ocrx_word' id='word_1_982' title='bbox 2296 5641 2456 5696; x_wconf 89' lang='lat' dir='ltr'><strong>modo</strong></span> <span class='ocrx_word' id='word_1_983' title='bbox 2497 5639 2819 5710; x_wconf 88' lang='lat' dir='ltr'><strong>suscipiatis.</strong></span> <span class='ocrx_word' id='word_1_984' title='bbox 2861 5640 3068 5708; x_wconf 85' lang='lat' dir='ltr'><strong>Quibus</strong></span> <span class='ocrx_word' id='word_1_985' title='bbox 3114 5643 3285 5702; x_wconf 73' lang='lat' dir='ltr'><strong>etiam</strong></span> <span class='ocrx_word' id='word_1_986' title='bbox 3330 5644 3508 5701; x_wconf 79' lang='lat' dir='ltr'><strong>verbis</strong></span> 
     </span>
    </p>
   </div>
   <div class='ocr_carea' id='block_1_120' title="bbox 1932 5730 3509 5806">
    <p class='ocr_par' dir='ltr' id='par_1_120' title="bbox 1932 5730 3509 5806">
     <span class='ocr_line' id='line_1_120' title="bbox 1932 5730 3509 5806; baseline 0.001 -15"><span class='ocrx_word' id='word_1_987' title='bbox 1932 5750 2157 5791; x_wconf 62' lang='lat' dir='ltr'><strong>summa:</strong></span> <span class='ocrx_word' id='word_1_988' title='bbox 2183 5734 2395 5788; x_wconf 82' lang='lat' dir='ltr'><strong>virtutis</strong></span> <span class='ocrx_word' id='word_1_989' title='bbox 2436 5730 2799 5786; x_wconf 82' lang='lat' dir='ltr'><strong>testimonium</strong></span> <span class='ocrx_word' id='word_1_990' title='bbox 2824 5731 2953 5802; x_wconf 87' lang='lat' dir='ltr'><strong>ipsis</strong></span> <span class='ocrx_word' id='word_1_991' title='bbox 2981 5733 3247 5789; x_wconf 85' lang='lat' dir='ltr'><strong>tribuebat</strong></span> <span class='ocrx_word' id='word_1_992' title='bbox 3271 5748 3284 5790; x_wconf 94' lang='lat'><strong>:</strong></span> <span class='ocrx_word' id='word_1_993' title='bbox 3313 5735 3361 5791; x_wconf 88' lang='lat' dir='ltr'><strong>si</strong></span> <span class='ocrx_word' id='word_1_994' title='bbox 3386 5737 3509 5806; x_wconf 87' lang='lat' dir='ltr'><strong>qui-</strong></span> 
     </span>
    </p>
   </div>
   <div class='ocr_carea' id='block_1_121' title="bbox 1936 5822 3509 5895">
    <p class='ocr_par' dir='ltr' id='par_1_121' title="bbox 1936 5822 3509 5895">
     <span class='ocr_line' id='line_1_121' title="bbox 1936 5822 3509 5895; baseline 0.003 -11"><span class='ocrx_word' id='word_1_995' title='bbox 1936 5827 2056 5886; x_wconf 86' lang='lat' dir='ltr'><strong>dem</strong></span> <span class='ocrx_word' id='word_1_996' title='bbox 2087 5827 2143 5890; x_wconf 86' lang='lat' dir='ltr'><strong>ii,</strong></span> <span class='ocrx_word' id='word_1_997' title='bbox 2173 5828 2259 5895; x_wconf 88' lang='lat' dir='ltr'><strong>qui</strong></span> <span class='ocrx_word' id='word_1_998' title='bbox 2292 5825 2560 5882; x_wconf 87' lang='lat' dir='ltr'><strong>hominem</strong></span> <span class='ocrx_word' id='word_1_999' title='bbox 2589 5824 2739 5881; x_wconf 88' lang='lat' dir='ltr'><strong>illum</strong></span> <span class='ocrx_word' id='word_1_1000' title='bbox 2789 5839 2955 5895; x_wconf 81' lang='lat' dir='ltr'><strong>usque</strong></span> <span class='ocrx_word' id='word_1_1001' title='bbox 2982 5822 3119 5881; x_wconf 86' lang='lat' dir='ltr'><strong>adeo</strong></span> <span class='ocrx_word' id='word_1_1002' title='bbox 3158 5827 3409 5887; x_wconf 87' lang='lat' dir='ltr'><strong>amabant</strong></span> <span class='ocrx_word' id='word_1_1003' title='bbox 3446 5845 3509 5887; x_wconf 85' lang='lat' dir='ltr'><strong>ac</strong></span> 
     </span>
    </p>
   </div>
   <div class='ocr_carea' id='block_1_122' title="bbox 3089 5924 3166 5984">
    <p class='ocr_par' dir='ltr' id='par_1_122' title="bbox 3089 5924 3166 5984">
     <span class='ocr_line' id='line_1_122' title="bbox 3089 5924 3166 5984; baseline 0 0"><span class='ocrx_word' id='word_1_1004' title='bbox 3089 5924 3166 5984; x_wconf 77' lang='lat'><strong>27</strong></span> 
     </span>
    </p>
   </div>
  </div>
