4028 6222
570 316 685 373 ἥὶῦ

572 429 884 493 tuebantur,
917 434 975 481 ut
1000 426 1163 482 etiam
1190 425 1383 492 animis
1421 425 1734 479 inﬂarentur
1757 463 1773 488 ,
1799 423 1933 479 adeo
1959 439 2144 478 rursus

468 518 471 519 ⁷
569 534 695 575 eum
723 517 953 573 aversati
992 515 1139 583 sint,
1171 526 1229 571 ut
1254 525 1532 586 tantopere
1585 514 1949 569 laborandum.
1978 513 2145 570 Paulo

570 608 751 674 fuerit,
783 617 839 661 ut
886 610 1161 661 caritatem
1206 604 1258 660 in
1298 620 1417 660 eum
1444 604 1735 660 lirmarent.
1767 604 1892 658 lltec
1914 602 2146 673 discipu-

570 701 778 763 lorum,
807 696 923 752 haec
950 695 1195 766 magistri
1224 695 1396 759 virtus
1418 703 1501 750 est
1531 712 1545 749 :
1572 695 1712 767 quod
1745 695 1821 749 illi
1843 702 1950 749 tam
1978 695 2145 751 mori-

567 801 724 856 geros
752 800 811 841 se
835 786 1129 856 praebeant,
1162 785 1251 842 hic
1269 794 1377 839 tam
1405 785 1660 855 praeclare
1685 784 1831 854 ipsos
1858 798 2145 854 componat

562 893 631 940 ac
656 877 983 933 moderetur.
1025 878 1141 933 lloc
1166 877 1212 932 si
1257 891 1401 932 nunc
1435 891 1648 947 quoque
1676 875 1828 931 ﬁeret
1851 917 1869 945 ,
1900 877 1989 946 qui
2017 890 2143 946 pec-

566 976 711 1036 cant,
759 968 901 1026 haud
942 969 1060 1025 sine
1103 984 1264 1025 sensu
1304 978 1604 1040 peccarent.
1634 968 1745 1026 Nec
1770 970 1911 1027 enim
1942 977 2144 1023 temere

569 1076 751 1117 amare
775 1069 1009 1132 oportet,
1039 1076 1139 1117 nec
1163 1061 1280 1116 sine
1307 1062 1514 1117 ratione
1552 1062 1810 1117 aversari.
1848 1060 1903 1117 9.
1932 1058 2000 1113 In
2048 1061 2143 1113 hoc

570 1156 703 1207 enim
734 1155 886 1208 etiam
910 1154 1091 1224 scripsi
1117 1153 1250 1207 vobis
1271 1194 1287 1218 ,
1319 1164 1374 1208 ut
1416 1169 1712 1224 cognoscam
1750 1153 2144 1223 experimentum

567 1253 783 1298 uestrum
807 1286 822 1310 ,
852 1260 919 1299 an
947 1244 1000 1298 in
1024 1242 1255 1298 omnibus
1282 1243 1565 1298 obedientes
1590 1243 1720 1297 sitis.
1752 1242 1864 1297 Hoc
1891 1249 2006 1306 est,
2034 1255 2139 1295 non

566 1334 727 1391 modo
744 1335 803 1389 in
826 1334 1168 1404 arnputando,
1204 1331 1297 1388 sed
1319 1332 1480 1386 etiam
1511 1333 1567 1386 in
1592 1330 1949 1401 adjungendo.
1979 1328 2141 1383 Vides

565 1442 799 1496 quonam
826 1436 987 1496 pacto
1032 1425 1120 1479 hie
1148 1438 1360 1494 quoque
1396 1437 1582 1477 rursus
1620 1431 1820 1477 metum
1853 1417 2139 1475 immittat?

566 1516 634 1575 Ut
652 1517 798 1590 etrim
840 1531 965 1572 cum
991 1515 1080 1571 ille
1116 1522 1426 1583 peccasset,
1460 1522 1720 1568 terrorem
1753 1511 1884 1582 ipsis
1912 1510 2135 1582 injecit,

563 1608 665 1667 nisi
705 1619 828 1665 eum
860 1605 1262 1669 .abscinderent,
1291 1604 1478 1659 dicens
1500 1645 1516 1672 ,
1551 1602 1808 1674 Exiguum
1837 1605 2137 1667 fermentum

561 1707 717 1756 totum
742 1713 962 1753 massam
986 1696 1260 1766 corrumpit
1280 1694 1327 1767 (l
1344 1735 1357 1749 .
1379 1694 1499 1751 Cor.
1523 1696 1575 1750 5.
1595 1694 1652 1762 6)
1673 1735 1688 1761 ,
1711 1695 1921 1764 aliaque
1946 1693 2134 1762 plura:

560 1790 747 1845 eodem
774 1789 862 1846 hic
886 1803 1099 1859 quoque
1127 1786 1287 1843 modo
1312 1785 1691 1842 inobedientiaa
1719 1794 1916 1840 metum
1945 1783 2133 1838 iisdem

559 1880 757 1949 injicit,
786 1879 870 1935 his
900 1880 1010 1934 fere
1038 1877 1217 1934 verbis
1260 1885 1414 1932 utens
1456 1893 1473 1935 :
1505 1875 1571 1931 Ut
1601 1884 1727 1930 tunc
1774 1888 1879 1928 non
1918 1888 2014 1943 pro
2043 1872 2135 1928 illo

558 1978 781 2034 tantum,
823 1968 920 2025 sed
945 1969 1106 2025 etiam
1137 1981 1236 2038 pro
1266 1966 1440 2031 vobis,
1487 1966 1565 2020 sic
1598 1978 1738 2019 nunc
1772 1977 1983 2033 quoque
2025 1977 2133 2019 non

554 2060 723 2130 magis
746 2060 888 2115 illius
916 2100 933 2124 ,
963 2072 1122 2129 quam
1174 2065 1349 2111 vestra
1379 2068 1538 2110 causa
1563 2052 1845 2109 consilium
1868 2053 2019 2108 vobis
2043 2067 2133 2108 ca-

555 2151 810 2221 piendum
834 2158 953 2217 est,
984 2164 1052 2204 ne
1077 2149 1382 2219 pervicaces
1406 2158 1568 2217 atque
1597 2145 1871 2201 inhumani
1897 2160 2018 2201 esse
2044 2146 2125 2201 vi-

551 2241 802 2304 deamini,
828 2255 928 2295 nec
959 2240 1014 2294 in
1038 2238 1285 2294 omnibus
1312 2237 1642 2293 obedientes.
1674 2237 1752 2291 Ac
1780 2236 2005 2307 proinde
2030 2236 2127 2302 ait,

550 2330 618 2385 In
643 2332 737 2385 Itoc
767 2331 899 2384 enim
924 2330 1077 2384 etiam
1102 2329 1283 2397 scripsi
1320 2327 1476 2391 vobis,
1519 2337 1573 2381 ut
1602 2329 2128 2398 cognoscamexperi-

548 2429 773 2476 ruentum
828 2427 1046 2474 uestrum
1069 2460 1089 2486 ,
1138 2434 1207 2472 an
1259 2418 1314 2471 in
1363 2415 1591 2471 omnibus
1653 2416 1936 2471 obedientes
1992 2418 2123 2471 sitis.

548 2514 757 2569 Etenim
801 2510 931 2567 illud
974 2510 1187 2566 invidiae
1233 2508 1458 2565 fortasse
1483 2523 1546 2563 ac
1572 2508 1756 2563 livoris
1801 2522 1921 2564 esse
1958 2508 2123 2563 videri

544 2607 850 2676 potuisset;
882 2602 986 2659 hoc
1009 2610 1187 2657 autem
1217 2616 1401 2672 puram
1432 2601 1484 2655 in
1531 2600 1718 2669 primis
1753 2612 1817 2654 ac
1859 2598 2121 2653 sinceram

543 2694 905 2752 obedientiam
949 2692 1223 2758 ostendit,
1270 2699 1325 2746 et
1356 2707 1425 2745 au
1452 2688 1520 2745 ad
1549 2689 1899 2745 humanitatis
1946 2687 2122 2745 officia

541 2784 719 2842 idonei
754 2785 893 2839 sitis.

609 2876 989 2947 Discipulorum
1020 2873 1260 2945 otﬁcirun.
1304 2902 1374 2914 —
1406 2873 1519 2929 Hoc
1548 2873 1697 2929 enim
1721 2872 2010 2943 proborum
2037 2872 2120 2928 di-

539 2970 866 3041 scipulorum
893 2977 999 3034 est,
1038 2982 1234 3037 nempe
1255 2982 1361 3022 non
1390 2966 1550 3021 modo
1578 2968 1689 3032 illa,
1721 2966 1817 3020 sed
1850 2968 2118 3023 contraria

492 3036 504 3050 ⁶
536 3036 750 3132 quoque
770 3058 1053 3129 imperanti
1081 3036 1474 3126 obtemperare.
1496 3056 1620 3111 ldeo
1644 3055 1798 3120 dixit,
1825 3056 1906 3109 Ad
1924 3056 2112 3111 omnia.

536 3152 742 3219 Quibus
764 3150 948 3205 Verbis
973 3148 1229 3212 ostendit,
1264 3149 1365 3203 nisi
1388 3147 1642 3203 obediant
1670 3188 1685 3216 ,
1715 3148 1768 3203 id
1797 3165 1904 3205 non
1935 3158 2040 3204 tam
2067 3151 2117 3205 ei

535 3258 699 3315 quam
722 3242 825 3299 sibi
852 3241 981 3312 ipsis
1013 3242 1209 3311 probro
1234 3255 1299 3295 ac
1338 3239 1589 3296 dedecori
1627 3241 1761 3309 fore,
1791 3250 1848 3295 ut
1877 3241 1971 3311 qui
1998 3256 2117 3311 per-

534 3333 753 3387 vicacia:
795 3331 1100 3401 opinionem
1128 3330 1408 3385 collecturi
1438 3329 1565 3383 sint.
1600 3329 1713 3383 Hoc
1752 3340 1930 3385 autem
1963 3330 2109 3397 facit,

533 3432 591 3477 ut
621 3423 742 3477 hinc
770 3436 985 3493 quoque
1021 3421 1169 3491 ipsos
1199 3420 1266 3473 ad
1308 3418 1603 3490 parendum
1633 3418 1871 3489 impellat
1915 3436 1928 3474 :
1971 3421 2115 3475 unde

532 3516 693 3568 etiam
717 3513 812 3578 ait,
840 3510 906 3565 In
935 3511 1029 3564 hoc
1054 3510 1185 3564 enim
1210 3518 1256 3563 et
1280 3509 1458 3579 scripsi
1485 3509 1643 3562 vobis.
1664 3508 1845 3579 Neque
1869 3510 2011 3564 enim
2043 3511 2113 3567 ob

531 3619 650 3659 eam
672 3617 885 3658 causam
914 3601 1153 3671 scripsit,
1181 3599 1277 3654 sed
1306 3599 1409 3655 hoc
1437 3599 1637 3655 idcirco
1657 3600 1811 3668 dixit,
1841 3607 1900 3656 ut
1924 3616 2111 3657 eorum

526 3697 738 3771 animos
762 3694 1040 3765 pelliceret
1070 3708 1084 3745 :
1144 3692 1291 3762 quod
1334 3693 1475 3747 enim
1509 3692 1779 3762 prmcipue
1827 3693 2106 3762 agebatur,

530 3796 647 3842 erat
673 3787 814 3841 illius
830 3786 996 3851 salus,
1021 3785 1108 3855 qui
1132 3793 1403 3855 peccarat.
1420 3784 1619 3840 Verum
1638 3785 1725 3839 ubi
1754 3786 1888 3840 nihil
1903 3787 2106 3851 damni,

528 3881 655 3950 ipsis
690 3881 849 3934 etiam
885 3878 1229 3949 gratiﬁcatur.
1278 3877 1380 3932 Per
1425 3876 1540 3930 haec
1578 3885 1755 3930 autem
1794 3876 1957 3931 verba
1979 3918 1995 3942 ,
2030 3878 2109 3931 Ad

528 3974 717 4037 auida,
739 3984 928 4025 rursus
953 3982 1049 4023 eos
1071 3966 1273 4030 laudat,
1306 3967 1586 4036 pristinam
1616 3980 1803 4021 eorum
1839 3965 2101 4033 obedien-

530 4064 656 4115 tiam
705 4071 1157 4123 commemorans,
1211 4066 1374 4125 atque
1427 4057 1480 4111 in
1528 4055 1761 4110 medium
1813 4056 2102 4114 adducens.

527 4152 613 4206 10.
638 4150 730 4205 Cui
746 4155 913 4220 autem
931 4147 1124 4218 aliquid
1145 4146 1349 4201 donatis
1373 4188 1387 4213 ,
1412 4156 1459 4202 et
1487 4162 1597 4217 ego.
1619 4146 1782 4201 Vides
1809 4162 1915 4216 quo
1946 4158 2104 4217 pacto

529 4256 713 4297 rursus
758 4239 1085 4310 posteriores
1122 4237 1223 4292 sibi
1253 4237 1471 4304 tribuit,
1502 4236 1623 4292 illos
1661 4237 1911 4292 videlicet
1939 4237 2105 4293 duces

523 4340 683 4399 atque
728 4328 1005 4397 auspices,
1044 4341 1103 4380 se
1136 4341 1268 4381 vero
1309 4327 1560 4380 comitem
1602 4325 1884 4380 dumtaxat
1918 4337 2103 4381 osten-

523 4417 699 4474 dens?
725 4416 815 4473 Sic
854 4416 1104 4470 nimirum
1149 4415 1501 4470 exacerbatus
1541 4414 1751 4469 animus
1798 4416 2101 4486 mitigatur,

526 4513 605 4567 sic
626 4510 793 4566 durus
820 4522 884 4564 ac
931 4508 1172 4579 pertinax
1205 4506 1499 4562 emollitur.
1538 4506 1728 4562 Postea
1762 4522 1831 4562 ne
1879 4510 2103 4579 supinos

527 4617 619 4658 eos
646 4601 853 4665 reddat,
883 4609 939 4655 ut
968 4612 1133 4669 penes
1176 4613 1310 4668 quos
1358 4598 1556 4668 negotii
1588 4612 1797 4652 summa
1818 4598 1927 4666 sit,
1955 4609 2008 4654 et
2034 4615 2105 4654 ne

525 4694 674 4748 illum
703 4693 925 4746 missmn
953 4689 1168 4757 faciant,
1198 4690 1266 4744 ad
1289 4690 1388 4743 hoc
1421 4690 1566 4758 ipsos
1592 4689 1837 4760 impellit,
1870 4688 1997 4744 dum
2028 4694 2103 4746 ait

526 4799 587 4839 se
612 4798 820 4851 quoque
838 4783 913 4836 illi
932 4781 1289 4836 condonasse.
1324 4780 1463 4833 Nam
1488 4790 1533 4835 et
1559 4797 1650 4852 ego
1673 4781 1718 4834 si
1744 4781 1869 4850 quid
1896 4781 2099 4849 donavi,

525 4872 659 4941 quod
679 4872 885 4936 donavi,
910 4880 1115 4940 propter
1139 4887 1246 4924 vos.
1274 4869 1415 4935 Quin
1442 4870 1544 4924 hoc
1569 4886 1780 4941 quoque
1810 4872 1984 4942 ipsum
2011 4888 2103 4929 ve-

528 4975 639 5019 stra
663 4977 824 5019 causa
856 4960 982 5027 feci,
1009 4960 1200 5030 inquit.
1230 4960 1298 5014 Et
1326 4961 1487 5025 sicut,
1515 4976 1637 5017 cum
1664 4964 1813 5017 illum
1838 4966 2100 5034 amputari

521 5056 743 5126 iubebat
766 5096 781 5120 ,
812 5068 911 5108 nec
938 5052 988 5107 ei
1018 5050 1326 5121 indulgendi
1359 5050 1639 5105 arbitrium
1669 5054 1797 5123 ipsis
1828 5056 2096 5125 permisit,

525 5148 728 5212 dicens,
767 5146 888 5200 1am
910 5145 1135 5216 judicasi
1166 5144 1366 5198 tradere
1392 5144 1685 5214 hujusmodi
1733 5147 1984 5201 hominem
2012 5166 2104 5203 sa-

523 5248 661 5290 tanta
686 5236 774 5307 (ι.
806 5238 926 5292 Cor.
950 5238 1003 5291 5.
1030 5238 1122 5307 5),
1151 5250 1214 5291 ac
1252 5249 1443 5291 rursus
1470 5243 1645 5289 tamen
1673 5250 1769 5291 eos
1812 5242 2097 5297 sententire

528 5327 705 5381 socios
731 5326 939 5390 ascivit,
968 5342 1090 5382 cum
1123 5327 1345 5394 diceret,
1379 5325 1709 5398 Congregatis
1739 5328 1875 5383 vobis
1904 5331 2116 5397 tradere,

528 5434 643 5472 eum
671 5433 689 5471 :
715 5417 849 5471 duas
876 5417 1122 5472 videlicet
1149 5434 1237 5475 res
1254 5434 1377 5474 max
1392 5419 1524 5473 imas
1546 5428 1761 5473 struens
1779 5459 1795 5483 ,
1826 5434 2023 5489 nemrte
2046 5430 2103 5474 ut

523 5516 579 5561 et
603 5508 866 5565 sententia
897 5506 1144 5573 ferretur,
1173 5518 1229 5564 et
1258 5521 1436 5565 tamen
1469 5522 1577 5564 non
1606 5508 1721 5562 sine
1747 5507 1871 5571 illis,
1904 5524 1971 5562 ne
2003 5508 2102 5562 hac

524 5600 731 5654 ratione
768 5613 865 5654 eos
902 5599 1101 5655 laedere
1142 5599 1443 5663 videretur;
1473 5617 1536 5655 ac
1568 5615 1740 5671 neque
1790 5600 1940 5654 solus
1979 5615 2096 5654 eam

523 5688 845 5759 proferebat,
873 5706 940 5748 ne
969 5692 1043 5749 illi
1071 5707 1194 5749 eum
1224 5702 1557 5765 arrogantem
1586 5707 1728 5762 esse,
1759 5705 1820 5746 ac
1850 5704 1908 5745 se
1938 5680 2003 5745 ab
2029 5704 2093 5746 eo

1291 312 1347 369 8.
1386 312 1660 370 JOANNIS
1693 312 2161 371 CllRYSiBTOMI
2198 313 2515 371 ARCHIEP.
2554 315 3082 377 CONSTANTINOP.

3721 326 3809 383 124

2248 426 2517 481 contemni
2533 427 2840 497 judicarent
2858 445 2888 496 ;.
2902 445 3003 487 nec
3029 446 3216 488 rursus
3243 448 3359 489 rem
3390 442 3559 491 totam
3590 436 3804 507 ipsorum

2252 514 2477 571 arbitrio
2502 518 2871 585 committebat
2893 561 2908 586 ,
2936 537 3006 577 ne
3036 531 3252 593 accepta
3295 524 3519 596 hujusce
3553 528 3631 583 rei
3676 539 3804 599 pote-
3858 560 3867 561 ί

2251 613 2390 659 state
2436 607 2728 675 proderent
2753 624 2877 665 eum
2908 611 2999 681 qui
3022 623 3365 682 peccaverat,
3397 614 3804 687 intempestivam

2251 708 2378 765 erga
2400 695 2574 765 ipsum
2606 698 2989 770 indulgentiam
3005 701 3319 761 adhibentes
3350 723 3363 759 :
3396 707 3468 761 ita
3495 708 3583 763 hic
3606 723 3801 780 quoque

2249 782 2397 852 facit,
2425 787 2611 844 dicens
2640 806 2655 845 :
2686 789 2799 860 Ego
2820 791 2933 861 jam
2955 793 3279 862 condonavi,
3304 797 3397 867 qui
3427 800 3480 852 in
3507 799 3683 868 priore
3710 800 3806 869 epi-

2248 875 2384 930 stola
2416 876 2528 947 jam
2556 879 2999 939 condemnaram.
3044 883 3247 941 Deinde
3274 901 3361 951 ne,
3396 897 3663 959 tamquam
3688 903 3803 943 eon-

2248 966 2455 1035 tempti,
2478 969 2670 1023 animis
2698 968 3133 1039 ot'fenderentur,
3157 974 3268 1041 ait,
3299 974 3524 1047 Propter
3545 992 3652 1032 eos.
3684 979 3804 1044 Quid

2247 1051 2439 1121 igitur?
2454 1069 2522 1108 an
2534 1064 2602 1110 'ut
2622 1057 2690 1112 ab
2706 1057 3013 1117 hominibus
3027 1063 3250 1132 gratiam
3275 1064 3448 1131 iniret,
3466 1066 3565 1136 ipsi
3588 1068 3807 1137 ignarit?

2244 1144 2487 1201 Minime:
2505 1148 2729 1219 ideoque
2770 1151 2983 1221 adjecit,
3007 1152 3075 1207 In
3091 1172 3307 1225 persona
3322 1154 3529 1211 CItristi.
3556 1157 3689 1225 Quid
3713 1169 3803 1226 est,

2245 1233 2311 1288 In
2335 1253 2551 1306 persona
2578 1238 2806 1295 Christi?
2825 1242 2940 1298 Hoc
2968 1253 3075 1312 est,
3096 1245 3392 1302 secundum
3420 1247 3611 1314 Deum,
3639 1249 3719 1303 vel
3744 1248 3807 1303 ad

2243 1319 2437 1381 Christi
2465 1325 2710 1396 gloriam.
2732 1328 2816 1385 Ne
2834 1332 3284 1388 circumrens'amur
3304 1352 3336 1388 a
3362 1345 3540 1390 satana
3562 1353 3583 1391 :
3605 1338 3689 1393 ll.
3714 1354 3806 1393 non

2241 1414 2376 1467 enim
2414 1416 2706 1486 ignoramus
2743 1421 3072 1491 cogitationes
3105 1426 3239 1496 ejus.
3291 1424 3501 1490 Viden’,
3536 1434 3592 1481 ut
3634 1436 3689 1483 et
3712 1427 3807 1484 illis

2242 1513 2567 1576 potestatem
2589 1511 2848 1566 concedat
2874 1552 2889 1578 ,
2921 1523 2976 1569 et
3002 1515 3247 1571 eamdem
3273 1532 3459 1573 rursus
3484 1519 3679 1573 adimat
3710 1537 3723 1573 :
3756 1530 3809 1576 ut

2242 1596 2387 1653 illinc
2413 1598 2626 1668 quidem
2646 1614 2740 1655 eos
2769 1601 2978 1673 mitiget
3001 1618 3066 1659 ac
3087 1605 3349 1672 emolliat,
3376 1608 3502 1664 hinc
3527 1618 3703 1664 autem
3729 1624 3807 1665 θοσ

2240 1703 2358 1743 rum
2400 1692 2760 1761 arrogantiam
2801 1696 3083 1764 amputet?
3110 1696 3221 1753 Nec
3248 1713 3376 1755 vero
3413 1699 3466 1755 id
3510 1700 3682 1756 solum
3714 1701 3806 1755 hac

2239 1780 2362 1835 loco
2383 1781 2620 1848 molitur,
2640 1783 2735 1839 sed
2760 1783 2891 1840 illud
2920 1776 3154 1857 quoque,
3183 1796 3240 1842 ιιι
3257 1789 3509 1845 ostendat
3528 1805 3809 1846 commune

2238 1869 2621 1927 detrimentum
2651 1872 2765 1930 fore
2789 1915 2805 1942 ,
2840 1876 2887 1931 si
2936 1892 3042 1932 non
3085 1877 3392 1933 obedierint
3418 1896 3432 1934 :
3463 1881 3606 1951 quod
3652 1882 3805 1937 etiam

2237 1960 2289 2015 in
2320 1962 2587 2032 principio
2615 1962 2760 2019 fecit.
2792 1964 2924 2019 Nam
2956 1975 3066 2021 tum
3093 1967 3255 2022 etiam
3286 1967 3518 2031 dicebat,
3550 1968 3806 2023 Modicum

2233 2050 2535 2119 [amentum
2564 2061 2717 2107 totam
2746 2070 2965 2107 massam
3007 2057 3287 2126 corrumpit
3316 2056 3337 2127 (
3360 2057 3386 2111 1
3442 2055 3560 2111 Cor.
3618 2058 3672 2113 ε.
3702 2058 3733 2111 6
3752 2062 3804 2126 );

2233 2152 2285 2197 et
2316 2157 2501 2199 rursus
2526 2143 2633 2210 hic,
2665 2143 2733 2199 Ut
2755 2161 2854 2198 non
2881 2147 3332 2200 circumveniantur
3350 2163 3382 2200 a
3402 2157 3583 2201 satana
3606 2163 3625 2202 :
3653 2158 3809 2217 atque

2232 2234 2378 2289 illius
2397 2234 2486 2305 qui
2535 2246 2784 2305 peecarat
2824 2237 3213 2292 absolutionem
3251 2238 3446 2309 ubique
3486 2238 3590 2293 sibi
3621 2248 3673 2293 et
3703 2240 3807 2293 illis

2229 2334 2465 2395 arrogat.

2300 2416 2355 2471 5.
2380 2414 2578 2471 Verum
2605 2415 2767 2471 altius
2791 2430 2907 2472 rem
2935 2415 3219 2472 considera
3254 2434 3271 2472 :
3299 2416 3497 2489 Siquis
3544 2428 3709 2474 autem
3732 2436 3809 2473 me

2228 2507 2538 2562 contristavit
2556 2549 2572 2575 ,
2603 2506 2793 2578 inquit,
2825 2522 2927 2561 non
2952 2523 3031 2562 me
3055 2508 3364 2563 contristarit
3382 2546 3401 2573 ,
3434 2508 3522 2561 sed
3548 2524 3612 2563 ea:
3638 2521 3803 2579 parte,

2227 2607 2285 2651 ut
2307 2613 2408 2652 non
2442 2614 2641 2653 onerent
2667 2613 2841 2651 omnes
2876 2613 3003 2662 vos;
3031 2612 3095 2653 ac
3123 2597 3316 2654 deinde
3353 2613 3539 2654 rursus
3564 2642 3577 2665 ,
3613 2599 3809 2671 Suﬁcit

2226 2690 2273 2743 ei
2317 2690 2406 2760 qui
2454 2689 2701 2759 ejusmodi
2745 2698 2837 2757 est,
2887 2688 3171 2761 objurgatio
3219 2706 3300 2759 ea,
3352 2707 3465 2761 qua
3511 2691 3569 2759 ﬁt
3598 2708 3633 2745 a
3684 2694 3806 2763 plu-

2225 2780 2383 2835 ribus.
2437 2778 2551 2834 Hoc
2622 2779 2788 2849 ipsius
2838 2778 3117 2835 decretum
3176 2789 3260 2835 est
3302 2791 3467 2851 atque
3512 2784 3796 2837 sententia.

2223 2868 2332 2925 Nec
2361 2877 2537 2923 tamen
2567 2870 2622 2922 in
2650 2868 2751 2924 hoc
2776 2868 2994 2923 decreto
3029 2869 3290 2936 constitit,
3338 2870 3434 2925 sed
3464 2886 3677 2925 rursum
3702 2887 3799 2928 eos

2222 2974 2435 3032 quoque
2463 2959 2639 3014 socios
2664 2958 2919 3024 adhibet,
2950 2958 3136 3015 dicens
3169 2977 3184 3014 :
3216 2957 3283 3016 Ut
3312 2976 3339 3015 e
3361 2961 3618 3014 contrario
3643 2964 3806 3033 magis

2220 3050 2510 3104 condonetis
2538 3058 2585 3104 et
2612 3048 2960 3102 consolemini.
2994 3047 3213 3120 Pr0pter
3231 3050 3367 3121 quod
3387 3050 3591 3105 obsecro
3612 3067 3717 3115 vos,
3750 3062 3806 3106 ut

2220 3140 2427 3209 [innatis
2466 3140 2520 3193 in
2569 3154 2683 3192 eum
2726 3138 3009 3192 caritatem.
3062 3142 3133 3194 At
3181 3148 3367 3209 postea
3417 3154 3578 3210 quam
3631 3150 3803 3196 totum

2220 3230 2361 3285 istud
2391 3244 2576 3285 eorum
2606 3228 2831 3282 arbitrio
2858 3229 3119 3298 permisit,
3149 3230 3216 3285 ad
3240 3231 3615 3285 auctoritatem
3646 3246 3808 3287 suam

2218 3320 2472 3390 deinceps
2498 3318 2706 3383 transit,
2728 3318 2811 3373 his
2835 3319 3012 3374 verbis
3032 3327 3187 3375 utens
3212 3340 3225 3375 :
3254 3318 3320 3374 In
3348 3320 3442 3376 hoc
3462 3321 3593 3375 enim
3614 3318 3809 3393 scripsi

2217 3414 2354 3466 vobis
2373 3452 2388 3479 ,
2417 3421 2471 3466 ut
2500 3427 2803 3481 cognoscam
2832 3413 3227 3482 experimentum
3250 3422 3490 3479 uestrum,
3518 3430 3586 3467 an
3613 3414 3667 3468 in
3689 3432 3806 3469 om-

2217 3505 2363 3574 nibus
2392 3504 2677 3559 obedientes
2719 3504 2860 3558 estis.
2901 3503 3021 3558 Mox
3048 3518 3236 3561 rursus
3283 3504 3510 3575 gratiam
3543 3504 3673 3576 ipsis
3703 3506 3833 3580 ad-_

2216 3597 2421 3663 scribit,
2451 3612 2573 3652 cum
2604 3596 2695 3662 ait,
2718 3596 2814 3650 Cui
2836 3606 3003 3650 autem
3028 3597 3252 3651 donastis
3272 3612 3293 3650 :
3320 3605 3429 3651 tum
3461 3612 3647 3653 rursus
3668 3599 3807 3669 sibi,

2214 3690 2418 3755 dicens,
2474 3687 2537 3741 Et
2560 3703 2651 3759 ego
2675 3688 2719 3741 si
2744 3688 2827 3741 cui
2853 3687 3069 3754 donavi,
3100 3698 3305 3759 propter
3343 3703 3430 3743 uos
3450 3703 3469 3742 :
3501 3686 3696 3746 deinde
3716 3692 3804 3747 'si-

2214 3781 2325 3835 mul
2353 3788 2411 3836 et
2437 3779 2568 3849 ipsis
2593 3788 2648 3833 et
2699 3777 2799 3835 sibi
2828 3793 2947 3833 eam
2978 3779 3230 3846 vindicat,
3261 3794 3386 3834 cum
3418 3779 3526 3843 ait,
3578 3778 3719 3834 Nam
3752 3793 3805 3836 et

2212 3888 2323 3943 ego,
2348 3871 2393 3925 si
2415 3871 2537 3941 quid
2565 3870 2770 3937 donavi,
2787 3880 2993 3939 propter
3008 3885 3092 3926 vos
3116 3871 3169 3923 in
3191 3887 3406 3941 persona
3431 3868 3644 3926 Christi.
3673 3872 3796 3931 Hoc

2211 3974 2325 4029 est,
2352 3962 2422 4017 ad
2444 3962 2667 4033 gloriam
2706 3961 2937 4028 Christi;
2978 3961 3083 4029 vel,
3132 3972 3404 4033 tamquam
3442 3963 3659 4020 Christo
3689 3965 3804 4022 hoc

2210 4053 2367 4107 etiam
2394 4054 2691 4123 imperante
2723 4068 2736 4104 :
2768 4051 2929 4121 idque
2959 4054 3189 4108 maxime
3234 4053 3355 4108 illos
3398 4053 3666 4109 movebat.
3698 4055 3801 4111 Τί-

2210 4142 2428 4197 mebant
2465 4141 2608 4195 enim
2640 4156 2708 4197 ne
2732 4141 3060 4213 indulgentia
3089 4144 3266 4198 minus
3294 4152 3577 4199 uterentur
3611 4146 3663 4199 in
3711 4161 3799 4211 re,

2208 4247 2327 4302 qua:
2352 4230 2417 4285 ad
2445 4230 2640 4287 Christi
2681 4231 2902 4301 gloriam
2934 4233 3259 4303 pertineret,
3290 4235 3497 4306 ipsique
3529 4235 3799 4305 placeret.

2212 4322 2410 4379 Deinde
2456 4338 2642 4378 rursus
2691 4338 2975 4380 commune
3013 4324 3415 4393 detrimentum,
3468 4325 3515 4380 si
3567 4326 3803 4383 obedire

2208 4416 2556 4486 negligerent,
2585 4416 2837 4485 proponit
2864 4416 3048 4473 dicens
3074 4456 3091 4484 ,
3116 4416 3184 4472 Ut
3213 4434 3313 4472 non
3338 4419 3805 4475 circumveniantur

2208 4524 2240 4561 a
2258 4520 2458 4563 satana.
2472 4566 2473 4569 η
2487 4509 2604 4576 Quo
2629 4510 2746 4564 loco
2766 4510 2989 4579 pulchre
3012 4518 3279 4577 κλωπείας
3295 4513 3611 4568 vocabulum
3640 4530 3805 4570 usur-

2212 4600 2353 4668 pavit
2400 4615 2415 4651 :
2470 4594 2641 4668 neque
2667 4600 2810 4653 enim
2842 4600 2932 4655 ille
2960 4616 3083 4655 sua-
3095 4602 3205 4671 jam
3230 4603 3414 4673 capit,
3464 4604 3558 4659 sed
3601 4617 3800 4661 nostra

2208 4688 2385 4759 eripit.
2412 4686 2522 4743 Nec
2564 4704 2693 4744 vero
2734 4691 2864 4745 mihi
2906 4692 3009 4746 hoc
3054 4692 3273 4761 dixeris,
3315 4694 3456 4764 quod
3494 4695 3643 4751 solus
3699 4700 3802 4755 ille

2210 4780 2497 4836 fornicator
2525 4780 2713 4837 bellua:
2741 4783 2791 4837 in
2816 4783 3050 4853 praedam
3073 4786 3247 4853 cedat,
3278 4803 3464 4843 verum
3487 4789 3617 4844 illud
3644 4808 3803 4861 quo-

2209 4886 2313 4941 que
2340 4880 2515 4926 tecum
2541 4883 2727 4944 reputa
2751 4914 2767 4939 ,
2799 4876 2940 4945 quod
2968 4878 3145 4947 gregis
3175 4893 3430 4933 numerus
3474 4880 3651 4935 minor
3688 4886 3755 4938 fit
3783 4901 3801 4950 ;

2208 4980 2271 5019 ac
2315 4979 2457 5019 nunc
2485 4967 2803 5035 praesertim,
2830 4983 2952 5023 cum
2990 4968 3041 5023 id
3072 4969 3212 5038 quod
3239 4969 3492 5025 amissum
3519 4981 3605 5028 est
3631 4991 3810 5031 recu-

2210 5069 2399 5123 perare
2445 5054 2591 5111 licet.
2644 5054 2767 5110 Non
2811 5063 2943 5111 enim
2970 5058 3079 5127 ejus
3111 5059 3439 5128 cogitationes
3465 5062 3799 5131 ignoramus.

2206 5145 2409 5218 Nempe
2436 5147 2575 5217 quod
2602 5148 2815 5217 pietatis
2842 5156 3104 5218 pra‘textu
3147 5149 3303 5203 nobis
3328 5150 3549 5206 exitium
3572 5155 3801 5212 atterat.

2206 5237 2321 5291 Non
2366 5240 2509 5292 enim
2551 5238 2674 5293 hinc
2716 5240 2908 5302 Solum,
2962 5237 3103 5307 quod
3148 5240 3384 5311 aliquem
3421 5243 3489 5298 ad
3534 5256 3801 5319 stuprum

2208 5328 2462 5395 inducat,
2495 5329 2589 5383 sed
2627 5345 2656 5381 a
2706 5329 2975 5383 contrario
3006 5344 3215 5400 quoque
3269 5336 3557 5402 perniciem
3590 5340 3808 5398 afferre

2208 5427 2403 5485 potest,
2427 5418 2678 5473 nimirum
2708 5419 2774 5470 ab
2805 5417 3091 5473 immodico
3112 5436 3343 5477 interere
3373 5440 3437 5479 ex
3467 5430 3805 5497 pmitentia

2206 5514 2497 5560 contracto.
2531 5507 2661 5561 Cum
2694 5506 2853 5574 igitur
2882 5520 2983 5559 una
3011 5521 3129 5561 cum
3158 5510 3271 5564 suis
3309 5523 3522 5569 nostros
3564 5533 3806 5589 quoque

2206 5596 2453 5666 abripiat,
2478 5612 2598 5651 cum
2628 5606 2683 5650 et
2710 5611 2932 5664 peccare
2953 5597 3148 5667 jubens
3176 5602 3385 5670 perdat,
3407 5614 3464 5660 et
3484 5606 3638 5661 nobis
3668 5624 3812 5680 pm-

2208 5688 2485 5742 niteutiam
2533 5687 2889 5744 indicantibus
2914 5690 3083 5760 rapiat
3108 5733 3123 5758 ,
3153 5707 3330 5749 annon
3372 5695 3513 5751 istud
3540 5699 3805 5763 tiranii“
