4028 6222
225 412 330 481 125

231 550 334 605 est,
366 538 468 592 hoc
512 545 593 591 est
616 577 630 603 ,
658 535 846 590 aliena:
891 534 966 588 rei
995 533 1307 603 usurpatio?
1334 532 1447 587 Non
1490 530 1631 586 enim
1660 528 1795 582 satis

226 631 394 685 habet
419 642 511 698 per
561 634 835 696 peccatum
869 638 966 679 nos
1004 624 1253 695 dejicere,
1291 622 1384 677 sed
1412 636 1507 691 per
1537 620 1798 688 poeniten-

231 722 357 776 tiam
384 735 614 790 quoque,
642 719 742 773 nisi
770 717 1066 788 vigilemus,
1100 715 1239 770 idem
1272 714 1455 769 efiicit.
1485 714 1658 781 Atque
1679 709 1802 765 ideo

233 820 495 877 πλεονεξίαν
539 809 731 863 merito
758 806 1079 878 appellavit,
1121 820 1240 859 cum
1271 819 1368 875 per
1404 818 1467 857 ea
1497 803 1657 857 etiam
1683 814 1802 870 qua:

231 912 412 958 nostra
438 909 595 967 sunt,
620 900 895 963 victoriam
925 897 1254 967 adipiscitur.
1291 893 1503 949 Etenim
1547 906 1643 961 per
1672 904 1801 960 pec-

229 1006 406 1051 catum
432 1008 626 1063 capere
668 992 940 1063 proprium
967 990 1133 1059 ipsius
1159 999 1280 1053 est,
1313 996 1368 1041 at
1396 1002 1495 1057 per
1536 984 1803 1055 poeniten-

231 1086 381 1152 tiam,
405 1098 512 1139 non
535 1084 660 1137 item
690 1099 706 1137 :
739 1090 977 1136 nostrum
1004 1081 1168 1145 enim,
1202 1094 1309 1134 non
1337 1087 1513 1133 autem
1546 1076 1689 1134 illius
1719 1082 1803 1129 est

227 1179 336 1230 hoc
374 1186 641 1229 armorum
666 1187 853 1242 genus.
876 1171 1243 1239 Quamobrem
1268 1183 1388 1223 cum
1438 1168 1563 1222 hinc
1591 1180 1801 1236 quoque

229 1280 425 1335 capere
455 1272 651 1333 potest,
684 1260 1048 1324 animadverte
1072 1275 1230 1330 quam
1260 1259 1428 1328 turpis
1452 1259 1523 1313 sit
1553 1258 1667 1311 haec
1693 1256 1804 1311 cla-

230 1357 349 1422 des,
375 1365 737 1427 quantumque
756 1355 846 1409 ille
873 1362 927 1408 ut
956 1353 1199 1408 imbelles
1220 1361 1272 1406 et
1300 1352 1526 1407 miseros
1554 1350 1804 1405 irrisurus

232 1456 394 1517 atque
420 1447 783 1516 exagitaturus
810 1454 892 1499 est
916 1485 931 1511 ,
978 1442 1238 1514 siquidem
1267 1458 1365 1497 nos
1389 1442 1698 1497 nostrismet
1720 1454 1802 1495 ar-

232 1536 338 1591 mis
379 1535 669 1605 subegerit.
725 1534 990 1603 Perquam
1018 1532 1157 1587 enim
1190 1532 1468 1587 ridiculum
1496 1546 1560 1584 ac
1597 1544 1805 1584 summe

234 1622 534 1694 pudendum
578 1622 707 1677 illud
748 1632 866 1689 est,
904 1622 1044 1692 quod
1074 1638 1165 1692 per
1210 1621 1595 1676 medicamenta
1624 1630 1803 1675 nostra

234 1714 350 1782 ipse
373 1712 592 1766 vulnera
623 1711 839 1767 efficiat.
871 1711 996 1767 ideo
1022 1711 1219 1766 Paulus
1241 1711 1451 1765 dicebat
1469 1752 1484 1777 ,
1527 1709 1649 1764 Non
1675 1710 1807 1763 enim

233 1802 394 1870 ipsius
434 1802 761 1873 cogitationes
788 1802 1118 1871 ignoramus;
1144 1800 1248 1854 hoc
1287 1808 1410 1865 est,
1434 1814 1592 1869 quam
1625 1799 1803 1853 multi-

233 1892 357 1962 plex
382 1933 398 1958 ,
439 1907 597 1962 quam
639 1891 788 1946 vafer
811 1933 826 1958 ,
858 1906 1015 1962 quam
1043 1899 1312 1945 veterator
1341 1905 1402 1943 ac
1433 1898 1677 1945 versutus
1716 1888 1810 1956 sit,

183 1983 189 1987 ’
231 1998 391 2053 quam
428 1982 656 2053 denique
704 1984 804 2037 sub
849 1983 1061 2052 pietatis
1105 1982 1330 2035 obtentu
1370 1980 1616 2035 infestum
1656 1978 1810 2033 nobis

236 2075 444 2130 hostem
490 2074 743 2142 praebeat.
783 2073 906 2128 Haec
949 2073 1105 2142 igitur
1130 2088 1231 2127 nos
1279 2087 1492 2142 quoque
1516 2072 1811 2141 cogitantes

234 2163 501 2217 neminem
529 2177 776 2232 umquam
804 2170 1210 2217 contemnamus
1232 2203 1246 2227 ,
1275 2177 1373 2216 nec
1406 2170 1687 2230 peccantes
1716 2160 1810 2213 de-

232 2269 530 2324 speremus,
558 2270 658 2309 nec
684 2269 893 2309 rursum
920 2253 1163 2309 socordia
1190 2255 1534 2323 langueamus
1559 2269 1573 2317 ;
1603 2267 1808 2317 verum,

232 2362 355 2400 cum
386 2356 661 2417 peccatum
692 2346 1022 2411 admisimus,
1055 2346 1291 2399 animum
1318 2354 1682 2408 conteramus,
1715 2358 1812 2396 nec

234 2439 397 2495 verba
448 2440 723 2494 dumtaxat
778 2438 1128 2508 proferamus.
1173 2436 1446 2506 Siquidem
1506 2436 1813 2504 complures

234 2529 359 2583 novi
382 2529 468 2598 qui
493 2544 550 2584 se
575 2529 790 2598 quidem
811 2536 1029 2597 peccata
1057 2541 1151 2581 sua
1179 2526 1378 2582 deflere
1396 2527 1564 2591 aiunt,
1592 2535 1648 2579 at
1673 2526 1812 2578 inte-

234 2619 338 2673 rim
367 2619 438 2673 nil
468 2620 641 2688 magni
669 2626 999 2687 operantur;
1028 2631 1211 2670 verum
1234 2616 1480 2685 jejunant
1503 2616 1574 2669 illi
1602 2614 1815 2684 quidem

234 2725 301 2764 ac
327 2717 502 2763 vestes
532 2723 753 2777 asperas
777 2715 989 2779 gestant
1016 2748 1031 2773 ,
1060 2716 1313 2762 cancrum
1346 2707 1536 2776 majori
1564 2708 1814 2775 pecunia-

236 2815 357 2856 rum
385 2799 674 2869 cupiditate
704 2799 968 2870 ﬂagrant,
1006 2816 1163 2869 quam
1194 2813 1502 2869 caupones;
1546 2800 1623 2853 ira
1651 2800 1817 2870 magis

235 2892 621 2960 corripiuntur,
650 2906 806 2961 quam
834 2890 961 2946 fera:
987 2909 1001 2957 ;
1031 2899 1191 2960 atque
1215 2891 1599 2945 obtrectatione
1628 2891 1816 2966 magis,

234 2997 396 3052 quam
421 2982 510 3036 alii
538 2982 929 3036 laudationibus
957 2982 1309 3036 delectantur.
1347 2983 1668 3037 Pcenitentia
1715 2982 1817 3036 ista

235 3089 347 3134 non
376 3084 493 3128 sunt
536 3092 550 3127 :
581 3075 906 3143 poenitentia:
934 3057 1080 3127 larva
1127 3082 1285 3143 atque
1313 3074 1497 3128 umbra
1539 3075 1641 3128 ista
1669 3083 1813 3137 sunt,

237 3179 347 3221 non
373 3164 701 3233 poenitentia.
731 3164 812 3218 Ob
840 3163 1000 3234 idque
1024 3164 1090 3218 ad
1119 3163 1383 3232 ejusmodi
1414 3164 1658 3219 homines
1690 3164 1821 3219 illud

235 3268 496 3323 usurpare
519 3255 660 3321 licet,
690 3255 879 3309 Videte
910 3270 979 3310 ne
1003 3255 1494 3309 circumveniamur
1530 3272 1560 3311 a
1595 3264 1819 3321 satana;

235 3360 349 3399 non
396 3345 539 3399 enim
580 3346 695 3415 ejus
722 3338 1071 3416 cogitationes
1099 3347 1423 3414 ignoramus.
1454 3346 1600 3401 Alios
1627 3346 1825 3416 quippe

237 3448 336 3504 per
364 3443 580 3502 peccata
601 3476 616 3501 ,
648 3436 783 3489 alios
810 3451 906 3505 per
937 3436 1306 3504 paenitentiam
1332 3477 1346 3500 ,
1376 3437 1510 3490 alios
1533 3438 1640 3491 alio
1662 3438 1821 3492 modo

238 3523 413 3592 perdit
436 3525 603 3589 ;'dum
628 3526 875 3580 videlicet
914 3540 1010 3581 eos
1038 3524 1241 3579 nullum
1273 3542 1337 3580 ex
1364 3528 1680 3597 pcenitcntia
1704 3527 1819 3582 fru-

235 3623 382 3666 ctum
412 3614 686 3682 percipere
715 3615 861 3670 sinit.
886 3614 1018 3668 Nam
1048 3630 1168 3669 cum
1213 3616 1531 3685 quibusdam
1560 3628 1710 3672 recta
1737 3619 1818 3673 via

237 3707 531 3776 perniciem
573 3707 765 3765 aii‘erre
798 3711 1022 3778 nequit,
1055 3710 1278 3764 alteram
1307 3711 1446 3763 viam
1480 3710 1606 3776 init,
1641 3710 1822 3780 sicque

237 3808 299 3849 se
319 3805 594 3864 comparat
620 3838 634 3861 ,
665 3808 719 3852 ut
750 3798 959 3853 labores
984 3799 1198 3868 quidem
1224 3810 1453 3869 augeat,
1488 3800 1691 3854 fructus
1729 3815 1823 3853 au-

236 3893 346 3938 tem
376 3885 609 3950 adimat,
638 3887 870 3958 ipsisque
896 3888 997 3942 hoc
1037 3888 1397 3957 persuadeat,
1442 3898 1500 3943 ut
1532 3898 1804 3959 tamquam

236 3974 382 4027 omni
410 3990 474 4028 ex
506 3988 653 4045 parte
693 3978 869 4032 officio
917 3978 1221 4047 perfuncti,
1273 3979 1477 4049 reliqua
1528 3980 1815 4049 negligant.

235 4064 493 4129 Quocirca
522 4082 588 4121 ne
614 4068 877 4122 incassum
910 4071 1155 4138 nosipsos
1182 4086 1465 4136 vexemus,
1498 4073 1718 4126 brevem
1750 4074 1816 4125 ad

235 4153 541 4221 hujnsmodi
568 4158 818 4212 mulieres
842 4161 1139 4214 orationem
1164 4160 1456 4215 habeamus
1492 4181 1504 4215 :
1536 4163 1816 4216 mulierum

235 4245 378 4298 enim
404 4246 736 4314 potissimum
764 4248 847 4301 hic
883 4250 1103 4302 morbus
1122 4262 1225 4302 est.
1249 4251 1573 4305 Praeclarum
1604 4253 1817 4320 quidem

235 4335 339 4389 hoc
362 4350 575 4407 quoque
602 4346 683 4390 est
707 4379 720 4402 ,
753 4340 892 4407 quod
928 4353 1067 4391 nunc
1096 4339 1266 4393 facitis
1296 4379 1308 4401 ,
1337 4338 1440 4393 hoc
1467 4350 1551 4394 est
1574 4342 1818 4409 jejunare

232 4435 291 4481 et
336 4426 483 4480 humi
519 4428 714 4482 cubare
760 4444 822 4482 ac
849 4430 1084 4483 cinerem
1116 4428 1411 4490 adhibere;
1444 4430 1537 4482 sed
1584 4432 1685 4482 nisi
1714 4433 1815 4485 alia

231 4516 453 4583 insuper
478 4520 840 4582 accesserint,
875 4519 1015 4571 nulla
1048 4518 1169 4571 hinc
1197 4518 1397 4571 utilitas
1436 4528 1811 4586 consequetur.

230 4606 481 4660 Ostendit
510 4608 649 4661 Deus
673 4624 779 4675 quo
812 4618 970 4678 pacto
1005 4618 1220 4677 peccata
1252 4610 1487 4662 remittat
1522 4626 1534 4661 :
1562 4609 1687 4678 quid
1719 4610 1815 4678 igi-

233 4707 320 4750 tur
349 4696 529 4748 rclicta
558 4698 654 4749 hac
684 4697 768 4750 via
791 4698 1011 4751 alteram
1037 4699 1187 4752 vobis
1206 4699 1448 4753 sternitis
1471 4700 1492 4751 ?
1517 4700 1814 4753 Peccarunt

229 4785 499 4853 quondam
548 4785 793 4838 Ninivita:
824 4826 837 4851 ,
868 4801 1037 4855 eaque
1068 4786 1305 4841 fecerunt
1336 4804 1454 4857 quae
1484 4804 1575 4843 vos
1605 4806 1813 4859 quoque

230 4891 375 4930 nunc
410 4875 618 4939 facitis;
650 4876 744 4929 Sed
776 4875 1049 4929 videamus
1078 4877 1335 4943 quidnam
1370 4878 1500 4945 ipsis
1531 4880 1810 4933 utilitatum

228 4965 486 5018 attulerit.
514 4966 967 5032 Quemadmodum
998 4967 1141 5019 enim
1186 4966 1375 5018 medici
1406 4970 1622 5036 mgrotis
1649 4971 1810 5023 multa

226 5054 444 5124 quidem
465 5056 697 5110 remedia
712 5057 965 5110 adhibent
990 5074 1000 5115 ;
1036 5054 1127 5108 scd
1152 5056 1239 5123 qui
1265 5057 1439 5123 sagaci
1460 5057 1677 5124 ingenio
1700 5069 1806 5125 est,

227 5162 337 5200 non
370 5145 470 5198 hoc
501 5146 798 5213 perpendit,
832 5146 971 5214 quod
998 5145 1099 5198 hoc
1117 5154 1273 5212 atque
1302 5143 1393 5196 illo
1420 5145 1808 5202 medicamento

226 5251 359 5290 usus
380 5236 449 5287 sit
481 5235 525 5287 is
553 5236 639 5303 qui
667 5235 891 5290 adversa
930 5235 1234 5289 valetudine
1259 5234 1491 5299 laborat,
1522 5235 1615 5289 sed
1647 5252 1803 5306 quam

225 5311 508 5381 utilitatem
559 5324 683 5377 hinc
722 5326 792 5379 sit
836 5336 1241 5396 consequutus:
1273 5326 1461 5380 eodem
1511 5328 1670 5381 modo
1718 5329 1804 5385 hic

226 5418 391 5469 etiam
425 5429 509 5466 res
548 5415 892 5481 expendenda
921 5424 1024 5470 est.
1065 5415 1328 5483 Quidnam
1369 5414 1532 5485 igitur
1558 5416 1801 5474 barbaris

224 5508 329 5560 illis
356 5506 566 5559 utilitati
604 5505 740 5559 fuit?
769 5506 1087 5561 Vulneribus
1113 5508 1227 5561 suis
1253 5506 1512 5575 jejunium
1537 5508 1801 5567 adhibue-

223 5606 373 5663 runt,
401 5596 544 5650 humi
572 5596 908 5651 cubationem
935 5638 950 5663 ,
982 5612 1194 5652 saccum
1216 5639 1231 5665 ,
1258 5598 1497 5654 cinerem
1521 5639 1535 5663 ,
1569 5598 1747 5655 fletum
1783 5620 1796 5657 :

224 5688 583 5755 adjunxerunt
605 5690 765 5743 etiam
790 5690 908 5743 vitze
936 5693 1304 5753 mutationem.

294 5778 348 5833 6.
386 5778 665 5835 Videamus
692 5780 847 5849 igitur
873 5781 1120 5850 quidnam
1149 5783 1336 5840 horum
1365 5787 1644 5843 sanitatem
1671 5786 1798 5859 ipsis

1211 417 1275 475 IN
1314 416 1523 476 EPIST.
1566 416 1606 472 ll
1670 415 1764 470 AD
1803 414 1957 470 (ΞΟΠ.
2000 415 2226 472 llOMlL.
2271 416 2358 473 ιν.

3365 420 3477 475 4‘26

1901 529 2156 584 attulerit.
2200 530 2353 586 Unde
2394 540 2569 586 autem
2610 532 2711 587 hoc
2751 533 3016 599 sciemus,
3050 532 3293 603 inquies?
3322 533 3378 589 Si
3405 535 3475 587 ad

1904 620 2165 677 medicum
2214 623 2569 689 accedamus,
2617 634 2775 695 atque
2828 624 2997 696 ipsum
3044 626 3473 695 interrogemus:

1903 727 2074 782 neque
2097 715 2241 769 enim
2278 715 2329 769 id
2358 730 2457 770 nos
2485 714 2712 781 celabit,
2741 716 2834 771 sed
2863 717 3021 771 etiam
3063 717 3285 771 libenter
3312 718 3469 771 dicet.

1904 803 2014 857 lmo
2058 807 2231 874 potius
2274 820 2341 861 ne
2381 806 2501 876 quis
2548 806 2793 877 ignoret,
2835 817 2926 861 aut
2966 808 3220 870 sciscitari
3253 822 3470 862 necesse

1904 892 2124 960 habeat,
2158 895 2499 965 pharmacum
2527 913 2759 968 quoque,
2790 898 2945 967 quod-
2964 913 3058 954 eos
3086 899 3275 963 erexit,
3308 898 3479 954 literis

1905 985 2192 1039 mandavit.
2222 986 2499 1053 Quodnam
2540 989 2696 1058 igitur
2733 988 2874 1043 istud
2902 991 3024 1043 est?
3064 987 3235 1055 Vidit,
3269 990 3438 1060 inquit
3462 1029 3477 1050 ,

1904 1075 2042 1132 Deus
2078 1077 2212 1147 quod
2244 1094 2508 1133 conversus
2537 1088 2609 1133 est
2636 1081 2974 1150 unusquisque
3003 1097 3033 1133 a
3060 1081 3140 1133 via
3164 1097 3255 1142 sua
3282 1097 3437 1150 praua
3462 1096 3481 1134 :

1905 1176 1951 1219 et
1980 1167 2206 1236 panituit
2235 1183 2349 1221 eum
2373 1170 2620 1222 malorum
2649 1186 2761 1237 qua:
2798 1170 3030 1239 loquutus
3069 1173 3231 1240 fuerat
3258 1180 3313 1224 ut
3341 1171 3481 1239 face-

1905 1265 1981 1310 ret
2019 1257 2089 1311 eis
2129 1258 2321 1327 (Jonte
2350 1260 2401 1314 3.
2435 1259 2501 1314 10
2528 1258 2570 1330 ).
2601 1259 2714 1314 Non
2755 1260 2922 1325 dixit,
2959 1258 3102 1327 Vidit
3138 1259 3399 1330 jejunium
3430 1270 3485 1316 et

1906 1347 2137 1405 cilicium
2166 1364 2227 1403 ac
2253 1350 2509 1405 cinerem.
2541 1349 2650 1404 Nec
2681 1360 2853 1405 tamen
2885 1351 2997 1425 huc
3025 1343 3089 1406 eo
3117 1350 3236 1422 dico
3260 1392 3274 1415 ,
3303 1360 3362 1407 ut
3396 1352 3481 1421 je-

1903 1437 2109 1506 junium
2143 1440 2359 1505 tollam;
2391 1449 2595 1495 avertat
2624 1440 2725 1495 hoc
2755 1441 2928 1503 Deus;
2960 1441 3053 1495 sed
3088 1450 3144 1495 ut
3171 1456 3267 1496 vos
3293 1441 3358 1496 ad
3388 1441 3437 1497 id
3464 1484 3480 1507 ,

1908 1529 2047 1598 quod
2073 1529 2276 1598 jejunio
2300 1532 2641 1600 praestantius
2664 1541 2778 1603 est,
2813 1531 3111 1587 faciendum
3140 1532 3320 1587 horter
3339 1576 3353 1598 ,
3384 1533 3483 1588 hoc

1908 1630 2033 1684 cst,
2080 1629 2138 1673 ut
2183 1620 2252 1674 ab
2299 1621 2443 1675 omni
2471 1621 2619 1685 vitio
2662 1622 2991 1683 abstineatis.
3040 1623 3289 1677 Peccavit
3326 1625 3483 1678 etiam

1912 1710 2073 1765 David
2104 1730 2115 1764 :
2146 1711 2420 1766 videamus
2450 1712 2609 1781 igitur
2633 1728 2739 1781 quo
2767 1720 2920 1781 pacto
2948 1712 3033 1768 hic
3061 1729 3271 1783 quoque
3311 1715 3485 1783 pugni-

1910 1798 2129 1857 tentiam
2153 1800 2339 1870 egerit.
2363 1800 2496 1855 Tres
2519 1809 2657 1855 totos
2677 1801 2793 1855 dies
2818 1801 2868 1855 in
2892 1802 3070 1856 cinere
3096 1802 3233 1857 sedit
3254 1802 3329 1875 (2.
3354 1802 3484 1873 Reg.

1910 1891 1981 1945 12
2000 1891 2039 1960 ).
2071 1891 2141 1945 At
2171 1892 2258 1946 ille
2286 1890 2502 1960 quidem
2526 1890 2633 1946 hoc
2662 1906 2768 1947 non
2797 1892 2866 1946 ob
2892 1904 3163 1961 peccatum
3198 1892 3323 1948 fecit
3343 1935 3360 1959 ,
3391 1896 3488 1949 sed

1914 1981 2007 2034 filii
2036 1995 2194 2035 causa
2219 2022 2235 2045 ,
2268 1981 2571 2036 calamitate
2612 1981 2861 2036 nimirum
2904 1982 3078 2056 adhuc
3124 1985 3443 2040 temulentus
3474 2005 3488 2039 :

1914 2080 2188 2141 peccatum
2216 2083 2393 2127 autem
2420 2073 2527 2127 alio
2551 2072 2710 2127 modo
2734 2072 3018 2139 abstersit,
3051 2089 3242 2143 nempe
3266 2090 3361 2144 per
3390 2076 3491 2131 hu-

1916 2163 2217 2228 militatem,
2248 2177 2344 2233 per
2372 2163 2548 2217 cordis
2577 2164 2974 2230 contritionem,
3005 2181 3100 2235 per
3125 2167 3315 2221 animae
3341 2183 3494 2223 com—

1918 2253 2255 2323 punclionem
2280 2296 2296 2319 ,
2337 2255 2463 2309 dum
2510 2256 2668 2310 etiam
2716 2255 2843 2310 illud
2884 2266 3077 2323 cavet,
3108 2273 3177 2314 ne
3215 2260 3265 2312 in
3306 2261 3495 2315 eadem

1917 2344 2204 2411 rclabatur,
2231 2344 2355 2399 dum
2384 2348 2588 2415 peccati
2621 2362 2908 2417 numquam
2938 2350 3247 2403 memoriam
3278 2351 3459 2418 abjicit
3478 2394 3494 2416 ,

1919 2435 2046 2490 dum
2087 2435 2353 2489 irruentes
2382 2451 2568 2490 omnes
2607 2437 2927 2492 acerbitates
2963 2449 3115 2508 grato
3150 2439 3325 2493 animo
3355 2439 3497 2507 fert,

1919 2526 2045 2580 dum
2077 2527 2141 2580 iis
2170 2540 2198 2579 a
2227 2526 2420 2596 quibus
2461 2528 2703 2581 molestia
2744 2527 2976 2583 afficitur
3017 2532 3183 2599 parcit
3210 2573 3224 2595 ,
3252 2531 3380 2586 dum
3406 2547 3505 2587 eos

1919 2619 2010 2687 qui
2052 2618 2150 2687 ipsi
2190 2617 2409 2673 insidias
2438 2626 2631 2687 parant
2662 2634 2767 2672 non
2809 2619 3099 2685 ulciscitur,
3130 2620 3237 2675 imo
3280 2636 3375 2676 eos
3410 2622 3502 2691 qni

1923 2707 1973 2761 id
2013 2706 2188 2763 facere
2216 2708 2438 2777 cupiunt
2464 2707 2729 2778 prohibet.
2758 2708 2888 2763 Nam
2914 2725 3033 2764 cum
3060 2710 3235 2766 Semei
3265 2727 3385 2766 eum
3414 2712 3500 2766 in-

1924 2798 2159 2852 numeris
2201 2797 2411 2866 probris
2450 2798 2739 2865 obrueret,
2782 2815 2845 2854 ac
2876 2801 3185 2855 militarium
3227 2803 3503 2871 copiarum

1922 2888 2235 2955 praefectus,
2265 2888 2354 2957 qui
2383 2896 2491 2942 tum
2523 2888 2741 2954 aderat,
2773 2889 2823 2943 id
2855 2890 3071 2960 indigno
3096 2892 3274 2946 animo
3306 2892 3501 2957 ferret,

1927 2979 2135 3034 dicebat
2166 2980 2290 3035 Sine
2317 2981 2461 3034 illum
2491 2981 2615 3033 mihi
2643 2982 2940 3036 maledicere
2966 2998 2983 3035 :
3015 2982 3150 3036 Deus
3179 2985 3309 3037 enim
3339 2984 3431 3037 Itoc
3461 2986 3509 3039 ei

1929 3070 2162 3137 praecepit
2214 3070 2344 3139 (Id.
2385 3069 2468 3124 16.
2517 3070 2652 3141 10).
2712 3072 2815 3126 Cor
2866 3072 3059 3142 quippe
3110 3074 3396 3128 contritum
3451 3085 3506 3129 et

1927 3158 2260 3211 humiliatum
2290 3156 2461 3229 (Psal.
2494 3159 2583 3213 50.
2618 3160 2707 3229 l9)
2737 3160 2983 3227 habebat,
3013 3162 3153 3231 quod
3186 3163 3350 3233 ipsius
3380 3178 3506 3233 pec—

1925 3256 2041 3302 cata
2081 3249 2310 3303 maxime
2348 3248 2688 3317 abstergebat
2722 3268 2735 3304 :
2768 3264 2886 3304 nam
2929 3251 3029 3305 hoc
3070 3252 3333 3308 confessio
3356 3296 3371 3322 ,
3405 3254 3509 3309 hoc

1926 3338 2239 3408 paenitentia
2267 3347 2367 3392 est.
2398 3339 2549 3405 Quod
2580 3340 2622 3393 si
2650 3340 2953 3409 jejunantes
2980 3344 3280 3411 arrogantia
3309 3344 3525 3399 labores

1927 3444 2065 3491 mus,
2090 3444 2193 3482 non
2218 3429 2378 3482 modo
2401 3429 2601 3482 nullum
2625 3430 2748 3483 hinc
2770 3432 3209 3500 emolumentum,
3235 3436 3325 3490 sed
3348 3437 3508 3491 etiam

1926 3520 2303 3574 detrimentum
2353 3521 2648 3588 capiemus.
2696 3521 3051 3587 Quamobrem
3086 3534 3138 3578 tu
3176 3541 3384 3595 quoque
3414 3544 3508 3584 cor

1928 3620 2073 3664 tuum
2102 3610 2320 3664 demitte
2346 3651 2359 3674 ,
2389 3619 2447 3663 ut
2482 3611 2647 3665 Deum
2680 3612 2880 3665 allicias
2910 3629 2923 3663 :
2953 3611 3126 3683 Prope
3162 3617 3301 3669 enim
3330 3628 3399 3671 est
3430 3621 3508 3673 Itis

1924 3704 2009 3771 qui
2041 3702 2276 3755 tribulato
2306 3712 2419 3755 sunt
2449 3702 2599 3755 corde
2626 3700 2644 3773 (
2674 3699 2818 3754 Psal.
2852 3703 2940 3757 55.
2972 3702 3039 3757 i9
3064 3707 3107 3773 ).
3140 3705 3326 3759 Annon
3361 3708 3508 3762 vides

1925 3792 2194 3863 quomodo
2220 3792 2269 3845 in
2297 3792 2590 3861 splendidis
2614 3792 2817 3845 aedibus
2845 3793 2901 3857 ii,
2927 3794 3013 3862 qui
3041 3793 3305 3849 dedecore
3331 3798 3508 3851 allecti

1925 3892 2088 3947 sunt,
2117 3898 2235 3937 cum
2267 3883 2426 3935 etiam
2465 3882 2531 3935 ab
2572 3882 2766 3936 inﬁmis
2791 3884 3086 3952 quibusque
3116 3886 3285 3939 servis
3313 3897 3506 3941 contu-

1926 3974 2137 4027 meliam
2178 3972 2482 4041 accipiunt,
2526 3989 2631 4026 non
2677 3984 2851 4027 tamen
2896 3973 3280 4040 colluctentur,
3315 3978 3405 4031 sed
3438 3980 3506 4032 ob

1926 4063 2195 4116 infamiam
2225 4078 2343 4116 eam
2368 4103 2383 4126 ,
2413 4078 2570 4131 quam
2618 4073 2889 4130 peccatum
2933 4064 3060 4136 ipsis
3099 4066 3320 4129 inussit,
3352 4084 3514 4138 aequo

1924 4156 2101 4207 animo
2138 4153 2187 4205 id
2220 4152 2432 4205 ferant?
2464 4153 2606 4206 ldem
2637 4168 2848 4222 quoque
2889 4162 2942 4206 tu
2986 4155 3146 4208 facias
3178 4173 3188 4205 :
3218 4156 3263 4209 si
3303 4160 3417 4224 quis
3451 4168 3505 4214 te

1923 4242 2179 4296 conviciis
2208 4242 2514 4305 insectetur,
2548 4258 2613 4294 ne
2640 4245 2971 4311 exaspereris
2991 4285 3005 4307 ,
3038 4244 3133 4297 sed
3164 4245 3501 4315 ingemiscas,

1924 4350 2028 4388 non
2072 4335 2139 4387 ob
2178 4333 2376 4386 illatam
2420 4332 2511 4385 tibi
2552 4333 2925 4386 contumeliam
2955 4375 2968 4398 ,
3002 4334 3095 4389 sed
3127 4334 3195 4388 ob
3224 4348 3508 4403 peccatum

1922 4424 2062 4491 quod
2096 4434 2144 4477 te
2175 4424 2226 4476 in
2260 4423 2601 4491 ignominiam
2630 4422 2876 4492 conjecit.
2910 4424 3040 4479 Cum
3076 4430 3378 4495 peccaveris
3419 4430 3501 4481 in-

1919 4516 2151 4580 gemisce
2175 4556 2189 4578 ,
2225 4530 2328 4567 non
2378 4516 2517 4583 quod
2565 4532 2747 4581 poenas
2788 4516 3006 4569 daturus
3048 4519 3121 4569 sis
3147 4559 3159 4580 ,
3195 4520 3322 4571 nihil
3356 4521 3499 4573 enim

1920 4602 2022 4655 hoc
2061 4611 2173 4661 est;
2208 4602 2299 4655 sed
2342 4602 2482 4670 quod
2524 4602 2803 4655 Dominum
2846 4612 2992 4656 tuum
3033 4605 3316 4660 offenderis
3341 4649 3355 4673 ,
3391 4616 3505 4662 tam

1920 4694 2203 4761 benignum
2230 4735 2243 4759 ,
2277 4701 2381 4745 tam
2416 4702 2464 4747 te
2489 4702 2753 4747 amantem
2779 4733 2793 4756 ,
2826 4704 2929 4748 tam
2956 4694 3185 4765 denique
3210 4698 3364 4753 saluti
3398 4711 3500 4755 tua:

1919 4798 2210 4852 appensum
2236 4824 2250 4845 ,
2290 4793 2347 4837 ut
2378 4783 2565 4836 Filium
2598 4799 2813 4853 quoque
2837 4801 2991 4839 suum
3022 4797 3109 4841 tua
3140 4804 3292 4842 causa
3336 4791 3501 4843 tradis

1919 4877 2075 4929 derit.
2106 4875 2396 4945 lngemisce
2424 4876 2563 4939 ideo,
2593 4892 2763 4947 neque
2790 4894 3035 4947 umquam
3060 4881 3111 4934 id
3134 4881 3306 4936 facere
3335 4883 3498 4936 inter--

1920 4968 2069 5020 mitte
2109 4984 2121 5019 :
2161 4967 2357 5020 etenim
2392 4966 2492 5019 hoc
2518 4966 2730 5021 demum
2771 4978 2853 5022 est
2892 4970 3177 5025 confessio.
3211 4972 3323 5025 Nan
3356 4988 3493 5025 nunc

1917 5065 2132 5119 tactum,
2182 5070 2299 5109 cras
2348 5064 2523 5107 autem
2570 5066 2817 5111 maestum
2863 5072 2924 5111 ac
2968 5074 3177 5113 rursum
3222 5061 3399 5115 laetum
3444 5074 3495 5118 te

1918 5149 2126 5217 praebe;
2161 5162 2343 5200 verum
2378 5158 2633 5215 perpetuo
2676 5151 2724 5201 in
2770 5150 2908 5201 luctu
2953 5164 3015 5203 ac
3055 5153 3126 5204 tui
3172 5154 3492 5212 contritione

1914 5255 2088 5293 mane.
2122 5237 2260 5290 Beati
2291 5239 2431 5291 enim
2457 5279 2470 5301 ,
2507 5239 2707 5308 inquit,
2736 5240 2820 5307 qui
2848 5240 3019 5309 lugent
3047 5242 3268 5312 (Matth.
3301 5249 3352 5301 5.
3382 5248 3448 5316 5)
3472 5288 3489 5315 ,

1912 5331 2016 5383 hoc
2040 5339 2151 5392 est,
2179 5328 2269 5397 qui
2299 5328 2511 5382 assidue
2540 5328 2637 5381 hoc
2665 5328 2879 5383 iaciunt.
2913 5330 3024 5385 Hoc
3053 5346 3263 5402 semper
3292 5336 3449 5388 facias
3471 5380 3486 5401 ,

1914 5422 2114 5489 tibique
2140 5419 2404 5483 attendas,
2432 5435 2495 5473 ac
2525 5430 2705 5486 pectus
2732 5428 2876 5474 tuum
2904 5433 3169 5487 conteras,
3201 5439 3303 5478 non
3332 5440 3488 5481 secus

1912 5527 1974 5565 ac
2015 5510 2058 5563 si
2100 5511 2215 5579 quis
2244 5511 2441 5563 amisso
2474 5509 2581 5561 filio
2611 5510 2763 5565 unice
2807 5526 2932 5565 Caro
2961 5513 3013 5565 in
3044 5513 3183 5569 luctu
3218 5528 3480 5572 versetur.

1912 5602 2139 5658 Sciuditc
2161 5602 2377 5663 etenim,
2402 5602 2590 5670 inquit,
2615 5603 2769 5655 corda
2795 5614 2975 5668 vestra,
3000 5614 3045 5657 et
3071 5623 3173 5660 non
3198 5610 3487 5663 vestimenta

1909 5709 2071 5747 vestra
2094 5691 2250 5763 (Joel.
2281 5692 2333 5744 2.
2367 5691 2480 5761 15).
2512 5691 2663 5757 Quod
2695 5693 2915 5748 fractum
2945 5704 3046 5761 est,
3077 5696 3484 5769 haudquaquam

1911 5801 1965 5841 se
2008 5787 2058 5840 in
2106 5786 2277 5839 altum
2314 5782 2561 5839 extulerit
2599 5800 2612 5835 :
2653 5784 2792 5855 quod
2835 5788 3160 5842 contrarium
3210 5797 3327 5856 cst,
3376 5802 3486 5844 non
