4028 6222
557 283 662 348 Μ

557 397 940 455 mserit.
967 396 1049 453 οι)
1071 411 1297 469 eamque
1323 413 1544 457 canam
1568 406 1706 456 alter
1732 401 1842 467 nit:,
1872 399 2138 468 Srindite,

557 491 695 545 alter
729 496 908 544 alitem
933 529 949 555 ,
978 484 1083 544 Cor
1120 488 1476 543 contritus“
1502 488 1822 545 humiliatus
1851 489 1992 558 Deus
2037 506 2141 557 nou

556 574 795 645 despiciet
820 574 1004 650 (Psal.
1034 575 1125 645 50.
1156 576 1287 651 19),
1315 577 1428 633 Etsi
1462 578 1680 649 sapiens
1704 592 1799 644 es,
1825 580 1926 635 etsi
1952 580 2136 650 dives,

553 667 656 722 etsi
689 666 940 739 princeps
960 708 977 735 ,
1009 676 1197 739 pectus
1234 677 1412 723 tamen
1438 666 1624 736 scinde
1644 709 1663 737 ,
1689 683 1791 724 nec
1828 669 2137 740 ipsumalte

551 754 621 811 de
652 771 716 813 se
744 758 954 815 sentire
997 766 1159 829 atque
1196 757 1371 815 inﬂari
1410 758 1549 815 sine.
1578 752 1709 815 Nam
1738 760 1880 832 quod
1909 761 2135 817 scissum

548 852 653 911 est,
678 861 792 901 non
814 847 1032 904 inﬂatur
1056 849 1297 919 :etiamsi
1322 848 1519 920 aliquid
1546 850 1671 906 sita
1696 866 1803 921 quo
1825 853 2132 920 extollatur,

550 947 726 994 tamen
754 936 878 1007 quia
905 937 1132 994 scissum
1156 948 1264 1006 est,
1286 937 1615 995 inﬂationem
1640 938 1781 997 ferre
1808 942 2012 1013 nequit.
2044 942 2136 999 Sic

547 1035 604 1081 tu
632 1042 849 1100 quoque
870 1029 1145 1092 modestia:
1169 1040 1327 1101 atque
1351 1030 1514 1086 animi
1540 1032 1902 1089 summissioui
1930 1035 2087 1091 stude
2115 1053 2129 1090 :

545 1118 682 1179 illud
724 1119 822 1177 tibi
860 1120 915 1177 in
957 1130 1195 1178 mentem
1236 1122 1450 1187 veniat,
1482 1122 1822 1193 publicanum
1859 1125 1931 1180 ob
1967 1140 2131 1182 unum

542 1209 769 1273 verbum
802 1210 1147 1280 justifiestum
1172 1210 1342 1268 fuisse
1369 1210 1525 1282 (Lee.
1555 1213 1682 1284 18);
1714 1229 2034 1287 quamquam
2063 1232 2133 1275 ne

542 1299 804 1367 modestis
835 1300 1054 1374 quidem
1087 1309 1206 1357 erat
1231 1301 1320 1358 illa
1340 1342 1358 1369 ,
1386 1302 1482 1358 sed
1510 1318 1636 1359 vera
1660 1304 1947 1361 confessio.
1976 1306 2129 1375 Quod

540 1380 590 1449 si
611 1389 719 1449 hoc
745 1399 947 1448 tantam
974 1390 1082 1446 vim
1112 1390 1297 1459 habet,
1324 1395 2009 1466 quanto,qu:eso,majorem
2035 1396 2131 1453 lia-

540 1482 715 1542 bittm
742 1492 827 1540 est
856 1483 1166 1539 humilitas?
1195 1483 1266 1541 lis
1284 1526 1300 1552 ,
1331 1486 1419 1555 qui
1449 1485 1505 1540 in
1536 1495 1591 1542 te
1615 1486 1937 1559 deliquerint
1957 1532 1972 1557 ,
2005 1506 2128 1561 pec-

534 1582 661 1635 cata
684 1574 901 1630 remitte
925 1594 940 1630 :
968 1589 1088 1629 nam
1120 1573 1244 1631 binc
1269 1590 1485 1646 quoque
1510 1586 1728 1647 peccata
1756 1580 2121 1639 remittuntur.

536 1665 614 1721 Ac
636 1663 708 1722 de
727 1666 897 1739 priori
920 1666 1139 1737 quidem
1159 1667 1256 1735 ait,
1284 1663 1404 1724 Vidi
1424 1669 1563 1740 quod
1586 1671 1919 1726 ambulaverit
1944 1674 2121 1740 tristis,

533 1762 585 1809 es
619 1757 799 1813 mei
840 1756 949 1813 vias
981 1762 1095 1828 eius
1118 1757 1139 1829 (
1160 1756 1290 1814 Issi.
1318 1758 1408 1815 57.
1440 1759 1509 1815 ts
1531 1759 1581 1826 );
1610 1770 1663 1816 et
1692 1762 1744 1815 in
1774 1760 1956 1821 Achab
1982 1764 2123 1839 istud

536 1844 630 1904 Dei
658 1848 796 1923 iram
817 1850 1033 1909 sustulit
1061 1851 1138 1919 (5.
1167 1849 1296 1921 Reg.
1323 1849 1457 1921 3'):
1483 1851 1552 1907 de
1578 1853 1875 1921 posteriore
1900 1863 2079 1910 autem
2100 1896 2117 1922 ,

532 1934 787 1993 Diniam
805 1979 824 2004 ,
853 1948 902 2001 et
928 1939 1209 2005 dimittetur
1233 1939 1371 1995 vobis
1391 1940 1412 2013 (
1432 1934 1562 2004 Lse.
1592 1940 1644 2001 6.
1674 1940 1743 1997 37
1762 1941 1803 2012 ).
1838 1941 1935 1997 Est
1956 1944 2117 1999 etiam

528 2028 639 2086 alia
662 2018 773 2098 vis,
795 2028 896 2089 hoc
920 2028 1266 2100 pharmacum
1296 2031 1451 2087 nobis
1474 2033 1673 2096 ferens,
1697 2032 1962 2088 scelerum
1982 2047 2116 2090 con-

525 2116 806 2181 demnatio
831 2118 973 2187 ςρυὶς
995 2120 1129 2176 enim
1169 2128 1222 2175 tu
1258 2121 1398 2189 prior
1422 2120 1708 2189 iniquitates
1735 2131 1880 2187 tuas,
1909 2124 2113 2195 inquit,

528 2219 588 2266 stt
602 2211 905 2282 ,διαίρεοά
927 2208 1079 2279 (Issi.
1109 2212 1199 2267 45.
1224 2211 1341 2282 26).
1372 2212 1502 2267 Illud
1533 2214 1659 2270 item
1692 2225 1908 2284 peccata
1935 2215 2110 2286 delet,

528 2300 573 2355 si
616 2300 922 2364 calunitate
955 2300 1179 2358 aﬂ‘oetus
1207 2303 1404 2373 gratias
1431 2318 1595 2375 agas;
1625 2313 1683 2360 et
1708 2320 1829 2375 qua
1865 2306 2112 2362 omnibus

524 2390 832 2457 antecellit,
851 2393 1218 2464 eleemosyna.
1251 2394 1482 2451 Numera
1513 2396 1671 2466 igitur
1699 2396 1955 2460 remedia,
1988 2396 2111 2467 qui-

526 2481 632 2537 bus
668 2482 888 2537 vulnera
930 2494 1017 2541 tua
1058 2496 1314 2541 sanantur
1346 2496 1547 2556 :atque
1570 2487 1748 2542 omnia
1776 2487 2111 2545 continenter

522 2572 1115 2642 impone,ltttntilitatem
1137 2590 1347 2645 nempe.
1361 2575 1775 2653 confessionem,
1796 2577 2105 2647 iniuriarum

524 2663 845 2720 oblivionem
871 2707 887 2733 ,
914 2667 1203 2735 gratiarum
1232 2667 1497 2723 actionem
1538 2667 1591 2723 in
1631 2667 1792 2725 rebus
1825 2668 2062 2724 adversis
2083 2705 2102 2734 ,

1297 286 1355 345 s.
1393 286 1686 349 summa
1705 272 2180 349 consuerunt
2216 289 2530 355 ARCHIEP.
2570 297 3097 362 CONSTANTINOP.

3724 306 3821 366 ιίε

2240 409 2664 467 memrdiam
2694 414 2752 467 in
2792 416 3043 484 iuvandis
3081 424 3185 477 tam
3216 420 3438 488 pecunia
3466 435 3625 492 quam
3650 425 3820 481 studio

2239 505 2403 569 atque
2427 498 2605 557 officio
2643 505 2900 572 proximis
2923 548 2939 571 ,
2977 506 3158 565 firmas
3194 509 3422 582 denique
3452 527 3515 569 ac
3541 515 3819 574 continuas

2242 602 2449 659 preces.
2472 590 2562 647 Sic
2581 593 2737 650 vidua
2761 596 2851 652 illa
2873 597 3119 656 immanis
3138 601 3281 659 illius
3302 611 3356 661 et
3373 605 3607 662 crudelis
3626 609 3820 677 iudicis

2239 678 2477 737 animum
2512 683 2774 755 mitigavit
2803 687 2822 757 (
2849 684 2981 743 Luc.
3011 689 3142 759 18).
3170 690 3323 760 Quod
3348 694 3394 749 si
3422 694 3511 750 illa
3542 696 3777 767 iniquum
3800 740 3815 765 ,

2237 780 2438 841 quanto
2474 775 2647 845 magis
2684 785 2739 832 tu
2769 787 3103 842 mansuetum
3128 796 3193 836 ac
3223 782 3475 840 facilem?
3512 785 3611 843 Est
3637 798 3691 843 et
3718 789 3816 845 alia

2238 872 2433 931 prater
2468 878 2596 928 ess,
2627 881 2761 936 quas
2789 872 3357 940 commemoravimus,
3388 875 3504 940 via,
3537 891 3731 947 nempe
3754 880 3817 934 iis

2236 953 2326 1024 qui
2356 953 2547 1025 injuria
2574 955 2882 1015 afficiuntur
2900 1000 2915 1026 ,
2942 962 3194 1031 pmsidio
3217 977 3339 1022 esse
3366 983 3380 1021 :
3406 962 3648 1027 Judieats
3673 969 3812 1024 enim

2236 1044 2451 1113 pupillo,
2479 1044 2669 1116 inquit,
2698 1056 2747 1102 et
2769 1048 2974 1123 uiduam
2991 1051 3271 1121 justi/irate
3291 1068 3316 1109 .’
3330 1065 3377 1109 et
3401 1057 3561 1111 venite
3581 1065 3629 1110 et
3649 1059 3815 1129 dispa-

2235 1140 2394 1188 tentus
2415 1150 2436 1187 :
2455 1144 2504 1192 et
2524 1137 2569 1190 si
2593 1139 2781 1208 fuerint
2802 1150 3009 1207 peccata
3027 1152 3188 1197 uestra
3211 1144 3339 1202 situt
3359 1148 3616 1205 coccinum
3634 1196 3656 1214 ,
3668 1149 3815 1217 quod

2233 1224 2396 1278 nivem
2432 1241 2494 1279 eo
2533 1226 2776 1284 deatbabo
2808 1227 2978 1300 (Isai.
3011 1231 3065 1286 1.
3105 1233 3191 1288 16.
3222 1233 3353 1305 17).
3383 1236 3620 1301 Quanam
3651 1252 3815 1307 porro

2231 1316 2575 1373 excusatione
2603 1319 2753 1391 digni
2779 1322 2980 1378 erimus
3001 1364 3018 1391 ,
3049 1324 3096 1380 si
3124 1340 3245 1381 cum
3278 1337 3355 1383 tot
3381 1328 3491 1384 vias
3522 1328 3811 1391 habeamus

2229 1424 2330 1466 nos
2366 1411 2421 1465 in
2459 1412 2650 1471 catlum
2689 1415 3092 1484 subvehentes,
3122 1433 3243 1475 cum
3280 1428 3355 1477 tot
3382 1420 3664 1493 pharmace
3689 1438 3809 1494 qua

2228 1500 2536 1558 vulneribus
2563 1502 2913 1573 medeantur,
2940 1508 3101 1563 etiam
3132 1517 3253 1577 post
3284 1509 3602 1581 baptismum
3631 1514 3682 1568 in
3707 1514 3807 1570 iis-

2227 1591 2350 1648 dem
2373 1593 2497 1649 vita:
2521 1595 2713 1653 studiis
2736 1600 3177 1666 perseveremus?
3198 1599 3297 1667 Ne,
3324 1616 3523 1673 quam,
3554 1619 3805 1674 perseve-

2226 1698 2407 1739 remus
2425 1725 2439 1750 ,
2467 1699 2652 1741 verum
2680 1686 2717 1741 ii
2743 1688 2995 1758 quidem,
3024 1690 3111 1759 qui
3143 1689 3377 1746 nondum
3408 1691 3539 1762 lapsi
3563 1703 3723 1761 sunt,
3751 1694 3804 1749 in

2224 1786 2321 1830 sua
2352 1776 2746 1844 pulchritudine
2771 1786 3040 1848 perstent,
3067 1779 3178 1835 imo
3209 1794 3327 1837 eam
3352 1782 3520 1851 magis
3544 1797 3608 1838 ac
3634 1786 3807 1856 magis

2222 1866 2470 1921 excolam
2494 1868 2659 1937 (nam
2697 1869 2907 1924 etiamsi
2952 1870 3207 1939 praelata
3244 1871 3361 1927 hcc
3384 1871 3558 1928 officia
3587 1883 3807 1943 peccata

2221 1956 2365 2011 nulla
2403 1957 2680 2027 reperiant
2698 1998 2720 2022 ,
2746 1959 3149 2017 cumulatiotem
3177 1971 3323 2020 certe
3351 1963 3802 2034 pulcbrihdinem

2218 2045 2502 2118 reddunt):
2524 2062 2626 2107 nos
2641 2060 2795 2115 vero,
2817 2049 2907 2121 qui
2931 2060 3145 2121 peccata
3164 2053 3331 2108 multa
3353 2054 3797 2125 perpetrabant,

2216 2138 2285 2194 ad
2314 2139 2703 2196 correctionem
2736 2155 2798 2195 ea
2832 2156 2950 2211 qua:
2976 2142 3210 2200 diximus
3232 2144 3578 2202 adhibeamus
3602 2162 3622 2203 :
3643 2155 3708 2202 ιιι
3729 2146 3799 2202 ad

2216 2226 2414 2283 Christi
2454 2228 2686 2285 tribunal
2715 2245 2836 2285 cum
2864 2246 3053 2302 magna
3089 2232 3282 2289 fiducia
3309 2234 3614 2303 adstemus;
3646 2238 3799 2309 cujus

2217 2324 2416 2378 utinam
2448 2339 2547 2379 nos
2573 2338 2763 2380 omnes
2804 2326 3091 2397 participes
3128 2329 3329 2393 simus,
3361 2344 3457 2398 per
3492 2332 3715 2401 gratiam
3740 2342 3798 2388 et

2214 2414 2593 2485 benignitatem
2636 2413 2846 2471 Domini
2886 2418 3057 2472 nostri
3095 2416 3223 2473 Iesu
3261 2417 3459 2474 Christi
3484 2460 3500 2485 ,
3528 2435 3650 2476 cum
3687 2436 3796 2491 quo

2211 2505 2356 2563 Patri
2400 2515 2456 2562 ct
2494 2504 2714 2577 Spiritui
2753 2515 2941 2563 sancto
2980 2506 3147 2578 gloria
3170 2546 3189 2575 ,
3219 2509 3500 2580 imperium
3522 2551 3539 2577 ,
3582 2515 3792 2579 honor,

2210 2611 2352 2653 nunc
2374 2606 2429 2653 et
2457 2611 2702 2668 semper,
2732 2604 2790 2652 et
2820 2598 2874 2653 in
2900 2596 3096 2653 mula
3120 2598 3458 2658 seculorum.
3488 2601 3682 2657 Amen.

1925 2869 2268 2933 HOMILIA
2327 2865 2404 2927 ν.

514 3015 642 3069 Car.
680 3012 734 3069 2.
764 3029 814 3069 ν.
857 3014 944 3071 12.
984 3013 1113 3070 Cum
1136 3023 1303 3069 autem
1331 3015 1573 3069 uenissem
1596 3013 1847 3068 Troadem
1885 3022 2095 3085 prapter

580 3105 894 3177 euangelium
919 3103 1108 3161 Christi
1131 3148 1147 3173 ,
1178 3116 1224 3161 et
1247 3107 1433 3161 ostium
1472 3105 1595 3159 mihi
1612 3114 1848 3177 apertum
1874 3113 1999 3159 esset
2038 3104 2092 3157 in

578 3196 841 3264 Domino,
891 3198 979 3253 13.
1023 3214 1126 3251 non
1153 3198 1306 3251 habui
1333 3199 1557 3265 requiem
1601 3197 1806 3267 spiritui
1832 3211 1944 3250 meo
1972 3234 1988 3261 ,
2035 3210 2092 3268 eo

577 3286 714 3356 quod
741 3302 841 3339 non
866 3285 1141 3340 invenerim
1163 3283 1336 3340 Titum
1361 3285 1575 3355 fratrem
1602 3301 1790 3342 meum.

500 3446 503 3447 ν
581 3379 635 3431 1.
660 3376 786 3430 llaec
811 3376 1023 3447 quidem
1053 3374 1216 3431 verba
1244 3374 1458 3445 indigna
1477 3374 1646 3430 Paulo
1672 3388 1795 3430 esse
1820 3375 2084 3438 videntur,

510 3480 704 3537 nempe
726 3467 869 3537 quod
897 3466 967 3522 ob
989 3466 1169 3523 fratris
1193 3465 1490 3521 absentiam
1524 3474 1723 3520 tantam
1751 3465 1938 3520 salutis
1961 3463 2089 3518 aﬂ‘e-

508 3556 690 3613 renda:
714 3557 1051 3614 occasionem
1093 3555 1370 3627 abiecerit.
1412 3556 1491 3611 Ac
1536 3563 1796 3626 praterca
1838 3554 2087 3608 videntur

506 3650 607 3704 ista
637 3664 742 3704 non
772 3649 901 3705 satis
939 3663 1059 3703 cum
1088 3648 1354 3720 prioribus
1385 3647 1678 3703 cohaerere.
1717 3646 1855 3715 Quid
1885 3645 2090 3716 igitur?

506 3738 666 3794 vultis
692 3748 749 3795 ut
775 3739 921 3809 prius
952 3738 1256 3804 ostendam,
1279 3752 1402 3792 eum
1433 3736 1569 3790 nibil
1599 3737 1777 3805 seipso
1809 3734 2086 3805 indignum

505 3827 749 3890 dixisse?
777 3836 871 3882 aut
898 3827 1014 3883 haec
1042 3826 1109 3880 ad
1135 3826 1331 3881 seriem
1364 3824 1669 3895 quadrare?
1713 3824 1833 3881 Meo
1871 3824 2085 3895 quidem

500 3917 706 3989 judicio
732 3917 900 3973 satius
928 3916 1087 3973 fuerit
1108 3958 1126 3984 ,
1169 3917 1434 3987 posterius
1461 3915 1642 3988 priore
1671 3916 1788 3971 loco
1830 3916 2084 3972 demons-

504 4018 648 4063 trare
676 4028 690 4064 ;
714 4007 793 4062 sic
817 4007 963 4062 enim
989 4006 1218 4063 alterum
1245 4021 1456 4076 quoque
1483 4005 1687 4060 facilius
1716 4020 1780 4061 ac
1802 4005 2085 4061 dilucidius

505 4096 687 4151 fuerit.
733 4096 1013 4164 Quomodo
1038 4095 1199 4167 igitur
1226 4096 1342 4150 haec
1367 4110 1492 4150 cum
1518 4095 1884 4164 superioribus
1906 4094 2085 4149 cohae-

503 4185 670 4240 rent?
708 4186 800 4240 illa
831 4187 944 4254 ipsa
975 4185 1029 4238 in
1060 4184 1373 4239 memoriam
1419 4183 1723 4251 redigamus
1748 4222 1764 4249 ,
1803 4192 1965 4252 atque
2011 4182 2083 4236 ita

501 4274 644 4331 istud
676 4274 1050 4341 intelligemus.
1099 4275 1353 4340 Quaenam
1388 4272 1545 4343 igitur
1577 4272 1664 4328 illa
1714 4273 1906 4327 erant?
1951 4270 2083 4340 Quae

500 4366 657 4422 initio
689 4366 942 4435 dicebat,
983 4364 1122 4421 Nolo
1152 4383 1237 4421 vos
1256 4368 1491 4438 ignorare
1518 4367 1581 4420 de
1605 4366 1928 4420 tribulatione
1968 4383 2082 4437 quae

500 4459 642 4527 facta
664 4464 738 4513 est
761 4456 905 4511 nobis
923 4456 978 4512 in
1006 4455 1130 4510 Asia
1151 4498 1167 4526 ,
1197 4457 1435 4529 quoniam
1462 4473 1618 4526 supra
1644 4456 1851 4510 modum
1884 4457 2081 4528 gravati

494 4564 674 4603 sumus
713 4564 871 4621 supra
907 4547 1158 4602 virtutem.
1222 4546 1415 4603 Postea
1479 4556 1657 4603 autem
1711 4547 1800 4602 ubi
1847 4547 2081 4603 ostendit

495 4636 768 4706 quomodo
813 4637 1068 4694 liberatus
1111 4638 1214 4701 sit,
1262 4651 1432 4705 eaque
1461 4652 1579 4705 quae
1624 4637 1678 4693 in
1726 4637 1905 4693 medio
1952 4646 2079 4694 sunt

493 4724 784 4795 interiecit,
830 4725 1135 4781 necessario
1188 4740 1376 4780 rursus
1422 4726 1580 4781 docet
1622 4742 1681 4781 se
1719 4728 1824 4782 alio
1867 4730 2077 4798 queque

495 4813 659 4870 modo
673 4813 926 4869 afﬂictum
947 4812 1131 4867 fuisse.
1153 4811 1256 4879 Qui
1283 4812 1495 4867 tandem
1526 4814 1699 4869 istud?
1724 4815 1875 4884 Quod
1899 4817 2073 4871 Titum

493 4921 602 4963 nou
626 4904 911 4961 invenerit.
936 4903 1149 4959 Etenim
1178 4902 1320 4958 istud
1346 4903 1559 4973 quidem
1588 4920 1749 4975 grave
1778 4916 1883 4972 est,
1915 4916 2075 4977 atque

484 4998 560 5056 ad
608 4980 1059 5071 consternaudum
1106 4995 1347 5052 animum
1387 5010 1632 5066 magnam
1663 4999 1770 5052 vim
1818 4998 2023 5054 habens
2050 5040 2066 5064 ,

492 5104 687 5159 nempe
718 5090 1041 5145 tentationes
1070 5078 1255 5144 subire
1284 5103 1298 5139 :
1329 5095 1382 5140 at
1413 5102 1533 5141 cum
1578 5088 1728 5143 deest
1758 5089 1848 5158 qui
1875 5103 2070 5144 conso-

495 5180 636 5234 letur
656 5180 1028 5249 sarcinamque
1056 5194 1161 5234 una
1193 5178 1419 5235 sufferre
1446 5185 1626 5247 queat,
1658 5186 1766 5231 tum
1795 5178 1966 5247 major
1990 5187 2073 5233 est

492 5280 803 5340 tempestas.
834 5267 984 5325 Titus
1015 5285 1173 5339 porro
1202 5272 1317 5340 ipse
1342 5278 1461 5335 est,
1505 5282 1663 5337 quem
1706 5268 1839 5322 infra
1870 5268 1938 5321 ab
1965 5269 2069 5323 illis

490 5358 561 5414 ad
583 5374 642 5416 so
670 5360 880 5421 venisse
920 5358 1128 5427 refert,
1152 5368 1205 5415 et
1229 5360 1298 5416 de
1326 5375 1435 5431 quo
1460 5359 1659 5413 multas
1693 5372 1755 5413 ac
1783 5359 2066 5427 przeclaras

490 5450 677 5508 laudes
701 5460 966 5518 recenset,
993 5466 1259 5522 quemque
1284 5467 1315 5506 a
1340 5469 1401 5508 se
1428 5454 1650 5507 missum
1676 5466 1797 5506 esse
1831 5450 2063 5509 dicebat.

493 5541 565 5599 Ut
583 5544 827 5599 ostendat
850 5559 979 5613 ergo
1002 5558 1060 5599 se
1081 5545 1315 5617 ipsorum
1338 5559 1497 5601 causa
1530 5545 1663 5599 hanc
1688 5557 1897 5613 quoque
1928 5545 2063 5599 afﬂi-

490 5631 722 5688 ctionem
748 5633 975 5691 subiisse
998 5674 1014 5704 ,
1048 5633 1129 5691 bis
1159 5634 1334 5696 verbis
1363 5650 1491 5694 usus
1539 5643 1639 5693 est.
1686 5634 1836 5702 Quod
1882 5637 2058 5707 itaque

2201 3008 2319 3064 haec
2373 3001 2534 3059 verba
2588 3002 2811 3073 pulchre
2856 3016 2979 3058 cum
3027 3005 3391 3072 superioribus
3431 2996 3788 3081 cohaereant,

2198 3094 2324 3151 hinc
2351 3093 2635 3165 perspicue
2662 3101 2847 3162 patet;
2874 3091 3017 3163 quod
3046 3104 3224 3150 autem
3247 3094 3412 3153 Paulo
3436 3114 3545 3155 non
3571 3101 3787 3173 indigna

2194 3185 2303 3241 sint
2322 3222 2341 3251 -,
2375 3182 2427 3239 id
2447 3197 2661 3255 quoque
2686 3180 2905 3251 planum
2935 3181 3113 3241 facere
3139 3187 3400 3245 conabor.
3432 3187 3616 3262 Neque
3639 3193 3789 3250 enim

2197 3277 2298 3329 boc
2326 3273 2458 3329 dicit
2484 3312 2501 3339 ,
2532 3271 2675 3341 quod
2702 3270 2807 3326 Titi
2844 3270 3086 3328 absentia
3129 3289 3315 3330 eorum
3339 3316 3356 3343 ,
3399 3276 3491 3347 qui
3520 3279 3587 3334 ad
3618 3278 3785 3340 fidem

2193 3365 2467 3421 accessuri
2493 3370 2682 3430 erant,
2722 3362 2880 3417 saluti
2923 3379 3129 3420 moram
3176 3365 3451 3436 attulerit,
3499 3385 3601 3427 nec
3636 3373 3787 3445 quod

2193 3467 2477 3527 propterea
2508 3469 2602 3509 eos
2629 3454 2718 3524 qui
2764 3453 2925 3510 fidem
2952 3466 3301 3527 susceperant
3346 3465 3733 3532 contempserit
3762 3504 3781 3532 ,

2192 3544 2287 3599 sed
2318 3543 2462 3613 quod
2492 3544 2730 3612 requiem
2762 3558 2866 3598 non
2896 3542 3162 3611 habuerit,
3210 3547 3313 3601 hoc
3335 3555 3419 3603 est
3444 3590 3461 3615 ,
3499 3550 3573 3604 ob
3598 3534 3786 3611 fratris

2190 3632 2488 3687 absentiam
2516 3634 2567 3687 in
2595 3633 2885 3688 afﬂictione
2908 3648 2973 3690 ac
2996 3634 3186 3691 dolore
3219 3646 3463 3696 versatus
3490 3640 3563 3695 sit
3588 3658 3602 3708 ;
3650 3642 3783 3701 hinc

2191 3724 2441 3778 nimirum
2477 3725 2767 3780 ostendens
2806 3726 2991 3796 quanti
3036 3731 3295 3785 momenti
3340 3732 3412 3785 sit
3453 3731 3634 3791 fratris
3682 3737 3784 3791 ab-

2190 3817 2398 3879 sentia;
2424 3824 2585 3885 atque
2616 3815 2736 3870 Ideo
2763 3814 2912 3870 illinc
2940 3818 3253 3873 excesserit.
3290 3818 3428 3886 Quid
3452 3832 3630 3880 autem
3660 3827 3781 3883 haec

2187 3904 2351 3958 verba
2395 3904 2497 3960 sibi
2541 3904 2765 3971 volunt,
2815 3902 2942 3958 Cum
2984 3908 3227 3962 venissem
3275 3906 3525 3965 Troadem
3570 3926 3780 3986 prapter

2187 3996 2500 4065 evangelium
2518 3996 2543 4047 ?
2570 3994 2685 4049 Non
2712 4036 2727 4060 ,
2754 3995 2964 4065 inquit,
3012 4006 3214 4054 temere
3238 4014 3304 4055 eo
3332 4001 3601 4071 profectus
3626 4022 3774 4075 sum,

2186 4084 2281 4139 sed
2313 4094 2369 4139 ut
2400 4085 2768 4155 praedicarem.
2813 4085 2881 4142 Et
2918 4094 3094 4143 tamen
3124 4088 3249 4144 licet
3279 4104 3343 4145 ea
3386 4090 3455 4147 de
3499 4108 3659 4150 causa
3701 4111 3774 4157 eo

2185 4188 2274 4228 me
2321 4176 2665 4231 contulissem
2694 4217 2709 4243 ,
2769 4191 2833 4232 ac
2899 4179 3189 4239 maximum
3235 4194 3370 4251 opus
3408 4186 3772 4253 reperissem;

2189 4266 2388 4322 Ostium
2432 4270 2576 4324 enim
2626 4271 2753 4324 mihi
2800 4280 3032 4340 apertum
3075 4281 3200 4327 esset
3238 4273 3294 4327 in
3334 4271 3557 4329 Domino
3581 4293 3603 4342 ;
3649 4277 3771 4334 Non

2184 4361 2336 4415 habui
2359 4364 2596 4430 requiem,
2618 4363 2813 4432 inquit:
2832 4363 3041 4418 tametsi
3072 4379 3175 4419 non
3198 4373 3482 4434 propterea
3505 4382 3639 4437 opus
3663 4370 3765 4425 im-

2184 4453 2417 4521 peditum
2447 4452 2623 4508 fuerit.
2669 4452 2777 4507 Cur
2805 4450 2931 4524 ergo
2961 4453 3129 4521 dicit,
3158 4454 3246 4508 15.
3286 4453 3603 4526 Vafefaciens
3647 4462 3719 4515 eis
3747 4500 3764 4528 ,

2180 4541 2280 4595 abii
2308 4543 2333 4595 .9
2372 4543 2484 4599 Hoc
2511 4552 2632 4606 est,
2680 4559 2791 4613 pra:
2838 4543 3001 4598 animi
3032 4545 3273 4613 angustia
3323 4560 3386 4601 ac
3423 4548 3610 4604 dolore
3656 4567 3763 4607 non

2181 4633 2434 4689 diuturno
2485 4645 2726 4705 tempore
2772 4635 2882 4690 illic
2927 4644 3165 4690 moratus
3208 4650 3346 4691 sum.
3392 4640 3468 4694 Ac
3535 4639 3763 4698 fortasse

2181 4723 2338 4776 etiam
2363 4724 2502 4777 illius
2528 4724 2767 4779 absentia
2786 4724 2999 4795 negotio
3021 4724 3456 4795 impedimentum
3484 4727 3761 4787 afferebat.

2179 4814 2294 4869 Hoc
2323 4830 2483 4884 porro
2512 4830 2617 4870 non
2645 4832 2823 4887 parva:
2848 4831 3059 4887 quoque
3086 4818 3441 4876 consolationi
3466 4819 3593 4887 ipsis
3621 4832 3759 4876 erat.

2177 4904 2307 4959 Nam
2336 4906 2402 4970 si,
2442 4920 2561 4960 cum
2593 4906 2735 4961 fores
2768 4906 2874 4962 illic
2903 4916 3103 4978 aperta:
3132 4917 3335 4973 essent,
3363 4915 3524 4976 atque
3548 4910 3615 4964 ob
3640 4926 3763 4967 eam

2176 5010 2390 5050 causam
2418 4998 2691 5063 venisset,
2723 5000 2974 5068 quoniam
2998 4998 3216 5053 fratrem
3247 5013 3351 5051 non
3380 4998 3604 5065 invenit,
3630 5018 3765 5057 con-

2175 5087 2351 5143 festim
2377 5090 2659 5155 abscessit,
2676 5091 2845 5145 multo
2862 5091 3065 5161 aequius
3086 5100 3187 5153 est,
3203 5088 3391 5157 inquit,
3412 5105 3506 5145 vos
3524 5095 3760 5161 negotio-

2174 5194 2290 5233 rum
2322 5181 2580 5250 angustiis
2608 5196 2671 5235 ac
2702 5179 3107 5236 necessitatibus
3137 5178 3415 5247 ignoscere
3437 5222 3451 5247 ,
3498 5197 3617 5251 quae
3659 5198 3764 5237 nos

2173 5286 2599 5343 quaquaversum
2637 5282 2801 5342 agunt
2819 5286 2880 5325 ac
2896 5270 3280 5337 circumagunt,
3299 5284 3397 5324 nec
3416 5272 3482 5326 ad
3508 5287 3602 5327 eos
3622 5288 3763 5343 quos

2175 5363 2415 5417 volumus
2432 5364 2692 5417 arbitratu
2711 5372 2896 5417 nostro
2914 5359 3199 5430 proﬁcisci,
3212 5374 3274 5416 ac
3290 5360 3491 5418 diutius
3506 5365 3644 5433 apud
3660 5380 3762 5421 cos

2170 5454 2366 5508 morari
2399 5454 2599 5508 sinunt.
2636 5452 2789 5508 Unde
2815 5452 2998 5515 etiam,
3024 5460 3083 5504 ut
3109 5465 3266 5519 supra
3303 5454 3534 5523 spiritui,
3566 5455 3637 5511 ita
3663 5455 3763 5513 hic

2170 5558 2380 5614 quoque
2421 5545 2531 5599 Deo
2573 5542 3034 5613 peregrinationes
3078 5557 3200 5598 suas
3239 5545 3588 5612 adscribens,
3633 5546 3760 5605 haec

2169 5636 2437 5709 Subiungit
2460 5654 2470 5691 :
2490 5636 2573 5692 l-i.
2601 5636 2703 5691 Dco
2722 5645 2887 5691 autem
2909 5635 3116 5707 gratias,
3140 5640 3227 5708 qui
3254 5639 3766 5712 sempertriutuphat
