4002 6218
576 322 683 379 ΗΟ

572 435 650 507 μὴ
690 431 817 503 δόξῃ
849 428 1206 502 ὀλοφύρεσθαι
1253 429 1429 483 ταῦτα
1469 429 1645 497 λέγων
1665 468 1681 493 ,
1710 429 1927 495 ἐπάγει,
1955 429 2134 482 δτιού

571 528 734 596 μόνον
777 540 877 576 ουκ
907 521 1184 590 ἀλγοῦμεν
1235 522 1294 573 ἐν
1320 523 1442 583 ταῖς
1473 519 1687 589 θλίψεσι
1725 519 1974 584 ταύταις,
1999 520 2137 574 ἀλλά

571 617 667 668 καὶ
703 614 964 685 χαίρομεν
993 629 1008 642 ·
1046 612 1139 664 καὶ
1180 610 1247 663 τδ
1288 604 1476 680 μεῖζον
1497 649 1514 675 ,
1567 610 1629 663 οὐ
1683 609 1794 664 τῶν
1833 610 2136 681 μελλόντων

566 704 753 757 ινεκεν
793 703 951 772 μόνον
979 699 1253 762 ἐπάθλων,
1285 699 1423 753 ἀλλά
1454 699 1548 751 καὶ
1584 698 1763 752 αὐτῶν
1788 700 1903 754 τῶν
1935 701 2138 771 παρόν⁶

564 812 676 848 των
702 808 716 824 ⁸
733 795 845 848 καὶ
877 795 986 862 γάρ
1013 789 1246 845 ἐνταῦθά
1273 791 1441 860 ἐσμεν
1461 790 1705 862 λαμπροὶ
1727 792 1793 844 ἐκ
1813 791 2018 846 τούτων
2043 792 2137 846 καὶ

568 885 908 956 περιφανεῖς.
931 880 1197 934 Τοσοῦτον
1223 881 1403 934 τοίνυν
1436 881 1717 956 ἀπέχομεν
1745 881 1840 935 τοῦ
1876 881 2095 953 θρηνεῖν
2117 921 2133 946 ,

567 955 655 1030 δτι
681 971 778 1028 καὶ
814 971 1083 1044 θρίαμϐον
1113 970 1175 1023 τὸ
1217 971 1451 1042 πρᾶγμα
1473 955 1768 1041 καλοῦμεν,
1804 972 1902 1024 καὶ
1937 972 2138 1040 ἐγκαλο

567 1062 923 1134 λωπιζόμεθα
961 1064 1075 1124 τοῖς
1139 1061 1464 1132 γινομένοις.
1488 1063 1578 1115 Διὸ
1611 1062 1706 1116 καὶ
1741 1062 1917 1130 έλεγε,
1954 1062 2038 1126 Τῷ
2068 1062 2136 1116 δὲ

565 1155 695 1221 8εῷ
723 1154 896 1224 χάρις
924 1151 1005 1217 τῷ
1024 1150 1281 1206 πάντοτε
1309 1150 1469 1221 ἡμᾶς
1501 1154 1906 1222 θριαμϐεύοντι
1932 1165 1948 1184 ⁶
1975 1169 2133 1205 τουτ-

564 1249 720 1310 έστι,
785 1243 866 1314 τῷ
913 1244 1048 1296 πᾶσι
1093 1241 1337 1296 ποιοῦντι
1383 1245 1724 1312 περιφανεῖς.
1761 1245 1825 1295 ⁸0
1857 1243 1966 1313 γάρ
1989 1243 2139 1296 δοκεῖ

567 1335 709 1392 εἶναι
748 1335 1007 1406 ἀτιμίας,
1030 1333 1091 1386 τὸ
1120 1333 1384 1387 πάντοθεν
1411 1331 1752 1394 ἐλαύνεσθαι,
1777 1330 1935 1384 τοῦτο
1971 1335 2136 1403 τιμῆς

563 1431 694 1500 ἡμῖν
723 1423 865 1481 εῐναι
893 1424 1142 1494 φαίνεται
1170 1424 1452 1494 μεγίστης.
1479 1423 1572 1475 Διδ
1599 1423 1706 1478 οὐκ
1725 1421 1845 1476 εἷπε
1864 1464 1880 1489 ,
1915 1424 2005 1494 Τῷ
2033 1440 2133 1477 κα-

562 1521 827 1604 τφδήλους
847 1515 1110 1604 ποιοῦντι,
1130 1513 1287 1580 ἀλλὰ,
1319 1513 1401 1578 Τῷ
1430 1513 1866 1581 θριαμϐεύοντι·
1897 1513 2131 1578 δεικνὺς,

563 1597 648 1665 δτι
677 1611 727 1664 οί
766 1607 998 1678 διωγμοὶ
1041 1597 1192 1659 οὖτοι
1229 1603 1472 1674 τρόπαια
1501 1607 1700 1674 συνεχῆ
1733 1603 1875 1657 κατά
1896 1603 1990 1658 τοῦ
2020 1605 2134 1657 δια-

565 1702 726 1754 ϐόλου
771 1697 1052 1768 πανταχοῦ
1085 1697 1186 1766 τῆς
1230 1696 1332 1765 γῆς
1366 1695 1679 1749 ἀνιστῶσιν.
1707 1691 1840 1750 Εἶτα
1877 1696 2015 1766 μετά
2037 1694 2133 1748 τοῦ

563 1789 998 1862 θριαμϐεύοντος
1036 1787 1150 1850 θεὶς
1174 1786 1270 1840 καὶ
1302 1785 1401 1857 τήν
1429 1786 1704 1841 ὑπόθεσιν.
1731 1787 1979 1856 ἀνίστησι
2004 1787 2134 1840 κάν-

563 1883 749 1936 τεῦθεν
764 1881 854 1934 τὸν
874 1878 1251 1949 ἀκροατήν.οὐ
1268 1876 1374 1948 γὰρ
1390 1877 1546 1946 μόνον
1560 1877 1663 1929 ὐπὺ
1679 1876 1773 1930 τοῦ
1788 1877 1922 1928 Θεοῦ
1935 1876 2134 1946 θριαμ-

563 1970 837 2041 ϐευόμεθα
863 2007 878 2033 ,
907 1967 1046 2022 ἀλλά
1083 1969 1176 2021 καὶ
1215 1968 1274 2020 ἐν
1326 1965 1553 2037 Χριστῷ
1574 1981 1588 1995 °
1618 1965 1901 2028 τουτέστι,
1925 1964 2013 2017 διά
2045 1965 2134 2017 τὸν

563 2058 799 2130 Χριστὸν
837 2059 932 2111 καὶ
962 2057 1024 2109 τὸ
1045 2057 1327 2127 κήρυγμα.
1370 2053 1620 2106 Ἐπειδὰν
1642 2051 1747 2122 γὰρ
1773 2051 2134 2122 θριαμϐεῦσαι

563 2149 680 2222 δέῃ,
723 2148 948 2217 ἀνάγκη.
977 2147 1128 2200 πᾶσα
1170 2145 1264 2196 καὶ
1315 2143 1461 2212 ἡμᾶς
1488 2143 1613 2205 τοὺς
1645 2142 1902 2211 φέροντας
1925 2143 1984 2196 τὸ
2006 2144 2133 2214 τρό-

563 2257 728 2294 παιον
787 2235 1121 2306 καταδήλους
1149 2230 1308 2299 εἶναι,
1334 2233 1524 2304 ἐπειδὴ
1551 2232 1714 2286 αὐτὸν
1750 2232 2090 2304 βαστάζομεν
2113 2271 2130 2288 .

563 2331 662 2386 Διά
683 2327 840 2381 τοῦτο
893 2325 1246 2398 περίϐλεπτοί
1294 2327 1484 2395 ἐσμεν,
1534 2325 1631 2377 καὶ
1661 2323 2133 2393 περιφανεῖς.Καί

562 2421 680 2486 τὴν
718 2416 917 2486 ὀσμὴν
955 2415 1067 2484 τῆς
1109 2416 1385 2485 γνώσεως
1442 2413 1630 2468 αὐτοῦ
1671 2411 2031 2482 φανεροῦντι
2055 2413 2131 2466 δι’

563 2508 733 2578 ήμῶν
753 2508 822 2561 ἐν
857 2505 1033 2560 παντὶ
1059 2507 1238 2568 τόπῳ.

635 2718 701 2790 β’.
723 2719 864 2771 ’Δνω
885 2713 1027 2781 εἷπε,
1048 2715 1309 2768 Πάντοτε
1327 2710 1752 2780 θριαμϐεύοντι,
1769 2709 2021 2775 ἐνταῦθα,
2039 2708 2135 2762 Ἐν

561 2809 739 2864 παντί
761 2809 941 2871 τόπῳ,
975 2806 1142 2875 φησί’
1173 2804 1384 2866 δεικνὺς
1404 2805 1486 2856 ὅτι
1518 2802 1610 2856 καὶ
1639 2802 1801 2865 τόπος
1824 2802 1917 2854 καὶ
1940 2799 2132 2870 καιρὸς

561 2902 669 2964 πᾶς
701 2898 809 2952 τῶν
838 2897 1014 2952 ἀθλων
1041 2896 1424 2966 ἐμπέπλησται
1456 2892 1565 2946 τῶν
1595 2891 1987 2945 ἀποστολικῶν.
2023 2891 2134 2944 Kal

567 2993 726 3062 ἑτέρᾳ
776 2989 936 3042 πάλιν
979 2988 1241 3057 κέχρηται
1286 2984 1570 3054 μεταφορᾷ
1609 2985 1675 3053 τῇ
1728 2983 1828 3051 τῆς
1885 2980 2130 3044 εὐωδίας.

562 3083 827 3153 Καθάπερ
856 3081 966 3150 γὰρ
1002 3079 1170 3148 μύρον
1194 3073 1572 3146 βαστάζοντες,
1597 3072 1738 3127 οὐτω
1773 3073 1936 3126 πᾶσίν
1967 3072 2133 3141 ἐσμεν

562 3170 876 3238 κατάδηλοι,
941 3165 1122 3234 φησί’
1192 3163 1360 3234 μύρον
1418 3161 1712 3229 πολύτιμον
1777 3159 1872 3230 τὴν
1932 3157 2134 3226 γνῶσιν

564 3257 713 3330 ΓάίὶἸ]
747 3255 940 3325 λέγων.
981 3256 1089 3309 Kal
1114 3255 1211 3306 οὐκ
1243 3251 1384 3316 εἷπε,
1415 3252 1526 3320 Τήν
1556 3250 1778 3317 γνῶσιν,
1811 3249 1948 3310 ἀλλ’,
1997 3248 2133 3300 Ὀσ-

563 3351 686 3418 ιιὴν
713 3349 1007 3418 γνώσεως.
1042 3344 1292 3396 Τοιοῦτον
1321 3341 1427 3413 γάρ
1458 3342 1491 3410 ή
1521 3339 1770 3411 παροῦσα
1803 3339 2023 3408 γνῶσις,
2071 3338 2132 3390 οὐ

568 3441 770 3511 σφόδρα
807 3437 1016 3507 σαφὴς,
1051 3436 1170 3488 οὐδὲ
1206 3434 1678 3504 ἐκκεκαλυμμένη.
1722 3432 1812 3484 Διὸ
1841 3433 1935 3484 καὶ
1968 3433 2025 3485 ὲν
2067 3433 2134 3500 τῇ

566 3531 806 3601 προτέρα
857 3529 1037 3596 έλεγεν
1103 3526 1428 3594 Ἐπιστολῇ,
1478 3522 1792 3588 Βλέπομεν
1841 3522 1949 3588 γὰρ
2007 3520 2136 3584 ἄρτι

568 3621 639 3674 δι’
678 3620 976 3686 ἐσόπτρου
1014 3617 1083 3669 ἐν
1125 3615 1439 3681 αἰνίγματι,
1465 3614 1559 3664 xal
1600 3609 1830 3663 ἐνταῦθα
1869 3610 2046 3680 ὀσμὴν
2076 3610 2136 3661 τὸ

563 3711 801 3764 τοιοῦτον
823 3708 992 3778 μύρον
1010 3719 1035 3746 ι
1064 3704 1236 3758 καλεῖ.
1271 3704 1326 3756 '0
1349 3703 1404 3755 δὲ
1428 3703 1526 3773 τὴν
1547 3701 1719 3772 ὀσμὴν
1735 3701 1908 3765 εἰδὼς,
1932 3703 2012 3753 ὅτι
2040 3699 2136 3770 μὲν

565 3800 679 3853 ἔστι
701 3798 868 3870 μύρον
899 3814 999 3847 που
1026 3794 1275 3862 κείμενον
1298 3789 1426 3853 οἶδε,
1455 3789 1696 3842 ποταπὸν
1723 3789 1778 3840 δὲ
1803 3788 1899 3858 τὴν
1925 3787 2132 3850 οὐσίαν,

563 3892 766 3956 οὐκέτι,
801 3889 895 3942 έάν
936 3888 1009 3956 μὴ
1039 3886 1300 3955 πρότερον
1336 3881 1466 3933 αὐτὸ
1497 3879 1646 3942 εἰδὼς
1674 3878 1830 3949 τύχῃ.
1860 3877 2015 3929 Οὕτω
2045 3876 2138 3928 καὶ

563 3984 744 4053 ἡμεῖς,
777 3981 857 4031 ὅτι
893 3977 992 4047 μὲν
1024 3976 1141 4028 ἐστι
1187 3974 1316 4036 Θεὸς
1359 3971 1537 4042 ίσμεν,
1583 3973 1632 4024 τί
1678 3970 1733 4021 δὲ
1781 3971 1876 4039 τὴν
1923 3967 2134 4030 οὐσίαν,

563 4073 764 4126 οὐκέτι.
820 4070 1030 4138 Ὥσπερ
1076 4063 1169 4119 οὖν
1220 4063 1573 4134 θυμιατήριόν
1619 4063 1785 4130 ἐσμεν
1841 4058 2135 4128 βασιλικὸν,

563 4166 695 4216 ὅπου
721 4161 784 4213 ἂν
809 4158 1129 4226 ἀπέλθωμεν
1156 4155 1250 4208 τοῦ
1272 4155 1519 4226 οὐρανίου
1549 4152 1800 4212 πνέοντες
1825 4149 2020 4219 μύρου,
2045 4147 2139 4199 καὶ

564 4259 664 4327 τῆς
702 4257 1080 4322 πνευματικῆς
1125 4252 1370 4312 εὐωδίας.
1431 4249 1616 4302 Ταῦτα
1663 4247 1717 4298 δὲ
1760 4245 1961 4312 ἔλεγεν,
2005 4241 2137 4312 ὁμοῦ

567 4355 661 4405 καὶ
706 4350 798 4402 τοῦ
831 4348 1183 4418 κηρύγματος
1216 4345 1430 4405 δεικνὺς
1477 4343 1575 4412 τὴν
1618 4342 1791 4411 ἰσχὺν,
1842 4343 1922 4393 ὅτι
1970 4336 2032 4390 δι’
2066 4331 2140 4390 ὧν

575 4444 1026 4504 ἐπιϐουλεύονται,
1080 4442 1171 4494 διὰ
1219 4441 1422 4494 τούτων
1468 4439 1742 4507 λάμπουσι
1792 4434 1989 4503 μᾶλλον
2033 4433 2140 4484 τῶν

567 4545 870 4595 διωκόντων
891 4538 1105 4602 αὐτοὺς,
1140 4538 1232 4589 καὶ
1259 4538 1436 4588 πᾶσαν
1464 4534 1559 4602 τὴν
1583 4532 1904 4601 οἰκουμένην
1928 4529 2140 4580 ποιούν-

565 4657 670 4693 των
694 4637 722 4676 b
754 4635 948 4691 εἰδέναι
978 4635 1071 4686 κα)⁸
1095 4634 1162 4684 τὰ
1191 4632 1421 4703 τρόπαια
1452 4629 1629 4683 αὐτῶν
1656 4629 1746 4680 καὶ
1770 4627 1866 4696 τὴν
1895 4625 2140 4690 εὐωδίαν,

568 4728 1038 4800 καὶπαρακαλῶν
1074 4727 1214 4799 ὑπὲρ
1243 4725 1350 4777 τῶν
1394 4723 1624 4792 θλίψεων
1669 4723 1864 4784 αὐτοὺς
1913 4719 2141 4771 καὶτῶν

566 4826 916 4898 πειρασμῶν,
952 4824 1090 4876 ὥστε
1124 4823 1298 4902 πάντᾳ
1338 4820 1521 4890 φέρειν
1555 4818 1837 4884 γενναίως,
1873 4817 1926 4867 εί
1955 4832 2018 4883 γε
2051 4816 2143 4867 καὶ

568 4924 674 4995 πρὸ
719 4922 818 4990 τῆς
864 4919 1186 4977 ἀντιδόσεως
1225 4916 1426 4983 ἄφατον
1477 4909 1812 4981 καρποῦνται
1861 4910 1920 4961 τὸ
1965 4912 2137 4971 κλέος.

573 5022 701 5069 Ὅτι
722 5011 982 5084 Χριστοῦ
1013 5010 1226 5063 εὐωδία
1252 5009 1437 5076 ἐσμὲν
1465 5005 1542 5070 τῷ
1565 5003 1684 5070 Θεῷ
1714 5005 1781 5057 ὲν
1820 5003 1942 5067 τοῖς
1964 5003 2144 5062 confo-

569 5109 797 5176 μένοις,
829 5108 926 5162 καὶ
951 5106 1020 5159 ἐν
1047 5103 1170 5168 τοῖς
1193 5101 1657 5168 ἀπολλυμένοις.
1689 5101 1789 5151 "Av
1814 5115 1873 5150 τε
1903 5099 2010 5166 γὰρ
2043 5097 2145 5148 σώ-

577 5202 737 5272 ζηταί
763 5217 865 5260 τις.
907 5203 1092 5269 φησὶν,
1137 5197 1202 5251 ἄν
1239 5213 1297 5248 τε
1330 5192 1687 5260 ἀπολλύηται,
1728 5194 1788 5243 τὸ
1831 5192 2145 5258 εὐαγγέλιον

575 5297 673 5368 τὴν
706 5293 912 5348 οἰκείαν
962 5293 1163 5363 ἀρετὴν
1221 5292 1344 5360 ἕχον
1392 5288 1562 5358 μένει.
1617 5286 1726 5339 Kal
1777 5284 2028 5353 καθάπερ
2085 5283 2146 5335 τὺ

643 5579 670 5644 ξ
697 5578 810 5644 ξεῖ,
857 5575 1192 5644 τὸητοι-οῦτον.
1219 5571 1479 5644 away“!!!
1503 5570 1671 5644 ﬁdius“
1700 5572 1842 5630 μύρον
1881 5569 2042 5619 deest.
2091 5568 2146 5618 In

583 5631 879 5704 COjsljuiaL‘no
908 5637 993 5704 Ms:
1028 5638 1109 5704 hic
1132 5631 1318 5704 aligudt
1339 5634 1449 5681 folia
1476 5631 1630 5679 ablata
1652 5631 1807 5679 fuere.

643 5695 674 5740 δ
698 5699 840 5748 SaVH.
868 5695 1062 5755 conﬁcit
1087 5695 1292 5744 ποιοῦσι.

1267 314 1344 403 8..
1366 312 1656 371 «ΙοΔΝΝίΒ
1689 312 2136 371 CHRYSOSTO!

2245 317 2543 377 lRCllIEP.
2584 315 3131 382 CONSTANTINOP.

2246 434 2361 502 φῶς
2387 447 2434 501 ε,
2471 437 2575 492 κάν
2603 436 2827 512 σκοτίζη
2851 439 2980 502 τούς
3009 438 3271 501 ἀσθενεῖς,
3307 436 3426 508 φῶς
3465 437 3600 500 ἐστι,
3635 449 3809 492 καίτοι

2245 527 2526 592 σκοτίζον·
2576 530 2671 583 καὶ
2707 528 2769 582 τδ
2801 528 2927 598 μέλι
2968 526 3070 580 κάν
3123 527 3316 598 πικρὸν
3439 528 3552 589 ⁴τοῖς
3574 520 3808 591 νοσοῦσι,

2243 616 2410 683 γλυκὺ
2443 619 2540 688 τὴν
2571 620 2732 688 φύσιν
2759 621 2908 672 ἐστιν
2945 635 2960 650 ·
2987 617 3130 670 οὕτω
3155 618 3338 671 καὶτὸ
3367 617 3686 687 εὐαγγέλιον
3718 619 3807 671 εὐο

2242 707 2372 770 mg;
2417 710 2505 761 ἐοι
2587 709 2686 762 γάν
2717 707 3089 763 ἀπολλύωνταί
3137 723 3280 770 τινες
3320 707 3694 771 ἀπιστοῦντες.
3735 709 3808 761 οι

2241 800 2348 870 γὰρ
2377 801 2538 853 αὐτοῦ
2568 802 2724 872 ἔργον
2747 806 2778 872 ή
2813 797 3074 861 ἀπώλεια,
3099 795 3235 852 ἀλλά
3258 796 3356 867 τῆς
3381 797 3601 851 ἐκείνων
3630 801 3810 866 ἀγνω-

2245 889 2498 962 μοσύνης.
2527 893 2636 944 Καὶ
2661 891 2832 962 ταύτῃ
2863 890 2921 943 δέ
2952 889 3186 960 μάλιστα
3213 887 3246 956 ἠ
3273 887 3471 940 εὐωδία
3489 887 3658 940 αὐτοῦ
3683 889 3808 957 φαί-

2242 973 2476 1052 νεται,ᾖ
2525 979 2577 1032 οἱ
2617 978 2998 1048 διεφθαρμένοι
3050 976 3143 1030 καὶ
3186 975 3416 1046 πονηροὶ
3460 975 3805 1031 ἀπόλλυνται.

2243 1066 2403 1120 Ὥστε
2423 1070 2523 1121 οὐκ
2550 1069 2658 1122 ἀπὸ
2675 1067 2774 1136 τῆς
2795 1067 2903 1121 τῶν
2929 1066 3146 1135 ἀγαθῶν
3171 1065 3440 1135 σωτηρίας
3464 1063 3646 1134 μόνον,
3672 1065 3810 1117 ἀλλά

2243 1157 2335 1210 καὶ
2365 1159 2472 1210 ἀπὸ
2495 1158 2591 1227 τῆς
2618 1157 2727 1210 τῶν
2757 1156 3010 1227 πονηρῶν
3040 1155 3316 1219 ἀπωλείας
3340 1153 3612 1207 δείκνυται
3644 1154 3808 1207 αὐτοῦ

2241 1246 2274 1314 ή
2305 1246 2494 1316 ἀρετή.
2542 1245 2693 1300 Ἐπεὶ
2739 1245 2837 1300 καὶ
2864 1247 2892 1299 ὁ
2921 1246 3072 1316 ήλιος
3091 1288 3105 1312 ,
3137 1245 3324 1315 ἐπειδὴ
3355 1244 3556 1315 σφόδρα
3588 1244 3812 1316 φαιδρός

2241 1337 2377 1419 ἐστι,
2423 1335 2508 1388 διά
2556 1335 2718 1389 τοῦτο
2764 1335 2998 1407 μάλιστα
3027 1336 3252 1404 πλήττει
3298 1335 3408 1389 τῶν
3446 1335 3813 1389 ἀσθενούντων

2240 1428 2336 1490 τὰς
2361 1429 2512 1498 δψεις
2536 1445 2548 1458 ·
2585 1430 2679 1482 καὶ
2706 1429 2736 1480 ὁ
2771 1429 2961 1500 Σωτήρ
2987 1428 3068 1491 εις
3093 1427 3300 1481 πτῶσιν
3323 1427 3532 1480 πολλῶν
3569 1428 3663 1480 καὶ
3687 1426 3814 1480 ἀνά-

2241 1516 2429 1569 στασίν
2463 1517 2630 1582 ἐστιν,
2676 1516 2790 1570 ἀλλ’
2820 1517 2967 1586 ὅμως
3015 1517 3166 1587 μένει
3214 1516 3404 1587 Σωτὴρ
3443 1515 3540 1579 ὢν,
3583 1518 3680 1568 καὶ
3709 1534 3814 1586 μυο

2243 1603 2374 1671 ρίων
2407 1603 2744 1656 πιπτόντων·
2782 1604 2875 1656 καὶ
2921 1605 2954 1671 ή
3012 1603 3290 1673 παρουσία
3336 1602 3500 1657 αὐτοῦ
3551 1603 3814 1673 μειζόνως

2241 1694 2466 1746 ἐκόλασε
2497 1695 2626 1755 τοὺς
2660 1695 2734 1764 μή
2771 1694 3150 1764 πειθομένους,
3185 1693 3302 1747 ἀλλ’
3333 1695 3482 1764 ὅμως
3519 1695 3673 1764 μένει
3705 1711 3815 1749 σω-

2240 1785 2427 1854 τήριος
2452 1781 2607 1841 οὖσα.
2646 1784 2745 1837 Διά
2770 1783 2928 1837 τοῦτο
2947 1785 3042 1838 καὶ
3072 1785 3232 1847 αὐτός
3256 1800 3440 1855 φησιν,
3467 1785 3550 1838 ὅτι
3583 1785 3669 1850 Τῷ
3691 1784 3817 1850 Θεῷ

2241 1875 2458 1930 εὐωδία
2493 1876 2682 1946 ἐσμέν
2706 1894 2718 1908 ·
2754 1877 3023 1940 τουτέστι,
3068 1875 3188 1930 Κάν
3225 1874 3600 1930 ἀπολλύωνταί
3645 1891 3816 1938 τινες,

2242 1969 2402 2036 ἡμεῖς
2447 1968 2676 2038 μένομεν
2724 1965 2883 2020 τοῦτο
2936 1967 3087 2032 δντες
3135 1969 3272 2038 ὅπερ
3321 1965 3506 2036 ἐσμέν.
3554 1966 3670 2019 Kal
3715 1967 3817 2034 οὐχ

2242 2054 2425 2118 άπλῶς
2451 2050 2625 2121 εἶπεν,
2659 2055 2910 2118 εὐωδία,
2942 2053 3097 2119 ἀλλά,
3133 2053 3218 2120 τῷ
3252 2051 3393 2118 Θεῷ.
3428 2053 3598 2106 Ὅταν
3633 2052 3692 2106 δέ
3733 2051 3819 2123 τῷ

2240 2145 2356 2216 Θεῷ
2390 2146 2586 2198 εὐωδία
2633 2139 2802 2214 ὦμεν,
2847 2145 3095 2206 κάκεῖνος
3135 2143 3306 2197 ταῦτα
3362 2143 3686 2213 ψηφίζηται,
3729 2143 3818 2206 τίς
3899 2171 3910 2182 --

2239 2236 2455 2305 ἀντερεῖ
2504 2234 2718 2300 λοιπόν;
2754 2233 2864 2286 Kal
2911 2232 2991 2298 τὸ,
3025 2232 3260 2302 Χριστοῦ
3289 2232 3346 2285 δὲ
3371 2233 3583 2295 εὐωδία,
3619 2233 3818 2303 διπλῆν

2243 2341 2333 2394 μοι
2365 2323 2462 2395 τήν
2506 2323 2762 2393 ἐξήγησιν
2801 2321 2946 2391 εχειν
2975 2321 3143 2375 δοκεῖ.
3179 2319 3249 2372 Ἦ
3277 2319 3385 2389 γὰρ
3417 2319 3574 2373 τοῦτό
3625 2336 3818 2390 φησιν,

2239 2416 2319 2468 ὅτι
2346 2416 2568 2478 ἐαυτοὺς
2593 2413 2783 2466 θυσίαν
2815 2411 3154 2483 προσέφερον
3189 2410 3642 2482 ἀποθνήσκοντες,
3674 2410 3708 2480 ἢ
3734 2411 3820 2464 δτι

2238 2507 2338 2576 τῆς
2369 2505 2463 2558 τοῦ
2490 2503 2726 2576 Χριστοῦ
2757 2502 2972 2572 σφαγῆς
3003 2500 3201 2555 εὐωδία
3232 2500 3398 2568 ἐσμέν
3430 2517 3445 2532 ’
3477 2501 3552 2564 ὼς
3578 2501 3644 2554 ἀν
3672 2503 3820 2554 εῖποι

2240 2611 2344 2656 τις,
2381 2594 2544 2648 Τοῦδε
2574 2595 2666 2648 τοῦ
2700 2595 2898 2664 ἱερείου
2929 2592 3126 2646 εὐωδία
3155 2592 3273 2645 ἐστὶ
3303 2591 3421 2646 τόδε
3444 2593 3505 2645 τδ
3531 2592 3814 2662 θυμίαμα.

2245 2685 2316 2736 Ἥ
2365 2684 2521 2739 τοῦτο
2550 2681 2642 2737 οῦν
2699 2684 2950 2752 ἐμφαίνει
2996 2683 3098 2751 τῆς
3130 2683 3356 2746 εὐωδίας
3397 2683 3457 2736 τδ
3504 2683 3717 2754 δνομα.⁶
3759 2684 3817 2754 ἢ,

2240 2777 2376 2846 ὅπερ
2403 2774 2572 2844 ἔφθην
2605 2773 2795 2838 εἰπὼν,
2819 2773 2918 2826 εδτι
2960 2771 3083 2825 καθ’
3121 2773 3334 2842 ήμέραν
3363 2772 3580 2827 θύονται
3605 2773 3696 2827 διά
3725 2775 3822 2828 τὸν

2241 2865 2491 2937 Χριστόν.
2571 2860 2723 2926 Εἶδες
2782 2860 2884 2914 ποῦ
2964 2861 3088 2924 τοὺς
3153 2863 3492 2932 ττειρασμούς
3551 2863 3820 2932 ἀνήγαγε,

2241 2957 2507 3029 θρίαμϐον
2547 2957 2641 3009 καὶ
2674 2953 2826 3026 [468]
2867 2954 3094 3007 εὐωδίαν
3139 2953 3341 3019 καλῶν,
3388 2953 3486 3010 καὶ
3517 2953 3715 3006 θυσίαν
3743 2954 3823 3025 τῷ

2240 3047 2359 3118 Θεῷ
2386 3044 2836 3117 προσαγομένην;
2870 3040 3031 3110 Εἶτα,
3055 3044 3241 3115 ἐπειδὴ
3259 3040 3429 3110 εἶπεν,
3460 3044 3698 3099 Emam
3719 3045 3822 3097 ἐσ-

2243 3135 2373 3203 μὲν,
2414 3134 2512 3186 καὶ
2556 3134 2626 3185 ἐν
2665 3133 2790 3197 τοῖς
2831 3130 3294 3198 ἀπολλυμένοις,
3334 3131 3422 3184 ἵνα
3453 3129 3528 3200 μὴ
3567 3130 3822 3200 νομίσῃς,

2242 3227 2324 3276 ὅτι
2349 3225 2590 3276 κάκεῖνοι
2616 3220 3005 3291 εὐπρόσδεκτοί
3036 3222 3192 3283 εἰσιν,
3224 3221 3468 3288 ἐπήγαγε
3503 3237 3515 3250 ·
3557 3220 3687 3285 Τοῖς
3703 3219 3825 3288 μὲν

2243 3314 2403 3383 ὀσμὴ
2429 3312 2685 3367 θανάτου
2705 3314 2793 3376 εἰς
2823 3309 3101 3373 θάνατον,
3136 3309 3258 3374 τοῖς
3282 3309 3349 3361 δὲ
3379 3309 3538 3376 ὀσμὴ
3564 3309 3715 3376 ζωῆς
3737 3313 3824 3375 εις

2244 3404 2414 3470 ζωήν.
2443 3403 2550 3472 Τὴν
2585 3403 2691 3470 γάρ
2737 3401 2959 3454 εὐωδίαν
3005 3399 3209 3469 ταύτην
3242 3401 3290 3452 οί
3339 3399 3436 3468 μὲν
3463 3399 3607 3451 οὐτω
3654 3417 3825 3468 προσ-

2247 3494 2434 3557 ίενται,
2470 3491 2608 3546 ὥστε
2640 3491 2898 3558 σωθῆναι,
2931 3489 2979 3540 οί
3009 3487 3065 3540 δὲ
3100 3485 3293 3550 οὕτως,
3323 3483 3462 3537 ὥστε
3494 3483 3820 3537 ἀπολέσθαι.

2245 3582 2405 3635 Ὥστε
2434 3583 2536 3635 κᾶν
2563 3579 2898 3649 ἀπολλύηταί
2931 3595 3035 3642 τις,
3066 3577 3195 3646 παρ’
3223 3573 3387 3628 αὐτοῦ
3418 3575 3450 3644 ή
3484 3574 3635 3627 αίτία
3660 3589 3674 3604 ο
3702 3574 3823 3624 ἐπεὶ

2245 3674 2462 3734 καὶτὰς
2492 3667 2553 3734 ὗς
2598 3671 2659 3722 τὸ
2701 3670 2870 3739 μύρον
2915 3668 3132 3735 λέγεται
3168 3667 3399 3734 πνίγειν,
3440 3664 3538 3716 καὶ
3577 3664 3636 3715 τὸ
3684 3663 3822 3731 φῶς,

2243 3767 2378 3834 ὅπερ
2408 3764 2576 3831 ἔφθην
2609 3760 2800 3824 εἰπὼν,
2830 3758 2956 3819 τοὺς
2989 3755 3236 3815 ἀσθενεῖς
3263 3753 3551 3813 σκοτίζειν,
3583 3753 3692 3804 Kal
3717 3768 3826 3803 τοι-

2246 3855 2384 3923 αύτη
2413 3853 2516 3906 τῶν
2549 3850 2768 3919 ἀγαθῶν
2795 3851 2827 3918 ή
2859 3847 3018 3916 φύσις
3045 3860 3057 3872 ·
3090 3845 3150 3896 οὐ
3196 3842 3264 3894 τά
3296 3843 3470 3893 οἰκεῖα
3515 3840 3825 3908 διορθοῦται

2249 3947 2428 4016 μόνον,
2461 3944 2597 3998 ἀλλὰ
2623 3933 2714 3996 καὶ
2743 3941 2809 3993 τὰ
2837 3938 3052 3992 ὲναντία
3085 3933 3380 3990 ἀπόλλυσι·
3407 3932 3501 3984 καὶ
3525 3931 3700 4000 ταύτῃ
3730 3932 3824 3999 μά-

2245 4040 2401 4091 λιστα
2430 4036 2792 4089 διαδείκνυται
2824 4031 3001 4084 αὐτῶν
3029 4027 3327 4099 ἡδύναμις.
3365 4025 3472 4078 Καὶ
3500 4023 3611 4094 γὰρ
3645 4025 3741 4076 καὶ
3765 4023 3823 4074 τὸ

2249 4127 2360 4197 πῦρ
2388 4128 2484 4196 οὐχ
2507 4127 2633 4177 ὅταν
2668 4121 2875 4192 φωτίζῃ
2914 4119 3094 4189 μόνον,
3124 4117 3230 4172 οὐδ’
3261 4117 3389 4170 ὅταν
3423 4114 3647 4184 χρυσίον
3693 4112 3826 4164 καθ-

2247 4220 2399 4287 αίρῃ,
2433 4215 2567 4269 ἀλλὰ
2598 4214 2690 4266 καὶ
2736 4214 2862 4264 ὅταν
2904 4209 3144 4269 ἀκάνθας
3187 4207 3419 4276 δαπανᾷ,
3450 4203 3691 4272 μάλιστα
3730 4201 3824 4275 τήν

2247 4305 2452 4357 οἰκείαν
2478 4304 2628 4371 ἰσχὺν
2659 4300 3042 4362 ἐπιδείκνυται,
3065 4299 3159 4350 καὶ
3188 4295 3357 4363 ταύτῃ
3389 4292 3645 4360 φαίνεται
3676 4290 3787 4357 πῦρ
3807 4306 3819 4318 ’

2251 4397 2339 4448 καὶ
2377 4397 2405 4446 ὁ
2428 4393 2655 4462 Χριστὸς
2683 4392 2739 4443 δὲ
2774 4389 2946 4459 ταύτῃ
2975 4387 3072 4458 τὴν
3108 4383 3496 4455 μεγαλωσύνην
3523 4380 3694 4434 αὐτοῦ
3736 4383 3820 4431 έν-

2248 4485 2536 4545 δείκνυται,
2587 4483 2714 4534 ὅταν
2743 4477 2996 4548 ἀναλώσῃ
3037 4476 3126 4529 τὸν
3171 4473 3512 4541 ἀντίχριστον
3541 4469 3622 4538 τῷ
3662 4470 3826 4520 πνεύ-

2253 4591 2380 4643 ματι
2412 4573 2505 4624 τοῦ
2537 4571 2802 4639 στόματος
2831 4567 3016 4629 αὐτοῦ,
3048 4565 3142 4616 καὶ
3166 4562 3491 4631 καταργήσῃ
3520 4563 3587 4627 τῇ
3623 4560 3825 4625 ἐπιφα-

2250 4665 2368 4734 νείᾳ
2422 4666 2520 4732 τῆς
2567 4660 2868 4730 παρουσίας
2910 4657 3095 4710 αὐτοῦ.
3147 4655 3256 4708 Καὶ
3314 4648 3462 4719 πρὸς
3502 4649 3692 4702 ταῦτα
3740 4648 3829 4715 τίς

2251 4753 2494 4816 ίκανός;
2535 4749 2750 4817 Ἐπειδὴ
2789 4747 2897 4815 γὰρ
2939 4744 3152 4813 μεγάλα
3189 4740 3514 4809 ἐφθέγξατο,
3549 4739 3634 4789 δτι
3659 4737 3831 4789 Θυσία

2251 4843 2417 4912 ἐσμὲν
2461 4841 2551 4893 τοῦ
2589 4836 2824 4906 Χριστοῦ
2865 4836 2958 4887 καὶ
2992 4833 3204 4893 εὐωδία,
3240 4832 3333 4882 καὶ
3380 4825 3832 4897 θριαμϐευόμεθα

2253 4930 2551 5000 πανταχοῦ,
2601 4929 2760 4980 πάλιν
2803 4923 3102 4995 μετριάζει,
3143 4920 3228 4991 τῷ
3255 4920 3372 4989 Θεῴ
3415 4919 3594 4970 πάντα
3641 4916 3830 4968 ἀνατιι

2254 5021 2366 5082 θείς
2391 5037 2404 5049 ο
2438 5019 2516 5070 διὸ
2538 5018 2629 5070 καί
2660 5032 2812 5085 φησι,
2841 5012 2949 5066 Καὶ
2979 5013 3126 5077 πρὸς
3157 5009 3344 5062 ταῦτα
3366 5007 3455 5069 τίς
3485 5005 3694 5068 ἱκανός
3719 5021 3735 5065 ;
3761 5005 3832 5055 Τὸ

2253 5112 2361 5180 γὰρ
2396 5113 2503 5163 πᾶν
2530 5107 2624 5160 τοῦ
2659 5102 2917 5174 Χριστοῦ,
2959 5102 3144 5170 φησὶν,
3195 5097 3340 5150 ἐστίν
3374 5115 3387 5127 ·
3431 5094 3583 5145 οὐδὲν
3627 5095 3831 5163 ήμέτε-

2258 5219 2370 5271 ρον.
2417 5201 2581 5268 Ὀρᾷς
2613 5185 2706 5248 an‘
2740 5195 2987 5253 ἐναντίας
3021 5193 3130 5248 τοῖς
3175 5184 3628 5252 ψευδαποστόλοις
3666 5184 3833 5252 φθεγ-

2255 5270 2521 5356 γόμενον;
2562 5289 2626 5340 Ol
2683 5285 2780 5354 μὲν
2821 5283 2931 5350 γὰρ
2979 5277 3284 5345 καυχῶνται
3320 5274 3414 5356 ,ὡς
3447 5275 3574 5344 παρ’
3619 5270 3831 5356 ἑαυτῶν

2258 5354 2600 5447 εἱστοέροντές
2649 5390 2701 5425 τι
2739 5373 2817 5431 είς
2859 5369 2919 5420 τὸ
2959 5367 3233 5434 κήρυγμα,
3270 5355 3421 5425 οὗτος
3463 5363 3521 5414 δὲ
3549 5361 3639 5412 διὰ
3673 5354 3830 5447 τοῦτό

2261 5484 2390 5536 φησι
2422 5463 2750 5533 καυχᾶσθαι,
2794 5456 2978 5520 ἐπειδὴ
3023 5454 3172 5506 οὐδὲν
3214 5452 3377 5506 αὐτοῦ
3427 5465 3593 5518 φησιν
3649 5440 3825 5496 εἶναι·

2327 5685 2347 5715 ε
2375 5681 2630 5745 [agebatur
2657 5679 2681 5725 ὁ
2703 5641 2848 5735 ἣλιοι,
2883 5671 3091 5735 Επεηιμί.
3131 5665 3308 5723 Graecis
3330 5658 3716 5718 reclamantibus.
3745 5656 3748 5658 ’
