4028 6222
274 332 380 388 429

1325 333 1393 392 IN
1432 332 1649 391 EPIST.
1690 330 1732 387 ll
1798 329 1891 385 AD
1928 328 2087 392 (ΞΟΠ.
2129 339 2358 399 Βοωιιι.
2404 343 2469 403 ν.

3420 357 3522 420 ιω

268 469 361 508 uos
380 454 432 507 in
453 451 653 506 Christo
672 445 816 516 Iesu,
840 458 885 505 et
904 448 1090 505 bonum
1109 452 1316 507 odorem
1335 452 1526 507 notitia
1547 468 1654 507 sua
1679 453 1845 506 mani-
1949 459 2146 524 tropaea
2170 497 2186 522 ,
2218 464 2329 511 tum
2358 458 2539 517 odoris
2568 462 2886 523 suavitatem
2914 469 3246 539 exploratam
3271 475 3517 534 haberet'

266 547 419 614 [eam
436 556 631 613 peritos
649 541 702 595 iu
721 541 860 595 omni
883 540 1012 596 loco.
1037 542 1243 597 Etenim
1266 557 1334 597 ne
1359 551 1626 611 tamquam
1652 542 1841 612 lugens
1944 546 2136 612 partim
2158 549 2317 604 etiam
2361 558 2417 605 ut
2451 558 2545 609 eos
2569 554 2638 610 ad
2672 570 2859 614 omnes
2902 559 3222 621 atllictiones
3249 576 3304 623 et
3340 542 3516 626 tenta-

266 633 387 688 hac
397 632 676 702 deplorare
696 628 955 696 videatur,
976 634 1173 703 gratias
1200 632 1309 687 Deo
1331 632 1457 701 agit.
1482 630 1636 699 Quod
1658 642 1837 688 autem

262 726 372 791 ait,
418 722 559 777 hunc
607 735 825 777 sensum
878 722 1041 777 habet
1070 722 1303 791 :ubique
1348 720 1587 788 afﬂictio,
1642 719 1839 791 ubique

262 813 505 867 anxietas
529 830 543 867 :
566 812 687 867 veni
716 813 769 867 in
795 813 997 877 Asiam,
1024 819 1273 881 gravatus
1311 826 1429 866 sum
1470 825 1633 882 supra
1658 814 1833 869 vires:

258 904 385 959 veni
429 902 693 959 Troadem
714 946 729 970 ,
761 904 979 960 fratrem
1012 919 1118 958 non
1147 903 1323 958 inveni
1352 920 1368 957 :
1392 885 1589 959 ad’vos
1617 920 1722 959 non
1752 920 1839 961 ve.

260 992 315 1049 nl
342 1010 357 1059 ;
387 993 487 1049 hoc
514 1010 727 1065 quoque
753 1010 858 1050 non
891 1008 1140 1063 parvam,
1189 993 1299 1047 imo
1347 1008 1597 1064 perquam
1644 994 1833 1065 ingen-

260 1093 369 1142 tem
400 1087 705 1142 mastitiam
731 1088 857 1142 mihi
888 1086 1080 1140 attulit.
1113 1085 1356 1156 illudque
1396 1094 1657 1157 praeterea
1692 1086 1834 1158 quod

257 1177 411 1233 multi
428 1177 565 1247 apud
584 1192 678 1232 vos
699 1177 1056 1248 peccaverint,
1077 1191 1246 1248 eaque
1268 1177 1420 1243 mihi,
1441 1193 1537 1233 cur
1558 1194 1654 1235 vos
1678 1179 1835 1234 mini-

257 1282 345 1323 me
364 1268 612 1332 viderim,
636 1282 794 1323 causa
817 1267 1003 1321 fuerit:
1035 1265 1256 1321 Parcens
1279 1269 1420 1322 enim
1442 1270 1577 1323 vobis
1598 1287 1699 1325 non
1720 1271 1835 1325 veni

254 1355 553 1414 Corinthum
581 1358 600 1430 (
624 1357 679 1411 Ξ.
713 1356 831 1412 Cor.
880 1356 932 1411 1.
978 1355 1090 1427 23)
1116 1398 1131 1423 ,
1164 1358 1353 1427 inquit.
1395 1357 1574 1425 Quare
1616 1375 1685 1414 ne
1717 1360 1832 1415 haec

253 1460 353 1517 per
392 1445 812 1516 deplorationem
852 1445 1032 1501 dicere
1082 1447 1359 1502 videretur
1383 1488 1399 1513 ,
1442 1448 1624 1504 subdit
1656 1466 1668 1501 :
1712 1448 1829 1503 Non

254 1536 418 1594 modo
443 1551 547 1591 non
571 1535 813 1591 dolemus
837 1536 889 1591 in
910 1535 1058 1593 hisce
1080 1536 1529 1605 tribulationibus,
1552 1538 1646 1594 sed
1667 1540 1829 1594 etiam

253 1627 549 1699 gaudemus
577 1643 592 1679 :
627 1625 879 1697 quodque
905 1627 1080 1696 majus
1109 1635 1227 1693 est,
1274 1643 1380 1683 non
1420 1627 1581 1683 modo
1611 1639 1831 1698 propter

250 1717 430 1775 futura
458 1716 704 1787 prmmia,
755 1716 850 1771 sed
888 1717 1048 1772 etiam
1090 1717 1158 1772 ob
1197 1718 1515 1788 praesentia;
1567 1717 1829 1787 siquidem

252 1807 341 1863 hic
386 1820 595 1878 quoque
646 1806 716 1861 ob
759 1819 877 1861 eam
934 1821 1149 1865 causam
1197 1808 1327 1863 clari
1379 1817 1538 1879 atque
1590 1810 1828 1866 illustres

253 1910 458 1951 sumus.
498 1894 755 1963 Quocirca
798 1903 1002 1951 tantum
1042 1897 1196 1951 abest
1225 1905 1283 1951 ut
1310 1898 1457 1953 luctu
1487 1897 1783 1953 aﬂlciamur
1809 1938 1824 1964 ,

252 1994 310 2040 ut
339 1986 497 2041 etiam
518 1984 843 2054 triumphum
869 1999 982 2040 rem
1008 1985 1164 2041 istam
1184 1987 1513 2056 appellemus
1531 2026 1547 2053 ,
1578 1995 1737 2057 atque
1757 1987 1828 2042 ob

251 2091 316 2130 ea
338 2091 455 2147 qum
476 2075 788 2145 contingunt
808 2076 1118 2146 gloriemur.
1146 2077 1331 2147 quue
1356 2078 1573 2133 nomine
1593 2077 1827 2145 dicebat,

254 2166 463 2223 Gratias
501 2176 669 2221 autem
712 2166 855 2234 Deo,
897 2170 980 2237 qui
1028 2185 1224 2238 semper
1250 2170 1527 2241 triumphat
1564 2188 1654 2225 nos
1676 2188 1695 2237 ;
1724 2170 1827 2226 hoc

250 2269 368 2323 est,
409 2259 498 2328 qui
547 2273 646 2313 nos
685 2258 825 2329 apud
872 2260 1412 2330 omnessplendidos
1459 2261 1652 2316 reddit.
1692 2261 1823 2317 Nam

250 2348 392 2421 quod
442 2348 722 2405 dedecoris
770 2350 1005 2419 speciem
1049 2352 1249 2418 habet,
1296 2352 1548 2406 nimirum
1594 2351 1826 2421 undique

250 2441 398 2513 pelli,
420 2442 523 2497 hoc
539 2456 637 2497 nos
656 2455 868 2496 summo
890 2442 1075 2497 honori
1101 2443 1365 2499 ducimus.
1390 2444 1513 2499 Ideo
1535 2459 1639 2498 non
1662 2444 1822 2508 dixit,

247 2531 349 2601 Qui
379 2545 478 2585 nos
499 2532 820 2598 conspicuos
846 2531 1056 2598 reddit,
1087 2534 1179 2587 sed
1200 2574 1215 2597 ,
1252 2534 1355 2599 Qui
1380 2534 1678 2602 triumphat.
1708 2534 1823 2601 Qua

248 2636 381 2677 voce
410 2620 511 2675 hoc
554 2620 791 2687 indicat,
820 2620 1126 2689 hujusmodi
1157 2623 1596 2691 persequutiones
1627 2622 1824 2693 ubique

248 2721 511 2768 terrarum
567 2718 818 2780 perpetua
858 2710 1118 2766 adversus
1170 2710 1439 2766 diabolum
1471 2721 1670 2783 tropara
1712 2714 1823 2768 eri-

244 2817 394 2874 gere.
428 2801 627 2857 Deinde
655 2815 756 2856 una
797 2816 918 2857 cum
956 2816 1057 2867 eo,
1105 2804 1194 2872 qui
1238 2802 1568 2875 triumphat,
1606 2818 1823 2860 causam

246 2895 410 2949 etiam
438 2891 686 2957 ad‘erens,
716 2892 842 2949 hinc
861 2907 1072 2964 quoque
1094 2892 1355 2951 auditoris
1382 2894 1617 2950 animum
1644 2897 1821 2967 erigit.

245 2981 362 3037 Non
390 2981 563 3048 enim,
588 2982 797 3052 inquit,
826 2997 858 3037 a
886 2983 997 3037 Deo
1035 2991 1239 3038 tantum
1267 2984 1321 3038 in
1352 2984 1678 3053 triumphum
1708 2986 1822 3055 agi-

247 3089 390 3138 mur,
417 3073 513 3128 sed
539 3074 702 3129 etiam
730 3074 783 3127 in
812 3073 1051 3138 Christo,
1082 3072 1183 3128 hoc
1203 3083 1283 3128 est
1307 3084 1526 3144 propter
1550 3073 1823 3131 Christum

245 3181 312 3221 ac
337 3164 789 3235 praedicationem.
836 3163 969 3218 Nam
1012 3180 1133 3220 cum
1178 3165 1509 3234 triumphare
1551 3180 1683 3235 opus
1712 3165 1820 3220 sit:

246 3255 465 3310 omnino
492 3268 591 3308 nos
612 3269 828 3323 quoque
844 3256 932 3324 qui
958 3265 1216 3325 tropaeum
1238 3254 1477 3321 ierimus,
1506 3255 1823 3324 conspicuos

245 3367 367 3409 esse
395 3366 615 3407 necesse
641 3358 742 3417 est,
773 3351 1202 3427 quandoquidem
1232 3351 1404 3419 ipsum
1431 3360 1724 3422 gestamus;
1754 3351 1823 3406 ob

247 3446 408 3515 idque
435 3443 565 3499 clari
594 3458 656 3498 ac
679 3443 920 3499 celebres
942 3456 1147 3498 sumus.
1188 3441 1255 3494 Et
1280 3443 1487 3495 adorent
1508 3442 1699 3495 notitia
1716 3456 1823 3496 sua:

246 3537 534 3604 manifestat
560 3552 652 3606 per
679 3551 770 3589 nos
796 3536 850 3587 in
879 3534 1016 3587 oinni
1040 3533 1171 3585 loco.

316 3627 371 3680 2.
422 3626 675 3693 Superius
720 3624 885 3687 dixit,
945 3622 1158 3689 Semper
1210 3621 1533 3688 triumphat;
1581 3621 1707 3688 hic,
1758 3622 1823 3677 In

245 3712 546 3783 onmiloco,
575 3715 763 3786 inquit,
794 3713 923 3769 illud
949 3713 1196 3767 nimirum
1224 3713 1495 3777 indicans,
1526 3728 1623 3767 nec
1646 3714 1820 3768 locum

245 3824 347 3863 nec
379 3817 586 3877 tempus
626 3806 795 3860 ullum
826 3820 945 3861 esse
972 3846 988 3873 ,
1034 3803 1175 3875 quod
1204 3820 1309 3859 non
1348 3804 1654 3873 apostolicis
1699 3819 1821 3859 cer-

246 3897 533 3955 taminibus
578 3897 852 3965 impletum
880 3897 968 3949 sit.
1017 3897 1190 3964 Atque
1218 3896 1386 3949 altera
1422 3911 1608 3950 rursus
1648 3904 1818 3949 meta-

246 3986 413 4059 phora
444 3987 640 4051 utitur,
671 4000 701 4039 a
730 3986 877 4039 suavi
905 3984 1071 4039 odore
1097 3984 1274 4038 ducta.
1328 3985 1399 4039 Ut
1428 3986 1568 4040 enim
1599 3987 1687 4055 qui
1716 4002 1818 4039 un-

244 4092 499 4151 guentum
528 4090 736 4150 gestant
761 4121 775 4145 ,
826 4081 1037 4151 inquit,
1080 4080 1157 4134 sic
1186 4080 1391 4133 cunctis
1419 4080 1519 4148 ipsi
1548 4082 1820 4149 conspicui

246 4190 469 4239 sumus;
508 4174 799 4242 pretiosum
827 4180 1151 4241 unguentum
1203 4171 1294 4225 Dei
1335 4172 1694 4239 cognitionem
1724 4186 1821 4224 vo-

244 4279 395 4319 cans.
448 4260 556 4316 Nec
599 4262 768 4324 dixit,
816 4261 1071 4315 Notitiam
1099 4302 1113 4326 ,
1160 4259 1253 4314 sed
1280 4300 1295 4324 ,
1344 4260 1564 4314 Odorem
1606 4262 1817 4315 notitia.

246 4352 523 4422 Ejusmodi
552 4350 693 4405 enim
720 4360 802 4405 est
828 4366 1062 4420 prmsens
1092 4350 1325 4419 cognitio
1353 4390 1369 4414 ,
1416 4349 1516 4403 hoc
1541 4360 1624 4405 est
1648 4390 1663 4416 ,
1712 4366 1818 4404 non

242 4443 530 4497 admodum
562 4441 838 4510 perspicua
861 4449 914 4494 et
937 4452 1193 4494 reserata.
1234 4439 1318 4493 0b
1346 4439 1398 4491 id
1426 4449 1534 4493 tum
1563 4442 1614 4493 in
1644 4442 1821 4510 priore

244 4530 470 4601 epistola
499 4528 726 4591 dicebat,
746 4527 985 4583 Videmus
1010 4545 1143 4581 nunc
1172 4545 1257 4597 per
1283 4529 1541 4596 speculum
1582 4530 1634 4582 in
1660 4530 1820 4600 amig-

244 4630 380 4674 mate
432 4620 518 4688 (ί.
555 4616 672 4671 Cor.
706 4619 795 4672 l3.
826 4617 966 4688 i2);
997 4625 1157 4687 atque
1199 4618 1284 4671 hic
1312 4617 1532 4672 odorem
1576 4619 1677 4673 hoc
1717 4636 1820 4673 uu-

243 4717 497 4779 guentum
525 4716 696 4759 vocat.
744 4706 911 4761 Porro
937 4708 1025 4777 qui
1052 4707 1272 4762 odorem
1303 4708 1511 4775 sensit,
1547 4708 1675 4762 illud
1702 4708 1821 4778 qui-

245 4802 370 4857 dem
397 4800 580 4863 novit,
630 4808 955 4869 unguentum
1007 4800 1201 4853 alicubi
1253 4799 1525 4853 conditum
1556 4815 1715 4865 esse;
1762 4809 1824 4856 at

242 4887 543 4959 cujusmodi
569 4896 772 4941 natura:
797 4928 811 4953 ,
846 4903 951 4942 non
982 4889 1106 4943 item
1130 4929 1145 4953 ,
1178 4889 1279 4942 nisi
1308 4890 1454 4957 prius
1500 4890 1551 4944 id
1596 4905 1819 4959 perspe-

244 4988 392 5036 ctum
437 4977 699 5031 habuerit.
742 4979 945 5033 Eodem
975 4993 1071 5033 nos
1114 4994 1325 5048 quoque
1367 4980 1526 5033 modo
1577 4983 1717 5051 quod
1750 4983 1822 5036 sit

245 5070 389 5124 Deus
410 5108 426 5133 ,
454 5066 686 5131 scimus;
718 5068 969 5136 quidnam
1000 5075 1177 5122 autem
1204 5075 1387 5121 natura
1415 5071 1505 5133 sit,
1533 5084 1638 5122 non
1668 5071 1815 5124 item.

246 5157 429 5227 Itaque
457 5163 722 5223 tamquam
752 5156 1078 5211 thuribulum
1108 5158 1311 5227 regium
1338 5172 1519 5212 sumus
1541 5200 1557 5226 ,
1605 5162 1820 5216 caeleste

245 5255 618 5319 unguentum,
676 5260 741 5299 ac
784 5249 1117 5314 spiritualem
1171 5248 1551 5318 fragrantiam,
1606 5266 1818 5323 quoquo

244 5338 484 5410 gentium
508 5348 792 5405 pergamus
815 5376 831 5400 ,
858 5337 1183 5393 redolentes.
1218 5339 1341 5393 llaec
1367 5348 1543 5393 autem
1570 5339 1815 5406 dicebat,

246 5431 441 5502 partim
462 5436 517 5483 ut
533 5425 847 5495 evangelicae
865 5428 1251 5494 praedicationis
1274 5431 1376 5485 vim
1391 5429 1783 5487 demonstraret
1802 5449 1817 5487 ε

246 5532 441 5587 nempe
465 5516 603 5589 quod
631 5530 724 5584 per
762 5528 891 5577 eos.
938 5529 967 5567 a
1016 5517 1206 5585 quibus
1247 5520 1453 5573 insidiae
1498 5520 1627 5588 ipsis
1661 5534 1817 5589 para-

247 5618 453 5673 rentur,
492 5608 656 5677 magis
678 5605 965 5669 elucerent,
990 5604 1114 5658 dum
1143 5608 1389 5664 videlicet
1414 5624 1598 5663 eorum
1624 5616 1811 5682 perse-

247 5707 504 5770 quutores
532 5698 631 5757 hoc
652 5696 905 5765 iacerent,
936 5702 991 5751 ut
1020 5696 1295 5757 universus
1321 5699 1465 5757 orbis
1492 5710 1599 5756 tum
1629 5716 1813 5764 eorum

1943 634 2117 691 tiones
2144 636 2266 693 forti
2293 642 2472 697 animo
2500 647 2843 715 perferendas
2872 651 3246 712 cohortaretur
3275 673 3290 714 :
3316 654 3517 731 quippe

1940 743 2061 785 cum
2088 731 2247 813 etiam
2294 744 2420 792 ante
2460 739 2675 796 cmleste
2707 743 2982 813 prmmium
3012 746 3241 817 gloriam
3267 752 3515 823 percipe-

1939 832 2090 913 rent,
2135 841 2255 896 qua
2279 829 2441 884 nullis
2480 833 2659 888 verbis
2700 836 2952 905 explicari
2995 848 3197 913 posset.
3245 824 3330 897 l5.
3376 840 3515 910 Quia

1938 910 2127 969 Christi
2151 914 2311 972 bonus
2333 920 2460 974 odor
2489 938 2663 1001 sttnttts
2693 922 2804 979 Deo
2834 927 2887 981 in
2913 929 2977 984 iis
3114 930 3241 985 salvi
3265 932 3431 1001 ﬁunt,
3469 943 3519 987 et

1938 1005 1990 1058 in
2034 1005 2097 1060 iis
2133 1007 2221 1076 qui
2263 1020 2491 1077 pereunt.
2536 1010 2661 1068 Sive
2706 1015 2852 1070 enim
2893 1016 3015 1086 quia
3048 1006 3276 1075 salutem
3321 1036 3516 1077 conse-

1936 1105 2149 1165 quatur,
2178 1099 2379 1169 inquit,
2406 1102 2521 1159 sive
2548 1112 2759 1173 pereat,
2793 1109 3071 1177 evangelio
3096 1124 3314 1182 semper
3340 1111 3511 1167 virtu‘s

1936 1199 2032 1240 sua
2052 1197 2281 1244 constat.
2307 1191 2375 1246 Et
2396 1192 2532 1247 sicut
2549 1192 2650 1259 sol,
2677 1186 2804 1250 licet
2825 1195 3049 1252 infirmis
3074 1198 3244 1253 oculis
3266 1201 3514 1257 tenebras

1935 1273 2207 1345 oil‘undat,
2258 1279 2436 1337 lumen
2472 1290 2646 1337 tamen
2672 1294 2789 1351 est;
2823 1299 2887 1340 ac
2913 1286 3018 1342 mel
3040 1327 3056 1352 ,
3101 1288 3312 1343 etiamsi
3330 1305 3511 1359 aegro-

1937 1365 2004 1418 tis
2030 1380 2270 1423 amarum
2301 1370 2370 1425 sit
2391 1413 2406 1436 ,
2439 1384 2626 1442 suapte
2654 1383 2831 1429 tamen
2860 1384 3050 1431 natura
3080 1377 3237 1432 dulce
3267 1387 3381 1441 est;
3426 1381 3507 1435 sic

1934 1455 2268 1525 evangelium
2292 1461 2443 1513 suavi
2472 1462 2638 1518 odore
2664 1464 2945 1534 praeditum
2975 1474 3058 1522 est
3082 1508 3098 1533 ,
3129 1467 3343 1523 etiamsi
3387 1469 3510 1539 qui-

1858 1618 1863 1619 ,
1933 1548 2054 1598 dam
2085 1558 2190 1601 non
2210 1548 2496 1605 credentes
2526 1561 2772 1620 pereant.
2815 1554 2999 1627 Neque
3029 1558 3174 1612 enim
3203 1557 3333 1613 illud
3359 1548 3516 1613 exitii

1933 1650 2090 1691 causa
2116 1646 2196 1693 est
2218 1679 2235 1705 ,
2262 1639 2357 1695 sed
2381 1655 2565 1698 eorum
2594 1645 2931 1713 perversitas.
2974 1636 3113 1712 Quin
3147 1648 3271 1703 hinc
3296 1642 3511 1719 quoque

1932 1727 2015 1781 vel
2046 1729 2276 1785 maxime
2302 1731 2470 1800 ipsius
2494 1734 2727 1789 suavitas
2755 1735 3082 1805 percipitur,
3112 1737 3254 1807 quod
3278 1739 3369 1807 qui
3397 1737 3503 1792 im-

1932 1817 2082 1887 probi
2115 1834 2177 1874 ac
2218 1820 2456 1892 corrupti
2500 1831 2660 1890 sunt,
2705 1832 2946 1895 pereant.
3007 1826 3085 1895 Ae
3134 1826 3357 1897 proinde
3388 1837 3507 1892 non

1932 1907 2093 1964 modo
2120 1924 2217 1979 per
2244 1910 2507 1967 bonorum
2552 1913 2781 1969 salutem
2802 1955 2818 1981 ,
2868 1914 2964 1971 sed
2993 1916 3154 1971 etiam
3187 1931 3281 1986 per
3309 1916 3510 1986 impro-

1931 1998 2121 2056 borum
2144 2001 2417 2059 interitum
2448 2005 2616 2075 ipsius
2637 2006 2806 2061 virtus
2824 2006 3147 2063 declaratur.
3178 2007 3382 2063 Nam-et
3402 2009 3508 2075 sol,

1928 2090 2051 2159 quia
2081 2106 2338 2162 perquam
2367 2093 2541 2149 clarus
2580 2104 2701 2161 est,
2735 2110 2797 2150 ea
2822 2110 2882 2150 re
2911 2096 3244 2167 potissimum
3272 2096 3512 2152 inﬁrmo.

1929 2194 2050 2234 rum
2078 2182 2264 2238 oculos
2310 2186 2621 2257 perstringit
2665 2202 2680 2239 :
2728 2201 2794 2242 ac
2835 2186 3080 2242 Salvator
3121 2187 3173 2242 in
3219 2188 3509 2243 multorum

1928 2273 2138 2327 ruinam
2182 2283 2237 2328 et
2279 2279 2730 2332 resurrectionem
2777 2286 2893 2347 est,
2940 2288 2995 2334 et
3045 2286 3220 2333 tamen
3262 2279 3509 2335 Salvator

1930 2374 2147 2431 manet,
2175 2367 2417 2437 quamvis
2440 2368 2704 2439 innumeri
2730 2369 2960 2425 cadant:
2994 2378 3153 2440 atque
3172 2369 3341 2439 ipsius
3365 2383 3507 2438 pne-

1928 2458 2097 2512 sentia
2128 2458 2343 2529 gravius
2364 2460 2514 2529 punit
2534 2473 2627 2514 eos
2650 2463 2737 2527 qut
2762 2474 2867 2514 non
2887 2461 3276 2529 obsequuntur,
3298 2470 3505 2515 tamen-

1929 2561 2033 2615 que
2066 2548 2312 2603 salutaris
2342 2556 2538 2603 manet.
2566 2547 2689 2603 ldeo
2711 2547 2906 2603 Paulus
2929 2549 3024 2613 ait,
3056 2548 3166 2602 Deo
3192 2549 3354 2604 bonus
3375 2550 3503 2604 odor

1926 2652 2143 2701 sumus;
2172 2636 2273 2691 hoc
2302 2647 2405 2701 est,
2433 2637 2689 2706 Quamvis
2720 2638 2960 2692 nonnulli
2992 2646 3252 2706 pereant,
3288 2638 3503 2693 interim

1928 2733 2103 2779 tamen
2137 2725 2187 2779 id
2211 2741 2331 2781 esse
2362 2736 2684 2796 pet-stamus,
2716 2726 2858 2796 quod
2886 2740 3092 2781 sumus.
3123 2724 3233 2781 Nec
3257 2725 3505 2783 absolute

1928 2816 2099 2883 dixit,
2130 2815 2302 2872 Bonus
2326 2818 2453 2872 odor
2480 2835 2652 2873 sumus
2678 2858 2693 2885 ,
2725 2817 2819 2873 sed
2846 2858 2861 2882 ,
2894 2814 3023 2873 Deo.
3050 2817 3216 2874 Porro
3242 2833 3363 2875 cum
3392 2818 3504 2875 Deo

1928 2908 2100 2964 bonus
2123 2908 2255 2962 odor
2282 2908 2451 2964 simus
2473 2949 2488 2974 ,
2526 2918 2684 2979 atque
2711 2908 2800 2963 illo
2832 2908 2945 2963 haec
2974 2908 3181 2963 calculo
3219 2922 3319 2962 suo
3347 2922 3502 2962 com-

1928 2999 2138 3069 probet,
2156 3001 2274 3069 quis
2293 3000 2401 3069 jam
2420 3000 2785 3055 contradicat?
2811 2998 2951 3067 Quin
2977 2999 3093 3054 haec
3112 2998 3296 3067 verba,
3321 2996 3504 3052 Christi

1930 3090 2087 3143 bonus
2114 3090 2239 3141 odor
2264 3105 2438 3141 sumus
2464 3129 2479 3152 ,
2512 3087 2641 3141 mihi
2668 3087 2867 3158 duplici
2904 3089 3065 3142 modo
3104 3089 3300 3158 exponi
3345 3102 3504 3157 posse

1929 3178 2173 3232 videntur
2208 3196 2221 3231 :
2249 3184 2340 3230 aut
2365 3176 2506 3231 enim
2538 3175 2642 3231 hoc
2684 3177 2755 3231 ait
2778 3218 2792 3238 ,
2824 3175 2965 3246 quod
2995 3176 3201 3245 seipsos
3231 3177 3502 3232 victimam

1928 3269 2179 3324 offerrent
2201 3311 2215 3336 ,
2248 3269 2374 3323 dum
2396 3279 2619 3324 mortem
2642 3278 2991 3341 oppeterent;
3022 3279 3111 3323 aut
3136 3311 3151 3333 ,
3184 3265 3325 3337 quod
3352 3258 3504 3323 necis

1928 3359 2123 3414 Christi
2154 3361 2326 3416 bonus
2354 3359 2490 3415 odor
2517 3360 2685 3414 simus
2710 3378 2722 3413 :
2758 3359 2979 3429 perinde
3010 3374 3071 3414 ac
3100 3360 3145 3414 si
3176 3360 3295 3430 quis
3320 3359 3499 3425 dicat,

1928 3450 2157 3521 Hujusce
2185 3452 2415 3505 victimae
2462 3451 2634 3505 bonus
2681 3451 2815 3505 odor
2862 3460 2944 3505 est
2990 3452 3075 3505 hic
3105 3451 3341 3507 sufﬁtus.
3395 3453 3502 3506 Aut

1928 3542 2087 3611 igitur
2131 3542 2231 3595 hoc
2260 3542 2523 3610 signiﬁcat
2568 3542 2694 3596 boni
2726 3541 2906 3597 odoris
2949 3542 3266 3595 vocabulum
3294 3583 3309 3606 ,
3368 3551 3456 3595 aut
3483 3583 3500 3608 ,

1927 3630 2065 3698 quod
2087 3640 2210 3683 ante
2238 3630 2366 3695 dixi,
2395 3631 2534 3698 quod
2565 3631 2801 3698 quotidie
2821 3632 3015 3685 Christi
3055 3646 3213 3685 causa
3261 3636 3502 3687 macten-

1929 3730 2031 3774 tur.
2064 3721 2224 3776 Vides
2264 3736 2369 3791 quo
2423 3721 2743 3775 tentationes
2790 3722 3115 3787 subvexerit,
3141 3738 3261 3777 cum
3320 3725 3499 3778 trium-

1927 3811 2089 3881 phum
2119 3827 2210 3867 eas
2236 3853 2249 3877 ,
2296 3820 2349 3865 et
2379 3812 2599 3867 odorem
2626 3852 2640 3876 ,
2674 3810 3015 3880 oblatumque
3047 3811 3154 3865 Deo
3184 3813 3501 3866 sacriﬁcium

1927 3904 2201 3971 appellat?
2230 3902 2430 3957 Deinde
2462 3912 2736 3971 postquam
2764 3902 2934 3967 dixit,
2970 3901 3140 3956 Bonus
3171 3902 3298 3955 odor
3326 3920 3499 3956 sumus

1924 3993 1976 4044 in
2007 3993 2067 4043 iis
2095 3993 2180 4058 qui
2206 4004 2412 4060 pereunt
2435 4007 2455 4055 ;
2485 4007 2551 4045 ne
2578 3991 2677 4044 hoc
2703 3992 2976 4044 existimes
3006 3992 3123 4045 illos
3154 4007 3364 4061 quoque
3389 3993 3499 4046 Deo

1925 4090 2104 4151 gratos
2131 4089 2185 4135 et
2210 4090 2457 4149 acceptos
2483 4096 2635 4145 esse,
2669 4080 2941 4148 snbjunxit
2974 4096 2989 4135 :
3026 4079 3112 4133 16.
3145 4081 3269 4133 Aliis
3297 4082 3499 4151 quidem

1925 4174 2050 4225 odor
2079 4173 2252 4226 mortis
2277 4174 2329 4225 in
2360 4181 2589 4235 mortem,
2620 4173 2735 4225 aliis
2759 4182 2925 4225 autem
2953 4173 3079 4225 odor
3105 4176 3221 4225 vita:
3240 4173 3290 4225 in
3322 4174 3497 4228 vitam.

1925 4262 2073 4316 Hanc
2102 4265 2241 4316 enim
2272 4262 2609 4331 fragrantiam
2632 4262 2844 4331 quidam
2874 4262 2944 4314 ita
2972 4262 3268 4331 suscipiunt
3290 4270 3345 4314 ut
3365 4263 3495 4315 salvi

1926 4352 2093 4416 iiant;
2126 4351 2339 4421 quidam
2390 4365 2575 4404 rursus
2601 4351 2693 4414 ita,
2728 4360 2783 4403 ut
2813 4358 3053 4418 pereant.
3087 4349 3265 4417 Itaque
3290 4351 3499 4405 etiamsi

1926 4450 2110 4510 pereat
2140 4442 2327 4507 aliquis
2353 4482 2367 4506 ,
2421 4443 2534 4509 ipse
2562 4442 2615 4493 in
2660 4441 2811 4508 culpa
2845 4449 2948 4494 est.
2992 4439 3122 4493 Nam
3155 4449 3208 4493 et
3237 4454 3362 4494 sues
3394 4457 3495 4493 un-

1924 4543 2123 4603 guento
2152 4533 2397 4587 suffocari
2431 4532 2719 4596 dicuntur;
2752 4542 2805 4585 et
2833 4533 3011 4585 lumen
3039 4570 3053 4594 ,
3087 4538 3146 4583 ut
3176 4539 3331 4584 antea
3363 4531 3497 4594 dixi,

1926 4622 2152 4677 infirmis
2180 4622 2349 4677 oculis
2388 4622 2637 4677 tenebras
2682 4621 2924 4674 oti‘undit.
2968 4622 3141 4690 Atque
3188 4620 3498 4693 hujusmodi

1927 4714 2187 4768 bonorum
2214 4724 2400 4766 natura
2444 4721 2557 4776 est,
2607 4720 2665 4766 ut
2694 4726 2799 4764 non
2829 4726 2891 4765 ea
2924 4719 3162 4773 tantum,
3210 4726 3327 4778 qua:
3372 4710 3500 4776 ipsis

1925 4804 2206 4859 familiaria
2233 4812 2376 4867 sunt,
2406 4811 2616 4867 sanent,
2646 4802 2739 4856 sed
2762 4802 2921 4856 etiam
2944 4802 3209 4854 contraria
3236 4800 3495 4868 perdant:

1926 4894 2151 4963 hincque
2179 4893 2406 4947 maxime
2435 4892 2512 4945 vis
2540 4905 2725 4945 eorum
2756 4890 3078 4943 declaratur.
3122 4886 3398 4957 Siquidem
3445 4897 3501 4941 ct

1924 4985 2097 5053 ignis,
2142 4999 2247 5037 non
2280 4982 2449 5035 solum
2478 4996 2598 5034 cum
2649 4981 2950 5041 illummat,
2992 4987 3083 5031 aut
3128 4993 3252 5032 cum
3304 4990 3493 5030 aurum

1924 5081 2152 5142 purgat,
2184 5071 2278 5126 sed
2306 5071 2465 5123 etiam
2495 5084 2615 5122 cum
2658 5068 2838 5135 spinas
2868 5068 3143 5130 absumit,
3192 5066 3299 5117 vim
3344 5078 3495 5117 suam

1926 5164 2157 5219 maxime
2188 5162 2423 5225 indicat,
2474 5170 2635 5230 atque
2679 5161 2779 5215 hac
2808 5160 3014 5212 ratione
3046 5158 3218 5224 ignem
3266 5171 3324 5210 se
3376 5170 3494 5211 esse

1925 5255 2270 5309 demonstrat.
2312 5250 2514 5306 Eodem
2544 5250 2702 5304 modo
2726 5247 2965 5301 Christus
2995 5245 3119 5300 hinc
3144 5261 3356 5317 quoque
3380 5260 3492 5298 ma-

1922 5342 2131 5413 jestatis
2156 5356 2266 5397 sum
2287 5342 2554 5411 specimen
2581 5337 2708 5400 edit,
2740 5348 2861 5389 cum
2886 5335 2996 5389 oris
3024 5338 3105 5389 sui
3125 5334 3311 5402 spiritu
3342 5332 3492 5386 Anti.

1926 5434 2185 5488 christum
2213 5433 2497 5503 opprimit,
2524 5443 2587 5482 ac
2617 5442 2710 5496 per
2737 5427 3023 5483 adventum
3056 5424 3355 5493 praesentia:
3381 5438 3491 5478 sure

1926 5524 1995 5579 de
2023 5522 2200 5576 medio
2246 5521 2402 5576 tollit.
2448 5515 2515 5570 Et
2556 5516 2623 5569 ad
2654 5516 2760 5569 haec
2786 5521 2896 5585 quis
2923 5512 3181 5566 idoneus!
3224 5512 3489 5579 Quoniam

1928 5613 2206 5684 magnifice
2227 5613 2478 5683 loquutus
2507 5617 2627 5665 erat
2656 5610 2838 5664 dicens
2863 5647 2878 5670 ,
2909 5605 3106 5663 Christi
3135 5603 3449 5661 sacriﬁcium
3470 5645 3489 5673 ,

1932 5723 2033 5784 ac,
2083 5704 2257 5761 Bonus
2302 5702 2433 5759 odor
2459 5715 2679 5770 sumus,
2728 5708 2918 5774 atque,
2965 5696 3170 5771 Ubique
3198 5694 3490 5770 triumpha-
