4028 6222
535 291 629 348 451

537 417 655 457 mus
678 444 694 469 ,
726 417 904 458 rursus
934 400 1298 456 moderatione
1339 399 1542 462 utitur,
1594 397 1705 452 Deo
1745 407 1934 452 cuncta
1974 394 2112 449 assi-

537 509 724 563 gnans,
746 494 815 547 ob
840 491 999 561 idque
1018 491 1114 557 ait,
1130 490 1195 543 Et
1215 489 1284 543 ad
1305 489 1412 542 haec
1430 488 1542 557 quis
1563 487 1776 541 idoneus
1795 487 1819 539 ?
1838 485 1947 541 Hoc
1966 486 2110 541 enim

539 593 706 638 totum
736 582 930 638 Christi
956 593 1076 649 est,
1108 581 1281 651 inquit
1316 598 1328 633 :
1356 578 1489 633 nihil
1514 587 1597 633 est
1621 577 1763 648 quod
1788 579 1941 633 nobis
1960 593 2112 633 arro—

530 690 741 746 gemus.
792 675 977 729 Vidcn‘
1022 671 1293 744 quomodo
1334 684 1677 740 secusquam
1710 669 2138 741 pseudapostoli'

536 768 778 837 loquatur
802 767 825 820 Ἰ
854 766 1065 822 Etenim
1095 765 1167 819 illi
1196 763 1581 833 gloriabantur,
1617 762 1839 831 perinde
1864 778 1927 818 ac
1956 764 2003 818 si
2041 763 2110 819 ad

536 856 967 926 prmdicationem
992 853 1195 923 aliquid
1226 868 1291 908 ex
1317 867 1378 908 se
1398 852 1689 919 afferrent;
1724 852 1813 907 hic
1838 862 2019 908 autem
2045 867 2111 907 eo

538 941 755 1002 nomine
786 961 842 999 se
871 946 1088 1016 gloriari
1115 946 1191 999 ait
1215 987 1231 1009 ,
1264 944 1407 1015 quod
1434 943 1566 999 nihil
1594 944 1766 1014 ipsius
1790 944 1860 998 sit
1888 961 1903 996 :
1931 942 2111 998 Gloria

533 1038 677 1093 enim
707 1045 878 1090 nostra
909 1037 1017 1091 [uec
1045 1046 1119 1089 est
1142 1078 1156 1101 ,
1188 1037 1395 1105 inquit,
1424 1034 1767 1089 testimonium
1792 1030 2113 1088 conscientia:

534 1134 739 1191 nostrae,
770 1126 1007 1191 quoniam
1036 1141 1135 1179 non
1161 1126 1216 1178 in
1240 1126 1491 1195 sapientia
1513 1122 1732 1190 carnali,
1754 1123 1843 1177 sed
1864 1125 1916 1176 in
1944 1122 2111 1193 gratia

537 1216 629 1270 Dei
656 1217 933 1272 «aversati
960 1232 1134 1278 sumus
1166 1204 1219 1269 in
1262 1215 1451 1268 mundo
1478 1214 1565 1283 (2.
1600 1211 1719 1267 Cor.
1770 1213 1820 1266 Ι.
1870 1214 1980 1283 12).
2029 1211 2111 1266 Ob

533 1306 683 1375 cujus
708 1306 784 1360 rei
809 1348 824 1371 ,
858 1306 957 1359 hac
983 1314 1067 1359 est
1089 1315 1327 1359 externae
1356 1303 1637 1371 sapientia:
1666 1343 1681 1366 ,
1714 1301 2057 1372 adeptionem
2090 1342 2107 1368 ,

530 1395 861 1465 gloriandum
887 1395 988 1449 sibi
1018 1394 1092 1448 illi
1123 1393 1526 1457 existimabant,
1549 1391 1617 1446 de
1639 1390 1796 1460 hujus
1821 1391 1900 1446 rei
1930 1391 2109 1446 subla-

534 1488 678 1540 tione
705 1486 791 1539 hic
818 1485 1079 1555 gloriantur
1108 1499 1123 1538 :
1158 1483 1298 1538 unde
1322 1483 1483 1538 etiam
1514 1483 1617 1540 hoc
1652 1484 1772 1541 loco
1799 1485 1873 1538 ait
1895 1522 1911 1549 ,
1946 1481 2013 1535 Et
2036 1483 2105 1535 ad

532 1580 638 1630 hac
664 1577 775 1645 quis
817 1574 1073 1628 idoneus?
1116 1573 1270 1641 Quod
1310 1575 1356 1630 si
1405 1575 1624 1630 minime
1655 1574 1834 1629 idonei
1880 1588 2065 1628 sumus
2091 1612 2105 1637 ,

528 1664 991 1735 gratite‘profecto
1019 1664 1072 1719 id
1102 1674 1185 1720 est
1224 1665 1367 1734 quod
1393 1665 1618 1735 geritur.
1669 1666 1759 1721 l7.
1807 1663 1929 1718 Non
1974 1664 2108 1717 enim

528 1772 703 1809 sumus
730 1756 860 1809 sicut
884 1755 1064 1825 reliqui
1090 1754 1434 1809 adulterantes
1465 1756 1672 1808 uerbum
1702 1753 1819 1809 Dei.

600 1848 648 1901 3.
677 1845 807 1901 Nam
832 1846 933 1900 etsi
961 1842 1147 1915 magna
1168 1844 1413 1913 quaedam
1445 1844 1732 1914 loquimur,
1767 1853 1943 1899 tamen
1968 1842 2100 1896 nihil

536 1945 720 1991 nostra
745 1950 908 2005 opera
931 1945 1079 1989 recte
1110 1934 1307 1988 factum
1354 1933 1540 2000 fuisse,
1572 1934 1667 1989 sed
1706 1934 1885 1987 omnia
1909 1930 2109 1985 Christi

535 2043 655 2083 esse
684 2028 1150 2097 diximus:neque
1194 2027 1339 2081 enim
1386 2022 1835 2095 psendapostolos
1877 2022 2109 2076 imitabi-

534 2134 671 2183 mur,
704 2119 793 2189 qui
820 2119 1071 2188 pleraque
1094 2132 1189 2173 sua
1216 2133 1337 2172 esse
1362 2116 1565 2170 dicunt.
1594 2116 1706 2170 lloc
1725 2115 1865 2171 enim
1888 2124 2110 2170 estcau—

533 2210 743 2281 ponari,
772 2225 891 2265 cum
919 2211 1038 2279 quis
1065 2210 1244 2263 vinum
1272 2207 1569 2273 adulterat;
1601 2207 1870 2277 cuquuis
1887 2207 2107 2278 pecunia

536 2302 588 2355 id
618 2301 820 2365 vendit,
853 2300 993 2367 quod
1013 2302 1178 2370 gratis
1204 2299 1330 2353 dare
1364 2298 1615 2353 debebat.
1649 2298 1760 2353 Hoc
1799 2300 1941 2353 enim
1989 2298 2109 2351 loco

529 2399 591 2444 et
616 2389 683 2444 de
698 2400 903 2459 qumstu
932 2404 1027 2443 eos
1052 2390 1417 2460 perstringere
1447 2389 1679 2455 videtur,
1718 2398 1773 2444 et
1799 2402 2006 2450 rursus,
2056 2384 2109 2439 id

479 2511 483 2516 ν
532 2481 676 2552 quod
706 2483 834 2546 dixi,
865 2482 1227 2546 subindicare,
1287 2482 1484 2549 nempe
1525 2478 1666 2549 quod
1696 2493 1791 2531 sna
1821 2478 1895 2531 illi
1917 2477 2110 2531 divinis

537 2574 890 2627 admisceant.
923 2572 1037 2639 Qua
1068 2572 1136 2625 de
1166 2586 1226 2624 re
1254 2570 1417 2624 Isaias
1443 2570 1604 2623 etiam
1634 2567 1941 2635 accusabat,
1970 2567 2109 2622 Cau-

534 2679 689 2733 pones
722 2662 800 2717 tui
825 2662 994 2715 vinum
1024 2676 1157 2731 aqua
1182 2660 1391 2715 miscent
1444 2656 1596 2730 (Isai.
1633 2660 1685 2713 1.
1710 2658 1825 2729 92).
1850 2658 1981 2713 Nam
2009 2658 2108 2713 etsi

535 2755 605 2808 de
629 2753 750 2807 vino
781 2751 883 2808 hoc
910 2752 1113 2807 dictum
1138 2759 1240 2816 est,
1274 2766 1378 2805 non
1410 2757 1585 2805 tamen
1614 2749 1897 2815 aberrarit,
1919 2750 2010 2819 qui
2042 2747 2109 2803 de

534 2844 773 2899 doctrina
802 2843 905 2898 hoc
933 2857 1145 2912 quoque
1166 2842 1509 2896 intellexerit.
1539 2842 1609 2895 At
1634 2856 1741 2895 non
1769 2854 1888 2904 nos,
1917 2839 2108 2909 inquit,

530 2934 599 2988 ad
630 2932 1054 2997 hunc‘modum;
1084 2930 1178 2985 sed
1205 2930 1380 3001 qualia
1430 2939 1629 2985 nostra:
1671 2929 1794 2984 ﬁdei
1822 2930 2109 2983 commissa

534 3031 680 3090 sunt,
711 3022 835 3076 talia
857 3037 1067 3092 quoque
1103 3037 1165 3077 ea
1197 3023 1517 3092 praebemus,
1560 3020 1859 3076 doctrinam
1902 3033 2108 3075 meram

540 3113 917 3182 propitiantes:
943 3112 1085 3167 unde
1112 3106 1408 3180 subjunxit,
1454 3109 1565 3166 Sed
1579 3126 1645 3164 ea:
1664 3110 1949 3163 sinceritate
1975 3117 2080 3161 tam
2097 3136 2110 3150 -

531 3222 683 3273 quam
711 3221 775 3259 ea:
798 3204 930 3271 Deo,
958 3220 1130 3257 coram
1151 3201 1259 3256 Deo
1287 3203 1342 3255 in
1365 3200 1564 3255 Christo
1594 3201 1864 3270 loquimur.
1906 3198 2023 3252 Non
2053 3206 2112 3252 ut

534 3310 630 3349 vos
677 3295 1005 3363 decipiamus
1034 3292 1105 3346 ita
1150 3292 1504 3361 prmdicamus
1533 3328 1551 3356 ,
1601 3288 1809 3358 inquit,
1844 3298 2107 3358 tamquam

534 3387 686 3440 vobis
713 3385 1069 3454 gratiﬁcantes
1089 3426 1103 3451 ,
1133 3394 1223 3438 aut
1256 3394 1521 3453 tamquam
1548 3397 1581 3437 a
1630 3380 1785 3435 nobis
1804 3380 1999 3450 aliquid
2028 3375 2113 3433 al-

536 3479 771 3533 ferentes
809 3486 968 3547 atque
994 3464 1355 3532 admiscentes
1373 3516 1388 3539 ,
1426 3472 1836 3542 sed,Tamquam
1861 3490 1924 3527 ea:
1952 3472 2062 3526 Deo
2089 3491 2110 3538 ;

536 3568 588 3622 id
615 3577 718 3632 est,
745 3583 848 3621 non
880 3567 1109 3621 dicimus
1137 3580 1234 3619 nos
1251 3564 1451 3634 aliquid
1481 3572 1722 3617 nostrum
1753 3562 1983 3631 elargiri,
2016 3562 2109 3616 sed

534 3660 705 3714 Deum
732 3661 910 3713 omnia
962 3657 1174 3715 dedisse
1198 3696 1217 3723 ,
1246 3656 1351 3712 hoc
1389 3657 1531 3711 enim
1582 3656 1683 3711 sibi
1712 3654 1825 3709 vult
1851 3654 2002 3721 illud,
2031 3653 2116 3708 Ea;

534 3750 641 3803 Deo
668 3764 686 3813 ;
714 3757 769 3803 ut
809 3763 914 3803 non
941 3749 1234 3818 gloriemur
1254 3748 1405 3814 quasi
1434 3745 1638 3815 aliquid
1673 3743 1985 3811 habeamus,
2017 3744 2112 3798 sed

536 3841 709 3894 omnia
742 3841 838 3908 ipsi
870 3841 1183 3902 referentes,
1213 3834 1280 3889 In
1304 3836 1504 3890 Christo
1530 3834 1817 3905 loquimur;
1858 3848 1963 3886 non
2012 3846 2110 3886 no-

538 3943 652 4000 stra
677 3932 957 4000 sapientia,
985 3930 1077 3985 sed
1130 3929 1271 3984 illius
1302 3929 1534 3999 potentia
1578 3927 1767 3985 amati.
1796 3926 1897 3993 Qui
1933 3933 2113 3979 autem

529 4024 828 4092 gloriantur
850 4064 864 4087 ,
917 4036 1021 4075 non
1048 4021 1113 4076 ad
1138 4022 1278 4076 hunc
1323 4019 1537 4074 modum
1569 4034 1626 4073 se
1665 4026 1896 4088 gerunt,
1928 4029 2111 4071 verum

541 4113 759 4182 perinde
795 4127 857 4165 ac
882 4113 924 4164 si
959 4111 1155 4180 aliquid
1183 4126 1212 4164 a
1241 4111 1433 4179 scipsis
1480 4108 1725 4163 aﬂ‘erant.
1758 4106 1910 4162 Unde
1949 4106 2113 4160 etiam

530 4218 634 4257 .cos
662 4203 767 4255 alio
788 4201 906 4255 loco
934 4200 1017 4255 his
1050 4200 1225 4254 verbis
1266 4199 1533 4263 traducit,
1571 4196 1707 4262 Quid
1752 4198 1884 4251 enim
1914 4195 2065 4249 habes
2096 4234 2113 4260 ,

530 4294 677 4361 .quod
704 4310 802 4346 non
829 4294 1083 4360 acceperis
1100 4292 1125 4343 ?
1150 4291 1213 4345 Si
1238 4301 1406 4343 autem
1437 4290 1699 4359 accepisti,
1728 4287 1848 4357 quid
1876 4286 2115 4359 gloriaris

532 4387 685 4455 .quasi
706 4402 805 4437 non
835 4387 1093 4453 acceperis
1117 4385 1196 4453 (i.
1227 4382 1347 4436 Cor.
1377 4382 1431 4435 4.
1456 4381 1512 4451 7)
1537 4382 1561 4434 ’ἔ

622 4474 795 4529 Virtus
848 4476 1071 4527 maxima
1114 4474 1283 4527 omnia
1311 4472 1416 4525 Deo
1442 4471 1746 4526 adscribere.
1789 4469 1886 4525 Dei
1912 4471 2117 4524 oculum

529 4582 684 4619 .nemo
714 4566 862 4636 fugit.
888 4594 960 4606 —-
988 4564 1114 4617 llarc
1156 4564 1386 4617 maxima
1410 4562 1575 4615 virtus
1624 4572 1705 4615 est
1734 4601 1749 4625 ,
1799 4560 1975 4614 omnia
2006 4560 2117 4614 Deo

540 4656 867 4720 adscribere,
904 4655 1036 4709 nihil
1079 4669 1235 4708 suum
1257 4667 1376 4707 esse
1397 4652 1615 4718 ducere,
1648 4652 1779 4706 nihil
1807 4652 1991 4721 gloria:
2014 4651 2113 4706 hu-

542 4765 713 4803 mana:
741 4762 901 4804 causa
931 4747 1127 4811 facere,
1158 4745 1251 4800 sed
1278 4746 1574 4799 secundum
1606 4746 1697 4801 Dei
1730 4747 2058 4801 voluntatem
2094 4762 2110 4799 :

541 4841 631 4895 hic
655 4840 794 4893 enim
824 4846 907 4894 est
936 4879 949 4903 ,
983 4840 1071 4907 qui
1096 4838 1216 4891 vitae
1258 4847 1392 4891 actae
1444 4839 1679 4892 rationes
1707 4846 1992 4892 exacturus
2013 4846 2115 4891 est.

538 4929 697 4987 Nunc
724 4943 852 4982 vero
873 4930 950 4982 rei
979 4928 1111 4981 ordo
1134 4928 1378 4981 inversus
1398 4938 1479 4981 est
1509 4945 1521 4980 :
1552 4937 1709 4995 atque
1727 4927 1875 4979 illum
1903 4927 2117 4995 quidem

540 5026 633 5092 qui
661 5036 758 5090 pro
785 5020 1036 5075 tribunali
1087 5034 1332 5073 sessurus
1358 5060 1372 5085 ,
1402 5033 1464 5073 ac
1493 5018 1728 5073 rationes
1792 5018 2117 5087 repetiturus

540 5122 650 5175 est,
678 5128 781 5166 non
811 5112 964 5165 valde
990 5110 1277 5164 metuimus
1303 5125 1317 5170 ;
1347 5123 1439 5163 eos
1460 5118 1637 5163 autem
1660 5150 1675 5175 ,
1715 5108 1805 5178 qui
1836 5100 2112 5161 nobiscum

542 5204 766 5260 stabunt
814 5218 875 5255 ac
915 5204 1171 5269 judicium
1227 5198 1453 5253 subituri
1497 5210 1650 5264 sunt,
1690 5199 2111 5268 expavescimus.

554 5293 701 5350 Unde
725 5291 879 5361 igitur
911 5291 993 5343 hic
1014 5290 1273 5345 morbus?
1304 5288 1443 5345 unde
1470 5289 1520 5341 in
1546 5296 1759 5341 nostras
1788 5289 1993 5342 animas
2025 5287 2114 5340 in-

550 5385 727 5438 vasit?
756 5382 889 5437 Hinc
910 5380 1180 5443 nimirum,
1207 5380 1347 5449 quod
1377 5394 1484 5435 non
1509 5376 1721 5431 assidue
1751 5392 1836 5431 res
1865 5378 1980 5431 illas
2004 5377 2121 5430 ani-

548 5490 641 5529 mo
701 5472 1034 5535 volutcmus,
1075 5470 1170 5524 sed
1222 5469 1574 5537 praesentibus
1631 5466 1773 5521 afﬁxi
1816 5474 2114 5521 teneamur.

547 5568 685 5622 ilinc
703 5564 782 5630 lit,
801 5572 921 5615 utet
947 5563 998 5616 in
1021 5562 1273 5616 exitiosas
1298 5562 1537 5614 actiones
1566 5557 1719 5612 facile
1752 5557 1965 5625 prolaba
1977 5572 2119 5620 mur,

546 5672 601 5715 at
631 5656 821 5730 siquid
849 5653 973 5711 boni
1000 5654 1221 5726 agimus,
1254 5650 1623 5707 ostentationis
1649 5662 1803 5705 causa
1838 5646 2117 5715 faciamus,

1256 285 1315 343 S.
1349 282 1623 343 JOANNIS
1656 282 2125 342 CHRYSOSTOMI
2164 281 2475 339 ARCHIEP.
2515 282 3028 343 CONSTANTINOP.

3688 291 3800 347 432

2223 406 2382 465 atque
2414 395 2465 451 id
2487 409 2698 467 quoque
2727 397 2778 451 in
2800 396 3182 454 detrimentum
3229 400 3383 455 nobis
3409 400 3582 457 cedat.
3613 401 3797 473 Siqui-

2218 484 2339 541 dem
2367 486 2498 541 vidit
2524 486 2751 542 fortasse
2778 486 3044 558 quispiam
3074 490 3354 559 impudicis
3399 492 3573 547 oculis
3599 494 3799 550 mulie-

2221 590 2356 641 rem,
2391 591 2487 631 nec
2518 576 2570 631 id
2600 588 2690 631 aut
2716 578 2909 633 mulier
2928 594 3048 649 qua:
3078 592 3363 651 conspecta
3384 591 3488 648 est,
3514 595 3604 639 aut
3636 586 3671 639 ii
3693 599 3790 656 qui

2221 683 2323 720 una
2366 668 2771 737 gradiebantur,
2797 681 3117 737 senserunt;
3150 689 3335 730 verum
3381 677 3595 732 oculum
3643 679 3797 734 illum

2218 760 2524 829 pervigilem
2551 761 2773 817 minime
2818 762 2970 832 fugit.
2999 762 3132 818 Nam
3156 766 3245 820 ille
3268 767 3414 835 prius
3440 770 3602 823 etiam
3630 785 3795 841 quam

2220 861 2498 919 peccatum
2548 852 2838 908 admissum
2888 864 3072 921 esset,
3106 856 3426 926 impudicam
3476 862 3708 915 animam
3740 871 3797 916 et

2219 938 2485 994 internum
2528 939 2763 997 furorem
2792 953 2846 997 et
2874 946 3225 1014 cogitationes
3273 947 3327 1000 in
3372 956 3689 1016 tempestate
3732 965 3797 1005 ac

2218 1028 2449 1094 procella
2504 1045 2625 1085 sese
2666 1033 3049 1099 convolventes
3104 1037 3395 1107 perspexit.
3426 1037 3606 1109 Neque
3646 1040 3796 1095 enim

2219 1119 2442 1173 testibus
2469 1130 2521 1176 et
2548 1123 2870 1192 conjecturis
2897 1125 2986 1179 ille
3014 1140 3151 1196 opus
3182 1127 3362 1194 habet,
3393 1129 3477 1183 cui
3497 1132 3675 1185 omnia
3700 1146 3798 1186 ex-

2217 1208 2421 1274 plorata
2452 1221 2596 1265 sunt.
2654 1213 2914 1278 Quocirca
2942 1230 3010 1270 ne
3030 1218 3214 1272 oculos
3237 1218 3304 1272 ad
3335 1233 3624 1275 conservos
3673 1230 3797 1278 tuos

2216 1308 2539 1354 convertas:
2592 1316 2713 1355 nam
2760 1305 2968 1359 etiamsi
3012 1304 3171 1361 homo
3216 1300 3417 1375 laudet,
3446 1307 3581 1365 nihil
3612 1318 3795 1367 tamen

2215 1386 2316 1443 hoc
2336 1390 2697 1459 prodest,cum
2716 1394 2858 1449 Deus
2878 1409 2985 1449 non
2998 1398 3281 1467 approbat;
3300 1414 3400 1455 nec
3412 1400 3457 1454 si
3473 1400 3796 1456 condemnet

2214 1478 2397 1546 homo,
2423 1482 2709 1553 quidquam
2728 1483 2853 1540 hinc
2876 1485 3182 1543 detrimenti
3209 1489 3367 1555 redit,
3380 1505 3509 1545 cum
3528 1490 3668 1547 Deus
3682 1506 3794 1551 non

2214 1570 2550 1625 condemnat.
2571 1571 2649 1627 Ne
2664 1574 2761 1628 hac
2786 1588 3002 1644 quoque
3030 1577 3237 1631 ratione
3252 1578 3486 1647 judicem
3499 1580 3565 1635 sd
3580 1581 3795 1636 iracun-

2213 1658 2353 1715 diam
2365 1662 2749 1727 concites,dum
2759 1678 3135 1720 conservorum
3148 1666 3361 1736 quidem
3378 1682 3620 1739 magnam
3638 1672 3795 1726 ratio-

2214 1754 2832 1825 nemhahes,ipsoautem
2850 1756 3277 1827 indignante,nec
3292 1767 3436 1813 metu
3446 1774 3545 1815 nec
3562 1770 3795 1819 tremore

2214 1842 2458 1900 afﬁceris
2488 1844 2663 1912 Quare
2688 1846 2899 1903 laudem
2914 1862 3058 1914 eam,
3084 1863 3202 1917 quas
3222 1849 3289 1903 ab
3308 1848 3611 1905 hominibus
3628 1853 3795 1922 protl-

2214 1936 2446 2001 ciscitur,
2470 1948 2888 1995 contemnamus.
2911 1940 3199 2012 Quousque
3217 1940 3430 2015 tandem
3458 1942 3592 1999 viles
3616 1952 3671 1998 et
3696 1942 3797 1999 ab~

2213 2024 2337 2092 jecti
2365 2029 2605 2083 erimus?
2632 2028 2910 2100 quousque
2933 2029 3042 2085 Deo
3072 2031 3141 2086 ad
3164 2031 3352 2086 omium
3383 2046 3483 2087 nos
3512 2034 3794 2091 attollente

2214 2116 2315 2188 ipsi
2345 2119 2493 2175 humi
2518 2134 2739 2191 serpere
2758 2121 3145 2177 contendemus
3174 2124 3198 2177 ?
3218 2121 3432 2178 Fratres
3460 2123 3679 2195 Iosephi
3701 2166 3718 2193 ,
3740 2127 3795 2182 si

2215 2208 2312 2264 Dei
2354 2211 2597 2264 timorem
2628 2220 2750 2265 ante
2794 2212 2984 2267 oculos
3028 2212 3358 2278 habuissent,
3382 2222 3441 2270 ut
3468 2214 3664 2271 habere
3694 2230 3795 2287 par

2212 2308 2349 2365 erat,
2379 2314 2484 2353 non
2513 2310 2726 2369 captum
2750 2304 2802 2356 in
2832 2302 3124 2358 solitudine
3153 2304 3373 2359 fratrem
3396 2306 3795 2368 interemissent

2215 2390 2235 2460 (
2258 2389 2384 2444 Gen.
2416 2391 2483 2444 37
2509 2393 2549 2459 ).
2578 2390 2711 2446 Cain
2740 2407 2950 2458 rursus,
2973 2393 3020 2448 si
3048 2395 3367 2449 sententiam
3400 2397 3586 2466 ipsius,
3618 2408 3674 2454 ut
3691 2415 3793 2471 par

2218 2491 2355 2549 erat,
2379 2479 2868 2550 extimuisset,'non
2898 2484 3159 2541 dixisset;
3201 2485 3329 2542 Veni
3342 2498 3389 2541 et
3404 2489 3722 2560 egrediantur
3734 2493 3794 2546 iis

2214 2588 2391 2642 agrum
2420 2571 2569 2643 (Gen.
2592 2574 2648 2628 4.
2675 2573 2755 2645 8).
2775 2572 2915 2641 Quid
2935 2575 3099 2642 enim,
3126 2592 3159 2630 ο
3188 2578 3353 2633 miser
3373 2587 3429 2633 et
3454 2581 3789 2648 calamitose,

2214 2677 2243 2715 a
2273 2672 2422 2732 patre
2468 2664 2640 2732 ipsum
2685 2664 2941 2721 distrahis
2990 2675 3149 2737 atque
3172 2669 3223 2721 in
3255 2682 3502 2739 campum
3526 2671 3745 2727 abducis
3765 2672 3793 2727 ΐ

2215 2767 2392 2807 annon
2435 2755 2576 2810 Deus
2617 2757 2777 2811 etiam
2809 2757 2860 2811 in
2901 2771 3094 2828 campo
3134 2758 3345 2815 facinus
3380 2769 3528 2817 tuum
3566 2763 3739 2819 cernit
3765 2767 3795 2821 τ

2215 2860 2393 2900 annon
2422 2844 2488 2899 ab
2515 2846 2619 2914 iis,
2667 2861 2787 2915 quae
2843 2848 2982 2916 patri
3038 2857 3128 2902 tuo
3168 2850 3499 2919 acciderunt,
3531 2852 3788 2923 didicisti,

2214 2935 2357 3007 quod
2382 2935 2563 2990 omnia
2586 2936 2757 3017 norit,
2786 2944 2946 3007 atque
2970 2937 3215 2993 omnibus
3238 2954 3356 3008 quae
3377 2939 3511 2996 fiunt
3538 2942 3792 2999 intersit?

2214 3028 2353 3094 Quid
2380 3038 2559 3083 autem
2584 3041 2759 3082 causa:
2784 3039 2886 3095 est,
2923 3041 3021 3084 cur
3048 3041 3153 3091 non
3194 3027 3260 3083 ad
3300 3043 3422 3083 cum
3449 3030 3627 3086 scelus
3667 3032 3798 3087 inli-

2214 3120 2448 3175 ciantem
2471 3119 2544 3171 ita
2572 3118 2821 3188 loquutus
2846 3119 2936 3182 sit,
2961 3118 3113 3173 Mene
3133 3119 3299 3185 celas,
3331 3122 3418 3189 qui
3447 3121 3643 3191 ubique
3686 3122 3790 3179 ad-

2215 3224 2332 3263 sum
2358 3218 2413 3262 et
2437 3221 2631 3263 arcana
2660 3208 2782 3261 novi
2810 3207 2833 3262 ἲ
2860 3206 2994 3274 Quia
3024 3208 3261 3263 nondum
3278 3210 3381 3264 ille
3414 3209 3530 3265 lucc
3554 3219 3703 3267 recte
3724 3226 3793 3268 ac

2216 3299 2487 3367 sapienter
2526 3298 2804 3365 percipere
2854 3306 3083 3365 poterat.
3135 3298 3272 3365 Quid
3304 3308 3479 3355 autem
3506 3300 3625 3355 ait?
3681 3299 3796 3357 Vo:

2216 3388 2476 3460 sanguinis
2496 3390 2669 3459 fratris
2709 3388 2781 3441 tui
2807 3387 2992 3441 clamat
3019 3388 3087 3441 ad
3112 3405 3189 3443 me
3222 3390 3399 3461 (Ibid.
3428 3408 3475 3445 υ.
3508 3390 3610 3463 lli)
3636 3410 3650 3459 ;
3683 3409 3792 3449 non

2216 3478 2357 3549 quod
2384 3478 2602 3548 sanguis
2651 3493 2837 3532 vocem
2863 3476 3075 3545 habeat,
3106 3478 3201 3533 sed
3231 3478 3420 3534 eodem
3469 3480 3651 3548 modo,
3684 3497 3795 3552 quo

2218 3570 2283 3624 de
2328 3567 2622 3639 perspicuis
2642 3582 2705 3622 ac
2730 3565 3027 3623 manifestis
3059 3567 3244 3622 dicere
3268 3563 3525 3635 solemus,
3552 3568 3662 3625 Res
3684 3572 3795 3626 cla-

2217 3668 2347 3715 mat.
2398 3662 2476 3715 Ac
2497 3658 2720 3729 proinde
2763 3658 2856 3712 Dei
2904 3659 3227 3713 sententiam
3254 3659 3324 3714 ob
3354 3661 3542 3715 oculos
3582 3676 3797 3731 semper

2218 3750 2418 3804 habere
2444 3762 2582 3818 Opus
2606 3758 2710 3813 est;
2729 3761 2960 3817 moxque
2984 3749 3160 3801 omnia
3177 3748 3314 3801 mala
3332 3751 3591 3805 exstincta
3612 3761 3790 3807 erunt.

2220 3837 2388 3913 Sicin
2420 3838 2669 3906 precibus
2697 3850 2910 3907 quoque
2937 3836 3246 3906 vigilantem
3272 3838 3506 3893 animum
3535 3849 3792 3909 praesule

2221 3940 2522 3998 possumus,
2565 3926 2609 3980 si
2636 3941 2793 3997 quem
2838 3924 3173 3995 alloquamur
3217 3926 3547 3998 cogitemus,
3579 3929 3628 3983 si
3664 3928 3795 3984 illud

2221 4026 2549 4086 reputemus,
2603 4030 2702 4070 nos
2749 4012 3071 4069 sacrificium
3103 4014 3320 4083 offerre,
3377 4018 3719 4090 gladiumque
3740 4022 3794 4076 in

2224 4105 2489 4170 manibus,
2518 4106 2694 4175 ignem
2725 4120 2789 4159 ac
2818 4104 2960 4174 ligna
2994 4104 3225 4172 habere;
3260 4106 3305 4160 si
3346 4107 3461 4161 caeli
3489 4116 3673 4179 portas
3700 4125 3796 4181 per

2220 4196 2597 4267 cogitationem
2648 4210 2970 4259 reseremus,
3012 4197 3057 4251 si
3107 4197 3255 4252 illuc!
3289 4196 3599 4268 migremus,
3643 4216 3796 4258 acce-

2222 4300 2481 4358 ptumque
2508 4288 2733 4357 Spiritus
2760 4287 2991 4357 gladium
3024 4287 3076 4342 in
3122 4289 3351 4343 victimae
3378 4290 3563 4360 jugulo
3591 4291 3795 4363 deﬁga-

2226 4395 2350 4434 mus
2373 4421 2389 4446 ,
2420 4380 2629 4449 ipsique
2680 4378 3009 4447 vigilantiam
3058 4378 3415 4444 immolemus,
3446 4395 3508 4435 ac
3533 4381 3799 4454 lacrymss

2220 4468 2574 4523 ell'undamus.
2599 4468 2697 4523 llic
2726 4469 2869 4522 enim
2901 4466 3056 4537 hujus
3074 4467 3303 4523 victima:
3324 4470 3539 4540 sanguis
3555 4480 3673 4527 est:
3705 4473 3797 4528 tali

2227 4562 2396 4615 altare
2426 4560 2556 4615 illud
2584 4559 2731 4615 caede
2760 4560 2997 4628 tingitur.
3050 4546 3127 4614 Ne
3152 4559 3313 4629 igitur
3333 4560 3478 4616 sinas
3507 4562 3801 4634 quidquam

2224 4654 2577 4705 humanarum
2633 4649 3017 4719 cogitationum
3040 4648 3272 4705 animam
3300 4658 3444 4706 tuam
3478 4660 3589 4707 tum
3636 4667 3804 4727 oceu-

2223 4756 2371 4811 pare.

2250 4834 2269 4847 ‘
2294 4833 2349 4887 4.
2372 4830 2640 4887 Subeatm
2660 4839 2920 4895 mentem,
2944 4829 3457 4897 Abrahamum,cum
3476 4830 3794 4890 sacriﬁcium

2224 4921 2465 4984 oll‘erret,
2494 4934 2600 4976 non
2647 4920 2831 4985 uxori,
2864 4934 2968 4974 non
2992 4933 3169 4986 servo,
3218 4936 3324 4976 non
3350 4923 3439 4977 alii
3465 4923 3711 4992 cuiquam
3740 4933 3800 4978 ut

2224 5012 2440 5064 adesset
2465 4998 2799 5079 permisisse.
2838 5007 3038 5063 Eodem
3059 5009 3220 5064 modo
3246 5020 3299 5067 tu
3316 5025 3526 5079 quoque
3548 5026 3621 5064 ne
3649 5014 3797 5070 sinas

2225 5112 2283 5155 ut
2308 5100 2515 5156 servilis
2544 5101 2682 5155 nllus
2719 5108 2771 5155 et
2810 5099 3084 5154 illiberalis
3121 5096 3349 5153 aﬂ'ectus
3372 5098 3463 5154 tibi
3492 5100 3652 5163 adsit,
3699 5106 3796 5160 sed

2228 5191 2374 5245 solus
2398 5192 2451 5245 in
2472 5199 2713 5259 montem
2766 5189 3018 5255 ascende,
3047 5187 3114 5242 ad
3154 5201 3312 5255 quem
3342 5188 3431 5244 ille
3453 5190 3716 5260 ascendit,
3746 5203 3798 5247 et

2230 5281 2294 5334 ad
2319 5298 2477 5351 quem
2504 5282 2652 5337 nefas
2674 5290 2757 5337 est
2780 5281 2940 5337 alium
2964 5291 3283 5347 quemquam
3305 5279 3610 5336 ascendere.
3642 5280 3797 5346 Quod

2226 5371 2274 5424 si
2294 5388 2414 5441 qua:
2445 5370 2749 5445 huiusmodi
2798 5368 3150 5438 cogitationes
3174 5384 3279 5423 una
3306 5368 3671 5425 conscendere
3698 5382 3796 5425 co-

2229 5474 2446 5531 nentur,
2480 5467 2679 5533 impera
2711 5461 2789 5517 eis
2817 5474 2936 5513 cum
2962 5461 3301 5527 auctoritate,
3331 5475 3395 5515 ac
3413 5460 3499 5515 dic
3528 5476 3541 5515 :
3598 5457 3799 5515 Sedete

2226 5556 2331 5619 hic,
2356 5569 2455 5625 ego
2474 5563 2650 5607 autem
2674 5560 2727 5607 et
2754 5551 2914 5619 illius,
2951 5564 3232 5622 postquam
3252 5549 3683 5616 adoraverimus,
3709 5566 3797 5606 re.

2230 5645 2531 5713 vertemur(
2556 5642 2681 5698 Gen.
2713 5642 2803 5698 Ἡ.
2837 5644 2870 5700 5
2896 5644 2946 5714 ):
2980 5654 3143 5716 atque
3184 5642 3330 5699 asina
3357 5651 3410 5697 et
3436 5639 3635 5711 meris,
3662 5648 3720 5697 et
3746 5640 3792 5695 si
