4028 6222
579 300 682 357 635

586 429 667 464 σοι
694 422 834 477 τότε,
860 415 977 469 ἀλλ’
1002 415 1181 469 αὐτῶν
1208 419 1358 485 γίνου
1388 424 1495 473 των
1519 430 1759 493 οὑρανων
1790 426 2139 497 ὑιιιηλότερος,⁹

584 504 836 570 στέναξον
866 506 1083 575 πικρὸν,
1108 507 1410 563 κατάθυσον
1431 510 1814 585 ἐξομολόγησιν
1836 530 1850 544 ’
1873 516 2142 588 Λέγεγὰρ

576 595 662 648 σὺ
680 595 786 661 τὰς
810 598 1061 665 ἀνομίας
1079 613 1195 652 σου
1211 600 1457 667 πρῶτος,
1484 620 1557 673 φη
1567 606 1668 668 σἰν,
1687 606 1785 659 ἵνα
1804 606 2138 674 δικαιωθῇς-ο

578 684 883 740 κατάθυσον
910 688 1201 759 συντρισὴν
1243 692 1489 761 καρδίας.
1523 694 1707 748 Ταῦτα
1737 696 1804 749 τὰ
1832 700 2006 768 ίερεῖα
2041 700 2139 751 οὐκ

576 775 659 837 είς
682 774 884 845 τέφραν
920 776 1168 848 τελευτᾷ,
1203 780 1324 833 οὐδὲ
1360 783 1439 845 εις
1466 784 1671 836 καπνὸν
1701 785 1994 851 διαλύεται,
2018 787 2138 842 ούδέ

574 858 749 922 ξύλων
775 861 1065 915 δεῖταικαὶ
1100 866 1286 935 πυρὸς,
1331 868 1465 923 άλλά
1507 874 1985 945 κατανενυγμένης
2026 876 2138 931 δια-

573 948 722 1010 νοίας
758 950 925 1021 μόνης
944 968 957 983 ³
992 953 1149 1007 τοῦτο
1173 956 1326 1022 ξύλα,
1356 960 1512 1013 τοῦτο
1543 962 1651 1033 πῦρ
1684 967 1836 1017 καῖον
1864 966 2023 1029 αὐτὰ,
2044 968 2137 1021 καὶ

570 1036 634 1087 οὐ
669 1041 985 1093 κατακαίον.
1044 1042 1101 1093 Ὀ
1130 1044 1234 1114 7&9
1275 1046 1412 1115 μετά
1449 1048 1783 1120 θερμότητος
1820 1052 2132 1122 εὐχόμενος,

574 1125 807 1191 καίεται,
849 1130 943 1183 καὶ
991 1133 1050 1185 οὐ
1084 1138 1468 1211 κατακαίεται,
1517 1140 1632 1192 ἀλλ’
1687 1143 1874 1213 ὥσπερ
1915 1145 2134 1214 χρυσίον

572 1217 701 1285 πυρὶ
732 1216 1173 1293 βασανιζόμενον,
1198 1220 1573 1294 λαμπρότερος
1602 1232 1831 1299 γίνεται.

636 1397 792 1452 Μετά
816 1398 873 1452 δέ
903 1402 1102 1456 τούτων
1130 1406 1351 1461 κάκεῖνο
1372 1410 1659 1477 φυλάττου,
1682 1414 1743 1466 τὺ
1767 1415 1931 1485 μηδὲν
1958 1418 2130 1471 εἰπεῖν

543 1484 857 1554 ,εὐχόμενος
884 1488 990 1541 τῶν
1020 1492 1423 1562 παροξυνόντων
1452 1515 1544 1551 σου
1564 1500 1653 1553 τὸν
1680 1484 1974 1575 Δεσπότην,
1997 1500 2131 1576 μηδὲ

566 1576 686 1625 κατ’
726 1576 934 1647 ἐχθρῶν
965 1583 1296 1655 προσέλθῃς-
1348 1588 1409 1642 El
1450 1590 1557 1660 7&9
1608 1592 1668 1644 τὸ
1714 1593 1857 1662 ἐχειν
1904 1596 2130 1665 ἐχθροὺς

564 1664 784 1729 ὄνειδος,
815 1669 876 1721 τὸ
909 1672 1267 1742 κατεύχεσθαι
1300 1678 1482 1739 αὐτῶν
1527 1683 1777 1751 ἐννόησον
1820 1664 2014 1754 ἡλίκον
2029 1704 2128 1741 κα-

564 1752 680 1808 κόν.
709 1755 837 1809 Δέον
859 1758 967 1828 γάρ
999 1777 1055 1813 σε
1076 1763 1518 1836 ἀπολογήσασθαι
1535 1770 1621 1824 διὰ
1638 1772 1689 1823 τί
1714 1752 1940 1844 ἐχθροὺς
1963 1777 2126 1845 ἔχεις,

564 1846 629 1898 σὺ
658 1846 715 1899 δέ
735 1848 914 1903 αὐτῶν
938 1853 1031 1905 καὶ
1064 1862 1393 1928 κακηγορεῖς
1420 1872 1470 1914 ι.
1502 1863 1609 1916 Καὶ
1636 1864 1793 1928 ποίας
1820 1866 1983 1938 τεύξῃ
2008 1883 2131 1935 συγ-

562 1935 809 2007 γνώμης,
848 1941 940 1993 καὶ
969 1947 1315 2016 κακηγορῶν,
1347 1951 1439 2003 καὶ
1469 1952 1527 2004 ἐν
1558 1954 1733 2024 καιρῷ
1758 1935 2003 2024 τοιούτω,
2038 1957 2127 2009 ὅτε

559 2021 711 2109 ἐλέγου
734 2041 815 2078 σοι
837 2026 918 2080 δεῖ
943 2030 1168 2106 πολλοῦ;
1200 2037 1309 2089 Καὶ
1337 2038 1443 2109 7&9
1477 2040 1615 2108 ὑπὲρ
1648 2021 1862 2095 οἰκείων
1889 2021 2127 2115 προσῆλ-

561 2107 652 2175 θες
672 2115 1082 2187 ἁμαρτημάτων
1104 2124 1357 2191 δεόμενος
1376 2145 1388 2157 ·
1417 2107 1502 2200 μὴ
1529 2107 1708 2184 τοίνυν
1748 2107 2126 2209 μνημονεύτῃς

559 2201 668 2253 τῶν
690 2202 1004 2272 ἀλλοτρίων,
1038 2209 1123 2285 ἵνα
1144 2211 1217 2280 μὴ
1241 2213 1347 2264 τῶν
1372 2215 1514 2269 ἰδίων
1536 2201 1872 2291 ἀναμνήσῃς.
1900 2225 1994 2276 Ἂν
2018 2201 2125 2297 γάρ

557 2288 738 2358 εἴπῃς,
774 2293 1014 2358 Πάταξον
1037 2298 1125 2350 τὸν
1162 2300 1372 2371 ἐχθρὸν,
1404 2306 1703 2376 ἐνέφραξάς
1723 2288 1817 2364 σου
1838 2313 1897 2364 τὸ
1926 2288 2121 2384 στόμαο

556 2378 741 2434 οὐκέτι
773 2383 882 2475 γάρ
925 2391 1236 2459 παρρησίαν
1286 2392 1491 2459 ἔδωκας
1520 2402 1584 2469 τῇ
1618 2399 1859 2475 γλώττῃ·
1906 2378 2124 2473 πρῶτον

558 2472 680 2542 μέν,
702 2476 783 2527 δτι
814 2466 1169 2550 παρώργισας
1193 2483 1283 2537 τὸν
1315 2466 1582 2559 δικαστὴν
1617 2493 1679 2543 ἐκ
1708 2466 2007 2565 προοιμίων
2032 2501 2121 2552 εὐ-

557 2562 693 2627 θέως
714 2582 726 2597 ⁶
754 2566 1025 2638 δεύτερον,
1064 2569 1213 2642 [471]
1245 2575 1325 2627 ὅτι
1355 2578 1571 2632 ἐναντία
1591 2562 1762 2646 αἰτεῖς
1783 2562 2121 2657 τῷ-σχήματι

552 2654 655 2724 τῆς
707 2656 894 2726 εὐχῆς.
945 2660 1007 2712 Et
1065 2663 1174 2732 7&9
1212 2665 1351 2735 ὑπὲρ
1400 2669 1649 2736 ἀφέσεως
1710 2654 2121 2747 ἁμαρτημάτων

554 2748 833 2817 προσεύχῃ
871 2749 919 2813 δ,
968 2748 1086 2814 πῶς
1118 2752 1257 2821 ὑπὲρ
1290 2755 1562 2822 κολάσεως
1594 2760 1847 2836 διαλέγῃ;
1884 2769 2120 2822 Τοὺναν-

552 2834 669 2885 τίον
701 2836 797 2904 μὲν
823 2833 914 2891 οὖν
936 2838 1042 2894 ἔδει
1074 2846 1267 2909 ποιεῖν,
1294 2845 1387 2897 καὶ
1412 2847 1617 2901 δεῖσθαι
1651 2833 2014 2923 ὑπὲρ-αὑτῶν,
2035 2860 2122 2913 ῐνα

555 2923 715 2976 τοῦτο
745 2928 838 2978 καὶ
873 2928 1010 2999 ὑπὲρ
1042 2931 1252 2984 ἑαυτῶν
1280 2936 1417 3004 μετὰ
1457 2942 1768 3009 παρρησίας
1806 2950 2118 3015 παρακαλέ-

559 3030 760 3085 σωμεν.
793 3016 929 3073 Νυνὶ
955 3020 1011 3072 δέ
1041 3024 1447 3111 προκατέλαδες
1477 3029 1568 3083 τοῦ
1603 3032 1855 3088 δικαστοῦ
1888 3039 1986 3109 τὴν
2020 3042 2121 3111 ψῆ-

557 3123 655 3172 φον
680 3108 767 3161 διά
794 3109 895 3177 τῆς
921 3111 1041 3180 σῆς,
1069 3114 1234 3179 ἀξιῶν
1259 3119 1384 3181 τοὺς
1420 3098 1830 3191 ἀμαρτάνοντας
1850 3098 2117 3195 κολάζέινο

553 3194 584 3246 ὃ
614 3197 705 3247 καὶ
730 3197 1056 3269 συγγνώμης
1079 3204 1372 3273 ἀποστερεῖ
1401 3209 1599 3279 πάσης.
1635 3214 1729 3265 “Av
1756 3215 1811 3267 δὲ
1852 3194 2001 3289 ὑπὲρ
2020 3224 2118 3275 αὺ-

556 3283 665 3336 τῶν
703 3284 852 3356 εὗξῃ,
887 3289 989 3339 κᾶν
1042 3291 1207 3359 μηδὲν
1239 3292 1378 3363 ὑπὲρ
1411 3296 1517 3347 τῶν
1547 3298 1655 3350 σῶν
1685 3302 1861 3372 εἴπῃς,
1915 3283 1974 3360 τδ
2013 3314 2118 3365 πᾶν

557 3372 780 3439 ῆνυσας.
830 3376 1109 3445 Ἐννόησον
1164 3381 1327 3433 πόσαι
1368 3383 1546 3438 θυσίαι
1579 3389 1713 3441 είσὶν
1746 3393 1803 3443 ἐν
1829 3394 1903 3463 τῷ
1937 3398 2113 3469 νόμῳ·

557 3461 719 3514 θυσία
748 3465 1023 3532 αἰνέσεως,
1058 3469 1215 3522 θυσία
1248 3472 1714 3547 ἐξομολογήσεως,
1754 3461 1911 3538 θυσία
1944 3461 2117 3563 σωτη-

559 3553 696 3622 ρίου,
719 3554 873 3607 θυσία
898 3558 1214 3629 καθαρμῶν,
1241 3564 1333 3616 καὶ⁷
1349 3565 1526 3636 ἐτεραι
1553 3573 1767 3643 μυρίαι,
1786 3577 1879 3627 καὶ
1895 3553 2115 3650 οὐδεμία

556 3643 677 3695 κατ’
710 3645 938 3716 ἐχθρῶν,
981 3650 1095 3702 ἀλλ’
1128 3653 1267 3723 ὑπὲρ
1303 3656 1409 3710 τῶν
1451 3661 1663 3714 οἰκείων
1707 3643 2116 3737 ἁμαρτημάτων

555 3735 779 3805 ἑκάστη,
807 3738 840 3807 ἢ
860 3741 950 3792 καὶ
971 3744 1425 3814 κατορθωμάτων.
1442 3751 1531 3821 Μή
1549 3753 1652 3821 γὰρ
1676 3755 1817 3825 ἄλλῳ
1839 3735 2113 3836 προσέρχῃ

553 3826 707 3895 Θεῷς
750 3830 972 3899 Ἐκείνῳ
1004 3834 1279 3906 προσέρχῃ
1310 3837 1387 3905 τῷ
1410 3841 1635 3906 εἰπόντι,
1664 3826 1933 3914 Εὔχεσάε

552 3914 671 3967 τῶν
692 3917 916 3984 ἐχθρῶν
944 3921 1127 3989 ὑμῶν.
1159 3926 1281 3988 Πῶς
1309 3925 1401 3981 οὖν
1439 3932 1615 3986 αὐτῶν
1647 3939 1947 4010 καταόοᾷς;
1995 3914 2111 4009 πῶς

552 4006 891 4075 παρακαλεῖς
919 4013 1008 4064 τὸν
1037 4013 1168 4066 Θεὸν
1200 4016 1292 4069 τὸν
1328 4021 1525 4075 οίκεῖον
1560 4023 1714 4079 λῦσαι
1753 4006 1946 4098 νόμονς
2000 4006 2112 4088 Οὐκ

548 4095 662 4149 ἐστι
692 4098 847 4153 τοῦτο
885 4102 1059 4162 ίκέτου
1092 4107 1301 4174 σχῆμα·
1337 4111 1509 4175 οὐδεὶς
1548 4114 1773 4168 ἱκετεύει
1818 4095 1907 4172 ῖνα
1957 4122 2111 4187 ἄλλος

549 4184 969 4254 ἀπόληται,ἀλλ’
1000 4191 1086 4243 ἵνα
1121 4192 1280 4257 αὐτὸς
1314 4198 1477 4267 σωθῇ,
1511 4201 1573 4251 Τί
1595 4205 1772 4256 τοίνυν
1802 4209 1984 4276 σχῆμα
2014 4184 2111 4278 μὲν

552 4274 728 4325 ἱκέτου
754 4277 1081 4345 περίκεισαι,
1119 4285 1336 4351 ῥήματα
1367 4287 1421 4337 δὲ
1453 4289 1592 4357 ἐχεις
1625 4274 1961 4365 κατηγόρου;
2002 4274 2111 4352 Kal

549 4364 676 4415 ὅταν
711 4365 809 4433 μὲν
835 4367 970 4437 ὑπὲρ
1000 4371 1204 4424 ἐαυτῶν
1242 4376 1524 4444 εὐχώμεθα
1548 4418 1561 4443 ,
1608 4384 1698 4434 καὶ
1729 4364 1982 4455 κνώῗμεθα
2016 4392 2109 4444 καὶ

548 4453 907 4525 χασμώμεθα,
934 4461 1026 4511 καὶ
1050 4463 1128 4525 είς
1164 4464 1387 4533 μυρίους
1414 4469 1757 4542 ἐμπίπτομεν
1782 4453 2071 4549 λογισμούς
2090 4503 2103 4516 ·

544 4547 671 4597 ὅταν
691 4546 746 4599 δέ
778 4550 893 4601 κατ’
918 4550 1146 4621 ἐχθρῶν,
1172 4557 1429 4625 νήφοντες
1451 4560 1607 4615 τοῦτο
1631 4567 1911 4638 ποιοῦμεν.
1936 4573 2108 4627 Ἐπει-

544 4640 607 4705 δὴ
636 4639 744 4709 7&9
786 4638 925 4695 οἶδεν
969 4646 1283 4711 όδιάϐολος.
1324 4653 1403 4703 ὅτι
1454 4656 1574 4707 καθ’
1614 4659 1820 4715 ἑαυτῶν
1867 4666 1925 4717 τὸ
1956 4667 2106 4736 ξίφος

542 4726 813 4795 ὠθοῦμεν,
841 4734 901 4783 ού
925 4736 1200 4801 περιέλκει
1224 4740 1342 4790 οὑδέ
1368 4748 1608 4815 περισπᾷ
1638 4748 1781 4815 τότε,
1816 4754 1899 4806 ἵνα

544 4835 649 4880 νως
680 4820 810 4887 ἡμῖν
836 4821 1155 4892 λυμήνηται.
1198 4828 1354 4881 Ἀλλὰ
1382 4834 1663 4906 ἠδίκημαι,
1687 4844 1837 4909 φησὶ,
1867 4820 1957 4897 καὶ
1992 4820 2105 4901 θλί-

544 4910 728 4977 ϐομαι.
761 4911 966 4964 Οὐκοῦν
996 4916 1131 4967 κατὰ
1163 4919 1253 4970 τοῦ
1283 4920 1525 4978 διαϐόλου
1546 4925 1719 4994 εὖξαι,
1750 4934 1841 4985 τοῦ
1872 4938 2103 5004 μάλιστα

546 5000 759 5053 πάντων
780 5002 1087 5069 ἀδικοῦντος
1111 5009 1273 5076 ἡμᾶς.
1305 5013 1472 5069 Τοῦτο
1491 5021 1583 5072 καὶ
1610 5000 1883 5095 ἐπετάγης
1906 5026 2099 5095 λέγειν,

554 5090 755 5143 Ῥῦσαι
789 5091 944 5159 ἡμᾶς
967 5094 1084 5147 ἀπὸ
1119 5100 1223 5171 τοῦ
1270 5109 1554 5172 πονηροῦ.
1608 5090 1850 5177 Ἐκεῖνός*
1885 5090 2029 5172 ἐστιν

540 5184 947 5247 ἀκατάλλακτος
992 5187 1214 5256 ἐχθρός·
1255 5191 1535 5262 ἄνθρωπος
1574 5199 1663 5264 δὲ,
1713 5204 1810 5256 ὅσα
1838 5206 1902 5258 ἂν
1949 5214 2096 5281 ποιῇ,

541 5272 692 5336 φίλος
720 5274 837 5326 ἐστὶ
866 5276 958 5327 καὶ
985 5275 1227 5345 ἀδελφός.
1270 5281 1489 5353 Ἐκείνῳ
1521 5288 1696 5344 τοίνυν
1725 5293 1921 5359 πάντες
1946 5272 2098 5367 097:;

598 5495 620 5559 ξ
651 5492 909 5559 [tegebatur
923 5499 1209 5559 κατηγορεῖς.

596 5554 622 5590 δ
651 5554 986 5629 μέλειμέλει.
1023 5554 1195 5621 δέω,
1220 5563 1475 5624 προσέρχῃ.
1506 5564 1655 5616 Ραυιο
1700 5576 1809 5629 post
1848 5571 1976 5623 idem
2017 5576 2092 5623 ἵνα

536 5632 687 5665 τουτο.
720 5613 844 5666 15(ῐίιὶ
868 5613 1046 5668 τοῦτον.

1270 308 1328 366 S.
1368 309 1652 367 JOANNIS
1689 313 2178 371 CHRYSOSTOMI
2217 318 2541 382 ARCHIEP.
2582 326 3129 391 CONSTA‘NTINOP.

3703 343 3811 400 εει

2237 427 2482 499 ζώμεθα,
2512 436 2633 488 κατ’
2653 438 2817 491 αὑτοῦ
2847 444 3248 515 παρακαλῶμεν
3265 445 3356 500 τὸν
3384 448 3515 504 Θεὸν
3533 449 3805 522 λέγοντες,

2242 517 2537 589 Σύντριψον
2557 524 2647 576 τὸν
2680 530 2915 581 σατανᾶν
2936 531 3040 584 ὑπὸ
3067 535 3192 598 τοὺς
3222 535 3386 599 πόδας
3429 517 3618 608 ήμῶνί
3635 517 3807 609 Οὗτος

2238 607 2346 677 7&9
2389 610 2562 665 τίκτει
2597 617 2691 667 καὶ⁸
2733 619 2859 681 τοὺς
2897 620 3142 691 ἐχθρούς.
3180 626 3284 677 Ἂν
3329 627 3385 680 δέ
3417 630 3538 682 κατ’
3591 607 3806 705 ἐχθρῶν

2238 695 2391 769 εῠξῃ,
2427 698 2523 770 τὴν
2552 703 2735 774 εὐχὴν,
2766 707 2833 777 ἣν
2862 711 3066 775 ἐκεῖνος
3110 713 3375 783 βούλεται,
3417 718 3548 793 εὔχῃ
3568 738 3582 752 ⁸
3610 695 3805 797 ῶσπερ

2236 786 2329 842 οὖν
2353 790 2417 844 ἂν
2448 792 2587 863 ὑπὲρ
2617 796 2845 867 ἐχθρῶν,
2877 804 3016 856 κατὰ
3049 805 3262 860 τούτου.
3293 809 3357 860 Τί
3384 786 3561 865 eam;
3599 816 3691 870 τδν
3717 786 3802 870 οἱ.

2236 897 2343 943 τως
2387 883 2582 952 ἐχθρὸν
2621 887 2798 955 ἀφεὶς,
2836 890 2904 944 τά
2945 894 3081 964 μέλη
3113 896 3331 960 δάκνεις
3356 900 3422 953 τὰ
3464 903 3551 968 σά,
3593 904 3803 978 θηρίων

2236 969 2613 1042 χαλεπώτερος
2636 976 2809 1050 ταύτῃ
2842 982 3153 1053 γινόμενος;
3208 987 3347 1040 Ἀλλ’
3387 988 3598 1061 ὕδρισε,
3639 969 3801 1065 φησι,

2235 1062 2327 1113 καὶ
2350 1065 2605 1133 χρήματα
2632 1068 2989 1141 ἀπεστέρησε.
3027 1075 3137 1128 Καὶ
3169 1075 3290 1131 τίνα
3324 1078 3407 1131 δεῖ
3434 1062 3671 1149 πενθεῖν,
3703 1062 3802 1141 τὸν

2236 1149 2476 1205 παθόντα
2514 1155 2718 1219 κακῶς,
2755 1158 2786 1229 ἢ
2818 1160 2909 1212 τὸν
2940 1164 3238 1234 ποιήσαντα
3267 1169 3485 1236 κακῶς;
3512 1173 3633 1225 Ὀτι
3662 1177 3802 1247 χρήε-

2236 1255 2381 1307 ματα
2432 1253 2454 1281 ο
2496 1245 2776 1315 κερδάνας,
2823 1250 2923 1319 τῆς
2957 1255 3166 1319 εὐνοίας
3204 1259 3393 1313 ἐαυτὸν
3438 1261 3657 1327 ἐξέϐαλε
3699 1245 3799 1320 τοῦ

2232 1328 2386 1397 Θεοῦ,
2417 1334 2511 1385 καὶ
2549 1337 2769 1404 μείζονα
2796 1340 3074 1397 ἀπώλεσεν
3102 1346 3134 1415 ἢ
3169 1347 3357 1403 ἔλαϐεν
3376 1368 3388 1381 ·
3418 1352 3554 1405 ὥστε
3588 1357 3798 1420 ἐκεῖνός

2233 1420 2380 1474 ἐστιν
2424 1425 2453 1476 ό
2498 1424 2839 1496 ἠδικημένος.
2884 1432 3091 1487 Οὐκοῦν
3144 1438 3262 1506 οὐχὶ
3295 1442 3648 1513 κατεύχεσθαι
3687 1446 3793 1510 δεῖ,

2232 1509 2347 1563 ἀλλ’
2376 1512 2769 1587 ὑπερεύχεσθαι
2789 1520 2974 1590 αὑτοῦ,
3000 1524 3087 1579 ῖνα
3109 1527 3137 1579 ό
3173 1526 3305 1592 Θεὸς
3527 1532 3675 1604 αύτῷ
3700 1509 3799 1604 γέέ

2230 1616 2406 1671 νηται.

2299 1773 2359 1819 ε’.
2385 1768 2528 1839 Ὅρα
2555 1772 2693 1826 πόσα
2710 1774 2908 1831 ἔπαθον
2931 1780 2978 1833 οἱ
3000 1782 3184 1847 παῖδες
3208 1786 3256 1837 οἱ
3279 1788 3443 1856 τρεῖς,
3465 1789 3615 1843 οὐδὲν
3636 1794 3799 1864 ποιή-

2230 1870 2421 1919 σαντες
2452 1858 2654 1912 δεινόν·
2690 1862 2945 1927 ἐξέπεσον
3011 1872 3285 1940 πατρίδος,
3327 1875 3665 1947 ἐλευθερίας,
3699 1858 3795 1945 ἐξ·

2226 1947 2719 2018 ῃχμαλωτίσθησαν
2735 1954 2827 2006 καὶ
2844 1956 3089 2023 ἐγένοντο
3104 1960 3395 2028 δοῦλοι,καῒ
3412 1967 3490 2028 είς
3509 1968 3797 2038 ἀλλοτρίαν

2226 2034 2320 2091 καὶ
2350 2034 2625 2107 βάρδαρον
2673 2042 3060 2112 ἀπενεχθέντες
3087 2049 3287 2120 χώραν,
3324 2055 3417 2107 καὶ
3462 2034 3796 2125 σφάττεσθαι

2224 2122 2447 2191 ιμελλον
2477 2127 2562 2181 διὰ
2594 2128 2652 2183 τδ
2671 2130 2803 2203 ὄναρ
2827 2136 2949 2204 είκῆ
2974 2140 3067 2190 καὶ
3094 2140 3292 2208 μάτην.
3324 2142 3390 2197 τι
3415 2122 3797 2201 οὗν-εἰσελθόν-

2222 2230 2313 2277 τες
2340 2216 2591 2284 μετά’τοῦ
2611 2221 2827 2292 Δανιὴλ,
2848 2225 2900 2275 τί
2928 2226 3192 2296 ηὗξαντος
3218 2232 3269 2283 τί
3290 2233 3346 2286 δέ
3371 2230 3552 2302 εἷπον;
3573 2238 3797 2308 Κατάρ-

2225 2301 2386 2369 ραξον
2438 2304 2530 2358 τὸν
2584 2306 3086 2384 Ναϐουχοδονόσορ·
3134 2320 3482 2374 κατάσπασον
3534 2301 3796 2377 αὐτοῦτὸ

2222 2390 2491 2460 διάδημα·
2550 2398 2819 2451 κατάϐαλε
2868 2404 3029 2458 αὑτὸν
3066 2408 3173 2460 ἀπὸ
3221 2409 3313 2462 τοῦ
3357 2410 3583 2481 θρόνους
3624 2413 3794 2466 Οὐδὲν

2221 2481 2460 2535 τοιοῦτον
2483 2502 2495 2515 ο
2559 2487 2674 2539 ἀλλ’
2718 2489 2939 2559 ἐξῄτουν
2972 2496 3286 2567 οίκτιρμοὺς
3328 2501 3477 2571 παρά
3500 2500 3592 2553 τοῦ
3627 2501 3789 2556 Θεοῦ.

2222 2571 2368 2644 [472]
2399 2576 2505 2627 Καὶ
2531 2577 2616 2629 ὅτε
2644 2582 2701 2631 ἐν
2732 2583 2795 2650 τῇ
2829 2584 3042 2653 καμίνῳ
3077 2582 3237 2655 ἦσαν,
3267 2590 3480 2659 ὁμοίως.
3523 2593 3660 2645 Ἀλλ’
3688 2594 3792 2664 οὐχ

2220 2660 2396 2729 ὑμεῖς,
2429 2664 2564 2719 ἀλλὰ
2597 2668 2776 2738 πολλῷ
2814 2671 3069 2726 ἐλάττονα
3099 2676 3317 2731 ἐκείνων
3348 2682 3665 2750 πάσχοντες,

2217 2751 2437 2816 δικαίως
2476 2756 2752 2821 πολλάκις.
2780 2760 2839 2813 οὐ
2880 2763 3115 2817 παύεσθε
3146 2766 3421 2835 ἀρώμενοι
3453 2772 3624 2839 μυρία
3644 2788 3656 2799 ⁸
3691 2774 3791 2826 καὶ

2217 2840 2245 2890 ό
2273 2839 2370 2908 μέν
2398 2858 2548 2910 φησι,
2577 2845 2859 2901 Κατάσαλε
2894 2850 2984 2903 τὸν
3013 2851 3204 2923 ἐχθρὸν
3224 2894 3238 2918 ,
3284 2855 3359 2919 ὡς
3394 2860 3791 2924 κατεπόντισας

2218 2931 2278 2981 τὸ
2300 2930 2450 3003 ἅρμα
2480 2933 2573 2985 τοῦ
2601 2935 2797 3005 Φαραώ
2815 2952 2830 2968 ’
2852 2942 2880 2990 ὁ
2908 2940 2984 3002 δέ,
3012 2941 3216 3010 Πλῆξον
3241 2945 3404 2997 αὐτοῦ
3448 2946 3544 3016 τὴν
3567 2949 3743 3017 σάρκα
3770 2966 3786 2980 ο

2218 3021 2400 3091 ἔτερος
2424 3024 2599 3089 πάλιν,
2641 3027 2860 3091 Ἀπόδος
2897 3034 2977 3094 είς
2992 3036 3059 3085 τά
3088 3035 3271 3089 τέκνα.
3297 3032 3373 3090 Ἦ
3403 3038 3502 3092 οὐκ
3533 3038 3789 3109 ἐπιγινώ-

2222 3127 2377 3165 σκετε
2419 3114 2577 3167 ταυτὶ
2599 3116 2666 3167 τὰ
2685 3118 2907 3186 ῥήματα
2930 3137 2944 3185 ;

2290 3296 2458 3349 Πόθεν
2483 3292 2574 3350 οῦν
2614 3297 2743 3367 ὑμῖν
2784 3302 2812 3352 ὁ
2855 3302 3026 3370 γέλως
3074 3300 3258 3371 οῦτοςς
3297 3306 3464 3380 Ὁρᾷς
3512 3312 3628 3375 πῶς
3663 3313 3786 3367 ἐστι

2217 3386 2614 3453 καταγέλαστα,
2643 3389 2769 3441 ὅταν
2790 3393 2958 3463 χωρὶς
2980 3395 3183 3458 πάθους
3206 3397 3465 3468 λέγηται;
3498 3403 3605 3456 Καὶ
3634 3407 3787 3458 πᾶσα

2216 3476 2270 3528 δὲ
2306 3476 2547 3545 ἁμαρτία
2596 3478 2714 3531 τότε
2744 3479 3016 3535 δείκνυται
3052 3485 3169 3547 πῶς
3205 3489 3353 3540 ἐστιν
3397 3492 3615 3559 αἰσχρὰ,
3655 3494 3786 3545 ὅταν

2216 3564 2384 3633 αὐτὴν
2422 3564 2714 3637 γυμνώσῃς
2744 3569 2841 3637 τῆς
2876 3570 3165 3633 διαθέσεως
3197 3574 3292 3627 τοῦ
3329 3577 3652 3647 τολμῶντος,
3683 3582 3786 3634 Ἀν

2213 3653 2305 3703 τὸν
2344 3654 2662 3721 ὀργισθέντα
2702 3655 3019 3728 ὑπομνήσῃς
3063 3661 3172 3712 τῶν
3203 3663 3483 3731 ῥημάτων,
3512 3657 3586 3719 ὧν
3627 3662 3783 3720 εἶπεν

2214 3743 2270 3793 ἐν
2286 3742 2362 3811 τῷ
2391 3742 2564 3812 θυμῷ,
2589 3744 2966 3811 καταδύσεται,
2998 3750 3090 3802 καὶ
3108 3753 3530 3819 καταγελάσεται
3563 3756 3780 3820 ἑαυτοῦ,

2214 3833 2304 3885 καὶ
2338 3832 2655 3903 βουλήσεται
2714 3836 2881 3905 μυρία
2929 3840 3271 3904 πεπονθέναι,
3317 3842 3564 3911 ήέκεῖνα
3613 3846 3780 3898 αὑτοῦ

2212 3919 2349 3976 εἶναι
2393 3925 2457 3976 τά
2510 3926 2757 3993 ῥήματα·
2809 3927 2909 3979 κᾶν
2936 3930 3024 3980 τὸν
3072 3931 3365 3984 ἀκόλαστον
3398 3933 3608 4003 ἀγάγῃς
3642 3937 3782 4005 μετά

2211 4014 2306 4082 τὴν
2334 4013 2475 4081 μίξιν
2497 4014 2632 4081 πρὸς
2658 4014 2753 4084 τὴν
2782 4020 3181 4089 πορνευομένην
3200 4025 3474 4089 γυναῖκα,,
3507 4026 3599 4077 καὶ
3625 4020 3779 4088 οὗτος

2211 4103 2412 4171 ταύτην
2437 4104 2918 4174 ἀποστραφήσεται
2948 4109 3023 4171 ὡς
3048 4114 3313 4181 μυσαράν.
3337 4114 3490 4166 υῦτω
3508 4116 3598 4167 καὶ
3618 4117 3778 4182 ὑμεῖς

2211 4195 2256 4244 οἱ
2292 4193 2364 4263 μὴ
2398 4194 2546 4257 ὄντες
2570 4194 2627 4247 ἐν
2654 4195 2732 4265 τῷ
2760 4197 2945 4260 πάθει,
2983 4203 3316 4267 καταγελᾶτε
3361 4205 3455 4255 νῦν
3477 4221 3490 4235 ο
3542 4206 3777 4272 καταγα-

2208 4282 2378 4336 λαστα
2406 4283 2531 4353 γὰρ,
2576 4287 2667 4337 καὶ
2694 4288 2951 4356 γραῖδίων
2984 4290 3050 4340 τὰ
3082 4292 3299 4359 ῥήματα
3338 4291 3509 4343 ταῦτα
3553 4295 3776 4361 μεθυόν-

2211 4390 2334 4436 των,
2361 4374 2451 4425 καὶ
2479 4376 2844 4442 γυναικώδους
2880 4379 3260 4446 μικροψυχίας.
3302 4380 3409 4431 Καὶ
3431 4383 3458 4433 ό
3498 4382 3692 4453 Ἰωσὴφ
3718 4384 3775 4435 δέ

2208 4464 2435 4533 πραθεὶς
2468 4467 2558 4517 καὶ
2584 4465 2765 4526 δοῦλος
2797 4468 3082 4535 γενόμενος
3111 4469 3203 4519 καὶ
3230 4468 3597 4539 δεσμωτήριον
3621 4476 3774 4543 οἰκή-

2210 4572 2325 4619 σας,
2354 4556 2462 4607 οὐδ⁹
2484 4555 2653 4616 οὕτως
2684 4555 2900 4617 ἐξέϐαλε
2922 4560 3069 4626 ῥῆμα
3098 4559 3290 4627 πικρὸν
3322 4561 3459 4613 κατά
3486 4564 3592 4614 τῶν
3616 4564 3770 4615 λελυ-

2206 4646 2487 4714 πηκὸτων·
2541 4645 2677 4696 ἀλλὰ
2727 4646 2779 4696 τί
2808 4663 2969 4715 φησι;
3020 4648 3232 4716 Κλοπεῖ
3259 4650 3529 4717 ἐκλάπην
3561 4654 3628 4704 ἐκ
3660 4655 3771 4721 γῆς

2213 4736 2488 4803 Ἑϐραίων
2512 4752 2526 4765 ο
2557 4734 2646 4786 καὶ
2671 4735 2731 4787 οὐ
2757 4737 3108 4807 προστίθησιν
3131 4740 3233 4791 ὑπὸ
3252 4741 3391 4802 τίνος
3414 4758 3426 4770 ·
3457 4742 3769 4809 αίσχύνεται

2203 4822 2308 4889 γὰρ
2343 4822 2479 4891 ὑπὲρ
2508 4821 2615 4873 τῶν
2647 4823 2944 4891 ἀδελφικῶν
2969 4826 3152 4878 κακῶν
3179 4828 3379 4894 μᾶλλον
3409 4830 3631 4880 ἐκείνων
3662 4831 3769 4883 τῶν

2205 4914 2543 4981 ποιησάντων
2585 4914 2742 4967 αὑτά.
2798 4917 2952 4968 υῦτω
3005 4918 3096 4970 καὶ
3128 4920 3273 4985 ἡμᾶς
3306 4918 3605 4971 διακεῖσθαι
3635 4923 3768 4992 χρὴ,

2203 5011 2399 5079 μᾶλλον
2423 5009 2449 5047 ά
2490 5009 2597 5062 τῶν
2636 5012 3046 5080 ἐπηρεαζόντων
3074 5011 3250 5062 αὐτῶν
3282 5011 3465 5078 ἀλγεῖν
3503 5012 3643 5083 ὑπὲρ
3670 5016 3768 5067 αὐ-

2200 5102 2335 5155 τῶν*
2371 5104 2403 5170 ἡ
2440 5102 2609 5171 βλάϐη
2641 5101 2748 5168 γάρ
2771 5104 2848 5162 εἰς
2873 5102 3112 5161 ἐκείνους
3137 5100 3416 5155 διαϐαίνει.
3445 5104 3651 5171 Ὠσπερ
3670 5101 3765 5156 οὖν

2198 5197 2245 5247 οί
2274 5194 2617 5255 λακτίζοντες
2656 5191 2842 5257 ἥλους,
2892 5191 2984 5241 καὶ
3032 5190 3169 5257 μέγα
3223 5194 3539 5261 φρονοῦντες
3564 5236 3579 5261 ,
3610 5194 3763 5246 ἐλέου

2197 5282 2461 5347 ἄξιοικαὶ
2516 5281 2713 5348 θρήνου
2765 5279 2865 5348 τῆς
2910 5280 3103 5347 μανίας
3156 5281 3317 5336 ἕνεκα
3348 5285 3550 5353 ταύτης
3587 5283 3757 5335 είσίν·

2258 5580 2731 5657 fyidetuaomnin‘o
2764 5587 3027 5657 Iggendum
3051 5592 3075 5639 ό
3099 5591 3155 5639 τὰ
3178 5592 3413 5657 χρήματα.

2256 5644 2279 5682 ἀ
2305 5646 2482 5695 FOrsan
2511 5649 2608 5709 leg.
2632 5650 2709 5695 καὶ
2735 5644 2926 5709 μᾶλλον.
