4028 6222
218 390 322 451 ιη

218 504 364 578 quid“
391 505 601 562 brutum
620 517 685 559 ac
708 500 961 559 stolidum
992 505 1106 566 est,
1137 494 1274 553 infra
1318 492 1556 556 relictis;
1584 486 1782 559 siquid

218 600 422 654 ratione
453 597 728 668 prteditum
765 603 889 660 est,
917 593 1101 662 accipe
1128 599 1288 661 atque
1312 585 1565 649 ascende,
1594 596 1783 653 quem-

216 686 501 742 admodum
546 685 637 741 ille
681 683 970 753 assumpsit
1006 682 1173 738 lsaac.
1211 677 1395 734 Altare
1443 687 1656 744 quoque
1685 685 1781 740 pe-

218 775 371 830 rinde
398 784 457 830 ut
482 774 607 841 ille,
632 781 884 840 exstrue,
916 782 1194 840 tamquam
1242 762 1461 821 humani
1510 760 1641 816 nihil
1684 759 1783 811 ha-

217 867 385 932 bens,
409 874 745 937 atque‘extra
770 863 1015 919 n'aturam
1045 868 1257 929 raptus:
1282 850 1710 926 quandoquidem
1732 857 1788 905 et

218 956 328 1020 ille,
357 955 462 1010 nisi
480 970 511 1010 a
537 964 727 1011 natura
750 954 1072 1009 excessisset
1100 992 1116 1018 ,
1146 949 1311 1004 ﬁlium
1337 960 1445 1001 non
1464 942 1786 1015 jugulasset.

215 1047 325 1105 Nec
361 1047 651 1118 quidquam
679 1056 788 1102 tum
837 1053 889 1101 te
934 1041 1253 1117 interturbet
1277 1077 1293 1104 ,
1323 1036 1420 1093 sed
1448 1050 1607 1106 supra
1640 1034 1787 1102 ipsos

215 1139 376 1193 etiam
405 1138 568 1193 caelos
608 1150 829 1207 assurge
857 1153 873 1189 :
902 1134 1095 1189 acerbe
1147 1130 1465 1202 ingemisce,
1487 1124 1785 1182 confessio.

214 1242 337 1285 nem
355 1237 547 1283 macta:
565 1226 659 1281 Dic
678 1228 813 1282 enim
832 1236 887 1279 tu
906 1221 1347 1294 primim'quitata
1360 1215 1695 1285 tusanquit,
1726 1221 1781 1266 tu

208 1318 503 1392 justi/iocis
530 1333 551 1372 :
570 1326 742 1372 macta
781 1313 1160 1372 contritionem
1192 1310 1392 1366 cordis.
1433 1307 1526 1363 ﬂat
1553 1304 1787 1360 victima

216 1423 324 1465 non
347 1408 401 1463 in
426 1407 666 1463 cinerem
690 1406 962 1469 desinunt,
987 1418 1089 1459 nec
1113 1402 1166 1457 in
1194 1401 1394 1456 fumum
1424 1396 1738 1453 dilabuntur
1766 1431 1784 1459 ,

215 1515 315 1557 nec
342 1498 501 1571 lignis
518 1506 575 1555 et
605 1497 727 1571 igne
772 1510 908 1567 opus
933 1495 1151 1559 habent,
1183 1491 1277 1549 sed
1302 1490 1579 1547 dumtaxat
1605 1485 1786 1539 animo

213 1599 569 1662 compuncto:
598 1588 705 1646 hoc
731 1589 898 1660 ligna,
925 1587 1029 1643 hoc
1067 1585 1204 1657 ignis
1230 1590 1344 1647 est,
1365 1592 1526 1635 urens
1545 1578 1655 1642 illa,
1685 1574 1787 1632 sed

215 1697 322 1739 non
342 1681 765 1752 perurens.Nam
790 1682 879 1752 qui
905 1680 1170 1736 ferventer
1195 1686 1333 1744 orat,
1356 1673 1530 1729 uritur
1546 1670 1782 1742 quidem,

216 1782 270 1827 at
303 1787 408 1827 non
432 1774 722 1842 peruritur,
742 1772 839 1828 sed
867 1773 1006 1828 sicut
1030 1783 1219 1826 aurum
1248 1809 1264 1835 ,
1286 1763 1428 1837 quod
1458 1761 1578 1833 igne
1602 1757 1786 1830 explo—

216 1873 388 1929 ratur,
414 1862 748 1933 splendidius
783 1864 1034 1919 efﬁcitur.
1094 1848 1098 1853 ’

288 1950 412 2006 Non
463 1953 771 2023 precandum
814 1961 989 2007 contra
1022 1949 1272 2005 inimicos.
1299 1977 1369 1989 --
1412 1944 1491 2001 Ad
1515 1943 1628 1999 hmc
1658 1934 1787 1996 illud

216 2057 368 2107 cave,
400 2056 467 2098 ne
508 2041 674 2097 ullum
721 2042 774 2096 in
802 2043 1046 2096 oratione
1101 2040 1326 2095 verbum
1365 2036 1599 2097 emittas,
1645 2029 1786 2101 quod

216 2134 504 2191 Dominum
547 2134 757 2201 irritet,
783 2132 871 2187 vel
896 2133 948 2186 in
975 2130 1206 2186 hostium
1258 2138 1468 2182 tuorum
1496 2121 1787 2194 perniciem

215 2225 391 2295 ipsum
414 2224 596 2279 adeas.
625 2222 755 2283 Nam
782 2224 829 2278 si
854 2222 943 2277 vel
974 2222 1153 2276 hostes
1191 2217 1412 2280 habere,
1457 2213 1655 2284 probro
1680 2228 1786 2267 non

214 2326 382 2382 caret,
406 2316 577 2386 cogita
597 2322 851 2385 quantum
879 2313 1076 2368 malum
1102 2310 1173 2365 sit
1195 2309 1454 2364 adversus
1480 2319 1575 2361 eos
1599 2302 1789 2359 orare?

214 2409 322 2465 Pro
342 2405 705 2476 eooportebat
750 2418 1008 2460 excusare
1045 2412 1097 2457 te
1119 2400 1260 2471 quod
1305 2398 1488 2453 hostes
1512 2395 1698 2474 habes,
1730 2403 1787 2449 tu

216 2513 346 2553 vero
386 2506 571 2553 contra
615 2511 709 2551 eos
743 2511 957 2567 quoque
995 2506 1236 2547 accusas.
1283 2490 1351 2545 Et
1384 2503 1543 2559 quam
1573 2485 1787 2540 tandem

214 2590 427 2643 veniam
448 2589 687 2643 obtinere
717 2602 900 2656 queas,
927 2600 1049 2639 eum
1077 2598 1143 2638 eo
1167 2596 1376 2651 quoque
1401 2588 1642 2648 tempore
1669 2575 1789 2629 aliis

214 2680 505 2741 obtrectes,
528 2680 634 2747 quo
660 2677 858 2747 ingenti
891 2678 1005 2745 ipse
1033 2673 1394 2730 misericordia
1424 2685 1557 2739 opus
1584 2666 1791 2721 habes?

216 2767 433 2823 Etenim
461 2781 527 2822 eo
556 2766 850 2831 accessisti,
876 2776 935 2819 ut
959 2779 1059 2835 pro
1090 2765 1193 2818 tuis
1224 2761 1454 2830 peccatis
1483 2772 1665 2814 orares
1689 2774 1700 2808 :
1722 2769 1789 2809 ne

217 2858 378 2928 igitur
398 2858 693 2912 alienorum
744 2864 1084 2926 peccatorum
1137 2852 1460 2918 recorderis,
1495 2867 1562 2905 ne
1592 2849 1789 2919 alioqui

216 2959 429 3005 tuorum
461 2948 576 3019 ipse
630 2948 943 3003 memoriam
998 2945 1241 3000 refrices.
1299 2943 1428 3021 Nam
1460 2943 1504 2997 si
1551 2940 1787 3004 dixeris,

223 3040 445 3095 Hostem
463 3047 704 3110 percute,
735 3052 797 3093 os
821 3046 968 3091 tuum
995 3035 1329 3101 obstruxisti,
1350 3034 1460 3104 jam
1491 3032 1684 3101 lingua:
1724 3032 1786 3085 ﬁ-

218 3131 431 3186 duciam
485 3127 773 3198 praecidisti
804 3144 819 3182 :
852 3128 1081 3196 primum
1112 3140 1339 3195 nempe,
1393 3126 1516 3193 quia
1562 3123 1630 3177 ab
1676 3124 1794 3193 ipso

216 3223 396 3280 statim
417 3220 568 3275 initio
590 3219 871 3273 Dominum
896 3218 962 3272 ad
988 3216 1310 3272 iracundiam
1330 3215 1579 3281 incitasti;
1597 3214 1792 3275 deinde

217 3313 349 3378 quia
393 3308 663 3365 contraria
686 3306 944 3377 postulas,
976 3321 1135 3375 quam
1188 3305 1359 3360 oratio
1404 3304 1557 3359 ferat.
1589 3304 1720 3358 Nam
1749 3304 1793 3358 si

218 3415 322 3472 pro
352 3408 692 3468 peccatorum
720 3396 1038 3451 remissione
1084 3395 1251 3449 Deunt
1286 3394 1541 3463 precaris,
1573 3394 1663 3463 qui
1696 3393 1751 3447 ﬁt
1773 3433 1793 3461 ,

220 3500 280 3544 nt
306 3504 406 3559 pro
432 3487 693 3558 supplicio
719 3488 881 3542 verba
902 3485 1112 3542 facias?
1136 3487 1274 3553 Quin
1304 3494 1487 3541 contra
1511 3486 1687 3555 petius
1713 3484 1793 3539 fa.

220 3584 471 3639 ciendum
504 3592 637 3645 erat,
669 3596 767 3651 pro
796 3564 923 3651 ipsis
964 3593 1174 3648 quoque
1204 3592 1393 3647 preces
1425 3577 1685 3641 fundere,
1729 3586 1787 3630 ut

223 3673 326 3727 hoc
355 3687 451 3742 pro
479 3672 634 3727 nobis
654 3685 865 3740 quoque
894 3684 1014 3723 cum
1047 3668 1237 3721 ﬁducia
1262 3676 1585 3735 peteremus.
1643 3665 1796 3720 Nunc

221 3778 355 3819 vero
402 3762 606 3816 Judicis
636 3759 954 3814 sententiam
1002 3773 1100 3828 per
1153 3766 1296 3811 tuam
1347 3758 1638 3826 occupasti,
1669 3757 1795 3810 dum

222 3854 362 3924 petis
390 3860 447 3905 ut
473 3850 540 3905 de
562 3848 905 3920 precantibus
932 3847 1248 3917 supplicium
1275 3856 1448 3900 sumat
1472 3864 1485 3900 :
1517 3845 1657 3917 quod
1683 3846 1801 3917 qui-

224 3946 349 3999 dem
370 3956 586 3998 omnem
630 3941 724 3995 tibi
753 3941 964 3997 veniam
990 3939 1197 3995 adimit.
1252 3938 1447 3995 Contra
1469 3938 1511 3993 si
1545 3953 1642 4009 pro
1672 3938 1802 4009 ipsis

226 4035 485 4104 preceris,
511 4032 715 4088 etiamsi
744 4047 841 4101 pro
872 4032 1105 4101 peccatis
1132 4031 1235 4086 tuis
1255 4032 1454 4086 nullum
1477 4032 1695 4087 verbum
1724 4031 1803 4086 fe-

225 4126 390 4189 ceris,
432 4137 545 4178 rem
566 4132 730 4178 totam
758 4121 1058 4177 confecisti.
1103 4121 1286 4191 Cogita
1332 4130 1583 4191 quotnam
1607 4123 1658 4176 in
1687 4122 1802 4192 lege

223 4214 486 4271 sacriﬁcia
512 4215 653 4268 sint:
685 4212 1002 4267 sacriﬁcium
1028 4212 1221 4277 laudis,
1250 4212 1570 4269 sacriﬁcium
1591 4214 1804 4269 confes.

226 4308 418 4367 sionis,
447 4300 768 4370 sacriﬁcium
795 4301 1007 4366 salutis,
1037 4300 1355 4356 sacriﬁcium
1386 4305 1758 4373 purgationum
1782 4322 1801 4370 ,

226 4414 292 4453 ac
314 4403 562 4451 sexcenta
592 4394 696 4449 alia
722 4411 737 4449 :
770 4402 929 4463 atque
956 4393 1169 4448 interim
1198 4394 1400 4448 nullum
1428 4405 1510 4449 est
1539 4396 1802 4451 adversus

229 4488 477 4543 inimicos
506 4525 522 4550 ,
554 4484 647 4540 sed
676 4500 772 4555 pro
799 4483 1027 4554 propriis
1073 4485 1308 4553 peccatis
1346 4493 1439 4538 aut
1479 4485 1638 4541 etiam
1660 4496 1806 4543 recte

228 4578 404 4635 laetis.
418 4576 554 4632 Num
568 4577 729 4632 alium
748 4577 915 4632 Deum
934 4575 1089 4630 adis?
1107 4580 1299 4632 Annon
1317 4577 1382 4632 ad
1403 4577 1550 4634 illum
1570 4578 1804 4645 accedis,

228 4671 323 4741 qui
342 4671 495 4734 dixit,
515 4668 671 4724 Orate
690 4685 782 4741 pro
802 4670 1017 4723 inimicis
1030 4670 1203 4725 vestris
1223 4668 1443 4741 (Matth.
1462 4670 1517 4727 5.
1540 4671 1655 4738 44).
1671 4670 1807 4737 Quo-

233 4776 358 4817 nam
387 4760 546 4831 igitur
567 4758 725 4815 modo
751 4758 1007 4816 adversus
1030 4758 1155 4815 illos
1178 4759 1420 4815 clamitas
1440 4761 1465 4815 τ
1491 4774 1586 4815 cur
1615 4760 1802 4828 Deum,

232 4859 293 4905 ut
320 4850 490 4919 legem
517 4862 667 4903 suam
695 4847 965 4919 infringat,
995 4863 1149 4919 rogas
1175 4850 1199 4903 τ
1224 4852 1267 4904 Α
1298 4850 1554 4920 supplicis
1581 4865 1807 4921 persona

233 4932 379 5017 istud
406 4938 639 4994 alienum
669 4946 755 4994 est
780 4954 795 4992 :
826 4952 986 4993 nemo
1030 4940 1295 5009 supplicat
1320 4939 1537 4999 utalius
1586 4950 1804 5011 pereat,

234 5031 335 5087 sed
357 5037 415 5084 ut
443 5029 556 5098 ipse
581 5028 808 5084 salutem
835 5038 1211 5099 consequatur.
1240 5030 1378 5099 Quid
1402 5032 1561 5102 igitur
1598 5034 1811 5103 suppli-

234 5123 317 5178 cis
352 5119 591 5190 ejusdem
619 5134 902 5191 personam
933 5120 1094 5191 geris,
1124 5120 1251 5176 dum
1300 5124 1626 5178 accusatoris
1646 5125 1807 5179 verba

236 5212 451 5271 habes?
507 5214 587 5269 Ac
635 5212 850 5284 quidem
888 5228 1011 5270 cum
1037 5227 1138 5284 pro
1189 5214 1345 5270 nobis
1388 5214 1519 5285 ipsis
1567 5230 1807 5285 oramus,

235 5304 504 5361 seabimus
522 5316 643 5370 nos,
661 5304 976 5373 oscitamus,
998 5314 1052 5361 et
1072 5304 1125 5359 in
1145 5315 1428 5376 sexcentas
1456 5306 1809 5375 cogitationes

235 5394 509 5459 labimur;
536 5405 661 5447 cum
680 5402 858 5451 autem
900 5394 1168 5451 adversus
1203 5396 1481 5463 inimicos,
1512 5396 1705 5450 attenti
1746 5410 1809 5452 ac

235 5484 517 5557 vigilantes
537 5483 638 5557 hoc
664 5481 912 5543 facimus.
943 5486 1080 5553 Quia
1110 5487 1255 5542 enim
1280 5486 1525 5542 diabolus
1544 5486 1673 5541 illud
1703 5501 1805 5542 no-

236 5579 338 5645 vit,
369 5576 513 5649 quod
541 5577 593 5633 in
624 5590 723 5633 nos
748 5576 895 5645 ipsos
919 5577 1150 5647 gladium
1191 5580 1549 5649 impellimus;
1572 5593 1677 5634 non
1708 5578 1809 5633 ml-

237 5671 384 5727 nime
426 5658 676 5729 distrahit
714 5668 802 5724 vel
826 5676 1037 5736 avocat,
1086 5678 1143 5723 ut
1167 5670 1266 5725 hac
1295 5672 1503 5726 ratione
1547 5669 1812 5739 majorem

238 5760 395 5819 nobis
414 5763 706 5833 perniciem
733 5760 919 5819 aderat
973 5761 1071 5831 At,
1119 5762 1355 5833 inquies,
1398 5764 1555 5819 laesus
1586 5771 1715 5818 sum
1744 5772 1798 5820 et

1267 380 1334 439 1N
1371 378 1582 439 EPIST.
1630 377 1672 433 ll
1736 374 1826 432 AD
1861 372 2020 435 (ΞΟΠ.
2063 374 2286 432 Βοιίιιι.
2331 374 2392 431 ν.

3362 384 3469 440 ω

1889 487 2119 558 afﬂigor.
2152 490 2295 560 Ergo
2325 489 2584 545 adversus
2623 490 2897 551 diabolum
2925 509 3019 551 ora
3039 538 3056 561 ,
3092 497 3183 569 qui
3223 503 3478 557 otnaium‘

1894 582 2124 637 maxime
2145 590 2250 636 “nos
2276 582 2468 652 injuria
2494 582 2679 639 afﬁcit.
2735 584 2851 641 Hoc
2875 587 3038 643 etiam
3063 588 3245 646 dicere
3274 595 3470 663 praci-

1891 671 2035 741 peris
2062 712 2079 736 ,
2127 670 2311 726 Libera
2336 688 2428 727 nos
2450 689 2482 726 tt
2508 673 2641 728 Italo
2670 672 2884 745 (lauit.
2912 676 2967 732 6.
2998 678 3065 733 13
3086 678 3130 749 ).
3156 680 3249 736 Ille
3278 680 3468 751 impla-

1889 761 2075 818 cabilis
2095 762 2265 817 hostis
2289 772 2405 829 est;
2436 771 2491 817 at
2516 762 2698 830 homo,
2721 765 2979 836 quidquid
2998 767 3091 822 tibi
3113 769 3289 837 faciat,
3319 772 3461 827 ami-

1890 868 1984 908 cus
2003 867 2068 908 ac
2092 851 2259 909 frater
2302 851 2715 921 es't.'Quocirca
2768 872 2956 914 omnes
3005 859 3265 917 adversus
3313 863 3462 919 illum

1891 944 2469 1010 irascamur,adversus
2484 961 2607 1001 eum
2622 948 2788 1003 Deum
2810 949 3178 1018 obsecremns,
3189 954 3462 1025 dicentes:

1888 1031 2117 1089 Contere
2136 1034 2388 1100 Satanam
2416 1037 2516 1099 sub
2547 1038 2771 1106 pedibus
2796 1040 3016 1099 nostris.
3044 1043 3145 1099 ille
3181 1046 3327 1102 enim
3354 1045 3468 1101 ini-

1890 1124 2058 1179 micos
2078 1142 2291 1195 quoque
2320 1128 2478 1183 nobis
2503 1131 2664 1198 parit.
2695 1131 2849 1199 Quod
2884 1132 2930 1187 si
2964 1133 3250 1192 adversum
3279 1136 3463 1193 ieiunio

1890 1226 1984 1268 cos
2010 1216 2247 1284 preceris
2266 1258 2283 1284 ,
2314 1217 2365 1273 id
2392 1218 2628 1287 precaris
2650 1259 2665 1285 ,
2694 1219 2836 1290 quod
2864 1222 2978 1290 ipse
3000 1238 3218 1294 quoque
3237 1225 3292 1281 ia
3317 1227 3464 1282 votis

1890 1304 2052 1362 habet
2078 1327 2092 1364 :
2127 1316 2183 1362 ut
2202 1310 2246 1364 si
2276 1324 2371 1379 pro
2400 1310 2629 1366 inimicis
2650 1325 2810 1387 ores,
2840 1311 3095 1369 adversus
3119 1329 3242 1370 eum
3270 1329 3463 1385 preca-

1889 1399 1986 1453 ris.
2013 1397 2151 1465 Quid
2187 1400 2347 1470 igitur
2376 1401 2564 1455 relicto
2599 1417 2730 1459 vero
2753 1402 3171 1460 hoste-membra
3195 1414 3282 1461 tua
3310 1421 3461 1464 llos-

1888 1486 2008 1554 des,
2038 1498 2197 1561 atque
2222 1489 2325 1545 hac
2372 1489 2757 1549 rationeferis
2797 1494 2926 1562 ipsis
2979 1494 3349 1552 humaniorem
3404 1509 3465 1554 te

1890 1579 2253 1651 prmhesiAt,
2287 1580 2464 1651 inquis
2485 1621 2503 1645 ,
2547 1584 2930 1639 contumeliam
2969 1586 3343 1657 mihilntulitx,
3380 1603 3459 1646 κ

1888 1671 2028 1725 bona
2057 1669 2274 1725 ademit.
2308 1672 2373 1725 Et
2392 1685 2552 1740 quem
2569 1673 2715 1728 luctu
2735 1674 2988 1745 prosequi
3014 1679 3285 1747 convenit,
3307 1692 3462 1734 enm-

1888 1774 1958 1815 ne
1983 1758 2073 1828 qui
2114 1758 2365 1827 injuriam
2399 1761 2631 1840 accepit,
2662 1775 2731 1816 an
2766 1764 2859 1832 qui
2890 1765 3106 1823 intulit?
3155 1766 3256 1835 Qui
3296 1783 3462 1838 pecn-

1889 1850 2005 1905 nias
2033 1849 2267 1904 lucratus
2293 1857 2396 1914 est,
2415 1864 2445 1903 a
2461 1849 2553 1904 Dei
2568 1850 2934 1907 benevolentia
2959 1854 3459 1927 seipsumexclusit,

1890 1937 2153 2012 plura’que
2204 1939 2437 2011 perdidit
2486 1955 2645 2010 quam
2691 1944 2945 2013 accepit:
2990 1958 3055 2000 ac
3089 1946 3312 2014 proinde
3344 1948 3464 2019 ipe

1890 2041 1975 2088 est
1990 2033 2077 2103 qui
2110 2032 2270 2086 lazsus
2293 2040 2396 2086 est.
2419 2029 2500 2086 0b
2528 2030 2688 2103 idqqe
2714 2046 2821 2087 non
2868 2032 3126 2090 adversus
3172 2050 3316 2105 cum,
3359 2037 3457 2100 sed

1891 2136 1989 2190 pro
2009 2135 2086 2186 eo~
2110 2121 2284 2192 potius
2312 2119 2572 2175 orandum
2601 2128 2704 2190 est,
2732 2130 2787 2177 ut
2814 2122 2956 2179 Deus
2981 2124 3270 2196 propitium
3294 2142 3354 2185 se
3383 2129 3460 2185 illi

1888 2211 2143 2282 praebeat.
3176 2226 3189 2237 π

1958 2303 2013 2359 5.
2054 2302 2188 2357 Vide
2208 2311 2344 2374 quot
2369 2303 2759 2359 calamitatibus
2780 2304 2956 2381 aleeti
2992 2308 3101 2367 sint
3142 2316 3252 2365 tres
3287 2314 3461 2381 pueri,

1888 2407 2011 2449 cum
2040 2402 2213 2447 tamen
2238 2393 2367 2447 nihil
2397 2394 2523 2447 mali
2544 2394 2886 2451 admisissent
2916 2414 2929 2450 :
2963 2399 3464 2466 patriaeslibertate

1890 2487 2216 2553 exciderant,
2259 2486 2451 2555 captivi
2478 2478 2693 2540 abducti
2722 2502 2785 2541 ac
2815 2490 2956 2544 servi
2986 2488 3185 2558 electi,
3225 2493 3462 2563 atquein

1890 2581 2115 2635 alienam
2168 2595 2231 2635 ac
2277 2580 2553 2635 barbaram
2598 2581 2866 2649 regionem
2913 2583 3164 2639 abstracti
3217 2585 3449 2653 fuerant,

1892 2669 2194 2739 frustraque
2212 2685 2273 2725 ac
2295 2679 2495 2726 temere
2523 2680 2737 2741 propter
2766 2671 3083 2727 insomnium
3110 2673 3461 2733 obtruncandi

1890 2766 2061 2813 erant.
2095 2758 2232 2822 Quid
2262 2760 2420 2828 igitur
2446 2768 2566 2813 cum
2588 2760 2805 2817 Daniele
2832 2762 3078 2831 ingressi,
3096 2764 3463 2835 quid,inquam

1891 2848 2157 2903 orarum?
2207 2848 2334 2917 quid
2364 2849 2655 2906 dixerunt?
2680 2850 2913 2905 Contere
2950 2852 3463 2925 Nabuchodonosor,

1893 2941 2059 3011 ipsius
2087 2941 2329 2996 diadema
2358 2940 2560 3009 abripe,
2592 2955 2623 2996 e
2674 2942 2823 3011 regio
2864 2943 3000 2997 solio
3040 2958 3160 2998 eum
3191 2945 3411 3001 deturba
3439 2947 3466 3000 ?

1892 3032 2033 3087 Nihil
2076 3032 2369 3102 ejusmodi;
2398 3048 2582 3087 verum
2615 3033 2706 3088 Dei
2740 3034 3159 3090 misericordiam
3211 3036 3463 3106 implora-

1893 3125 2039 3179 bant.
2072 3124 2278 3177 Etcum
2307 3124 2360 3177 in
2391 3124 2605 3179 fornace
2629 3133 2826 3190 essent,
2855 3125 3046 3181 eodem
3072 3126 3231 3182 modo
3255 3142 3314 3182 se
3340 3142 3468 3197 ges-

1893 3223 2097 3269 serunt.
2140 3214 2209 3267 At
2246 3226 2342 3266 vos
2392 3227 2505 3267 non
2549 3213 2806 3281 perinde;
2857 3214 2951 3268 sed
3003 3216 3161 3285 longe
3204 3232 3362 3287 quam
3394 3218 3467 3274 illi

1896 3308 2101 3361 minora
2132 3305 2294 3376 passi,
2325 3318 2388 3359 ac
2428 3304 2742 3374 plerumque
2771 3305 2962 3360 merito
2986 3345 3002 3369 ,
3049 3318 3300 3362 sexcenta
3330 3309 3469 3365 mala

1897 3396 2177 3464 imprecari
2206 3410 2312 3448 non
2342 3393 2586 3448 desinitis
2618 3410 2631 3446 :
2656 3392 2822 3464 atque
2865 3395 3000 3449 alius
3036 3394 3249 3466 quidem
3280 3398 3357 3452 sic
3387 3398 3471 3453 lo-

1897 3487 2095 3554 quitur,
2141 3485 2428 3546 Prosterne
2473 3484 2768 3549 inimicum,
2815 3493 2873 3538 ut
2916 3485 3209 3541 Pharaonis
3257 3502 3470 3542 currum

1896 3573 2237 3638 demersisti;
2265 3574 2419 3636 alius,
2450 3572 2675 3630 Carnem
2722 3574 2865 3630 illius
2917 3574 3052 3641 feri;
3081 3577 3218 3632 alius
3264 3593 3470 3645 rursus,

1898 3664 2081 3720 Redde
2105 3666 2185 3719 illi
2229 3666 2285 3718 in
2335 3664 2495 3718 ﬁlius.
2527 3666 2720 3721 Annon
2768 3665 3073 3735 hujusmodi
3101 3668 3260 3724 verba
3305 3684 3473 3738 agno-

1900 3758 2049 3814 scitis
2075 3758 2099 3810 τ

1938 3868 1941 3869 ⁷
1977 3848 2275 3903 Auditorum
2314 3845 2658 3919 Chrysestomi
2683 3848 2833 3902 risus.
2862 3879 2934 3890 -——
2961 3848 3115 3905 Unde
3142 3851 3303 3921 igitur
3323 3853 3476 3910 vobis

1903 3942 1990 3997 hic
2019 3940 2194 3998 risus?
2218 3940 2379 3996 Vides
2404 3956 2565 4011 quam
2607 3940 2831 3995 ridicula
2880 3940 2995 3995 haec
3021 3942 3167 4007 sinit,
3194 3958 3313 3996 cum
3341 3944 3473 3999 citra

1905 4016 2065 4087 animi
2107 4031 2561 4101 perturbationem
2604 4030 2895 4085 dicuntur?
2942 4031 3011 4086 Et
3046 4047 3173 4087 sane
3201 4044 3476 4102 peccatum

1905 4139 2066 4180 omne
2092 4132 2201 4177 tum
2229 4122 2461 4191 denique
2504 4137 2661 4192 quam
2711 4121 2923 4177 foedum
2952 4124 3023 4178 sit
3071 4135 3234 4195 patet,
3263 4141 3383 4181 cum
3410 4128 3481 4184 ab

1904 4233 1991 4283 eo,
2022 4217 2111 4287 qui
2151 4214 2205 4271 id
2244 4214 2498 4280 admittit,
2520 4214 2773 4269 affectum
2817 4214 3143 4273 detraxeris.
3191 4218 3249 4274 Si
3292 4220 3341 4274 ei
3388 4220 3509 4290 qui'

1908 4309 2072 4363 iratus
2099 4302 2232 4371 fuit,
2258 4305 2310 4360 in
2357 4306 2675 4361 memoriam
2718 4321 2779 4361 ea
2810 4305 2973 4363 verba
3001 4308 3212 4379 redigas
3231 4350 3247 4374 ,
3278 4324 3397 4379 qua:
3423 4309 3479 4365 in

1907 4399 2177 4455 iracundia
2208 4398 2451 4469 protulit,
2484 4398 2765 4454 erubescet
2790 4408 2844 4453 et
2866 4401 3099 4469 seipsum
3127 4400 3386 4464 irridebit,
3418 4416 3481 4457 ac

1908 4490 2054 4546 mille
2083 4490 2220 4544 mala
2252 4488 2480 4558 perpeti,
2502 4502 2659 4557 quam
2682 4488 2843 4542 verba
2863 4488 2955 4543 illa
2983 4490 3267 4558 protulisse
3295 4491 3480 4546 malet.

1907 4582 1962 4638 Si
1995 4581 2319 4650 impudicum
2362 4575 2629 4633 hominem
2663 4586 2784 4648 post
2828 4578 3050 4634 coitum.
3076 4579 3143 4634 ad
3194 4580 3477 4657 mulierem

1908 4688 2050 4738 eam,
2080 4672 2165 4727 cui
2195 4680 2436 4741 stuprum
2458 4669 2671 4737 obtulit,
2702 4670 3017 4735 adduxeris,
3047 4669 3135 4725 hic
3160 4685 3372 4741 quoque
3416 4680 3475 4727 ut

1910 4762 2291 4820 exsecrandam
2336 4762 2504 4832 ipsam
2542 4761 2927 4816 adversahitur.
2971 4760 3171 4819 Eodem
3198 4762 3359 4817 modo
3384 4772 3485 4817 vos

1910 4854 2000 4924 qui
2027 4852 2095 4908 ab
2124 4853 2226 4907 hoc
2265 4852 2457 4907 affectu
2487 4852 2641 4907 liberi
2684 4852 2837 4918 estis,
2878 4851 3186 4922 hujusmodi
3212 4852 3375 4909 verba
3402 4854 3479 4908 ri-

1910 4946 2095 5001 detis:
2129 4944 2346 5000 ridicula
2396 4944 2537 5001 enim
2593 4952 2751 5009 sunt,
2803 4958 2869 4999 ac
2904 4944 3237 4999 temulentis
3281 4944 3482 4999 vetulis

1911 5036 2093 5107 digna,
2133 5034 2487 5105 muliebrique
2535 5034 2830 5090 simultate.
2867 5034 3005 5101 Quin
3048 5034 3209 5089 etiam
3244 5032 3477 5105 Joaeplt,

1910 5128 2038 5183 licet
2063 5126 2310 5182 venditus
2330 5139 2393 5180 ac
2434 5139 2619 5187 servus
2645 5124 2899 5192 eﬁ‘ectus,
2944 5135 3105 5195 atque
3131 5124 3185 5178 in
3209 5137 3480 5179 carcerem

1912 5217 2209 5287 conjectus,
2259 5231 2330 5286 ne
2375 5215 2454 5270 sic
2490 5223 2668 5269 tamen
2712 5213 2962 5269 acerbum
3000 5214 3256 5268 adversus
3292 5224 3406 5274 eos,
3450 5221 3484 5262 a

1912 5308 2106 5380 quibus
2156 5308 2317 5363 laesus
2361 5304 2556 5371 fuerat,
2582 5305 2803 5360 verbum
2851 5305 3069 5370 emisit;
3095 5304 3191 5358 sed
3216 5301 3343 5373 quid
3370 5301 3489 5357 ait?

1915 5400 2117 5455 Furtim
2144 5399 2370 5453 sublatas
2395 5413 2508 5453 sunt
2551 5396 2615 5450 de
2653 5406 2789 5451 terra
2816 5393 3146 5449 Haereat-unt
3187 5395 3207 5460 (
3232 5393 3357 5448 σα.
3391 5392 3482 5448 ω.

1917 5490 2005 5557 i5)
2030 5506 2046 5554 ;
2073 5502 2171 5543 nec
2195 5486 2379 5552 addit,
2424 5502 2455 5543 ι
2496 5500 2603 5556 quo
2634 5506 2650 5541 :
2678 5484 2835 5553 pudet
2861 5485 3003 5539 enim
3053 5500 3174 5539 eum
3216 5483 3479 5538 malorum

1914 5580 2167 5644 fratrum,
2190 5577 2357 5647 magis
2377 5591 2534 5646 quam
2557 5590 2651 5632 eos
2675 5574 2841 5645 ipsos,
2871 5576 2961 5646 qui
2990 5577 3107 5631 lucc
3139 5581 3481 5644 perpetrave—

1915 5680 2055 5727 rant.
2080 5670 2155 5725 ita
2183 5683 2281 5725 nos
2310 5682 2522 5738 quoque
2559 5665 2700 5723 afﬁci
2750 5668 3021 5731 convenit,
3050 5674 3107 5720 ut
3138 5680 3236 5735 pro
3278 5666 3365 5733 iis,
3390 5665 3484 5735 qui

1916 5761 2069 5820 nobis
2094 5760 2338 5833 injuriam
2356 5757 2608 5830 inferunt,
2635 5758 3004 5817 vehementius
3023 5762 3300 5829 anga'tnttr,
3322 5770 3486 5828 quam
