4028 6222
208 317 314 372 ιω

207 428 581 501 praedicamus.
610 427 730 496 Quo
768 426 839 481 tit.
876 436 934 482 ut
976 439 1081 479 non
1126 425 1286 479 modo
1310 425 1432 494 quia
1477 423 1616 495 apud
1657 423 1792 477 alios

208 536 425 592 quoque
453 518 937 575 commendationis
982 520 1151 573 instar
1192 518 1349 573 nobis
1376 518 1523 580 estis,
1555 517 1796 588 epistolis

206 613 661 689 vestrisminime
706 612 1070 682 indigeamus;
1119 610 1214 665 sed
1254 611 1375 664 ideo
1402 624 1616 679 quoque
1643 623 1796 664 com-

210 702 556 759 mendatione
606 701 762 758 nobis
790 703 930 772 apud
972 717 1068 758 vos
1097 702 1315 756 minime
1357 715 1493 769 opus
1520 710 1622 765 est,
1649 700 1793 770 quod

207 810 305 849 vos
325 795 567 863 apprime
594 810 789 850 amem.
819 795 1034 851 Etenim
1057 794 1120 848 ad
1146 795 1356 865 ignotos
1382 793 1596 863 quidem
1626 793 1796 849 literis

203 887 469 957 quispiam
516 902 654 957 opus
695 887 896 953 habet;
946 901 1042 941 vos
1083 896 1262 940 autem
1306 885 1463 940 nobis
1508 885 1561 939 in
1612 886 1795 941 animo

203 981 356 1035 estis.
388 978 497 1035 Nec
528 996 656 1035 vero
686 980 859 1035 solum
888 980 1043 1043 dixit,
1076 978 1236 1045 Estis,
1258 978 1359 1033 sed
1396 976 1655 1046 Inscripti,
1689 979 1793 1033 hoc

202 1078 309 1133 est,
342 1084 441 1124 nec
468 1069 599 1125 mihi
630 1084 695 1125 ex
724 1071 905 1123 animo
931 1067 1181 1123 excidere
1202 1068 1443 1137 potestis.
1474 1068 1618 1122 Sicut
1649 1068 1793 1122 enim

203 1176 267 1213 ex
298 1159 486 1225 literis,
513 1160 601 1229 qui
629 1174 723 1215 eas
741 1159 945 1229 legunt.
964 1159 1043 1213 sic
1062 1172 1128 1212 ex
1153 1156 1318 1212 corde
1344 1166 1550 1222 nostro,
1578 1156 1668 1227 qui
1692 1156 1795 1213 hoc

204 1262 424 1318 norunt,
469 1262 705 1307 nostram
746 1266 873 1318 erga
924 1265 1024 1306 vos
1064 1250 1409 1307 dilectionem
1456 1258 1791 1322 perspectam

204 1340 427 1395 habent.

273 1433 329 1487 2.
370 1432 631 1500 Quocirca
679 1433 723 1487 si
752 1432 1026 1487 literarum
1050 1430 1155 1486 hoc
1183 1446 1380 1487 munus
1406 1441 1511 1498 est,
1545 1443 1603 1485 ut
1630 1448 1697 1487 ex
1726 1432 1793 1487 iis

202 1522 405 1594 liqueat
432 1526 569 1577 hunc
589 1532 678 1577 aut
700 1524 850 1578 illum
875 1524 1003 1583 mihi
1030 1524 1261 1578 amicum
1285 1523 1521 1588 esse,bic
1544 1523 1792 1578 libertate

201 1615 429 1683 fruatur,
470 1616 538 1670 ad
583 1616 635 1670 id
668 1626 835 1671 totum
879 1615 1269 1671 conficiendum
1315 1616 1446 1670 satis
1490 1625 1574 1670 est
1613 1624 1791 1669 vestra

200 1718 328 1775 erga
356 1721 441 1759 me
461 1706 674 1760 caritas.
702 1706 833 1760 Nam
855 1707 969 1762 sive
996 1706 1063 1761 ad
1089 1721 1181 1760 vos
1206 1698 1634 1776 proﬁciscamur.
1657 1705 1792 1760 alio-

200 1811 322 1849 rum
352 1796 816 1852 commendatione
856 1798 1080 1853 minime
1110 1796 1432 1868 indigemus,
1461 1796 1605 1867 quod
1635 1809 1793 1850 amor

199 1903 330 1957 erga
359 1904 446 1943 me
473 1899 651 1945 vester
694 1890 746 1945 id
790 1892 1030 1945 muneris
1049 1891 1159 1960 jam
1206 1891 1482 1962 occuparit
1512 1910 1527 1947 :
1556 1892 1676 1946 sive
1722 1890 1789 1946 ad

198 1979 357 2042 alios,
390 1979 557 2033 literis
586 1995 773 2035 rursus
797 1981 927 2041 nihil
956 1982 1114 2036 nobis
1151 1996 1287 2051 opus
1310 1991 1431 2051 est,
1462 1993 1647 2053 utpote
1673 1983 1794 2053 qui-

200 2068 304 2122 bus
338 2070 525 2125 eadem
545 2069 764 2126 dilectio
792 2086 979 2126 earum
1004 2073 1124 2127 loco
1153 2073 1284 2128 satis
1312 2074 1423 2128 sit:
1452 2072 1792 2129 circumieri-

199 2176 323 2215 mus
353 2162 494 2216 enim
518 2162 798 2232 epistolam
825 2163 879 2217 in
926 2162 1179 2219 cordibus
1220 2166 1438 2220 nostris.
1467 2164 1583 2219 Mox
1628 2165 1789 2221 altius

200 2252 377 2321 adhuc
401 2266 496 2307 eos
520 2248 789 2317 attollens,
807 2254 1091 2324 epistolam
1112 2269 1326 2325 quoque
1346 2253 1547 2309 Christi
1578 2269 1673 2308 eos
1698 2269 1792 2309 vo-

199 2351 310 2407 cat,
347 2342 536 2398 dicens
566 2360 582 2398 :
625 2342 941 2415 Manifestati
976 2346 1112 2417 quod
1147 2346 1363 2423 epistola
1408 2347 1526 2399 estis
1575 2344 1781 2400 Christi.

199 2433 379 2502 Atque
426 2433 489 2511 id_
524 2432 774 2505 loquutus
803 2437 1153 2499 occasionem
1202 2435 1329 2492 hinc
1374 2446 1536 2506 atque
1576 2437 1788 2492 initium

199 2523 363 2578 sumit
397 2525 569 2597 legem
592 2527 954 2584 examinandi.
986 2531 1159 2597 Atque
1187 2527 1295 2583 alio
1326 2528 1487 2583 modo
1512 2544 1664 2583 suam
1695 2543 1789 2584 eos

199 2614 485 2683 epistolam
511 2629 634 2670 esse
653 2614 741 2671 hic
765 2617 874 2670 ait:
895 2618 1142 2686 superius
1163 2619 1308 2672 enim
1336 2634 1432 2674 eos
1462 2620 1663 2674 idcirco
1684 2620 1790 2690 epi-

199 2706 398 2760 stolam
446 2704 793 2775 appellabat,
821 2708 963 2777 quod
1007 2708 1077 2760 ab
1118 2709 1250 2777 ipsis
1276 2709 1785 2764 commendaretur:

200 2796 291 2850 hic
334 2804 513 2851 autem
555 2796 837 2865 epistolam
867 2796 1069 2852 Christi
1109 2813 1204 2852 eos
1244 2810 1420 2862 vocat,
1470 2809 1528 2855 ut
1555 2800 1647 2870 qui
1693 2800 1787 2855 Dei

197 2887 374 2958 legem
426 2887 737 2959 inscriptam
793 2887 1046 2944 habeant.
1102 2888 1236 2944 Nam
1288 2906 1408 2960 qua:
1466 2891 1608 2947 Deus
1662 2904 1787 2947 cum

197 2978 451 3033 omnibus
491 2979 643 3046 aliis,
691 2989 802 3035 tum
833 2980 982 3035 vobis
1030 2982 1193 3037 etiam
1235 2992 1357 3038 nota
1401 2998 1523 3039 esse
1551 2983 1783 3051 volebat,

197 3066 318 3123 haec
340 3068 392 3122 in
421 3068 677 3124 cordibus
702 3071 892 3125 vestris
924 3072 1177 3143 inscripta
1205 3082 1347 3128 sunt.
1378 3072 1489 3129 Nos
1519 3088 1679 3145 porro
1710 3076 1783 3129 ita

196 3171 298 3211 vos
339 3161 789 3229 comparavimus,
836 3174 895 3216 ut
927 3163 1107 3218 literas
1150 3165 1493 3236 exciperetls.
1524 3164 1594 3222 Ut
1638 3166 1784 3221 enim

194 3252 374 3309 Moses
413 3255 616 3324 lapides
658 3266 713 3312 et
756 3259 968 3313 tabulas
1020 3260 1264 3331 sculpsit,
1305 3261 1385 3316 sic
1434 3275 1535 3316 nos
1571 3274 1785 3332 quoque

194 3346 405 3399 animas
442 3358 650 3401 vestras
682 3348 844 3403 :ideo
871 3350 967 3417 ait,
1014 3348 1307 3405 Ministroto
1354 3366 1386 3403 a
1428 3353 1593 3408 nobis.
1629 3354 1699 3407 At
1728 3354 1782 3406 in

196 3436 303 3489 hoc
330 3436 444 3504 pari
483 3436 795 3493 conditione
834 3448 1029 3494 erant:
1062 3456 1185 3495 nam
1227 3451 1281 3494 et
1309 3440 1413 3495 illnc
1442 3457 1473 3495 a
1512 3442 1624 3497 Deo
1647 3457 1781 3497 con-

195 3527 416 3597 scripta
451 3537 629 3595 erant,
660 3538 716 3583 et
743 3529 859 3583 haec
900 3546 931 3584 a
958 3530 1183 3601 Spiritu.
1211 3531 1460 3597 Quanam.
1477 3548 1606 3604 ergo
1636 3535 1688 3589 in
1716 3550 1801 3599 re

194 3617 487 3673 discrimen
511 3618 675 3673 situm
698 3619 823 3673 est?
850 3616 1060 3689 Scripta
1090 3638 1191 3675 non
1218 3633 1524 3688 atramento,
1542 3626 1631 3677 sed
1656 3626 1782 3695 Spi-

192 3709 299 3762 ritu
330 3707 423 3761 Dei
444 3708 651 3761 viventis
679 3722 698 3763 :
724 3724 827 3762 non
849 3709 904 3764 in
930 3710 1112 3765 tabulis
1132 3712 1376 3779 lapideis.
1402 3713 1490 3767 sed
1514 3715 1569 3765 in
1595 3713 1781 3771 tabulis

192 3801 363 3855 cordis
402 3799 711 3855 carnalibus.
758 3800 1025 3872 Quantum
1055 3810 1234 3855 autem
1267 3803 1405 3857 inter
1430 3803 1687 3873 Spiritum
1726 3815 1782 3859 et

190 3883 573 3958 atramentum,
601 3904 759 3964 atque
786 3894 925 3950 inter
956 3894 1193 3965 lapideas
1206 3905 1273 3949 -et
1296 3898 1540 3951 carnales
1571 3896 1781 3954 tabulas

191 3987 438 4051 interest,
474 3994 678 4041 tantum
704 3987 863 4041 etiam
895 3987 1035 4042 inter
1060 3986 1157 4042 bas
1181 3996 1235 4043 et
1262 3987 1381 4044 illas
1401 3998 1483 4042 est
1506 3988 1778 4047 discrimi-

196 4078 284 4132 nis
316 4094 329 4131 :
362 4090 425 4131 ac
468 4076 688 4145 proinde
731 4076 871 4133 inter
909 4093 1003 4132 eos
1026 4094 1257 4149 quoque,
1285 4081 1377 4149 qui
1420 4080 1502 4134 his
1544 4096 1763 4149 operam

186 4176 477 4231 navatunt,
504 4180 554 4223 et
581 4183 724 4231 eum,
756 4170 845 4238 qui
869 4169 976 4225 illis
1001 4187 1216 4240 operam
1242 4175 1474 4232 navavit.
1506 4175 1587 4230 0b
1624 4192 1775 4233 eam—

189 4275 297 4330 que
343 4271 582 4321 causam,
613 4257 738 4327 quia
778 4258 1056 4328 magniﬁce
1083 4261 1334 4331 loquutus
1362 4264 1552 4330 fuerat,
1592 4265 1779 4317 conie-

193 4351 329 4407 stim
387 4349 621 4417 seipsum
665 4349 875 4419 carpit,
921 4350 1147 4406 dicens:
1182 4354 1237 4408 4.
1291 4353 1562 4407 Fiduciam
1609 4366 1776 4409 autem

196 4441 353 4497 talem
382 4435 624 4492 habemus
662 4454 750 4506 per
776 4436 1033 4493 Christum
1059 4442 1126 4495 ad
1164 4441 1367 4507 Deam;
1395 4461 1457 4496 ac
1486 4460 1668 4498 rursus
1697 4454 1779 4498 to-

188 4544 302 4588 tum
353 4530 406 4587 id
449 4530 561 4585 Deo
589 4531 847 4590 adscribit
879 4551 893 4587 :
929 4535 1117 4589 horum
1162 4537 1305 4591 enim
1348 4537 1501 4591 nobis
1532 4538 1776 4595 Christus

187 4639 351 4679 causa
404 4631 527 4689 est,
573 4622 765 4694 inquit.
818 4628 870 4681 5.
935 4625 1058 4682 Non
1104 4629 1239 4699 quod
1286 4629 1579 4699 suﬁcienzre
1620 4633 1777 4685 simus

186 4715 409 4786 cogitare
425 4713 617 4785 aliquid
639 4731 703 4780 ea:
722 4718 864 4770 nobis
883 4724 1137 4787 tamquam
1161 4736 1222 4774 er
1242 4720 1404 4774 nobis.
1434 4720 1562 4776 Vide
1590 4737 1776 4778 rursus

188 4806 415 4859 alteram
443 4804 602 4859 etiam
627 4808 1089 4876 prannunitionem
1111 4826 1124 4874 ;
1149 4812 1409 4881 siqunlcm
1439 4816 1535 4869 bac
1555 4815 1771 4882 virtute,

189 4894 293 4949 hoc
322 4901 407 4946 est
431 4892 752 4958 humilitate,
782 4898 836 4951 in
872 4898 1063 4968 primis
1094 4900 1291 4955 Pmilus
1317 4905 1554 4958 excellit.
1588 4905 1777 4975 Ecqui:

192 4990 267 5048 tit,
302 4993 360 5039 ut
388 4985 600 5049 quaties
629 4987 695 5040 de
727 4992 900 5059 seipse
948 4991 1231 5059 magniﬁce
1280 4992 1482 5061 aliquid
1513 5004 1606 5059 ait,
1644 4996 1771 5050 nihil

189 5093 297 5131 non
337 5076 497 5130 studii
522 5076 795 5146 adhibeat,
829 5090 886 5136 ut
918 5084 969 5136 id
1013 5082 1199 5151 quovis
1242 5084 1406 5137 modo
1459 5088 1665 5156 mitiget
1710 5105 1773 5145 ae

189 5167 417 5221 molliat.
453 5167 603 5232 Quod
631 5164 791 5241 etiam
823 5176 926 5229 hoc
969 5176 1088 5229 loco
1129 5175 1211 5229 his
1236 5175 1411 5229 verbis
1443 5176 1569 5230 facit
1603 5196 1617 5231 :
1651 5180 1772 5236 Non

186 5261 325 5333 quod
352 5263 508 5315 simus
546 5265 839 5333 sufﬁcientes
863 5271 1085 5339 cogitare
1108 5269 1302 5339 aliquid
1344 5286 1407 5323 ex
1432 5272 1594 5334 nobis,
1642 5284 1769 5328 tant-

186 5368 340 5419 quam
371 5367 433 5405 ea:
475 5353 636 5408 nobis.
668 5354 780 5410 Hoc
820 5368 921 5425 est,
952 5359 1069 5414 Non
1101 5361 1170 5414 ita
1210 5361 1340 5424 dixi,
1377 5359 1651 5416 Fiduciam
1679 5364 1771 5419 lm-

190 5444 387 5508 bemus,
417 5457 479 5497 ac
503 5442 546 5500 si
573 5444 715 5497 aliud
743 5456 982 5502 nostrum
1026 5451 1116 5515 sit,
1143 5451 1282 5505 aliud
1320 5436 1442 5515 Dei;
1473 5453 1566 5505 sed
1600 5462 1768 5511 totum

190 5532 334 5586 istud
365 5534 474 5588 Deo
516 5533 786 5590 adscribo.
822 5536 1019 5593 Nostra
1043 5543 1176 5594 enim
1219 5543 1513 5610 suﬁicientia
1560 5559 1621 5595 ea:
1656 5542 1769 5598 Deo

187 5633 281 5684 cst,
308 5624 363 5679 6.
390 5624 541 5694 quiet
566 5628 773 5681 idoneos
794 5646 885 5683 nos
907 5633 1023 5700 fecit
1047 5634 1299 5689 ministros
1329 5637 1442 5690 novi
1464 5641 1767 5691 testamenti.

188 5714 327 5781 Quid
362 5733 466 5785 est,
502 5720 717 5774 ldoueos
765 5740 856 5776 nos
895 5728 1054 5793 fecit?
1096 5727 1246 5783 Fecit
1286 5739 1344 5784 ut
1389 5730 1510 5787 huic
1557 5735 1763 5789 muneri

527 5818 789 5877 Parnm.
839 5826 952 5883 litt.
1004 5826 1160 5890 LXI.

1231 311 1299 368 IN
1337 311 1553 369 EPIST.
1596 312 1636 364 ll
1698 312 1793 367 AD
1830 312 1986 368 COR.
2028 314 2259 372 HOMIL.
2307 316 2392 372 Vl.

3381 335 3483 384 438

1901 441 2058 495 pares
2083 444 2204 486 esse
2226 435 2512 501 possimus.
2541 435 2770 492 Parvum
2795 456 2959 509 porro
2988 443 3092 498 hoc
3117 459 3227 498 non
3264 452 3371 513 est,
3412 446 3492 500 ni~

1904 520 2099 575 mirum
2142 523 2277 578 tales
2318 525 2527 581 tabulas
2572 538 2628 582 et
2672 529 2949 599 epistolas,
2997 534 3268 603 prioribus
3315 534 3486 590 multo

1902 612 2136 681 majores
2159 628 2224 669 ac
2252 620 2654 684 pnestantiores
2696 621 2811 676 orbi
2838 624 3082 680 attulisse
3114 642 3127 678 :
3160 624 3305 680 unde
3328 627 3493 682 etiam

1900 700 2196 773 subiunxit,
2226 706 2349 762 Non
2384 709 2565 775 litate,
2606 713 2696 767 sed
2734 713 2967 783 spiritus.
3006 716 3085 771 En
3118 732 3307 789 [ursus
3344 718 3492 773 aliud

1900 792 2215 853 discrimen.
2246 798 2385 864 Quid
2426 804 2648 858 autem?
2691 820 2871 859 annon
2901 806 2983 861 lex
3011 822 3227 878 quoque
3269 807 3360 863 illa
3389 810 3493 877 spi-

1900 883 2107 942 ritualis
2156 890 2311 944 erat?
2349 894 2619 961 quomodo
2660 911 2791 967 ergo
2836 898 2911 952 ait
2944 915 2958 952 :
2991 897 3194 953 Scimus
3230 899 3370 967 quod
3408 898 3493 953 les

1902 980 2184 1047 spiritantia
2207 993 2280 1037 est
2306 982 2483 1056 (Rom.
2514 988 2569 1041 7.
2604 986 2738 1057 ﬂ)?
2773 989 3082 1058 Spiritualis
3109 991 3322 1061 quidem
3349 1002 3488 1054 erat,

1900 1072 1994 1127 sed
2022 1075 2269 1143 spiritum
2316 1080 2537 1134 minime
2565 1082 2839 1149 prtebebat
2867 1103 2882 1140 :
2917 1101 3023 1140 non
3064 1088 3209 1141 enim
3241 1088 3487 1155 spiritum

1900 1161 2098 1231 Moses,
2139 1166 2235 1221 sed
2264 1168 2447 1224 literas
2471 1172 2685 1239 attulit;
2724 1183 2925 1231 nostra:
2959 1188 3141 1231 autem
3169 1177 3295 1233 ﬁdei
3336 1194 3486 1234 eom-

1902 1257 2124 1311 missum
2155 1267 2259 1324 est,
2308 1268 2368 1315 ut
2403 1263 2651 1332 Spiritum
2697 1264 2887 1322 demus
2919 1282 2934 1320 :
2963 1268 3107 1322 unde
3149 1270 3311 1323 etiam
3342 1270 3485 1324 istud

1898 1344 2140 1404 studiose
2184 1354 2555 1423 prosequitur,
2606 1355 2791 1410 dicens
2811 1396 2829 1421 ,
2874 1356 3047 1414 Litcra
3084 1358 3219 1411 enim
3264 1359 3487 1424 occidit,

1897 1440 2301 1506 spiritus'outem
2330 1446 2565 1515 vioiﬁcat.
2596 1446 2722 1503 Haec
2745 1457 2922 1503 autem
2950 1464 3053 1503 non
3084 1459 3287 1504 temere
3326 1449 3484 1514 dixit,

1898 1529 1993 1584 sed
2019 1545 2114 1586 eos
2142 1534 2486 1600 subindieans
2514 1539 2601 1607 qui
2629 1539 2696 1593 de
2720 1538 2958 1595 Judaicis
2982 1541 3146 1596 altum
3181 1539 3481 1609 sapiebant.

1898 1621 2005 1677 Per
2042 1623 2252 1679 literam
2294 1638 2474 1681 autem
2522 1629 2624 1684 hoc
2673 1631 2795 1686 loco
2834 1633 3005 1702 legem
3052 1631 3322 1703 intelligit,
3368 1648 3487 1702 qua

1900 1724 2185 1783 peccantes
2234 1720 2499 1787 supplicio
2539 1719 2838 1787 afﬁciebat;
2870 1738 2968 1792 per
3011 1725 3259 1793 spirituum
3301 1734 3481 1779 autem

1896 1807 2124 1876 gratiam
2159 1807 2435 1880 baptismi,
2463 1827 2567 1883 qua
2611 1814 2671 1881 ii,
2716 1816 2805 1886 qui
2848 1831 2879 1869 a
2923 1828 3145 1886 peccato
3176 1818 3485 1887 interempti

1898 1907 2040 1965 sunt,
2084 1899 2153 1954 ad
2192 1901 2355 1956 vitam
2406 1914 2747 1961 revomntur.
2781 1905 3072 1976 Postquam
3118 1906 3266 1961 enim
3294 1907 3487 1963 discri-

1896 2005 2017 2046 men
2049 1991 2179 2048 illud
2224 1998 2683 2064 commemoravit,
2715 1998 2859 2069 quod
2897 1998 3037 2054 inter
3082 2001 3363 2070 utriusque
3404 2009 3485 2055 ta-

1898 2081 2039 2137 bula:
2070 2095 2317 2141 naturam
2352 2094 2488 2155 erat,
2531 2102 2639 2143 non
2678 2089 2733 2144 in
2772 2104 2839 2145 eo
2870 2090 3057 2157 lueret,
3114 2090 3213 2147 sed
3252 2093 3482 2148 ulterius

1898 2186 2217 2244 progressus
2242 2217 2257 2240 ,
2310 2176 2413 2233 hoc
2457 2178 2617 2236 latius
2664 2181 3006 2250 prosequitur
3051 2198 3065 2234 :
3113 2196 3219 2251 qua
3270 2183 3480 2237 ratione

1894 2252 2192 2320 auditorem
2226 2269 2394 2339 magis
2412 2285 2609 2341 capere
2629 2282 2858 2342 poterat.
2886 2273 3134 2327 nimirum
3160 2273 3230 2328 ab
3251 2273 3477 2329 utilitate

1895 2362 1951 2409 et
1980 2354 2246 2413 facilitate.
2279 2358 2462 2430 Neque
2501 2363 2646 2417 enim
2674 2363 2913 2419 laborem
2956 2364 3138 2431 habet,
3188 2365 3381 2437 inquit,
3424 2375 3479 2419 ct

1896 2446 2154 2516 majorem
2197 2450 2423 2519 gratiam
2452 2452 2629 2507 ati'ert.
2660 2453 2864 2510 Namsi
2891 2457 2960 2512 de
2982 2458 3200 2513 Christo
3232 2458 3479 2529 loquens,

1894 2552 1957 2592 ea
2000 2537 2337 2608 potissimum
2369 2542 2521 2610 ponit
2543 2557 2664 2612 quae
2706 2544 3050 2615 benignitatis
3082 2550 3247 2617 ipsius
3276 2552 3473 2619 potius,

1894 2642 2055 2697 quam
2084 2631 2253 2684 nostri
2282 2631 2457 2685 meriti
2500 2642 2644 2697 sunt,
2676 2648 2913 2705 quaeque
2952 2637 3091 2693 inter
3131 2654 3191 2693 se
3230 2640 3479 2694 devincta

1892 2728 2056 2786 sunt,
2088 2722 2261 2777 multo
2315 2726 2485 2795 magis
2533 2725 2637 2780 hoc
2679 2729 2986 2784 necessario
3034 2728 3191 2792 facit,
3226 2746 3350 2786 cum
3409 2732 3479 2787 de

1896 2818 2221 2866 testamento
2247 2814 2507 2885 loquitur.
2555 2818 2821 2884 Quidnam
2864 2822 3026 2891 igitur
3068 2822 3183 2878 hmc
3211 2822 3375 2877 verba
3406 2824 3477 2877 sio

1892 2899 2169 2968 gniﬁcant,
2213 2902 2388 2959 Litera
2429 2908 2653 2966 occidit?
2683 2911 2900 2966 Dixerat
2924 2912 3137 2983 quidem
3186 2912 3238 2968 in
3282 2914 3480 2969 tabulis

1892 2990 2117 3062 lapideis
2162 3005 2218 3051 et
2266 2999 2520 3055 cordibus
2552 3004 2804 3069 carneis;
2855 3016 2912 3060 at
2952 3007 3188 3062 nondum
3227 3022 3477 3076 magnum

1891 3084 2161 3154 quoddam
2221 3088 2515 3146 discrimen
2572 3097 2812 3161 proferre
2865 3098 3167 3155 videbatur.
3218 3100 3475 3170 Atljunxit

1891 3177 2092 3248 itaque,
2112 3179 2252 3247 quod
2274 3180 2365 3236 illa
2382 3182 2535 3236 litera
2552 3195 2645 3238 aut
2666 3194 2991 3255 atramento,
3016 3192 3131 3246 brec
3147 3192 3336 3263 spiritu
3364 3207 3479 3261 ρει-ο

1890 3273 2089 3342 scripta
2115 3272 2207 3331 sit.
2262 3273 2374 3329 lloc
2399 3284 2577 3331 autem
2610 3293 2716 3333 non
2746 3294 2840 3334 eos
2862 3281 3153 3354 admodum
3185 3284 3475 3339 excitabat.

1892 3361 2007 3418 Hoc
2034 3378 2164 3434 ergo
2188 3364 2403 3422 demum
2436 3368 2587 3437 dicit,
2620 3370 2763 3440 quod
2795 3371 2875 3425 vel
2905 3387 3108 3441 pennas
3150 3375 3258 3429 illis
3283 3376 3478 3431 aﬂ'erre

1889 3465 2072 3523 queat,
2102 3456 2317 3525 nempe,
2350 3458 2524 3515 Litora
2554 3465 2758 3529 occidit,
2794 3465 3005 3535 spiritus
3042 3475 3211 3520 autem
3233 3469 3473 3531 uivi/icat.

1961 3545 2015 3597 3.
2060 3546 2327 3615 Quidnam
2357 3560 2533 3607 autem
2575 3553 2677 3629 hoc
2714 3554 2839 3609 est?
2872 3555 2925 3609 In
2958 3557 3074 3627 lege
3100 3556 3143 3611 is
3167 3556 3257 3627 qui
3280 3571 3477 3628 pecca-

1890 3644 2000 3689 tum
2035 3638 2214 3701 habet,
2249 3645 2505 3709 puuitur;
2553 3646 2640 3701 hic
2670 3649 2759 3715 qui
2791 3659 3069 3718 peccatum
3097 3651 3278 3718 habet,
3322 3666 3478 3705 acce-

1891 3725 2026 3781 dens
2074 3729 2394 3799 baptizatur,
2440 3749 2504 3787 ac
2547 3735 2724 3804 justus
2770 3738 3000 3794 ellicitur
3028 3758 3043 3793 :
3070 3741 3253 3810 justus
3293 3753 3474 3797 autent

1889 3817 2136 3884 cﬂ'ectus,
2182 3822 2333 3888 vivit,
2377 3833 2561 3895 utpote
2591 3829 2794 3897 peccati
2839 3840 3013 3885 morte
3044 3831 3325 3887 liberatus.
3356 3833 3469 3888 Lex

1887 3915 1933 3968 si
1965 3914 2285 3971 homicidam
2309 3919 2617 3989 arripuerit,
2647 3937 2772 3977 eum
2801 3932 2973 3978 morte
2999 3922 3168 3978 allicit
3193 3942 3205 3978 :
3232 3925 3399 3993 gratia
3428 3928 3473 3979 si

1886 4003 2209 4061 homicidam
2228 4010 2735 4077 ceperit,il|uminat
2761 4026 2826 4067 ac
2852 4012 3102 4069 viviticat.
3126 4015 3264 4083 Quid
3293 4028 3473 4072 autem

1885 4096 2206 4167 homicidam
2246 4098 2402 4154 dico?
2449 4101 2557 4155 Lex
2606 4118 2764 4167 eum,
2808 4105 2899 4173 qui
2946 4107 3152 4163 sabbati
3199 4108 3287 4163 dte
3332 4110 3473 4179 ligna

1884 4185 2196 4256 collegerat,
2249 4198 2521 4261 arreptum
2572 4193 2836 4261 lapidibus
2878 4194 3057 4251 obruit
3098 4196 3290 4266 (Num.
3338 4200 3471 4269 15);

1885 4277 1989 4332 hoc
2033 4279 2177 4333 enim
2212 4282 2462 4357 estquod
2494 4283 2589 4349 ait,
2613 4282 2787 4341 Litera
2815 4286 2997 4341 occidit
3024 4304 3043 4342 :
3073 4290 3241 4360 gratia
3284 4301 3471 4345 (ontra

1883 4379 2167 4425 sexcentos
2197 4370 2491 4428 homicidas
2528 4384 2583 4430 et
2612 4376 2850 4432 latrones
2876 4382 3100 4449 accepit,
3129 4396 3192 4435 ac
3220 4381 3470 4452 baptismi

1885 4478 2021 4534 aqua
2055 4464 2249 4521 tinctos
2277 4466 2546 4537 prioribus
2571 4469 2727 4524 malis
2755 4471 2980 4535 liberat;
3011 4472 3113 4526 hoc
3157 4484 3261 4541 est,
3290 4476 3467 4546 Spirio

1885 4563 1967 4608 tus
2005 4554 2243 4622 vivificat.
2276 4555 2369 4612 llla
2396 4573 2542 4626 eum,
2589 4560 2678 4630 qui
2707 4560 3083 4632 deprehensus
3112 4574 3215 4630 est,
3254 4581 3319 4619 ex
3347 4568 3471 4622 vivo

1884 4653 2151 4699 mortuum
2177 4646 2388 4701 reddit:
2417 4648 2533 4704 haec
2560 4667 2710 4706 reum
2736 4668 2803 4708 ex
2831 4664 3043 4708 mortuo
3069 4655 3249 4709 vivum
3279 4655 3464 4716 efﬁcit.

1894 4735 2065 4790 Venite
2099 4737 2262 4802 enim,
2312 4739 2502 4809 inquit,
2550 4742 2626 4805 pd
2676 4759 2755 4796 mc
2800 4760 2970 4797 omnes
3011 4746 3096 4814 qui
3141 4746 3388 4801 laboratis.
3424 4758 3466 4801 rt

1881 4828 2078 4881 onerati
2102 4830 2262 4883 estis:
2287 4840 2342 4884 et
2371 4845 2474 4885 non
2515 4832 2668 4898 dixit,
2710 4835 3029 4890 excruciabo
3055 4851 3172 4900 vos,
3204 4837 3321 4903 sed,
3349 4841 3467 4908 reﬁ-

1879 4916 2014 4970 ciam
2038 4935 2124 4971 vos
2144 4919 2359 4987 (Matth.
2384 4923 2472 4977 ll.
2497 4924 2614 4992 28).
2644 4925 2856 4981 Etenim
2882 4928 2933 4981 in
2953 4927 3217 4998 baptismo
3245 4942 3465 5000 peccata

1881 5009 2233 5077 sepeliuntur,
2264 5014 2442 5082 priora
2466 5015 2733 5081 delentur,
2764 5018 2923 5073 homo
2944 5019 3265 5086 vivilicatur,
3292 5023 3468 5079 omnis

1879 5100 2046 5167 gratia
2076 5099 2128 5152 in
2163 5100 2329 5168 ipsius
2356 5112 2596 5172 pectore,
2632 5116 2902 5177 tamquam
2948 5108 3002 5163 in
3045 5111 3241 5165 tabulis
3274 5114 3465 5168 inscri-

1881 5192 2043 5245 bitur.
2066 5192 2248 5264 ltaquc
2272 5208 2509 5266 reputes,
2545 5200 2727 5266 velim,
2751 5212 2946 5270 quanta
2977 5205 3207 5273 Spiritus
3232 5206 3465 5278 dignitas

1880 5282 1969 5347 sit,
1987 5284 2185 5353 quippe
2204 5300 2325 5339 cum
2355 5288 2524 5359 ipsius
2546 5292 2738 5347 tabula:
2759 5295 3030 5364 prioribus
3059 5299 3307 5354 meliores
3332 5301 3462 5363 sint,

1880 5382 2042 5440 atque
2087 5373 2203 5443 ipsa
2242 5378 2404 5432 etiam
2447 5383 2844 5439 resurrectione
2885 5390 3222 5455 przestantius
3264 5392 3463 5461 aliquid

1886 5465 2156 5520 ostendat.
2184 5467 2316 5523 Nam
2343 5479 2397 5524 et
2421 5486 2565 5527 mors
2600 5489 2686 5540 ea,
2716 5491 2746 5530 a
2772 5493 2874 5547 qua
2905 5480 3017 5548 ipsa
3046 5482 3256 5545 liberat,
3289 5486 3465 5551 priore

1880 5559 2095 5625 gravior
2126 5572 2227 5625 est,
2262 5572 2315 5616 et
2344 5565 2558 5632 quidem
2608 5576 2775 5635 tanto,
2808 5582 3007 5639 quanto
3034 5576 3208 5628 anima
3248 5581 3461 5647 corpvri

1882 5660 2100 5716 praestat
2133 5670 2147 5705 :
2175 5660 2337 5730 atque
2374 5669 2433 5707 ea
2464 5657 2594 5722 vita,
2627 5675 2785 5729 quam
2818 5663 3051 5732 Spiritus
3078 5667 3333 5736 impertit,
3367 5686 3460 5735 per

1881 5754 1997 5794 eam
2048 5741 2326 5799 moliatur.
2368 5741 2519 5811 Quod
2554 5750 2600 5804 si
2644 5750 2779 5807 hanc
2825 5754 3017 5809 allerre
3049 5768 3240 5824 potest,
3288 5760 3457 5815 multo

3007 5856 3087 5915 38
