4028 6222
561 342 666 400 459

563 456 736 525 magis
757 454 1017 510 minorem
1043 471 1057 508 :
1083 451 1225 507 illam
1252 450 1450 508 etenim
1482 449 1759 520 propheta
1783 455 1996 515 quoque
2015 454 2147 496 eon-

563 548 818 607 tnlcrunt.
852 544 987 600 lianc
1013 553 1191 599 autem
1224 557 1328 597 non
1353 539 1597 612 perinde.
1628 536 1798 592 Nemo
1840 534 2007 597 enim,
2038 529 2149 585 Deo

562 654 671 693 uno
696 648 940 707 excepto,
968 645 1188 707 peccata
1220 634 1496 689 remittere
1523 638 1720 701 potest.
1743 626 1882 696 Quin
1914 641 1982 681 ne
2003 624 2151 679 illam

560 733 773 805 quidem
799 733 929 789 citra
950 732 1182 803 Spiritus
1204 744 1360 797 opem
1380 726 1690 795 praebebant
1714 724 2009 794 prephetre.
2034 721 2147 776 Nec

564 840 695 880 vero
740 824 843 879 hoc
871 823 1151 878 dumtaxat
1190 821 1383 875 mirum
1430 828 1533 883 est,
1573 816 1716 887 quod
1743 814 1997 881 viviﬁcet,
2049 810 2147 867 sed

561 918 724 973 etiam
754 914 899 989 quod
933 914 983 968 id
1015 912 1241 968 faciendi
1267 920 1583 981 potestatem
1610 908 1732 964 aliis
1757 921 1971 978 quoque
2003 920 2147 976 prze-

560 1008 759 1064 huerit.
815 1004 1043 1076 Accipite
1103 1004 1284 1070 enim,
1340 1001 1551 1072 inquit,
1607 997 1862 1067 Spiritum
1915 1005 2151 1051 sanctum

572 1098 753 1168 (Joan.
776 1096 864 1153 20.
891 1095 1002 1166 22).
1032 1095 1168 1166 Quid
1192 1096 1262 1150 ita
1281 1094 1307 1147 'l
1332 1110 1399 1149 an
1431 1093 1480 1148 id
1511 1093 1629 1148 sine
1654 1089 1853 1160 Spiritu
1882 1102 1987 1143 non
2015 1087 2147 1143 lice-

562 1187 694 1244 bat?
720 1189 823 1244 Sed
856 1196 910 1242 ut
936 1187 1245 1243 ostenderet
1271 1186 1412 1241 Deus
1458 1183 1608 1239 illum
1650 1194 1917 1251 supremae
1955 1188 2146 1250 poteti-

563 1280 652 1335 tiae
691 1294 755 1335 ac
782 1279 943 1350 regiae
983 1278 1127 1333 illius
1170 1280 1419 1333 essentiae
1463 1290 1605 1341 esse,
1648 1272 2002 1342 eamdemque
2041 1271 2147 1326 vim

563 1373 784 1440 habere,
810 1371 892 1426 bis
914 1370 1089 1425 verbis
1110 1370 1277 1424 utitur
1301 1385 1314 1422 :
1335 1368 1560 1436 ideoque
1588 1364 1883 1434 subiungit,
1918 1362 2151 1430 Quorum

564 1464 855 1519 remiseritis
880 1471 1106 1532 peccata,
1136 1460 1457 1514 remittuntur
1483 1459 1591 1521 eis;
1614 1466 1660 1510 et
1680 1470 1892 1528 quorum
1917 1454 2146 1508 retinue-

562 1558 697 1622 ritis,
727 1564 920 1609 retenta
948 1564 1083 1607 sunt.
1114 1550 1556 1619 Quandoquidem
1589 1550 1749 1617 igitur
1786 1562 1883 1600 nos
1910 1546 2015 1599 vita
2045 1544 2147 1598 do-

565 1648 731 1715 navit,
766 1647 1004 1701 viventes
1046 1658 1379 1707 maneamus,
1415 1656 1515 1696 nec
1543 1641 1608 1695 ad
1639 1640 1870 1708 priorem
1917 1646 2147 1691 mortem

561 1756 750 1797 rursus
796 1739 1123 1795 redeamus:
1157 1735 1388 1791 Christus
1437 1732 1580 1787 enim
1619 1732 1734 1802 jam
1780 1746 1881 1784 non
1934 1728 2150 1781 etaritur

566 1832 740 1897 (Rom.
766 1834 819 1889 6.
854 1832 968 1905 10).
990 1829 1143 1907 Quod
1171 1830 1325 1886 enim.
1349 1836 1591 1883 mortuus
1617 1833 1720 1888 est,
1751 1829 1969 1892 peccato
1996 1834 2143 1873 mor-

563 1932 688 1978 tuus
712 1932 793 1979 est
821 1922 1012 1988 semel,
1042 1935 1143 1976 nec
1169 1920 1283 1974 vult
1304 1932 1518 1985 semper
1546 1929 1645 1969 nos
1672 1913 1857 1982 gratiae
1883 1908 2151 1965 beneﬂcio

563 2016 789 2070 salutem
818 2012 1111 2082 consequi;
1139 2009 1340 2079 alioqui
1362 2007 1505 2061 enim
1535 2005 1776 2058 omnium
1808 2000 1959 2054 vacui
1987 1997 2149 2052 futuri

563 2119 751 2160 sumus
780 2122 795 2158 :
824 2094 890 2159 dc
918 2100 1147 2173 proinde
1175 2114 1207 2153 a
1240 2096 1403 2152 nobis
1427 2109 1643 2165 quoque
1672 2091 1871 2163 aliquid
1914 2088 2150 2145 conferri

561 2199 698 2253 vult.
732 2197 915 2266 Itaque
962 2194 1067 2249 hoc
1099 2190 1464 2255 conferamus,
1510 2196 1568 2241 ut
1610 2185 1844 2240 animam
1875 2184 2147 2239 viventem

562 2301 967 2345 conservemus.

637 2380 835 2434 Anima
855 2378 983 2441 vita,
1012 2389 1145 2445 qua.
1172 2402 1245 2414 —
1269 2370 1406 2442 Quid
1433 2379 1610 2426 autem
1640 2369 1834 2423 animm
1860 2368 1964 2422 vita
1995 2367 2085 2431 sit,
2116 2379 2148 2420 a

564 2486 794 2544 corpore
840 2470 1007 2526 disce.
1051 2466 1259 2523 Etenim
1307 2480 1502 2534 corpus
1541 2472 1657 2519 tum
1703 2463 1921 2517 demum
1970 2460 2151 2514 vivere

564 2564 762 2620 dicitur
789 2578 909 2618 eum
942 2573 1074 2615 sano
1102 2556 1333 2629 qundam
1362 2572 1550 2627 gressu
1576 2553 1775 2610 incedit
1798 2571 1811 2605 :
1834 2563 1888 2607 at
1918 2552 2005 2605 ubi
2035 2550 2150 2605 dis-

562 2656 795 2711 solutum
819 2638 981 2724 iacet,
1010 2666 1072 2707 ac
1093 2660 1421 2722 praepostere
1447 2656 1713 2712 movetur,
1739 2644 1947 2700 etiamsi
1972 2642 2151 2698 vivere

562 2759 655 2804 aut
680 2745 956 2804 ambulare
985 2744 1235 2800 videatur
1255 2784 1270 2809 ,
1319 2752 1495 2796 tamen
1526 2739 1714 2810 quavis
1740 2745 1912 2791 morte
1935 2734 2150 2805 gravior

560 2851 646 2898 est
669 2839 976 2912 huiusmodi
1004 2839 1136 2894 vita.
1168 2835 1372 2892 Eodem
1405 2834 1565 2889 modo
1592 2833 1636 2888 si
1662 2831 1792 2885 nihil
1818 2832 1933 2885 sani
1964 2830 2151 2899 loqua-

566 2942 674 3001 tur,
703 2933 796 2989 sed
826 2946 1035 2997 eorum,
1066 2930 1156 2999 qui
1188 2928 1384 2983 mentis
1413 2932 1611 2979 emota:
1638 2933 1790 2988 sunt,
1821 2920 1996 2975 verbis
2028 2928 2148 2972 uta-

562 3034 652 3080 tur
672 3066 687 3091 ,
729 3034 890 3094 atque
918 3022 1022 3077 alia
1055 3035 1151 3090 pro
1176 3020 1297 3073 aliis
1324 3024 1542 3076 cernat.
1574 3026 1762 3068 rursus
1793 3010 2151 3067 miserabilior

563 3125 648 3173 est
674 3115 762 3169 ille
782 3155 798 3179 ,
829 3130 987 3184 quam
1019 3110 1236 3166 mortui.
1268 3107 1360 3163 Sic
1387 3107 1564 3162 anima
1593 3120 1806 3175 quoque
1826 3145 1841 3167 ,
1871 3117 1991 3157 cum
2018 3100 2150 3156 nihil

564 3210 681 3263 sani
714 3207 894 3270 habet,
925 3203 1137 3261 etiamsi
1168 3201 1394 3255 viventis
1421 3199 1653 3267 speciem
1686 3195 1939 3265 praebeat,
1972 3201 2151 3245 tamen

566 3307 777 3353 mortua
806 3306 926 3350 est:
950 3310 1070 3348 eum
1101 3288 1299 3345 aurum'
1327 3306 1430 3344 non
1462 3299 1519 3344 ut
1545 3301 1765 3350 aurum,
1798 3283 1893 3338 sed
1943 3289 2017 3336 ut.
2039 3294 2152 3334 ma-

566 3402 745 3461 gnum‘
776 3385 975 3456 aliquid
1005 3399 1068 3440 ac
1096 3383 1389 3453 pretiosum
1428 3380 1636 3442 cernit;
1682 3391 1804 3431 cum
1844 3375 2014 3427 futura
2046 3384 2152 3424 non

568 3483 806 3553 cogitat,
847 3477 942 3533 sed
978 3477 1123 3531 humi
1170 3477 1375 3545 serpit;
1414 3486 1537 3530 cum
1570 3483 1666 3538 pro
1702 3465 1823 3521 aliis
1850 3464 1967 3519 alia
2000 3462 2148 3516 facit.

568 3572 725 3630 Unde
753 3568 901 3625 enim
932 3582 1032 3622 nos
1060 3567 1235 3621 anima
1278 3562 1531 3633 praeditos
1556 3573 1677 3613 esse
1705 3553 1947 3611 constat?
1975 3567 2153 3607 annon

567 3680 634 3723 es
663 3660 1009 3719 actionibus?
1037 3658 1172 3714 Cum
1210 3658 1370 3727 igitur
1412 3654 1524 3709 suis
1554 3654 1666 3721 ipsa
1706 3647 2016 3705 muneribus
2046 3662 2152 3699 non

566 3749 843 3829 fungitur,
871 3768 1051 3809 annon
1080 3760 1290 3808 mortua
1320 3748 1438 3805 est?
1469 3745 1625 3801 Verbi
1654 3744 1823 3815 gratia
1843 3782 1859 3809 ,
1886 3756 2006 3796 cum
2042 3739 2155 3794 vir-

570 3852 703 3907 tutis
726 3863 855 3905 cura
896 3861 1004 3903 non
1038 3853 1249 3901 tenetur
1272 3884 1289 3907 ,
1329 3840 1422 3895 sed
1452 3838 1591 3906 rapit
1617 3851 1680 3890 ac
1706 3834 1967 3903 ﬂagitiose
1990 3831 2153 3896 vivit,

570 3942 715 3998 unde
738 3953 933 4010 queam
958 3938 1145 3991 dicere
1169 3932 1402 3985 animam
1423 3927 1516 3981 tibi
1544 3925 1759 3981 inesse?
1784 3939 1851 3976 an
1873 3921 2013 3993 quod
2039 3937 2157 3974 am-

578 4032 734 4087 bules
752 4030 779 4083 ‘l
803 4029 875 4083 Δι
903 4026 1004 4080 hoc
1032 4025 1187 4080 bruta
1217 4021 1375 4077 etiam
1409 4018 1629 4074 habent.
1662 4016 1741 4070 An
1771 4013 1911 4084 quod
1937 4012 2066 4068 edas
2094 4025 2159 4067 ac

573 4120 767 4180 bibas?
805 4122 877 4176 At
920 4119 1023 4175 hoc
1059 4117 1296 4173 ferarum
1336 4126 1551 4185 quoque
1578 4120 1678 4166 est.
1711 4112 1793 4164 An
1823 4106 1965 4178 quod
2011 4114 2160 4161 recto

576 4229 806 4286 corpore
831 4213 925 4278 sis,
954 4227 1018 4268 ac
1044 4210 1253 4265 duobus
1279 4207 1507 4276 pedibus
1532 4202 1785 4257 insistas?
1809 4202 1877 4255 At
1901 4199 2004 4252 hoc
2030 4196 2161 4251 mihi

572 4285 757 4379 potius
799 4305 999 4360 indicat
1024 4313 1077 4358 te
1107 4299 1339 4355 belluam
1387 4295 1620 4349 humana
1653 4290 1822 4344 forma
1854 4302 1995 4341 esse.
2030 4285 2162 4339 Nam

574 4412 701 4455 cum
725 4406 923 4453 cetera
943 4394 1134 4449 eadem
1159 4388 1251 4443 tibi
1272 4402 1394 4443 cum
1418 4384 1595 4440 bellua
1620 4384 1747 4445 sint,
1767 4379 1966 4433 erectio
1986 4388 2164 4431 autem

585 4505 694 4543 non
740 4488 867 4541 item
893 4526 909 4551 ,
943 4486 1045 4538 hoc
1074 4482 1191 4553 ipso
1219 4478 1590 4535 vehementius
1618 4488 1707 4529 me
1737 4470 1920 4526 turbas
1946 4483 2010 4525 ac
2039 4485 2165 4540 per-

575 4576 1175 4645 terrefacis,magisque
1194 4580 1498 4645 portentum
1520 4568 1571 4623 id
1589 4581 1710 4622 esse
1732 4564 2001 4628 existimo,
2024 4561 2167 4630 quod

578 4685 765 4728 cerno.
810 4666 1026 4731 Etenim
1064 4665 1113 4721 si
1157 4665 1325 4719 feram
1372 4662 1603 4715 humana
1643 4657 1819 4727 lingua
1863 4653 2166 4723 loquentem

580 4775 861 4819 cernerem
886 4800 902 4826 ,
946 4771 1055 4814 non
1097 4765 1381 4828 propterea
1428 4752 1700 4807 hominem
1736 4763 1857 4804 esse
1886 4746 2119 4802 dicerem
2151 4760 2164 4797 :

585 4856 715 4925 quin
742 4852 845 4907 hoc
866 4852 987 4919 ipso
1012 4849 1232 4903 nomine
1262 4845 1441 4916 potius
1466 4845 1655 4909 ieram,
1679 4843 1791 4924 tera
1810 4837 2169 4912 prodigiosioo

587 4916 725 5003 rem.
758 4916 911 5000 Unde
940 4956 1066 5010 ergo
1092 4939 1223 4994 mihi
1251 4937 1587 5006 exploratum
1617 4916 1737 4989 esse
1761 4941 1942 5004 queat,
1977 4931 2170 4992 buma-

588 5053 713 5096 nam
739 5037 973 5092 animam
1008 5031 1103 5089 tibi
1148 5031 1323 5086 inesse
1344 5070 1360 5093 ,
1393 5042 1515 5083 cum
1545 5033 1606 5081 ut
1642 5025 1778 5081 asini
1804 5023 2083 5087 ealcitres,
2115 5028 2174 5074 ut

586 5130 778 5187 cameli
819 5141 1029 5183 memor
1060 5125 1141 5180 sis
1181 5123 1516 5192 iniuriarum,
1557 5125 1616 5173 ut
1660 5116 1768 5171 utsi
1814 5112 2087 5178 mordeas,
2116 5117 2176 5164 ut

590 5223 701 5295 lupi
731 5222 909 5292 rapias
930 5262 947 5287 ,
974 5226 1037 5271 ut
1062 5218 1249 5289 vulpes
1277 5214 1477 5271 {ureris
1502 5254 1517 5277 ,
1548 5220 1605 5266 ut
1633 5216 1912 5279 serpentes
1938 5202 2087 5259 vafer
2112 5217 2175 5257 ac

592 5294 963 5369 fraudulentus
982 5310 1078 5373 sis,
1099 5318 1157 5363 ut
1180 5308 1327 5363 cauis
1349 5302 1688 5375 impudenter
1709 5308 1762 5353 te
1785 5295 1985 5366 geras?
2009 5294 2174 5357 unde,

594 5411 835 5479 inquam,
864 5411 919 5459 te
949 5401 1179 5457 humana
1208 5402 1385 5455 anima
1425 5393 1705 5468 praeditum
1734 5405 1855 5445 esse
1882 5387 2176 5457 intelligere

596 5496 831 5571 queam?
860 5492 1034 5569 Vultis
1061 5500 1325 5547 mortuam
1353 5504 1415 5544 ac
1442 5489 1710 5543 viventem
1737 5479 1968 5535 animam
1999 5486 2179 5533 osten-

597 5568 766 5647 dam?
795 5589 873 5645 Ad
903 5594 1107 5660 priscos
1138 5583 1256 5638 illos
1285 5583 1430 5635 viros
1461 5587 1763 5633 sermonem
1792 5568 2134 5625 conferamus
2159 5605 2177 5631 ,

600 5700 683 5749 ac,
712 5684 759 5739 si
788 5681 982 5752 placet,
1010 5680 1227 5733 divitem
1260 5676 1407 5730 illum
1426 5715 1440 5741 ,
1466 5672 1555 5742 qui
1584 5665 1768 5722 Lazari
1802 5674 2043 5732 tempore
2065 5665 2181 5714 erat
2289 5669 2381 5709 eru

605 5781 757 5853 μηδ.
790 5750 915 5848 i6},
952 5775 1001 5828 in
1034 5768 1267 5827 medium
1300 5764 1663 5839 proferamus;
1693 5764 1851 5827 atque
1880 5794 1893 5823 ,
1928 5750 2177 5823 quidnam

1346 335 1403 394 S.
1444 331 1723 392 JOANNIS
1759 322 2233 386 CllRYSOSTOMl
2271 323 2589 381 ARCHIEP.
2626 324 3164 382 CONSTANTINOP.

3736 320 3836 378 υιο

2257 436 2470 493 tandem
2510 452 2658 493 mors
2692 437 2888 493 anima:
2930 422 3038 506 sit,
3085 438 3464 510 intelligemus.
3502 440 3708 497 Etenim
3750 440 3838 494 ille

2259 536 2525 583 mortuam
2551 530 2785 585 animam
2814 529 3048 586 habebat
3071 546 3087 595 ;
3112 531 3270 600 idque
3290 547 3356 587 es
3384 531 3448 587 iis
3468 547 3589 603 quae
3613 529 3837 586 iaciebat

2254 617 2462 689 liquet:
2492 635 2681 675 eorum
2722 620 2871 678 enim
2916 636 3243 690 munerum,
3287 638 3406 693 quae
3446 625 3640 679 anima:
3679 633 3833 687 sunt,

2254 712 2457 767 nullum
2483 713 2916 785 exsequebatur,
2960 713 3058 771 sed
3095 714 3270 770 solum
3297 714 3492 771 edebat
3518 731 3583 772 ae
3623 716 3838 772 bibebat

2254 816 2310 862 et
2336 807 2697 878 voluptatibus
2721 823 2939 880 operam
2965 807 3149 866 dabat.

2334 900 2377 954 l.
2412 899 2569 955 Tales
2598 916 2741 957 nunc
2778 901 2943 957 etiam
2986 910 3151 969 sunt,
3183 901 3275 973 qui
3315 899 3756 957 immisericordta
3782 911 3840 960 et

2253 988 2569 1047 crudelitate
2606 990 2852 1047 laborant
2885 1008 2900 1049 :
2931 1001 3198 1047 mortuam
3224 988 3368 1047 enim
3398 990 3454 1045 hi
3482 1004 3695 1061 quoque
3720 992 3837 1045 ani-

2253 1095 2395 1135 mam
2423 1080 2645 1150 habent,
2674 1094 2733 1139 ut
2759 1094 2815 1140 et
2844 1084 2955 1141 ille.
2986 1084 3281 1141 Universus
3305 1083 3451 1140 enim
3479 1084 3524 1139 is
3549 1084 3715 1151 calor,
3746 1085 3836 1155 qui

2254 1168 2325 1225 ab
2343 1188 2529 1230 amore
2548 1191 2671 1246 erga
2696 1178 2999 1248 proximum
3027 1186 3229 1245 manat,
3244 1177 3558 1247 absumptus
3580 1186 3683 1242 est,
3699 1177 3839 1246 ipsa-

2253 1277 2361 1331 que
2388 1266 2558 1335 magis
2581 1282 2739 1337 quam
2762 1268 3008 1326 exanime
3029 1284 3224 1340 corpus
3251 1278 3459 1325 mortua
3486 1276 3589 1323 est.
3615 1270 3686 1322 At
3713 1283 3842 1337 pan.

2257 1370 2358 1428 per
2400 1373 2507 1414 non
2553 1360 2667 1426 ita;
2708 1361 2802 1417 sed
2841 1361 2896 1417 in
2935 1363 3047 1433 ipsa
3092 1363 3449 1434 philosophia:
3493 1376 3618 1422 arce
3664 1368 3836 1426 stans,

2253 1448 2499 1507 elucebat
2524 1471 2539 1507 :
2567 1462 2623 1509 et
2650 1456 2894 1524 quamvis
2932 1465 3191 1526 perpetua
3223 1456 3363 1511 fame
3391 1453 3796 1510 conﬂictaretur
3816 1493 3836 1519 ,

2252 1558 2317 1599 ac
2337 1559 2405 1600 ne
2428 1546 2763 1603 necessarius
2783 1547 2996 1618 quidem
3012 1548 3165 1607 cibus
3184 1548 3285 1619 ipsi
3309 1555 3639 1618 suppeteret,
3658 1554 3837 1602 tamen

2253 1652 2323 1694 ne
2348 1640 2428 1694 sic
2455 1639 2671 1710 quidem
2717 1641 3016 1711 blasphemi
3046 1642 3333 1713 quidquam
3378 1641 3639 1696 adversus
3669 1641 3839 1695 Deum

2253 1729 2506 1799 loquutus
2547 1739 2632 1786 est
2652 1772 2669 1797 ,
2702 1732 2797 1787 sed
2823 1733 3001 1788 omnia
3045 1747 3309 1804 generoso
3345 1734 3530 1787 animo
3558 1734 3694 1787 tulit.
3726 1732 3843 1787 lloc

2256 1833 2419 1888 porro
2443 1834 2550 1875 non
2579 1835 2802 1890 parvum
2828 1823 3021 1878 anima
3048 1812 3184 1894 opus
3210 1832 3313 1887 est,
3341 1822 3436 1878 sed
3464 1823 3758 1878 maximum
3784 1830 3845 1878 et

2254 1921 2543 1964 nervorum
2572 1919 2626 1965 et
2651 1911 2897 1965 sanitatis
2925 1922 3321 1983 argumentum.
3351 1913 3483 1968 Cum
3512 1921 3690 1968 autem
3722 1911 3843 1969 hac

2254 1995 2667 2066 desiderantur,
2701 2000 2870 2070 liquet
2914 2000 3038 2057 ideo
3063 2017 3125 2057 ea
3157 2002 3460 2068 interiisse,
3506 2004 3627 2074 quia
3659 2005 3846 2059 anima

2254 2097 2465 2170 mortua
2495 2090 2583 2143 sit.
2612 2092 2804 2146 Annon
2827 2101 3091 2147 mortuam
3114 2094 3347 2149 animam
3371 2095 3514 2148 illam
3539 2106 3663 2149 esse
3684 2093 3842 2150 dice-

2256 2194 2393 2242 mus,
2422 2194 2582 2248 quam
2605 2181 2807 2235 invadit
2827 2180 3091 2251 diabolus,
3118 2182 3339 2249 feriens,
3368 2185 3665 2251 lancinaos,
3687 2199 3845 2239 mor-

2254 2271 2390 2327 dens
2414 2312 2431 2339 ,
2476 2273 2713 2329 calcibus
2761 2275 3067 2345 impetens,
3097 2291 3207 2330 nec
3239 2286 3417 2332 tamen
3455 2291 3517 2331 ea
3544 2276 3845 2346 quidquam

2255 2365 2445 2421 borum
2476 2366 2678 2433 sentit,
2707 2367 2802 2423 sed
2832 2378 3041 2423 mortua
3062 2368 3204 2438 iacet
3223 2410 3238 2434 ,
3271 2384 3401 2434 nec,
3432 2384 3553 2425 cum
3582 2370 3680 2438 ipsi
3705 2384 3847 2439 opes

2254 2474 2367 2515 sua:
2396 2460 2703 2516 adimuntur
2725 2503 2741 2529 ,
2774 2459 2920 2516 dolet
2952 2478 2965 2516 :
2996 2476 3185 2516 verum
3215 2461 3305 2518 ille
3332 2460 3547 2531 quidem
3577 2460 3799 2515 insultat
3824 2503 3843 2525 ,

2254 2548 2371 2606 haec
2394 2560 2569 2605 autem
2596 2551 2885 2607 immobilis
2909 2562 3107 2618 manet,
3132 2562 3188 2608 et
3212 2553 3379 2607 instar
3398 2552 3641 2622 corporis
3661 2552 3846 2606 anima

2254 2641 2425 2696 orbati
2453 2641 2602 2697 nullo
2628 2656 2789 2697 sensu
2819 2641 3087 2698 afﬁcitur?
3110 2642 3242 2697 Nam
3272 2656 3393 2697 eum
3424 2640 3518 2696 Dei
3547 2641 3709 2695 timor
3738 2656 3849 2695 una

2254 2748 2375 2789 cum
2422 2748 2550 2789 cura
2590 2748 2652 2787 ac
2694 2734 2965 2804 diligentia
3010 2750 3117 2789 non
3165 2733 3346 2798 adest,
3380 2733 3539 2787 talem
3573 2747 3692 2789 eam
3720 2746 3850 2804 esse

2256 2843 2478 2884 necesse
2502 2837 2584 2884 est
2604 2870 2619 2893 ,
2648 2842 2711 2882 ac
2740 2828 2965 2882 mortuis
2993 2825 3346 2881 miseriorem.
3387 2822 3571 2893 Neque
3610 2822 3758 2877 enim
3790 2800 3847 2875 in

2260 2920 2466 2974 saniem
2499 2928 2553 2973 et
2577 2920 2810 2974 cinerem
2839 2934 2902 2972 ac
2928 2918 3222 2987 pulverem,
3246 2914 3488 2984 corporis
3514 2914 3568 2969 in
3596 2913 3847 2977 modum,

2255 3010 2430 3064 anima
2453 3008 2725 3073 dilabitur,
2751 3007 2845 3063 sed
2872 3008 2925 3061 in
2949 3022 3035 3071 ea,
3061 3021 3179 3076 qua:
3204 3005 3287 3060 his
3312 3003 3577 3059 fmtidiora
3606 3012 3757 3067 sunt,
3791 3002 3849 3054 in

2256 3101 2571 3156 ebrietatem
2593 3140 2607 3164 ,
2636 3100 2689 3152 in
2717 3098 2996 3151 avaritiam
3019 3138 3034 3160 ,
3068 3095 3121 3151 in
3150 3096 3411 3151 absurdos
3436 3109 3651 3149 amores
3678 3103 3737 3149 et
3766 3094 3853 3147 in-

2261 3189 2606 3257 tempestivas
2632 3188 2972 3256 cupiditates.
3002 3185 3156 3251 Quod
3187 3187 3230 3239 si
3263 3186 3429 3256 ipsius
3454 3186 3698 3240 faetorem
3728 3199 3849 3239 cer-

2262 3284 2367 3335 tins
2397 3279 2589 3334 intueri
2616 3279 2769 3347 cupis
2792 3318 2807 3343 ,
2847 3277 2915 3331 da
2944 3275 3072 3330 mihi
3105 3290 3291 3345 puram
3334 3275 3566 3329 animam
3591 3315 3607 3341 ,
3639 3288 3702 3328 ac
3733 3285 3851 3327 tum

2262 3371 2540 3442 perspicue
2561 3384 2751 3424 cernes
2771 3383 2931 3439 quam
2960 3365 3141 3421 fmtida
3161 3366 3231 3421 sit
3252 3365 3418 3434 turpis
3434 3363 3520 3419 illa
3541 3373 3597 3419 et
3612 3363 3851 3433 impura.

2259 3462 2412 3517 Nunc
2437 3461 2578 3516 enim
2607 3459 2657 3514 id
2676 3460 2895 3514 minime
2917 3458 3228 3529 perspicere
3249 3456 3479 3526 poteris;
3509 3470 3628 3509 nam
3651 3469 3855 3525 quam-

2259 3556 2351 3610 diu
2392 3554 2566 3611 fmtori
2596 3554 2795 3608 assueti
2826 3566 3011 3606 sumus
3032 3593 3047 3617 ,
3100 3550 3151 3605 id
3184 3564 3291 3605 non
3318 3548 3579 3605 sentimus
3605 3566 3619 3602 :
3643 3557 3698 3601 at
3722 3563 3852 3602 eum

2260 3649 2624 3721 spiritualibus
2667 3645 3007 3702 sermonibus
3046 3644 3239 3699 alimur
3262 3681 3279 3704 ,
3326 3651 3454 3697 tunc
3484 3640 3683 3695 malum
3712 3638 3854 3694 illud

2259 3741 2600 3811 agnoscimus
2618 3783 2634 3806 ,
2660 3737 2870 3792 etiamsi
2896 3733 3175 3806 permultis
3196 3731 3503 3787 indili‘erens
3523 3744 3643 3786 esse
3666 3729 3857 3785 videa-

2263 3841 2371 3887 tur.
2406 3835 2482 3888 Ac
2519 3832 2588 3887 de
2629 3829 2873 3901 geltenna
2923 3824 3431 3897 nondum.loqpor;
3470 3821 3564 3875 sed
3606 3820 3652 3873 si
3703 3820 3857 3875 lubet

2264 3923 2543 3994 praesentia
2566 3914 2954 3991 expendamus,
2977 3928 3080 3969 nec
3100 3927 3221 3968 eum
3246 3912 3337 3981 qui
3360 3908 3529 3978 turpia
3550 3916 3854 3977 perpetrat,

2265 4014 2360 4071 sed
2402 4029 2525 4069 eum
2570 4011 2661 4078 qui
2705 4008 2877 4076 turpia
2922 4003 3191 4072 loquitur,
3221 3999 3658 4061 consideremus,
3688 4012 3853 4067 quam

2266 4104 2527 4159 ridiculus
2554 4100 2646 4165 sit,
2678 4111 2948 4168 quamque
2975 4107 3095 4152 sese
3123 4091 3354 4163 primum
3382 4086 3704 4146 contumelia
3736 4085 3855 4141 afﬁ-

2267 4195 2393 4258 ciat,
2424 4200 2605 4261 atque,
2637 4197 2696 4242 ut
2720 4186 2809 4258 qui
2837 4200 3049 4242 omnum
3075 4182 3291 4255 aliquod
3314 4196 3380 4237 ex
3407 4195 3502 4236 ore
3528 4179 3749 4245 emittit,
3776 4178 3854 4231 sic

2269 4298 2331 4339 se
2368 4283 2480 4352 ipse
2507 4278 2855 4335 contaminet.
2885 4276 3099 4332 Etenim
3127 4276 3174 4331 si
3201 4274 3365 4329 (lusio
3392 4286 3560 4342 usque
3584 4270 3721 4324 adeo
3751 4270 3850 4339 im-

2273 4388 2403 4444 pura
2431 4382 2535 4437 est,
2561 4371 2756 4441 cogita,
2786 4382 2970 4440 quaeso
2988 4408 3005 4434 ,
3032 4364 3207 4436 qualis
3237 4360 3395 4432 huius
3418 4360 3560 4416 C(Blli
3584 4357 3856 4423 scaturigo

2272 4467 2341 4520 sit
2366 4484 2377 4518 :
2405 4464 2488 4519 Ex
2508 4463 2819 4517 abundantia
2840 4462 2974 4514 enim
3000 4457 3252 4512 cordisos
3277 4454 3499 4523 loquitur
3526 4447 3739 4521 (Matth.
3766 4447 3855 4501 η.

2272 4556 2386 4627 54).
2414 4556 2530 4627 Ego
2554 4571 2684 4610 vero
2726 4567 2831 4608 non
2877 4551 2979 4605 hoc
3021 4556 3227 4602 tantum
3271 4542 3489 4597 nomine
3534 4538 3724 4627 lugeo,
3757 4536 3861 4591 sed

2274 4625 2416 4715 quod
2443 4625 2582 4716 apud
2612 4642 2899 4699 nonnullos
2926 4655 2993 4695 ne
3016 4647 3170 4705 turpe
3190 4632 3404 4703 quidem
3425 4628 3565 4683 istud
3590 4625 3860 4682 videatur.

2277 4738 2410 4793 Hine
2440 4737 2577 4791 mala
2606 4736 2784 4791 omnia
2813 4735 3201 4788 incrementum
3229 4723 3466 4793 capiunt,
3496 4733 3619 4773 cum
3646 4728 3700 4773 et
3727 4733 3866 4789 pee~

2277 4842 2483 4894 camus,
2513 4842 2613 4882 nec
2643 4836 2819 4881 tamen
2847 4834 3071 4895 peccare
3098 4812 3385 4891 nobisipsis
3413 4808 3675 4865 videmur.

2355 4918 2597 4972 Obsctena
2620 4917 2756 4985 loqui
2774 4922 3016 4986 quantum
3037 4905 3248 4962 malum.
3271 4932 3343 4947 —-
3356 4902 3520 4958 Visne
3541 4901 3697 4973 igitur
3716 4900 3872 4955 scire

2279 5019 2533 5080 quantum
2565 5008 2762 5064 malum
2792 5006 2861 5060 sit
2892 5000 3067 5070 turpia
3098 4994 3286 5066 loqui?
3310 4993 3692 5050 Animadverte
3720 5006 3874 5062 quo-

2282 5100 2442 5157 modo
2468 5115 2563 5156 eos
2581 5141 2595 5165 ,
2625 5097 2717 5168 qui
2744 5104 2798 5152 te
2824 5092 3046 5149 audiunt
3068 5126 3084 5153 ,
3115 5083 3483 5141 obscenitatis
3512 5092 3615 5138 tua:
3641 5081 3876 5152 pudeat.

2282 5192 2415 5261 Quid
2435 5194 2576 5245 enim
2606 5189 2781 5249 vilius,
2802 5180 2928 5254 quid
2949 5176 3309 5245 contemptius
3337 5174 3553 5230 homine
3579 5171 3755 5261 turpia
3784 5169 3878 5243 lo-

2283 5260 2514 5353 quente?
2539 5280 2670 5336 Nam
2698 5277 2787 5347 qui
2817 5272 2958 5327 tales.
2980 5274 3103 5323 sunt
3125 5307 3142 5333 ,
3173 5265 3225 5321 in
3254 5264 3573 5320 histrionum
3593 5260 3833 5316 classem
3857 5301 3878 5323 ,

2286 5350 2444 5444 atque
2472 5374 2522 5425 in
2555 5368 2853 5440 prostitutae
2881 5356 3150 5429 pudicitiae
3172 5355 3454 5411 mulierum
3479 5350 3723 5407 ordinem
3745 5360 3884 5401 sese

2285 5437 2611 5523 contrudunt
2631 5480 2644 5515 :
2665 5461 2777 5516 imo
2796 5455 2957 5511 etiam
2979 5450 3099 5521 plus
3119 5449 3247 5515 illis,
3270 5462 3428 5518 quam
3453 5443 3625 5507 vobis,
3645 5437 3887 5509 pudoris

2288 5560 2445 5614 inest.
2473 5556 2714 5621 Quonam
2758 5554 2934 5600 autem
2976 5541 3136 5595 modo
3182 5551 3403 5593 uxorem
3447 5533 3514 5589 ad
3556 5524 3890 5600 pudicitiam

2385 5619 2513 5707 dire
2527 5658 2714 5719 queas,
2737 5654 2857 5695 cum
2882 5652 2975 5708 per
3002 5632 3304 5705 huiusmodi
3327 5628 3487 5684 verba
3507 5636 3625 5680 eam
3650 5619 3718 5721 ad
3751 5620 3893 5677 libi-
