4028 6222
288 432 387 491 ιιι

288 556 452 615 quam
480 537 702 596 verbum
731 536 1071 594 obscmoum.
1102 531 1182 592 Ae
1206 548 1373 598 nunc.
1398 535 1446 589 si
1472 531 1661 590 fmteat
1688 547 1771 600 os,
1804 548 1876 589 ne

295 632 364 687 ad
392 642 707 686 communes
742 626 963 699 quidem
990 625 1143 682 cihos
1167 623 1501 688 admitterls,
1540 638 1665 680 cum
1691 632 1873 679 autem

287 723 468 778 anima
489 734 661 791 usque
677 718 813 774 adeo
834 716 1040 782 fteteat,
1057 714 1191 771 heus
1211 723 1290 780 tu,
1315 714 1571 786 mysteria
1592 714 1870 784 percipere

289 830 400 869 non
435 811 694 868 dubitas?
727 811 806 867 Ac
829 810 876 864 si
900 807 1096 879 aliquis
1136 819 1233 862 vas
1272 805 1538 875 impurum
1565 806 1873 876 acciperet,

287 915 451 974 atque
472 903 525 957 in
547 916 731 957 mensa
755 911 843 955 tua
866 898 1173 959 collocaret,
1198 894 1427 951 fustibus
1445 910 1659 966 quoque
1676 909 1876 951 cursum

289 995 444 1049 illum
473 995 721 1064 exigeres
745 1010 757 1044 :
785 1000 841 1045 tn
864 1003 996 1044 vero
1013 988 1179 1043 Deum
1202 985 1409 1042 habens
1426 986 1480 1041 in
1503 1000 1688 1041 mensa
1709 985 1878 1056 ipsius

289 1090 501 1151 (mensa
526 1083 669 1136 enim
698 1080 867 1151 ipsius
906 1092 971 1133 os
1018 1085 1261 1132 nostrum
1291 1083 1395 1140 est,
1426 1090 1547 1130 cum
1583 1074 1875 1145 gratiarum

289 1174 508 1244 plenum
535 1175 665 1243 est),
684 1171 873 1241 quovis
899 1169 1110 1238 impuro
1130 1182 1257 1223 vase
1277 1166 1690 1223 exsecrabiliora
1715 1166 1878 1221 verba

290 1266 603 1335 proferens,
632 1277 818 1334 quasso
862 1271 913 1316 te
935 1302 949 1324 ,
996 1275 1105 1315 non
1144 1272 1269 1315 eum
1295 1256 1361 1313 ad
1399 1257 1727 1313 iracundiam
1755 1270 1881 1327 pro-

287 1371 484 1412 vocare
512 1355 705 1424 putas?
732 1364 788 1423 et
812 1352 900 1423 qui
922 1351 1028 1406 hoc
1050 1349 1165 1405 ﬁeri
1187 1348 1383 1419 queat?
1400 1347 1542 1403 Nihil
1562 1347 1706 1403 enim
1724 1362 1882 1418 atque

287 1456 533 1503 sanctum
562 1445 712 1501 illum
739 1458 804 1497 ac
832 1455 1027 1511 purum
1065 1438 1353 1494 exacerbat
1377 1476 1395 1502 ,
1439 1445 1498 1492 ut
1530 1436 1696 1492 verba
1719 1436 1838 1491 haec
1859 1478 1875 1492 .

291 1528 428 1584 nihil
476 1528 548 1582 ita
578 1523 897 1581 temerarios
925 1532 981 1577 et
1010 1520 1353 1590 impudentes
1382 1518 1630 1573 homines
1659 1517 1877 1586 reddit,

287 1630 347 1675 ut
380 1615 688 1689 huiusmodi
716 1614 879 1669 verba
911 1612 1057 1681 loqui
1086 1619 1141 1665 et
1167 1609 1393 1664 audire:
1418 1607 1553 1663 nihil
1592 1622 1747 1679 asque
1774 1623 1876 1678 pu-

284 1710 486 1765 dicitiae
516 1722 712 1763 nervos
741 1703 1008 1774 refringit.
1030 1711 1092 1757 ut
1113 1700 1348 1764 ﬂamma,
1366 1714 1488 1769 quas
1514 1713 1609 1771 per
1634 1713 1702 1754 ea
1726 1699 1877 1757 exci-

292 1810 455 1856 tatur.
486 1798 628 1855 Deus
658 1803 988 1867 unguentum
1018 1793 1100 1848 ori
1142 1801 1237 1845 tuo
1282 1789 1568 1859 imposuit;
1610 1797 1704 1845 tuo
1747 1804 1881 1847 vero

290 1892 555 1949 cadavere
582 1887 852 1944 fmtidiora
885 1883 1047 1940 verba
1077 1882 1131 1937 in
1160 1896 1230 1937 eo
1259 1880 1544 1945 recondis,
1575 1889 1737 1951 atque
1763 1880 1879 1935 ani~

290 2001 436 2043 mam
481 1975 648 2057 ipszim
693 1979 895 2037 occidis
939 1987 995 2032 et
1040 1974 1369 2031 immobilem
1418 1971 1620 2027 reddis.
1667 1971 1877 2028 Etenim

290 2094 413 2134 cum
439 2077 673 2147 aliquem
700 2070 1023 2129 contumelia
1052 2067 1244 2131 amcis,
1274 2065 1377 2121 hoc
1404 2079 1510 2118 non
1538 2064 1755 2130 animm,
1781 2062 1878 2119 sed

292 2168 587 2225 iracundiae
612 2182 717 2219 vox
744 2173 860 2229 est;
890 2176 1015 2217 cum
1042 2159 1297 2215 obscaena
1329 2156 1585 2225 loqueris.
1616 2171 1721 2210 non
1749 2155 1837 2210 illa
1859 2195 1879 2220 ,

292 2260 389 2316 sed
426 2259 593 2315 libido
618 2257 835 2326 loquuta
864 2262 984 2318 est;
1015 2265 1139 2307 cum
1166 2248 1460 2312 obtrectas,
1493 2246 1686 2300 invidia
1711 2262 1727 2311 ;
1755 2262 1877 2302 cum

293 2349 515 2406 insidias
544 2347 731 2415 struis,
762 2343 1009 2400 avaritia.
1040 2341 1168 2396 Haec
1195 2338 1339 2394 enim
1368 2351 1478 2392 non
1507 2337 1701 2391 animat
1730 2345 1876 2403 sunt,

288 2443 389 2499 sed
410 2440 871 2513 perturbationum
890 2435 1060 2504 ipsius
1078 2448 1142 2487 ac
1164 2430 1495 2485 morborum.
1515 2426 1879 2497 Quemadmo-

289 2534 420 2587 dum
449 2531 594 2588 enim
621 2526 938 2597 corrumpi,
972 2538 1078 2577 non
1117 2518 1432 2587 simpliciter
1470 2517 1715 2582 corporis
1750 2527 1874 2583 est,

1314 415 1382 476 IN
1417 415 1631 476 EPIST.
1670 416 1714 473 Il
1776 414 1870 472 AD
1903 413 2060 473 COB.
2099 414 2331 473 ηυιιιιη
2374 413 2485 471 VII.

3461 410 3572 468 ιη

1987 535 2086 588 sed
2115 535 2305 589 mortis
2330 542 2386 589 et
2412 531 2525 588 vitil
2548 529 2695 603 quod
2721 529 2776 586 in
2798 542 3029 599 corpore
3042 538 3167 586 est:
3188 538 3380 586 eodem
3412 539 3572 584 modo

1986 621 2087 677 ista
2123 637 2337 693 quoque
2360 663 2378 688 .
2421 620 2836 677 adventitiarnm
2880 619 3077 676 animat
3107 621 3570 691 perturbationum

1983 719 2129 767 sunt.
2158 711 2294 768 Nam
2322 713 2368 769 si
2395 714 2626 769 viventis
2649 713 2843 767 animm
2873 726 3057 768 vocem
3084 711 3271 767 audire
3295 712 3381 766 vis
3401 753 3416 777 ,
3448 710 3573 766 audi

1986 801 2210 858 Paulum
2236 803 2505 861 dicentem
2532 824 2546 861 :
2573 803 2829 859 Habentes
2854 804 3092 857 alimenta
3108 845 3122 865 ,
3152 814 3201 859 et
3224 804 3407 873 quibus
3429 813 3573 874 tega-

1982 908 2099 946 ntur
2120 933 2135 957 ,
2161 893 2244 948 Itis
2269 894 2497 949 contenti
2522 912 2699 949 sumus
2736 894 2814 968 (l.
2847 893 2979 949 Tim.
3008 895 3061 951 5.
3090 896 3185 967 8);
3217 906 3305 961 et,
3337 895 3575 962 Questus

1985 1000 2202 1055 magnus
2227 996 2302 1041 est
2329 987 2492 1058 pietas
2518 985 2684 1059 (Ibid.
2710 1002 2760 1040 tl.
2792 987 2849 1058 6)
2876 1003 2895 1053 ;
2925 996 3004 1055 et,
3031 987 3182 1055 Mihi,
3214 989 3435 1042 mundus
3456 1002 3571 1041 cru-

1983 1078 2171 1148 cifixus
2198 1090 2309 1146 est,
2340 1089 2390 1134 et
2413 1095 2507 1151 ego
2534 1080 2724 1133 mundo
2753 1078 2899 1149 (Gal.
2945 1079 3000 1135 6.
3044 1080 3161 1151 14).
3191 1080 3330 1135 Audi
3357 1079 3573 1134 Petrum

1984 1166 2275 1236 dicentem,
2295 1172 2575 1242 Argentum
2593 1180 2644 1225 et
2661 1186 2845 1225 aurum
2864 1179 3056 1225 nonest
3076 1171 3202 1225 mihi
3220 1185 3239 1234 ;
3256 1171 3391 1242 quod
3410 1179 3576 1224 autem

1986 1260 2181 1329 habeo,
2209 1262 2426 1318 hoc'tibi
2450 1262 2519 1317 do
2545 1260 2686 1336 (Act.
2715 1262 2769 1318 3.
2796 1261 2854 1332 6)
2878 1278 2893 1315 :
2916 1261 3039 1316 audi
3064 1260 3168 1318 Job
3192 1263 3391 1332 gratias
3415 1278 3577 1331 εδει)-

1984 1362 2093 1408 tem
2138 1368 2204 1410 ac
2240 1353 2549 1422 dicentem,
2579 1354 2832 1410 Dominus
2871 1352 3048 1419 dedit,
3084 1352 3336 1408 Dominus
3369 1354 3578 1407 abstulit

1983 1442 2133 1514 (Job
2160 1443 2215 1501 l.
2256 1444 2371 1515 21).
2404 1444 2534 1501 Haec
2569 1444 2797 1500 viventis
2839 1443 3032 1499 anima:
3073 1442 3239 1498 verba
3268 1453 3427 1508 sunt,
3458 1442 3575 1497 hare

1982 1550 2135 1589 suam
2158 1535 2265 1590 vim
2291 1538 2609 1592 asserentis.
2637 1536 2728 1593 Sic
2752 1534 2919 1592 Jacoh
2944 1536 3110 1591 etiam
3137 1534 3370 1603 dicebat,
3397 1535 3459 1590 Si
3486 1536 3575 1590 de-

1982 1623 2113 1677 derit
2139 1624 2265 1678 mihi
2291 1623 2540 1679 Dominus
2574 1642 2759 1695 panem
2777 1625 2848 1680 ad
2871 1625 3281 1681 manducandum
3299 1666 3315 1690 ,
3354 1635 3401 1679 et
3429 1627 3576 1680 vesti-

1981 1724 2207 1769 mentum
2235 1714 2303 1768 ad
2339 1714 2669 1783 induendum.
2686 1714 2838 1787 (Gen.
2868 1716 2962 1772 28.
2993 1717 3089 1789 20)
3117 1734 3131 1772 :
3157 1717 3237 1773 sic
3262 1726 3320 1773 et
3346 1716 3573 1787 Ioseph,

1985 1804 2100 1872 Quo
2119 1813 2267 1875 pacto
2293 1805 2482 1875 faciam
2505 1806 2708 1860 verbum
2728 1806 2825 1860 ltoc
2847 1806 3064 1871 malum,
3094 1817 3143 1861 et
3166 1810 3381 1877 peccabo
3404 1825 3575 1864 coram

1982 1892 2095 1949 Deo
2125 1893 2287 1963 (Ibid.
2318 1894 2408 1951 39.
2439 1894 2537 1966 9)?
2567 1896 2632 1950 At
2663 1910 2771 1950 non
2793 1894 3017 1965 perinde
3050 1894 3277 1951 barbara
3316 1899 3404 1953 illa
3429 1939 3445 1965 ,
3475 1899 3573 1955 sed

1986 1986 2137 2042 velut
2159 1987 2310 2043 ebria
2339 2002 2403 2044 ac
2426 1987 2688 2054 delirans,
2717 1988 2787 2045 ita
2816 1987 3134 2057 loquebatur
3155 1988 3365 2058 dicens,
3392 1990 3575 2048 Donni

1983 2093 2179 2131 mecum
2205 2076 2365 2147 (Ibid.
2395 2094 2455 2132 υ.
2477 2077 2555 2149 7).
2602 2077 2728 2132 llaec
2758 2078 2917 2148 igitur
2951 2093 3074 2133 cum
3112 2079 3422 2134 noverimus
3444 2119 3463 2145 ,
3490 2080 3572 2134 vi-

1982 2178 2198 2224 ventem
2225 2169 2461 2223 animam
2495 2169 2850 2236 aemulemur,
2890 2177 3154 2224 mortuam
3184 2168 3449 2239 fugiamus
3470 2210 3491 2237 ,
3520 2181 3578 2226 ut

1984 2254 2214 2312 futuram
2245 2273 2459 2329 quoque
2484 2258 2653 2314 vitam
2693 2271 3094 2329 consequamur
3125 2276 3139 2312 :
3170 2275 3334 2328 quam
3366 2261 3572 2316 utinam

1982 2349 2143 2405 nobis
2185 2350 2439 2405 omnibus
2480 2351 2737 2421 consequi
2779 2350 3077 2420 contingat,
3116 2365 3211 2421 per
3252 2352 3477 2422 gratiam
3521 2362 3577 2408 et

1984 2439 2392 2510 benignitatem,
2419 2450 2524 2496 etc.

299 2639 3563 2669 MM

1680 2701 2029 2766 HOMILIA
2072 2705 2213 2768 VII.

288 2856 494 2914 09.3.
515 2869 571 2908 v.
615 2851 669 2904 7.
698 2847 851 2915 Quod
890 2846 934 2902 si
967 2843 1277 2899 ministratio
1322 2844 1500 2897 mortis
1529 2842 1685 2898 literis
1722 2843 1879 2911 effor-

369 2955 507 3000 mota
545 2944 598 2997 in
625 2940 905 3011 lapidibus,
932 2937 1030 3006 fuit
1058 2937 1112 2990 in
1152 2936 1339 3005 gloria,
1364 2934 1438 2987 ita
1464 2944 1519 2987 ut
1557 2952 1659 2988 non
1684 2946 1884 3005 possent

366 3040 464 3109 ﬁlii
487 3032 651 3090 Israel
680 3031 941 3086 intendere
966 3031 1021 3082 in
1050 3027 1234 3097 faciem
1278 3024 1495 3096 Hogsis,
1524 3036 1731 3096 propter
1765 3028 1884 3097 ςιο-

365 3130 497 3184 riam
523 3126 693 3180 uultus
733 3122 866 3193 ejus,
908 3134 1022 3190 qua
1060 3126 1374 3172 evacuatur:
1400 3114 1457 3170 8.
1502 3116 1755 3186 quomodo
1783 3134 1886 3172 non

364 3220 529 3290 magis
553 3213 859 3271 ministratio
887 3211 1098 3277 spiritus
1122 3209 1217 3263 erit
1244 3208 1299 3261 in
1325 3207 1490 3278 gloria
1505 3207 1531 3261 ?

368 3312 423 3366 ι.
457 3310 676 3364 Dixerat
703 3302 847 3375 quod
877 3302 1040 3358 Mosis
1088 3299 1285 3356 tabulas
1331 3297 1559 3369 lapideae
1598 3307 1802 3365 essent,
1830 3308 1887 3354 ut

291 3403 459 3457 etiam
484 3398 627 3471 quod
648 3397 832 3452 literas
857 3391 1143 3456 haberent,
1167 3399 1224 3444 et
1247 3388 1391 3459 quod
1422 3389 1666 3444 carnales
1683 3399 1881 3456 essent,

293 3489 661 3561 apostolorum
683 3484 872 3548 corda,
890 3491 946 3537 et
967 3480 1158 3550 spiritu
1181 3477 1470 3549 descripta,
1498 3487 1553 3533 et
1572 3479 1711 3547 quod
1735 3479 1887 3534 litera

294 3579 592 3641 occideret,
623 3573 843 3643 spiritus
885 3578 1066 3624 autem
1110 3566 1431 3623 vivificaret.
1461 3567 1753 3638 Supererat
1776 3571 1886 3641 jam

298 3671 426 3725 huic
467 3661 858 3735 comparationi
887 3658 1031 3715 aliud
1062 3674 1171 3713 non
1213 3657 1481 3712 modicum
1503 3658 1887 3726 adjiciendum,

298 3774 492 3828 nempe
542 3756 704 3811 Hosis
750 3752 921 3823 gloria
951 3767 966 3805 :
996 3764 1158 3821 quam
1204 3747 1425 3818 quidem
1474 3762 1634 3801 nemo
1682 3746 1786 3801 hoc
1833 3748 1885 3801 in

299 3852 449 3909 Novo
478 3848 822 3904 Testamento
849 3839 1129 3912 corporeis
1157 3836 1327 3893 oculis
1356 3834 1507 3891 vidit.
1541 3834 1695 3891 Unde
1723 3836 1885 3891 etiam

298 3958 491 4014 magna
521 3937 825 4001 videbatur,
853 3933 1106 4006 quoniam
1135 3928 1304 4000 gloria
1330 3943 1393 3983 ea
1423 3927 1525 3983 sub
1558 3942 1776 3983 sensum
1798 3941 1888 3981 ca-

298 4035 503 4091 debat:
545 4029 791 4100 corporis
843 4026 988 4083 enim
1038 4023 1209 4079 oculis
1256 4020 1600 4087 cernebatur,
1650 4020 1774 4075 licet
1817 4019 1886 4083 ad

298 4143 418 4184 eam
460 4124 720 4181 accedere
749 4134 910 4175 nemo
940 4126 1144 4189 posset,
1183 4130 1304 4171 cum
1333 4122 1521 4169 contra
1546 4114 1714 4185 gloria
1752 4112 1886 4167 Novi

299 4214 635 4277 Testamenti
682 4212 963 4268 intellectu
1002 4214 1343 4263 cerneretur.
1375 4205 1561 4275 Neque
1604 4206 1746 4259 enim
1786 4204 1886 4258 im-

299 4305 670 4367 becillioribus
712 4301 993 4372 perspicua
1030 4305 1117 4352 est
1156 4295 1459 4365 hujusmodi
1512 4293 1885 4363 praecellentia

296 4396 534 4470 cognitio
559 4410 576 4460 ;
621 4406 807 4448 verum
833 4388 1001 4459 gloria
1029 4387 1117 4441 illa
1145 4385 1316 4455 magis
1341 4398 1436 4438 eos
1472 4383 1781 4449 attollebat,
1803 4392 1884 4437 at-

296 4505 405 4561 que
431 4487 499 4543 ad
526 4502 585 4541 se
611 4480 986 4541 convertebat.
1010 4475 1272 4545 Quoniam
1298 4475 1462 4543 igitur
1498 4474 1555 4528 in
1582 4473 1884 4544 hnjnsmodl

294 4578 755 4653 comparationem
794 4568 1075 4637 inciderat,
1104 4578 1265 4638 atque
1290 4574 1548 4636 quantum
1586 4565 1702 4620 haec
1740 4565 1883 4621 illam

295 4669 587 4728 antecellat
628 4667 1005 4724 demonstrare
1042 4657 1313 4722 studebat,
1347 4654 1508 4726 idque
1544 4663 1765 4726 propter
1788 4672 1886 4711 an-

299 4764 532 4819 ditorum
560 4758 865 4816 crassitietn
890 4752 1109 4810 difficile
1140 4759 1293 4814 erat;
1326 4749 1448 4803 vide
1473 4748 1599 4818 quid
1628 4748 1805 4815 faciat,
1830 4758 1886 4805 et

293 4868 403 4925 qua
422 4859 541 4907 arte
576 4850 628 4905 id
654 4849 907 4904 moliatur
934 4865 947 4902 :
981 4844 1155 4917 primo
1184 4840 1441 4904 rationes,
1469 4856 1532 4895 ex
1555 4842 1747 4911 quibus
1775 4842 1886 4897 dis-

294 4946 501 5003 crimen
546 4951 907 5012 agnoscatur,
958 4937 1248 4996 inducens.
1298 4946 1497 4999 easque
1544 4948 1610 4987 ex
1661 4933 1732 4989 iis
1764 4948 1883 5003 qua

295 5046 423 5093 ante
445 5035 654 5091 dixerat
687 5041 1005 5087 contexens.
1038 5029 1171 5085 Nam
1218 5024 1265 5081 si
1306 5024 1397 5079 illa
1447 5027 1657 5089 mortis,
1689 5027 1879 5097 inquit,

298 5131 415 5185 lucc
460 5135 641 5181 autem
672 5124 798 5177 vita:
826 5121 1152 5176 ministratio
1178 5126 1297 5182 est;
1341 5114 1562 5170 dubium
1609 5131 1731 5170 esse
1773 5132 1881 5171 non

296 5229 499 5295 potest,
523 5217 651 5287 quin
674 5214 790 5270 haec
809 5228 1022 5284 quoque
1048 5210 1215 5283 gloria
1246 5208 1390 5263 illam
1420 5205 1725 5260 antecellat.
1748 5207 1881 5274 Quia

291 5313 439 5370 enim
487 5307 665 5364 facere
711 5320 817 5360 non
845 5311 1084 5374 poterat,
1115 5312 1173 5356 ut
1214 5299 1494 5370 corporeis
1547 5297 1717 5351 oculis
1760 5313 1879 5353 eam

293 5399 640 5476 spectandam
673 5401 1017 5467 proponeret,
1037 5392 1205 5463 ipsius
1232 5389 1539 5462 praestantia
1564 5398 1882 5459 argumento

293 5488 591 5551 declaravit
617 5486 845 5542 dicens:
879 5482 1030 5551 Quod
1073 5483 1117 5535 si
1149 5479 1459 5535 ministratio
1485 5479 1661 5531 martis
1691 5480 1787 5549 fuit
1825 5478 1882 5534 in

292 5585 485 5656 gloria,
517 5578 768 5652 quomodo
804 5595 905 5632 non
937 5575 1098 5645 magis
1145 5571 1451 5626 ministratio
1476 5569 1685 5640 spiritus
1712 5570 1807 5624 erit
1827 5570 1881 5625 in

294 5677 464 5745 gloria
487 5674 514 5727 .’
562 5673 664 5728 Per
691 5671 881 5725 mortis
908 5677 1091 5724 autem
1118 5664 1476 5719 ministerium
1505 5662 1675 5730 legem
1719 5661 1878 5717 intelo

296 5765 433 5835 ligit.
466 5764 638 5834 Atque
663 5759 876 5817 interim
916 5758 1057 5825 vide,
1087 5770 1245 5827 quam
1293 5753 1483 5809 sedulo
1524 5754 1578 5808 in
1607 5752 1706 5806 ista
1732 5767 1878 5806 com-

298 5854 580 5928 paratione
602 5862 811 5919 caveat,
831 5866 897 5908 ne
927 5849 1087 5907 ullam
1116 5845 1381 5903 ha:reticis
1403 5859 1589 5901 ansam
1620 5842 1871 5914 przebeat.

1989 2848 2107 2904 Non
2148 2852 2294 2907 enim
2338 2853 2515 2921 dixit,
2554 2853 2666 2909 Lex
2707 2864 2933 2910 mortem
2972 2854 3156 2920 efﬁcit,
3206 2854 3336 2919 sed.
3388 2854 3571 2909 Mortis

1989 2943 2294 2998 ministratio
2317 2955 2432 2999 est:
2461 2955 2689 3001 mortem
2716 2946 2858 3001 enim
2885 2946 3243 3012 ministrabat,
3263 2961 3371 3000 non
3395 2958 3572 3001 autem

1953 3047 1956 3051 '
1990 3033 2252 3101 pariebat.
2285 3035 2417 3090 Nam
2449 3046 2725 3106 peccatum
2766 3038 2819 3093 id
2847 3047 2985 3103 erat,
3013 3037 3157 3108 quod
3196 3048 3421 3093 mortem
3459 3037 3575 3092 elli-

1986 3122 2201 3184 ciehat;
2242 3123 2329 3179 lex
2359 3133 2538 3179 autem
2566 3128 2885 3195 supplicium
2938 3128 3249 3191 invehebat,
3276 3143 3340 3183 ac
3381 3141 3570 3197 pecca-

1989 3219 2099 3264 tutn
2124 3211 2414 3279 indicabat,
2433 3230 2540 3269 non
2567 3223 2746 3269 autem
2770 3215 3016 3271 faciebat.
3034 3217 3230 3271 Malum
3251 3219 3392 3272 enim
3419 3232 3577 3286 aper-

1989 3302 2095 3357 tius
2121 3302 2424 3374 detegebat,
2466 3320 2531 3360 ac
2556 3306 2853 3376 plectebat,
2884 3321 2993 3359 non
3036 3316 3217 3359 autem
3264 3308 3331 3360 ad
3376 3308 3573 3361 malum

1990 3395 2299 3466 impellebat
2329 3416 2343 3453 :
2376 3413 2551 3469 neque
2610 3398 2678 3452 ad
2728 3397 2781 3453 id
2815 3396 3173 3463 ministrabat,
3200 3405 3259 3451 ut
3298 3409 3575 3465 peccatum

1990 3486 2165 3555 fieret,
2198 3500 2291 3543 aut
2319 3505 2467 3544 mors
2494 3490 2803 3557 exsisteret,
2831 3489 2925 3545 sed
2951 3499 3010 3544 ut
3038 3503 3225 3559 poenas
3246 3487 3399 3541 daret
3421 3490 3463 3541 is
3484 3491 3574 3557 qui

1990 3590 2298 3648 peccasset:
2326 3596 2390 3637 ac
2418 3580 2645 3651 proinde
2670 3580 2773 3636 hac
2799 3596 3014 3652 quoque
3044 3581 3253 3636 ratione
3292 3590 3571 3649 peccatum

1987 3670 2222 3723 delehat.

2063 3759 2168 3812 Leo:
2189 3762 2441 3829 quomodo
2485 3771 2697 3815 mortem
2741 3760 3006 3827 aﬂ'erebat.
3029 3792 3098 3802 —
3125 3762 3257 3816 Nam
3287 3761 3414 3816 dum
3464 3762 3575 3830 ipsa

1988 3860 2266 3919 peccatum
2289 3850 2425 3905 adeo
2450 3850 2844 3906 formidandum
2872 3865 2992 3905 esse
3014 3851 3340 3914 ostenderet,
3366 3852 3579 3919 procul-

1988 3939 2151 3993 dubio
2196 3938 2299 3995 boc
2328 3940 2493 3995 etiam
2538 3940 2786 4005 faciebat,
2820 3950 2877 3995 ut
2916 3940 3089 4011 ipsum
3118 3940 3426 4008 fugiendum
3456 3954 3579 3996 esse

1988 4030 2282 4084 videretur.
2307 4030 2457 4085 Sicut
2481 4029 2642 4098 igitur
2666 4031 2731 4092 is,
2755 4032 2844 4099 qui
2867 4045 3051 4085 ensem
3083 4031 3137 4084 in
3163 4044 3357 4084 manus
3388 4030 3574 4091 sumit,

1988 4134 2052 4174 ac
2072 4119 2212 4173 sonti
2232 4129 2394 4190 caput
2417 4130 2677 4189 amputat,
2695 4121 2861 4191 judici
2888 4123 3246 4190 pronuntianti
3271 4122 3575 4176 ministrum

1986 4222 2047 4263 se
2073 4208 2311 4278 praebet;
2345 4225 2519 4280 neque
2548 4211 2665 4280 ipse
2688 4219 2772 4266 est
2799 4214 2891 4281 qui
2917 4212 3197 4279 interimit,
3227 4212 3435 4266 etiamsi
3462 4214 3578 4284 ipse

1990 4308 2154 4369 caput
2176 4299 2494 4366 abscindat;
2524 4316 2623 4358 nec
2646 4317 2858 4357 rursum
2890 4302 2955 4363 is,
2984 4303 3076 4373 qui
3103 4302 3423 4358 sententiam
3447 4318 3575 4373 pro-

1988 4388 2093 4446 fert
2117 4401 2175 4446 et
2198 4392 2545 4459 condemnat,
2577 4392 2671 4446 sed
2695 4392 2813 4462 ejus
2840 4392 2911 4446 de
2935 4407 3043 4462 quo
3064 4392 3383 4462 supplicium
3410 4396 3578 4449 sumi-

1989 4490 2076 4536 tur
2100 4481 2416 4551 improbitas
2458 4498 2472 4533 :
2520 4482 2593 4535 ita
2634 4481 2723 4535 hic
2746 4496 2961 4552 quoque
2984 4497 3090 4536 non
3120 4484 3205 4536 lex
3229 4497 3418 4538 necem
3446 4483 3575 4540 affe-

1987 4571 2160 4638 rebat,
2186 4571 2282 4627 sed
2308 4581 2587 4640 peccatum
2618 4570 2795 4642 ipsum
2821 4580 2958 4639 erat,
2989 4571 3132 4643 quod
3152 4580 3207 4627 et
3232 4574 3578 4629 interimebat

1985 4670 2048 4725 et
2068 4660 2497 4727 condemnabat;
2541 4662 2659 4718 haec
2702 4677 2855 4729 vero,
2884 4663 2938 4718 in
2983 4671 3192 4718 sontem
3236 4662 3577 4719 animadver-

1989 4766 2127 4823 tetis,
2157 4756 2265 4811 vim
2292 4756 2438 4812 illius
2465 4757 2792 4823 succidebat,
2822 4757 3069 4827 supplicii
3099 4767 3247 4812 metu
3274 4772 3397 4811 eum
3422 4772 3575 4812 coer-

1985 4860 2141 4903 cens.
2188 4846 2301 4902 Nec
2341 4862 2472 4904 vero
2514 4848 2644 4902 satis
2675 4847 2861 4902 habuit
2890 4846 3084 4902 Paulus
3115 4847 3433 4916 praestantia:
3474 4849 3572 4903 de—

1985 4934 2251 4992 claranda:
2280 4950 2440 4991 causa
2473 4938 2576 4992 hoc
2597 4937 2775 4992 solum
2816 4934 3125 5007 protulisse,
3154 4934 3247 4991 sed
3272 4934 3415 4990 aliud
3441 4952 3571 5005 quo-

1984 5042 2091 5097 que
2109 5026 2373 5099 adjungit,
2393 5028 2581 5083 dicens
2603 5045 2618 5081 :
2645 5026 2714 5082 In
2734 5028 2895 5082 literis
2912 5028 3195 5095 deformata
3214 5027 3269 5079 in
3290 5026 3567 5097 lapidibus.

1987 5116 2123 5173 Vide
2149 5116 2421 5188 quomodo
2470 5131 2661 5172 rursus
2710 5115 2969 5172 Judaicos
3017 5115 3239 5185 spiritus
3283 5115 3567 5187 deprimat.

1984 5206 2124 5262 Nihil
2147 5208 2293 5263 enim
2320 5205 2469 5261 aliud
2510 5206 2601 5261 lex
2627 5216 2767 5271 erat,
2797 5221 2958 5277 quam
3004 5206 3211 5271 literae;
3254 5221 3359 5259 non
3391 5217 3567 5259 autem

1984 5298 2287 5354 subsidium
2336 5299 2501 5353 ullum
2534 5313 2569 5354 e
2601 5297 2773 5353 literis
2821 5297 3097 5367 prodiens,
3127 5306 3286 5367 atque
3329 5298 3572 5366 aspirans

1984 5391 2049 5448 iis
2078 5392 2168 5461 qui
2216 5391 2503 5457 dimicant,
2548 5391 2690 5446 sicut
2728 5390 2783 5444 in
2834 5388 3125 5459 baptismo,
3154 5387 3250 5443 sed
3296 5388 3491 5443 tabulae
3516 5396 3572 5442 et

1984 5483 2289 5552 scriptura,
2316 5492 2545 5537 mortem
2592 5481 2659 5537 iis
2687 5481 2779 5551 qui
2810 5479 2993 5535 literas
3035 5480 3307 5533 violabant
3340 5477 3573 5533 aﬂ’eren-

1987 5582 2090 5629 tes.
2124 5572 2292 5628 Vides
2313 5588 2421 5644 quo
2450 5582 2609 5643 pacto
2634 5572 2912 5629 Judaicum
2942 5570 3303 5626 contentionis
3330 5570 3567 5626 studium

1984 5666 2301 5733 retundens,
2332 5682 2429 5737 per
2465 5667 2581 5736 ipsa
2625 5680 2842 5737 quoque
2890 5663 3147 5719 vocabula
3197 5662 3568 5717 auctoritatem

1988 5758 2124 5826 legis
2152 5772 2295 5811 nunc
2321 5756 2560 5828 dejiciat,
2602 5756 2836 5828 lapidem
2879 5754 3067 5839 dicens
3094 5761 3151 5808 et
3178 5753 3363 5807 literas
3386 5761 3441 5806 et
3468 5751 3572 5806 mia

1988 5848 2371 5905 nistrationem
2400 5848 2613 5915 mortis,
2644 5846 2955 5916 addensque
2996 5850 3280 5915 praterea,
3310 5839 3450 5909 quod
3478 5839 3573 5895 do-
