4028 6222
500 361 606 416 μδ

498 479 728 529 formata
754 480 912 543 atque
941 471 1240 541 impressa?
1295 469 1429 527 llinc
1463 471 1608 525 enim
1653 470 1723 523 nil
1767 468 1911 523 aliud
1940 466 2083 523 desi-

504 575 665 634 gnat,
701 580 856 631 quant
887 559 1030 632 quod
1076 562 1159 616 lex
1205 562 1259 615 in
1304 577 1410 615 uno
1439 560 1560 614 loco
1587 559 1764 614 deﬁxa
1797 567 1932 623 erat,
1974 572 2083 613 non

502 652 952 721 quemadmodum
990 652 1230 721 Spiritus,
1262 652 1351 720 qui
1383 650 1578 719 ubique
1604 648 1810 710 aderat,
1838 651 1944 703 vim
1971 663 2085 702 ma-

498 762 658 814 gnam
684 745 895 799 cunctis
918 744 1187 811 inspirans
1215 760 1227 795 :
1259 741 1342 794 vel
1383 750 1532 795 certe
1561 739 1662 793 hoc
1701 739 1916 804 indicat,
1942 739 2084 808 quod

500 838 667 889 literae
714 837 888 889 minas
936 834 1130 887 multas
1174 830 1449 895 efﬂabant,
1482 840 1537 883 et
1576 830 1796 899 quidem
1820 829 2084 899 ejusmodi

498 925 673 981 minas
696 942 817 994 qua:
836 923 1005 977 deleri
1031 938 1133 994 non
1165 930 1404 990 possent,
1428 919 1520 974 sed
1551 934 1763 988 semper
1783 908 2081 984 manerent,

498 1028 690 1088 utpote
736 1018 885 1071 saxis
932 1015 1232 1084 insculptm.
1284 1012 1488 1068 Deinde
1516 1014 1702 1075 etiam,
1731 1010 1856 1064 dum
1903 1019 2084 1064 vetera

499 1108 751 1163 laudibus
795 1107 988 1162 ell‘erre
1032 1105 1260 1170 videtur,
1292 1119 1478 1159 rursus
1525 1102 1830 1157 Judtnorum
1861 1114 2085 1155 accusa-

499 1202 700 1254 tionem
723 1199 881 1252 simul
914 1198 1188 1267 iuspergit.
1215 1196 1346 1250 Cum
1375 1196 1517 1250 enim
1536 1196 1784 1258 dixisset,
1815 1192 1877 1246 In
1903 1192 2079 1257 literis,

497 1295 787 1362 deformata
812 1293 867 1345 in
908 1291 1185 1361 lapidibus,
1214 1291 1310 1360 fuit
1340 1290 1392 1341 in
1433 1286 1640 1358 gloria;
1672 1287 1966 1355 subjuuxit,
1998 1283 2083 1337 Ita

498 1393 553 1435 ut
592 1398 693 1436 non
720 1391 923 1452 possent
969 1381 1065 1450 ﬁlii
1101 1378 1267 1434 Israel
1293 1378 1551 1433 intendere
1577 1380 1630 1431 in
1661 1379 1846 1449 [aciem
1890 1374 2078 1445 Moysi.

496 1474 651 1539 Quod
679 1475 897 1544 quidem
931 1486 1177 1541 magnam
1218 1485 1405 1526 eorum
1436 1469 1853 1524 imbecillitatem
1884 1466 2081 1519 animi-

494 1581 600 1635 que
629 1566 695 1620 ad
730 1580 816 1619 res
866 1573 1113 1619 terrenas
1159 1561 1578 1631 pr0peusionem
1623 1560 1950 1614 declarabat.
2003 1557 2082 1611 Ac

493 1670 682 1711 rursus
712 1654 866 1721 dicit,
897 1671 1025 1720 non,
1059 1650 1287 1722 Propter
1338 1651 1633 1706 tabularum
1680 1649 1927 1719 gloriam,
1960 1646 2077 1711 sed,

494 1746 719 1817 Propter
757 1748 979 1818 glorians
1008 1746 1175 1800 uultus
1197 1748 1324 1816 ejus,
1350 1760 1464 1815 qua:
1508 1753 1796 1798 evacuatur.
1835 1738 2081 1795 Ostendit

491 1839 635 1893 enim
658 1854 804 1907 eum,
833 1838 925 1911 qui
956 1840 1163 1895 tabulas
1195 1837 1423 1902 ferebat,
1456 1835 1627 1907 gloria
1660 1834 1823 1897 afﬁci,
1852 1848 1955 1888 non
1980 1847 2078 1884 au-

494 1940 605 1985 tem
637 1931 775 2001 illas.
811 1930 928 1986 Non
957 1931 1102 1984 enim
1124 1928 1283 1993 dixit,
1308 1928 1444 1993 Quia
1494 1941 1600 1979 non
1653 1934 1872 1993 possent
1901 1924 2078 1977 inten-

493 2019 626 2075 dere
674 2022 727 2075 in
772 2020 1005 2085 tabulas,
1033 2018 1152 2084 sed,
1184 2016 1250 2070 1η
1288 2018 1487 2070 vultum
1537 2014 1732 2083 Moysis
1757 2030 1775 2066 :
1805 2027 1869 2067 ac
1895 2026 2080 2065 rursus

491 2124 600 2163 non
631 2110 786 2175 dixit,
816 2111 1045 2179 Propter
1069 2107 1297 2177 gloriam
1330 2106 1653 2166 tabularum,
1697 2102 1816 2179 sed,
1863 2102 2081 2169 Propter

490 2201 713 2270 gloriam
740 2200 907 2253 uultus
930 2178 1120 2268 lipsius.
1164 2196 1367 2252 Deinde
1416 2205 1696 2266 postquam
1722 2178 1839 2248 eam
1865 2192 2076 2254 extulit,

488 2288 612 2344 vide
626 2305 732 2359 quo
755 2298 909 2360 pacto
922 2304 1042 2344 eam
1064 2302 1252 2343 rursus
1263 2285 1698 2357 dejiciatdicens,
1717 2284 1843 2350 Qute
1863 2299 2081 2337 evacua-

487 2390 605 2433 tur:
624 2395 946 2449 quamquam
970 2379 1073 2434 hoc
1097 2376 1455 2434 accusationis
1481 2378 1746 2430 rationem
1766 2389 1873 2428 non
1894 2373 2077 2438 habet,

487 2470 589 2527 sed
618 2470 1033 2541 extenuatiouis.
1057 2469 1173 2525 Non
1192 2470 1336 2524 enim
1358 2466 1517 2530 dixit,
1545 2466 1675 2533 Quae
1696 2474 1944 2533 corrupta
1969 2471 2075 2529 est,

488 2569 604 2627 aut,
634 2560 766 2628 ουκ
811 2560 950 2615 mala
974 2572 1053 2616 est
1078 2576 1095 2626 ;
1136 2560 1253 2625 sed,
1281 2560 1412 2629 Qua:
1451 2558 1667 2617 desinit.
1707 2571 1770 2611 ac
1800 2556 1961 2609 tinem
1990 2568 2079 2607 ac-

485 2651 636 2720 cipit.
670 2650 937 2718 Quomodo
976 2668 1079 2706 nou
1109 2652 1272 2723 magis
1303 2650 1605 2704 ministratio
1649 2648 1862 2718 spiritus
1891 2646 1984 2701 erit
2022 2650 2077 2697 tu

486 2742 696 2811 gloria?
751 2742 960 2798 Fidenti
992 2744 1136 2797 enirn
1183 2743 1365 2798 animo
1405 2742 1517 2811 jam
1562 2739 1697 2794 Novi
1746 2735 2076 2793 Testameuti

485 2831 803 2902 dignitatem
845 2834 1063 2901 attollit,
1101 2842 1161 2889 ut
1184 2834 1361 2889 omnis
1390 2831 1739 2887 dubitationis
1767 2836 2069 2899 expertem.

487 2926 568 2980 Ac
598 2924 721 2980 vide
742 2925 869 2996 quid
898 2929 1007 2997 agit
1031 2945 1045 2981 :
1078 2929 1330 2998 opposuit
1363 2927 1592 2998 lapidem
1613 2925 1862 2992 cordi,et
1884 2924 2073 2979 literas

486 3016 721 3086 spiritui.
768 3018 972 3074 Deinde
1000 3034 1123 3075 cum
1154 3034 1217 3073 ca
1258 3035 1379 3089 quae
1420 3034 1486 3075 ex
1532 3020 1775 3087 utrisque
1809 3018 2077 3071 orirentur

484 3107 799 3173 indicasset,
831 3126 937 3164 non
968 3111 1075 3180 jam
1108 3126 1229 3182 qua:
1254 3127 1321 3166 ex
1344 3112 1588 3180 utrisque
1617 3110 1725 3163 sint
1753 3110 1938 3180 ponit;
1979 3106 2076 3161 sed

489 3207 672 3264 postea
699 3215 860 3269 quam
885 3200 939 3254 id
960 3202 1103 3271 quod
1140 3216 1169 3254 a
1208 3202 1360 3256 litera
1388 3211 1566 3255 ortum
1598 3200 1759 3253 habet
1785 3198 2069 3266 expressit,

486 3302 682 3355 nempe
709 3299 938 3345 mortem
960 3299 1016 3343 et
1035 3290 1564 3349 condemnationem.
1590 3289 1641 3343 id
1664 3287 1805 3357 quod
1829 3303 1859 3341 a
1882 3287 2075 3356 spiritu

487 3376 870 3445 proﬁciscitur,
904 3393 1011 3432 non
1062 3378 1189 3432 item
1235 3379 1509 3449 exprimit,
1540 3378 1642 3431 hoc
1675 3388 1783 3443 est,
1811 3376 1973 3431 vitam
2019 3383 2076 3430 et

479 3468 767 3538 justitiam,
798 3469 894 3524 sed
922 3470 1096 3539 ipsum
1125 3470 1373 3540 spiritum
1400 3489 1414 3525 :
1449 3470 1591 3539 quod
1619 3470 1833 3539 quidem
1863 3482 2072 3524 sermo-

485 3572 610 3630 nem
651 3560 1035 3630 ampliiicabat.
1066 3560 1275 3615 Novum
1324 3562 1466 3616 enim
1516 3561 1919 3617 Testamentum
1963 3547 2070 3614 non

483 3651 650 3706 vitam
678 3654 849 3708 solam
896 3652 1075 3721 dabat,
1106 3652 1201 3709 sed
1229 3653 1389 3709 etiam
1436 3654 1705 3725 spiritum,
1738 3668 1769 3707 a
1816 3668 1923 3723 quo
1966 3653 2070 3706 vita

482 3744 830 3813 alterebatur,
863 3748 1309 3803 subministrabat
1339 3766 1352 3801 :
1384 3747 1526 3817 quod
1559 3730 1665 3801 vita
1700 3746 1869 3800 multo
1897 3744 2071 3815 majus

483 3844 622 3890 erat.
656 3835 785 3891 ldeo
814 3838 969 3903 dixit,
1000 3836 1317 3891 Ministratio
1364 3838 1594 3905 spiritus.
1629 3838 1707 3889 Ac
1736 3845 1920 3902 postea
1952 3850 2070 3888 rur-

481 3939 575 3979 sus
604 3927 848 3980 eamdem
881 3941 997 3979 rem
1029 3925 1278 3990 inculcat,
1309 3924 1535 3980 dicens:
1576 3925 1633 3980 9.
1676 3922 1819 3978 Nam
1844 3924 1889 3978 si
1917 3924 2069 3977 mini-

484 4018 666 4072 stratt'o
688 4017 1055 4085 damnationis,
1078 4018 1267 4088 gloria.

554 4109 612 4164 2.
644 4110 722 4164 Ac
741 4108 1030 4164 dilucidius
1056 4113 1278 4181 exponit
1301 4110 1555 4181 quidnam
1587 4110 1673 4166 bis
1704 4112 1882 4168 verbis
1903 4108 2071 4181 signi-

483 4202 695 4269 ﬁcetur,
730 4200 903 4257 Litera
945 4201 1167 4265 occidit;
1213 4203 1316 4256 hoc
1344 4203 1595 4258 videlicet
1622 4204 1891 4273 inquiens,
1923 4202 2067 4274 quod

482 4300 611 4346 ante
638 4292 891 4359 diximus,
923 4306 1119 4362 nempe
1146 4292 1318 4363 legem
1365 4305 1644 4364 peccatum
1678 4294 1933 4360 indicare,
1958 4308 2065 4349 non

486 4392 669 4437 autem
694 4384 931 4440 allicere.
961 4385 1128 4440 Multo
1150 4386 1310 4458 magis
1340 4386 1645 4443 ministratio
1658 4386 1877 4454 justitiw
1899 4388 2061 4441 abun-

479 4470 569 4525 dat
596 4472 648 4525 in
662 4471 847 4543 gloria.
870 4474 1080 4529 Etenim
1123 4477 1314 4532 tabulae
1345 4476 1453 4533 illa:
1475 4486 1788 4548 peccatores
1806 4478 2061 4532 ostende-

483 4562 635 4628 bant,
661 4577 726 4618 ac
754 4563 1017 4634 supplicio
1056 4564 1407 4623 aﬂiciebant:
1440 4568 1555 4624 haec
1595 4576 1774 4624 autem
1819 4576 2067 4638 peccato-

481 4669 575 4710 res
600 4670 707 4735 non
735 4656 899 4712 modo
927 4673 1033 4712 non
1063 4658 1336 4727 puniebat,
1355 4660 1449 4714 sed
1478 4661 1640 4715 etiam
1662 4661 1841 4731 justos
1869 4659 2070 4714 efﬁcie-

486 4748 613 4813 bat;
654 4749 952 4819 baptismus
979 4752 1123 4807 enim
1161 4752 1265 4808 hoc
1288 4752 1635 4823 largiebatur.
1671 4755 1758 4810 10.
1795 4753 1915 4808 Non
1935 4753 2067 4807 enim

486 4838 832 4907 gloriﬁcatum
877 4851 971 4906 est,
1002 4843 1139 4909 quod
1181 4844 1525 4912 gloriﬁcatum
1568 4846 1723 4898 estin
1768 4845 1863 4899 hac
1902 4854 2066 4915 parte,

485 4940 695 5001 prapter
736 4931 1055 4985 excellentem
1097 4934 1335 5003 gloriam.
1382 4934 1761 5004 Superioribus
1805 4937 1987 4993 verbis
2015 4936 2069 4991 id

482 5020 705 5090 quidem
731 5020 983 5085 ostendit,
1010 5023 1153 5090 quod
1185 5024 1285 5078 hoc
1312 5040 1527 5096 quoque
1566 5028 1621 5081 in
1649 5028 1819 5098 gloria
1846 5028 1935 5091 sit,
1969 5044 2071 5093 nec

483 5112 801 5181 simpliciter
814 5112 866 5166 in
882 5112 1177 5183 gloria,sed
1192 5114 1332 5183 quod
1348 5117 1509 5171 etiam
1521 5117 1758 5174 abundet
1775 5137 1788 5173 :
1804 5134 1911 5173 non
1923 5120 2068 5174 enim

487 5202 651 5267 dixit,
680 5203 959 5268 Quomodo
988 5220 1093 5258 non
1121 5206 1287 5274 magis
1330 5208 1653 5264 ministratio
1698 5209 1918 5279 spiritus
1966 5211 2072 5266 erit

488 5292 544 5345 in
568 5292 776 5362 gloria?
802 5295 917 5359 sed,
946 5295 1183 5349 Abundat
1210 5297 1262 5349 in
1289 5297 1454 5368 gloria
1478 5313 1497 5362 ;
1547 5301 1868 5371 supradictis
1915 5301 2071 5355 nimi-

490 5399 610 5437 rum
650 5386 981 5452 argumentis
1025 5387 1077 5440 id
1109 5388 1361 5456 probans.
1410 5388 1506 5443 Hic
1553 5405 1681 5443 vero
1710 5390 2069 5460 praecellentia

489 5490 704 5544 quoque
734 5484 932 5545 quanta
962 5476 1051 5541 sit,
1084 5479 1165 5531 his
1196 5480 1373 5535 verbis
1394 5479 1666 5534 ostendit:
1697 5482 1742 5535 si
1774 5479 1914 5535 hanc.
1938 5496 2067 5536 cum

493 5564 581 5618 illa
613 5578 944 5633 comparem,
984 5582 1050 5621 ne
1082 5567 1247 5636 gloria
1277 5570 1491 5639 quidem
1519 5580 1603 5624 est
1633 5570 1838 5625 Veteris
1870 5571 2065 5626 Testa-

492 5655 659 5709 menti
698 5656 889 5725 gloria.
917 5658 1121 5725 Quibus
1150 5662 1326 5716 verbis
1368 5679 1471 5717 non
1502 5662 1603 5717 hoc
1627 5663 1940 5732 simpliciter
1964 5663 2063 5719 ad-

492 5747 673 5811 struit,
693 5745 831 5817 quod
854 5747 1020 5819 gloria
1042 5766 1146 5805 non
1169 5753 1369 5821 sit,scd
1389 5754 1797 5825 contparatiouts
1824 5756 2063 5815 ratione:

1230 355 1285 411 S.
1327 353 1604 411 JOANNIS
1639 351 2112 411 CIIRYSOSTOHI
2152 350 2466 407 ARCHIEP.
2504 350 3035 409 CONSTANTINOP.

3676 352 3768 411 ιιι

2196 469 2336 524 unde
2362 469 2523 521 etiam
2550 467 2851 537 subjunxit,
2882 465 2948 521 In
2978 468 3073 521 ltac
3102 476 3264 536 parte,
3297 467 3397 523 hoc
3421 475 3524 533 est,
3554 483 3600 523 SI
3627 489 3762 525 euut-

2192 558 2395 626 paratio
2441 557 2716 613 habeatur.
2771 556 2881 612 Nec
2911 567 3085 611 tamen
3128 558 3228 612 hoc
3257 557 3420 613 Vetus
3462 550 3770 614 Testamen-

2197 656 2307 701 tum
2350 648 2599 713 traducit,
2628 649 2721 703 sed
2751 650 3099 703 vehementer
3126 648 3283 701 etiam
3306 648 3475 717 ipsum
3502 663 3771 703 commen-

2191 738 2322 792 dat:
2354 742 2553 794 etenim
2585 741 3019 807 comparationes
3057 738 3125 793 de
3178 740 3337 793 rebus
3383 740 3625 808 cognatis
3662 739 3770 795 lteri

2191 844 2607 887 consueverunt.
2655 832 2772 887 Mox
2823 831 2967 886 aliud
3017 840 3387 900 argumentum
3414 841 3612 897 movet,
3634 832 3769 900 quod

2190 923 2293 975 alia
2325 938 2541 992 quoque
2569 926 2776 977 ratione
2820 921 3184 991 praestantiam
3217 921 3565 976 demonstrat.
3608 921 3770 989 Quale

2192 1012 2373 1066 istud?
2402 1013 2663 1068 Nimirum
2695 1031 2723 1068 a
2758 1025 3001 1082 tempore
3022 1014 3237 1066 dicens:
3269 1014 3354 1066 Η.
3374 1013 3433 1067 Si
3459 1025 3622 1067 autem
3642 1014 3771 1083 quod

2191 1112 2485 1169 evacuatur,
2515 1120 2604 1171 per
2626 1105 2844 1172 gloriam
2871 1115 2942 1157 est
2966 1121 2983 1167 ;
3026 1105 3186 1156 multo
3230 1120 3388 1172 magis
3429 1104 3483 1156 id
3506 1106 3638 1171 quod
3659 1122 3769 1157 ma-

2190 1202 2291 1256 net,
2322 1203 2397 1247 est
2423 1196 2472 1247 in
2503 1196 2689 1265 gloria.
2714 1195 2847 1249 lllud
2876 1195 3018 1249 enim
3052 1196 3209 1247 linem
3239 1194 3441 1261 accepit
3466 1208 3483 1257 ;
3525 1195 3623 1249 hoc
3651 1211 3769 1262 per-

2189 1294 2350 1353 petuo
2383 1293 2581 1340 manet.
2633 1286 2721 1340 12.
2767 1286 3025 1341 Habentes
3050 1289 3206 1356 igitur
3235 1287 3386 1339 talem
3414 1304 3572 1356 spem,
3615 1289 3771 1343 multa

2188 1376 2378 1442 ﬁducia
2405 1377 2615 1429 utimur.
2638 1376 2770 1441 Quia
2797 1378 2939 1431 enim
2967 1378 3180 1431 auditor
3202 1382 3360 1431 tot'ac
3382 1387 3522 1431 tanta
3545 1378 3611 1433 de
3628 1380 3769 1433 Novo

2188 1467 2536 1523 Testamento
2561 1469 2824 1533 audierat,
2842 1479 3005 1538 atque
3028 1470 3165 1523 hanc
3185 1470 3407 1539 gloriam
3440 1471 3607 1523 oculis
3635 1470 3764 1538 ipsis

2189 1572 2450 1625 usurpare
2476 1560 2748 1628 cupiebat,
2782 1560 2900 1613 vide
2930 1575 3163 1629 quonam
3196 1572 3351 1629 pacto
3394 1560 3564 1629 ipsum
3597 1559 3661 1613 ad
3694 1560 3769 1613 lu-

2188 1659 2363 1703 tttrttm
2390 1666 2563 1704 tevum
2597 1651 2823 1720 rejicint.
2850 1650 2976 1705 ideo
3001 1665 3150 1719 Spem
3183 1650 3234 1703 in
3266 1652 3498 1705 medium
3527 1652 3765 1721 protulit,

2183 1742 2389 1807 dicens,
2428 1742 2686 1798 Habentes
2724 1744 2879 1813 igitur
2901 1744 3050 1796 talem
3072 1759 3231 1812 spem.
3262 1743 3487 1808 Qualem
3518 1742 3767 1797 tandem?

2184 1832 2337 1899 Quod
2370 1834 2630 1903 majorem
2670 1834 2985 1904 dignitatem
3031 1848 3190 1903 quam
3236 1834 3410 1888 Moses
3455 1832 3769 1910 consequuti

2182 1938 2389 1986 sumus,
2433 1939 2539 1979 non
2578 1935 2781 1979 tantum
2811 1940 2908 1977 nos
2939 1924 3189 1993 apostoli,
3236 1922 3332 1978 sed
3377 1924 3536 1978 etiam
3581 1938 3767 1978 omnes

2184 2014 2390 2071 ﬁdeles.
2426 2016 2594 2071 Multa
2625 2018 2817 2085 ﬁducia
2860 2018 3070 2070 utimur.
3119 2016 3271 2085 Apud
3318 2018 3512 2086 quem?
3546 2030 3762 2086 quasso;

2182 2106 2321 2175 apud
2357 2108 2543 2174 Deum,
2574 2124 2642 2163 an
2684 2108 2825 2178 apud
2855 2107 3188 2176 discipulos?
3230 2106 3383 2176 Apud
3430 2120 3546 2167 vos,
3578 2106 3766 2173 inquit,

2182 2211 2315 2265 quos
2336 2197 2630 2267 discipulos
2653 2200 2825 2255 habeo
2850 2218 2864 2253 :
2885 2200 2987 2253 hoc
3009 2208 3094 2254 est
3115 2214 3132 2252 :
3152 2199 3283 2253 Cum
3306 2199 3551 2252 libertate
3572 2196 3768 2266 ubique

2184 2288 2473 2357 loquimur,
2496 2292 2625 2346 nihil
2655 2294 3009 2356 occultantes,
3037 2292 3165 2345 nihil
3193 2292 3613 2354 dissimulantes,
3634 2291 3767 2344 nihil

2182 2380 2541 2448 Suspicantes,
2573 2384 2667 2438 sed
2700 2384 2981 2453 perspicue
3021 2383 3303 2450 loquentes
3332 2399 3345 2432 :
3382 2397 3483 2437 nec
3519 2397 3769 2437 veremur

2184 2484 2253 2524 ne
2278 2469 2559 2524 oculorum
2584 2482 2887 2536 vestrorum
2916 2474 3085 2527 aciem
3120 2473 3560 2540 perstringuntus,
3579 2486 3771 2541 quem-

2181 2561 2469 2616 admodum
2502 2562 2675 2619 Moses
2704 2564 3035 2620 Judmorum.
3080 2565 3211 2621 Nam
3238 2564 3379 2636 quod
3412 2564 3550 2618 istud
3583 2565 3794 2618 subino-

2182 2652 2395 2707 dicztrit.
2441 2651 2564 2705 audi
2614 2669 2735 2721 quae
2779 2668 3107 2725 sequuntur;
3160 2657 3267 2710 imo
3312 2672 3439 2709 vero
3487 2654 3767 2709 historiam

2184 2743 2333 2813 prius
2376 2739 2579 2796 referre
2611 2746 2973 2799 necessarium
3003 2755 3124 2801 est:
3158 2762 3279 2801 nam
3309 2759 3362 2800 et
3388 2746 3502 2812 ipse
3529 2760 3648 2799 eam
3678 2760 3770 2799 as-

2182 2832 2335 2887 sidue
2364 2842 2562 2885 Versat.
2586 2831 2844 2898 Qutenam
2872 2834 3029 2903 igitur
3058 2846 3141 2891 est
3170 2837 3284 2890 hanc
3317 2833 3583 2889 historia?
3628 2833 3768 2887 Cum

2180 2921 2356 2978 Moses
2399 2923 2634 2993 acceptis
2678 2921 2854 2977 denuo
2907 2926 3101 2979 tabulis
3145 2928 3536 2991 descenderet,
3592 2925 3767 2990 gloria

2179 3014 2425 3084 quaedam
2456 3030 2519 3067 ex
2571 3013 2738 3083 ipsius
2790 3012 2934 3065 vultu
2965 3015 3244 3078 exsiliens,
3277 3016 3413 3070 adeo
3456 3014 3767 3085 eﬂhlgebat,

2180 3114 2239 3158 ut
2267 3104 2436 3159 Judtei
2466 3118 2567 3158 nec
2594 3104 2658 3156 ad
2688 3117 2809 3155 eum
2851 3102 3132 3165 accedere,
3164 3119 3262 3157 nec
3287 3118 3406 3158 cum
3436 3119 3503 3158 eo
3527 3103 3770 3172 colloqui

2182 3205 2431 3264 possunt,
2465 3211 2741 3267 quousque
2769 3194 2922 3248 faciei
2954 3209 3065 3248 sure
3112 3195 3351 3249 velamen
3398 3196 3766 3265 imposuisset.

2180 3286 2268 3342 Sic
2292 3290 2435 3341 enim
2469 3289 2521 3343 iu
2566 3287 2757 3343 Exodo
2803 3286 3062 3355 scriptum
3097 3295 3182 3341 est
3215 3307 3228 3341 :
3260 3285 3386 3340 Cum
3426 3287 3771 3342 descendisset

2182 3378 2388 3450 Moyses
2414 3380 2479 3435 de
2506 3391 2693 3447 monte,
2723 3381 2841 3449 dua:
2870 3381 3058 3434 tabula
3097 3388 3239 3432 eram
3268 3379 3320 3432 in
3362 3380 3590 3433 manibus
3628 3381 3765 3449 ejus.

2184 3468 2251 3526 Et
2273 3471 2539 3540 ignorabat
2563 3474 2699 3544 quod
2719 3474 3037 3545 gloriﬁcatus
3052 3480 3178 3525 esset
3197 3480 3428 3539 aspectus
3448 3472 3593 3541 [aciei
3616 3473 3771 3543 ejus;

2179 3572 2229 3617 et
2255 3563 2526 3619 timuerunt
2555 3566 2967 3636 appropinquare
2990 3565 3055 3618 ei.
3098 3560 3163 3615 Et
3205 3562 3395 3615 uocauit
3421 3578 3504 3615 eos
3534 3561 3766 3632 Moyses,

2177 3667 2225 3713 et
2252 3658 2488 3728 loquutus
2516 3669 2591 3712 est
2630 3658 2699 3712 ad
2726 3675 2831 3712 eos.
2880 3657 2945 3711 Et
2980 3666 3244 3728 postquam
3288 3654 3496 3708 cessat-it
3533 3654 3667 3717 loqui
3692 3654 3771 3707 ad

2175 3766 2280 3815 eos,
2300 3739 2548 3820 imposuit
2574 3751 2726 3821 {aciei
2753 3766 2860 3805 sua:
2886 3751 3146 3803 velamen-
3164 3747 3291 3800 Cum
3318 3754 3485 3799 autem
3505 3746 3764 3815 ingredie-

2177 3843 2328 3898 batur
2365 3855 2420 3897 ut
2458 3843 2746 3914 loqueretur
2789 3861 2960 3898 coram
3001 3843 3243 3905 Domino,
3290 3839 3493 3893 tollebat
3535 3842 3765 3899 uelamen

2173 3951 2435 4007 quousque
2466 3936 2785 4007 egrederetur
2824 3935 2843 4005 (
2873 3934 3041 3987 Exod.
3067 3935 3154 3989 54.
3177 3933 3248 3987 '29
3268 3928 3439 4001 οδι).
3471 3929 3638 3998 Hujus
3678 3931 3768 3986 bi-

2170 4026 2350 4079 storiae
2380 4028 2708 4079 mentionem
2741 4023 2943 4077 faciens
2972 4024 3045 4075 ait
3074 4041 3087 4075 :
3120 4024 3206 4076 l3.
3241 4021 3303 4073 Et
3327 4037 3427 4074 non
3457 4021 3589 4073 sicut
3609 4020 3767 4091 illog-

2172 4130 2250 4168 ses
2283 4115 2497 4185 ponebat
2524 4114 2746 4167 velanten
2774 4129 2926 4183 super
2966 4114 3145 4183 {aciem
3174 4128 3341 4175 suam,
3373 4120 3427 4164 ut
3464 4127 3564 4165 non
3595 4113 3768 4166 inten-

2174 4206 2351 4262 derent
2390 4206 2487 4274 ﬁlii
2515 4204 2681 4260 Israel
2705 4206 2758 4259 in
2781 4208 2964 4277 faciem
2992 4208 3102 4277 ejus
3125 4207 3260 4270 quod
3282 4216 3575 4260 evacuatur.
3604 4206 3764 4273 Quod

2170 4307 2352 4353 autem
2378 4297 2528 4361 dicit,
2561 4305 2645 4351 est
2672 4298 2935 4367 ejusmodi
2969 4316 2983 4354 :
3013 4297 3152 4353 Nihil
3182 4313 3401 4353 necesse
3428 4306 3531 4355 est.
3566 4308 3622 4351 ut
3646 4297 3766 4351 Mo-

2172 4391 2249 4445 sis
2279 4392 2449 4445 instar
2470 4389 2719 4458 nosipsos
2746 4389 3057 4453 obvelemus
3086 4413 3099 4446 :
3130 4392 3352 4459 potestis
3379 4392 3522 4445 enim
3568 4392 3667 4459 ipsi
3702 4389 3762 4444 in

2171 4482 2394 4550 gloriam
2429 4481 2705 4551 hanc,qua
2732 4480 2893 4535 cincti
2912 4488 2967 4534 et
2986 4481 3159 4533 ornati
3182 4497 3387 4545 sumus,
3412 4482 3627 4538 intueri.
3653 4482 3764 4536 etsi

2173 4571 2343 4625 multo
2370 4573 2542 4642 major
2578 4586 2641 4625 ac
2675 4568 3005 4639 splendidior
3033 4576 3117 4622 est
3146 4584 3303 4637 quam
3329 4570 3415 4624 illa
3450 4571 3633 4628 Hosis.
3667 4570 3770 4643 Υἱ-

2171 4662 2338 4719 desne
2362 4677 2615 4735 quantum
2657 4667 2732 4721 illi
2788 4664 3153 4734 profecerim?
3198 4664 3327 4719 Nam
3353 4667 3441 4735 qui
3482 4667 3535 4720 in
3576 4668 3771 4737 priore

2173 4754 2400 4822 epistola
2435 4756 2669 4819 diccbat,
2716 4755 2821 4809 Lac
2848 4757 2985 4810 vobis
3036 4765 3208 4823 potum
3256 4755 3393 4820 dedi,
3445 4772 3546 4809 non
3591 4757 3771 4812 cibum

2172 4842 2250 4911 (Ι.
2296 4842 2416 4897 Cor.
2463 4845 2517 4901 3.
2569 4846 2651 4915 2),
2694 4846 2781 4902 hic
2816 4849 2937 4901 ait:
2975 4845 3136 4898 Multa
3182 4844 3370 4912 fiducia
3417 4846 3607 4899 utimur
3633 4863 3653 4900 :
3694 4862 3773 4903 ac

2172 4932 2374 4987 Mosem
2410 4933 2462 4987 in
2492 4936 2728 4990 medium
2757 4935 3026 5005 producit,
3054 4948 3466 5004 sermonemque
3490 4950 3584 5005 per
3610 4952 3778 4991 com-

2173 5021 2503 5093 parationem
2555 5030 2821 5097 provehit,
2855 5037 2913 5081 ut
2951 5027 3051 5080 hac
3078 5041 3290 5096 quoque
3319 5030 3523 5082 ratione
3549 5029 3778 5084 audito-

2173 5130 2287 5169 rem
2319 5116 2372 5171 iu
2424 5118 2591 5173 altum
2626 5118 2922 5173 subducat.
2968 5119 3047 5169 Ac
3095 5117 3321 5185 primum
3366 5117 3566 5174 ludatis
3612 5120 3779 5189 ipsos

2172 5211 2449 5279 anteponit
2463 5211 2673 5277 dicens,
2691 5210 2806 5264 Non
2826 5224 2959 5277 opus
2986 5208 3245 5263 habemus
3266 5211 3551 5275 velamine,
3571 5227 3784 5281 quem-

2172 5301 2460 5357 admodum
2508 5305 2598 5359 ille
2645 5302 2784 5372 apud
2816 5316 2933 5365 eos,
2967 5303 3163 5371 quibus
3210 5315 3476 5372 przeemt:
3509 5316 3632 5374 qum
3678 5320 3781 5360 se-

2172 5402 2409 5460 quuntur
2436 5404 2618 5448 autem
2648 5392 2713 5447 ad
2760 5391 3081 5461 legislatoris
3109 5393 3421 5464 dignitatem
3452 5394 3682 5461 ducunt,
3718 5406 3785 5450 et

2173 5483 2345 5536 multo
2394 5484 2598 5552 majora
2654 5490 2798 5536 sunt.
2853 5480 3070 5537 Interim
3121 5493 3467 5550 atrtem,qu:e
3504 5482 3784 5551 deinceps

2173 5584 2495 5645 sequuntur,
2530 5573 2832 5627 audiamus.
2869 5575 2957 5627 ﬂ.
2988 5573 3094 5629 Sed
3118 5575 3283 5628 obtusi
3322 5585 3441 5627 sunt
3474 5590 3651 5627 sensus
3680 5591 3783 5629 eo-

2170 5682 2305 5719 rum.
2341 5664 2514 5734 Usque
2557 5665 2611 5717 in
2636 5663 2936 5717 [redieram
2962 5665 3096 5719 enim
3124 5665 3257 5719 diem
3289 5664 3509 5733 idipsum
3537 5667 3788 5721 adamas

2174 5757 2225 5812 in
2254 5756 2470 5812 lectione
2506 5753 2698 5810 Veteris
2749 5752 3051 5810 Teatautcnti
3102 5763 3267 5810 manet
3315 5770 3414 5808 non
3463 5752 3789 5824 revelatum,
