4028 6222
332 418 433 474 145

325 533 567 602 quatiam
586 532 638 585 in
664 529 866 585 Christo
888 520 1333 583 evacuatur.Vide
1348 521 1473 592 quid
1494 536 1588 588 per
1611 520 1726 571 haec
1752 514 1914 569 verba

330 627 593 682 ads-treat.
618 622 752 679 Nam
778 620 921 692 quod
953 630 1066 676 tum
1095 616 1266 673 semel
1292 615 1349 670 in
1375 613 1524 668 lose
1546 609 1791 679 contigit,
1807 607 1911 660 hoc

330 727 590 788 perpetuo
643 716 698 769 in
745 722 866 785 tege
903 710 1187 781 contingit.
1231 708 1342 764 Nec
1391 714 1571 760 tamen
1602 702 1689 757 his
1730 696 1912 754 verbis

329 811 501 882 legem
541 807 882 871 criminatur,
913 798 1364 875 quemadmodum
1418 809 1518 851 nec
1560 793 1768 849 llosem
1796 798 1909 844 tum

324 918 447 958 me
461 899 822 961 obvelantem,
835 895 931 952 sed
952 893 1258 951 Judeorum
1275 887 1579 945 vecordiam
1606 903 1621 939 :
1649 884 1738 938 illa
1758 882 1904 937 enim

324 1006 478 1046 suam
498 989 727 1060 gloriam
757 986 953 1051 habet;
971 992 1025 1040 at
1046 982 1133 1038 isti
1157 995 1276 1036 eam
1303 976 1499 1033 intueri
1526 974 1907 1043 nequiverunt.

323 1082 464 1150 Quid
492 1082 653 1151 igitur
693 1078 889 1135 mirum
927 1076 1079 1131 vobis
1102 1071 1432 1141 est,,inquit,
1461 1069 1507 1123 si
1534 1068 1674 1123 hanc
1719 1066 1909 1137 gratim

324 1172 555 1243 gloriam
582 1184 809 1225 cernere
834 1172 1123 1236 nequeant,
1142 1176 1266 1217 cum
1287 1160 1552 1215 minorem
1573 1157 1719 1212 illam
1744 1155 1909 1210 Hosis

326 1277 432 1317 non
465 1257 862 1330 perspexerint,
891 1267 992 1311 nec
1034 1252 1180 1307 illius
1208 1250 1415 1304 vultum
1459 1246 1671 1301 obtueri
1718 1254 1910 1315 potue-

324 1346 472 1409 rint?
501 1351 628 1422 quid
661 1347 974 1413 turbamini,
1003 1344 1049 1399 si
1077 1340 1249 1398 Judtei
1269 1338 1489 1395 Christo
1510 1353 1617 1392 non
1659 1335 1906 1398 credant,

322 1459 443 1499 cum
474 1457 542 1497 ne
571 1441 677 1510 legi
715 1436 932 1509 quidem
974 1432 1238 1489 credam?
1277 1429 1412 1487 Nam
1457 1428 1529 1483 ob
1580 1427 1632 1481 id
1679 1424 1905 1496 gratiam

319 1532 485 1587 etiam
526 1530 860 1599 ignorarunt,
883 1525 1135 1593 quoniam
1178 1538 1245 1577 ne
1273 1521 1437 1575 Vetus
1470 1517 1688 1581 quidem
1719 1515 1910 1569 Testa-

316 1624 562 1669 mentum
595 1629 698 1668 nec
730 1613 903 1682 ipsius
935 1611 1163 1680 gloriam
1194 1615 1597 1679 cognoverunt;
1626 1604 1898 1675 siquidem

316 1708 455 1777 legis
482 1706 653 1776 gloria
687 1705 740 1758 in
775 1704 880 1758 hoc
908 1702 1012 1758 sita
1043 1710 1151 1768 est,
1190 1700 1338 1770 quod
1372 1698 1440 1753 ad
1468 1696 1745 1752 Christum
1774 1696 1902 1750 ani-

320 1811 442 1851 IIIOS
468 1803 775 1851 convertat.

391 1888 446 1942 3.
470 1884 633 1941 Vides
654 1894 715 1940 ut
748 1885 875 1939 hinc
906 1896 1126 1954 quoque
1141 1878 1455 1935 Iudaeorum
1475 1878 1679 1933 fastum
1712 1885 1904 1932 retun-

319 1979 447 2033 dat?
468 1960 680 2031 Etenim
705 1976 851 2031 unde
870 1973 947 2028 illi
971 1972 1349 2043 praestantiore
1367 1970 1683 2025 conditione
1700 1983 1761 2024 se
1779 1982 1905 2023 esse

317 2067 729 2131 existimabant,
744 2080 936 2134 nempe
951 2062 1098 2133 quod
1111 2059 1457 2115 Mosisfacies
1475 2057 1741 2127 fulgorem
1754 2056 1907 2110 emit-

324 2173 483 2225 teret,
510 2160 637 2214 hinc
650 2174 838 2214 eorum
861 2156 1170 2212 crassitiem
1188 2163 1244 2208 et
1257 2152 1620 2222 abjeetionem
1640 2148 1905 2205 ostendit.

321 2253 403 2308 Ne
420 2268 552 2325 ergo
570 2252 676 2307 hoc
693 2252 916 2307 nomine
933 2251 1008 2305 illi
1027 2248 1336 2319 glorientur
1357 2263 1372 2299 :
1396 2245 1526 2315 quid
1546 2244 1694 2299 enim
1711 2243 1819 2297 hoc
1840 2241 1907 2315 ad

322 2343 543 2400 Iudaeos
571 2344 666 2415 qui
697 2344 803 2397 frui
832 2357 940 2397 non
964 2337 1307 2411 potuerunt?
1344 2334 1499 2392 Unde
1528 2335 1693 2391 etiam
1730 2332 1786 2388 id
1818 2346 1911 2387 as-

314 2436 467 2490 sidue
520 2434 975 2498 inculcat,'nunc
1024 2430 1274 2485 videlicet
1327 2429 1500 2498 ipsum
1552 2426 1793 2481 velamen
1847 2425 1901 2478 in

319 2526 529 2583 Veteris
566 2524 900 2581 Testamenti
944 2523 1175 2578 lectione
1210 2534 1319 2575 non
1357 2519 1653 2576 revelatum
1684 2532 1902 2571 manere

314 2618 499 2673 dicens
519 2656 535 2680 ,
562 2617 685 2685 quia
731 2615 785 2669 in
818 2611 1034 2668 Christo
1068 2621 1388 2676 evacuetur;
1433 2623 1577 2665 nunc
1597 2650 1615 2677 ,
1647 2623 1817 2679 usque
1845 2608 1898 2663 in

312 2707 629 2762 hodiernum
649 2704 815 2769 diem,
834 2718 941 2773 quo
962 2713 1201 2771 tempore
1224 2700 1416 2769 legitur
1436 2699 1633 2763 Moses,
1651 2699 1703 2753 id
1725 2699 1900 2769 ipsum

312 2800 555 2855 velamen
596 2798 651 2851 in
690 2797 928 2864 ipsorum
959 2793 1123 2850 corde
1163 2794 1393 2863 positum
1422 2806 1578 2858 esse;
1611 2806 1674 2847 ac
1703 2801 1816 2846 tum
1845 2790 1899 2846 in

310 2891 576 2956 lectione,
608 2900 719 2942 tum
757 2889 809 2943 in
836 2899 1027 2941 eorum
1055 2884 1219 2940 corde
1247 2883 1449 2954 imponi
1484 2882 1692 2938 dicens.
1722 2880 1897 2951 Supe-

308 2982 424 3038 rius
446 2995 577 3036 vero
600 2978 809 3034 dixerat
836 2994 852 3034 :
884 2974 952 3032 Ut
974 2975 1233 3031 intendere
1255 2991 1357 3028 non
1385 2983 1585 3042 possent
1608 2973 1708 3042 lilii
1731 2972 1900 3027 Israel

310 3077 366 3129 in
395 3073 576 3145 faciem
610 3070 773 3126 Hosis
792 3112 808 3137 ,
836 3078 1044 3141 propter
1069 3067 1283 3139 gloriam
1307 3067 1477 3120 uultus
1505 3068 1616 3136 ejus
1638 3080 1753 3135 quc
1778 3081 1897 3120 m-

310 3178 492 3221 cuatur
515 3181 534 3218 :
561 3178 668 3235 quo
699 3162 828 3234 quid
856 3160 1115 3231 abiectius
1144 3159 1269 3231 tingi
1286 3160 1507 3230 possit?
1533 3174 1655 3213 cum
1686 3172 1754 3213 ne
1781 3157 1900 3226 ejus

308 3260 526 3329 quidem
572 3256 798 3328 glorise,
837 3268 958 3327 quae
996 3251 1305 3315 evanescit,
1340 3251 1449 3305 imo
1489 3250 1531 3305 si
1572 3264 1696 3305 cum
1734 3248 1897 3302 altera

309 3349 640 3413 contemtor,
672 3346 816 3401 nulla
852 3350 941 3402 est
965 3352 1295 3413 spectatores
1319 3357 1443 3397 esse
1464 3352 1684 3411 queant,
1713 3343 1808 3397 sed
1831 3341 1900 3395 ab

308 3440 526 3509 ipsisea
552 3440 867 3507 obtegatur,
902 3446 962 3491 ut
1002 3450 1130 3490 non.
1160 3433 1439 3490 intendant
1480 3434 1535 3488 in
1580 3434 1737 3489 finem
1783 3436 1901 3501 ejus

308 3527 454 3599 quod
477 3537 764 3581 evacuatur
786 3567 802 3592 ,
834 3526 936 3580 hoc
958 3533 1044 3579 est
1064 3525 1119 3579 in
1148 3526 1343 3593 legem,
1374 3540 1495 3594 qua:
1525 3525 1687 3580 linem
1717 3525 1897 3579 habet.

310 3618 419 3673 Sed
439 3616 605 3671 obtusi
628 3624 745 3669 sunt
770 3631 945 3669 sensus
971 3628 1163 3667 eorum.
1188 3614 1257 3668 Et
1280 3615 1406 3684 quid
1434 3614 1556 3681 hoc,
1580 3614 1776 3668 dixerit
1800 3614 1898 3668 aliâ€”

308 3712 451 3780 quis,
473 3707 541 3762 ad
570 3707 818 3762 velamen
844 3705 971 3761 illud
987 3705 1013 3758 l
1034 3705 1297 3772 Quoniam
1319 3705 1498 3759 futura
1517 3707 1895 3775 praesignabat.

310 3802 492 3870 Neque
519 3799 662 3854 enim
691 3806 815 3852 tunc
840 3805 1045 3852 tantum
1078 3812 1182 3851 non
1213 3796 1502 3862 viderunt,
1537 3798 1631 3853 sed
1660 3813 1729 3853 ne
1756 3814 1898 3854 nunc

307 3890 526 3962 quidem
553 3890 724 3961 legem
756 3889 962 3945 vident.
997 3889 1109 3943 lloc
1133 3898 1314 3943 autem
1357 3890 1593 3959 ipsorum
1631 3890 1761 3944 vitio
1788 3890 1845 3944 fit
1880 3909 1894 3946 :

304 3984 523 4039 obtusio
541 3984 684 4039 enim
706 3983 901 4038 mentis
925 3995 1199 4051 stuporem
1224 3997 1288 4037 ac
1309 3984 1615 4039 vecordiam
1634 3984 1894 4039 declarat.

306 4071 493 4144 Itaque
531 4088 632 4129 nos
672 4088 898 4139 sumus,
946 4072 1037 4143 qui
1080 4074 1250 4143 legem
1288 4074 1557 4145 cognitam
1589 4075 1848 4131 habemus
1879 4093 1894 4129 :

307 4180 431 4217 nam
463 4164 566 4218 illis
605 4178 712 4218 non
744 4164 906 4219 modo
933 4165 1102 4233 gratia
1123 4204 1139 4230 ,
1171 4164 1268 4220 sed
1301 4164 1414 4235 ipsa
1441 4180 1657 4237 quoque
1685 4167 1770 4223 lex
1797 4167 1897 4223 ob-

305 4253 551 4309 umbrata
578 4262 682 4307 est.
716 4251 890 4322 Usque
926 4255 981 4307 in
1022 4254 1322 4308 hodiernum
1349 4256 1484 4310 enim
1513 4257 1646 4311 diem
1674 4258 1897 4326 idipsum

305 4346 531 4400 velamen
556 4346 609 4396 in
640 4344 852 4398 lectione
887 4343 1080 4397 Veteris
1118 4342 1428 4399 Testamenti
1452 4356 1656 4414 manet,
1690 4349 1893 4417 inquit,

305 4450 409 4489 non
434 4434 724 4496 revelatum,
756 4433 873 4501 quia
900 4432 954 4485 in
983 4430 1183 4489 Christo
1216 4443 1505 4487 evacuatur.
1533 4435 1685 4500 Quod
1713 4446 1895 4491 autem

303 4528 415 4592 ait,
450 4525 587 4581 hanc
616 4525 937 4580 sententiam
968 4523 1128 4579 habet
1160 4541 1175 4577 :
1212 4523 1323 4579 lloc
1348 4524 1520 4593 ipsum
1550 4539 1775 4582 cernere
1803 4543 1896 4582 ne-

302 4626 544 4689 queunt,
572 4631 691 4671 eam
722 4615 885 4671 ï¬nem
914 4615 1186 4687 accepisse
1204 4654 1219 4679 ,
1250 4615 1376 4683 quia
1400 4612 1617 4671 Christo
1645 4631 1750 4672 non
1778 4631 1898 4673 cre-

304 4712 462 4765 dunt.
493 4709 704 4765 Etenim
732 4709 776 4763 si
808 4724 904 4780 per
932 4707 1203 4763 Christum
1232 4707 1391 4763 finem
1416 4710 1642 4780 accepit,
1676 4721 1736 4766 ut
1767 4728 1897 4770 vere

303 4800 545 4871 accepit,
573 4799 734 4867 idque
760 4800 925 4855 etiam
950 4800 1034 4854 lex
1063 4808 1189 4854 ante
1217 4798 1352 4853 dixit
1380 4816 1394 4852 :
1420 4800 1509 4869 qui
1542 4801 1659 4856 fieri
1692 4813 1855 4873 queat
1878 4844 1893 4869 ,

303 4902 365 4948 ut
390 4892 480 4960 qui
508 4889 781 4943 Christum
803 4931 819 4953 ,
847 4905 876 4943 a
906 4905 1014 4959 quo
1050 4890 1136 4945 lex
1172 4889 1443 4957 antiquata
1476 4902 1589 4959 cst,
1620 4909 1726 4949 non
1754 4897 1894 4950 reci-

307 4984 499 5051 piunt,
544 4980 716 5049 legem
765 4981 935 5049 ipsam
981 4983 1309 5052 antiquatum
1359 4997 1480 5037 esse
1529 4985 1896 5055 perspiciam?

306 5073 477 5127 Porro
500 5070 589 5141 qui
622 5070 723 5124 hoc
750 5072 1058 5139 perspicere
1088 5082 1379 5142 nequeunt,
1416 5075 1587 5141 palam
1628 5091 1760 5132 sane
1787 5088 1893 5145 est,

304 5162 449 5235 quod
490 5162 657 5232 ipsius
684 5163 845 5215 etiam
877 5162 1006 5231 legis
1039 5178 1158 5233 quae
1199 5163 1313 5217 hazc
1340 5163 1467 5217 dicit
1503 5166 1606 5217 vim
1638 5182 1701 5219 ac
1731 5167 1897 5223 robur

304 5255 639 5327 gloriamque
665 5253 967 5307 universam
998 5255 1260 5325 ignorent.
1295 5262 1363 5311 At
1388 5257 1601 5310 ubinam
1627 5258 1785 5325 dixit,
1815 5262 1896 5316 in-

305 5347 492 5417 quies,
522 5344 604 5399 lex
635 5358 695 5398 se
738 5360 789 5397 Ill
819 5342 1037 5398 Christo
1076 5345 1318 5402 aboleri?
1354 5347 1469 5402 Non
1514 5348 1688 5403 solum
1720 5350 1893 5418 dixit,

305 5437 400 5493 ted
440 5434 603 5490 etiam
650 5450 745 5504 per
785 5449 874 5489 res
917 5435 1062 5505 ipsas
1101 5437 1488 5494 demonstravit
1520 5457 1531 5491 :
1563 5455 1627 5494 ac
1666 5441 1894 5509 primum

303 5528 522 5599 quidem
550 5527 691 5596 quod
718 5528 983 5583 sacrillcia
1010 5537 1064 5583 ct
1092 5530 1565 5587 sanctiï¬cationem
1595 5546 1809 5587 omnem
1841 5536 1892 5587 in

306 5634 416 5672 uno
444 5618 593 5685 loco,
623 5617 725 5673 hoc
748 5628 834 5675 est
862 5618 916 5674 in
948 5619 1176 5691 templo,
1201 5624 1559 5687 concluserit,
1596 5635 1756 5695 atque
1795 5626 1897 5684 hoc

307 5712 483 5779 ipsum
512 5711 767 5783 templutn
800 5723 985 5783 postea
1014 5713 1342 5770 destructum
1372 5718 1462 5773 sit.
1492 5716 1604 5771 Nisi
1631 5718 1775 5773 enim
1803 5732 1892 5774 sa-

308 5800 511 5860 criï¬cia
534 5814 591 5862 et
616 5806 788 5876 legem
816 5821 1032 5863 omnem
1061 5807 1129 5863 de
1160 5807 1242 5863 his
1281 5809 1574 5865 institutam
1607 5811 1768 5866 linem
1800 5810 1895 5867 ha-

1393 404 1462 463 IN
1500 399 1713 461 EPIST.
1755 402 1798 458 Î™Î™
1862 398 1955 455 Î‘Î™)
1990 399 2145 455 00R.
2189 398 2417 455 HOMIL.
2456 397 2572 455 Î½Î·.

3503 406 3608 463 Î¹Î¹Î¿

2022 511 2150 569 bere
2172 513 2451 578 voluisset,
2475 512 2701 567 duorum
2722 512 2949 566 alterum
2977 511 3210 578 fecisset,
3235 523 3328 570 ant
3350 518 3606 587 templum

2020 620 2124 659 non
2161 604 2505 668 sustulisset,
2534 613 2620 656 aut
2643 644 2662 675 ,
2702 605 2745 656 si
2788 602 3129 670 sustulisset,
3161 607 3418 662 sacrificia
3458 620 3608 665 certe

2016 695 2134 749 aliis
2164 695 2217 750 in
2254 694 2385 748 locis
2415 694 2531 749 ï¬eri
2561 708 2666 748 non
2696 693 3075 762 prohibuisset.
3110 694 3262 751 Nunc
3285 712 3450 759 vero,
3479 714 3604 753 cum

2015 785 2266 840 universo
2289 794 2549 840 terrarum
2572 785 2686 840 orbi
2715 794 2769 839 et
2800 786 2896 855 ipsi
2924 802 3140 858 quoque
3164 788 3463 842 Jerusalem
3487 789 3603 844 adi~

2014 883 2127 930 tum
2166 876 2232 931 ad
2271 874 2577 943 huiusmodi
2623 876 2882 931 sacriï¬cia
2926 879 3253 946 pra-cluserit
3278 920 3291 941 ,
3322 880 3605 948 solumque

2016 968 2271 1037 templum
2319 966 2450 1036 ipsis
2497 968 2800 1034 permiserit
2841 977 2895 1022 et
2940 968 3258 1038 assignarit,
3298 977 3457 1038 atque
3500 968 3605 1024 hoc

2013 1058 2189 1129 ipsum
2218 1066 2399 1127 postea
2428 1057 2703 1112 sustulerit
2730 1074 2743 1112 :
2770 1073 2868 1128 per
2895 1072 2983 1112 res
3009 1058 3153 1127 ipsas
3184 1058 3396 1113 tandem
3421 1058 3605 1114 decla-

2013 1149 2183 1208 ravit.
2214 1148 2346 1216 legis
2374 1148 2507 1202 ritus
2536 1162 2631 1217 per
2656 1146 2927 1201 Christum
2973 1148 3133 1202 linem
3175 1149 3449 1217 accepisse
3480 1166 3493 1199 :
3523 1151 3600 1203 si-

2010 1240 2227 1311 quidem
2256 1238 2513 1308 templum
2542 1253 2573 1292 a
2595 1236 2811 1293 Christo
2837 1239 3105 1292 sublatum
3128 1248 3232 1293 est.
3256 1239 3407 1306 Quod
3436 1240 3480 1293 si
3507 1254 3605 1308 per

2014 1331 2175 1386 verba
2204 1343 2419 1403 quoque
2454 1329 2637 1385 videre
2675 1329 2838 1396 libet,
2882 1331 3151 1398 quomodo
3197 1346 3293 1400 per
3328 1330 3602 1387 Christum

2010 1419 2096 1475 lex
2125 1420 2377 1491 abrogata
2405 1420 2496 1487 sit,
2526 1420 2815 1489 ipsummet
2852 1421 3210 1492 legislatorcm
3238 1424 3380 1487 audi,
3406 1425 3486 1478 sic
3514 1426 3600 1479 Î¹Î¿.

2009 1522 2262 1583 quentem
2290 1530 2309 1568 :
2337 1510 2652 1583 Prophetam
2686 1513 2825 1568 vobis
2862 1514 3123 1575 suscitabit
3162 1514 3302 1570 Deus
3336 1515 3398 1570 de
3432 1518 3599 1572 medio

2008 1610 2227 1676 fratrum
2268 1616 2550 1661 vestrorum
2572 1647 2588 1673 ,
2637 1616 2896 1677 tamquam
2940 1624 3021 1661 nte
3045 1608 3255 1680 {ipsum
3292 1610 3507 1663 audietis
3542 1609 3599 1665 in

2008 1695 2260 1760 omnibus,
2288 1709 2615 1764 quacumque
2650 1698 2964 1751 mandaverit
3002 1699 3161 1769 vobis.
3195 1697 3263 1752 Et
3290 1700 3403 1763 erit,
3433 1702 3600 1754 omnis

2008 1788 2179 1841 animo
2201 1802 2315 1855 quia
2338 1787 2638 1857 prophetam
2666 1787 2813 1841 illum
2844 1803 2945 1842 non
2972 1789 3214 1858 audierit,
3244 1791 3602 1845 exterminabi-

2009 1891 2092 1935 tur
2119 1879 2300 1951 (Deut.
2334 1881 2420 1937 l8.
2451 1882 2538 1936 l8.
2569 1880 2683 1952 l9).
2722 1881 2882 1938 Vides
2908 1897 3014 1960 quo
3040 1893 3199 1953 pacto
3226 1884 3311 1939 lex
3340 1884 3591 1939 ostende-

2010 1977 2112 2039 rit,
2139 1971 2281 2044 quod
2316 1973 2368 2027 in
2404 1971 2621 2028 Christo
2657 1972 2819 2028 linem
2861 1983 3146 2043 acceptura
3170 1976 3356 2031 esset?
3380 1974 3595 2031 Etenim

2009 2065 2264 2134 propheta
2307 2063 2431 2129 hic,
2473 2064 2527 2118 id
2568 2073 2683 2129 est,
2719 2064 2964 2120 Christus
3002 2066 3298 2121 secundum
3334 2080 3552 2122 carnem
3576 2107 3594 2131 .

2008 2171 2167 2226 quem
2194 2156 2368 2212 Moses
2394 2156 2583 2213 audire
2620 2158 2809 2227 iussit,
2836 2167 2893 2212 et
2920 2158 3198 2213 sabbatum
3228 2170 3284 2213 et
3310 2160 3599 2215 circumcl-

2007 2250 2216 2303 sioncm
2247 2248 2458 2317 aliaque
2481 2248 2660 2306 omnia
2691 2248 2923 2303 sustulit.
2954 2250 3033 2303 Ac
3061 2249 3225 2304 David
3255 2249 3357 2305 hoc
3384 2266 3598 2321 quoque

2007 2338 2179 2406 ipsum
2208 2336 2471 2397 indicans.
2503 2337 2571 2392 de
2598 2337 2813 2393 Chrism
2837 2338 3050 2393 dicebat
3072 2356 3085 2392 :
3109 2338 3193 2393 Tu
3214 2356 3267 2394 es
3286 2340 3521 2393 sacerdos
3542 2342 3597 2394 in

2005 2439 2249 2483 (sternunt
2291 2428 2569 2482 secundum
2613 2429 2845 2484 ordinem
2885 2428 3222 2485 Melcltisedec
3251 2430 3436 2500 (Psal.
3470 2430 3595 2487 {09.

2004 2520 2085 2589 Î¹),
2113 2534 2216 2572 non
2243 2525 2420 2571 autem
2445 2518 2740 2573 secundum
2765 2519 3008 2573 ordinem
3035 2522 3236 2576 Aaron.
3266 2520 3347 2577 0h
3369 2535 3597 2591 eamque

2003 2623 2219 2664 causam
2245 2608 2439 2663 Paulus
2466 2608 2747 2678 perspicue
2777 2607 2880 2663 hoc
2906 2624 3182 2678 exponens
3200 2650 3218 2675 ,
3248 2612 3325 2664 ait
3349 2628 3363 2665 :
3393 2609 3593 2664 Trans-

2004 2696 2109 2753 lata
2133 2698 2435 2765 sacerdotio,
2464 2714 2663 2753 necesse
2681 2709 2753 2753 est
2777 2708 2831 2751 ut
2852 2699 2980 2769 legis
3004 2700 3270 2753 translatio
3290 2701 3383 2768 ï¬at
3403 2700 3590 2770 (Hebr.

2003 2793 2057 2848 7.
2084 2792 2195 2864 12).
2218 2795 2393 2863 Atque
2412 2793 2518 2847 alio
2547 2793 2665 2847 loco
2691 2792 2773 2845 liis
2796 2806 3007 2846 rursum
3031 2792 3211 2847 verbis
3241 2792 3406 2847 utitur
3436 2811 3451 2848 :
3483 2792 3590 2846 Sa-

2001 2885 2250 2953 criï¬cium
2278 2893 2325 2938 et
2348 2885 2649 2939 oblationem
2675 2883 2883 2943 noluisti
2907 2898 2926 2937 :
2953 2882 3248 2939 holocausta
3275 2894 3320 2937 et
3349 2900 3442 2953 pro
3473 2899 3594 2952 pec-

1999 2986 2113 3033 cato
2140 2991 2241 3029 non
2277 2974 2576 3042 placuerunt
2601 2974 2687 3027 tibi
2717 2989 2737 3027 :
2763 2984 2883 3028 tunc
2911 2973 3021 3029 dixi
3039 3016 3054 3038 ,
3080 2972 3216 3028 Ecce
3247 2967 3590 3045 oeniolPsaI.

2000 3068 2091 3125 39.
2116 3067 2178 3125 7;
2222 3063 2385 3119 Hebr.
2427 3064 2515 3119 10.
2543 3065 2639 3120 5-7
2666 3068 2706 3133 ).
2749 3065 2924 3135 Atque
2962 3065 3063 3119 alia
3108 3065 3277 3121 multo
3316 3065 3399 3120 bis
3441 3065 3593 3135 plura

2004 3158 2306 3214 testimonia
2337 3172 2403 3212 ex
2439 3157 2613 3212 Veteri
2646 3155 2990 3212 Testamento
3019 3159 3264 3226 proferre
3290 3159 3436 3225 licet,
3467 3158 3592 3229 qui-

2002 3251 2121 3318 bus,
2150 3250 2417 3321 quomodo
2447 3250 2531 3305 lex
2564 3265 2660 3318 per
2684 3247 2953 3304 Christum
2983 3249 3237 3319 abrogata
3265 3250 3357 3315 sit,
3387 3250 3594 3320 perspi-

2002 3358 2162 3399 cuum
2187 3341 2296 3397 ï¬at.
2318 3342 2497 3413 Itaque
2527 3352 2872 3411 posteaquam
2900 3355 2928 3393 a
2956 3339 3073 3411 lege
3098 3341 3445 3404 abscesseris.
3473 3352 3587 3398 tum

2001 3434 2219 3489 demum
2263 3433 2435 3503 legem
2485 3432 2706 3502 pulchre
2754 3431 3367 3502 perspicies:quamdiu
3409 3444 3588 3488 autem

2000 3541 2121 3584 eam
2142 3524 2457 3589 retiuueris,
2486 3539 2587 3579 nec
2613 3523 2826 3581 Christo
2849 3523 3165 3588 credideris,
3189 3539 3264 3580 ne
3283 3525 3453 3595 legem
3476 3525 3593 3595 qui-

2000 3614 2123 3669 dem
2169 3614 2341 3683 ipsam
2385 3624 2724 3682 perspectam
2770 3612 3050 3668 habiturus
3086 3628 3165 3669 es.
3204 3614 3366 3679 Ideo,
3393 3623 3454 3669 ut
3492 3614 3596 3669 hoc

2001 3706 2175 3773 ipsum
2205 3704 2527 3759 luculentius
2555 3705 2816 3770 adstruat,
2844 3706 3155 3774 subjunxit:
3182 3706 3267 3759 15.
3299 3705 3407 3759 Sed
3425 3708 3476 3759 in
3502 3708 3595 3759 Ito-

2001 3796 2233 3849 diernum
2257 3810 2414 3864 usque
2442 3795 2594 3859 diem,
2623 3810 2740 3847 cum
2768 3794 2953 3864 legitur
2982 3792 3207 3863 Moyses.
3240 3797 3462 3849 velamen
3492 3813 3591 3866 po-

2000 3887 2149 3939 situm
2177 3894 2246 3939 est
2273 3900 2424 3953 super
2460 3900 2547 3937 cor
2580 3899 2776 3937 eorum.
2806 3883 3068 3951 Quoniam
3096 3886 3240 3937 enim
3269 3885 3508 3948 dixerat,
3537 3885 3589 3940 in

2003 3976 2212 4032 Veteris
2234 3976 2273 4028 Î¤
2277 3975 2559 4030 estanienti
2586 3974 2814 4029 lectione
2840 3960 3077 4030 velamen
3106 3990 3357 4041 manere;
3384 3992 3452 4031 ne
3470 3978 3593 4047 quis

2002 4067 2119 4122 haec
2144 4067 2303 4121 verba
2329 4066 2396 4122 de
2434 4067 2565 4134 legis
2593 4066 2917 4121 obscuritate
2956 4067 3296 4137 intelligenda
3326 4083 3446 4124 esse
3468 4070 3588 4125 exi-

2000 4161 2261 4219 stimaret,
2296 4168 2403 4211 ttnn
2434 4173 2529 4226 per
2551 4159 2652 4210 alia
2679 4158 2838 4212 verba
2867 4161 2967 4213 hoc
2992 4161 3165 4228 ipsum
3194 4163 3344 4229 prius
3366 4162 3591 4217 demou-

2000 4250 2188 4306 stravit
2216 4248 2362 4321 (nam
2392 4263 2513 4304 cum
2545 4249 2790 4315 dixisset,
2823 4248 2996 4304 Obtusi
3036 4262 3157 4305 sunt
3181 4268 3361 4307 sensus
3393 4270 3588 4319 eorum,

2000 4344 2234 4398 ostendit
2258 4358 2351 4398 eos
2375 4343 2427 4397 in
2453 4344 2607 4413 culpa
2629 4343 2806 4416 esse);
2839 4354 2949 4399 tum
2976 4360 3160 4400 rursus
3184 4346 3238 4400 in
3271 4346 3353 4401 his
3378 4360 3595 4417 quoque

2000 4435 2200 4489 verbis.
2248 4434 2363 4489 Non
2386 4436 2546 4489 cnim
2588 4436 2756 4498 dixit,
2788 4435 2844 4491 In
2879 4436 3047 4493 literis
3085 4448 3268 4492 manet
3304 4438 3587 4506 velamen,

2001 4526 2119 4591 sed,
2148 4523 2214 4579 In
2245 4526 2496 4588 lectione;
2521 4524 2679 4581 lectio
2705 4540 2867 4594 porro
2893 4526 3182 4597 legentium
3208 4529 3351 4584 actio
3374 4540 3457 4584 est
3486 4547 3499 4585 :
3527 4545 3591 4585 ac

2002 4635 2244 4683 rursum,
2276 4618 2405 4674 Cum
2439 4618 2621 4688 legitur
2649 4615 2876 4687 Moyses.
2919 4619 3212 4675 Dilucidius
3237 4632 3415 4677 atuem
3447 4622 3589 4677 istud

2001 4712 2254 4779 deinceps
2294 4709 2542 4763 indicavit
2569 4749 2585 4775 ,
2617 4719 2804 4780 aperte
2830 4709 3050 4777 dicens,
3091 4710 3329 4767 Velanmt
3369 4715 3589 4783 posituris

2000 4812 2074 4858 est
2100 4816 2253 4866 super
2276 4816 2363 4853 cor
2382 4815 2581 4852 eorum.
2609 4796 3049 4870 Quandoquidem
3087 4811 3143 4857 et
3180 4802 3235 4857 in
3264 4802 3424 4859 Hosis
3452 4804 3592 4860 facie

2001 4912 2106 4952 non
2133 4896 2204 4950 ob
2229 4895 2430 4949 Mosem
2456 4895 2683 4964 positum
2704 4905 2843 4963 erat,
2866 4896 2960 4952 sed
2990 4907 3213 4969 propter
3232 4913 3418 4954 eorum
3443 4914 3593 4956 cras-

2000 4986 2174 5043 sitiem
2201 4997 2254 5038 ct
2286 4985 2558 5041 carnalem
2587 4999 2843 5042 mentem.

2070 5076 2126 5131 4.
2157 5074 2292 5130 Cum
2321 5076 2480 5147 igitur
2510 5092 2606 5131 eos
2636 5080 2767 5133 satis
2791 5078 3143 5148 coarguisset,
3162 5080 3276 5148 jam
3300 5084 3593 5153 correctio-

2002 5169 2086 5224 nis
2112 5168 2273 5224 etiam
2300 5168 2516 5223 modum
2541 5169 2799 5225 ostendit.
2826 5171 3053 5236 Quinam
3084 5180 3263 5228 autem
3291 5173 3377 5228 hic
3399 5174 3592 5230 modus

1999 5259 2115 5314 est?
2148 5259 2233 5313 16.
2264 5257 2393 5312 Cum
2422 5269 2591 5314 autem
2616 5276 2883 5315 conuersus
2902 5261 3055 5331 fuerit
3075 5261 3144 5315 ad
3168 5261 3464 5329 Dominum,
3491 5266 3593 5320 hoc

1999 5360 2099 5414 est,
2130 5365 2160 5404 a
2192 5350 2309 5420 lege
2336 5350 2679 5417 abscesserit,
2711 5356 2969 5422 auferetur
2998 5354 3246 5408 oetam.
3279 5354 3466 5410 Videnâ€˜
3494 5372 3591 5412 ve-

2001 5442 2177 5495 lamen
2206 5440 2332 5495 Illud
2363 5458 2469 5495 non
2498 5442 2685 5497 faciem
2722 5442 2914 5507 Musis,
2941 5445 3034 5499 sed
3065 5446 3253 5500 faciem
3283 5446 3588 5502 Iudaeorum

2000 5533 2311 5589 obtexis'se?
2336 5534 2449 5589 Non
2472 5535 2614 5589 enim
2636 5543 2694 5589 ut
2715 5534 2876 5588 Hosis
2898 5536 3066 5604 gloria
3087 5537 3466 5602 occultaretur,
3492 5539 3594 5594 hoc

2001 5628 2184 5688 ï¬ebat.
2209 5627 2305 5682 sed
2326 5643 2393 5682 ne
2414 5628 2487 5681 illi
2512 5626 2789 5682 viderent:
2811 5642 2987 5698 neque
3006 5629 3149 5683 enim
3169 5630 3397 5699 capaces
3416 5641 3590 5685 erant.

2002 5716 2182 5789 Itaque
2223 5719 2437 5773 illorum
2483 5718 2583 5773 hoc
2624 5718 2809 5773 vitium
2852 5729 2973 5774 erat
3003 5736 3019 5775 :
3054 5735 3225 5787 neque
3254 5723 3396 5775 enim
3433 5722 3590 5788 fecit,

2001 5823 2060 5866 ut
2086 5811 2176 5867 ille
2200 5811 2487 5883 quidquam
2516 5811 2805 5882 ignoraret,
2833 5811 2927 5867 sed
2956 5821 3015 5866 ut
3042 5810 3143 5866 illi.
3173 5811 3279 5867 Nec
3308 5812 3448 5868 dixit
3473 5816 3591 5885 qui-
