4028 6222
501 370 602 425 “7

498 484 643 548 dem,
668 480 801 538 Cum
823 482 992 551 legem
1014 478 1327 550 reliquerit;
1352 478 1447 533 sed
1469 478 1571 533 hoc
1591 477 1945 533 subiudicavit
1965 493 2088 534 cum

499 576 701 631 diceret
732 593 747 632 :
774 555 901 631 Cum
932 575 1065 627 enim
1091 586 1360 627 conversus
1388 573 1540 643 fuerit
1566 572 1636 623 ad
1672 570 1967 635 Dominum,
1994 588 2089 625 au—

503 668 688 736 feretur
715 666 961 720 oelamen.
987 664 1067 719 Ad
1094 673 1395 719 extremum
1428 677 1596 732 usque
1624 663 1676 716 in
1706 664 1925 717 historia
1961 679 2087 733 per-

500 756 650 811 stitit.
679 754 888 810 Etenim
910 770 1032 809 cum
1054 753 1227 809 Moses
1247 752 1463 808 Judmos
1483 754 1869 822 alioqueretur,
1896 753 2083 809 faciem

501 862 647 902 suam
676 847 991 907 obvelabat;
1016 861 1135 898 cum
1164 854 1343 899 autem
1371 844 1436 897 ad
1466 844 1749 897 Dominum
1776 858 1835 897 se
1862 859 2080 899 conver-

502 940 675 1006 tebat,
704 955 822 993 eam
854 938 1153 1007 detegebat.
1200 937 1311 990 lioc
1353 948 1531 989 autem
1577 935 1655 989 rei
1697 934 1887 989 futurae
1922 935 2082 1004 figura

511 1032 651 1094 «rat;
690 1043 881 1098 nempe
919 1028 1059 1095 quod
1079 1068 1095 1091 ,
1126 1043 1247 1081 cum
1274 1026 1339 1080 ad
1371 1026 1654 1080 Dominum
1683 1026 1928 1094 nosipsos
1954 1041 2084 1081 con-

501 1120 820 1175 venerimus
841 1162 854 1181 ,
886 1128 1008 1173 tunc
1040 1120 1172 1188 legis
1202 1120 1427 1188 gloriam
1457 1133 1521 1171 ac
1552 1118 1745 1172 nudam
1775 1118 2089 1187 legislatoris

502 1213 690 1266 faciem
735 1212 1117 1279 perspiciemus
1151 1226 1166 1267 :
1196 1211 1303 1264 imo
1344 1224 1448 1262 non
1493 1208 1595 1279 hqc
1636 1216 1841 1261 tantum
1865 1249 1879 1272 ,
1910 1208 2001 1261 sed
2038 1210 2087 1261 in

502 1265 663 1354 Musis
690 1265 875 1354 classe.
900 1310 1059 1368 atque
1101 1299 1291 1353 ordine
1329 1265 1564 1351 erimus.)
1595 1296 1755 1351 Vides
1788 1312 1895 1366 quo
1933 1305 2089 1365 pacto

499 1393 740 1447 Judaeum
772 1393 836 1447 ad
872 1392 1028 1446 iidem
1057 1391 1296 1445 excitet?
1331 1390 1456 1445 dum
1488 1390 1722 1446 ostendit
1756 1405 1878 1444 eum
1902 1432 1915 1452 ,
1945 1392 1989 1444 si
2020 1391 2086 1445 ad

500 1484 655 1538 tidem
687 1483 997 1545 accesserit,
1021 1498 1125 1536 non
1151 1482 1308 1535 modo
1333 1481 1533 1535 Mnsem
1562 1481 1754 1536 intueri
1785 1496 1962 1552 posse,
1991 1482 2086 1537 sed

495 1576 656 1629 etiam
687 1576 739 1627 in
767 1574 956 1627 eodem
982 1588 1087 1641 quo
1116 1572 1387 1641 legislator
1409 1572 1494 1624 ille
1515 1571 1683 1641 gradu
1710 1581 1869 1641 atque
1894 1573 2087 1629 ordine

497 1680 636 1719 esse.
669 1664 785 1718 Non
820 1663 977 1716 modo
1016 1663 1159 1717 enim
1195 1677 1312 1716 eam
1352 1663 1576 1731 gloriam
1619 1676 1843 1726 cernes,
1876 1664 2083 1732 inquit,

498 1773 657 1827 quam
686 1765 797 1811 tum
828 1757 1047 1811 minime
1074 1756 1251 1811 vidisti
1276 1796 1292 1822 ,
1325 1757 1420 1811 sed
1448 1764 1502 1810 et
1538 1758 1653 1825 ipse
1689 1757 1741 1810 in
1771 1758 1957 1811 eadem
1985 1772 2087 1826 qua

496 1849 585 1904 ille
614 1849 778 1918 gloria
812 1846 1020 1901 futurus
1045 1861 1124 1907 es,
1150 1846 1259 1901 imo
1286 1847 1455 1901 mttlto
1478 1847 1638 1900 etiam
1673 1848 1897 1947 majore,
1929 1856 2089 1947 atque

497 1947 680 2001 tanta,
712 1946 768 1990 ut
796 1952 863 1991 ne
902 1937 988 1990 illa
1018 1935 1234 2005 quidem
1265 1937 1449 2005 glorias
1478 1937 1713 2003 speciem
1752 1936 2015 2003 prarbeat,
2043 1935 2088 1988 si

496 2043 617 2083 cum
654 2028 753 2082 hac
794 2040 1155 2096 comparetur.
1195 2027 1437 2094 Quonam
1472 2027 1687 2081 tandem
1720 2027 1914 2079 modo?
1941 2027 2088 2094 Quo-

499 2121 641 2175 niam
667 2160 683 2185 ,
712 2135 833 2174 cum
862 2120 928 2174 ad
963 2121 1244 2174 Dominum
1288 2134 1582 2174 conversus
1608 2119 1773 2174 fueris
1796 2162 1812 2185 ,
1844 2132 2003 2191 atque
2032 2122 2087 2176 in

496 2210 665 2279 gratia
694 2226 817 2266 esse
844 2213 1096 2278 coeperis,
1126 2211 1215 2263 illa
1253 2210 1417 2279 gloria
1449 2209 1671 2278 frueris,
1697 2226 1816 2265 cum
1842 2227 1945 2280 qua
1970 2211 2086 2267 Mo-

496 2301 573 2352 sis
600 2299 766 2367 gloria
793 2300 1007 2359 collata,
1037 2314 1207 2367 usque
1234 2299 1370 2354 adeo
1402 2298 1624 2353 inferior
1648 2308 1751 2366 est,
1782 2310 1840 2354 ut
1875 2316 1941 2356 ne
1969 2303 2085 2372 glo-

499 2389 575 2441 ria
602 2389 817 2456 quidem
848 2388 937 2443 sit.
974 2388 1035 2443 Et
1063 2398 1239 2443 tamen
1271 2390 1514 2458 quamvis
1540 2390 1732 2461 exigua
1760 2407 1821 2445 ea
1849 2394 1938 2455 sit,
1972 2394 2087 2447 ion-

496 2492 670 2547 geque
714 2478 889 2531 minor
927 2478 1025 2531 ista
1046 2519 1063 2540 ,
1096 2488 1271 2532 tamen
1313 2480 1567 2549 quamdiu
1600 2480 1818 2535 Judzeus
1842 2484 1949 2536 cris
1975 2525 1987 2545 ,
2018 2500 2087 2539 ne

500 2567 641 2621 hanc
670 2567 882 2636 quidem
918 2572 1304 2637 consequeris;
1345 2584 1475 2638 ergo
1519 2586 1693 2640 neque
1742 2582 1866 2625 tunc
1914 2572 2087 2627 Judaei

498 2658 644 2711 illam
676 2659 947 2724 videbant,
980 2674 1151 2728 neque
1191 2674 1332 2713 nunc
1358 2660 1542 2713 vident
1571 2678 1586 2713 :
1624 2662 1668 2714 si
1712 2672 1886 2715 autem
1930 2664 2086 2717 tidem

499 2750 777 2816 amplexus
803 2748 982 2811 fut-ris,
1014 2753 1113 2802 hac
1140 2749 1310 2802 multo
1338 2749 1595 2818 majorem
1622 2751 1803 2805 divino
1831 2752 2088 2810 beneficio

500 2839 817 2909 perspicies.
849 2840 914 2893 Et
939 2840 1154 2906 quidem
1178 2880 1194 2903 ,
1221 2855 1343 2894 cum
1384 2842 1630 2897 lidelihus
1658 2845 1819 2898 verita
1852 2845 2084 2913 faceret,

456 2947 459 2949 ί
496 2930 853 3002 gloriﬁcatum
894 2930 1058 2986 fuisse
1084 2934 1312 3002 negabat
1339 2932 1390 2987 id
1416 2936 1557 3003 quod
1586 2936 1937 3005 gloriﬁcatum
1968 2939 2086 2993 fue-

496 3029 618 3074 rat:
643 3019 729 3074 hic
752 3031 928 3074 autem
952 3035 1056 3074 non
1081 3021 1173 3085 ita,
1199 3020 1294 3076 sed
1321 3038 1426 3091 quo
1454 3032 1608 3093 pacto
1629 3025 1651 3079 ?
1674 3025 1798 3080 Cum
1819 3043 2087 3082 conversus

498 3111 650 3181 fuerit
675 3110 743 3164 ad
772 3110 1063 3177 Dominum,
1095 3112 1299 3166 tolletur
1324 3115 1546 3169 velamen
1567 3132 1587 3181 ,'
1612 3120 1815 3173 sensim
1842 3119 2088 3173 videlicet

496 3202 647 3257 illum
684 3201 988 3257 subvehens
1007 3242 1022 3264 ,
1054 3218 1119 3258 ac
1156 3203 1385 3269 primum
1414 3206 1628 3275 quidem
1662 3208 1714 3262 in
1744 3210 1934 3263 eodem
1961 3226 2085 3263 cum

499 3294 649 3348 Mosa
676 3294 843 3362 gradu
865 3294 1157 3359 collocatis,
1183 3295 1378 3350 deinde
1402 3305 1580 3351 autem
1611 3299 1874 3367 majorum
1905 3316 2085 3355 rerum

497 3390 805 3438 consortem
837 3398 959 3436 eum
992 3381 1211 3437 faciens.
1240 3389 1373 3439 Nam
1402 3401 1523 3440 cum
1555 3387 1775 3452 Mosam,
1809 3390 1997 3459 inquit,
2032 3392 2085 3446 in

497 3471 666 3541 gloria
706 3471 903 3526 videris
925 3514 941 3537 ,
983 3482 1094 3526 tum
1132 3472 1344 3528 demum
1379 3477 1445 3529 ad
1490 3477 1654 3531 Deum
1685 3487 1735 3533 te
1763 3490 2083 3549 convertes,

497 3562 863 3631 atnplioreque
902 3577 1062 3631 quam
1105 3563 1220 3618 ilth
1265 3564 1333 3619 sit
1371 3566 1537 3636 gloria
1584 3568 1796 3625 frueris.
1836 3571 2017 3642 itaque
2052 3590 2083 3628 a

497 3652 759 3720 principio
788 3652 905 3706 vide
930 3661 1185 3721 quotnam
1224 3669 1310 3709 res
1346 3659 1617 3724 posuerit,
1646 3676 1764 3730 quze
1791 3662 2081 3720 discrimen

494 3741 790 3808 efﬁcerent,
818 3753 977 3812 atque
1000 3742 1128 3797 illud
1154 3746 1519 3813 ostenderent,
1542 3750 1747 3805 Novum
1771 3752 2084 3810 Testamen-

497 3842 608 3887 tum
657 3832 831 3887 Veteri
880 3842 1167 3903 praestare,
1210 3852 1315 3889 non
1358 3847 1536 3891 autem
1575 3854 1696 3892 cum
1736 3856 1804 3895 eo
1847 3858 2084 3911 pugnare

494 3934 655 3993 atque
680 3924 780 3991 ipsi
806 3924 1100 3977 adversari.
1136 3924 1292 3991 illud,
1324 3925 1517 3996 inquit,
1545 3939 1601 3984 et
1630 3930 1807 3998 litera,
1836 3942 1891 3987 et
1924 3935 2079 4003 lapis,

494 4023 550 4069 et
578 4013 767 4067 mortis
800 4012 1119 4068 ministratio
1157 4023 1300 4081 erat,
1328 4028 1382 4071 et
1415 4019 1699 4085 aboletur;
1727 4031 1781 4076 et
1811 4034 1986 4081 tamen
2016 4041 2084 4081 ne

495 4104 597 4158 hac
617 4102 830 4173 quidem
852 4104 1018 4173 gloria
1040 4105 1207 4161 Judaei
1232 4107 1373 4178 digni
1402 4109 1565 4165 habiti
1592 4124 1716 4167 sunt
1740 4133 1754 4168 :
1780 4113 1879 4169 hoc
1900 4127 2078 4173 autem

493 4195 725 4249 carnalis
746 4195 923 4249 tabula
948 4207 1053 4262 est,
1080 4207 1135 4252 ct
1158 4201 1399 4268 spiritus,
1425 4211 1481 4256 et
1501 4203 1728 4272 iustitia,
1754 4217 1809 4262 et
1832 4220 2083 4263 constan-

496 4293 578 4337 ter
602 4294 820 4348 manet;
852 4298 1013 4356 atque
1040 4303 1227 4343 omnes
1252 4306 1317 4344 eo
1337 4292 1479 4361 digni
1505 4294 1780 4364 habemur,
1812 4316 1916 4355 non
1944 4316 2081 4356 unus

497 4379 723 4434 tantum,
755 4383 813 4426 ut
838 4384 950 4426 tum
977 4374 1151 4430 Moses
1178 4378 1271 4431 illo
1298 4380 1511 4436 minore'
1533 4400 1547 4436 :
1567 4383 1690 4439 Nos
1718 4391 1859 4444 enim
1884 4408 2076 4458 ontnes,

495 4460 688 4531 inquit,
716 4462 935 4517 revelata
959 4466 1092 4534 [acie
1110 4467 1346 4536 gloriam,
1375 4488 1479 4525 non
1507 4474 1723 4547 Moysis,
1752 4484 1845 4539 sed
1872 4484 2081 4540 Domini

492 4552 770 4607 intuemur.
818 4554 1012 4610 Verum
1059 4560 1309 4628 quoniam
1357 4567 1627 4631 nonnulli,
1669 4574 1827 4629 rebus
1865 4594 1983 4648 quas
2027 4581 2077 4634 in

492 4645 742 4700 confesso
776 4656 929 4701 erant
968 4649 1330 4716 reluctantes,
1360 4652 1476 4709 hzec
1518 4659 1678 4713 verba
1699 4700 1714 4725 ,
1749 4645 2079 4723 Cum—autem

493 4749 762 4789 conuersus
784 4737 935 4805 fuerit
959 4739 1027 4791 ad
1047 4738 1325 4796 Dominum
1341 4785 1357 4809 ,
1380 4744 1449 4799 de
1475 4746 1609 4803 Filio
1635 4749 1775 4807 dicta
1797 4770 1915 4812 esse
1943 4774 2077 4813 con-

496 4824 738 4888 tendunt,
756 4831 1063 4884 accuratius
1087 4834 1223 4887 istud
1245 4837 1628 4906 expendamus,
1654 4844 1784 4899 illud
1811 4849 1955 4917 prius
1980 4866 2079 4921 po-

494 4924 721 4973 nentes.
752 4919 893 4972 unde
918 4920 971 4972 id
995 4935 1055 4975 se
1084 4924 1363 4983 adstruere
1404 4945 1468 4985 ac
1500 4933 1825 4991 conlirmare
1866 4919 2076 5010 putant.

493 5007 758 5073 Quidnam
784 5018 961 5064 autem
994 5011 1096 5067 hoc
1124 5016 1245 5069 est?
1273 5017 1763 5091 Quemadmodum,
1793 5007 2073 5104 inquiunt,

491 5098 766 5167 Scriptura
790 5100 938 5161 dicit.
962 5102 1192 5172 Spiritus
1212 5118 1289 5161 est
1316 5108 1457 5165 Deus
1482 5130 1494 5167 :
1518 5114 1707 5172 eodem
1729 5098 1890 5174 modo
1915 5098 2077 5181 etiam

494 5187 599 5242 hoc
624 5187 762 5252 loco,
788 5190 1017 5259 Spiritus
1042 5194 1299 5253 Dominus
1325 5211 1427 5257 est.
1446 5204 1559 5260 Non
1576 5211 1719 5263 enim
1738 5210 1890 5275 dixit,
1908 5216 2077 5285 Spiri-

494 5287 579 5329 tus
607 5287 691 5332 est
728 5278 1002 5344 Dominus,
1031 5286 1147 5350 sed,
1183 5288 1441 5349 Dominus
1469 5305 1549 5352 est
1574 5300 1824 5369 Spiritus.
1852 5278 2072 5365 Diui-tum

488 5384 654 5440 porro
696 5370 836 5426 inter
880 5371 1017 5429 hanc
1058 5390 1111 5431 et
1152 5380 1299 5435 illam
1340 5389 1783 5456 compositionem
1824 5394 2066 5454 interest.

490 5457 621 5512 Nam
642 5473 763 5514 cum
794 5462 863 5515 ita
892 5463 1034 5535 loqui
1064 5470 1194 5536 vult,
1226 5482 1282 5524 nt
1306 5478 1363 5527 tu
1387 5475 1487 5537 ais,
1509 5479 1769 5548 adjective
1788 5486 2071 5545 articulum

489 5566 595 5603 non
639 5552 807 5607 addit.
844 5554 983 5620 Quin
1025 5558 1181 5614 aliter
1224 5564 1388 5619 etiam
1422 5569 1599 5625 omnia
1635 5588 1735 5638 ea,
1763 5591 1883 5645 qua:
1911 5594 2069 5650 supra

486 5654 903 5699 commemorata
943 5657 1107 5715 sunt,
1134 5650 1202 5706 de
1226 5669 1456 5723 quonam
1484 5658 1717 5731 dixerit,
1747 5667 2021 5727 videamus
2050 5689 2065 5727 :

487 5728 629 5815 velut
654 5747 775 5790 cum
803 5735 1031 5805 dicebat,
1062 5738 1235 5797 Litora
1265 5748 1465 5817 occidit,
1492 5728 1717 5817 Spiritus
1746 5768 1910 5815 autem
1942 5764 2067 5817 viai-

1296 364 1337 420 S
1393 363 1674 421 JOANNIS
1707 359 2179 419 CiiRYSOSTOMI
2215 362 2533 424 ARCHIEP.
2572 369 3105 437 CONSTANTINOP.

3674 398 3784 456 “8

2195 479 2357 548 licat;
2383 498 2444 539 ac
2470 501 2691 555 rursus,
2720 490 2929 564 Scripta
2962 512 3067 552 non
3105 508 3422 573 atramento,
3456 509 3546 563 sed
3581 509 3786 583 Spiritu

2194 568 2292 624 Dei
2332 575 2541 630 viventis
2570 593 2591 631 τ
2620 588 2797 636 utrum
2830 584 2898 641 de
2936 586 3078 643 Filio
3112 604 3179 645 an
3219 592 3287 648 de
3324 568 3563 664 Spiritu?
3591 568 3787 673 Liquet

2192 660 2433 732 profecto
2461 667 2602 735 quod
2629 669 2697 726 de
2724 671 2927 742 Spiritu
2960 694 2973 732 ε
3004 678 3072 733 ad
3109 695 3233 737 eum
3270 660 3412 741 enim
3446 704 3478 743 a
3508 660 3785 751 litera-eos

2194 752 2437 810 vocabat.
2473 756 2685 814 Etenim
2734 779 2803 818 ne
2844 766 3003 838 quis,
3034 785 3155 824 cum
3198 773 3427 842 Spiritus
3465 782 3783 840 vocabulum

2192 840 2511 913 audivisset,
2543 864 2607 904 ac
2634 852 2830 908 deinde
2858 856 2959 912 hoc
2988 874 3170 916 secum
3210 877 3484 937 reputans,
3514 872 3572 927 Si
3607 873 3785 931 Moses

2193 931 2257 985 ad
2295 934 2571 994 Dominum
2602 956 2894 1002 conversus
2926 950 3110 1016 fuerit,
3140 954 3257 1022 ipse
3274 931 3465 1015 autem
3499 959 3565 1015 ad
3605 962 3781 1033 Spiri-

2196 1033 2306 1079 tum
2331 1067 2355 1109 ,_
2378 1028 2631 1085 inferiore
2670 1038 2975 1093 conditione
3014 1057 3133 1098 esse
3163 1046 3513 1104 arbitraretur
3545 1070 3558 1105 :
3591 1064 3645 1109 ut
3678 1057 3782 1110 hu-

2190 1100 2423 1184 jusmodi
2466 1126 2757 1203 suspicioni
2790 1131 3099 1201 medeatur,
3134 1136 3214 1192 his
3247 1100 3624 1200 verbis—utitur-
3641 1164 3656 1199 :
3690 1149 3777 1203 17.

2196 1208 2443 1264 Dominus
2484 1196 2653 1268 autem
2700 1217 2926 1288 Spiritus
2967 1233 3056 1276 est.
3086 1196 3224 1281 'Hoc
3262 1239 3378 1295 est,
3412 1231 3530 1299 ipse
3568 1252 3785 1307 quoque

2198 1296 2450 1354 Dominus
2494 1316 2595 1357 est.
2639 1308 2812 1378 Atque
2852 1320 2908 1365 ut
2954 1313 3218 1385 intelligas
3259 1320 3358 1389 ipsi
3396 1296 3465 1376 de
3505 1296 3785 1384 Paracleto

2193 1400 2495 1447 sermonem
2527 1412 2674 1462 esse,
2714 1401 3016 1469 subjonxit,
3056 1406 3155 1461 Ubi
3194 1420 3361 1465 autem
3404 1414 3632 1485 Spiritus
3674 1420 3786 1475 Do-

2192 1481 2336 1545 mini,
2362 1484 2433 1536 ibi
2468 1486 2691 1543 libertas.
2723 1490 2908 1561 Neque
2932 1497 3075 1551 enim
3099 1500 3321 1569 dixeris,
3348 1520 3468 1559 eum
3497 1509 3565 1561 ita
3593 1510 3788 1580 loquu-

2195 1582 2305 1626 tum
2332 1574 2497 1632 fuisse
2527 1597 2539 1630 :
2575 1580 2669 1634 Ubi
2698 1594 2875 1639 autem
2909 1586 3165 1645 Dominus
3198 1593 3425 1649 Domini.
3449 1574 3783 1658 Libertatem

2192 1672 2368 1719 autem
2400 1667 2572 1735 dixit,
2604 1670 2783 1728 habita
2819 1676 3025 1732 ratione
3067 1680 3306 1747 pristinas
3346 1687 3636 1745 servitutis.
3672 1692 3783 1747 De-

2194 1753 2336 1818 inde,
2365 1773 2432 1811 ne
2462 1774 2583 1814 eum
2612 1761 2678 1816 de
2704 1761 2878 1819 futuro
2907 1775 3147 1838 tempore
3171 1772 3313 1841 loqui
3342 1783 3517 1843 putes,
3547 1779 3658 1833 ait:
3687 1782 3780 1836 i8.

2195 1840 2306 1897 Nos
2332 1856 2496 1901 autem
2520 1866 2691 1907 omnes
2718 1857 2936 1910 revelata
2962 1861 3093 1929 facie
3124 1840 3355 1933 gloriam
3366 1866 3576 1922 Domini
3598 1888 3784 1939 specu-

2194 1930 2394 1998 lantes;
2426 1953 2534 1991 non
2575 1940 2719 1996 illam
2743 1984 2760 2010 ,
2793 1946 3007 2017 inquam
3030 1990 3046 2015 ,
3073 1930 3193 2022 quas
3223 1954 3384 2011 linem
3424 1930 3653 2030 accipit,
3680 1965 3783 2018 sed

2193 2037 2311 2091 qua:
2351 2039 2567 2093 manet;
2599 2032 2652 2085 in
2694 2037 2921 2090 eamdem
2962 2040 3234 2112 imaginem
3282 2049 3709 2115 transformamur
3748 2070 3783 2108 α

2191 2112 2421 2170 claritate
2443 2119 2499 2172 in
2523 2120 2805 2178 claritatem
2826 2137 3081 2199 tamquam
3102 2149 3135 2187 a
3159 2133 3380 2191 Domino
3412 2112 3632 2209 Spiritu.

2264 2208 2490 2277 Spiritus
2518 2226 2723 2271 sanctus
2746 2220 2799 2273 in
2819 2219 2916 2274 Dei
2939 2208 3470 2289 ordinent—Vides
3494 2249 3600 2303 quo
3621 2246 3782 2306 pacto

2190 2314 2377 2356 rursus
2422 2302 2678 2372 Spiritum
2727 2310 2779 2363 in
2823 2312 2917 2367 Dei
2963 2315 3157 2371 ordine
3197 2320 3446 2389 collocat,
3490 2302 3692 2396 alisque
3725 2331 3782 2385 in

2190 2394 2556 2460 apostolorum
2603 2399 2831 2455 classem
2876 2405 3185 2461 subvehat?
3218 2410 3429 2467 Etenim
3460 2394 3783 2485 prius—dixe-

2192 2492 2294 2548 rat,
2328 2484 2559 2554 Epistola
2608 2492 2726 2545 estis
2756 2491 2984 2556 Christi;
3023 2506 3079 2552 et
3129 2498 3232 2555 hoc
3270 2504 3407 2572 loco,
3458 2484 3571 2563 Nos
3610 2522 3781 2567 autem

2188 2590 2363 2631 eomes
2390 2580 2611 2633 revelata
2652 2584 2803 2654 facie.
2839 2588 2998 2656 Atqui
3041 2590 3140 2657 ipsi
3172 2592 3363 2661 legem,
3396 2596 3556 2654 Hosis
3586 2602 3778 2669 instar,

2192 2678 2460 2736 gestantes
2486 2686 2763 2731 venerant.
2805 2676 2911 2733 Sed
2938 2682 3412 2754 quemadmodum,
3448 2690 3635 2762 inquit,
3679 2712 3782 2751 nos

2191 2762 2454 2820 velamine
2486 2784 2589 2821 non
2622 2784 2756 2838 opus
2787 2770 3072 2829 habuimus
3102 2793 3116 2829 :
3149 2776 3229 2833 sic
3269 2793 3367 2834 nec
3396 2797 3494 2837 vos
3534 2787 3780 2854 quidem,

2192 2854 2281 2920 qui
2320 2858 2655 2926 evangelium
2695 2864 3029 2932 suscepistis.
3077 2867 3237 2937 Atqui
3283 2869 3440 2941 longe
3484 2877 3656 2944 major
3696 2891 3784 2937 est

2191 2940 2309 2998 haec
2345 2946 2547 3014 gloria;
2578 2966 2750 3021 neque
2778 2955 2921 3007 enim
2949 2956 3128 3012 vultus
3157 2962 3324 3013 nostri
3353 2940 3457 3030 est,
3611 2970 3785 3037 Spiri-

2192 3042 2277 3087 tus
2306 3053 2318 3088 :
2353 3046 2409 3091 et
2453 3048 2630 3096 tamen
2658 3060 2775 3110 vos,
2805 3062 2959 3116 asque
2988 3065 3051 3105 ac
3096 3067 3216 3117 nos,
3263 3053 3315 3107 in
3345 3070 3465 3110 eam
3501 3062 3781 3120 oculorum

2192 3125 2362 3180 aciem
2389 3130 2668 3188 intendere
2692 3139 2937 3204 potestis.
2968 3139 3047 3194 Illi
3075 3157 3305 3212 namque
3332 3160 3430 3201 nec
3456 3163 3552 3218 per
3578 3155 3782 3211 media-

2194 3222 2403 3283 torem;
2432 3236 2525 3274 vos
2550 3234 2729 3278 autem
2756 3227 2875 3280 sine
2912 3230 3207 3287 mediatore
3252 3239 3473 3304 potestis
3516 3244 3780 3311 majorem

2195 3306 2421 3364 videre:
2452 3311 2527 3365 illi
2577 3312 2737 3369 Hosis
2783 3316 2972 3374 faciem
3026 3336 3252 3382 cernere
3300 3344 3404 3384 non
3449 3344 3778 3405 potuerunt;

2190 3412 2287 3451 vos
2304 3400 2533 3466 Spiritus
2550 3419 2762 3475 quoque
2776 3408 3002 3479 gloriam
3033 3418 3273 3482 potestis.
3298 3420 3448 3487 Quod
3477 3426 3519 3477 si
3548 3400 3781 3497 Spiritus

2190 3488 2500 3547 inferiorem
2548 3495 2723 3551 locum
2773 3501 3063 3570 obtineret,
3094 3504 3213 3563 haec
3241 3520 3411 3578 certe,
3442 3525 3497 3568 ut
3528 3488 3631 3573 illis
3658 3535 3783 3576 ma-

2184 3578 2326 3649 jora,
2358 3584 2581 3640 minime
2613 3590 2897 3655 posuisset.

2178 3747 2183 3753 t
2258 3672 2314 3727 5.
2355 3673 2620 3741 Quidnam
2654 3690 2834 3736 autem
2873 3694 2976 3749 est,
3007 3685 3235 3745 Gloriam
3270 3691 3478 3750 Domini
3503 3701 3782 3768 speculan-

2188 3772 2281 3825 tes,
2310 3765 2364 3817 in
2392 3769 2618 3823 eamdem
2646 3772 2917 3842 imaginem
2946 3783 3410 3851 transformamur!
3438 3765 3693 3859 Apertius
3725 3795 3782 3850 id

2187 3853 2404 3919 quidem
2431 3856 2919 3930 demonstrabatur,
2952 3882 3073 3921 cum
3105 3873 3482 3929 miraculorum
3504 3878 3645 3934 dona
3668 3884 3779 3940 vim

2187 3957 2339 3996 suam
2366 3960 2680 4006 exsererent
2710 3971 2723 4006 :
2758 3965 2935 4009 tamen
2968 3973 3034 4009 ne
3065 3975 3205 4015 nunc
3231 3964 3445 4032 quidem
3486 3967 3538 4022 id
3568 3976 3780 4043 perspi-

2187 4047 2313 4089 cere
2342 4035 2560 4095 difficile
2606 4041 2764 4097 fuerit
2792 4046 2864 4111 ei,
2893 4048 2983 4115 qui
3016 4049 3137 4106 lidei
3166 4056 3334 4109 oculis
3375 4035 3632 4127 praeditus
3664 4035 3781 4121 fue-

2186 4123 2278 4179 rit.
2309 4125 2441 4180 Nam
2473 4130 2630 4183 simul
2651 4141 2812 4201 atque
2841 4135 3189 4209 haptiaamur,
3215 4123 3571 4215 supra'solem
3594 4156 3777 4214 anima

2186 4217 2601 4286 exsplendescit,
2647 4236 2677 4275 a
2723 4224 2921 4294 Spiritu
2973 4244 3289 4304 pet-purgata
3321 4254 3337 4292 :
3368 4254 3432 4296 ac
3472 4258 3581 4300 non
3612 4248 3777 4306 modo

2185 4307 2412 4377 gloriam
2444 4310 2536 4366 Dei
2565 4316 2942 4388 prospicimus,
2975 4324 3069 4378 sed
3112 4326 3256 4383 illinc
3278 4345 3493 4401 quoque
3520 4337 3779 4405 splendo-

2186 4415 2297 4454 rem
2324 4403 2553 4472 aliquem
2583 4404 2878 4465 haurimus.
2910 4412 3059 4469 Sicut
3083 4420 3225 4471 enim
3253 4434 3442 4488 purum
3468 4403 3774 4499 argentum,

2185 4490 2251 4544 ad
2279 4492 2408 4549 solis
2433 4495 2614 4551 radios
2642 4498 2829 4566 situm,
2875 4501 3049 4571 ipsum
3077 4521 3289 4578 quoque
3327 4513 3509 4569 radios
3530 4490 3773 4585 temittit,

2183 4597 2292 4637 non
2320 4585 2391 4639 ob
2415 4599 2565 4641 suam
2593 4588 2875 4646 dumtaxat
2920 4604 3185 4660 naturam,
3217 4601 3312 4653 sed
3339 4604 3503 4658 etiam
3530 4608 3600 4663 ob
3629 4611 3777 4663 sola-

2184 4686 2298 4726 rem
2332 4674 2591 4744 fulgorem
2618 4697 2632 4733 :
2656 4681 2848 4737 eodem
2881 4684 3043 4738 modo
3070 4687 3247 4740 anima
3288 4689 3567 4760 defaecata,
3609 4707 3784 4769 atque

2182 4777 2403 4834 argento
2430 4770 2764 4836 splendidior
2787 4777 2999 4845 eﬁ‘ecta,
3028 4794 3059 4833 a
3105 4780 3333 4848 Spiritus
3359 4785 3528 4854 gloria
3560 4791 3776 4849 radium

2182 4858 2420 4926 suscipit,
2473 4876 2538 4917 ac
2575 4864 2812 4921 vicissim
2844 4869 3089 4925 remittit.
3126 4868 3276 4926 Unde
3304 4874 3463 4929 etiam
3492 4877 3588 4944 ait,
3631 4880 3775 4949 Spe-

2182 4948 2428 5015 culantes,
2460 4953 2519 5007 in
2558 4958 2787 5013 eamdem
2829 4960 3101 5031 imaginem
3130 4963 3558 5033 transformamur
3582 4988 3615 5024 s
3654 4948 3773 5043 glo-

2182 5055 2281 5104 ria,
2310 5038 2563 5112 Spiritus,
2611 5047 2667 5101 in
2716 5050 2955 5120 gloriam,
3004 5061 3265 5120 nostram,
3294 5070 3454 5124 quam
3485 5038 3773 5119 contrahi-

2181 5146 2322 5194 mus,
2351 5149 2577 5203 quisque
2605 5140 2725 5195 talis
2741 5150 2825 5196 est
2851 5142 3066 5213 qualem
3095 5158 3218 5201 esse
3243 5160 3342 5216 par
3366 5157 3471 5219 est,
3493 5167 3527 5205 a
3546 5150 3773 5211 Domino

2182 5221 2405 5290 Spiritu.

2252 5314 2481 5384 Spiritus
2498 5329 2706 5377 sanctus
2726 5324 2953 5394 ejusdem
2973 5325 3231 5395 dignitatis
3256 5332 3405 5403 cujus
3425 5331 3585 5388 Pater
3600 5346 3748 5391 est.—

2178 5402 2317 5458 Vide
2351 5410 2622 5477 quomodo
2650 5413 2752 5469 hoc
2779 5415 2907 5469 item
2938 5414 3057 5470 loco
3080 5402 3335 5487 Spiritum
3370 5422 3650 5479 Dominum
3673 5441 3772 5494 sp-

2180 5497 2364 5566 pcllet.
2434 5503 2608 5570 Atque
2667 5506 2795 5561 alibi
2853 5522 3065 5579 quoque
3120 5512 3289 5580 ipsius
3340 5514 3767 5577 dominationem

2180 5591 2487 5659 perspicere
2534 5593 2657 5650 licet
2685 5612 2699 5649 :
2732 5596 3145 5655 Hinistrantiltus
3180 5605 3325 5657 enim
3351 5604 3479 5673 ipsis
3516 5606 3767 5676 Domino,

2179 5678 2369 5749 inquit,
2401 5700 2463 5735 ac
2477 5685 2849 5754 jejunantibus,
2875 5688 3002 5743 dixit
3033 5688 3259 5759 Spiritus
3298 5706 3503 5750 sanctus
3528 5715 3549 5751 .'
3580 5699 3771 5770 Segn-

2178 5783 2292 5840 gutc
2334 5773 2460 5827 mihi
2501 5773 2723 5833 Paulum
2765 5789 2813 5834 et
2861 5778 3148 5836 Barnabam
3184 5784 3319 5855 (Act.
3352 5786 3440 5843 i3.
3476 5786 3560 5859 2).
3598 5788 3682 5846 οδ
3708 5789 3768 5844 id
