4028 6222
257 443 360 503 ιιτ

250 557 343 610 τὸν
358 553 559 622 τρόπον
573 552 671 624 τῆς
698 551 1058 624 διορθώσεως.
1078 551 1176 615 Τίς
1195 550 1252 605 δὲ
1266 544 1419 612 οὗτός
1445 552 1625 611 tactv;
1660 543 1817 599 Ἦνί-

250 661 328 701 κα
355 645 410 698 δ’
442 642 519 698 ἂν
540 642 876 711 ἐπιστρέψῃ
908 640 1058 709 πρὸς
1094 642 1333 709 Κύριον,
1350 640 1487 708 δπερ
1510 638 1658 689 ἐστὶν
1687 636 1822 689 ἀπο-

252 734 445 804 στῆναι
478 734 577 787 τοῦ
605 734 793 804 νόμου,
820 732 1205 801 περιαιρεῖται
1229 730 1295 783 τὸ
1321 730 1622 796 κάλυμμα.
1658 726 1819 796 Ὁρᾷς

245 828 332 881 δτι
375 827 435 878 οὐ
462 825 556 878 τοῦ
599 824 893 896 προσώπου
926 825 1205 885 Μωῦσέως
1235 821 1501 890 κάλυμμα
1528 815 1596 889 ἦν
1621 819 1818 881 έκεῖνο,

249 918 386 973 ἀλλά
404 920 503 987 τῆς
526 917 700 986 ὅψεως
732 917 832 987 τῆς
868 915 1196 983 Ἰουδαῖκῆς;
1232 913 1305 965 Οὐ
1336 911 1551 980 γάρῖνα
1569 908 1822 979 κρύπτη-

246 1028 341 1064 ται
374 1012 407 1079 ἡ
444 1009 569 1073 δόξα
586 1009 888 1072 Μωῦσὲως,
910 1007 1067 1059 τοῦτο
1090 1004 1319 1071 ἐγίνετο,
1347 997 1473 1055 ἀλλ’
1503 1001 1590 1054 ἴνα
1624 1003 1822 1053 ἐκεῖνοι

254 1102 330 1175 μὴ
355 1087 647 1173 βλέπξυσινο
671 1100 791 1154 οὐδὲ
822 1099 930 1167 7&9
958 1095 1219 1165 ἐχώρουν.
1236 1086 1399 1146 Ὥστε
1417 1092 1641 1146 ἐκείνων
1666 1089 1823 1143 ὲλάτ-

172 1172 191 1184 ⁸
446 1193 622 1247 τοῦτο·
640 1190 790 1265 [ιεδ]
822 1189 940 1243 οὐδὲ
966 1188 1074 1256 7&9
1095 1186 1285 1239 τοῦτον
1307 1183 1478 1237 ἐποίει
1506 1200 1557 1235 τι
1586 1184 1820 1250 ἀγνοεῖν,

250 1286 368 1341 ἀλλ’
402 1284 663 1346 ἐκείνους.
705 1282 815 1335 Καὶ
847 1280 947 1331 οὐκ
968 1275 1090 1329 εἶπε
1123 1276 1223 1343 μὲν
1244 1316 1262 1339 ,
1297 1274 1489 1328 Ἦνίκα
1508 1273 1574 1326 ἂν
1594 1274 1706 1342 ἀφῇ
1732 1272 1822 1325 τὸν

248 1381 438 1449 νόμον,
467 1377 626 1431 τοῦτο
647 1376 703 1428 δὲ
731 1371 970 1443 ᾐνίξατο.
997 1370 1137 1422 Ὅτε
1164 1368 1274 1437 γὰρ
1309 1366 1644 1434 ἐπιστρέψῃ
1673 1363 1825 1432 πρὸς

246 1470 506 1537 Κύριον,
533 1460 922 1531 περιαιρεῖται
964 1460 1031 1512 τὸ
1061 1458 1365 1526 κάλυμμα.
1410 1456 1590 1525 Μέχρι
1633 1453 1826 1515 τέλους

248 1560 506 1629 ἐπέμεινε
541 1558 607 1624 τῇ
645 1552 874 1623 ἱστορίᾳ.
914 1551 1022 1603 Καὶ⁹
1048 1550 1156 1621 7&9
1192 1552 1281 1603 δτε
1316 1548 1595 1611 Ἰουδαίοις
1647 1543 1823 1598 διελέ-

250 1673 379 1726 γετο
426 1650 670 1719 Μωῦσῆς
692 1688 707 1710 ,
742 1648 1046 1702 ἐκάλυπτεν
1088 1645 1256 1699 αὐτοῦ
1290 1644 1351 1698 τὸ
1377 1643 1668 1713 πρόσωπον
1691 1656 1707 1671 ⁸
1734 1640 1825 1726 δτε

248 1724 307 1800 δὲ
340 1745 477 1814 πρὸς
516 1742 609 1795 τὸν
638 1740 769 1794 Θεδν
794 1739 1148 1810 ἐπέστρεφεν,
1174 1731 1703 1803 ἀποκεκαλυμμένον
1732 1724 1820 1800 ἦν.

247 1834 422 1889 Τοῦτο
446 1833 505 1886 δὲ
540 1831 715 1895 τύπος
748 1826 819 1901 ἦν
855 1830 949 1883 τοῦ
986 1829 1274 1900 μέλλοντος
1305 1822 1556 1887 ἔσεσθαι,
1583 1822 1667 1875 ὅτι
1696 1821 1825 1873 ὅταν

247 1916 675 1995 ἑπιστρέψωμεν
705 1921 842 1992 πρὸς
861 1920 1086 1989 Κύριον,
1112 1919 1235 1972 τότε
1273 1914 1517 1987 ὀψόμεθα
1538 1912 1639 1983 τὴν
1666 1911 1826 1977 δόξαν

243 2014 346 2067 τοῦ
382 2014 576 2083 νόμου,
613 2012 709 2066 καὶ
737 2010 945 2081 γυμνὸν
966 2010 1031 2062 τὸ
1064 2008 1357 2078 πρόσωπον
1382 2003 1475 2058 τοῦ
1497 2002 1787 2073 νομοθέτου
1805 2014 1824 2031 ·

253 2104 458 2175 μᾶλλον
507 2103 563 2156 δὲ
605 2104 669 2156 οὐ
712 2102 872 2157 τοῦτο
907 2101 1088 2173 μόνον,
1128 2097 1266 2152 ἀλλά
1312 2096 1433 2149 τότε
1462 2093 1702 2165 ἐσόμεθα
1734 2093 1829 2146 καὶ

249 2197 311 2248 ὲν
349 2193 501 2259 τάξει
536 2192 837 2254 Μωῦσέως.
871 2186 1027 2251 Εἶδες
1065 2186 1181 2248 πῶς
1219 2182 1533 2239 ἐκκαλεῖται
1570 2181 1661 2234 τὸν
1694 2181 1831 2232 ’1ου-

246 2289 397 2343 δαῖον
424 2287 517 2340 ἐπὶ
554 2286 655 2356 τὴν
688 2285 895 2346 πίστιν,
934 2280 1150 2342 δεικνὺς
1180 2278 1262 2331 ὅτι
1291 2277 1353 2329 ού
1394 2275 1556 2347 μόνον
1590 2271 1831 2361 Μωῦσέμ

247 2382 473 2436 δύναται
516 2380 679 2445 ίδεῖν,
712 2378 851 2449 πρὸς
892 2378 993 2446 τὴν
1025 2376 1186 2447 χάριν
1229 2371 1424 2439 ἐλθὼν,
1474 2368 1613 2425 ἀλλά
1642 2366 1738 2421 καὶ
1773 2367 1833 2418 ὲν

250 2473 391 2543 αὐτῇ
431 2470 688 2541 γενέσθαι
725 2472 793 2539 τῇ
845 2467 998 2534 τάξει
1052 2464 1146 2519 τοῦ
1194 2462 1545 2533 νομοθέτους
1599 2458 1673 2512 Οὐ
1722 2454 1833 2523 7&9

256 2564 440 2634 μόνον,
468 2562 625 2631 φησὶ,
655 2559 755 2630 τὴν
774 2550 952 2623 ’δόξαν
981 2555 1102 2624 ὕψει
1145 2556 1213 2625 ήν
1240 2553 1362 2607 τότε
1384 2553 1485 2604 οὐκ
1508 2545 1667 2613 εἶδες,

253 2627 355 2705 καὶ
402 2627 564 2712 αὐτδς
611 2652 671 2702 ὲν
872 2645 970 2713 ἔσῃ
997 2646 1065 2713 τῇ
1106 2642 1243 2709 αὐτῇ
1269 2656 1283 2671 ο
1310 2636 1509 2708 μᾶλλον
1556 2634 1613 2687 δὲ
1654 2627 1833 2699 πολλῷ

255 2740 488 2801 πλείονι,
512 2738 608 2790 καὶ
638 2735 895 2802 τοσαύτῃ,
926 2732 1067 2784 ὥστε
1103 2729 1238 2799 μηδὲ
1265 2726 1422 2791 δόξαν
1450 2724 1668 2793 εκείνην
1700 2719 1834 2791 φαί-

253 2830 446 2887 νεσθαι
476 2826 653 2899 ταύτῃ
676 2818 1328 2894 παραϐαλλομένην.ῐ1ὦς
1363 2818 1456 2870 καὶ
1477 2815 1587 2869 τίνι
1608 2813 1833 2885 τρόπῳς

256 2924 385 2977 Ὅτι
413 2919 549 2990 πρὸς
581 2918 673 2971 τὸν
720 2914 924 2985 Κύριον
950 2910 1308 2983 ἐπιστρέψας,
1337 2910 1433 2965 καὶ
1464 2907 1756 2977 γενόμενος
1777 2906 1837 2958 ιν

254 3016 324 3085 τῇ
375 3010 558 3083 χάριτι
580 3048 596 3071 ,
622 3006 837 3074 ἐκείνης
878 3002 1168 3074 ἀπολαύσῃ
1195 3002 1297 3072 τῆς
1335 2999 1515 3070 δόξης,
1546 2996 1683 3069 πρὸς
1703 2996 1769 3067 ήν
1803 2996 1837 3066 ή

254 3104 389 3170 δόξα
426 3100 709 3162 Μωῦσέως
760 3094 1162 3166 συγκρινομένη
1192 3092 1367 3156 οὕτως
1405 3090 1646 3144 ὲλάττων
1666 3087 1836 3152 ἐστὶν,

262 3194 347 3258 ώς
396 3191 532 3263 μηδὲ
590 3188 717 3253 δόξα
758 3182 921 3241 εῐναι.
970 3186 1108 3239 Ἀλλ’
1144 3185 1294 3255 ὅμως
1338 3182 1385 3235 εί
1414 3180 1508 3234 καὶ
1544 3175 1718 3249 μικρά
1740 3174 1839 3263 καὶ

259 3260 471 3354 σφόδρα
518 3280 825 3335 ἀποδέουσα
864 3276 1102 3347 ἐκείνης,
1140 3272 1392 3333 Ἰουδαῖος
1444 3269 1543 3339 μὲν
1582 3266 1681 3325 ὢν,
1711 3260 1837 3354 οὐδε

254 3350 464 3445 ταύτης
525 3371 807 3441 ἀξιωθήσῃ
850 3366 990 3437 [οὐκ
1036 3363 1130 3418 οῦν
1165 3363 1276 3417 ῐδον
1308 3360 1479 3431 αὐτὴν
1524 3355 1774 3445 Ἰουδαῖοι
1788 3350 1840 3445 οᾼὶ

254 3468 405 3531 τότε,
421 3439 487 3518 οὐ
514 3462 611 3517 νῦν
638 3473 666 3502 ⁸
690 3439 751 3532 ]-·
782 3439 977 3519 πιστὸς
1003 3456 1060 3508 δὲ
1084 3455 1394 3525 γένομενος,
1419 3450 1514 3503 καὶ
1539 3445 1639 3517 τὴν
1661 3439 1841 3510 πολλῷ

261 3557 497 3629 μείζονα
542 3552 718 3621 αὐτῆς
774 3546 1164 3617 καταξιωθήσῃ
1220 3541 1541 3597 θεάσασθαι.
1591 3538 1700 3592 Καὶ
1748 3535 1839 3589 δτε

263 3628 366 3721 μὲν
385 3649 500 3708 τοῖς
529 3644 742 3704 πιστοῖς
761 3640 1032 3704 διελέγετο
1054 3674 1069 3696 .
1098 3636 1160 3688 οὐ
1193 3632 1510 3698 δεδοξάσθαι
1540 3631 1600 3681 τδ
1621 3628 1838 3693 δεδοξα·

265 3714 469 3809 σμένον
508 3734 695 3799 ἔλεγεν
716 3747 729 3761 ·
771 3725 1007 3781 ενταῦθα
1039 3725 1097 3777 δὲ
1141 3724 1242 3792 οὐχ
1269 3720 1440 3782 οὕτως
1467 3760 1483 3785 ,
1509 3717 1646 3771 άλλά
1676 3714 1793 3779 πῶς
1819 3732 1834 3781 ;

261 3806 446 3881 ’όταν
490 3818 827 3887 ἐπιστρέψῃ
881 3816 1035 3885 πρὸς
1062 3815 1285 3883 Κύριον
1310 3851 1327 3875 ,
1362 3806 1745 3877 περιαιρεῖται
1770 3807 1840 3866 ,τὸ

260 3912 552 3980 κάλυμμα
621 3906 767 3963 κατά
797 3902 993 3976 μικρὸν
1018 3901 1181 3955 αὑτὸν
1218 3898 1461 3965 ἀνάγων,
1494 3895 1588 3948 καὶ
1613 3895 1669 3947 ἐν
1689 3892 1842 3958 τάξει

258 3999 547 4062 Μωῦσέως
612 3996 831 4067 πρῶτον
881 3992 1036 4054 ίστάς
1067 4029 1085 4055 ,
1120 3989 1214 4043 καὶ
1254 3987 1379 4041 τότε
1420 3984 1529 4039 τῶν
1580 3982 1843 4055 μειζόνων

260 4087 439 4142 ποιῶν
478 4083 758 4138 κοινωνόν.
811 4082 977 4134 Ὅταν
1019 4078 1126 4149 7&9
1188 4075 1303 4147 ῖδῃς
1355 4072 1450 4126 τὸν
1502 4070 1742 4127 Μωῦσέα
1786 4070 1844 4122 ὲν

255 4175 391 4248 δόξῃ
417 4211 433 4236 ,
468 4172 589 4225 τότε
624 4168 814 4222 λοιπὸν
856 4166 954 4220 καὶ
995 4165 1132 4235 πρὸς
1180 4162 1269 4216 τὸν
1311 4160 1446 4245 Θεὸν
1472 4155 1841 4228 ἐπιστρέψεις,

260 4244 387 4316 καὶ-ν
428 4257 676 4329 μείζονος
728 4255 1061 4317 ἀπολαύσεις
1102 4254 1331 4323 ταύτης.
1380 4244 1522 4321 Ὅρα
1562 4246 1745 4300 τοίνυν
1782 4244 1843 4312 ἐξ

259 4345 441 4417 ἀρχῆς
480 4344 621 4397 πόσα
656 4342 867 4395 τέθεικε
908 4341 979 4393 τά
1018 4338 1275 4391 ποιοῦντα
1304 4338 1403 4407 τὴν
1428 4332 1722 4403 διαφοράν,
1750 4331 1844 4384 καὶ

257 4432 553 4489 δεικνύντα
583 4431 684 4502 τῆς
713 4430 925 4498 Καινῆς
976 4427 1112 4497 πρὸς
1141 4427 1241 4496 τὴν
1272 4423 1520 4478 Παλαιὰν
1547 4422 1643 4491 τὴν
1672 4421 1842 4492 ὑπερ-

258 4522 432 4592 οχὴν,
461 4521 524 4574 οὐ
566 4518 666 4589 τὴν
708 4517 913 4589 μάχην,
954 4514 1075 4568 οὐδὲ
1099 4512 1199 4583 τὴν
1241 4509 1581 4565 ὲναντίωσιν.
1628 4507 1847 4581 Ἐκείνη

260 4607 528 4678 γράμμα,
560 4606 715 4676 φησὶ,
741 4605 837 4658 καὶ
855 4602 1026 4665 λίθος,
1063 4600 1158 4653 καὶ
1184 4597 1419 4652 θανάτου
1450 4594 1719 4657 διακονία,
1748 4592 1845 4647 καὶ

261 4694 648 4769 καταργεῖται·
671 4693 769 4745 καὶ
794 4691 944 4761 ὅμως
964 4688 1085 4742 οὐδὲ
1101 4686 1304 4754 ταύτης
1321 4681 1631 4769 ἠξιώθησαν
1651 4682 1701 4734 οί
1717 4681 1845 4734 ἰου-

259 4780 405 4835 δαῖοι
424 4766 523 4848 τῆς
537 4777 717 4848 δόξης·
742 4777 883 4847 αὓτη
909 4775 1188 4848 σαρκίνηή
1212 4770 1373 4836 πλάξ,
1399 4771 1496 4821 καὶ
1511 4768 1728 4837 πνεῦμα
1754 4766 1845 4820 καὶ

262 4864 583 4936 δικαιοσύνη
602 4902 619 4927 ,
644 4864 739 4917 καὶ
772 4864 922 4933 μένει
952 4880 967 4895 ·
1001 4863 1095 4917 καὶ
1124 4861 1326 4921 πάντες
1356 4856 1526 4926 αὐτῆς
1557 4852 1845 4920 καταξιού-

266 4954 433 5026 μεθα,
462 4952 563 5021 οὐχ
588 4946 675 5012 εἷς
711 4950 874 5019 μόνος
899 4989 914 5011 ,
947 4949 1200 5016 καθάπερ
1230 4942 1476 5012 Μωῡσῆς
1496 4942 1594 5011 τῆς
1622 4941 1844 4995 ἐλάττο-

262 5060 356 5108 νος
394 5042 517 5096 τότε
547 5055 562 5070 ο
598 5038 798 5107 Ἡμεῖς
830 5036 962 5108 γὰρ,
986 5038 1142 5107 φησι,
1174 5033 1397 5098 πάντες
1426 5031 1846 5099 ἀνακεκαλυμ-

257 5131 429 5199 μένῳ
460 5128 761 5199 προσώπῳ
786 5122 900 5189 τὴν
940 5122 1131 5187 δόξαν
1152 5121 1259 5176 τοῦ
1286 5118 1509 5187 Κυρίου
1527 5133 1845 5185 κατοκτρι·

263 5214 479 5282 ζόμεθα
508 5254 523 5279 ,
558 5216 620 5268 ού
674 5212 772 5283 τὴν
803 5209 1105 5271 Μωῦσέως.
1176 5207 1316 5262 Ἀλλ’
1353 5204 1539 5274 ἐπειδή
1574 5220 1717 5265 τινες
1746 5202 1841 5268 τὸ,

276 5299 493 5354 Ἦνίκα
516 5300 598 5354 ἂν
614 5297 957 5366 ἐπιστρέψῃ
975 5294 1129 5363 πρὸς
1152 5298 1392 5363 Κύριον,
1426 5289 1672 5363 περὶτοῦ
1710 5288 1843 5343 Υεοῦ

261 5384 521 5457 εἰρῆσθαί
564 5402 720 5451 φασι,
749 5387 864 5446 τοῖς
894 5382 1099 5452 σφόδρα
1130 5379 1582 5451 ὡμολογημένοις
1625 5376 1844 5431 ἀντιπίο

262 5481 496 5534 πτοντες
528 5469 557 5511 δ
604 5470 998 5541 ἀκριϐέστερον
1049 5468 1181 5523 αὐτὸ
1234 5467 1609 5537 εξετάσωμεν,
1659 5462 1843 5527 θέντες

263 5564 535 5635 πρότερον
546 5560 745 5622 έκεῖνο,
774 5559 865 5627 ἀφ’
884 5555 944 5614 οὗ
971 5557 1219 5613 δοκοῦσιν
1234 5556 1367 5609 αὐτὸ
1387 5551 1749 5615 κατασκευάζι
1770 5568 1835 5606 ιν.

264 5646 334 5699 Τί
361 5646 421 5699 δὲ
456 5643 615 5699 τοῦτό
644 5644 799 5709 tau;
834 5643 1100 5714 Καθάπερ
1119 5683 1134 5709 ,
1164 5640 1301 5711 φησι
1320 5640 1503 5709 ,λέγει
1544 5635 1771 5707 Πνεῦμα
1811 5637 1843 5689 ό

331 5751 351 5775 ⁸
373 5752 507 5808 Hac.
528 5754 617 5803 οὐκ
638 5752 723 5803 οὖν
741 5754 842 5802 ῐδον
865 5753 1012 5807 αὐτὴν
1048 5753 1267 5803 Ἰουδαῖοι
1299 5750 1493 5809 οῖ’τὸτε,
1516 5748 1572 5798 οὐ
1610 5745 1695 5795 νῦν
1726 5759 1841 5808 qua

263 5811 872 5881 h:_Eg_._ggeyanl,_etlut.
914 5812 1019 5881 1:3}.
1057 5814 1268 5881 lggerag,
1312 5824 1375 5860 ex
1423 5810 1510 5861 Hs.
1535 5816 1833 5859 mutuamur.

327 5874 359 5917 δ
379 5872 526 5937 ΕΔΜ,
550 5875 914 5929 ἀρτιπίπτοντες.
939 5872 1050 5934 313.,
1074 5872 1417 5925 ἀνατείνοντες.

1274 436 1337 491 IN
1382 432 1604 492 EPIST.
1630 431 1678 488 ιι
1705 429 1798 486 AD
1835 420 1995 486 (ΞΟΠ.
2038 426 2275 485 HOMIL.
2311 426 2429 482 VH.

3393 430 3501 487 “8

1926 541 2079 606 Θεὸς,
2109 539 2254 594 οὕτω
2285 541 2380 593 καὶ
2410 538 2666 606 ἐνταῦθα,
2689 541 2914 612 Πνεῦμα
2944 543 2972 595 ό
2998 541 3225 612 Κύριος.
3256 543 3505 599 ’Δλλόὐκ

1926 624 2046 681 εἶπε
2070 668 2084 691 ,
2117 626 2346 697 Πνεῦμα
2377 628 2405 679 ό
2435 625 2635 697 Κύριος
2662 666 2677 691 ,
2717 626 2871 699 [486]
2905 628 3042 695 ἀλλ’,
3086 618 3149 675 Ὀ
3178 629 3391 698 Κύριος
3435 633 3505 685 τὸ

1929 711 2173 782 Πνεῦμά
2189 713 2341 766 ἐστι.
2360 711 2501 765 Πολὺ
2519 713 2577 766 δὲ
2594 712 2798 782 ταύτης
2825 714 3088 784 κάκείνης
3102 712 3205 783 τῆς
3227 715 3507 787 συνθήκης

1927 802 1989 854 τὸ
2042 800 2227 869 μέσον.
2260 798 2432 851 Ὅταν
2474 798 2585 869 7&9
2628 798 2885 868 βούληται
2923 800 3065 853 οὕτω
3093 798 3299 867 λέγειν.
3326 802 3401 863 ὼς
3439 805 3506 856 σὺ

1929 888 2067 958 φὴς,
2088 884 2167 955 τῷ
2205 885 2442 956 ἐπιθέτῳ
2472 884 2674 955 ἄρθρον
2698 887 2760 939 οὑ
2799 886 3173 957 προστίθησιν.
3212 886 3419 950 ’Δλλως
3451 887 3508 941 δὲ

1933 974 2136 1045 ίδωμεν
2205 973 2386 1025 πάντα
2451 973 2555 1026 δσα
2610 972 2857 1043 διελέχθη
2904 973 3131 1031 ἀνωθεν.
3192 974 3321 1043 περὶ
3363 972 3508 1033 τίνος

1930 1060 2151 1131 εἴρηκεν
2174 1074 2191 1090 ο
2222 1056 2335 1111 οἷον
2384 1058 2472 1111 ὅτε
2508 1058 2682 1124 ἔλεγε,
2711 1059 2783 1112 Τὸ
2810 1061 3042 1127 γράμμα
3073 1057 3508 1121 Mandurng

1932 1147 2178 1215 Πνεῦμα
2226 1143 2527 1205 ζωοποιεῖο
2558 1145 2653 1197 καὶ
2684 1144 2868 1209 πάλιν,
2919 1146 3413 1216 Ἑτπεγςραμμένη.
3437 1147 3510 1200 οὐ

1925 1234 2181 1305 μέλανι,
2208 1230 2369 1286 ἀλλὰ
2407 1232 2707 1300 Πνεύματι
2756 1231 2906 1285 Θεοῦ
2952 1231 3169 1299 ζῶντος
3191 1249 3207 1265 ο
3242 1230 3352 1303 ἆρα
3386 1234 3511 1303 περὶ

1929 1318 2028 1373 τοῦ
2086 1317 2243 1382 Υίοῦ,
2278 1315 2311 1386 ἢ
2347 1316 2475 1387 περὶ
2508 1315 2603 1369 τοῦ
2642 1316 2993 1385 Πνεύματοςς
3018 1315 3345 1386 Εὔδηλονδτι
3383 1320 3514 1391 περὶ

1929 1404 2024 1458 τοῦ
2050 1402 2373 1474 Πνεύματος
2398 1419 2412 1433 ·
2448 1401 2585 1472 πρὸς
2614 1402 2720 1472 7&9
2745 1402 2904 1455 τοῦτο
2922 1403 3027 1456 ἀπὶ
3066 1401 3160 1456 τοῦ
3182 1406 3513 1474 γράμματος

1934 1492 2135 1554 αὐτοὺς
2188 1488 2398 1543 ἐκάλει.
2425 1488 2544 1541 Ἵνα
2600 1489 2711 1560 7&9
2766 1489 2842 1559 μὴ
2879 1488 3120 1552 ἀκούσας
3142 1506 3225 1552 τις
3265 1488 3510 1558 Πνεῦμα,

1932 1573 2051 1632 εἶτα
2080 1578 2435 1647 λογισάμενος
2460 1616 2475 1639 ,
2508 1578 2556 1629 εί
2594 1577 2838 1647 Μωῡσῆς
2865 1578 3000 1647 πρὸς
3027 1576 3233 1647 Κύριον
3252 1578 3511 1643 ἐπέστρε-

1931 1665 2053 1734 ψεν,
2105 1663 2266 1725 αὺτδς
2294 1662 2351 1715 δὲ
2394 1662 2532 1733 πρὸς
2578 1663 2834 1733 Πνεῦμα,
2865 1664 3087 1717 ἔλαττον
3115 1665 3263 1735 ἔχειν
3289 1663 3512 1733 νομίσῃ.

1932 1748 2318 1819 διορθούμενος
2371 1748 2469 1817 τὴν
2521 1748 2780 1819 τοιαύτην
2826 1749 3106 1812 ὑπόνοιαν,
3130 1751 3315 1820 φησὶν,
3353 1749 3415 1802 '0
3443 1746 3513 1801 δὲ

1938 1837 2158 1903 Κύριος
2203 1834 2271 1888 τὸ
2304 1833 2549 1903 Πνεῦμα
2592 1835 2744 1887 ἐστι.
2800 1835 2912 1888 Καὶ
2958 1835 3118 1887 τοῦτο
3140 1836 3346 1907 Κύριός
3372 1838 3515 1900 ἔστι,

1934 1922 2089 1993 φησί.
2117 1921 2233 1975 Καὶ
2258 1921 2345 1975 ἵνα
2375 1920 2575 1991 μάθῃς,
2603 1921 2686 1973 δτι
2712 1921 2841 1990 περὶ
2864 1920 2961 1973 τοῦ
2990 1922 3354 1991 Παρακλήτου
3379 1921 3517 1975 ὀλό-

1934 2026 2053 2079 γος,
2099 2009 2377 2078 ἐπήγαγεν
2406 2023 2420 2036 ⁸
2462 2002 2545 2062 Οὗ
2586 2005 2655 2059 δὲ
2696 2009 2765 2060 τὸ
2812 2008 3056 2077 Πνεῦμα
3119 2008 3361 2075 Κυρίου,
3394 2006 3525 2060 ἐκεῖ

1935 2096 2268 2163 ἐλευθερία.
2298 2094 2372 2147 Οὐ
2400 2092 2510 2161 7&9
2539 2092 2712 2164 δήπου
2736 2092 2895 2147 τοῦτο
2929 2094 2995 2147 ἀν
3024 2093 3200 2159 εἴποις
3234 2093 3402 2146 αὑτὸν
3424 2086 3515 2145 λέὲ

1937 2201 2077 2251 γειν,
2120 2174 2197 2236 υῦ
2238 2181 2295 2234 δὲ
2329 2183 2357 2233 ὁ
2398 2178 2605 2251 Κύριος
2664 2178 2758 2234 τοῦ
2805 2182 3031 2249 Κυρίου.
3076 2180 3423 2251 Ἐλευθερίαν
3452 2177 3512 2231 δὶ

1939 2268 2061 2325 εἷπε
2112 2268 2252 2339 πρὸς
2284 2267 2382 2337 τὴν
2404 2265 2713 2339 ἔμπροσθεν
2742 2266 3007 2322 δουλείαν.
3040 2264 3173 2321 Εἶτα
3202 2266 3290 2319 ῖνα
3320 2264 3395 2335 μὴ
3424 2278 3517 2316 νο-

1944 2357 2129 2427 μίσῃς,
2188 2356 2269 2407 ὅτι
2318 2354 2447 2423 περὶ
2492 2353 2778 2424 μέλλοντος
2824 2355 3018 2425 χρόνου
3060 2355 3245 2420 λέγει,
3304 2350 3514 2421 φησίν*

1950 2442 2142 2509 Ἡμεῖς
2164 2439 2233 2493 δὲ
2258 2439 2483 2504 πάντες
2505 2442 3054 2512 ἀνακεκαλυμμένῳ
3080 2440 3379 2511 προσώπῳ
3403 2438 3519 2505 τὴν

1938 2528 2131 2592 δόξαν
2154 2527 2380 2594 Κυρίου
2400 2526 2917 2596 κατοπτριζόμενοι
2938 2545 2953 2559 ·
2984 2530 3047 2582 οὐ
3076 2530 3174 2599 τὴν
3204 2526 3520 2598 παυομένην

1944 2615 2163 2685 ἐκείνην
2186 2655 2202 2679 ,
2234 2612 2372 2667 ἀλλά
2423 2611 2524 2682 τὴν
2575 2612 2845 2681 μένουσαν
2872 2630 2886 2644 ο
2910 2613 3027 2681 τὴν
3077 2614 3276 2682 αὐτὴν
3313 2612 3522 2667 είκόνα
3610 2615 3620 2623 “

1936 2702 2470 2772 μεταμορφούμεθα
2519 2700 2637 2755 ἀπὸ
2675 2698 2860 2768 δόξης
2892 2703 2982 2766 εις
3015 2700 3226 2766 δόξαν,
3256 2697 3521 2767 καθάπερ

1941 2790 2063 2847 ἀπὸ
2090 2790 2311 2857 Κυρίου
2337 2788 2704 2858 Πνεύματος.

2016 2871 2176 2940 Εἶδες
2199 2874 2317 2939 πῶς
2348 2874 2509 2929 πάλιν
2528 2874 2588 2927 ὲν
2614 2873 2765 2940 τάξει
2786 2872 2881 2927 τοῦ
2914 2872 3051 2951 Θεοῦ
3090 2873 3151 2927 τδ
3188 2871 3416 2937 Πνεῦμα
3447 2874 3529 2924 τι.

1945 2965 2093 3036 θησι,
2124 2964 2220 3016 καὶ
2247 2962 2446 3025 αὐτοὺς
2472 2962 2552 3024 είς
2581 2962 2681 3032 τὴν
2702 2961 2858 3028 τάξιν
2877 2958 3198 3025 ἀναϐιϐάζει
3232 2959 3344 3014 τῶν
3377 2959 3525 3013 άποο

1949 3052 2193 3112 στόλωνς
2226 3048 2335 3102 Καὶ
2378 3048 2489 3120 γάρ
2536 3047 2849 3119 ἔμπροσθεν
2892 3049 3136 3120 είρηκεν,
3182 3047 3517 3116 Ἐπιστολή

1946 3139 2091 3192 ἐστε
2138 3134 2404 3203 Χριστοῦ
2428 3148 2441 3162 ο
2491 3139 2590 3186 καὶ
2633 3133 2891 3200 ἐνταῦθα,
2949 3134 3146 3203 Ἡμεῖς
3194 3134 3263 3187 δὲ
3304 3134 3530 3201 πάντες

1946 3217 2500 3289 ἀνακεκαλυμμένῳ
2551 3217 2871 3286 προσώπῳ.
2914 3220 3110 3272 Καίτοι
3162 3220 3324 3274 αὐτοι·
3362 3214 3529 3289 ἦλθον

1947 3310 2206 3382 φέροντες
2244 3307 2383 3361 κατὰ
2421 3306 2661 3361 Μωῦσέα
2697 3308 2882 3375 νόμον.
2929 3306 3071 3364 Ἀλλ’
3094 3306 3292 3375 ὥσπερ
3336 3307 3526 3374 ἡμεῖς,

1948 3399 2136 3469 φησὶν,
2175 3396 2277 3449 οὐκ
2300 3394 2600 3465 ἐδεήθημεν
2620 3395 3003 3464 καλύμματος,
3019 3391 3191 3456 οὕτως
3221 3392 3342 3445 οὐδὲ
3366 3392 3529 3459 ὑμεῖς

1947 3486 1998 3538 οί
2039 3483 2350 3554 δεξάμενοι.
2396 3482 2594 3535 Καίτοι
2619 3496 2684 3549 γε
2712 3480 2891 3551 πολλῷ
2921 3479 3126 3550 μείζων
3153 3477 3295 3549 αῦτη
3321 3478 3354 3549 ή
3378 3478 3524 3544 δόξα,

1948 3572 2011 3626 οὐ
2050 3574 2159 3641 7&9
2197 3567 2294 3622 τοῦ
2338 3566 2633 3639 προσώπου
2677 3566 2833 3637 ήμῶν
2878 3565 3042 3636 αὕτη,
3071 3566 3210 3620 ἀλλὰ
3232 3565 3327 3619 τοῦ
3359 3564 3528 3618 Πνεύ-

1951 3674 2122 3728 ματος
2149 3672 2165 3689 ο
2197 3654 2313 3709 ἀλλ’
2346 3654 2497 3723 ὅμως
2528 3654 2660 3723 ήμῖν
2680 3652 2883 3723 ὁμοίιος
2916 3654 3167 3707 ἀτενίυοιε
3198 3651 3428 3704 δύνασθε
3447 3652 3530 3713 είς

1949 3743 2178 3812 ταύτην.
2232 3740 2462 3792 Ἐκεῖνοι
2504 3738 2605 3807 μὲν
2645 3739 2756 3807 γάρ
2800 3738 2921 3790 οὐδὲ
2964 3738 3052 3790 διὰ
3097 3738 3339 3807 μεσίτου,
3370 3738 3527 3806 ὑμεῖς

1948 3829 2005 3883 δὲ
2038 3827 2136 3882 καὶ
2187 3825 2358 3898 χωρὶς
2413 3824 2632 3895 μεσίτου
2657 3823 2889 3877 δύνασθε
2909 3824 3007 3895 τὴν
3040 3824 3263 3896 μείζονα
3284 3840 3298 3854 ο
3328 3825 3526 3877 ἐκεῖνοι

1951 3916 2030 3979 εἰς
2052 3914 2151 3986 τὴν
2180 3912 2460 3976 Μωῦσέως
2477 3912 2578 3965 οὐκ
2601 3911 2854 3982 ἴσχυσαν,
2887 3912 3044 3981 ὑμεῖς
3071 3911 3166 3963 καὶ
3190 3913 3271 3973 είς
3300 3910 3397 3980 τὴν
3431 3908 3525 3964 τοῦ

1950 4003 2269 4073 Πνεύματος
2298 4014 2312 4030 ⁸
2356 4000 2457 4052 οὐκ
2479 3998 2546 4052 ἂν
2575 3998 2653 4062 δὲ,
2700 4000 2750 4051 εί
2788 3998 3215 4069 καταδεέστερον
3242 3996 3303 4049 τδ
3353 3997 3527 4050 Πνεῦο

1954 4108 2029 4162 μα
2057 4087 2253 4159 ἦν,·ώς
2294 4087 2517 4155 μείζονα
2544 4084 2719 4137 ταῦτα
2751 4086 2976 4137 ἐκείνων
3002 4085 3187 4154 ἔθηκε.

2019 4182 2080 4228 ε’.
2095 4175 2159 4227 Τί
2174 4174 2231 4226 δέ
2248 4175 2383 4237 ἐστι,
2408 4171 2526 4239 Τὴν
2545 4171 2736 4236 δόξαν
2750 4171 2971 4238 Κυρίου
2994 4172 3526 4242 κατοπτριζόμενοι,

1950 4262 2065 4330 τὴν
2089 4260 2285 4327 αὐτὴν
2338 4261 2543 4313 είκόνα
2580 4259 3142 4328 μεταμορφούμεθας
3189 4259 3529 4332 Σαφῖστερον

1954 4351 2051 4420 μὲν
2092 4347 2249 4400 τοῦτο
2290 4346 2583 4412 ἐδείκνυτο,
2622 4348 2782 4417 ήνίκα
2823 4346 2933 4399 τῶν
2981 4345 3224 4416 σημείων
3268 4344 3334 4400 τά
3372 4341 3531 4417 χαρῖο

1953 4450 2134 4505 σματα
2164 4435 2387 4505 ἐνήργει
2412 4454 2426 4463 ·
2466 4433 2607 4504 πλὴν
2645 4434 2766 4487 οὐδὲ
2801 4432 2896 4486 νῦν
2935 4431 3195 4486 δύσκολον
3233 4433 3365 4487 αὐτὸ
3398 4449 3533 4486 κατ-

1954 4522 2080 4575 ιδεῖν
2124 4521 2203 4591 τῷ
2240 4522 2463 4582 πιστοὺς
2502 4520 2813 4588 ὀφθαλμοὺς
2864 4518 3061 4587 ἔχοντι.
3116 4518 3281 4584 Ὁμοῦ
3328 4535 3389 4571 τε
3420 4518 3532 4589 γὰρ

1952 4608 2347 4679 βαπτιζόμεθα,
2395 4606 2491 4659 καὶ
2537 4606 2679 4675 ὑπὲρ
2716 4604 2808 4658 τὸν
2845 4603 2996 4674 ήλιον
3045 4605 3078 4673 ή
3121 4603 3268 4674 ψυχή
3302 4602 3528 4671 λάμπει,

1948 4695 2027 4765 τῷ
2055 4694 2334 4765 Πνεύματι
2363 4692 2737 4762 καθαιρομένη
2763 4709 2778 4723 ο
2809 4692 2904 4745 καὶ
2935 4691 2997 4744 οὺ
3028 4692 3190 4762 μόνον
3214 4691 3429 4761 ὁρῶμεν
3450 4693 3529 4752 εἰς

1950 4783 2049 4854 τὴν
2078 4782 2234 4846 δόξαν
2257 4779 2349 4833 τοῦ
2385 4778 2541 4841 Θεοῦ,
2582 4778 2720 4833 ἀλλὰ
2753 4780 2848 4832 καὶ
2876 4778 3083 4832 ἐκεῖθεν
3104 4777 3373 4848 δεχόμεθά
3411 4792 3532 4829 τινα

1950 4871 2167 4939 αίγλην.
2218 4868 2429 4935 ’Ὠσπερ
2472 4866 2539 4919 ἂν
2580 4868 2628 4919 εί
2677 4866 2915 4935 ἀργυρος
2962 4864 3201 4933 καθαρὸς
3249 4864 3385 4934 πρὸς
3431 4863 3531 4925 τὰς

1950 4960 2175 5021 ἀκτῖνας
2219 4956 2489 5025 κείμενος,
2546 4955 2639 5008 καὶ
2676 4954 2844 5017 αὐτὸς
2899 4954 3124 5015 ἀκτῖνας
3172 4951 3529 5021 ὲκπέμψειεν,

1950 5046 2050 5099 οὐκ
2073 5044 2183 5098 άπὸ
2209 5044 2309 5113 τῆς
2329 5041 2537 5105 οίκείας
2560 5041 2775 5111 φύσεως
2810 5039 2991 5111 μόνον,
3021 5039 3155 5094 ἀλλά
3181 5041 3277 5092 καὶ⁵
3302 5038 3411 5091 άπδ
3434 5037 3530 5108 τῆς

1949 5133 2294 5204 λαμπηδόνος
2325 5132 2425 5203 τῆς
2455 5130 2717 5201 ἡλιακῆςο
2741 5128 2882 5182 οὕτω
2914 5130 3008 5182 καὶ
3036 5130 3070 5198 ή
3096 5129 3240 5200 ψυχὴ
3281 5128 3531 5196 καθαιρε-

1954 5226 2114 5297 μένη,
2157 5226 2249 5279 καὶ
2303 5222 2543 5295 ἀργύρου
2586 5220 2942 5292 λαμπροτέρα
2986 5221 3267 5292 γινομένη.
3315 5218 3527 5288 δέχεται

1946 5315 2145 5381 ἀκτῖνα
2182 5312 2291 5367 ἀπὸ
2330 5312 2429 5379 τῆς
2468 5309 2627 5379 δόξης
2671 5308 2767 5362 τοῦ
2804 5307 3143 5377 Πνεύματος,
3198 5306 3291 5360 καὶ
3326 5304 3530 5376 ταύτην

1950 5404 2299 5475 ἀντιπέμπει.
2346 5400 2437 5454 Διὸ
2475 5401 2567 5454 καί
2619 5418 2772 5472 φησι,
2823 5397 3368 5467 Κατοπτριζόμενοι,
3415 5395 3532 5464 τὴν

1949 5492 2147 5560 αὐτὴν
2165 5494 2367 5547 είκόνα
2389 5492 2917 5559 μεταμορφούμεθα
2943 5490 3061 5545 ἀπὸ
3079 5490 3285 5555 δόξης.
3308 5487 3405 5549 τῆς
3432 5486 3528 5542 τοῦ

1950 5581 2289 5651 Πνεύματος,
2328 5580 2415 5645 είς
2448 5578 2671 5643 δόξαν,
2711 5578 2809 5650 τὴν
2847 5579 3143 5651 ἡμετέραν,
3173 5579 3271 5645 τὴν
3314 5578 3527 5644 ἐγγινο-

1955 5674 2144 5739 μένην,
2182 5674 2276 5726 καὶ
2311 5671 2464 5746 [487]
2496 5676 2650 5731 τοιαύ
2663 5693 2751 5748 ιην
2782 5678 2898 5733 οἵαν
2930 5678 3075 5742 είκδς
3094 5670 3260 5745 ,απὸ
3306 5675 3529 5742 Κυρίου

1951 5767 2316 5829 ιινεύματος.

2022 5858 2163 5929 Ὅρα
2200 5858 2313 5921 πῶς
2351 5860 2442 5915 καὶ
2475 5861 2709 5918 ἐνταῦθα
2757 5865 2814 5918 τὸ
2845 5863 3067 5934 Πνεῦμα
3105 5863 3306 5936 Κύριον
3351 5858 3523 5918 κάλει
