4022 6258
176 282 280 339 αθ

177 404 339 458 enim
367 397 455 456 bis
475 397 654 455 verbis
676 396 952 466 Scriptura
981 393 1169 459 utitur,
1202 391 1613 447 linistrentibas
1635 390 1763 462 ipsis

179 490 418 556 Dousiao,
445 489 723 562 Sagunte
751 488 901 555 mihi,
938 495 1000 542 ut
1037 500 1161 542 eum
1200 483 1443 555 ejusdem
1488 483 1764 553 dignitatis

176 596 297 639 esse
321 581 590 637 ostendat.
618 583 698 637 Ac
735 594 950 636 rursum
976 579 1052 634 ait
1086 576 1356 640 Christus,
1390 576 1580 631 Servus
1606 577 1764 631 nescit

175 673 298 744 quid
336 674 493 743 facim
518 672 757 728 datatim
799 673 910 741 ejus
957 668 1136 743 (locis.
1179 668 1269 723 15.
1319 667 1412 737 15)
1441 683 1457 721 :
1487 678 1547 721 ut
1581 676 1765 722 autem

176 763 338 821 homo
361 766 517 820 novit
541 778 605 820 ea
635 779 755 835 quae
782 778 878 818 sua
907 771 1051 829 sunt,
1091 763 1162 815 ita
1202 760 1433 830 Spiritus
1463 760 1612 814 novit
1643 774 1764 837 quae

179 856 273 913 Del
301 866 430 912 sunt
451 856 529 927 (1.
562 855 682 911 Cor.
710 856 767 912 2.
798 856 915 923 11),
957 869 1064 909 non
1100 853 1243 923 quod
1272 853 1565 907 etloceatur
1594 868 1611 907 :
1638 867 1764 907 nam

175 947 249 1001 ita
275 946 573 1002 similitudo
599 946 703 1001 sibi
731 960 839 1001 non
872 951 1166 1001 constaret.
1202 943 1342 1012 Quin
1388 942 1516 996 hinc
1552 957 1766 1013 quoque

176 1038 548 1094 auctoritatem
577 1054 643 1095 ac
677 1038 1097 1095 dominationem
1128 1045 1282 1091 suam
1308 1036 1567 1102 ostendit,
1599 1036 1765 1106 quod,

176 1136 334 1199 prout
375 1130 511 1194 vult,
540 1138 813 1202 operatur.
858 1127 957 1183 llic
984 1142 1086 1183 nos
1127 1124 1495 1189 transformat.
1542 1125 1632 1181 hic
1668 1141 1769 1182 nos

176 1217 301 1275 buic
340 1220 543 1275 seculo
583 1217 910 1274 conformari
957 1231 1067 1272 non
1113 1217 1273 1282 sinit,
1329 1214 1418 1271 hic
1457 1214 1770 1287 huiusmodi

172 1310 464 1367 creationis
514 1310 710 1366 artifex
777 1316 881 1365 est.
943 1304 1408 1375 Quemadmodum
1458 1286 1604 1362 eniin
1654 1306 1767 1374 ait,

173 1401 346 1459 Crassi
370 1405 425 1458 in
474 1401 679 1459 Christo
716 1400 845 1457 Iesu
875 1399 1091 1474 (Ephes.
1121 1400 1177 1455 2.
1210 1399 1306 1469 10)
1337 1417 1352 1455 :
1380 1398 1572 1456 eodem
1609 1401 1772 1456 modo

175 1494 275 1559 ait,
295 1493 397 1550 Cor
418 1492 664 1548 mandunt
688 1508 807 1548 creo
829 1495 883 1548 in
911 1509 1015 1555 me,
1031 1491 1189 1558 Deus,
1223 1502 1271 1548 et
1307 1492 1549 1563 spiritum
1575 1500 1771 1547 rectum

173 1583 363 1637 innovat
389 1584 443 1637 in
467 1582 742 1638 visceribus
772 1584 898 1638 ursis
922 1580 1094 1653 (Paul.
1126 1583 1219 1639 δυ.
1249 1582 1364 1653 12).
1399 1581 1493 1638 Vis
1530 1581 1634 1638 hoe
1673 1580 1773 1637 tibi

174 1673 247 1728 ab
287 1674 549 1745 apostolis
604 1687 818 1745 quoque
867 1673 1190 1730 sensibiliori
1233 1673 1397 1730 modo
1440 1673 1724 1730 ostendam
1746 1672 1774 1728 2

176 1763 399 1822 Paulum
428 1765 628 1836 cogita,
669 1766 826 1836 cujus
862 1775 1043 1823 vestes
1084 1766 1483 1836 operabantur;
1530 1766 1772 1833 Petrum,

174 1855 331 1927 cujus
356 1857 486 1926 ipsa
518 1872 733 1928 quoque
778 1857 987 1914 umbrae
1030 1860 1237 1915 viribus
1267 1859 1562 1930 pollebant.
1588 1859 1778 1931 Neque

174 1947 345 2013 enim,
390 1947 494 2003 nisi
527 1947 692 2019 Regis
738 1948 1025 2019 imaginem
1052 1959 1379 2021 gestassent,
1406 1962 1461 2007 et
1484 1951 1779 2023 incompa-

175 2038 365 2095 rabilis
392 2038 610 2111 quidam
639 2039 819 2110 fulgor
838 2055 910 2096 ex
944 2041 1077 2112 ipsis
1110 2041 1423 2108 effulsisset,
1449 2038 1639 2099 eorum
1680 2058 1779 2100 ve-

176 2140 292 2188 stes
335 2139 500 2202 atque
554 2131 763 2187 umbra:
806 2140 887 2188 tot
931 2134 1191 2189 miracula
1244 2133 1557 2190 edidissent.
1617 2133 1780 2205 Regis

176 2224 382 2294 quippe
402 2234 584 2280 vestes
610 2223 911 2282 latronibus
953 2225 1115 2281 etiam
1156 2226 1351 2282 terrori
1378 2234 1523 2281 sunt.
1554 2225 1783 2284 Libetne

178 2314 367 2371 videre
387 2315 529 2372 hanc
553 2331 651 2387 per
670 2330 873 2387 corpus
905 2325 1120 2389 quoque
1142 2317 1536 2374 collucentem?
1563 2316 1782 2372 Intuen-

179 2415 275 2470 ια,
306 2405 502 2475 inquit,
532 2407 721 2477 facian
748 2405 1025 2475 Stephani,
1051 2407 1288 2463 viderunt
1309 2416 1570 2478 umquam
1596 2409 1783 2481 facian

175 2497 353 2567 angeli
381 2495 580 2566 (Actor.
601 2497 657 2553 ὅ.
683 2482 795 2566 l5).
820 2498 1155 2567 Quamquam
1192 2497 1329 2554 nihil
1357 2499 1498 2554 istud
1521 2507 1639 2554 erat
1669 2514 1782 2570 pra

178 2584 351 2658 gloria
372 2600 458 2649 ea,
488 2599 612 2656 qua
649 2586 863 2642 interno
888 2586 1167 2644 rntilabat.
1193 2587 1329 2642 Nam
1356 2587 1501 2659 quod
1528 2589 1702 2643 Moses
1725 2589 1782 2644 in

181 2674 335 2730 vultu
375 2673 639 2741 habebat,
693 2673 795 2730 boc
845 2676 937 2732 isti
979 2676 1034 2730 in
1076 2676 1257 2731 anima
1309 2678 1780 2746 circumferebant,

181 2775 347 2837 atque
369 2764 507 2821 adeo
531 2766 702 2821 multo
727 2765 980 2838 amplius.
1013 2764 1301 2825 Etenimid
1324 2769 1470 2840 quod
1499 2768 1634 2825 Mosi
1653 2784 1784 2825 con-

184 2855 447 2927 tingebat,
475 2856 661 2912 sensui
684 2856 989 2924 subjectum
1018 2865 1179 2924 erat;
1205 2858 1309 2914 hoc
1336 2869 1518 2915 autem
1538 2861 1785 2930 corporis

183 2961 381 3017 expers
405 2955 511 3003 est.
540 2945 613 3003 Et
643 2946 783 3002 sicut
816 2947 973 3018 ignea
996 2962 1251 3020 corpora,
1288 2964 1319 3005 a
1346 2949 1645 3019 splendidis
1662 2966 1787 3008 cor-

185 3037 414 3107 poribus
439 3038 494 3093 in
530 3037 586 3093 id
624 3037 771 3109 quod
796 3040 1156 3112 propinquum
1180 3049 1266 3096 est
1302 3040 1614 3108 deditemia,
1656 3042 1789 3113 ipsis

185 3144 405 3201 quoque
432 3128 775 3200 splendorem
809 3144 967 3186 suum
997 3132 1314 3202 impertiunt
1336 3148 1355 3185 :
1387 3132 1579 3189 eodem
1625 3135 1788 3189 modo

188 3220 245 3277 in
289 3219 542 3276 ﬁdelibus
578 3234 796 3291 quoque
834 3236 935 3277 usu
959 3222 1129 3278 venit.
1159 3222 1241 3279 Ob
1262 3238 1491 3293 eamque
1515 3238 1733 3279 causam
1757 3241 1790 3281 a

188 3319 337 3365 terra
361 3309 683 3375 abscedunt,
708 3311 801 3382 qui
823 3311 899 3367 ita
922 3311 1109 3368 affecti
1133 3321 1280 3380 sunt,
1308 3313 1652 3384 caelestiaque
1673 3315 1791 3376 sola

190 3401 327 3471 ipsis
355 3402 410 3456 in
435 3410 621 3458 mente
643 3412 950 3459 versantur.
975 3404 1078 3461 Hei
1106 3404 1273 3462 mihi!
1307 3407 1396 3463 hic
1420 3408 1567 3463 enim
1597 3408 1794 3465 acerbe

187 3507 409 3564 quoque
454 3492 813 3563 ingemiscere
866 3493 1152 3563 pulchrum
1204 3494 1391 3561 fuerit,
1447 3498 1614 3568 quod,
1668 3514 1793 3554 cum

191 3591 343 3640 tanta
372 3582 653 3639 nobilitate
680 3582 891 3653 ρι’ωῶιί
918 3583 1112 3651 simus,
1156 3592 1335 3640 tamen
1366 3600 1435 3641 ne
1476 3601 1540 3641 ea
1576 3588 1793 3658 quidem

191 3688 317 3745 qua
341 3674 597 3729 dicuntur
620 3672 893 3741 norimus,
934 3674 1060 3744 quia
1086 3674 1367 3731 confestim
1397 3676 1496 3731 bas
1524 3692 1613 3732 res
1640 3678 1796 3734 nobis

192 3769 377 3839 perire
399 3767 645 3832 sinimus,
673 3773 836 3837 atque
863 3765 930 3823 iis
949 3782 1070 3836 quae
1090 3768 1144 3822 in
1171 3782 1387 3823 sensum
1408 3769 1605 3825 cadunt
1626 3769 1799 3825 inhia-

193 3874 339 3915 mus.
370 3862 578 3915 Arcana
605 3857 749 3915 enim
778 3857 894 3914 haec
929 3868 983 3915 et
1012 3860 1288 3915 tremenda
1332 3861 1498 3932 gloria
1538 3865 1605 3917 ad
1634 3880 1797 3920 unum

193 3954 418 4023 quidem
446 3963 538 4008 aut
566 3953 795 4007 alterum
833 3950 975 4008 diem
1018 3951 1072 4007 in
1113 3953 1266 4007 nobis
1297 3963 1515 4019 manet;
1542 3956 1801 4027 deinceps

194 4055 381 4099 autem
423 4059 543 4099 eam
585 4042 995 4113 exstinguimus,
1023 4043 1154 4098 dum
1193 4045 1530 4115 negotiorum
1579 4046 1800 4116 hujusce

195 4135 325 4188 vita:
358 4141 728 4202 tempestatem
759 4133 1105 4201 accersimus,
1143 4149 1208 4189 ac
1236 4149 1330 4204 per
1369 4136 1589 4190 nubium
1619 4138 1802 4193 densi-

197 4234 366 4281 tatem
396 4224 575 4281 radios
593 4225 987 4295 propulsamus.

275 4318 406 4372 Haec
431 4318 531 4371 vita
565 4326 836 4387 tempestas
863 4326 1041 4371 est.—
1059 4316 1374 4386 Tempestas
1401 4319 1544 4372 enim
1582 4334 1672 4374 res
1699 4321 1801 4374 bu-

194 4412 354 4482 jusce
377 4411 500 4463 vita:
529 4418 672 4475 sunt,
704 4423 768 4463 ac
793 4417 1109 4477 tempestate
1142 4407 1422 4463 tristiores.
1449 4408 1633 4478 Neque
1656 4410 1800 4465 enim

203 4505 335 4561 hinc
364 4502 531 4572 frigus
558 4503 748 4567 oritur,
778 4516 877 4558 nec
902 4501 1078 4572 pluvia
1108 4516 1209 4556 nec
1228 4502 1394 4555 lutum
1414 4516 1478 4555 ac
1509 4503 1804 4570 profundus

202 4600 390 4661 limus,
422 4596 540 4660 sed,
580 4612 700 4668 qua:
741 4596 823 4651 his
853 4595 1102 4649 omnibus
1146 4592 1390 4662 graviora
1434 4603 1579 4661 sunt,
1611 4612 1806 4667 nempe

200 4690 452 4761 gehenna
497 4696 550 4743 et
592 4689 853 4758 gehennae
895 4686 1051 4740 mala.
1086 4684 1154 4740 Et
1178 4686 1628 4754 quemadmodum
1650 4705 1805 4760 gras-

204 4790 364 4835 sante
379 4780 644 4835 acerrimo
666 4778 863 4849 frigore
889 4776 1124 4832 membra
1143 4777 1323 4830 omnia
1340 4791 1716 4849 concrescunt,
1744 4797 1808 4838 ac

205 4883 421 4928 mortua
446 4882 571 4927 sunt
598 4887 613 4923 :
639 4872 718 4927 sic
746 4872 905 4926 etiam
934 4869 1143 4923 animus
1170 4869 1222 4922 in
1239 4880 1579 4938 peccatorum
1607 4871 1809 4944 frigore

203 4964 658 5028 contremiscens,
677 4963 879 5016 nullum
902 4976 1095 5016 munus
1111 4977 1265 5016 suum
1298 4963 1625 5031 exsequitur,
1642 4967 1806 5035 utqui

206 5056 462 5110 videlicet
477 5054 801 5108 conscientia
818 5068 881 5106 ac.
894 5055 936 5108 si
957 5054 1075 5123 gelu
1094 5064 1375 5109 concretus
1388 5054 1473 5106 sit.
1493 5054 1643 5120 Quod
1661 5058 1805 5111 enim

205 5143 426 5213 corpori
457 5142 625 5212 frigus
643 5151 746 5207 est,
770 5141 874 5197 hoc
903 5144 1082 5197 animo
1104 5144 1241 5197 mala
1268 5143 1593 5197 conscientia
1624 5163 1638 5198 :
1667 5154 1811 5201 unde

207 5235 375 5289 etiam
410 5231 659 5286 timiditas
688 5234 917 5287 exsistit.
941 5233 1079 5287 Nihil
1112 5235 1255 5287 enim
1283 5234 1497 5287 homine
1527 5236 1811 5291 mundanis

208 5326 377 5381 rebus
402 5322 563 5377 affixo
590 5322 823 5376 timidius
862 5321 986 5390 ﬁngi
1016 5334 1188 5391 potest
1222 5345 1234 5379 ;
1270 5340 1390 5377 nam
1431 5324 1518 5393 qui
1547 5324 1812 5391 ejusmodi

207 5426 318 5479 est,
361 5423 419 5468 ut
458 5412 588 5467 Cain
632 5412 783 5474 vivit,
819 5412 1057 5481 quotidie
1102 5423 1336 5467 tremens
1367 5412 1517 5485 (Gen.
1560 5415 1641 5483 4).
1674 5415 1813 5481 Quid

209 5518 391 5561 autem
432 5514 629 5558 mortes
668 5510 724 5556 et
753 5503 1072 5557 detrimenta
1102 5512 1155 5556 et
1184 5503 1509 5557 oll‘ensiones
1540 5514 1593 5557 cf
1626 5521 1813 5560 assen-

212 5596 379 5649 taii-ir
494 5606 546 5647 ιι
592 5595 847 5662 obsequia
898 5596 1361 5648 commemorem?
1411 5610 1555 5658 nam,
1598 5604 1655 5647 ut
1702 5595 1815 5651 haec

210 5700 401 5742 omitta
430 5710 481 5745 η.
506 5696 784 5742 sexcentus
808 5687 1127 5740 initiationes
1153 5686 1470 5741 extimescit.
1499 5689 1671 5755 Atque
1690 5703 1811 5743 arca

1233 274 1304 333 ΙΝ
1339 272 1559 333 EPIST.
1600 274 1648 333 11
1706 275 1801 333 AD
1834 276 1995 337 COR.
2034 279 2267 337 HOMIL.
2311 279 2422 338 VII.

3354 294 3465 349 £50

1868 394 2083 465 quidem
2109 409 2244 450 auro
2276 396 2474 451 referta
2513 405 2620 462 est,
2666 397 2876 454 animus
2916 410 3095 456 autem
3134 413 3467 476 paupertatis

1865 496 2011 543 metu
2036 488 2259 543 minime
2277 496 2467 554 vacat;
2489 504 2552 544 ac
2576 491 2771 545 merito
2790 492 3024 563 quidem.
3050 494 3110 550 ln
3128 497 3293 553 rebus
3316 501 3463 555 enim

1867 578 2152 635 imbecillis
2200 588 2256 636 ct
2300 596 2422 651 qua
2472 582 2626 637 facile
2674 592 2947 639 mutentur
2992 599 3247 642 ancoram
3294 588 3459 659 figit:

1865 673 2077 728 etiamsi
2108 675 2223 744 ipse
2261 674 2595 746 naufragium
2638 690 2745 731 non
2771 679 3026 747 patiatur,
3052 680 3104 733 in
3130 680 3251 735 aliis
3280 689 3463 740 tamen

1867 762 1922 817 id
1950 765 2301 834 perspiciens,
2332 765 2704 832 examinator;
2736 777 2894 838 atque
2921 778 2981 822 ut
3009 770 3209 839 ingenti
3257 771 3462 826 timidi-

1869 863 2000 920 tate,
2042 857 2112 911 ita
2138 857 2340 927 ingenti
2369 858 2576 928 ignavia
2614 857 2842 913 laborat.
2872 858 3060 929 Neque
3086 860 3234 917 enim
3274 861 3463 931 hujus-

1870 946 2015 1001 modi
2052 946 2217 1003 homo
2256 948 2310 1003 in
2358 938 2609 1019 periculis
2652 950 2948 1014 dumtaxat,
2981 950 3077 1006 sed
3115 951 3172 1005 in
3212 952 3464 1007 omnibus

1868 1038 1990 1094 aliis
2013 1039 2238 1109 ignavus
2263 1050 2364 1096 est.
2395 1040 2528 1109 Nam
2554 1041 2599 1097 si
2628 1042 2976 1111 pecuniarum
3002 1041 3271 1112 cupiditas
3289 1042 3465 1098 irrue-

1870 1129 1961 1196 rit,
1992 1146 2100 1187 non
2141 1140 2200 1188 ut
2225 1133 2489 1205 ingenuus
2513 1134 2597 1189 vir
2624 1135 2883 1204 impetum
2926 1134 3238 1206 propulsat;
3280 1135 3379 1191 sed
3407 1142 3465 1192 nt

1870 1222 2048 1291 pretio
2070 1230 2309 1292 emptum
2331 1224 2656 1293 mancipium
2671 1225 2885 1295 quidvis
2899 1224 3045 1293 facit,
3062 1225 3303 1281 avaritia:
3323 1232 3466 1281 tam-

1870 1325 2031 1381 quam
2056 1313 2267 1370 aeerbae
2287 1315 2521 1372 domina:
2547 1318 2810 1374 serviens.
2837 1316 2900 1373 Si
2917 1317 3205 1374 formosam
3228 1317 3463 1389 aliquam

1871 1400 2103 1470 puellam
2116 1404 2457 1476 conspicatus
2469 1406 2648 1473 fuerit,
2668 1408 2912 1477 pretium
2926 1415 3115 1478 captus
3130 1407 3467 1478 trepidat,ra-

1871 1490 2092 1563 bidique
2121 1495 2274 1549 canis
2299 1494 2357 1550 in
2382 1510 2591 1552 morem
2612 1510 2733 1552 eam
2753 1498 3014 1568 sequitur,
3036 1506 3161 1549 cum
3178 1501 3371 1551 contra
3391 1497 3465 1550 fa-

1874 1575 2130 1634 ciendum
2152 1575 2248 1633 sit.

1954 1663 2010 1722 6.
2048 1661 2266 1720 Etenim
2292 1677 2421 1721 cum
2460 1663 2768 1722 formosam
2799 1665 3090 1723 mulierem
3135 1668 3355 1735 cernis,
3398 1685 3468 1727 ne

1884 1758 1990 1811 hoc
2020 1765 2237 1827 spectes
2256 1758 2537 1826 quomodo
2565 1755 2885 1827 cupiditatis
2917 1766 3026 1812 tua
3066 1772 3294 1830 compos
3334 1760 3463 1825 ﬁas,

1882 1849 1979 1904 sed
1994 1847 2273 1919 quomodo
2291 1848 2588 1919 cupiditate
2607 1848 2875 1906 libereris.
2907 1849 2973 1906 Et
2988 1865 3229 1921 quanam
3248 1853 3466 1908 ratione

1884 1942 1988 1998 hoc
2017 1942 2135 1998 ﬁeri
2164 1942 2358 2012 possit,
2381 1943 2635 2014 inquies?
2659 1958 2838 2015 neque
2863 1944 3012 1999 enim
3038 1959 3227 2000 amare
3247 1947 3356 2000 mei
3377 1957 3467 2001 est

1882 2034 2116 2091 arbitrii.
2143 2034 2318 2107 Cujus
2345 2049 2479 2106 ergo
2504 2076 2522 2102 ,
2558 2035 2648 2091 die
2680 2035 2854 2090 mihi!
2884 2034 3127 2092 lnsultus
3172 2035 3457 2091 daemonis.

1885 2125 2123 2184 Omnino
2139 2128 2307 2197 igitur
2318 2126 2625 2182 damonem
2641 2141 2767 2183 esse
2784 2125 3096 2195 arbitraris,
3121 2127 3218 2197 qui
3235 2125 3464 2181 insidias

1883 2228 2065 2278 struat
2080 2221 2104 2275 ἲ
2122 2218 2360 2276 Luctare
2380 2220 2565 2292 igitur,
2588 2235 2654 2276 ac
2670 2235 2851 2290 pugna
2868 2236 2994 2275 cum
3019 2225 3233 2274 morbo.
3258 2219 3328 2273 At
3352 2233 3463 2272 non

1882 2316 2125 2375 possum,
2166 2302 2396 2373 inquies.
2427 2304 2541 2373 Age
2569 2304 2731 2374 igitur
2764 2304 2869 2360 hoc
2907 2306 3143 2375 primum
3170 2316 3222 2363 te
3252 2308 3478 2365 docebio

1882 2412 2026 2465 mus,
2055 2395 2282 2468 ignavia
2301 2403 2407 2451 tua:
2432 2410 2555 2452 esse
2584 2397 2638 2453 id
2664 2397 2809 2467 quod
2840 2398 2935 2453 tibi
2974 2400 3191 2465 accidit,
3228 2410 3388 2472 teque
3410 2402 3482 2457 ab

1885 2491 2039 2547 initio
2059 2489 2291 2544 daemoni
2316 2487 2520 2545 aditum
2545 2488 2861 2559 praebuisse,
2887 2504 2952 2545 ac
2971 2504 3134 2555 nunc,
3159 2493 3207 2546 si
3230 2493 3483 2548 voluntas

1884 2581 1957 2635 ita
1986 2580 2190 2648 tulerit,
2218 2594 2342 2634 eum
2379 2578 2633 2637 facillime
2656 2579 2963 2650 propellere
2987 2566 3168 2651 posse.
3198 2581 3293 2637 Dic
3321 2582 3478 2648 mihi,

1883 2669 1974 2738 qui
1999 2668 2324 2726 adulterium
2350 2678 2685 2743 perpetrant,
2707 2679 2885 2726 utrum
2908 2686 3095 2728 amore
3115 2671 3261 2729 ducti
3282 2672 3336 2728 id
3360 2687 3483 2742 per-

1884 2768 2135 2831 petrant,
2192 2775 2262 2817 an
2312 2760 2457 2832 quod
2513 2763 2831 2833 simpliciter
2890 2764 3127 2834 pericula
3188 2766 3484 2836 expetant?

1889 2852 2089 2906 Amore
2132 2849 2279 2909 ducti
2318 2851 2463 2909 baud
2503 2850 2685 2909 dubie.
2716 2852 2855 2908 Num
2899 2853 3067 2925 igitur
3107 2854 3323 2910 veniam
3353 2870 3477 2926 pro-

1886 2948 2075 3013 pterea
2103 2941 2394 3000 obtinent?
2436 2944 2675 3001 Minime.
2714 2944 2854 3014 Quid
2888 2946 3006 3002 ita?
3032 2947 3299 3015 Quoniam
3342 2947 3488 3018 ipso-

1888 3047 2010 3090 rum
2048 3042 2135 3089 est
2177 3045 2479 3104 peccatum.
2512 3038 2582 3091 At
2612 3036 2743 3106 quid
2785 3036 3129 3108 syllogismos
3171 3037 3374 3096 nectis?
3405 3041 3491 3094 in-

1889 3128 2362 3198 quies;conscius
2400 3128 2533 3182 mibi
2580 3128 2698 3198 ipse
2741 3142 2885 3191 sum,
2917 3144 3006 3185 me
3050 3129 3305 3185 affectum
3343 3129 3489 3186 hunc

1890 3218 2216 3273 submovere
2233 3218 2395 3283 velle,
2425 3232 2528 3275 nec
2551 3225 2732 3275 tamen
2758 3218 2814 3274 id
2840 3234 3082 3290 possum,
3106 3220 3203 3277 sed
3233 3221 3287 3277 id
3310 3221 3492 3278 immi-

1893 3321 2010 3374 net,
2038 3310 2382 3382 graviterque
2400 3326 2489 3367 tne
2514 3311 2713 3381 premit
2738 3320 2788 3366 et
2814 3313 3114 3368 excruciat.
3138 3312 3235 3369 Vis
3271 3315 3491 3385 quidem

1896 3403 2052 3471 illud,
2082 3419 2118 3458 o
2147 3404 2329 3471 homo,
2365 3403 2723 3468 submovere;
2754 3412 2811 3459 at
2839 3414 2946 3459 non
2975 3419 3038 3461 ea
3063 3404 3221 3473 facis,
3250 3423 3373 3478 quae
3401 3424 3493 3463 re-

1899 3494 2103 3563 pellere
2130 3494 2373 3563 possint;
2395 3509 2583 3551 verum
2616 3493 2840 3564 perinde
2868 3494 3021 3563 facis,
3055 3504 3113 3552 ut
3134 3497 3182 3553 si
3203 3499 3324 3567 quis
3353 3500 3493 3557 febri

1898 3592 2201 3651 correptus,
2232 3599 2296 3637 ac
2335 3598 2455 3639 sese
2493 3584 2687 3653 frigida
2720 3599 2859 3653 aqua
2902 3585 3256 3655 ingnrgitans,
3296 3588 3483 3645 dicat:

1898 3676 2105 3741 Quanta
2132 3676 2536 3742 comminiscor,
2567 3675 2695 3730 dum
2726 3675 2915 3731 febrim
2936 3677 3279 3749 exstinguere
3303 3681 3498 3737 studeo

1900 3781 2003 3822 nec
2026 3780 2271 3835 possum,
2299 3766 2396 3821 sed
2423 3765 2689 3820 flammam
2716 3764 2894 3835 petius
2920 3781 3093 3821 meam
3124 3770 3406 3824 accendo?

1973 3858 2280 3929 Cupiditatis
2301 3860 2681 3930 exstinguenda:
2708 3859 2909 3912 modus.
2932 3888 3004 3899 -—-
3022 3858 3312 3916 Videamus
3339 3864 3501 3934 igitur

1905 3966 2031 4005 num
2065 3960 2121 4003 tu
2150 3964 2363 4020 quoque
2389 3963 2453 4003 ea
2497 3949 2683 4013 facias,
2711 3964 2833 4018 quae
2861 3951 3109 4005 morbum
3140 3951 3499 4023 inflamment,

1903 4057 2026 4097 cum
2059 4048 2113 4095 te
2151 4054 2215 4094 ea
2244 4040 2552 4108 excogitare
2595 4047 2769 4107 putes,
2810 4056 2932 4109 qua:
2959 4043 3327 4112 exstingnant.
3356 4046 3499 4114 Non,

1906 4133 2103 4202 inquis.
2128 4131 2221 4185 Dic
2242 4129 2424 4198 igitur,
2451 4128 2727 4199 quidnam,
2754 4138 2812 4183 ut
2835 4131 3077 4185 morbum
3101 4136 3497 4204 exstingueres,

1907 4223 2085 4278 facere
2117 4237 2367 4293 umquam
2395 4237 2458 4276 es
2486 4221 2758 4277 conatus?
2780 4220 2906 4291 quid
2932 4232 3111 4278 autem
3141 4227 3365 4281 omnino
3392 4240 3499 4295 est,

1906 4315 2049 4385 quod
2088 4315 2337 4370 morbum
2377 4311 2873 4381 augeatlEtenim,
2916 4314 3039 4371 licet
3067 4330 3173 4371 non
3203 4331 3393 4374 omnes
3421 4322 3506 4377 liis

1908 4406 2225 4462 criminibus
2260 4404 2478 4459 obnoxii
2504 4404 2676 4458 simus
2714 4404 2923 4472 (plures
2944 4407 3091 4462 enim
3129 4411 3369 4477 reperire
3396 4422 3503 4478 est,

1910 4499 1999 4567 qui
2033 4496 2381 4567 pecuniarum
2411 4508 2571 4563 quam
2616 4495 2708 4563 qui
2745 4509 3033 4561 corporum
3068 4512 3253 4555 amore
3284 4510 3507 4557 tenean-

1913 4591 2061 4659 ιυιι);
2102 4600 2387 4641 commune
2418 4593 2595 4639 tamen
2628 4586 2897 4651 omnibus,
2946 4596 3053 4641 tam
3095 4588 3178 4643 his
3206 4605 3365 4659 quam
3399 4594 3508 4651 illis

1912 4679 2209 4736 remedium
2244 4675 2777 4745 proponeturfNaan
2818 4685 2873 4731 et
2918 4677 3010 4732 ille
3046 4693 3200 4734 amor
3242 4681 3510 4742 absurdus

1914 4782 2017 4837 est,
2047 4780 2099 4825 et
2125 4769 2212 4822 hic
2250 4782 2496 4838 quoque:
2530 4784 2716 4822 verum
2752 4767 2837 4823 hic
2875 4768 2971 4824 illo
3006 4771 3180 4825 acrior
3210 4783 3294 4827 est
3328 4790 3392 4828 ac
3418 4791 3510 4830 ve-

1916 4859 2234 4917 hementior.
2259 4860 2623 4927 Quamobrem
2656 4862 2696 4915 si
2735 4860 2993 4931 majorem
3029 4868 3465 4933 superaverimns
3491 4911 3510 4937 ,

1915 4970 2022 5009 non
2049 4963 2134 5007 est
2161 4951 2382 5007 dubium
2410 4953 2536 5023 quin
2582 4953 2845 5007 minorem
2880 4970 3101 5025 quoque
3134 4955 3288 5011 facile
3328 4962 3510 5013 vinca-

1918 5062 2057 5102 mus.
2102 5045 2192 5109 At,
2225 5045 2454 5115 inquies,
2492 5046 2534 5099 si
2564 5046 2739 5098 acrior
2778 5043 2863 5098 hic
2896 5061 3049 5099 arnor
3073 5057 3176 5107 est,
3210 5050 3300 5117 qui
3342 5050 3418 5116 ﬁt,
3454 5062 3511 5109 ut

1918 5154 2024 5194 non
2054 5151 2244 5192 omnes
2274 5137 2375 5191 hoc
2401 5138 2542 5190 malo
2568 5135 2950 5205 corripiantur.
2986 5137 3080 5191 sed
3127 5139 3308 5207 plures
3334 5144 3401 5197 ad
3430 5141 3535 5196 in-'

1920 5229 2123 5283 saniam
2157 5242 2323 5297 usque
2352 5228 2605 5296 pecunias
2622 5235 2802 5279 ament
2823 5227 2845 5277 ?
2867 5226 3102 5281 Primum
3132 5232 3252 5297 quia
3275 5206 3538 5301 periculn‘

1922 5334 2109 5373 carere
2134 5318 2345 5371 videtur
2377 5318 2491 5370 haec
2531 5317 2828 5385 cupiditas;
2870 5316 3067 5372 deinde
3101 5323 3378 5389 quoniam,
3413 5328 3516 5380 etsi

1922 5424 2215 5479 corporum
2237 5408 2503 5478 cupiditas
2543 5408 2721 5461 acrior
2746 5418 2851 5472 est,
2897 5416 3076 5464 tamen
3112 5412 3271 5465 citius
3306 5417 3517 5469 exstin-

1925 5503 2123 5573 guitur.
2171 5500 2302 5554 Nam
2339 5502 2383 5555 si
2427 5509 2709 5570 perstaret.
2754 5509 2809 5551 ut
2839 5503 3187 5570 pecuniarum
3228 5508 3519 5575 mpiditas,

1926 5613 2047 5652 eum
2075 5596 2164 5664 qui
2196 5605 2384 5664 captus
2412 5604 2555 5648 esset
2593 5592 2832 5647 funditus
2876 5595 3142 5661 perderet.
3184 5599 3295 5667 Age
3334 5601 3514 5668 igitur,

1934 5689 1999 5743 de
2028 5688 2128 5741 hoc
2157 5702 2444 5755 corporum
2468 5700 2651 5739 amore
2673 5684 2738 5738 ad
2763 5701 2857 5739 vos
2881 5685 3229 5753 disseramus,
3251 5704 3312 5741 ac
3336 5690 3519 5743 videa-
