4022 6258
568 356 668 417 481

566 442 981 531 snnsundenam
1026 461 1411 515 incrementum
1438 457 1617 507 sumat
1658 449 1762 501 hoc
1804 443 2043 499 malum:
2072 437 2151 493 sic

566 550 709 620 enim
763 562 1102 629 perspectum
1152 547 1489 607 habebimus,
1542 551 1724 617 utrum
1765 536 1924 604 culpa
1970 542 2154 629 nostra

566 622 933 709 contrahatur,
971 656 1141 700 necne
1174 662 1190 697 :
1217 653 1301 702 ac,
1330 637 1375 692 si
1406 634 1560 703 culpa
1588 636 1771 685 nostra
1793 622 2154 686 contrahitur,

568 742 699 800 nihil
729 756 835 794 non
879 736 1160 797 faciamus,
1192 745 1301 801 quo
1321 726 1628 794 superiores
1657 735 1724 775 eo
1761 718 1966 779 simus;
1993 712 2037 766 si
2064 725 2160 763 au-

568 843 677 890 tem
702 839 853 887 extra
880 826 1093 895 culpam
1128 834 1335 883 sumus,
1363 814 1491 886 quid
1523 811 1720 867 frustra
1754 806 2022 895 nosipsosA
2044 813 2160 856 ma-

567 921 851 981 ceramus?
880 891 1008 987 quid
1034 916 1161 969 item
1190 910 1277 977 iis,
1314 908 1405 979 qui
1434 920 1501 960 eo
1528 904 1837 971 capiuntur,
1871 909 1978 950 non
2008 891 2161 987 igno-

569 1015 772 1071 scimus
821 985 1030 1081 potius,
1087 1018 1246 1076 quam
1313 993 1740 1056 succensemus?
1792 988 1947 1081 Unde
2001 985 2162 1081 igitur

572 1078 945 1163 nascitur—hic
988 1095 1182 1151 amor?
1226 1093 1309 1149 Ab
1353 1089 1618 1159 eicgantia
1671 1084 1881 1144 formae,
1928 1078 2161 1147 inquies.

571 1211 693 1251 cum
721 1192 928 1249 scilicet
953 1189 1172 1257 pulchra
1201 1193 1258 1238 et
1288 1189 1511 1237 venusta
1532 1193 1593 1232 ea
1616 1176 1796 1238 fuerit,
1826 1185 1946 1239 quze
1968 1166 2164 1222 vulnus

574 1287 739 1353 infert
775 1282 1066 1338 Frustraet
1087 1289 1293 1334 temere
1316 1278 1430 1328 haec
1445 1270 1599 1325 dicis.
1616 1266 1745 1322 Nam
1772 1265 1817 1318 si
1849 1264 2031 1316 fuma-
2055 1257 2166 1328 pul-

575 1376 823 1434 chritudo
848 1382 1117 1427 amatores
1137 1369 1397 1428 alliceret,
1426 1374 1617 1417 omnes
1643 1358 1867 1412 haberet
1894 1358 2163 1405 amatores

570 1470 691 1527 hac
720 1468 893 1539 puella
920 1481 937 1516 ι
967 1462 1110 1534 quod
1137 1462 1183 1515 si
1219 1474 1325 1513 non
1364 1469 1555 1510 omnes
1585 1452 1767 1513 habet,
1798 1441 2024 1539 proinde
2061 1453 2164 1539 nec

573 1532 780 1619 natura?
806 1573 906 1613 nec
933 1532 1161 1624 eleganti
1185 1552 1389 1611 formae,
1413 1546 1506 1602 sed
1531 1540 1812 1612 impudicis
1832 1537 2002 1591 oculis
2022 1532 2164 1589 Istud

574 1648 1118 1709 adscribendumest.
1149 1641 1280 1697 Nam
1305 1654 1427 1696 cum
1451 1651 1570 1691 eam
1595 1636 1811 1688 curiose
1834 1630 2050 1685 intuens
2075 1638 2170 1679 su-

575 1741 841 1817 spexeris,
880 1748 1040 1808 atque
1074 1732 1364 1796 adamaris,
1392 1729 1554 1785 telum
1581 1722 1863 1794 excepisti.
1904 1720 2163 1787 Quisnam

575 1810 777 1901 autem,
810 1832 1039 1902 inquies,
1064 1827 1240 1891 facere
1268 1824 1456 1893 possit,
1489 1827 1546 1873 ut
1571 1816 1851 1887 pulchram
1880 1810 2165 1902 mulierem

575 1897 826 1988 cernens,
874 1897 981 1975 non
1008 1932 1128 1975 eam
1171 1912 1380 1970 laudet?
1408 1911 1525 1978 Quo
1565 1908 1644 1974 fit,
1679 1915 1740 1961 ut
1776 1919 1901 1959 cum
1936 1914 2026 1957 res
2067 1897 2169 1953 hu-

574 2015 809 2090 iusmodi
862 2010 1069 2075 mirari,
1109 2002 1402 2060 voluntatis
1451 2008 1651 2055 nostrze
1698 1995 1922 2051 minime
1966 1991 2059 2053 sit,
2099 2000 2169 2042 ne

578 2082 731 2165 amor
755 2105 972 2178 quidem
1014 2103 1067 2156 in
1096 2109 1287 2155 nostro
1326 2092 1549 2150 arbitrio
1578 2089 1717 2144 situs
1745 2087 1837 2142 sit.
1866 2082 2104 2146 Absiste,
2134 2092 2170 2133 ο

577 2202 742 2256 homo
760 2173 788 2248 ι’
821 2196 961 2263 Quid
990 2193 1171 2249 omnia
1196 2187 1355 2242 simul
1391 2180 1695 2245 confundis,
1724 2176 1962 2246 undique
1989 2173 2043 2227 in
2074 2185 2172 2263 ore

580 2294 703 2349 hem
724 2262 1039 2349 excurrens,
1066 2298 1167 2339 nec
1193 2279 1319 2335 mali
1346 2276 1580 2331 radicem
1610 2270 1918 2342 perspicere
1942 2262 2170 2319 volens?

582 2381 845 2455 siquidem
895 2378 1183 2449 plerosque
1221 2369 1397 2433 video,
1445 2365 1535 2436 qui
1576 2364 1803 2417 formam
1835 2356 2173 2455 admirentur

582 2446 922 2531 ac-laudibus
968 2467 1215 2530 efferant,
1248 2477 1348 2517 nec
1375 2471 1553 2515 tamen
1593 2461 1796 2511 ament.
1840 2452 1907 2507 Et
1932 2450 2024 2519 qui
2055 2446 2173 2502 fieri

582 2578 780 2641 potest,
812 2562 1011 2633 inquis,
1041 2557 1209 2629 utqui
1239 2555 1523 2612 mirantur.
1557 2563 1662 2603 non
1693 2548 1820 2601 item
1855 2540 2072 2641 ament?
2094 2537 2173 2594 Ne

582 2630 935 2717 tumultuare,
964 2664 1179 2721 quaeso;
1226 2646 1329 2700 hoc
1354 2643 1498 2698 enim
1536 2639 1715 2695 dicere
1752 2649 1923 2705 paro;
1952 2630 2047 2688 sed
2078 2645 2175 2685 ex-

582 2753 790 2820 specta,
819 2752 873 2800 et
901 2741 1087 2797 audies
1127 2736 1353 2798 Mosem,
1399 2732 1564 2786 filium
1604 2726 1771 2820 iacob
1791 2723 2168 2786 admirantem,

582 2815 648 2895 ac
673 2838 940 2892 dicentem
967 2849 981 2885 :
1011 2829 1078 2884 Et
1101 2836 1207 2883 erat
1235 2825 1430 2894 Ioseph
1455 2815 1671 2893 pulchra
1693 2817 1845 2888 facie,
1884 2824 1931 2868 et
1964 2822 2173 2881 aspectu

586 2928 803 2983 decursu
828 2921 976 2975 valde
1003 2918 1156 2988 (Gen.
1196 2915 1285 2970 59.
1326 2914 1405 2981 6).
1443 2911 1583 2967 Num
1612 2910 1773 2978 igitur
1811 2916 2093 2976 pr0ptcrea
2127 2904 2172 2957 is

585 3017 824 3082 emebat,
842 3014 933 3083 qui
954 3010 1070 3065 haec
1088 3006 1331 3062 dicebat!
1356 3003 1594 3057 Minime.
1611 2998 1730 3054 Non
1751 2998 1919 3063 enim,
1941 2995 2172 3066 inquies,

586 3124 709 3167 eum
761 3118 919 3175 quem
975 3098 1223 3155 laudabat
1277 3095 1548 3149 cernebat.
1595 3089 1754 3160 Atqui
1799 3104 1927 3158 erga
1966 3086 2177 3175 auditas

584 3212 798 3275 quoque
826 3197 1023 3249 formas
1052 3192 1122 3245 ita
1152 3182 1547 3258 quodammodo
1572 3180 1859 3245 aflicimur,
1888 3192 1995 3233 non
2016 3174 2177 3230 modo

585 3269 1080 3362 ergaiconspectas.
1121 3278 1317 3334 Verum
1348 3292 1415 3330 ne
1452 3274 1583 3328 mihi
1624 3275 1676 3327 in
1723 3270 1807 3326 bis
1852 3269 2014 3324 rebus
2041 3282 2175 3322 con-

587 3360 882 3438 tentionem
906 3386 1122 3427 moveas
1149 3388 1165 3433 ;
1196 3382 1375 3421 annon
1401 3364 1565 3419 David
1590 3363 1879 3418 admodum
1909 3360 2178 3414 formosus

588 3481 727 3534 erat.
757 3484 822 3524 ac
850 3462 1103 3523 subrufus
1129 3476 1250 3517 cum
1282 3459 1559 3514 oculorum
1589 3452 2031 3525 pulchritudine?
2059 3464 2178 3519 quae

588 3565 867 3622 oculorum
906 3556 1168 3627 elegantia
1207 3552 1438 3606 maxime
1480 3549 1716 3603 violenta
1759 3541 2177 3615 pulchritudinis

588 3671 716 3731 pars
758 3662 860 3709 est.
905 3650 1041 3705 Num
1084 3644 1243 3716 igitur
1281 3641 1547 3713 quispiam
1578 3638 1744 3710 ipsius
1774 3648 1962 3691 amore
1990 3641 2179 3700 captus

588 3730 713 3807 est?
741 3745 960 3803 ﬂinime
987 3760 1002 3797 :
1029 3757 1134 3795 non
1160 3739 1318 3807 igitur
1345 3749 1450 3790 una
1479 3747 1600 3788 cum
1638 3730 1991 3785 admiratione
2028 3742 2180 3781 amor

590 3840 753 3898 etiam
780 3834 1037 3891 nascitur.
1070 3828 1205 3885 Nam
1244 3835 1299 3881 et
1325 3836 1524 3879 matres
1552 3823 1707 3878 multi
1731 3821 2037 3874 habuerunt
2060 3832 2184 3871 cor-

594 3931 739 4004 ροτίι
778 3921 1173 3998 pulchritudine
1205 3914 1610 4004 ﬂorentissimae
1651 3928 1666 3964 :
1707 3925 1834 3965 num
1883 3908 2044 3978 igitur
2087 3908 2180 3961 lilii

593 3988 992 4079 earum-amore
1021 4008 1221 4065 incensi
1251 4004 1407 4061 simt?
1447 3988 1599 4058 Absit
1643 4000 1805 4057 istud.
1848 4001 2181 4069 Quamquam

592 4115 738 4172 enim
777 4109 826 4165 id
854 4104 995 4178 quod
1036 4108 1265 4158 cernunt
1302 4098 1655 4159 admirentur,
1688 4104 1867 4149 tamen
1900 4093 1952 4147 in
1979 4090 2183 4147 foedum

594 4218 835 4261 amorem
873 4213 978 4253 non
1008 4194 1265 4249 incidunt.
1295 4194 1384 4256 At,
1410 4204 1622 4244 rursum
1658 4187 1889 4257 inquies,
1923 4186 2026 4239 hoc
2052 4182 2184 4253 ipsis

595 4308 783 4352 nstnra
829 4296 1065 4361 praestat.
1105 4285 1513 4350 Quaenam.oro,
1530 4276 1762 4332 natura?
1799 4275 1935 4343 Quia
1986 4284 2184 4329 matres

595 4396 743 4453 sunt,
779 4382 1008 4451 inquies.
1053 4379 1243 4430 Annon
1274 4371 1429 4427 audis
1474 4368 1665 4423 Persas
1696 4366 1912 4420 nemine
1935 4373 2183 4433 cogente,

596 4492 720 4533 cum
760 4471 1020 4527 matribus
1044 4466 1155 4521 suis
1194 4461 1429 4525 misceri,
1468 4474 1567 4514 nec
1588 4473 1751 4512 unum
1783 4464 1874 4511 aut
1899 4455 2057 4521 duos,
2089 4454 2187 4509 sed

597 4570 903 4624 universam
930 4568 1140 4632 gentem
1159 4558 1185 4610 Ἰ
1206 4555 1345 4624 Quin
1366 4554 1499 4609 citra
1527 4550 1643 4605 hmo
1669 4548 1876 4620 liquido
1902 4549 2029 4604 hinc
2056 4562 2177 4603 com

595 4668 703 4719 stat
736 4657 986 4714 morbum
1012 4653 1153 4706 hunc
1178 4664 1285 4705 non
1314 4646 1557 4717 corporis
1579 4642 1885 4715 elegantiae,
1926 4655 2026 4696 nec
2054 4641 2188 4696 sim-

598 4753 808 4827 pliciter
834 4738 1656 4821 pulchritudiniadscribendum
1702 4751 1848 4801 esse,
1886 4735 1984 4792 sed
2019 4736 2187 4790 animi

599 4842 863 4903 socordis:
907 4848 1066 4908 atque
1109 4834 1459 4891 oberrationi.
1510 4831 1764 4887 Permulti
1803 4830 2030 4897 etenim,
2066 4844 2187 4883 cum

600 4938 908 4993 innumeras
946 4928 1217 4999 praestanti
1260 4925 1431 4979 forma
1476 4924 1731 4979 mulieres
1766 4922 2187 4994 prmteriissent,

598 5024 928 5084 deformibus
966 5033 1085 5075 sese
1115 5016 1417 5071 dederunt:
1445 5030 1511 5068 ex
1555 5030 1661 5083 quo
1695 5014 2041 5083 perspicuum
2079 5020 2183 5076 est,

598 5133 836 5179 amorem
866 5131 895 5169 a
932 5111 1116 5168 formae
1157 5115 1432 5163 venustate
1475 5107 1699 5161 minime
1726 5105 2017 5177 proficisci.
2054 5103 2187 5158 Nam

600 5218 646 5271 si
675 5216 745 5271 ita
774 5218 937 5270 esset.
959 5209 1016 5271 ii,
1047 5206 1137 5273 qui
1161 5203 1214 5259 in
1239 5214 1477 5254 amorem
1506 5199 1831 5263 inciderunt,
1854 5198 1922 5253 ab
1955 5198 2062 5253 illis
2090 5211 2190 5267 po-

604 5308 709 5362 tius
740 5317 897 5373 quam
928 5299 995 5352 ab
1039 5297 1154 5349 istis
1180 5292 1322 5362 capti
1363 5290 1608 5345 fuissent.
1637 5289 1903 5357 Quidnam
1938 5291 2098 5359 igitur
2136 5290 2189 5342 in

600 5411 761 5454 causa
782 5388 1155 5457 est?inquies;
1196 5400 1317 5439 nam
1350 5385 1393 5437 si
1426 5381 1613 5437 furtiue
1642 5382 1897 5435 honestas
1927 5396 2031 5435 nou
2066 5380 2192 5434 facit

604 5499 661 5541 ut
688 5486 949 5555 quispiam
973 5485 1138 5541 amet,
1171 5477 1311 5530 unde
1338 5476 1495 5546 igitur
1524 5487 1678 5526 amor
1707 5486 1923 5526 causam
1951 5487 2013 5525 ac
2040 5471 2184 5525 radi-

602 5596 721 5637 cem
752 5574 945 5630 habet?
966 5588 1034 5627 an
1066 5587 1094 5625 a
1127 5569 1267 5625 malo
1286 5565 1567 5621 daemone?
1595 5564 1768 5618 liabet
1805 5578 2017 5633 quoque
2044 5562 2191 5617 illinc

606 5680 803 5735 ortum,
829 5665 926 5721 sed
948 5680 1053 5719 non
1077 5662 1179 5717 hoc
1199 5669 1281 5717 est
1309 5658 1450 5730 quod
1472 5656 1731 5726 quaeritur
1756 5670 1772 5719 ;
1796 5670 1980 5709 verum
2012 5668 2189 5709 annon

604 5767 703 5840 ipsi
729 5776 938 5837 quoque
964 5758 1017 5813 in
1034 5772 1193 5815 causa
1222 5756 1410 5812 simus.
1434 5751 1616 5824 Neque
1636 5749 1779 5807 enim
1799 5749 2011 5806 illorum
2034 5748 2191 5805 dum-

1296 339 1353 411 S.
1382 332 1659 394 JOANNIS
1686 318 2170 387 CHRYSOSTOMI
2206 315 2531 374 ARCIilEP.
2572 314 3112 375 CONSTANTINOP.

3741 315 3851 374 £52

2263 443 2411 491 taxat
2444 442 2570 491 sunt
2613 434 2843 500 insidiae,
2888 438 2982 491 sed
3024 449 3146 491 cum
3176 433 3285 492 illis
3328 448 3359 489 a
3400 434 3557 491 nobis
3591 433 3850 507 primum.

2261 526 2377 582 Non
2408 526 2625 583 aliunde
2651 527 2985 597 perniciosus
3006 526 3094 582 hic
3119 527 3339 582 morbus
3363 541 3517 597 aeque
3536 538 3713 583 ortum
3742 537 3855 586 tra-

2265 617 2363 685 hit,
2394 628 2555 689 atque
2586 633 2619 673 a
2659 618 3050 673 consuetudine
3074 626 3129 673 et
3158 618 3439 674 verborum
3476 617 3770 682 blanditiis,
3798 628 3855 675 et

2264 710 2377 765 otio
2413 724 2477 765 ac
2502 710 2824 775 cessatione,
2854 709 3107 780 quodque
3147 707 3280 765 nihil
3308 709 3451 780 quod
3478 725 3719 780 agamus,
3748 708 3853 766 ha-

2265 800 2508 857 beamus.

2338 895 2392 947 7.
2434 891 2625 947 Hodns
2645 892 3024 962 exstinguenda
3049 892 3379 947 libidinis.-—-
3401 891 3586 963 Magna
3625 893 3854 966 Quippe,

2267 1001 2479 1057 magna,
2528 987 2770 1058 inquam,
2820 986 3222 1042 consuetudinis
3260 986 3340 1040 vis
3383 996 3488 1051 est,
3533 994 3691 1057 atque
3719 986 3859 1041 adeo

2268 1086 2435 1143 tanta,
2467 1078 2597 1132 utin
2626 1087 2830 1132 natura:
2850 1077 3225 1138 necessitatem
3253 1077 3466 1145 migret.
3488 1076 3640 1144 Quod
3663 1081 3706 1131 si
3736 1091 3862 1131 con-

2266 1169 2568 1225 suetudinis
2582 1179 2663 1223 est
2686 1168 2821 1222 hanc
2844 1182 3147 1237 procreare,
3176 1182 3281 1221 non
3306 1166 3527 1221 dubium
3544 1168 3671 1238 quin
3694 1167 3858 1222 etiam

2269 1262 2628 1331 exstinguere.
2655 1258 2799 1316 Sane
2826 1259 2979 1314 multi
3004 1268 3247 1314 amantes
3264 1259 3342 1313 sic
3358 1274 3537 1313 amare
3557 1258 3861 1324 desierunt,

2268 1370 2390 1410 cum
2436 1342 2569 1425 q'uas
2605 1354 2877 1415 amabant,
2920 1367 3023 1406 non
3067 1360 3372 1407 cernerent.
3418 1351 3534 1405 Hoc
3571 1362 3747 1405 autem
3787 1347 3860 1405 ad

2269 1442 2432 1499 breve
2458 1444 2674 1514 quidem
2706 1452 2917 1514 tempus
2946 1441 3199 1497 acerbum
3228 1457 3291 1497 ac
3322 1455 3577 1511 perquam
3608 1440 3862 1511 injucun-

2268 1538 2397 1593 dum
2423 1553 2544 1593 esse
2573 1536 2819 1600 videtur;
2857 1544 2913 1591 at
2938 1550 3223 1606 progressu
3253 1535 3509 1603 temporis
3534 1549 3701 1589 suave
3736 1532 3864 1589 effi-

2269 1630 2440 1696 citur,
2477 1643 2541 1683 ac
2588 1644 2657 1683 ne
2702 1628 2746 1682 si
2794 1626 2962 1682 velint
3012 1626 3253 1696 quidem,
3302 1626 3551 1681 morbum
3600 1640 3864 1681 revocare

2272 1729 2492 1792 queant.
2524 1718 2661 1787 Quid
2704 1720 2885 1789 igitur,
2914 1718 3145 1787 inquies,
3176 1731 3300 1770 eum
3343 1717 3476 1771 citra
3515 1716 3866 1772 consuetudi-

2272 1827 2395 1866 nem
2424 1812 2585 1867 ullam
2616 1812 2684 1865 ab
2716 1810 2831 1878 ipso
2858 1806 3032 1878 primo
3076 1817 3295 1876 aspectu
3325 1817 3513 1875 captus
3542 1804 3729 1861 fuero?
3766 1806 3869 1861 Hic

2272 1918 2485 1975 quoque
2515 1903 2567 1957 in
2594 1916 2754 1957 causa
2780 1911 2863 1955 est
2892 1898 3137 1968 corporis
3156 1896 3384 1962 desidia,
3407 1908 3499 1951 aut
3519 1896 3747 1962 deliciae,
3770 1907 3869 1951 aut

2273 1993 2417 2066 quod
2445 2008 2510 2049 ea
2535 2007 2655 2062 quae
2680 1976 2821 2053 opus
2847 1998 2973 2046 sunt
3002 2004 3109 2045 non
3137 2002 3315 2051 cures,
3340 2002 3441 2042 nec
3462 1987 3515 2042 in
3539 1987 3871 2043 necessariis

2276 2084 2504 2157 negetiis
2524 2084 2776 2139 verscris.
2800 2081 2932 2137 Nam
2959 2080 3051 2151 qui
3081 2079 3204 2135 talis
3230 2085 3335 2142 est,
3361 2078 3533 2132 instar
3545 2076 3753 2132 erronis
3772 2090 3871 2131 cu-

2270 2176 2505 2247 juspiam
2539 2176 2728 2245 quovis
2758 2173 2901 2228 malo
2943 2170 3309 2241 transilgitur:
3350 2178 3514 2238 atque
3556 2166 3873 2239 huiusmodi

2275 2268 2533 2332 animam,
2565 2280 2673 2321 non
2704 2279 2863 2320 secus
2899 2278 2963 2318 ac
3007 2277 3231 2334 puerum
3274 2269 3577 2329 vagantem,
3622 2258 3877 2331 quisquis

2275 2359 2393 2414 vult
2420 2359 2473 2413 in
2504 2357 2820 2413 servitutem
2854 2354 3040 2410 trahit.
3071 2354 3336 2424 Quoniam
3364 2353 3508 2408 enim
3538 2352 3653 2422 ipsa
3683 2350 3793 2405 hoc
3818 2352 3877 2406 in

2276 2466 2429 2506 more
2454 2448 2687 2520 positum
2710 2448 2894 2511 habet,
2924 2454 2983 2501 ut
3002 2444 3205 2515 aliquid
3234 2452 3509 2514 operetur,
3535 2443 3579 2496 si
3611 2442 3782 2514 ipsius
3818 2444 3878 2497 in

2275 2541 2438 2597 rebus
2465 2539 2728 2604 honestis,
2746 2539 3011 2593 actionem
3030 2535 3377 2605 comprimas,
3405 2534 3530 2605 quia
3552 2533 3681 2588 nihil
3709 2548 3881 2603 agere

2276 2648 2384 2687 non
2410 2641 2610 2705 potest,
2637 2631 2739 2685 alia
2768 2629 2941 2700 pariat
2962 2642 3186 2684 necesse
3210 2634 3314 2681 est.
3346 2625 3499 2681 Sicut
3519 2626 3662 2680 enim
3701 2634 3878 2690 terra,

2277 2738 2402 2801 cum
2429 2738 2528 2777 nec
2544 2722 2742 2777 seritur
2762 2734 2862 2775 nec
2886 2720 3176 2789 plantatur,
3199 2715 3421 2771 herbam
3443 2715 3722 2770 dumtaxat
3750 2731 3884 2784 pro.

2278 2814 2416 2870 fert:
2450 2815 2523 2868 ita
2564 2820 2618 2867 ct
2646 2814 2845 2878 anima,
2888 2825 3013 2865 cum
3061 2808 3489 2863 necessariarum
3522 2820 3705 2860 rerum
3738 2806 3883 2863 nihil

2279 2906 2441 2960 habet
2477 2903 2635 2977 quod,
2670 2911 2813 2973 agat,
2843 2910 3007 2971 atque
3043 2897 3243 2969 aliquid
3271 2912 3432 2967 agere
3460 2897 3662 2966 cupiat,
3690 2898 3885 2967 pravis

2278 2996 2439 3050 rebus
2466 3009 2526 3049 se
2557 2994 2736 3048 tradit.
2767 2992 2835 3047 Et
2860 2992 3003 3046 sicut
3030 2989 3239 3055 oculus,
3262 2988 3356 3059 qui
3376 3003 3601 3043 cernere
3624 3003 3734 3041 non
3757 3002 3885 3044 ces-

2278 3096 2390 3153 sat,
2420 3101 2580 3156 prava
2607 3091 2792 3139 cernat
2813 3096 3038 3137 necesse
3064 3090 3169 3147 est,
3198 3095 3320 3135 cum
3344 3079 3500 3133 bonis
3529 3078 3757 3147 objectis
3783 3094 3885 3132 ca-

2280 3188 2395 3233 ret:
2422 3177 2499 3231 sic
2518 3176 2681 3231 etiam
2698 3174 2931 3239 animus,
2953 3186 3074 3226 cum
3097 3186 3157 3225 se
3177 3185 3208 3225 a
3230 3170 3549 3226 necessariis
3567 3169 3883 3234 abduxerit,

2277 3272 2388 3343 jam
2418 3271 2558 3323 circa
2583 3266 2787 3320 inutilia
2817 3273 3085 3321 versatur.
3110 3263 3321 3333 Alioqui
3350 3261 3493 3330 quod
3523 3264 3813 3333 occupatio
3832 3273 3891 3319 et

2282 3377 2409 3417 cura
2440 3361 2670 3429 primum
2695 3370 2907 3427 quoque
2932 3356 3189 3423 impetum
3211 3354 3515 3423 propellere
3538 3364 3723 3423 queat,
3745 3356 3891 3410 mut.

2284 3454 2351 3508 tis
2365 3450 2693 3522 argumentis
2716 3449 2899 3517 liquet.
2926 3446 3287 3516 Quamobrem
3310 3462 3432 3501 cum
3460 3446 3742 3515 pulchram
3763 3462 3891 3502 mu-

2284 3546 2473 3600 lierem
2499 3541 2873 3611 conspexeris,
2901 3539 2970 3594 ab
3018 3553 3189 3607 eaque
3232 3547 3285 3593 te
3326 3537 3578 3593 aﬂ‘ectum
3618 3540 3887 3605 senseris,

2283 3652 2402 3693 eam
2431 3651 2498 3691 ne
2522 3635 2660 3689 ultra
2687 3647 2903 3699 cernas,
2931 3641 2984 3690 et
3014 3631 3275 3686 liberatus
3299 3644 3381 3686 es.
3412 3629 3480 3685 Et
3501 3630 3590 3701 qui
3629 3629 3748 3685 fieri
3782 3646 3888 3701 po-

2285 3728 2434 3796 terit,
2466 3729 2698 3796 inquies,
2722 3736 2779 3781 ut
2806 3741 2925 3781 eam
2955 3725 3087 3779 ultra
3119 3740 3225 3778 non
3249 3738 3489 3789 cernam,
3520 3739 3642 3778 cum
3673 3723 3891 3793 cupidi-

2285 3830 2396 3876 tate
2424 3818 2640 3875 trahar?
2673 3818 2808 3872 Aliis
2838 3817 3021 3881 rebus,
3046 3830 3166 3886 quae
3190 3816 3429 3870 animum
3451 3814 3782 3881 distrahant,
3802 3814 3892 3870 fac

2286 3920 2342 3967 te
2360 3911 2598 3973 addicas,
2627 3909 2780 3963 libris
2801 3908 3076 3971 nimirum,
3104 3906 3433 3983 necessariis.
3451 3906 3614 3971 euris,
3642 3909 3889 3976 patroci—

2289 4002 2414 4065 niis,
2436 3998 2880 4068 opitulationibus
2905 4012 3114 4061 eorum,
3145 3996 3340 4066 quibus
3385 3996 3578 4067 injuria
3629 3997 3885 4065 infertur,

2288 4089 2561 4161 precibus,
2586 4101 2765 4141 rerum
2792 4085 3090 4141 futurarum
3110 4085 3443 4141 meditationi
3475 4104 3488 4141 :
3532 4087 3618 4142 his
3644 4088 3885 4145 animum

2289 4180 2584 4248 adstringe.
2611 4177 2702 4233 Sic
2724 4192 2829 4231 non
2859 4192 3047 4231 recens
3073 4185 3279 4231 tantum
3302 4177 3494 4232 vulnus
3523 4170 3767 4246 curabis,
3791 4179 3883 4235 sed

2292 4283 2605 4330 concretum
2635 4271 2799 4327 etiam
2830 4278 2992 4341 atque
3024 4271 3386 4326 inveteratum
3414 4269 3575 4327 facile
3601 4272 3884 4329 discuties.

2292 4363 2422 4420 Nam
2449 4365 2495 4419 si
2520 4362 2870 4430 contumelia,
2904 4372 2961 4416 ut
2987 4370 3074 4417 est
3100 4362 3151 4415 in
3184 4362 3493 4433 proverbio,
3530 4364 3738 4419 amanti
3765 4380 3887 4434 per-

2292 4456 2504 4524 suadet,
2533 4466 2591 4511 ut
2628 4471 2869 4511 amorem
2910 4455 3215 4523 abrumpat,
3252 4453 3527 4526 quomodo
3572 4470 3680 4509 non
3716 4458 3889 4511 multo

2293 4550 2463 4621 magis
2484 4548 2789 4619 spirituales
2820 4547 2906 4602 liae
2947 4546 3340 4601 incantationes
3369 4547 3571 4605 malum
3612 4548 3759 4603 istud
3801 4560 3893 4604 su-

2294 4650 2503 4713 perent,
2528 4640 2819 4697 dummodo
2846 4639 2915 4695 ab
2940 4653 3006 4694 eo
3030 4654 3130 4694 nos
3156 4652 3440 4697 removere
3459 4631 3513 4694 in
3543 4639 3787 4694 animum
3812 4640 3891 4696 in.

2294 4734 2584 4790 ducamus?
2612 4733 2768 4801 Quod
2789 4733 2835 4788 si
2863 4747 2985 4788 cum
3018 4731 3123 4786 illis
3153 4742 3433 4785 versemur
3458 4744 3522 4784 ac
3569 4730 3890 4788 confabule-

2295 4841 2435 4890 mur,
2468 4839 2588 4895 qua:
2622 4822 2931 4895 huiusmodi
2976 4822 3080 4876 tela
3108 4821 3161 4875 in
3186 4833 3288 4875 nos
3314 4828 3697 4889 contorquent,
3730 4837 3801 4878 ac
3827 4824 3890 4876 de

2296 4916 2402 4971 illis
2433 4925 2543 4971 tum
2565 4914 2873 4985 loquamur,
2903 4920 3018 4967 tum
3043 4909 3348 4976 audiamus,
3382 4909 3629 4964 morbum
3656 4909 3765 4967 hoc
3798 4929 3892 4981 ρει.

2296 5016 2385 5063 cto
2414 5007 2625 5060 alimus.
2650 5007 2895 5072 Quonam
2921 5015 3052 5071 ergo
3088 5000 3251 5055 modo
3279 4999 3455 5069 ignem
3486 5000 3769 5070 exstingui
3801 5018 3895 5055 cu-

2300 5100 2401 5171 pis,
2431 5114 2552 5155 cum
2582 5097 2823 5169 quotidie
2849 5094 3117 5149 flammam
3144 5090 3442 5147 accendas?
3466 5093 3544 5145 Ac
3568 5092 3637 5145 de
3658 5106 3891 5147 (cnsue-

2300 5193 2483 5248 tudine
2510 5192 2626 5246 hmo
2653 5189 2782 5244 mihi
2805 5186 2871 5241 ad
2895 5185 3125 5255 juvenes
3144 5182 3286 5237 dicta
3309 5194 3414 5238 sint
3441 5201 3455 5238 :
3485 5200 3608 5238 nam
3640 5186 3791 5255 quod
3830 5186 3890 5237 ad

2299 5286 2442 5338 viros
2474 5282 2688 5347 attinet,
2730 5290 2934 5346 eosque
2974 5275 3061 5344 qui
3093 5274 3460 5345 philosophari
3502 5285 3729 5337 norunt,
3763 5278 3891 5330 nilm

2300 5376 2522 5445 perinde
2544 5375 2715 5446 juvat,
2734 5381 2795 5424 ut
2815 5370 2906 5424 Dei
2930 5370 3110 5434 timor,
3138 5370 3399 5438 gehennre
3430 5370 3719 5433 memoria,
3746 5374 3891 5439 regni

2298 5469 2553 5526 cmlorum
2600 5463 2894 5533 cupiditas;
2953 5460 3069 5515 haec
3120 5461 3261 5516 enim
3323 5461 3388 5514 ad
3436 5462 3892 5530 esstinguendum

2299 5560 2477 5631 ignem
2505 5557 2795 5615 sufﬁciunt.
2828 5554 2905 5608 Ac
2936 5564 3192 5624 praeterea
3225 5552 3353 5607 iliud
3384 5562 3557 5606 tecum
3591 5563 3813 5619 reputa,
3848 5556 3895 5606 id

2299 5652 2444 5724 quod
2484 5652 2662 5707 cernis
2702 5647 2838 5702 nihil
2878 5648 3021 5701 aliud
3046 5662 3187 5713 esse,
3220 5662 3375 5711 quam
3412 5645 3656 5713 pituitam
3688 5655 3746 5705 et
3778 5663 3898 5701 san-

2303 5751 2517 5822 guinem
2566 5759 2627 5801 ac
2663 5742 2898 5811 corrupti
2940 5740 3177 5797 alimenti
3229 5754 3469 5793 succum.
3526 5740 3593 5791 At
3636 5738 3798 5796 lzetus
3842 5756 3899 5794 ac
