4002 6218
242 342 344 400 ibi

241 461 434 514 θᾶττον
459 452 647 521 ἐκείνη
677 450 966 505 σϐέννυται
990 464 1004 482 ν
1032 445 1109 510 ώς
1147 442 1201 498 εῐ
1219 461 1284 513 γε
1317 443 1646 514 παρέμενεν,
1674 443 1750 506 ὡς
1781 442 1816 510 ἡ

239 549 350 606 τῶν
388 545 710 620 χρημάτων,
761 540 862 596 κᾶν
923 537 1173 593 ἀπώλεσε
1228 535 1319 590 τὸν
1370 533 1566 588 ἁλόντα
1624 532 1815 604 ἀρδην.

240 643 373 712 Φέρε
400 634 513 704 οὖν,
566 635 695 707 περὶ
742 633 930 688 τούτου
988 632 1118 701 ὑμῖν
1164 626 1556 698 διαλεχθῶμεν,
1582 623 1678 677 τοῦ
1708 624 1820 678 τῶν

244 732 531 801 σωμάτων,
567 728 660 782 καὶ
687 726 887 796 ἴδωμεν
913 723 1076 777 πόθεν
1101 719 1326 786 αὐξεται
1353 716 1416 770 τὺ
1445 716 1614 770 κακόν
1633 735 1648 748 ο
1675 715 1820 770 οὐτω

241 822 350 894 7&9
393 821 650 892 είσόμεθα
672 862 688 888 ,
727 819 837 872 εἴτε
876 815 1145 889 ἡμέτερον
1187 810 1344 864 τοῦτο
1389 809 1663 881 ἔγκλημα,
1707 810 1822 865 εἴτε

238 916 341 987 οὐχ
364 915 665 988 ἡμέτερονο
705 912 802 966 καὶ
830 912 880 963 εί
923 908 1020 980 μὲν
1064 907 1351 974 ἡμέτερον,
1391 902 1567 956 πάντα
1597 900 1822 973 πράξων

244 1019 410 1079 μενι,
435 1005 575 1059 ὥστε
622 1000 1006 1075 περιγενέσθαι
1043 1014 1059 1030 ·
1115 997 1164 1050 εἰ
1193 995 1251 1048 δέ
1296 994 1396 1065 οὐχ
1440 992 1734 1064 ἡμέτερον,
1770 993 1822 1048 τί

242 1097 425 1166 μάτην
452 1097 727 1164 κόπτομεν
759 1090 1021 1154 ἐαυτούς;
1053 1087 1107 1141 τί
1153 1085 1210 1139 δὲ
1243 1084 1306 1137 οὐ
1347 1081 1822 1154 συγγινώσκομεν,

241 1187 356 1242 ἀλλ’
383 1185 721 1256 ἐγκαλοῦμεν
768 1185 880 1245 τοῖς
927 1177 1351 1248 ἀλισκομένοις;
1390 1175 1562 1230 Πόθεν
1603 1171 1698 1229 οὖν
1741 1174 1823 1228 τί-

241 1293 431 1332 κτεται
457 1270 611 1340 οὗτος
660 1278 691 1328 ό
740 1274 912 1345 ιρωςς
965 1269 1097 1322 ’Δπὺ
1139 1268 1444 1339 εὐμορφίας
1500 1266 1824 1339 προσώπου,

241 1369 428 1440 φησιν,
458 1369 586 1422 ὅταν
609 1363 749 1434 καλὴ
779 1363 871 1416 καὶ
897 1360 1107 1431 εὐειδὴς
1134 1361 1168 1431 η
1200 1359 1577 1430 τιτρώσκουσα
1686 1360 1823 1430 Εἰκῆ

240 1460 418 1515 ταῦτα
446 1459 625 1526 λέγεις
656 1457 750 1510 καὶ
791 1455 987 1524 μάτην.
1023 1452 1089 1506 El
1125 1451 1237 1522 γὰρ
1280 1451 1381 1522 τῆς
1421 1450 1728 1521 εὐμορφίας
1765 1451 1824 1503 τὸ

240 1549 480 1622 ἐραστάς
518 1543 948 1609 ἐπισπάσασθαι,
979 1542 1186 1607 πάντας
1218 1542 1285 1596 ἂν
1322 1542 1480 1613 ἔσχεν
1525 1543 1761 1612 ἐραστάς
1790 1543 1824 1612 ή

241 1636 466 1710 τοιαύτη
497 1637 632 1708 κόρη
658 1654 672 1667 ο
701 1637 749 1689 εί
785 1635 844 1689 δέ
869 1636 930 1689 οὐ
962 1637 1171 1698 πάντας
1203 1634 1339 1705 ἔχει,
1363 1636 1425 1687 οὐ
1460 1634 1560 1704 τῆς
1607 1634 1825 1703 φύσεως

241 1728 422 1793 τοῦτο,
453 1729 577 1783 οὐδὲ
607 1727 668 1793 ἐξ
691 1727 1015 1798 εὐμορφίας,
1042 1727 1159 1781 ἀλλ’
1189 1725 1248 1791 ἐξ
1276 1727 1593 1779 ἀκολάστων
1624 1724 1826 1793 ὀφθαλ-

246 1818 397 1891 μῶν·
437 1820 567 1874 ὅταν
593 1819 704 1889 7&9
739 1818 861 1872 ίδών
893 1819 1202 1889 περιέργως
1233 1816 1523 1888 θαυμάσῃς
1563 1816 1657 1868 καὶ
1696 1817 1828 1886 ἐρα·

245 1911 402 1982 σθῇς,
429 1910 594 1976 ἐδέξω
625 1909 688 1963 τὸ
716 1909 889 1980 βέλος.
926 1908 1038 1962 Kal
1068 1909 1149 1971 τίς
1189 1907 1254 1961 ἂν
1280 1906 1496 1960 δύναιτο
1525 1906 1694 1976 καλὴν
1729 1922 1830 1974 γυ·-

243 2004 408 2056 vdua
434 2001 599 2072 όρῶν,
637 2001 712 2072 μὴ
741 1999 1028 2054 ἐπαινέσαι
1058 1998 1156 2069 τὴν
1186 1997 1506 2068 ὁρωμένην;
1544 1995 1725 2065 φησίν.
1765 1993 1828 2047 El

241 2092 424 2145 τοίνυν
441 2093 503 2144 οὐ
535 2091 636 2162 τῆς
669 2091 1044 2162 προαιρέσεως
1074 2087 1231 2160 ἡμῶν
1260 2088 1322 2140 τὸ
1350 2086 1419 2139 τὰ
1448 2086 1672 2139 τοιαῦτα
1698 2083 1829 2138 θαυ-

242 2185 462 2256 μάζειν,
492 2185 594 2239 οὐκ
620 2185 677 2239 ἐν
701 2185 831 2256 ἡμῖν
852 2183 960 2254 ἀρα
984 2184 1014 2236 ό
1040 2181 1201 2252 έρως.
1246 2179 1519 2249 Ἐπίσχες,
1545 2178 1825 2249 ἄνθρωπε.

244 2277 314 2332 Τί
340 2279 518 2332 πάντα
560 2277 755 2348 φύρεις
801 2274 963 2346 όμοῦ,
1006 2271 1284 2342 πανταχοῦ
1330 2271 1692 2342 περιτρέχων,
1735 2269 1830 2324 καὶ

242 2366 341 2423 τοῦ
365 2368 537 2424 κακοῦ
559 2370 661 2439 τὴν
689 2367 846 2438 ῥίζαν
875 2366 977 2419 οὐκ
1009 2363 1209 2417 ἐθέλων
1238 2363 1404 2428 Mdv;
1431 2361 1530 2415 καὶ
1556 2363 1666 2432 7&9
1700 2359 1830 2414 πολ-

243 2457 374 2523 λοὺς
405 2458 518 2531 όρῶ
544 2457 932 2528 θαυμάζοντας
977 2454 1073 2508 καὶ
1110 2449 1490 2514 ἐπαινοῦντας.
1527 2451 1627 2504 οὐκ
1658 2451 1830 2519 ἐρών-

241 2565 346 2610 τας
370 2549 448 2604 δέ.
474 2550 586 2604 Kal
621 2547 738 2612 πῶς
764 2548 843 2600 ένι
874 2543 1254 2615 θαυμάζοντας
1287 2543 1360 2614 μὴ
1397 2545 1569 2614 έρᾷν;
1608 2543 1701 2613 Μὴ
1746 2541 1834 2596 θο-

244 2640 407 2714 ρύϐει
431 2657 446 2670 ·
483 2639 644 2692 τοῦτο
686 2637 796 2706 γάρ
831 2636 1063 2705 ἔρχομαι
1101 2636 1277 2686 εἰπεῖν
1305 2651 1318 2662 ·
1356 2633 1473 2686 ἀλλ’
1517 2633 1830 2702 ἀνάμεινον,

246 2731 348 2785 καὶ
373 2728 579 2800 ἀκούσῃ
611 2725 707 2780 τοῦ
733 2726 1012 2786 Μωύσέως
1036 2721 1406 2793 θαυμάζοντος
1439 2721 1529 2776 τὸν
1551 2723 1717 2777 παῖδα
1737 2722 1831 2776 τοῦ

259 2817 480 2883 Ἰακὼϐ,
528 2818 622 2872 καὶ
653 2815 903 2884 λέγοντος
928 2829 944 2842 ο
1002 2813 1111 2870 Kal
1142 2809 1220 2883 ἦν
1260 2811 1482 2880 Ἰωσὴφ
1523 2811 1714 2875 καλὸς
1752 2811 1834 2876 τῷ

243 2912 416 2977 datu,
448 2909 547 2964 καί
577 2908 789 2977 ὡραῖος
812 2904 886 2974 τῇ
915 2904 1051 2973 ὄψει
1083 2902 1341 2974 σφόδρα.
1365 2900 1514 2973 ’Δρα
1542 2899 1635 2956 οὖν
1672 2903 1778 2970 ἦρα
1805 2904 1832 2952 ὁ

245 3001 427 3058 ταῦτα
451 3001 667 3070 λέγων;
709 2997 994 3067 Οὐδαμῶς.
1031 2996 1166 3050 οὐδὲ
1200 2995 1309 3066 7&9
1342 2993 1509 3064 ἐώρα,
1545 2993 1700 3062 φησὶ,
1741 2998 1832 3048 τὸν

249 3094 666 3165 ἐπαινούμενον.
710 3091 869 3144 Ἀλλά
902 3091 996 3144 καὶ
1026 3087 1164 3160 πρὸς
1196 3088 1281 3142 τά·
1305 3087 1616 3157 ἀκουόμενα
1661 3087 1831 3157 ί...ὶ).ἷ⁴.η

248 3184 534 3256 πάσχομέν
559 3200 612 3238 τι
657 3181 919 3246 τοιοῦτον,
961 3179 1023 3234 οὐ
1061 3178 1196 3248 πρὸς
1246 3179 1315 3233 τά
1357 3177 1833 3250 ὁρώμεναμόνον.

252 3277 373 3332 Ἷνα
398 3278 456 3331 δέ
484 3276 563 3348 μὴ
604 3273 912 3345 φιλονεικῇς
953 3274 1087 3344 ἡμῖν
1128 3273 1187 3325 έν
1217 3272 1449 3336 τούτοις,
1479 3272 1508 3323 ό
1533 3270 1697 3324 Δαυίδ
1735 3271 1836 3324 οὐκ

248 3365 324 3439 ἦν
369 3368 570 3440 ὡραῖος
616 3366 843 3448 σφόδρα,
904 3366 1000 3418 καὶ
1052 3362 1360 3433 ὑπέρυθρος
1413 3362 1555 3432 μετὰ
1606 3360 1838 3425 κάλλους

250 3457 586 3528 ὀφθαλμῶνς
626 3457 654 3510 ό
676 3458 739 3525 δὴ
765 3456 1001 3526 μάλιστά
1028 3457 1144 3508 ἐστι
1177 3452 1641 3524 τυραννικώτερον
1671 3453 1837 3524 μέρος

250 3547 360 3617 τῆς
383 3545 705 3616 εὐμορφίας,
741 3544 852 3596 τῶν
891 3545 1187 3613 ὀφθαλμῶν
1219 3545 1280 3595 τὸ
1323 3544 1540 3606 κάλλος.
1583 3541 1708 3612 'Ap’
1745 3541 1837 3598 οὖν

252 3636 473 3709 ἠράσθη
507 3653 585 3698 τις
612 3634 810 3700 αὐτοῦ;
837 3633 1125 3705 Οὐδαμῶς.
1154 3636 1266 3687 Οὐκ
1288 3633 1394 3701 ἄρα
1418 3640 1558 3701 μετά
1582 3651 1637 3684 το
1655 3638 1672 3683 .'-
1702 3636 1837 3685 θαυ-

257 3725 454 3799 μάζειν
479 3725 576 3780 καὶ
616 3725 679 3778 τὸ
716 3724 847 3795 ἐρᾷν
885 3723 1115 3792 γίνεται.
1160 3723 1269 3776 Kal
1305 3722 1413 3792 7&9
1458 3722 1551 3773 καὶ
1592 3722 1836 3793 μητέρας

253 3819 418 3890 ἐσχον
447 3816 632 3871 πολλοὶ
663 3815 870 3886 σφόδρα
894 3814 1162 3877 ἀνθούσας
1187 3815 1253 3884 τῇ
1284 3811 1378 3866 τοῦ
1409 3811 1664 3884 σώματος
1694 3811 1835 3885 ὥρᾳ.

255 3909 328 3962 Τί
359 3903 453 3963 οὖν
475 3923 493 3974 ;
517 3905 836 3979 ἠράσθησαν
867 3904 1048 3959 αὐτῶν
1078 3907 1128 3958 οί
1153 3904 1384 3970 παῖδεςς
1423 3905 1641 3974 Ἀπαγε
1660 3920 1675 3935 ο
1702 3903 1840 3959 ἀλλά

257 3997 602 4069 θαυμάζουσι
637 3995 740 4067 μέν
765 3994 826 4048 τὺ
846 3994 1144 4067 ὁρώμενον,
1174 3995 1277 4050 οὐκ
1309 3995 1644 4066 ἐμπίπτουσι
1672 3994 1732 4048 δέ
1758 3995 1846 4059 είς

257 4089 441 4164 ἐρώτα
473 4087 720 4161 αἰσχρόν.
751 4086 922 4141 Πάλιν
950 4086 1058 4158 γὰρ
1084 4087 1185 4157 τῆς
1216 4085 1432 4158 φύσεως
1469 4085 1530 4140 τὸ
1558 4083 1840 4158 κατόρθω-

260 4181 346 4251 μά
371 4181 505 4233 ἐστι.
534 4178 703 4239 Ποίας
730 4175 964 4245 φύσεως,
989 4177 1112 4229 είπέ
1137 4194 1227 4246 μοι
1251 4195 1266 4245 ;
1303 4178 1432 4232 Ὅτι
1451 4189 1689 4250 μητέρες
1707 4178 1835 4242 είσὶ,

259 4271 451 4343 φησίν.
489 4266 622 4324 Εἶτα
644 4269 746 4323 οὐκ
784 4268 1024 4332 ἀκούεις,
1069 4269 1152 4322 ὅτι
1184 4270 1412 4338 Πέρσαι,
1443 4271 1673 4340 μηδενὸς
1717 4287 1842 4324 κατ-

257 4359 686 4433 αναγκάζοντος,
735 4362 855 4424 ταῖς
889 4358 1072 4412 αὐτῶν
1119 4359 1404 4428 μίγνυνται
1454 4361 1714 4430 μητράσι,
1745 4361 1839 4415 καὶ

257 4455 362 4526 οὐχ
387 4447 469 4519 εἷς
496 4452 618 4508 οὐδὲ
643 4453 915 4522 δεύτερος,
956 4450 1071 4503 ἀλλ’
1101 4448 1396 4518 ὁλόκληρον
1434 4449 1585 4513 ἔθνος
1611 4466 1626 4514 ;
1656 4451 1840 4520 Χωρὶς

255 4546 322 4601 δέ
347 4545 574 4611 τούτοιν,
599 4542 851 4600 κάκεῖθεν
879 4539 1032 4614 [49οῘ
1052 4540 1231 4612 δῆλον,
1260 4540 1342 4612 ὅτι
1366 4539 1428 4591 τὸ
1449 4538 1662 4610 νόσημα
1683 4539 1841 4593 τοῦτο

256 4640 326 4693 οὐ
349 4637 452 4709 τῆς
479 4636 628 4709 ὥρας
654 4635 750 4691 τοῦ
788 4634 1060 4705 σώματος,
1091 4632 1211 4684 οὐδὲ
1233 4629 1335 4699 τῆς
1365 4629 1668 4700 εὐμορφίας
1691 4632 1840 4685 ἐστὶν

260 4727 474 4794 ἀτελῶς.
501 4728 636 4783 ἀλλά
664 4730 765 4798 τῆς
803 4724 1050 4797 ῥᾳθύμου
1100 4725 1196 4776 καὶ
1237 4722 1598 4792 πλανωμένης
1639 4722 1836 4795 ψυχῆς.

259 4819 458 4873 Πολλοὶ
488 4818 618 4888 γοῦν
664 4818 928 4881 πολλάκις
978 4814 1174 4888 μυρίας
1223 4815 1521 4883 εὐπρεπεῖς
1560 4817 1841 4888 παραδρα-

265 4909 461 4980 μόντες
486 4913 770 4976 γυναῖκας,
801 4911 919 4974 ταῖς
945 4909 1069 4978 αίσχ
1077 4906 1198 4976 ροτέ
1209 4924 1325 4976 ραις
1353 4906 1562 4961 ἔδωκαν
1589 4908 1837 4970 ἑαυτούς’

257 4998 387 5053 ὅθεν
409 4997 566 5067 δῆλον
588 4999 672 5052 ὅτι
700 5001 761 5053 ob
791 5001 890 5070 τῆς
912 4999 1214 5069 εὐμορφίας
1252 4999 1312 5049 τὸ
1345 4999 1474 5068 ὲρᾷν
1519 5017 1533 5030 ο
1574 5001 1607 5069 ἢ
1641 5001 1749 5070 γὰρ
1775 5003 1840 5054 ἂν

260 5084 411 5146 εἷλον
437 5091 640 5144 ἐκεῖναι
663 5091 769 5162 πρὸ
792 5094 997 5146 τούτων
1029 5095 1153 5155 τοὺς
1187 5091 1547 5160 ἐμπεσόντας.
1573 5091 1637 5143 Τί
1662 5089 1753 5145 οὖν
1779 5096 1838 5146 τὸ

261 5184 470 5247 αῐτιονς
523 5184 573 5235 εί
619 5182 729 5251 γὰρ
777 5183 852 5253 μὴ
888 5185 987 5253 τῆς
1023 5183 1321 5255 εὐμορφίας
1359 5182 1420 5234 τὸ
1472 5183 1623 5252 ἐρᾷν,
1677 5183 1839 5235 πόθεν

260 5277 380 5349 ἔχει
407 5275 506 5346 τὴν
530 5273 706 5345 ἀρχὴν
731 5273 827 5328 καί
851 5276 948 5345 τὴν
980 5278 1155 5345 ῥίζαν,
1187 5277 1348 5348 φησίν
1371 5293 1384 5339 ;
1431 5273 1564 5326 Ἀπὸ
1586 5274 1840 5343 δαίμονος

262 5363 508 5439 πονηροῦ
534 5379 550 5429 ;
586 5363 739 5435 Ἔχει
767 5364 866 5433 μὲν
897 5367 990 5419 καὶ
1029 5368 1234 5419 ἐκεῖθεν
1263 5384 1270 5393 ·
1307 5366 1418 5421 ἀλλ’
1449 5365 1506 5417 οὐ
1541 5363 1698 5418 τοῦτό
1722 5367 1838 5420 in:

258 5460 328 5516 τὺ
360 5456 718 5530 ζητούμενον,
751 5457 865 5509 ἀλλ’
895 5458 940 5508 εί
969 5457 1037 5525 ξ.ιέ
1083 5462 1175 5510 καὶ
1217 5461 1377 5530 ἡμεῖς
1404 5459 1582 5512 αἴτιοι.
1619 5458 1694 5510 Οὐ
1730 5458 1840 5529 γάρ

259 5552 491 5608 ἐκείνων
525 5549 687 5622 μόνον
725 5549 758 5618 ή
817 5548 1094 5617 ἐπιϐουλη,
1142 5552 1276 5605 ἀλλά
1334 5555 1449 5622 μετ’
1488 5551 1711 5605 ἐκείνων
1745 5552 1840 5604 καὶ

325 5731 342 5750 ⁸
370 5729 632 5794 Legebat!"
663 5731 866 5794 πραξομε

1267 324 1338 381 IN
1379 322 1599 382 Ειηετ.
1638 323 1684 380 ll
1721 323 1814 381 AD
1844 323 2004 382 C08.
2040 324 2283 386 HOMIL.
2325 326 2441 385 VII.

3394 337 3505 392 ιδε

1935 441 2091 513 ήμῶν
2118 444 2348 513 πρώτων
2372 445 2422 499 ιι.
2465 443 2778 514 Οὐδαμόθεν
2802 445 2912 518 γὰρ
2951 447 3222 518 ἑτέρωθεν
3256 447 3399 505 οὕτω
3423 455 3508 506 τί-

1928 549 2115 587 κτεται
2138 533 2197 588 τὸ
2226 535 2461 607 πονηρὸν
2482 537 2643 591 τοῦτο
2678 539 2912 608 νόσημα,
2939 539 3016 602 ὼς
3054 540 3164 594 ἀπδ
3195 544 3507 615 συνηθείας,

1929 625 2022 677 καὶ
2050 625 2338 691 κολακείας
2369 629 2650 699 ῥημάτων,
2691 629 2786 682 καλ⁸
2811 627 3006 699 σχολῆς
3037 630 3132 684 καὶ
3166 632 3370 703 ἀργίας
3417 638 3513 692 καὶ

1927 714 2023 768 τοῦ
2051 716 2218 787 μηδὲν
2241 717 2388 787 ἔχειν
2419 723 2615 774 ποιεῖν.

2000 806 2063 872 ζ’.
2083 808 2311 879 Μεγάλη
2339 810 2469 882 γάρ,
2493 811 2706 882 μεγάλη
2734 812 2837 882 τῆς
2861 814 3149 886 συνηθείας
3169 817 3204 888 ἡ
3229 819 3510 888 τυραννὶς,

1930 900 2023 952 καὶ
2048 900 2307 971 τοσαύτη,
2337 901 2415 965 ὡς
2437 905 2516 964 είς
2543 903 2762 971 φύσεως
2785 905 3032 977 ἀνάγκην
3062 907 3427 964 καθίστασθαι
3452 921 3505 966 ο.

1933 992 1993 1044 El
2015 990 2072 1044 δὲ
2108 991 2365 1063 συνήθεια
2397 993 2460 1047 τὸ
2479 993 2687 1047 τίκτειν
2720 996 2888 1066 αὐτὴν
2908 1039 2922 1060 ,
2953 997 3176 1069 εὐδηλον
3200 1001 3283 1054 ὅτι
3309 1002 3403 1056 καλ⁵
3451 1000 3516 1056 τὸ

1932 1077 2243 1139 σϐεννύναι.
2276 1081 2469 1135 Πολλοὶ
2520 1082 2653 1152 γοῦν
2702 1083 2936 1154 ἐρῶντες
2979 1086 3154 1153 οὕτως
3180 1090 3514 1156 ἐπαύσαντο,

1935 1171 2012 1242 μὴ
2040 1171 2334 1242 ὁρωμένων
2359 1174 2470 1229 τῶν
2498 1177 2808 1247 ἐρωμένων.
2844 1177 3016 1232 Τοῦτο
3057 1179 3115 1232 δέ
3145 1181 3283 1252 πρὸς
3340 1183 3518 1256 βραχύ

1937 1262 2037 1334 μέν
2059 1264 2207 1318 δοκεῖ
2228 1267 2426 1337 πικρὸν
2458 1264 2616 1332 εἶναι,
2650 1269 2745 1323 xal
2773 1271 2980 1342 σφόδρα
3001 1271 3167 1340 ἀηδές
3191 1284 3208 1302 ·
3235 1273 3314 1342 τῷ
3335 1276 3518 1346 χρόνῳ

1934 1353 1992 1408 δὲ
2021 1355 2118 1426 ήδύ
2141 1356 2372 1424 γίνεται,
2407 1361 2504 1412 καὶ
2524 1359 2643 1413 οὐδέ
2676 1360 3025 1432 βουλομένοις
3053 1362 3240 1417 λοιπὸν
3273 1363 3352 1417 ἐνι
3385 1367 3520 1421 ἀνα-

1934 1450 2240 1518 κτήσασθαι
2259 1451 2320 1504 τὸ
2347 1451 2539 1515 πάθος.
2561 1452 2627 1504 Τί
2651 1449 2746 1506 οὖν
2764 1454 2894 1507 ὅταν
2909 1452 3200 1524 συνηθείας
3221 1455 3391 1527 χωρὶς
3406 1457 3520 1510 ἀπὸ

1935 1537 2158 1609 πρώτης
2189 1541 2286 1610 τῆς
2310 1541 2488 1609 ὄψεως
2515 1542 2628 1596 ἀλῶ
2648 1560 2663 1604 ;
2685 1545 2981 1620 Κάνταῦθα
3007 1546 3174 1618 ἀργία
3201 1547 3297 1602 τοῦ
3324 1547 3518 1617 σῶμα⁴

1934 1631 2088 1698 τος,ἢ
2116 1630 2347 1702 τρυφὴά,
2368 1632 2538 1685 καὶτὸ
2557 1635 2632 1704 μὴ
2655 1634 2959 1706 φροντίζειν
2981 1637 3088 1692 τῶν
3106 1640 3516 1711 προσηκόντων,

1939 1721 2074 1790 μηδὲ
2104 1721 2161 1774 ἐν
2204 1722 2529 1791 ἀναγκαίοις
2575 1720 2717 1777 εἶναι
2752 1727 3063 1797 πράγμασι.
3101 1731 3368 1804 Καθάπερ
3407 1733 3520 1806 γὰρ

1937 1811 2137 1875 πλάνος
2152 1817 2283 1877 τιςό
2313 1813 2559 1878 τοιοῦτος
2585 1817 3032 1887 περιερχόμενος,
3071 1822 3232 1875 παντὶ
3263 1823 3521 1894 περιπεί-

1938 1920 2091 1975 ρεται
2122 1905 2344 1977 πονηρῷ
2362 1921 2375 1935 ·
2401 1906 2495 1961 καὶ
2524 1906 2776 1979 καθάπερ
2803 1908 3011 1962 παιδίον
3034 1908 3249 1979 ἄφετον.
3278 1913 3307 1964 ό
3336 1912 3522 1983 βουλό-

1941 2009 2102 2064 μενος
2129 1996 2508 2066 ἀνδραποδίζει
2530 1999 2629 2070 τὴν
2651 1998 2906 2070 τοιαύτην
2927 1999 3124 2071 ψυχήν.
3166 2002 3384 2075 Ἐπειδὴ
3410 2005 3522 2078 7&9

1937 2085 2059 2150 ἐθος
2081 2087 2218 2159 αὐτῇ
2253 2091 2514 2160 ἐνεργεῖν,
2533 2091 2661 2143 ὅταν
2687 2090 2857 2160 αὐτῆς
2880 2091 3094 2164 παύσῃς
3112 2091 3213 2162 την
3239 2093 3521 2164 ἐνέργειαν

1938 2176 2038 2245 τὴν
2067 2177 2126 2229 ἐν
2177 2181 2289 2240 τοῖς
2339 2179 2584 2250 ἀγαθοῖς,
2649 2182 2838 2253 ἐπειδὴ
2905 2165 3094 2254 ἀργεῖν
3147 2184 3208 2237 οὐ
3255 2183 3479 2240 δύναται
3502 2227 3520 2254 ,

1938 2267 2314 2336 ἀναγκάζεται
2348 2271 2511 2345 ἕτερα
2545 2273 2773 2327 τίκτειν.
2801 2273 3071 2344 Καθάπερ
3105 2275 3137 2344 ἠ
3166 2273 3258 2345 γῆ,
3285 2272 3415 2330 ὅταν
3446 2277 3523 2348 μὴ

1942 2358 2233 2430 σπείρηται
2297 2360 2434 2430 μηϐἐ
2494 2362 2798 2434 φυτεύηται
2833 2402 2847 2427 ,
2912 2364 3143 2437 βοτάνην
3201 2367 3525 2424 ἀναδίδωσιν

1943 2448 2126 2512 ἀπλώς
2149 2463 2162 2477 ·
2193 2447 2338 2501 οὕτω
2390 2449 2484 2502 καὶ
2534 2452 2565 2519 ἡ
2615 2451 2783 2521 ψυχὴ,
2815 2453 2946 2507 ὅταν
2983 2455 3058 2525 μὴ
3087 2454 3189 2527 ἔχῃ
3214 2468 3268 2508 τι
3321 2455 3527 2526 πρᾶξαι

1939 2540 2051 2595 τῶν
2099 2541 2433 2609 ἀναγκαίων,
2466 2543 2682 2605 πάντως
2720 2543 2815 2596 τοῦ
2869 2545 3132 2614 πράττειν
3160 2546 3525 2618 ἐπιθυμοῦσα,

1942 2637 2197 2706 πονηροῖς
2219 2634 2416 2704 ἑαυτὴν
2437 2633 2618 2687 δίδωσι
2650 2634 2958 2706 πράγμασι.
2990 2636 3100 2687 Καὶ
3121 2635 3312 2707 ὥσπερ
3329 2638 3530 2703 ὀφθαλσ

1945 2725 2046 2795 μὸς
2075 2725 2171 2779 τοῦ
2212 2727 2311 2795 μὲν
2343 2728 2476 2795 όρᾷν
2503 2727 2564 2779 οὐ
2607 2725 2863 2790 παύεται,
2896 2725 2991 2778 καὶ
3017 2725 3106 2780 διά
3153 2725 3310 2780 τοῦτο
3337 2725 3526 2796 θψεται

1942 2818 2176 2886 πονηρὰ,
2224 2820 2350 2868 ὅταν
2385 2816 2566 2884 ἀγαθά
2601 2818 2675 2890 μὴ
2773 2818 3108 2889 ὑποκείμενα
3145 2833 3160 2848 °
3185 2818 3329 2872 οὕτω
3375 2820 3469 2874 καὶ
3495 2823 3525 2874 ό

1941 2904 2237 2975 λογισμὸς,
2295 2907 2424 2959 ὅταν
2474 2907 2584 2960 τῶν
2632 2910 2946 2978 ἀναγκαίων
2994 2910 3184 2965 ἐαυτὸν
3237 2911 3524 2984 ἀπαγάγῃ.

1942 2995 2073 3069 περὶ
2100 2997 2166 3049 τά
2193 2995 2440 3070 ἀχρηστα
2465 2997 2759 3069 στρέφεται
2791 3001 2977 3053 λοιπόν
3003 3019 3018 3032 ·
3046 3001 3171 3054 ἐπεὶ
3198 3001 3279 3056 ότι
3301 3001 3400 3055 καὶ
3424 3002 3528 3073 τὴν

1944 3082 2167 3155 πρώτην
2220 3083 2528 3156 προσϐολὴν
2560 3085 2782 3139 δύναται
2816 3089 3265 3158 ἀποκρούσασθαι
3301 3092 3528 3163 ἀσχολία

1945 3177 2038 3229 καὶ
2075 3179 2314 3246 φροντὶς,
2352 3176 2679 3248 πολλαχόθεν
2729 3177 2905 3246 δῆλον.
2938 3178 3108 3234 Ὅταν
3135 3178 3230 3235 οὖν
3268 3181 3384 3253 ίδης
3427 3201 3528 3252 γυ·

1945 3273 2107 3323 ναῖκα
2132 3271 2322 3339 χαῖαην,
2349 3269 2442 3322 καὶ
2457 3270 2637 3340 πάθῃς
2667 3287 2718 3322 τι
2754 3269 2892 3337 πρὸς
2915 3269 3106 3340 αὐτὴν,
3131 3272 3332 3342 μηκέτι
3381 3274 3524 3345 ἴδῃς,

1947 3359 2042 3411 καὶ
2067 3359 2414 3428 ἀπηλλάγης.
2439 3361 2549 3410 Kal
2576 3360 2694 3423 πῶς
2720 3361 3022 3430 δυνήσομαι
3045 3363 3244 3433 μηκέτι
3273 3364 3401 3417 ίδεῐν
3423 3364 3536 3418 Qui

1945 3448 2047 3520 τῆς
2084 3448 2382 3519 ἐπιθυμίας
2436 3450 2728 3518 ἑλκόμενος
2752 3493 2766 3514 ,
2797 3453 2991 3521 φησίν;
3035 3455 3276 3526 Ἐτέροις
3307 3458 3529 3512 σεαυτὸν

1945 3543 2034 3606 δὸς
2066 3582 2081 3606 ,
2145 3544 2494 3614 περιέλκουσι
2539 3543 2639 3614 τὴν
2666 3541 2846 3614 ψυχὴν
2877 3579 2898 3607 ,
2931 3542 3158 3613 βιϐλίοις
3185 3584 3202 3610 ,
3251 3552 3530 3618 φροντίσιν

1945 3634 2310 3700 ἀναγκαίαις,
2365 3634 2758 3705 προστασίαις,
2802 3633 3076 3706 βοηθείαις
3133 3634 3528 3707 ἀδικουμένων,

1946 3723 2153 3791 εὐχαῖς.
2188 3723 2478 3794 φιλοσοφίᾳ
2505 3725 2570 3791 τῇ
2599 3724 2857 3793 περὶτῶν
2887 3724 3189 3790 μελλόντων
3218 3745 3235 3761 ο
3266 3727 3530 3794 τοιούτοις

1947 3814 2255 3884 κατάδησον
2299 3813 2401 3884 τὴν
2451 3813 2654 3884 ψυχήν.
2719 3812 2905 3874 Οὐτως
2955 3815 3078 3890 οὐχὶ
3132 3819 3326 3888 νεαρὸν
3375 3819 3531 3885 ἐλκος

1947 3903 2217 3978 διορθώσει
2247 3905 2427 3974 μόνον,
2459 3903 2596 3959 ἀλλά
2647 3905 2823 3974 παγέν
2865 3907 2957 3960 καὶ
3001 3907 3214 3979 χρόνιον
3242 3904 3531 3980 γενόμενον

1949 3999 2227 4070 ἀποτρίψῃ
2248 4000 2462 4069 ῥᾳδίως.
2475 3997 2624 4070 [491]
2641 3999 2702 4052 ΕΞ
2723 3999 2832 4071 γὰρ
2851 3999 3007 4073 ὐϐρις
3017 4001 3109 4063 τὸν
3131 4002 3339 4075 ἐρῶντα
3353 4004 3533 4060 πείθει

1950 4089 2239 4148 καταλύειν
2266 4090 2359 4142 τόν
2410 4089 2608 4160 έρωτα,
2644 4091 2786 4144 κατά
2812 4093 2910 4161 τὴν
2949 4095 3287 4165 παροιμίαν,
3317 4095 3436 4160 πῶς
3467 4096 3531 4151 οὐ

1951 4182 2131 4253 πολλῷ
2164 4182 2370 4252 μᾶλλον,
2400 4183 2458 4235 al
2511 4187 2881 4253 πνευματικαὶ
2914 4179 3074 4239 αὗται
3109 4187 3316 4257 ἐπῳδαὶ
3371 4206 3533 4261 περι-

1948 4275 2163 4327 έσονται
2193 4272 2288 4328 τοῦ
2337 4271 2541 4338 κακοῦ,
2572 4273 2731 4343 μόνον
2771 4272 2836 4328 ἀν
2877 4263 3147 4346 ἐθέλωμεν
3197 4273 3530 4352 ἀποστῆναιξ

1954 4366 2052 4418 “Av
2097 4363 2156 4418 δὲ
2207 4364 2294 4418 ἀεὶ
2353 4364 2778 4435 προσομιλῶμεν
2817 4367 2912 4420 καὶ
2963 4369 3534 4441 συναναστρεφώμεθα

1948 4459 2071 4518 ταῖς
2115 4454 2460 4518 τοξευούσαις
2492 4456 2641 4524 ἡμᾶς
2682 4455 2751 4507 τά
2803 4456 3027 4510 τοιαῦτα
3060 4458 3388 4530 τοξεύματα,
3440 4463 3536 4515 καὶ

1949 4549 2196 4616 λέγοντες
2221 4547 2316 4600 καὶ
2347 4544 2638 4608 ἀκούοντες
2666 4546 2737 4598 τά
2790 4550 2921 4618 παρ’
2957 4549 3203 4612 ἐκείνων,
3262 4553 3536 4622 τρέφομεν

1949 4639 2013 4692 τὸ
2051 4638 2287 4707 νόσημα.
2327 4637 2454 4700 Πῶς
2486 4633 2582 4691 οῦν
2611 4636 2783 4702 ἀξιοῖς
2818 4637 3113 4708 σϐεσθῆναι
3145 4639 3206 4691 τὸ
3246 4638 3379 4710 πῦρ,
3410 4641 3535 4694 καθ’

1951 4730 2188 4800 ἑκάστην
2241 4730 2456 4801 ἡμέραν
2507 4731 2608 4800 τὴν
2657 4730 2829 4799 φλόγα
2872 4731 3171 4798 ἀνάπτων;
3219 4733 3330 4786 Kal
3360 4731 3535 4787 ταῦτα
3585 4717 3588 4720 ’

1954 4823 2051 4891 μὲν
2081 4822 2211 4890 ἡμῖν
2236 4822 2305 4874 τὰ
2329 4822 2430 4891 τῆς
2456 4821 2745 4891 συνηθείας
2764 4822 2902 4891 πρὸς
2918 4824 3223 4898 τούςτνέους
3246 4823 3487 4894 είρήσθω
3516 4839 3531 4854 ο

1949 4916 2022 4976 ὡς
2083 4916 2192 4976 τοῖς
2249 4930 2314 4983 γε
2357 4914 2604 4986 ἀνδράσι,
2637 4915 2730 4966 καὶ
2783 4907 3095 4982 φιλοσοφεῖν
3126 4914 3530 4984 ἐπισταμένοις,

1949 5008 2166 5059 πάντων
2229 5006 2430 5073 μείζων
2478 5009 2507 5059 ό
2539 5005 2632 5057 τοῦ
2681 5003 2814 5057 Θεοῦ
2863 5003 3045 5071 φόϐος,
3085 5006 3117 5074 ἡ
3167 5004 3267 5074 τῆς
3311 5003 3535 5076 γεέννης

1953 5099 2243 5168 μνήμη,ἠ
2299 5097 2399 5165 τῆς
2460 5095 2738 5167 βασιλείας
2787 5094 2895 5146 τῶν
2950 5095 3191 5164 οὐρανῶν
3233 5094 3530 5165 ἐπιθυμίαο

1954 5187 2114 5240 ικανά
2142 5186 2253 5256 γὰρ
2289 5185 2464 5240 ταῦτα
2508 5185 2700 5240 σϐέσαι
2735 5184 2796 5238 τὸ
2850 5183 2982 5254 πῦρ.
3031 5186 3184 5238 Μετά
3226 5184 3283 5237 δέ
3331 5186 3536 5242 τούτων

1952 5279 2173 5330 κάκεῖνο
2207 5276 2401 5339 ἐννόει,
2437 5276 2518 5330 ὅτι
2559 5275 2714 5330 οὐδέν
2750 5275 2938 5346 ἕτερόν
2981 5275 3100 5327 ἐστι
3134 5273 3196 5328 τὺ
3234 5274 3533 5346 ὁρώμενον,

1951 5363 1984 5429 ἢ
2002 5362 2238 5443 »φλέγμα
2261 5363 2357 5415 καὶ
2385 5355 2526 5430 αἷμα
2561 5365 2653 5415 καὶ
2672 5362 2880 5433 τροφῆς
2915 5360 3305 5432 διασεσηπυίας
3333 5365 3527 5433 χυμός.

1965 5441 2127 5508 ’Ᾱλλά
2169 5453 2394 5524 φαιδρὸν
2439 5452 2500 5506 τὸ
2545 5453 2706 5516 ἄνθος
2768 5453 2868 5522 τῆς
2913 5453 3110 5531 ὅψεως,
3155 5452 3339 5527 φησίν.
3391 5451 3530 5507 Ἀλλ’

2017 5614 2045 5653 ιι
2072 5615 2180 5680 λίς..
2200 5617 2280 5663 καὶ
2305 5618 2438 5677 ἡμῶν
2471 5596 2701 5680 ίντρὶιῦτον.³

2023 5688 2044 5715 ε
2075 5679 2332 5738 ιρρρϋαων
2355 5680 2671 5738 μεθίστασθαι.

2017 5738 2043 5776 ἀ
2071 5738 2327 5800 Legebamr
2352 5741 2522 5803 τροφή.
