4022 6258
284 325 389 382 £55

280 440 592 511 splendidus
612 439 723 495 oris
749 438 849 494 flos
872 446 976 502 est,
1010 437 1238 509 inquies.
1266 437 1374 495 sed
1402 449 1560 495 terra:
1585 443 1747 496 etiam
1766 439 1864 495 no-

279 533 429 590 ribus
457 533 589 590 nihil
619 533 795 589 latius
822 546 887 588 ac
912 530 1202 602 jucundius
1224 540 1338 599 est;
1363 535 1454 602 qui
1480 543 1658 589 tamen
1696 534 1860 589 etiam

277 634 642 691 marcescunt,
670 634 832 697 atque
874 624 927 680 in
971 623 1315 696 putredinem
1356 625 1575 679 abeunt.
1600 624 1862 692 Quocirca

276 734 347 776 ne
370 718 456 775 hic
481 731 695 790 quoque
715 716 781 773 ad
803 717 991 773 ﬂorem
1020 716 1258 781 attende,
1290 716 1386 772 sed
1426 717 1651 777 interius
1679 718 1864 778 animo

275 809 463 874 transl,
493 818 548 865 et
572 825 602 865 a
632 808 854 881 pulchra
884 806 970 864 illa
1012 809 1125 867 cuti
1166 808 1542 877 cogitationem
1584 821 1859 877 avertens,

274 899 493 969 explora
529 914 648 969 qua:
686 899 787 956 sub
829 914 893 957 ea
938 900 1037 955 sita
1067 899 1192 954 sint.
1222 897 1664 969 Quandoquidem
1692 902 1856 958 etiam

272 990 691 1064 hydropicorum
721 1006 919 1062 corpus
949 992 1081 1046 nitet
1117 1004 1181 1045 ac
1226 989 1385 1056 lucet,
1428 1005 1529 1046 nee
1565 993 1856 1063 quidquam

271 1083 401 1141 laedi
443 1085 497 1140 in
526 1085 815 1157 superﬁcie
858 1084 1050 1148 habet;
1080 1078 1175 1137 sed
1206 1092 1383 1145 tamen
1415 1082 1657 1140 humoris
1690 1084 1852 1153 illius,

268 1180 359 1250 qui
390 1180 535 1236 intus
556 1180 808 1236 conditus
850 1186 953 1243 est,
1007 1177 1331 1247 cogitatione
1384 1179 1636 1247 perculsi,
1670 1178 1851 1249 hujus-

269 1271 413 1327 modi
442 1271 687 1330 homines
722 1268 949 1326 osculari
990 1284 1098 1324 non
1131 1269 1479 1327 sustinemus.
1512 1269 1583 1326 At
1622 1280 1775 1327 tener
1801 1280 1857 1328 et

269 1362 535 1418 versatilis
554 1370 636 1416 est
661 1360 867 1421 oculos,
894 1373 957 1414 ac
981 1368 1130 1415 recte
1154 1368 1460 1430 porrectum
1482 1362 1852 1430 supercilium,

268 1460 324 1507 et
350 1452 598 1507 eterulere
629 1450 918 1521 palpebra,
956 1458 1014 1506 et
1039 1450 1223 1505 suavis
1267 1450 1489 1520 pupilla,
1531 1460 1587 1507 et
1627 1467 1856 1508 serenus

266 1542 553 1611 aspectus?
576 1544 643 1594 At
674 1556 886 1599 rursum
915 1542 1016 1594 hoc
1039 1541 1181 1600 vide.
1210 1542 1352 1611 quod
1382 1542 1521 1597 istud
1551 1559 1764 1615 quoque
1780 1544 1855 1599 nil

265 1632 407 1685 aliud
435 1638 537 1698 est,
569 1647 731 1702 quam
774 1633 922 1686 nervi
955 1640 1018 1688 et
1055 1649 1206 1688 vena:
1251 1643 1412 1703 atque
1439 1635 1673 1691 arteriae.
1712 1634 1852 1703 Quin

265 1728 322 1776 tu
345 1720 486 1776 hunc
514 1723 687 1791 ipsum
720 1723 1001 1792 pulchrum
1033 1725 1270 1791 oculum,
1297 1739 1521 1795 agrum,
1546 1727 1698 1781 senio
1725 1727 1857 1783 affe-

262 1820 431 1875 ctum,
460 1827 695 1869 maerore
725 1813 1005 1881 afﬂictum,
1041 1815 1117 1870 ira
1148 1824 1443 1871 tumentem
1473 1818 1672 1887 cogita,
1691 1833 1851 1889 quam

263 1903 469 1958 scilicet
513 1903 769 1959 deformis
822 1907 912 1971 sit,
950 1921 1110 1975 quam
1147 1906 1403 1962 celeriter
1444 1917 1647 1976 pereat,
1689 1923 1850 1979 quam

262 1994 419 2049 citius
445 1996 604 2050 etiam
631 1997 836 2066 pictura
859 2010 1160 2055 evanescat.
1188 1998 1269 2053 Alt
1296 1998 1379 2055 his
1398 1999 1507 2070 jam
1531 2015 1679 2063 cura,
1702 2009 1762 2055 ttt
1783 2001 1851 2055 ad

262 2103 443 2143 veram
470 2089 921 2159 pulchritudinem
948 2091 1184 2146 animum
1214 2092 1483 2147 traducas.
1531 2093 1620 2158 At,
1647 2093 1848 2162 inquis,

261 2178 457 2232 animae
502 2179 954 2249 pulchritudinem
999 2197 1107 2235 non
1150 2196 1335 2236 cerno.
1385 2184 1475 2246 At,
1521 2184 1564 2237 si
1610 2181 1849 2248 libuerit,

257 2284 485 2325 cernes:
519 2280 573 2325 et
598 2272 738 2327 sicut
760 2272 1013 2329 absentes
1039 2274 1328 2340 formosos,
1377 2274 1502 2334 licet
1546 2275 1715 2332 oculis
1743 2290 1848 2331 non

258 2373 474 2427 cernas,
509 2373 689 2425 mente
716 2364 971 2421 admirari
1000 2373 1183 2434 potes;
1231 2365 1423 2421 eodem
1467 2366 1627 2421 modo
1657 2366 1851 2422 animm

1208 322 1275 379 IN
1313 322 1526 379 EPIST.
1578 327 1621 381 ll
1683 328 1773 381 AD
1812 326 1964 383 COR.
2000 326 2237 385 ‘HOSllL.
2279 328 2412 385 νηι.

3457 343 3564 413 ιβι

1972 440 2420 512 pulchritudinem
2475 434 2635 500 etiam
2679 447 2799 503 sine
2842 451 3014 506 oculis
3054 454 3362 524 perspicere
3408 458 3552 515 licet.

1970 536 2164 591 Annon
2191 538 2465 607 egregiam
2494 538 2718 594 formam
2747 556 2893 613 saepe
2936 545 3262 615 cogitatione
3291 548 3558 629 formasti,

1970 639 2144 695 eoque
2193 625 2451 698 figmento
2494 630 2739 688 nonnihil
2774 642 2841 703 ,ιθ
2886 633 3025 694 afﬁci
3070 637 3324 695 sensisti?
3350 625 3561 719 Effinge

1968 730 2111 772 nunc
2139 731 2355 789 quoque
2404 720 2599 776 anima:
2647 722 3326 802 pulehritudinemntque
3368 733 3557 809 hujus-

1966 809 2110 866 modi
2156 810 2353 868 formze
2393 813 2658 885 elegantia
2707 827 2759 875 te
2802 819 3030 880 oblecta.
3070 825 3160 892 At,
3208 826 3403 899 inquis,
3450 848 3559 893 non

1963 914 2132 957 cerno
2157 917 2243 969 ea,
2277 918 2397 974 quae
2418 920 2648 977 corpore
2677 919 2890 972 vacant.
2917 912 3077 984 Atqui
3104 915 3202 971 ista
3232 919 3414 976 animo
3439 938 3556 978 ma-

1968 994 2049 1065 gis
2070 994 2362 1063 intuemur,
2384 1013 2544 1069 quam
2575 1014 2839 1071 corpora:
2872 1004 3136 1076 siquidem
3168 1008 3238 1065 ob
3263 1008 3404 1073 hanc
3424 1030 3551 1091 quo-

1963 1099 2069 1154 que
2094 1100 2313 1142 causam
2357 1095 2412 1143 et
2453 1090 2674 1161 angelos
2713 1100 2770 1147 et
2808 1094 3164 1167 arcltangelos
3204 1090 3555 1174 admiramur,

1964 1175 2208 1245 quamvis
2244 1191 2340 1232 eos
2379 1179 2602 1237 minime
2626 1195 2946 1240 cernamus:
2970 1187 3170 1256 probos
3210 1189 3337 1248 item
3376 1207 3558 1253 mores

1962 1264 2266 1336 animmque
2289 1267 2559 1326 virtutem.
2593 1271 2673 1327 Ac
2695 1272 2741 1325 si
2769 1273 2995 1342 probum
3033 1275 3308 1336 hominem
3346 1292 3403 1339 et
3440 1300 3558 1342 mo-

1962 1352 2208 1415 deratum
2235 1356 2454 1422 videris,
2486 1360 2655 1430 magis
2683 1359 2826 1419 hunc
2852 1364 3227 1437 admiraberis,
3258 1387 3417 1441 quam
3446 1375 3557 1430 ele-

1960 1455 2177 1516 gantem
2202 1448 2347 1503 illam
2375 1448 2588 1507 faciem.
2611 1453 2765 1521 Quod
2792 1456 2837 1510 si
2865 1456 3055 1527 injuria
3077 1459 3328 1518 aliectum
3356 1464 3554 1529 videris

1960 1551 2189 1608 eamque
2205 1542 2469 1610 patienter
2484 1542 2768 1613 ferentem,
2794 1547 3101 1618 hujusmodi
3120 1551 3389 1615 hominem
3407 1571 3550 1630 ama,

1960 1627 2170 1682 etiamsi
2214 1631 2367 1685 senio
2396 1633 2674 1692 confectus
2724 1638 2814 1692 sit.
2858 1637 2991 1695 Nam
3023 1640 3330 1713 huiusmodi
3359 1627 3552 1705 animae

1962 1715 2308 1787 pulchritudo
2352 1721 2405 1774 in
2447 1733 2727 1781 senectute
2774 1742 2987 1800 quoque
3034 1741 3306 1789 amatores
3355 1738 3552 1796 multos

1961 1805 2143 1873 habet,
2186 1823 2287 1864 nec
2312 1825 2563 1880 umquam
2609 1818 2914 1883 marcescit,
2945 1821 3041 1879 sed
3070 1834 3330 1895 perpetuo
3369 1828 3547 1897 ﬂoret,

1959 1897 2123 1968 Igitur
2149 1908 2207 1955 ut
2237 1901 2377 1959 hanc
2417 1920 2629 1976 quoque
2658 1908 2756 1978 ipsi
2787 1910 3237 1979 pulchritudinem
3278 1920 3550 1992 adipisca-

1961 2004 2099 2053 mur,
2131 2006 2227 2046 eos
2268 1993 2358 2063 qui
2405 1994 2505 2049 hac
2552 1997 2755 2065 pollent
2783 2011 3086 2072 captemus,
3117 2014 3280 2079 atque
3309 2010 3547 2082 ipsorum

1960 2094 2228 2140 amatores
2258 2085 2449 2142 simus.
2482 2088 2572 2145 Sic
2597 2092 2739 2148 enim
2767 2108 2869 2151 nos
2904 2111 3117 2169 quoque
3144 2101 3281 2157 banc
3312 2105 3550 2173 pulchri-

1960 2175 2200 2231 tudinem
2226 2183 2565 2245 consequuti,
2600 2181 2665 2236 ad
2694 2194 2893 2240 :eterna
2923 2187 3063 2243 bona
3093 2195 3376 2260 pervenire
3399 2208 3550 2267 pote,

1958 2268 2163 2326 rimus:
2192 2286 2312 2339 quae
2343 2274 2545 2326 utinam
2579 2274 2733 2330 nobis
2762 2281 3034 2360 consequi
3078 2282 3256 2355 detur,
3303 2302 3399 2357 per
3421 2304 3548 2361 grar

1962 2361 2090 2415 tiam
2110 2370 2162 2417 et
2188 2363 2594 2434 benignitatem,
2624 2376 2727 2424 etc.

2801 2509 3163 2525 ’.ῃ-

3166 2513 3550 2537 ξῇ--σιο

1622 2574 1968 2638 HOMILIA
2011 2574 2181 2638 VIII.

255 2717 477 2777 Capys.
520 2733 569 2770 v.
619 2718 666 2771 l.
728 2716 856 2771 Ideo
912 2717 1148 2774 habentes
1199 2722 1335 2774 hanc
1376 2722 1840 2791 ministrationem,

328 2810 474 2869 iuxta
500 2808 637 2877 quod
662 2809 1059 2862 misericordth
1082 2813 1377 2883 consequuti
1400 2830 1593 2875 sumus.
1618 2831 1719 2869 non
1748 2817 1843 2871 dcc

331 2902 548 2965 ﬁcimns,
581 2898 634 2953 2.
662 2900 752 2954 sed
780 2901 1123 2957 abdicauimus
1149 2906 1345 2959 occulta
1370 2906 1649 2963 dedecoris.

332 2995 381 3048 ι.
422 2992 684 3061 Quoniam
730 3009 919 3064 magna
959 2998 1205 3065 quaedam
1249 3000 1500 3071 loquutus
1545 3002 1736 3068 fuerat,
1782 3020 1847 3061 ac

256 3084 493 3152 scipsum
540 3095 594 3139 et
643 3086 827 3141 ﬁdeles
866 3104 1055 3143 omnes
1088 3090 1219 3145 Mosi
1252 3102 1652 3163 anteposuerat,
1685 3107 1846 3163 atque

254 3185 458 3237 tantam
486 3192 669 3234 eorum
719 3196 837 3251 qua:
880 3184 1087 3239 dixerat
1119 3186 1538 3255 magnitudinem
1568 3201 1690 3243 esse
1719 3202 1846 3241 sen-

253 3268 444 3331 tiebat.
478 3271 597 3327 vide
628 3289 733 3343 quo
768 3286 923 3344 pacto
952 3293 1141 3333 rursus
1170 3278 1487 3332 modestiam
1530 3294 1641 3347 prae
1671 3294 1730 3334 se
1762 3278 1842 3333 fe-

256 3369 362 3413 rat.
406 3361 535 3415 Nam
566 3372 620 3418 et
662 3378 882 3435 propter
912 3368 1355 3438 pscudapostolos
1390 3380 1549 3438 atque
1576 3369 1846 3426 auditores

255 3464 379 3505 sese
408 3453 601 3509 eﬂ‘erre
628 3455 877 3521 debebat,
906 3470 960 3513 et
990 3476 1199 3514 rursum
1233 3470 1497 3516 tumorem
1526 3462 1674 3521 illum
1701 3463 1843 3516 miti-

255 3557 406 3610 gare,
455 3560 560 3599 non
608 3557 783 3601 autem
815 3552 1034 3605 omnino
1067 3553 1292 3616 tollere;
1328 3570 1447 3607 nam
1482 3554 1583 3609 hoc
1613 3555 1847 3612 ludentis

256 3631 466 3687 fuisset.
496 3635 757 3700 Quocirca
785 3638 886 3693 hoc
914 3641 1017 3693 alia
1066 3643 1149 3694 via
1193 3644 1519 3712 aggreditur,
1554 3646 1845 3700 ostendens

252 3722 312 3777 id
343 3738 501 3778 omne
534 3741 635 3780 non
668 3730 862 3782 nostris
889 3732 1093 3785 meritis
1123 3748 1185 3787 ac
1212 3734 1515 3796 virtutibus,
1542 3736 1636 3790 sed
1664 3736 1843 3793 divina

257 3815 586 3885 l-enignitate
627 3820 952 3889 contigisse:
983 3825 1204 3890 proinde
1248 3828 1342 3890 ait,
1391 3825 1641 3881 Habentes
1691 3829 1847 3900 igitur

255 3908 681 3964 ntinistrationem
721 3911 871 3966 hanc.
912 3911 1096 3984 Neque
1125 3918 1267 3975 enim
1300 3919 1587 3990 quidquam
1616 3924 1845 3991 amplius

253 4001 619 4069 erogavimus,
651 4018 809 4072 quam
848 4005 987 4074 quod
1021 4008 1247 4063 ministri
1277 4010 1600 4079 exstitimus,
1642 4012 1847 4069 beneli-

256 4092 465 4161 ciisque
492 4108 520 4147 a
547 4096 654 4149 Deo
684 4096 825 4157 datis
852 4099 1219 4159 administram
1248 4118 1465 4172 Operam
1497 4107 1840 4176 praebuimus.

253 4184 377 4251 Quo
412 4187 489 4252 lit,
538 4199 596 4241 ιιι
642 4206 740 4245 nec
773 4192 1068 4261 largitionis
1113 4211 1210 4250 nec
1252 4201 1719 4269 suppeditationis,
1748 4202 1845 4258 sed

258 4276 541 4331 ministerii
576 4283 837 4336 vocabulo
868 4300 995 4339 usus
1020 4288 1106 4341 sit.
1134 4289 1211 4344 Ac
1234 4308 1301 4344 ne
1342 4291 1443 4347 hoc
1469 4293 1683 4363 quidem
1709 4309 1843 4349 con-

256 4377 441 4423 tentus
468 4370 666 4426 addidit
692 4390 704 4424 :
734 4372 897 4427 Juxta
944 4378 1082 4444 quod
1123 4380 1524 4435 misericordiam
1552 4386 1849 4454 consequuti

255 4477 451 4515 sumus.
480 4462 610 4519 Nam
644 4464 743 4519 hoc
772 4481 986 4537 quoque
1014 4469 1208 4538 ipsum,
1239 4473 1381 4541 quod
1414 4474 1495 4529 his
1525 4478 1848 4532 ministravi-

258 4568 400 4613 tntts.
425 4570 453 4607 a
478 4555 569 4611 Dei
599 4556 963 4616 misericordia
991 4570 1044 4615 et
1069 4560 1395 4632 benignitate
1424 4567 1717 4634 profectum
1741 4581 1845 4628 est.

256 4646 591 4718 Quamquam
624 4651 1009 4713 misericordia:
1035 4663 1137 4720 est,
1168 4672 1199 4711 e
1226 4656 1380 4715 malis
1409 4661 1704 4730 exemisse,
1740 4682 1847 4723 non

256 4747 440 4793 autem
464 4750 540 4795 tot
567 4742 786 4811 insuper
809 4744 1082 4800 beneficiis
1111 4746 1384 4813 all‘eeisse;
1426 4751 1519 4806 sed
1557 4753 1659 4810 hoc
1684 4757 1848 4815 etiam

256 4827 421 4889 habet
452 4831 545 4887 Dei
576 4836 963 4891 misericordia.
996 4835 1116 4891 Non
1147 4838 1429 4907 deﬁcimus.
1482 4840 1594 4901 Hoc
1634 4862 1849 4922 quoque

257 4921 425 4988 ipsius
459 4921 771 4982 humanitati
799 4939 1077 4999 acceptum
1110 4930 1448 4989 referendum
1476 4948 1579 4994 est.
1608 4940 1738 4997 Nam
1759 4921 1847 5000 illa

258 5011 446 5074 verba.
474 5013 637 5071 Juxta
682 5022 819 5090 quod
862 5024 1259 5079 misericordiam
1306 5033 1603 5101 consequuti
1648 5051 1844 5103 sumus,

256 5103 569 5163 existimare
612 5110 779 5167 debes
819 5121 926 5169 tam
960 5116 1023 5171 ad
1058 5118 1415 5174 ministerium
1446 5123 1656 5194 referri,
1685 5142 1845 5199 quam

254 5193 325 5248 ad
356 5194 408 5250 id
435 5197 574 5267 quod
601 5204 863 5272 sequitur,
893 5205 1016 5266 Non
1044 5210 1329 5279 deﬁcimus.
1362 5213 1441 5266 Ac
1465 5215 1625 5271 velim
1657 5193 1848 5278 anim-

252 5284 530 5355 edvertas,
563 5306 722 5385 quam
754 5296 989 5366 seipsnm
1014 5300 1320 5372 deprimere
1349 5303 1577 5362 studeat.
1604 5307 1736 5366 Nam
1752 5316 1846 5385 qui

251 5388 340 5477 tot
359 5394 421 5435 ae
446 5383 628 5452 tantis,
668 5385 860 5458 inquit,
902 5392 1178 5457 beneficiis
1214 5409 1434 5459 ornatus
1459 5401 1551 5471 sit,
1581 5404 1743 5477 idque
1767 5383 1850 5471 di-

256 5471 390 5577 uitis:
411 5481 619 5577 tantutn
650 5479 1019 5542 misericordia
1050 5498 1105 5545 et
1130 5490 1479 5564 benignitate,
1523 5512 1632 5554 non
1655 5471 1846 5577 magni

254 5563 531 5661 quidpiam
561 5566 708 5637 fecit,
736 5570 786 5626 sl
827 5573 965 5631 tales
990 5577 1200 5637 labores
1226 5563 1482 5657 suscepit,
1521 5588 1567 5645 si
1605 5563 1845 5661 ρει-κῖιιι

252 5654 372 5721 adit
395 5672 459 5714 ae
487 5663 809 5721 tentationes
836 5667 1088 5726 sustinet.
1120 5670 1246 5731 ldeo
1272 5654 1571 5738 non—solum
1592 5654 1699 5742 non
1720 5704 1844 5747 con-

255 5745 487 5805 cidimns
514 5752 717 5821 animo,
761 5754 855 5811 sed
895 5758 1057 5815 etiam
1098 5766 1414 5837 gaudemus,
1454 5785 1517 5843 ac
1554 5745 1841 5838 verborum

590 5850 861 5917 Ριτιοι..
893 5858 1009 5921 GI.
1052 5860 1208 5927 LXI.

1952 2723 2202 2783 libertate
2222 2730 2439 2787 utimur.
2466 2734 2751 2807 Postquam
2776 2737 2916 2793 enim
2938 2737 3091 2807 dixit,
3112 2741 3234 2796 Non
3255 2746 3539 2814 deﬁcimus,

1949 2818 2240 2889 subnectit,
2272 2822 2379 2878 Sed
2403 2826 2749 2883 abdicaaimus
2771 2832 2968 2885 occulta
2998 2834 3278 2903 dedecoris,
3304 2852 3404 2891 non
3426 2855 3542 2899 an}.

1947 2914 2178 2971 bulantes
2207 2916 2261 2971 in
2306 2919 2516 2985 astutia,
2569 2937 2731 2991 neque
2777 2924 3120 2980 adulterantes
3163 2930 3367 2987 verbum
3406 2928 3537 3001 ,Dei.

1948 3005 2085 3072 Quid
2118 3008 2215 3062 sibi
2239 3010 2425 3064 volunt
2448 3010 2583 3078 htec,
2620 3012 2833 3068 Occulta
2854 3016 3155 3075 dedecoris?
3177 3018 3314 3085 Non,
3347 3020 3538 3095 inquit,

1950 3116 2139 3169 magna
2172 3104 2491 3172 profitemur
2533 3122 2598 3163 ac
2639 3111 2957 3178 pollicemur
2984 3123 3037 3169 ct
3075 3115 3178 3169 alia
3222 3118 3383 3177 rebus
3412 3121 3541 3192 ipsis

1950 3193 2303 3257 ostendimus,
2329 3198 2781 3265 quemadmodum
2814 3204 2887 3257 illi
2913 3219 2927 3258 :
2958 3207 3099 3261 unde
3124 3208 3284 3264 etiam
3308 3210 3538 3290 dicebat,

1952 3282 2081 3350 Quae
2107 3284 2158 3339 in
2181 3287 2360 3355 faciem
2383 3297 2519 3353 sunt,
2553 3292 2838 3362 perspicitis
2860 3293 2935 3365 (2.
2960 3295 3079 3351 Cor.
3113 3298 3200 3353 lO.
3226 3299 3281 3371 7)
3306 3319 3318 3354 :
3355 3282 3539 3363 verum

1950 3374 2085 3428 talus
2106 3377 2332 3432 omnino
2360 3393 2567 3449 sumus,
2601 3382 2790 3453 quales
2815 3385 3107 3456 cernimur,
3138 3404 3244 3445 non
3269 3392 3451 3454 fletum
3477 3412 3541 3452 ac

1949 3469 2096 3523 velut
2118 3469 2385 3540 duplicem
2412 3474 2649 3529 animum
2678 3490 2950 3547 gerentes,
2983 3496 3081 3537 nec
3106 3497 3168 3539 ea
3201 3472 3442 3543 dicentes
3462 3498 3542 3543 at..-

1950 3577 2056 3631 quc
2085 3574 2326 3633 agentes,
2361 3581 2481 3636 qua:
2508 3582 2619 3637 pra:
2666 3570 2868 3637 pudore
2908 3586 2970 3626 ac
2998 3573 3196 3630 rubore
3219 3578 3540 3644 occultanda

1947 3662 2000 3707 et
2031 3655 2177 3708 velut
2217 3657 2423 3713 umbris
2471 3660 2790 3730 quibusdam
2838 3663 3172 3722 obvolvenda
3218 3670 3343 3724 sint.
3377 3673 3541 3744 idque

1948 3761 2251 3815 exponens,
2285 3750 2577 3818 sultjtmxit,
2613 3754 2735 3808 Non
2758 3755 3072 3812 ambulantes
3096 3760 3147 3815 in
3174 3762 3380 3817 astutia.
3406 3763 3537 3822 Nam

1950 3837 2092 3905 qttod
2137 3837 2209 3890 illi
2243 3839 2389 3894 laudi
2418 3840 2705 3904 ducebant,
2741 3844 2840 3899 hoc
2866 3847 2981 3915 ipse
3010 3849 3209 3904 fmtlum
3252 3869 3315 3907 ac
3341 3855 3539 3910 ridicu-

1951 3930 2060 3989 lum
2083 3946 2203 3987 esse
2234 3934 2436 3993 statuit.
2479 3934 2746 4002 Quidnam
2774 3946 2950 3993 autem
2979 3947 3082 4006 est,
3134 3940 3197 3994 In
3228 3948 3456 4001 astutia?
3481 3949 3537 4005 In

1952 4038 2013 4076 ea
2044 4022 2441 4081 existimatione
2471 4025 2546 4079 illi
2588 4037 2763 4094 erant,
2793 4028 2944 4099 quasi
2969 4030 3037 4085 ab
3062 4031 3389 4101 accipiendis
3419 4053 3536 4093 mu-

1952 4116 2169 4168 neribus
2200 4117 2552 4180 abstinerent,
2587 4132 2708 4173 cum
2739 4132 2915 4175 tamen
2946 4122 3156 4179 occulte
3184 4127 3495 4196 acciperent
3523 4151 3535 4185 :

1950 4216 2258 4262 sanctorum
2300 4222 2363 4260 ac
2392 4208 2686 4277 proborum
2727 4214 3092 4281 apostolorum
3137 4217 3539 4279 existimatione

1950 4297 2235 4368 ﬂorebant,
2266 4315 2388 4356 eum
2421 4303 2632 4357 interim
2661 4303 2955 4360 innumeris
2988 4306 3128 4363 vitiis
3159 4319 3451 4368 scaterent.
3475 4316 3543 4379 At

1951 4407 2069 4457 nos,
2104 4394 2299 4464 inquit,
2333 4395 2448 4453 haec
2475 4395 2770 4466 abjecimus
2801 4399 2948 4467 (nam
2979 4398 3097 4458 haec
3122 4412 3268 4466 sunt,
3298 4419 3417 4474 qua:
3442 4421 3539 4461 oc-

1950 4489 2093 4543 culta
2134 4487 2415 4544 dedecoris
2443 4489 2646 4561 vocat),
2680 4491 2881 4562 quippe
2906 4493 3001 4563 qui
3034 4494 3175 4550 tales
3194 4495 3381 4565 simus,
3412 4516 3544 4567 qua,-

1949 4581 2029 4636 les
2060 4580 2333 4648 videmur;
2357 4598 2457 4637 nec
2486 4583 2790 4652 quicquam,
2822 4598 2927 4639 non
2959 4586 3121 4642 modo
3148 4586 3202 4641 in
3224 4588 3329 4643 vita
3360 4603 3539 4647 nostra

1949 4680 2003 4726 et
2023 4671 2281 4736 moribus,
2313 4671 2409 4727 sed
2431 4687 2530 4728 nec
2545 4674 2928 4741 praedicatione
2950 4685 3151 4733 tectum
3173 4687 3338 4750 atque
3353 4680 3541 4743 adum-

1948 4762 2159 4819 bratam
2188 4762 2482 4819 habemus:
2511 4762 2615 4822 hoc
2641 4765 2787 4823 enim
2811 4766 3096 4837 signillc‘at,
3126 4772 3271 4841 quod
3301 4773 3395 4841 ait,
3432 4772 3538 4833 Ne,

1948 4870 2045 4924 que
2070 4854 2413 4910 adulterantes
2437 4857 2639 4919 verbum
2666 4855 2784 4925 Dei,
2813 4858 2904 4915 sed
2930 4860 2983 4914 in
3012 4862 3419 4932 manifestatt’one
3455 4883 3539 4921 u-

1948 4946 2134 4999 ritatis.
2161 4945 2275 5002 Hoc
2300 4957 2404 5013 est,
2449 4964 2556 5005 non
2604 4949 2750 5003 vultu
2779 4959 2834 5005 et
2872 4952 3255 5023 ostentatione,
3295 4955 3388 5011 sed
3421 4956 3539 5028 ipso

1949 5052 2129 5093 rerum
2152 5040 2499 5097 documento.
2527 5040 2949 5099 Commendantes
2971 5062 3063 5100 nos
3083 5046 3220 5115 ipsos
3244 5047 3314 5102 ad
3336 5065 3535 5109 omnem

1948 5132 2307 5187 conscientiam
2353 5133 2636 5190 hominum.
2677 5135 2797 5193 Non
2827 5139 2971 5193 enim
3016 5140 3261 5196 fidelibus
3302 5152 3531 5208 tantum,

1948 5222 2044 5280 sed
2069 5231 2126 5278 et
2154 5222 2461 5279 infidelibus
2486 5226 2758 5296 perspicui
2798 5242 3005 5294 sumus,
3043 5245 3108 5287 ec
3134 5232 3414 5301 quibusvis
3442 5250 3536 5290 ex-

1946 5316 2128 5387 positi,
2152 5326 2210 5371 ut
2248 5331 2338 5372 res
2362 5327 2575 5375 nostras
2610 5319 2927 5391 explorent:
2951 5328 3114 5393 atque
3134 5321 3261 5380 hinc
3286 5325 3538 5398 nosipsos

1946 5410 2410 5479 commendamus,
2439 5426 2548 5472 non
2575 5427 2605 5468 a
2633 5411 2753 5468 fuco
2782 5428 2848 5475 ac
2874 5413 3242 5484 simulatione,
3273 5428 3369 5476 aut
3387 5422 3531 5493 quod

1946 5502 2284 5574 splendidam
2329 5504 2532 5560 larvam
2577 5502 3043 5566 circumferentes.
3090 5508 3329 5569 Dicimus
3354 5512 3535 5587 itaque

1946 5611 2047 5653 nos
2075 5598 2280 5654 nullum
2313 5613 2511 5655 munus
2537 5599 2816 5670 accipere;
2847 5610 3010 5673 atque
3038 5600 3198 5675 hujus
3219 5606 3301 5669 rei
3326 5618 3425 5666 vos
3453 5618 3532 5669 tu.»

1942 5700 2056 5752 stes
2075 5705 2366 5750 vocamus:
2395 5692 2625 5750 dicimus
2644 5708 2747 5751 nos
2774 5698 2974 5753 nullius
3002 5696 3191 5769 ﬂagitii
3216 5700 3372 5759 nobis
3395 5716 3531 5767 eon-

1946 5783 2086 5842 seios
2116 5798 2269 5853 esse;
2297 5793 2456 5857 atque
2496 5784 2657 5855 huius
2702 5785 2781 5844 rei
2809 5802 2997 5848 rursus
3022 5805 3052 5848 a
3090 5795 3245 5852 vobis
3282 5798 3528 5866 testim.

3105 5894 3186 5960 29
