4022 6258
446 367 552 428 ι55

449 493 597 541 nium
630 482 892 553 petimus;
919 495 1024 534 non
1057 491 1112 531 ut
1139 478 1213 534 illi
1239 479 1437 544 solent,
1464 478 1556 547 qui
1598 475 1725 530 vitia
1756 491 1852 530 sua
1881 477 2033 531 obte-

446 583 640 644 gentes
673 573 871 627 multos
899 571 1195 641 decipiunt.
1226 568 1361 623 Nam
1393 583 1492 624 nos
1517 577 1573 622 et
1601 569 1763 622 vitam
1795 580 2035 622 nostram

448 665 658 719 «enectis
679 664 731 718 in
762 661 997 717 medium
1027 659 1400 733 proponimus,
1428 668 1485 712 et
1516 656 1814 711 doctrinam
1842 656 1914 712 ita
1938 670 2035 727 pa.

452 756 749 818 telacituns,
779 765 837 809 ut
862 751 1041 824 quivis
1070 768 1189 806 eam
1214 750 1517 820 intelligere
1546 748 1773 818 possint.
1798 747 1915 803 Mos
1941 762 2037 802 au-

449 858 576 911 tetn,
603 846 725 915 quia
752 843 1000 899 inﬁdeles
1022 841 1132 896 vim
1156 839 1379 911 hujusce
1398 838 1659 893 doctrina:
1681 837 1898 892 minime
1916 852 2036 906 pe:-

444 944 683 1005 spectam
708 933 999 997 habebant,
1018 929 1318 999 subjunxit,
1341 926 1445 982 hoc
1463 944 1569 981 non
1590 926 1714 990 sibi,
1737 926 1831 981 sed
1847 941 2035 981 eorum

416 1012 654 1093 ‘stupori
701 1021 1085 1092 assignandum
1112 1033 1255 1085 esse,
1286 1017 1476 1071 dicens
1502 1036 1514 1071 :
1545 1017 1599 1071 5.
1635 1016 1785 1081 Quod
1812 1020 1861 1069 si
1885 1015 2036 1071 etiam

449 1125 680 1186 opertum
710 1124 785 1169 est
826 1111 1144 1184 evangelium
1186 1117 1435 1173 uestrum,
1481 1108 1537 1160 in
1578 1107 1642 1160 iis
1686 1107 1772 1177 qui
1826 1114 2037 1176 pereunt

452 1217 683 1277 opertum
710 1214 804 1271 est,
826 1204 880 1258 4.
910 1203 962 1256 in
988 1202 1167 1273 quibus
1210 1198 1536 1291 Deus/cujus
1563 1196 1742 1291 seculi
1758 1195 2037 1291 excaecauit

446 1307 635 1349 utentes
654 1295 958 1364 inﬁdelium.
990 1291 1145 1360 Quod
1163 1291 1251 1346 hic
1267 1289 1417 1352 dicit,
1446 1285 1692 1342 eamdem
1720 1286 1831 1341 vim
1850 1285 2031 1351 habet,

442 1401 601 1447 quam
623 1400 705 1449 ea,
730 1399 849 1455 quae
877 1390 1023 1453 prius
1043 1381 1213 1436 dixit:
1238 1378 1368 1433 Aliis
1409 1378 1538 1431 odor
1567 1377 1747 1431 mortis
1782 1392 1955 1431 sumus
1980 1375 2034 1428 in

443 1487 675 1543 mortem,
703 1468 819 1529 aliis
847 1473 977 1529 odor
1004 1474 1120 1528 vita
1144 1473 1200 1525 in
1225 1471 1382 1523 vitam
1411 1467 1486 1541 (2.
1520 1468 1641 1521 Cor.
1668 1466 1726 1521 2.
1756 1465 1869 1538 16).

512 1568 567 1623 9..
598 1567 1051 1623 Hrtrciouistarum
1074 1574 1121 1617 et
1150 1555 1552 1616 laniclueorum
1573 1576 1787 1614 errores.
1809 1588 1880 1599 —
1894 1556 2034 1626 Quid

440 1661 543 1716 sibi
584 1660 699 1714 vult
741 1657 870 1712 illud
898 1698 914 1722 ,
961 1653 1100 1709 Deus
1142 1655 1300 1725 hujus
1350 1652 1567 1707 saculi.’
1605 1650 1706 1718 Qui
1749 1650 2034 1706 Marcionis

440 1750 633 1807 morbo
660 1749 925 1812 laborant,
954 1745 1023 1801 de
1050 1760 1230 1801 rerum
1256 1743 1479 1813 Upiﬁce,
1505 1743 1652 1811 justo
1675 1739 1889 1812 quidem
1917 1740 2030 1808 illo,

440 1842 536 1898 sed
565 1856 671 1895 non
700 1840 827 1894 item
852 1837 1014 1903 bono,
1034 1834 1149 1891 haec
1174 1835 1313 1891 dicta
1341 1848 1462 1889 esse
1483 1831 1855 1888 contendunt:
1884 1831 2034 1885 aiunt

444 1936 587 1988 enim
622 1933 787 1987 Deum
819 1927 1105 2005 quemdam
1129 1929 1332 1997 justum
1358 1941 1479 1982 esse
1501 1968 1517 1990 ,
1548 1925 1639 1995 qui
1677 1939 1784 1979 non
1823 1925 1894 1979 sit
1930 1923 2031 1976 bo-

441 2038 560 2078 nus.
593 2020 874 2076 lauit-han
906 2028 1087 2073 autem
1119 2018 1202 2071 his
1231 2017 1411 2071 verbis
1438 2015 1711 2069 diabolum
1742 2011 2031 2081 signiﬁcari

439 2123 734 2179 assérunt;
785 2113 909 2167 hinc
955 2111 1207 2167 nimirum
1253 2110 1417 2163 alium
1468 2121 1647 2162 rerum
1694 2103 2030 2158 conditarum

439 2204 774 2272 effectorem,
797 2214 993 2274 praeter
1018 2218 1141 2257 eum
1170 2200 1260 2269 qui
1285 2215 1408 2253 vere
1437 2208 1810 2267 est,perquam
1838 2194 2030 2249 stoiide

442 2298 697 2351 inducere
735 2296 1041 2363 cupientes.
1074 2292 1245 2345 [labet
1286 2289 1427 2342 enim
1459 2288 1560 2340 hoc
1588 2285 1846 2339 familiare
1886 2285 2031 2340 Scri-

440 2398 614 2459 ptura,
642 2395 700 2439 ut
724 2384 888 2439 deum
910 2398 1017 2437 non
1042 2396 1109 2435 ex
1138 2380 1301 2449 ipsius
1324 2376 1597 2446 dignitate,
1625 2377 1717 2430 sed
1748 2392 1811 2430 ex
1842 2391 2029 2430 eorum

441 2480 531 2548 qui
580 2478 747 2547 ipsius
785 2474 1011 2545 imperio
1053 2472 1283 2526 subsunt
1324 2469 1685 2522 imbecillitate
1716 2476 2025 2536 nuttcupet:

442 2581 500 2637 ut
570 2584 693 2624 cum
763 2580 1067 2621 mamonam
1132 2562 1406 2617 dominum
1462 2560 1629 2623 dicit,
1678 2569 1733 2614 et
1785 2570 2031 2614 ventrem

442 2664 625 2716 deum.
656 2654 839 2729 Neque
867 2657 1009 2712 enim
1041 2666 1323 2725 propterea
1365 2661 1459 2706 aut
1502 2662 1689 2706 venter
1732 2650 1863 2704 deus
1906 2660 2027 2716 est,

442 2767 534 2811 aut
562 2768 808 2810 mamona
846 2750 1119 2812 dominus,
1146 2748 1241 2802 sed
1290 2760 1475 2802 eorum
1523 2746 1761 2811 demum,
1793 2744 1881 2813 qui
1910 2757 2031 2797 sese

444 2850 572 2916 ipsis
603 2844 948 2914 subjecerint.
980 2843 1183 2896 Atvero
1213 2853 1311 2893 nos
1363 2833 1492 2892 illud
1531 2837 1761 2891 dicimus
1780 2877 1795 2901 ,
1827 2850 1931 2889 non
1960 2833 2030 2889 de

444 2938 657 2992 diabolo
683 2934 901 3006 quidem
935 2932 1049 2987 hzec
1092 2931 1254 2986 verba
1284 2929 1461 2983 habita
1491 2943 1612 2985 esse
1631 2971 1644 2993 ,
1675 2927 1770 2982 sed
1810 2927 1878 2982 de
1909 2926 2029 2981 uni-

450 3042 724 3084 versorum
770 3026 920 3091 Deo;
970 3026 1154 3094 sicque
1198 3024 1479 3094 legendmn
1528 3037 1682 3085 esse,
1735 3021 2032 3089 ln/idelium

449 3118 604 3190 hujus
630 3116 813 3171 swculi
858 3124 1051 3169 mentes
1092 3112 1233 3167 Deus
1273 3113 1558 3167 excecavit.
1609 3110 1739 3165 Nam
1794 3111 2029 3167 futurum

450 3225 624 3264 azvnm
652 3205 901 3263 inﬁdeles
940 3222 1045 3260 non
1088 3204 1393 3259 habiturum
1438 3214 1553 3269 est,
1597 3204 1689 3258 sed
1732 3204 1834 3257 hoc
1870 3204 2029 3259 dum-

450 3316 614 3357 taxat.
664 3303 724 3361 Si
758 3311 885 3354 vero
926 3298 1049 3368 quis
1076 3296 1234 3351 aliter
1262 3296 1436 3367 legat,
1480 3311 1674 3365 nempe
1716 3294 1850 3349 Deus
1878 3296 2033 3365 hujus

448 3392 652 3463 seaculi,
675 3405 745 3464 ne
776 3390 902 3449 hinc
933 3390 1148 3460 quidem
1190 3390 1296 3444 ulla
1324 3389 1606 3443 calumnia:
1641 3403 1770 3441 ansa
1803 3387 2032 3455 porrigi-

457 3497 548 3541 tur
575 3503 591 3541 :
621 3499 793 3555 neque
819 3483 962 3538 enim
989 3481 1115 3535 hinc
1139 3480 1469 3543 ostenditur,
1497 3495 1618 3534 eum
1648 3478 1805 3546 lmjus
1832 3486 2033 3531 tantum

448 3556 635 3633 εἶξαιιί
678 3574 849 3631 Deum
888 3589 1034 3652 esse.
1078 3570 1211 3627 Nam
1254 3582 1309 3626 et
1353 3570 1491 3625 Deus
1527 3570 1641 3625 eauti
1675 3570 1900 3634 dicitur;
1935 3584 2034 3625 nec

452 3680 632 3723 tamen
682 3665 798 3721 czeli
833 3674 1037 3719 tantum
1083 3664 1226 3718 Deus
1263 3672 1388 3717 est:
1433 3672 1523 3726 et,
1570 3662 1713 3715 Deus
1757 3661 2035 3731 praesentis

446 3760 590 3825 diei,
626 3757 896 3821 dicimus;
943 3771 1041 3811 nec
1081 3765 1257 3809 tamen
1303 3755 1415 3809 ha'c
1458 3755 1529 3807 ita
1569 3752 1835 3821 dicimus,
1881 3753 2035 3823 quasi

451 3852 621 3920 ipsius
654 3849 948 3919 imperium
998 3848 1154 3903 unius
1189 3846 1291 3901 diei
1335 3845 1593 3917 angustiis
1628 3847 2032 3901 circumscribe.

451 3959 589 3997 mos.
642 3941 779 4010 Quin
823 3942 962 3996 Deus
1001 3954 1213 4009 quoque
1253 3938 1485 3992 Abrahae
1519 3937 1749 4003 dicitur,
1793 3948 1848 3991 et
1896 3937 2036 3993 Deus

454 4038 621 4100 lsaac,
648 4046 703 4092 et
731 4035 875 4089 Deus
898 4032 1099 4095 Jacob;
1128 4046 1249 4084 cum
1279 4039 1455 4083 tamen
1482 4043 1586 4083 non
1617 4044 1802 4083 eorum
1830 4037 2035 4083 tantum

454 4130 524 4183 sit
552 4130 711 4182 Deus.
745 4130 820 4179 Ac
846 4124 1101 4193 pleraque
1130 4124 1291 4177 etiam
1320 4121 1421 4175 alia
1455 4120 1757 4190 hujusmodi
1797 4121 2040 4175 testimo-
2074 4127 2078 4130 ’

445 4221 539 4273 nia
590 4219 641 4271 in
686 4215 977 4285 Scripturis
1022 4214 1247 4269 inveniri
1297 4224 1539 4283 possunt.
1587 4213 1827 4279 Quonam
1876 4227 2038 4283 porro

452 4311 613 4367 modo
640 4309 965 4367 excaecavit?
1007 4308 1122 4362 Non
1149 4322 1279 4362 sane
1304 4308 1444 4375 quod
1484 4307 1535 4360 in
1586 4307 1685 4361 hoc
1724 4306 1829 4360 ulla
1873 4307 2038 4375 ipsius
2098 4352 2110 4371 ,

446 4403 592 4456 actio
614 4400 804 4465 fuerit,
830 4400 993 4463 absit,
1011 4398 1105 4452 sed
1131 4399 1252 4466 quia
1278 4397 1328 4449 id
1358 4411 1543 4463 passus
1564 4406 1645 4450 est
1671 4411 1733 4449 ac
1760 4397 2032 4465 permisit:

458 4510 579 4549 nam
604 4494 898 4558 Scriptura
926 4504 1045 4546 mos
1074 4501 1155 4542 est
1182 4490 1254 4542 ita
1283 4488 1427 4556 loqui
1452 4528 1465 4547 ,
1496 4497 1550 4539 ut
1576 4502 1696 4541 cum
1725 4487 1819 4550 ait,
1852 4486 2038 4540 Tradi-

451 4587 525 4639 dit
550 4601 635 4638 eos
664 4582 803 4637 Deus
839 4582 893 4635 in
921 4579 1189 4651 reprobum
1217 4595 1415 4632 sensum
1446 4577 1465 4647 (
1488 4576 1636 4630 Rom.
1668 4577 1713 4630 l.
1745 4575 1867 4647 28).
1898 4576 2040 4644 Quo-

451 4680 595 4732 niam
622 4675 766 4731 enim
796 4671 869 4727 illi
898 4673 1041 4742 prius
1065 4670 1221 4725 ﬁdem
1245 4671 1588 4737 ahrogarunt,
1608 4681 1771 4735 seque
1796 4668 2042 4737 indignos

455 4768 803 4824 reddiderunt
847 4765 936 4834 qui
976 4762 1229 4833 mysteria
1274 4760 1551 4821 viderent,
1594 4760 1714 4812 illos
1746 4759 1857 4827 ipse
1884 4758 2042 4812 dere-

457 4864 629 4931 liquit.
653 4857 793 4929 Quid
818 4859 961 4914 enim
990 4856 1077 4911 hic
1098 4852 1407 4909 faciendum
1436 4853 1587 4907 erat?
1607 4868 1673 4907 an
1704 4854 1898 4907 invitos
1929 4866 2040 4906 tra-

465 4959 614 5018 here,
640 4964 845 5018 suaque
872 4960 1066 5002 arcana
1096 4946 1160 4999 iis
1178 4985 1195 5010 ,
1224 4944 1313 5014 qui
1340 4958 1402 4997 ea
1427 4958 1652 4997 cernere
1688 4942 2038 5007 recusabant,

458 5042 706 5115 aperire?
733 5042 802 5095 At
830 5039 998 5105 magis
1013 5036 1465 5102 contempsissent
1493 5033 1591 5096 illi,
1613 5048 1713 5088 nec
1737 5033 1919 5087 videre
1949 5048 2043 5086 vo-

460 5139 724 5195 luissent:
766 5131 905 5186 unde
931 5128 1090 5183 etiam
1132 5140 1255 5180 mox
1286 5126 1585 5191 subiunxit,
1621 5125 1687 5180 Ut
1722 5142 1821 5180 non
1849 5128 2042 5194 fulgeat

454 5235 530 5287 eis
559 5227 866 5284 illuuiuotio
896 5220 1139 5291 evangelii
1164 5220 1341 5288 gloriae
1366 5219 1585 5281 Christi;
1614 5233 1718 5273 non
1746 5218 1812 5273 ad
1841 5216 1959 5281 hoc,
1988 5227 2045 5271 ιιι

468 5325 578 5377 Deo
604 5336 709 5376 nou
754 5314 1010 5375 credant,
1040 5310 1135 5365 sed
1167 5320 1222 5363 ut
1261 5324 1381 5378 qua:
1407 5310 1512 5362 sint
1544 5310 1749 5363 interna
1790 5308 2042 5379 mysteria

461 5411 695 5467 inﬁdelis
736 5423 888 5463 meus
934 5403 1155 5459 minime
1198 5400 1525 5472 perspiciat:
1557 5398 1701 5467 quod
1744 5400 1905 5453 etiam
1952 5398 2044 5452 ille

466 5502 623 5557 nobis
646 5498 935 5568 prmeepit,‘
966 5505 1023 5550 ut
1053 5511 1119 5551 ne
1156 5490 1471 5561 margaritas
1498 5498 1621 5542 ante
1650 5505 1847 5559 porcos
1873 5488 2042 5557 conji-

463 5600 667 5652 eiamus
715 5588 943 5663 (Matth.
988 5592 1041 5647 7.
1086 5590 1119 5645 6
1147 5591 1188 5659 ).
1223 5586 1433 5643 Etenim
1463 5584 1507 5637 si
1535 5598 1595 5637 ea
1630 5583 1926 5638 inﬁdelibus
1951 5581 2045 5636 de-

466 5687 701 5753 texisset,
736 5698 923 5740 corum
947 5678 1169 5737 morbus
1200 5679 1367 5747 magis
1396 5674 1769 5731 incrudnisset.
1823 5672 1954 5726 Nam
1999 5674 2043 5726 si

462 5781 581 5851 quis
600 5778 773 5834 oculis
797 5776 1128 5835 laborantem
1148 5779 1300 5838 cogat
1320 5768 1523 5821 solzues
1550 5765 1725 5817 radios
1754 5764 2038 5831 respicere,

1182 363 1238 420 8.
1279 362 1556 418 JOXNNSS
1590 360 2068 417 CllliYSOSTOMI
2109 358 2424 415 ARClllEl‘.
2468 358 3002 417 CONSTANTINOP.

3632 363 3732 422 ιες

2146 476 2290 531 illius
2328 477 2694 532 inﬁrmitatem
2738 480 2909 550 magis
2934 488 3112 549 auget.
3156 478 3280 533 ideo
3319 477 3510 535 medici
3538 493 3634 535 cos
3682 496 3738 529 ιιι

2143 566 2384 622 tenebris
2400 566 2620 622 abditos
2645 576 2864 635 tenent,
2888 585 2958 624 ne
2983 569 3205 624 morbus
3237 570 3591 640 iugraveseat.
3645 567 3736 623 Sic

2140 674 2270 730 ergo
2298 659 2386 715 hic
2419 660 2583 715 etiam
2625 660 3032 730 intelligendum
3056 669 3177 727 est,
3214 676 3413 731 nempe
3451 662 3595 732 quod
3646 661 3737 716 isti

2145 752 2275 807 vitio
2316 766 2416 807 suo
2445 749 2710 807 increduli
2748 752 3093 807 exstiterunt.
3125 750 3389 808 lnereduli
3427 763 3606 807 autem
3658 752 3736 806 ei.

2140 842 2285 906 lecti,
2304 842 2571 912 evangelii
2592 856 2790 897 arcana
2815 841 3038 896 minime
3056 842 3166 910 jam
3188 852 3595 913 perspexerant,
3615 842 3729 897 Deo

2140 933 2392 987 nimirum
2432 932 2613 988 radios
2651 947 2781 987 suos
2816 930 2922 987 illis
2967 931 3224 1001 deinceps
3269 934 3621 988 subducente.
3668 932 3726 988 Id

2140 1022 2281 1091 quod
2310 1024 2473 1078 etiam
2500 1023 2781 1095 discipulis
2806 1024 3019 1079 dicebat
3036 1066 3052 1091 ,
3085 1023 3365 1095 Propterea
3389 1026 3442 1079 in
3469 1025 3726 1095 parabolis

2140 1112 2321 1181 loquor
2356 1114 2480 1182 ipsis
2498 1154 2515 1181 ,
2540 1116 2662 1185 quia
2690 1115 2953 1169 audientes
2982 1130 3083 1168 non
3118 1114 3335 1168 audiunt
3364 1115 3592 1186 (lauit.
3630 1117 3719 1170 15.

2141 1201 2263 1273 15).
2307 1200 2505 1256 Verum
2533 1211 2592 1257 ut
2629 1203 2773 1272 quod
2812 1204 2934 1258 dico
2969 1203 3221 1274 exemplo
3259 1203 3549 1259 dilucidius
3589 1204 3721 1271 ﬁat,

2139 1291 2280 1362 ﬁnge
2307 1292 2564 1361 gentilem
2594 1308 2716 1348 esse
2742 1294 3027 1363 quemdam
3054 1336 3071 1362 ,
3113 1295 3204 1365 qui
3246 1310 3335 1351 res
3371 1305 3583 1351 nostras
3624 1312 3723 1364 pro

2138 1384 2332 1439 fabulis
2369 1384 2563 1438 haheat
2588 1403 2601 1437 :
2631 1385 2717 1439 hic
2745 1386 2906 1455 igitur
2926 1386 3119 1456 plusne
3147 1402 3211 1442 es
3236 1402 3304 1442 eo
3324 1388 3597 1443 commodi
3630 1403 3721 1443 ca-

2138 1476 2269 1546 piet,
2283 1478 2328 1529 si
2352 1476 2624 1543 ingressus
2637 1474 2799 1531 fuerit
2824 1492 2887 1531 ac
2912 1480 3163 1548 mysteria
3178 1480 3540 1549 conspexerit,
3560 1495 3718 1549 quam

2135 1567 2181 1621 si
2212 1566 2344 1620 foris
2370 1566 2617 1620 maneat?
2648 1564 2782 1620 Ideo
2804 1567 2875 1620 ait
2905 1586 2919 1621 :
2961 1565 3027 1622 Ut
3052 1585 3153 1622 non
3174 1569 3374 1640 {ulgeal
3396 1568 3502 1623 illis
3528 1570 3722 1625 illumi-

2136 1658 2276 1711 natio
2291 1671 2312 1720 ;
2344 1658 2397 1710 in
2426 1656 2587 1711 Musis
2611 1655 2863 1712 videlicet
2878 1657 3107 1714 historia
3132 1660 3307 1716 adhuc
3332 1662 3562 1717 luerens.
3582 1662 3718 1718 Nam

2134 1747 2276 1818 quod
2296 1748 2438 1803 illius
2454 1757 2610 1802 aetate
2626 1746 2827 1802 Juda2is
2839 1748 3053 1813 accidit,
3072 1750 3172 1805 hoc
3192 1753 3450 1823 evangelii
3478 1763 3720 1823 tempore

2136 1841 2390 1897 erunibus
2427 1839 2737 1896 inﬁdelibus
2766 1855 2863 1896 usu
2892 1842 3061 1896 venit.
3106 1842 3372 1909 Quidnam
3406 1855 3584 1901 autent
3610 1848 3715 1911 sit,

2133 1932 2275 2000 quod
2311 1931 2387 1986 ait
2424 1941 2671 2001 opertum
2706 1931 2814 1985 illis
2840 1931 3005 1986 fuisse
3028 1946 3092 1986 ac
3124 1934 3342 1991 minime
3364 1935 3714 2005 declaratum,

2133 2024 2255 2078 audi
2299 2023 2427 2094 quid
2469 2024 2590 2093 ipse
2631 2023 2814 2078 dicat:
2859 2020 2928 2079 Ut
2968 2040 3069 2077 non
3094 2024 3287 2094 fulgeat
3315 2027 3387 2079 eis
3412 2022 3717 2083 illuminatio

2132 2117 2378 2186 evangelii
2421 2115 2599 2187 gloria
2644 2113 2864 2181 Christi,
2906 2115 2994 2185 qui
3029 2126 3103 2169 est
3141 2116 3309 2187 imago
3351 2116 3467 2171 Dei.
3513 2118 3720 2187 Nempe

2133 2205 2274 2274 quod
2304 2208 2450 2262 orbis
2476 2206 2621 2262 salus
2650 2222 2782 2261 crux
2820 2213 2908 2261 est
2944 2207 3216 2276 ipsiusque
3243 2208 3414 2277 gloria
3439 2249 3455 2273 ,
3486 2210 3626 2280 quod
3670 2214 3717 2268 is

2133 2298 2224 2366 qui
2252 2297 2539 2352 cruciﬁxus
2564 2306 2652 2353 est
2674 2313 2800 2353 cum
2830 2298 3000 2351 multo
3023 2297 3310 2365 splendore
3334 2310 3585 2356 venturus
3612 2305 3714 2363 sit:

2132 2396 2293 2457 atque
2317 2387 2420 2441 alia
2449 2389 2627 2442 omnia
2645 2430 2659 2451 ,
2693 2398 2799 2442 tam
2827 2389 3147 2460 prasentia,
3172 2403 3330 2457 quam
3359 2389 3561 2456 futura,
3608 2402 3715 2447 tam

2134 2479 2187 2531 in
2213 2490 2487 2548 aspectum
2515 2480 2760 2535 cadentia
2777 2521 2793 2545 ,
2823 2495 2982 2550 quam
3007 2480 3219 2534 occulta
3244 2490 3298 2535 et
3323 2480 3603 2537 inell‘ahilis
3630 2499 3718 2537 re-

2134 2585 2252 2623 rum
2278 2585 2397 2639 qua:
2425 2580 2807 2639 exspectantur
2834 2570 3115 2626 adventus.
3148 2568 3301 2625 Unde
3323 2570 3481 2624 etiam
3507 2576 3715 2639 αὐγάσαι

2133 2661 2302 2727 dixit,
2347 2660 2449 2715 hoc
2486 2672 2570 2717 est
2612 2662 2907 2729 irradiare,
2954 2679 3022 2719 ne
3062 2672 3115 2717 tu
3159 2672 3326 2717 totum
3372 2664 3424 2716 in
3469 2664 3567 2719 hac
3608 2667 3715 2721 vita

2133 2768 2363 2824 qureras.
2394 2754 2486 2807 Est
2510 2754 2652 2808 enim
2683 2755 2829 2809 velut
2866 2756 3047 2810 radius
3079 2755 3343 2825 quispiam
3366 2752 3597 2823 Spiritus
3616 2797 3630 2813 .
3661 2757 3715 2811 id

2133 2846 2275 2917 quod
2307 2861 2447 2901 nunc
2470 2846 2651 2900 datur.
2699 2846 2757 2901 ld
2781 2848 2927 2917 quod
2969 2848 3130 2903 etiam
3169 2846 3413 2917 superius
3440 2845 3715 2912 indicans,

2135 2937 2315 2993 odoris
2340 2952 2403 2991 ac
2428 2951 2639 2991 rursum
2670 2936 2906 3007 pignoris
2934 2939 3193 2993 vocabqu
3221 2954 3348 2993 usus
3384 2946 3500 3002 est,
3537 2937 3719 2993 deela-

2136 3045 2259 3083 raus
2303 3028 2471 3082 multo
2520 3026 2776 3094 majorem
2805 3037 3007 3096 partem
3037 3030 3089 3082 in
3142 3030 3318 3085 futuro
3370 3045 3483 3084 asvo
3526 3044 3720 3098 exsjreo

2135 3118 2387 3175 ctandam
2429 3133 2571 3172 esse.
2594 3117 2703 3173 Sed
2751 3125 2927 3172 tamen
2977 3118 3091 3172 huc
3136 3120 3312 3174 omnia
3368 3121 3497 3192 ipsis
3536 3123 3718 3174 occul-

2137 3219 2244 3265 tata
2294 3218 2452 3275 sunt,
2480 3218 2535 3264 et
2574 3209 2645 3262 ob
2692 3208 2744 3262 id
2791 3208 3078 3271 occultata,
3104 3211 3228 3277 quia
3257 3212 3402 3279 prius
3428 3212 3525 3279 ipsi
3556 3212 3717 3265 ﬁdem

2138 3302 2251 3356 Deo
2275 3301 2621 3369 ahrogarunt.
2648 3300 2861 3359 Postea.
2890 3307 2946 3352 ut
2967 3298 3236 3363 ostendat,
3257 3316 3361 3353 non
3384 3302 3575 3355 Christi
3604 3318 3720 3355 mo-

2137 3390 2228 3457 do,
2259 3390 2352 3444 sed
2382 3392 2546 3445 etiam
2572 3391 2746 3445 Patris
2772 3389 2996 3458 gloriam
3028 3389 3092 3442 iis
3120 3389 3437 3458 incognitam
3462 3404 3600 3455 esse,
3626 3394 3719 3460 qui

2138 3498 2256 3536 eam
2289 3498 2394 3535 non
2424 3481 2696 3545 viderunt,
2734 3481 2958 3549 adjecit,
3003 3480 3103 3544 Qui
3127 3490 3197 3533 est
3222 3482 3388 3551 imago
3420 3480 3531 3534 Dei.
3578 3481 3720 3538 Cave

2138 3573 2277 3627 enim
2320 3574 2372 3626 itt
2416 3571 2632 3626 Christo
2676 3572 2792 3625 solo
2838 3572 3120 3625 consistas.
3175 3569 3244 3627 Ut
3282 3573 3426 3626 cnim
3462 3586 3553 3641 per
3594 3589 3720 3628 eunt

2140 3664 2350 3719 Patrem
2376 3664 2574 3725 cernis,
2603 3663 2696 3727 ita,
2724 3664 2769 3716 si
2799 3662 2965 3731 ipsius
2993 3662 3214 3732 gloriam
3244 3663 3455 3732 ignores
3474 3703 3489 3727 ,
3520 3678 3585 3717 ne
3620 3664 3723 3718 Pa-

2139 3756 2235 3810 tris
2264 3754 2474 3824 quidem
2500 3755 2723 3825 gloriam
2751 3755 3018 3821 cognitam
3048 3753 3289 3809 habebis.
3326 3756 3383 3810 5.
3426 3753 3546 3808 Non
3588 3758 3723 3811 enim

2139 3862 2229 3899 nos
2254 3846 2393 3916 ipsos
2420 3845 2758 3914 prwdicamus
2776 3885 2792 3909 ,
2822 3844 2910 3897 sed
2948 3841 3203 3897 Christum
3232 3842 3411 3897 Iesum
3441 3843 3723 3899 Dominus

2140 3950 2389 4001 uostrmn,
2418 3954 2508 3991 uos
2536 3946 2702 3989 autem
2728 3952 2899 3989 servos
2926 3947 3115 3989 uestros
3142 3953 3231 4005 per
3252 3934 3450 3989 Iesum.

2212 4029 2266 4082 5.
2307 4030 2534 4095 Quinam
2567 4027 2653 4081 hic
2681 4028 2948 4085 sermonis
2977 4036 3131 4080 tenor
3159 4027 3280 4078 est?
3315 4027 3439 4095 quid
3474 4030 3573 4080 hoc
3600 4046 3723 4086 cum

2142 4120 2208 4173 iis
2231 4160 2246 4185 ,
2277 4134 2397 4186 qua:
2425 4127 2549 4171 ante
2580 4118 2719 4170 dicta
2753 4126 2910 4180 sunt,
2952 4132 3237 4171 commune
3268 4118 3465 4172 habet?
3506 4119 3599 4173 Vel
3630 4138 3723 4177 eos

2144 4218 2294 4262 notat
2350 4219 2407 4262 ut
2459 4207 2775 4261 insolentius
2819 4220 2941 4260 sese
2990 4206 3297 4271 efferentes,
3346 4217 3399 4262 et
3449 4208 3724 4279 discipulis

2143 4301 2369 4356 suadere
2420 4299 2714 4367 cupientes,
2747 4306 2804 4351 ut
2850 4298 2917 4352 ab
2946 4312 3132 4351 eorum
3162 4299 3463 4353 nominibus
3492 4301 3589 4354 sibi
3624 4320 3755 4357 ιιοε

2144 4408 2266 4449 ιιιειι
2308 4393 2615 4461 imponant,
2644 4390 2783 4444 sicut
2825 4390 2875 4443 in
2908 4391 3189 4459 superiore
3214 4391 3438 4460 epistola
3471 4392 3683 4448 dicebat
3708 4438 3726 4459 ,

2144 4485 2257 4557 Ego
2286 4501 2397 4538 sunt
2431 4482 2605 4545 Pauli,
2638 4498 2730 4553 ego
2755 4493 2922 4535 autem
2953 4481 3131 4551 Apelle
3162 4482 3245 4551 (1.
3270 4481 3391 4536 Cor.
3415 4484 3469 4537 5.
3494 4484 3550 4552 4)
3577 4502 3590 4537 :
3632 4499 3723 4539 aut

2142 4577 2283 4631 aliud
2311 4575 2562 4645 quiddam
2593 4574 2966 4644 gravissimum
2999 4572 3280 4641 signiﬁcat.
3299 4572 3560 4638 Quidnam
3589 4575 3726 4630 hoc!

2143 4669 2404 4733 Quoniam
2445 4668 2764 4721 acerrimum
2802 4666 2852 4717 in
2895 4664 3037 4731 ipsos
3077 4664 3271 4717 bellum
3324 4666 3399 4719 illi
3429 4668 3726 4737 gerebant,

2145 4770 2307 4829 atque
2339 4759 2557 4813 insidias
2585 4757 2819 4827 undique
2849 4755 2979 4824 ipsis
3006 4754 3304 4809 struebant.
3349 4755 3506 4822 Num,
3534 4758 3725 4827 inquit,

2146 4853 2429 4907 adversum
2461 4868 2559 4907 nos
2589 4851 2836 4922 pugnatis
2855 4891 2870 4917 ,
2902 4865 2966 4903 ac
2996 4864 3101 4903 non
3131 4848 3389 4903 adversus
3416 4866 3539 4904 eum
3565 4853 3654 4919 qui
3704 4865 3740 4903 ιι

2149 4944 2301 4998 nobis
2326 4943 2677 5011 prmdicatur‘l
2696 4957 2869 5011 neque
2896 4942 3039 4994 enim
3064 4940 3309 5009 nosipsos
3340 4940 3689 5006 pradicamus
3715 4961 3732 4993 :

2148 5053 2247 5107 ego
2278 5050 2468 5090 servos
2496 5050 2614 5088 sum
2640 5076 2656 5099 ,
2703 5049 2803 5104 ego
2832 5049 3018 5089 eorum
3048 5031 3138 5102 qui
3166 5030 3598 5103 medicationem
3628 5049 3731 5087 ex-

2147 5129 2350 5197 cipiunt
2377 5126 2640 5189 minister,
2659 5139 2877 5195 operam
2902 5137 3117 5177 onmem
3142 5123 3293 5177 alteri
3325 5136 3544 5189 navans,
3566 5132 3738 5194 atquo

2150 5218 2315 5285 ipsius
2345 5216 2528 5284 gloria:
2556 5229 2714 5266 causa
2741 5211 2951 5282 quidvis
2972 5211 3191 5266 faciens.
3219 5212 3418 5281 Itaque,
3440 5210 3567 5265 dum
3599 5215 3738 5269 mihi

2152 5307 2347 5359 bellum
2399 5304 2593 5369 infers,
2643 5319 2703 5357 ea
2749 5318 2867 5371 qua:
2900 5302 3043 5355 illius
3071 5311 3197 5357 sunt
3238 5302 3449 5371 oojieis.
3499 5300 3737 5359 Tantum

2151 5398 2292 5451 enim
2321 5397 2490 5461 abest,
2519 5405 2571 5448 ut
2605 5410 2672 5448 ex
2701 5392 3010 5461 evangelieo
3034 5406 3260 5449 munere
3283 5391 3568 5463 quidquam
3599 5394 3738 5449 mihi

2150 5502 2395 5557 arrogem
2420 5529 2435 5553 ,
2466 5496 2525 5539 ut
2554 5501 2621 5539 ne
2649 5498 2841 5539 servus
2884 5483 3099 5553 quidem
3140 5494 3320 5539 vester
3346 5496 3470 5538 esse
3513 5493 3741 5552 propter

2150 5579 2423 5634 Christum
2450 5584 2799 5632 recusaturus
2822 5576 2944 5639 situ,
2972 5572 3404 5645 quandoquidem
3432 5571 3531 5641 ipsi
3560 5572 3743 5629 visus.

2153 5678 2235 5723 est
2280 5678 2427 5723 tanto
2458 5668 2511 5721 in
2541 5665 2713 5736 pretio
2745 5679 2840 5718 vos
2869 5663 3103 5730 habere,
3132 5673 3387 5732 tantoque
3424 5676 3608 5717 sutore
3636 5677 3740 5719 vos

2150 5760 2475 5828 complecti,
2525 5773 2588 5813 ac
2634 5756 2819 5811 salutis
2852 5766 3044 5812 vestra:
3090 5769 3252 5812 causa
3293 5754 3503 5826 quidvis
3548 5768 3733 5824 agere,
