2011 3129
77 221 131 252 ιὸτ

76 279 155 308 Unde
176 278 259 308 etiam
281 278 337 314 ait,
361 277 419 308 Nos
435 283 626 309 Μαιλίου-νο·
647 283 743 307 vestros
764 282 869 314 propter

73 323 216 354 Christum.
228 324 325 354 VIden‘
337 325 458 354 animum
471 324 508 354 ab
519 325 594 354 omni
606 324 699 361 gloriae
709 323 803 357 studio
815 331 869 360 pn-

73 371 154 399 rumt
172 369 289 399 Tantum
304 371 392 405 abest,
406 371 504 407 inquit,
517 374 548 399 ut
561 377 654 399 eorum
664 390 673 403 ,
687 375 749 405 qua
761 369 867 398 Dotnini

70 421 137 450 sunt
146 436 155 450 ,
167 416 313 453 quidquam
329 424 504 453 usurpemns,
518 420 547 444 ut
560 416 641 444 etiam
655 415 779 451 nosipttos
792 414 868 446 vobis

23 466 26 468 '
73 466 184 498 propter
198 469 260 490 eunt
275 462 461 498 snbjiciantus.
472 462 499 491 6.
513 461 641 495 Quoniam
654 460 736 494 Deus,
747 461 791 497 qui
802 460 868 488 dixit

70 509 105 535 de
115 507 225 535 tenebris
237 508 323 536 lumen
338 507 523 543 splendescere,
538 508 595 543 ipse
607 507 695 535 illusit
708 507 735 534 in
748 507 867 535 cordibus

70 556 171 584 castris.
197 556 237 584 En
257 556 393 593 quomodo
404 562 498 584 rursus
510 556 563 590 iis,
586 555 633 592 qui
653 555 778 584 eximiam
792 556 866 584 illam

68 602 202 637 gloriam,
216 602 299 631 Hosis
311 602 453 635 videlicet,
467 601 560 630 videre
572 602 733 637 cupiebant,
749 602 867 631 ostendit

69 648 151 676 etiam
165 656 227 676 cum
241 648 425 676 additamenta
438 647 583 684 fulgentem
595 648 603 676 l
624 647 701 677 Sicut
717 648 744 676 in
763 649 865 677 vultum

68 694 162 727 Musis,
178 694 327 733 inquit,_ita
340 695 366 722 in
379 694 461 722 corda
476 699 564 722 vestra
580 694 692 723 elfulsit.
708 694 743 723 Et
757 694 864 730 quidem

69 741 145 775 prius
160 748 193 768 ea
205 761 212 773 ,
229 748 289 776 quae
312 741 348 768 in.
361 748 451 769 rerum
465 741 634 769 conditarum
658 741 735 769 initio
749 742 864 770 exstite-

68 790 150 818 runt,
179 786 206 813 in
233 786 389 813 memoriam
414 791 544 820 revocat,
571 786 657 815 lucem
685 787 813 815 nimirum
836 787 863 814 in

66 839 178 860 sensum
192 831 333 860 cadentem
366 837 394 860 et
413 833 556 867 tenebras;
577 833 724 862 ostendens
737 833 790 862 hoc
802 834 864 869 opi-

68 877 158 910 licium
187 877 234 905 illo
254 878 426 913 pmstantius
440 886 512 916 esse.
533 878 635 907 Verum
657 879 765 907 ubinam
779 879 861 913 dixit,

66 923 108 951 De
133 923 240 951 tenebris
267 924 347 950 lucem
375 924 578 960 splendescere?
604 926 632 953 ln
668 925 801 961 principio
831 932 863 952 ac

66 977 158 997 rerum
169 969 337 997 conditarum
353 970 505 1005 primordiis
517 980 523 998 :
537 971 655 998 Tenebris:
667 971 749 1004 enim,
765 971 860 1007 inquit,

65 1020 140 1042 erant
154 1023 233 1043 suam
246 1016 338 1051 facient
353 1016 447 1051 abyssi.
465 1016 498 1043 Et
510 1016 578 1044 dixit
594 1017 674 1050 Deus,
689 1016 754 1044 Fiat
762 1017 823 1048 lux,
839 1021 862 1044 et

64 1062 135 1095 facta
143 1066 179 1088 est
189 1061 234 1088 lu
242 1061 320 1096 (Gen.
331 1062 355 1088 i.
367 1061 395 1088 2.
406 1062 443 1097 5).
453 1062 504 1089 Sed
516 1067 578 1089 tunc
587 1063 694 1097 quidem
703 1062 780 1095 dixit,
787 1061 860 1096 Fiat,

63 1111 104 1139 et,
118 1105 226 1134 Factum
240 1112 294 1138 est;
311 1115 381 1135 nunc
395 1112 484 1135 autent
499 1116 551 1136 non
567 1109 643 1139 dixit.
655 1108 701 1136 sed
715 1109 771 1144 ipse
783 1109 862 1137 nobis

64 1152 111 1180 lux
123 1152 209 1181 factus
216 1158 268 1181 est.
278 1154 408 1187 Quocirca
419 1162 467 1181 nec
480 1162 524 1181 res
533 1155 646 1182 sensilcs
657 1155 708 1184 hac
716 1155 775 1184 luce
783 1155 861 1184 allui-

62 1204 144 1234 gentc
156 1200 299 1233 intuemur,
312 1201 358 1230 sed
372 1202 453 1228 Deum
466 1203 550 1237 ipsum
562 1210 608 1236 per
618 1202 861 1231 Christum.Vides-

62 1254 99 1273 ne
113 1253 167 1281 quo
183 1247 258 1280 potito
271 1247 337 1274 nihil
354 1247 379 1274 in
394 1247 526 1275 'l‘rinitnte
539 1248 571 1274 sit
584 1247 817 1276 diversum‘lNam
825 1248 861 1277 de

60 1291 164 1325 Spiritu
180 1292 262 1324 dicit,
280 1292 337 1320 Nos
351 1298 436 1320 autem
449 1301 537 1321 omnes
550 1293 660 1321 revelata
673 1294 739 1329 facie
750 1294 860 1329 gloriam

61 1336 169 1363 Domini
184 1339 353 1372 speculantes,
367 1339 394 1364 in
408 1338 523 1365 uiridem
536 1338 674 1373 imaginem
687 1341 859 1375 transforma-

60 1391 122 1409 mur
135 1390 151 1408 tt
172 1383 254 1418 gloria
268 1383 294 1409 in
308 1383 418 1418 gloriam
428 1404 437 1416 ,
452 1388 580 1418 tamquam
595 1392 612 1411 a
628 1383 738 1411 Domino
757 1384 859 1420 Spiritu

59 1427 107 1464 (ἓ.
122 1428 182 1455 Cor.
196 1428 223 1456 5.
239 1429 305 1464 £8);
320 1429 355 1456 de
371 1428 441 1456 Filio
451 1449 460 1462 ,
475 1428 509 1456 Ut
523 1437 575 1456 non
588 1430 685 1465 fulgeat
692 1429 748 1457 ‘illis
761 1431 860 1458 illumi-

60 1484 68 1500 ι
79 1475 133 1502 alio
147 1475 270 1510 euangelii
283 1475 374 1511 gloria
395 1475 491 1503 Christi
501 1496 509 1509 ,
523 1476 568 1510 qui
582 1480 618 1504 est
638 1477 722 1512 imago
737 1476 804 1511 Dei;
824 1478 858 1506 de

58 1519 141 1547 Patre
164 1520 289 1557 denique,
306 1520 356 1554 Qui
372 1521 435 1548 dicit
459 1521 492 1548 de
512 1521 619 1548 tenebris
646 1522 727 1549 lucem
741 1523 860 1558 splende-

56 1573 140 1598 scere,
155 1566 210 1601 ipse
223 1563 307 1594 illuxit
321 1566 347 1593 in
361 1558 481 1594 cordibus
495 1567 584 1594 uestris
596 1567 630 1594 ad
645 1567 858 1596 illuminationmt

56 1612 172 1639 scientia
187 1612 310 1641 claritatis
324 1612 372 1640 Dei
387 1613 413 1640 in
428 1614 495 1649 facie
509 1612 614 1642 Christi.
626 1614 856 1648 Quemadmodum

56 1658 132 1685 cuitu
146 1666 207 1686 cum
223 1659 344 1691 dixisset,
362 1659 496 1696 Evangelii
512 1661 602 1696 gloria
614 1660 720 1696 Christi,
731 1662 856 1698 subjecit,

58 1704 112 1736 Qui
130 1709 167 1731 est
186 1705 272 1741 imago
286 1703 346 1739 Dei,
362 1706 404 1733 bis
417 1707 505 1734 verbis
519 1706 641 1735 indicans
651 1715 698 1735 eos
709 1707 779 1735 illius
791 1716 858 1744 quo-

56 1757 112 1785 que
133 1749 217 1784 gloria
233 1750 343 1778 orbatos
355 1751 435 1778 esse:
458 1752 494 1779 ita
517 1759 578 1779 cum
593 1752 722 1786 dixisset,
738 1753 858 1782 Scientitc

56 1795 108 1822 Dei
121 1816 129 1828 ,
144 1795 260 1830 adjecit,
281 1794 315 1823 In
330 1796 399 1831 facie
411 1796 526 1829 Christi,
547 1801 577 1824 ut
595 1798 720 1825 ostendat
738 1806 788 1826 nos
810 1808 858 1834 per

56 1841 196 1869 Christum
210 1841 243 1868 ad
258 1841 345 1868 Patris
359 1841 537 1876 cognitionem
557 1844 712 1875 pervenire,
733 1848 761 1870 ut
775 1844 856 1872 etiam

58 1895 109 1921 per
124 1886 253 1922 Spiritum
271 1886 304 1913 ad
319 1893 380 1914 eum
397 1886 564 1914 adducimur.
589 1887 614 1914 7.
632 1887 760 1915 Habemus
773 1893 857 1916 autem

55 1934 137 1960 istum
151 1933 299 1961 thesaurum
314 1933 343 1970 in
361 1933 428 1960 vasis
449 1932 570 1967 ﬁctilibus
589 1941 599 1960 :
621 1938 649 1961 ut
661 1933 803 1962 sublimitas
824 1936 857 1963 sit

56 1980 161 2006 virtutis
181 1978 231 2006 Dei
240 2000 254 2013 ,ι
263 1984 285 2006 et
302 1987 353 2006 non
373 1987 405 2006 ea:
421 1978 503 2006 nobis.
525 1978 656 2012 Quoniam
670 1979 741 2007 enim
757 1979 790 2007 de
810 1988 855 2007 ar-

55 2033 125 2053 cana
145 2025 189 2061 illa
210 2025 297 2061 gloria
318 2026 400 2053 multa
424 2030 452 2053 et
470 2026 559 2061 ampla
579 2026 661 2053 verba
677 2025 798 2060 fecerat,
822 2035 857 2055 ne

55 2071 119 2105 quis
134 2071 255 2099 diceret:
277 2071 327 2105 Qui
342 2071 371 2098 fit
389 2071 478 2107 igitur,
493 2076 522 2099 ut
537 2076 636 2099 tantam
652 2072 766 2107 gloriam
787 2080 854 2100 eon-

55 2116 179 2151 sequuti,
195 2116 343 2144 in'morlali
356 2124 470 2152 corpore
489 2118 666 2145 maneamus?
685 2118 742 2145 Hoc
757 2119 854 2153 ipsum,

56 2162 157 2196 inquit,
179 2165 221 2189 est
239 2168 411 2196 summopere
435 2162 586 2189 mirandum
599 2182 606 2193 ,
628 2171 661 2190 ac
676 2164 855 2192 luculentissi-

55 2215 134 2235 ntum
163 2207 261 2234 divina:
290 2207 418 2243 potentia:
443 2213 652 2243 argumentum,
675 2209 746 2244 quod
774 2210 855 2239 fictile

54 2252 196 2280 vasculum
222 2257 324 2281 tantum
344 2253 514 2288 splendorem
531 2253 602 2281 ferre
622 2261 654 2280 ac
674 2259 775 2282 tantum
797 2256 856 2284 tlte-

54 2305 167 2325 saurum
178 2297 245 2325 tueri
254 2298 379 2332 potuerit.
389 2297 470 2334 Cujus
479 2299 558 2326 etiam
568 2298 606 2326 rei
613 2298 790 2337 admiratione
797 2300 854 2336 ipse

54 2347 211 2372 commotus
224 2343 328 2371 dicebat
342 2353 348 2370 :
373 2343 406 2376 Ut
429 2343 570 2373 sublimitas
583 2344 615 2371 sit
630 2344 729 2372 virtutis
745 2344 809 2380 Dei,
832 2352 855 2373 et

55 2398 108 2417 non
125 2398 157 2417 ea:
176 2390 247 2417 nobis
259 2398 269 2422 ;
287 2390 330 2418 his
342 2391 431 2417 verbis
443 2397 490 2418 eos
505 2397 598 2417 rursus
612 2389 796 2424 subindicans,
808 2392 854 2427 qui

56 2440 85 2467 in
101 2438 198 2472 seipsis
213 2438 406 2473 gloriabantur.
418 2438 484 2465 Nam
498 2441 525 2465 et
539 2437 671 2464 donorum
687 2438 853 2472 magnitudo,

54 2489 85 2513 et
99 2491 193 2512 eorum
208 2484 253 2519 qui
274 2484 317 2512 bis
336 2483 425 2512 all‘ecti
447 2488 510 2511 sunt
524 2483 711 2516 imbecillitas,
734 2484 786 2511 vim
808 2485 854 2513 Dei

57 2531 250 2558 demonstrant
262 2550 269 2562 ,
294 2537 347 2557 non
368 2529 449 2557 modo
463 2530 525 2565 quia
542 2536 637 2563 magna
660 2529 773 2564 largitus
792 2535 853 2564 est,

56 2575 106 2604 sed
120 2575 183 2610 quia
198 2575 289 2610 parvis
302 2580 329 2602 et
345 2575 480 2610 objectis:
502 2575 584 2603 ﬁctile
599 2575 697 2610 quippe
716 2575 782 2602 dixit
794 2596 802 2609 ,
826 2582 855 2604 ut

58 2624 185 2650 humanas
199 2626 302 2649 natura;
315 2620 486 2656 fragilitatem
513 2620 693 2657 signiﬁcaret,
712 2621 855 2657 carnisque

57 2672 160 2696 nostra;
185 2666 394 2694 imbecillitatem
419 2668 591 2702 conspicuam
614 2666 751 2694 redderet.
772 2666 853 2695 Testa

57 2721 179 2749 namque
192 2713 279 2741 nihilo
292 2713 388 2740 melius
402 2713 446 2740 illa
460 2721 490 2741 se
503 2713 601 2746 habet;
618 2713 686 2741 adeo
699 2712 855 2741 oli‘ensioni-

59 2761 112 2789 bus
125 2764 210 2796 patet,
223 2767 256 2788 ac
269 2765 367 2793 morte,
381 2759 495 2793 morbis,
511 2761 569 2788 caeli
585 2760 762 2796 intemperiis,
773 2764 854 2795 atque

58 2807 208 2836 innumeris
216 2806 276 2834 aliis
283 2806 361 2834 malis
372 2806 449 2834 facile
461 2806 628 2834 dissolvitur.
642 2807 705 2834 Haec
717 2813 800 2842 porro
809 2806 854 2834 di-

59 2851 157 2886 cebat,
171 2857 228 2881 tum
241 2857 271 2881 ut
282 2860 374 2881 eorum
387 2852 566 2888 arrogantiam
580 2854 780 2888 comprimeret,
797 2857 852 2881 tum

60 2904 91 2927 ut
115 2899 182 2928 nihil
208 2906 296 2929 rerum
320 2905 474 2929 nostrarum
491 2900 639 2928 humanum
660 2908 720 2929 esse
741 2899 853 2928 demono

58 2950 166 2974 ειμι-ει,

592 197 626 251 tu
643 220 753 251 mss
772 220 794 250 ιι
823 219 871 250 AD
887 219 968 251 mn.
986 220 1104 251 BOIllL.
1124 221 1193 253 vui.

958 278 987 308 ὁ.
1009 279 1078 308 Nam
1091 284 1147 309 tum
1158 281 1266 318 domum
1282 283 1330 312 Dei
1348 284 1388 313 vis
1401 276 1520 315 maxime
1531 286 1622 323 elucet
1631 308 1639 321 ,
1653 295 1717 317 eum

923 331 971 360 per
983 324 1051 354 viles
1066 332 1094 354 et
1107 326 1229 363 abjectos
1242 328 1364 365 ingentes
1376 337 1422 359 res
1435 335 1534 367 patr-at.
1547 324 1587 362 Ᾰο
1601 334 1716 369 proinde

921 369 976 419 alio
988 370 1070 419 etiam
1081 369 1144 419 loco
1155 373 1246 419 aiebat
1260 394 1268 409 ,
1288 371 1373 404 Virtus
1387 385 1444 405 mea
1455 377 1482 405 in
1495 378 1644 419 inﬁrmitate
1654 387 1716 415 per-

921 415 1008 449 ﬁcitur
1021 416 1060 453 (Ω.
1074 416 1134 446 Cor.
1152 418 1197 447 li.
1213 418 1252 457 9).
1269 420 1298 449 ln
1312 420 1401 450 Veteri
1416 415 1715 461 quoque'l‘estamento

921 467 971 496 per
981 461 1082 491 culices
1094 468 1122 492 et
1134 471 1243 494 muscas
1258 471 1330 495 totos
1347 467 1524 500 barbarorum
1538 471 1675 507 exercitus
1686 472 1715 500 in

920 506 1008 543 fugam
1021 509 1141 538 vertebat
1158 510 1230 547 (ideo
1243 519 1353 541 erucam
1368 522 1493 550 magnam
1507 507 1563 544 vim
1577 524 1653 545 suam
1663 524 1713 553 ap-

921 554 1129 597 pellabat[loel.
1143 556 1283 595 3.251),
1306 562 1334 587 et
1354 559 1418 588 olim
1445 561 1551 597 linguas
1574 562 1715 592 dumtaxat

919 596 1109 626 confundenda
1123 620 1131 632 ,
1147 599 1283 635 ingentem
1304 601 1377 629 illam
1400 596 1494 631 turrim
1521 604 1713 641 Babylonium

918 641 1029 671 delevit.
1053 643 1082 672 In
1101 644 1180 673 bellis
1199 645 1310 682 insuper
1331 655 1403 676 nunc
1426 656 1475 685 per
1489 653 1625 679 trecentos
1639 651 1713 681 viros

918 687 1050 717 inﬁnitam
1063 689 1181 719 hostium
1195 699 1304 721 manum
1319 693 1485 730 proﬂigabat,
1499 703 1572 725 nunc
1584 697 1712 728 tubarum

917 734 1044 770 clangore
1060 736 1143 765 urbes
1154 738 1305 770 evertebat,
1321 746 1354 767 ac
1366 745 1460 775 postea
1475 749 1524 776 per
1539 743 1666 779 exiguum
1679 751 1712 772 ac

919 779 1000 807 vilem
1011 780 1213 810 adolescentem
1227 783 1353 812 Davidem
1369 785 1522 823 universam
1535 786 1712 816 barbarorum

916 825 1000 853 aciem
1012 826 1038 853 in
1054 827 1142 862 fugam
1154 829 1259 864 agebat.
1273 830 1374 859 Eodem
1388 832 1480 868 itaque
1490 833 1572 862 modo
1586 834 1630 863 hic
1644 843 1711 871 quo-

915 879 967 915 que
990 873 1079 900 missis
1092 873 1179 902 solum
1200 875 1343 905 duodecim
1358 877 1423 906 viris
1438 878 1473 906 de
1489 879 1556 908 orbe
1569 877 1709 910 victoriam

914 919 1028 954 adeptus
1040 925 1092 954 est,
1108 920 1260 955 duodecim,
1273 922 1354 958 idque
1363 928 1424 951 eum
1439 925 1490 959 ipsi
1505 925 1602 954 linteata
1617 919 1708 956 omnia

916 964 1057 1001 haberent,
1071 974 1103 995 ac
1118 967 1189 996 bello
1203 968 1237 996 ab
1254 969 1379 1006 omnibus
1392 976 1567 999 vexarentur.
1582 971 1629 1001 Dei
1644 981 1710 1010 ergo

915 1013 1062 1047 potentiam
1083 1013 1249 1042 admiremur.
1261 1020 1289 1043 et
1301 1015 1444 1044 adoremus
1460 1025 1468 1044 ι
1485 1016 1654 1047 sciscitemur
1674 1028 1719 1047 ex

914 1058 1026 1092 ludatis,
1039 1059 1211 1089 sciscitemur
1222 1069 1254 1088 ex
1268 1061 1430 1097 gentilibus,
1446 1062 1571 1098 quisnam
1581 1065 1709 1092 universo

914 1109 1047 1133 testarum
1060 1106 1119 1134 orbi
1133 1108 1308 1143 persuaserit,
1325 1112 1355 1136 ut
1368 1115 1383 1135 a
1394 1109 1489 1145 patriis
1502 1110 1631 1139 institutis
1641 1111 1707 1139 abs-

913 1151 1045 1185 cederet,
1060 1156 1142 1186 atque
1167 1152 1202 1180 ad
1226 1153 1340 1181 alteram
1362 1154 1468 1182 vivendi
1495 1155 1627 1189 rationein
1646 1163 1708 1185 sese

912 1197 1048 1225 conterret
1060 1198 1072 1223 ’ἰ
1084 1198 1211 1232 piscator,
1228 1206 1261 1225 an
1277 1199 1455 1228 tentoriorum
1468 1200 1581 1229 ell‘ector
1593 1202 1606 1229 τ
1617 1202 1706 1238 publi-

913 1249 997 1270 canus
1009 1263 1017 1276 ,
1031 1251 1065 1270 an
1086 1244 1208 1271 indoctus
1222 1252 1254 1272 ac
1269 1245 1407 1273 literarum
1421 1248 1541 1282 expers?
1556 1248 1641 1282 Quam
1659 1257 1708 1276 au-

913 1293 967 1317 tem
983 1289 1034 1318 hoc
1049 1291 1180 1318 rationem
1197 1291 1328 1325 haberet,
1349 1292 1400 1319 nisi
1417 1293 1457 1320 vis
1479 1293 1567 1322 divina
1588 1294 1705 1329 fuisset,

911 1343 972 1370 quas
986 1343 1035 1370 per
1048 1336 1107 1364 illos
1120 1337 1211 1364 omnia
1226 1337 1374 1366 conﬁceret
1387 1338 1399 1365 i
1417 1337 1485 1366 Nam
1506 1339 1570 1374 quid
1585 1340 1706 1369 dicentes

912 1380 971 1415 illi,
988 1382 1210 1416 persuadebant?
1230 1383 1406 1419 Baptizetnini
1419 1385 1447 1412 in
1463 1385 1572 1414 nomine
1585 1386 1704 1415 crucifixi

911 1426 921 1461 (
933 1426 989 1453 Act.
1004 1426 1031 1454 2.
1045 1426 1108 1464 58).
1123 1428 1205 1464 Cujus
1227 1429 1355 1458 tandem?
1368 1430 1454 1465 Quem
1469 1439 1614 1466 numquam
1627 1432 1704 1461 vidc-

911 1476 980 1500 rant.
1005 1473 1038 1501 Et
1054 1477 1144 1502 tamen
1158 1481 1219 1502 cum
1235 1475 1292 1504 htec
1311 1475 1433 1504 dicerent
1454 1484 1487 1505 ac
1504 1478 1705 1514 praedicarent,

910 1519 1078 1548 auditoribus
1100 1521 1298 1556 persuadebunt
1310 1542 1319 1555 ,
1338 1530 1386 1550 eos
1408 1524 1453 1559 qui
1469 1524 1683 1552 vaticinabantur
1696 1545 1704 1557 ,

910 1569 992 1600 atque
1003 1572 1018 1592 a
1031 1565 1179 1600 majoribus
1194 1566 1283 1594 traditi
1297 1567 1362 1602 ipsis
1374 1573 1452 1595 erant
1464 1590 1472 1602 ,
1486 1568 1553 1597 deos
1563 1577 1617 1597 nou
1632 1579 1705 1599 esse.

910 1610 1034 1639 Christus
1047 1619 1110 1639 vero
1125 1612 1209 1640 clavis
1220 1612 1318 1647 aflixus
1329 1621 1424 1642 omnes
1435 1615 1596 1642 attrabebat.
1612 1616 1704 1650 Atqui,

911 1657 984 1693 quod
999 1658 1025 1685 in
1040 1665 1148 1686 crucem
1169 1658 1290 1686 sublatus
1311 1667 1344 1687 ac
1364 1659 1485 1695 sepultus
1500 1661 1593 1688 fuisset
1609 1681 1617 1694 ,
1634 1662 1705 1696 apud

911 1711 1006 1732 omnes
1020 1704 1179 1736 constabat;
1194 1704 1265 1738 quod
1280 1710 1370 1732 autem
1396 1707 1586 1734 resurrexisset
1604 1728 1612 1739 ,
1627 1707 1704 1742 pauci

910 1750 1021 1777 omnino
1035 1750 1167 1777 viderant.
1183 1749 1273 1777 Nihilo
1287 1751 1376 1778 secius
1392 1754 1480 1779 tamen
1496 1750 1547 1779 hoc
1561 1752 1647 1787 ipsum
1661 1753 1705 1787 iis,

910 1795 955 1830 qui
972 1803 1027 1822 non
1046 1795 1169 1822 viderant
1184 1816 1193 1828 ,
1207 1800 1401 1830 persuaserunt
1416 1805 1486 1825 :nec
1496 1797 1521 1825 id
1533 1798 1619 1826 solum
1631 1820 1640 1832 ,
1657 1799 1705 1827 sed

909 1840 1002 1877 etiam,
1013 1840 1086 1874 quod
1100 1840 1126 1867 in
1140 1840 1223 1867 caios
1237 1841 1415 1875 ascendisset,
1430 1847 1511 1877 atque
1526 1842 1559 1870 ad
1571 1843 1703 1878 judicium

909 1884 944 1912 de
958 1884 1027 1912 vivis
1039 1892 1071 1912 ac
1084 1885 1198 1912 mortuis
1213 1884 1353 1918 ferendum
1370 1891 1500 1915 venturus
1512 1893 1595 1917 esset.

946 1930 1062 1964 Δρομοιί
1071 1930 1198 1966 quomodo
1209 1931 1294 1958 orbem
1307 1932 1468 1967 subegerunt.
1478 1947 1514 1952 —
1525 1932 1602 1961 Unde
1611 1934 1701 1969 igitur,

909 1983 1002 2011 qus-so
1014 1997 1022 2010 ,
1039 1977 1220 2012 persuadendi
1235 1978 1287 2014 'vis
1314 1978 1340 2005 in
1367 1978 1410 2005 bis
1436 1978 1631 2007 sermonibus?
1645 1979 1703 2008 Non

908 2022 1018 2049 aliunde
1031 2043 1039 2055 ,
1053 2030 1133 2057 quam
1145 2031 1158 2049 a
1174 2023 1221 2051 Dei
1238 2024 1367 2058 polentia.
1382 2024 1500 2053 Primum
1511 2026 1583 2053 enim
1599 2028 1704 2055 novitas

910 2068 967 2102 ipsa
985 2068 1105 2095 omnium
1119 2069 1224 2095 animos
1237 2068 1392 2103 offendebat
1411 2079 1418 2096 :
1432 2078 1493 2097 cum
1508 2075 1598 2098 autem
1611 2073 1636 2099 in
1653 2073 1703 2100 hu-

906 2113 1023 2148 jusutodi
1040 2112 1122 2140 rebus
1133 2111 1264 2148 quispiam
1281 2114 1399 2146 innovat,
1409 2119 1473 2142 tunc
1485 2116 1593 2150 gravior
1607 2124 1650 2144 res
1659 2118 1699 2145 εἰς

909 2159 1006 2192 licitur,
1016 2163 1044 2185 ut
1055 2166 1116 2186 cum
1126 2159 1277 2194 priscorum
1286 2158 1384 2186 rituum
1392 2158 1565 2188 fundamenta
1575 2161 1699 2201 effringit,

907 2212 941 2232 ac
955 2204 1027 2240 leges
1040 2204 1168 2233 radicitus
1180 2205 1282 2233 evellit.
1301 2205 1358 2233 Huc
1370 2206 1474 2234 accedit
1487 2228 1494 2239 ,
1510 2208 1580 2243 quod
1595 2216 1693 2243 praceu-

908 2259 956 2279 nes
970 2259 1022 2279 non
1036 2251 1088 2278 lide
1101 2251 1174 2287 digiti
1190 2251 1355 2279 viderentur.
1380 2251 1446 2280 Nam
1462 2257 1489 2280 et
1503 2261 1535 2281 ex
1548 2261 1578 2281 ea
1593 2255 1702 2283 natione

909 2302 987 2324 erant
1003 2317 1010 2328 ,
1024 2304 1083 2331 qua
1095 2296 1221 2324 omnibus
1234 2297 1327 2324 odiosa
1343 2303 1414 2325 esset
1429 2318 1437 2330 ,
1457 2303 1484 2325 et
1500 2298 1551 2332 ipsi
1567 2300 1652 2326 timidi
1670 2308 1701 2328 ac

908 2344 1039 2371 doctrinae
1051 2347 1177 2377 expertes
1190 2347 1276 2370 erant.
1293 2342 1368 2370 Unde
1383 2343 1463 2378 igitur
1475 2344 1568 2371 orbem
1584 2345 1699 2380 subege-

908 2387 992 2415 runt?
1017 2386 1087 2415 unde
1100 2394 1148 2414 vos
1162 2392 1190 2415 et
1203 2388 1320 2422 majores
1334 2393 1439 2416 vestros
1452 2410 1460 2422 ,
1482 2390 1526 2425 qui
1548 2389 1700 2426 philosophi

908 2432 1076 2466 videbamur,
1091 2437 1172 2469 atque
1185 2433 1252 2461 deos
1263 2434 1336 2468 ipsos
1348 2435 1503 2469 ejcceruntf
1516 2443 1605 2463 annon
1618 2436 1701 2471 liquet

909 2480 969 2507 illos
985 2479 1069 2507 Deum
1091 2487 1182 2507 secum
1197 2479 1345 2508 habuisse?
1358 2480 1460 2515 Neque
1470 2481 1543 2508 enim
1559 2486 1612 2509 tam
1633 2490 1703 2517 prm-

907 2528 980 2556 clara
992 2526 1111 2554 facinora
1124 2527 1150 2555 in
1166 2527 1309 2555 humanam
1322 2527 1471 2562 potentiam
1483 2527 1593 2561 cadunt,
1610 2528 1657 2556 sed
1673 2529 1700 2557 in

908 2573 1026 2600 divinant
1039 2572 1183 2608 quamdam
1198 2576 1226 2600 et
1240 2572 1411 2600 inelfabilem.
1429 2573 1538 2601 Minime
1553 2581 1616 2601 vero
1634 2594 1642 2607 ,
1659 2574 1699 2601 in-

907 2620 1003 2655 quiunt
1017 2619 1061 2646 isti
1075 2627 1082 2651 ;
1098 2618 1145 2646 sed
1158 2619 1301 2654 praestigiis
1314 2619 1354 2646 usi
1368 2624 1441 2647 sunt.
1461 2619 1532 2654 Ergo
1545 2619 1699 2648 daemonum

908 2665 1051 2701 imperium
1065 2665 1157 2700 augeri
1171 2666 1313 2700 oportebat
1327 2686 1335 2699 ,
1349 2670 1429 2701 atque
1449 2665 1582 2694 idolorum
1598 2666 1699 2695 cultum

908 2711 1076 2747 ampliﬁcari.
1093 2711 1143 2745 Qui
1159 2711 1239 2747 igitur
1251 2711 1348 2739 factum
1362 2715 1415 2744 est,
1432 2715 1459 2739 ut
1475 2719 1506 2739 ea
1521 2711 1609 2739 deleta
1619 2715 1701 2747 atque

907 2758 1039 2787 exstincta
1052 2756 1107 2784 sint
1121 2776 1130 2789 ,
1146 2761 1174 2785 et
1187 2764 1221 2784 ex
1238 2756 1374 2784 contrario
1397 2761 1489 2784 nostra
1505 2755 1675 2784 elllorescant
1689 2757 1701 2783 γ

907 2805 997 2839 Quare
1009 2803 1072 2831 hinc
1083 2810 1190 2838 quoque
1203 2803 1289 2839 liquet
1300 2823 1308 2837 ,
1324 2802 1370 2830 Dei
1383 2802 1488 2830 calculo
1500 2802 1560 2830 inec
1571 2801 1701 2837 contigis-

908 2857 938 2879 se
952 2859 960 2877 :
975 2856 1062 2885 neque
1074 2856 1090 2876 a
1100 2849 1291 2884 prmdicatione
1302 2853 1415 2882 tantum,
1425 2848 1473 2877 sed
1483 2847 1517 2875 ab
1527 2847 1583 2883 ipsa
1594 2853 1701 2883 quoque

909 2896 970 2924 vita:
983 2895 1096 2923 ratione.
1111 2894 1225 2929 Quando
1245 2894 1318 2923 enim
1341 2898 1414 2922 tanta
1440 2893 1580 2929 virginitas
1599 2893 1701 2929 passim

911 2948 967 2970 toto
980 2942 1046 2971 orbe
1060 2942 1163 2970 consita
1177 2942 1237 2969 esti
1251 2940 1357 2976 quando
1372 2949 1420 2977 par
1432 2948 1525 2977 opum,
1535 2940 1607 2975 vitae,
1622 2945 1702 2976 atque
