4022 6258
602 378 714 439 ιω

603 495 833 551 aliarum
861 488 1103 546 omnium
1126 498 1311 543 rerum
1338 492 1679 551 contemptus
1708 476 1736 533 ἲ
1775 475 1911 533 Nam
1941 473 2192 579 llagitiusi

612 868 772 914 terra:
819 852 1125 912 recessibus
1161 867 1270 908 non
1316 849 1478 905 modo
1520 847 1822 901 docuerunt
1849 884 1867 907 ,
1906 840 2002 896 sed
2031 840 2192 894 etiam

608 946 973 1021 perfecerunt.
996 943 1156 1001 [lude
1181 941 1524 1013 perspicuum
1544 946 1651 1000 est,
1668 932 1870 989 Christi
1896 932 2001 985 vim
2027 929 2197 984 fuisse

612 1056 735 1112 quc
760 1037 865 1095 hoc
890 1046 1060 1092 totum
1086 1033 1283 1103 ubique
1310 1030 1505 1087 fecerit
1523 1070 1543 1095 ,
1566 1029 1677 1081 vim
1700 1066 1718 1092 ,
1749 1025 1968 1093 inquam
1995 1060 2013 1084 .
2050 1021 2195 1075 illam

613 1128 813 1199 ultique
837 1128 1101 1182 lucentem
1122 1139 1187 1180 ac
1212 1123 1423 1192 fulgure
1443 1119 1637 1191 quovis
1658 1116 1895 1172 celerius
1919 1112 2195 1167 hominum

1214 314 1219 319 Ι
1291 363 1352 427 8.
1389 360 1674 425 JUANNJS
1706 356 2189 421 CllRYSllSTOIII
2228 356 2531 414 Alitme
2560 408 2565 413 .
2591 353 3135 417 CONSTANTINOP.

3779 357 3890 409 ιω

2299 481 2511 529 mentes
2554 470 2935 528 illustratum.
2969 476 3096 528 lisse
3128 469 3293 545 igitur
3316 472 3501 529 omnia
3530 473 3834 544 cogitames
3867 514 3885 539 ,

2159 588 2185 603 ο
2296 572 2460 632 atque
2485 571 2735 633 apertum
3175 560 3473 618 Iuhtrormn
3503 562 3768 620 bonorum
3794 579 3886 619 ae-

2297 634 2610 724 gtimentutn
2632 668 2699 708 ex
2728 652 2795 707 iis
2815 666 2939 722 qua
2966 648 3105 708 facta
3134 660 3264 708 sunt
3286 651 3561 723 capientes
3578 696 3596 718 .
3624 655 3887 710 invictam

2300 748 2444 804 illam
2484 747 2739 806 Crueilixi
2780 748 3076 820 potentiam
3124 748 3406 804 nobiscum
3442 748 3668 806 adorate
3696 767 3712 805 :
3745 757 3807 803 ut
3830 755 3891 803 ct

2300 838 2667 895 intolerandus
2686 840 2959 895 cruciatus
2982 838 3273 909 etl'ugiatis,
3301 849 3356 894 et
3377 839 3769 909 sempiternum
3795 852 3891 893 rce

2298 943 2463 998 gnum
2507 929 2873 1000 assequamini
2903 944 2917 982 :
2952 928 3098 998 quod
3134 928 3343 983 utinam
3383 928 3539 985 nobis
3571 929 3890 1000 contingat,

2302 1034 2398 1090 per
2421 1020 2650 1091 gratiam
2670 1030 2728 1075 et
2755 1018 3167 1091 benignitatem.
3197 1028 3304 1075 etc.

616 1260 3893 1307 ww

2007 1391 2357 1460 HOMILIA
2401 1391 2517 1457 IX.

611 1572 744 1632 Car.
761 1574 817 1630 ι.
835 1564 1044 1627 v.8.ln
1060 1562 1292 1621 omnibus
1318 1557 1694 1616 tribulationem
1717 1552 1967 1627 patimur,
1983 1552 2074 1607 sed
2100 1567 2205 1605 non

696 1931 750 1985 l.
774 1925 830 1982 lu
857 1940 927 1982 eo
948 1921 1126 1979 adhuc
1165 1921 1481 1976 immoratur
1505 1958 1523 1979 ,
1551 1923 1615 1970 ut
1635 1910 1887 1968 ostendat
1913 1924 2074 1964 omne
2102 1911 2207 1965 hoc

622 2018 895 2089 negotium
924 2013 1122 2069 divina:
1154 2008 1410 2080 potentia-
1438 2001 1852 2060 adscribendum
1893 2014 2016 2055 esse
2048 2016 2063 2052 :
2101 2013 2211 2068 quo

624 2124 813 2165 eorum
839 2102 1202 2175 arrogantiam
1242 2097 1495 2154 coérccat
1522 2138 1537 2160 ,
1569 2094 1659 2163 qui
1706 2093 1760 2146 in
1785 2090 1984 2160 seipsis
2009 2089 2213 2160 gloria-

625 2201 841 2253 bantur.
868 2194 988 2251 Non
1014 2193 1157 2248 enim
1176 2231 1196 2254 ,
1227 2189 1438 2257 inquit,
1471 2186 1575 2241 hoc
1602 2184 1777 2240 solum
1806 2181 2051 2236 mirabile
2075 2186 2160 2235 est
2191 2219 2207 2243 ,

627 2285 772 2357 quod
792 2284 941 2339 hunc
968 2283 1281 2337 thesaurum
1311 2279 1363 2333 in
1389 2275 1641 2332 ﬁctilibus
1663 2273 1804 2328 vasis
1829 2285 2210 2335 asservemus;

630 2376 727 2433 sed
755 2376 918 2430 etiam
943 2370 1085 2442 quod
1114 2410 1131 2437 ,
1161 2383 1283 2426 cum
1307 2368 1575 2425 sexcentis
1611 2364 1966 2421 incommodis
1988 2376 2207 2434 prema-

630 2481 751 2520 ntur
776 2506 793 2533 ,
820 2474 982 2535 atque
1022 2462 1170 2519 omni
1204 2475 1273 2515 ex
1318 2467 1471 2530 parte
1512 2457 1788 2527 pulsemur
1812 2496 1830 2520 ,
1858 2468 1985 2509 eum
2030 2462 2209 2505 tamen

630 2567 841 2613 tuemur
884 2571 983 2612 nec
1027 2551 1343 2609 amittimus.
1377 2551 1445 2605 Et
1472 2548 1691 2620 quidem
1717 2546 1763 2600 si
1792 2544 1874 2599 vel
1903 2539 2212 2597 adamanti-

630 2665 760 2706 uum
797 2662 894 2704 vas
920 2654 1085 2713 esset,
1107 2654 1260 2700 tanto
1280 2653 1458 2698 tamen
1482 2640 1736 2696 thesauro
1759 2632 2021 2707 gestando
2039 2674 2057 2693 .
2088 2639 2210 2687 tan-

631 2744 807 2814 tisque
838 2739 1051 2797 insidiis
1071 2734 1403 2795 sustinendis
1432 2733 1605 2803 impar
1630 2738 1775 2786 esset
1807 2747 1821 2782 :
1851 2740 1995 2781 nunc
2029 2731 2211 2814 autem

625 2846 678 2895 et
701 2812 925 2892 ferimus
952 2840 1008 2887 et
1032 2845 1128 2903 per
1148 2828 1241 2884 Dei
1264 2828 1490 2899 gratiam
1514 2822 1645 2880 nihil
1673 2835 1837 2891 grave
1861 2818 2113 2890 patimur.
2143 2812 2211 2867 In

630 2926 862 2985 omnibus
888 2922 1264 2979 tribulationem
1286 2918 1513 2989 patimur
1537 2955 1555 2981 ,
1582 2915 1673 2969 sed
1708 2929 1811 2966 non
1838 2909 2206 2981 angustiamur.

628 3022 767 3091 Quid
796 3017 922 3076 est?
949 3016 1018 3071 In
1045 3012 1319 3071 omnibus!
1346 3011 1404 3065 ln
1429 3008 1696 3073 hostibus,
1729 3007 1783 3061 in
1808 3004 2018 3066 amicis,
2050 3001 2104 3054 in
2127 3014 2214 3053 ne-

629 3110 901 3170 cessariis.
926 3108 979 3163 ln
999 3107 1140 3171 aliis,
1157 3118 1384 3176 quorum
1410 3099 1629 3172 penuria
1661 3098 1966 3153 laboramus
1984 3135 2000 3156 ,
2024 3091 2092 3147 ab
2118 3091 2213 3144 lio-

630 3206 805 3260 δείδω
824 3245 841 3269 ,
864 3218 898 3257 a
919 3200 1139 3256 nostris.
1161 3196 1270 3254 Sed
1289 3212 1394 3251 non
1415 3191 1789 3263 mtgusﬁamur.
1823 3191 1901 3241 Ac
1931 3184 2050 3238 vide
2074 3197 2213 3251 quo-

635 3295 797 3351 modo
824 3298 1125 3363 pugnantes
1167 3303 1256 3343 res
1280 3287 1421 3340 dicat
1442 3324 1461 3349 ,
1497 3291 1560 3337 ut
1592 3281 1717 3335 hinc
1747 3290 1960 3348 quoque
1987 3274 2080 3327 Dei
2108 3273 2214 3325 vim

634 3390 1041 3443 commonstret.
1075 3378 1471 3435 Tribulatiouent
1496 3375 1737 3442 patimur,
1768 3368 1938 3436 inquit
1964 3408 1977 3428 ,
2007 3364 2097 3419 sed
2115 3381 2217 3418 non

634 3476 990 3551 angustiamur
1019 3488 1040 3527 :
1065 3471 1410 3543 aperiantur,
1450 3465 1541 3519 sed
1584 3479 1686 3516 non
1725 3459 2087 3514 destituimur:
2118 3456 2220 3510 hoc

638 3548 724 3627 est
747 3613 764 3635 ,
788 3584 899 3624 non
926 3565 996 3621 ad
1029 3574 1329 3620 extremum
1358 3573 1529 3630 usque
1550 3552 1909 3609 concidimus.
1942 3548 2220 3617 Plerisque

636 3664 779 3719 enim
811 3660 863 3714 in
887 3658 1023 3714 locis
1040 3654 1310 3717 dolemus,
1323 3664 1423 3708 nec
1441 3648 1584 3717 quod
1600 3646 1841 3701 volumus
1861 3642 2215 3711 asseqnimur,

637 3769 743 3808 non
772 3751 851 3806 sic
874 3762 1055 3805 tamen
1082 3755 1139 3802 ut
1164 3760 1193 3798 a
1224 3741 1519 3813 propositis
1552 3738 1716 3793 rebus
1746 3735 2083 3790 excidamus:
2107 3732 2222 3783 haec

637 3842 837 3912 quippe
863 3854 970 3894 non
997 3851 1067 3892 eo
1098 3834 1363 3903 permittit
1388 3831 1531 3883 Deus
1570 3836 1632 3880 nt
1674 3826 1953 3879 vincamur
1983 3864 1997 3887 ,
2026 3822 2121 3876 sed
2165 3831 2225 3875 ut

641 3910 1011 3986 exerceamur.
1044 3919 1496 3990 Persequutionent
1524 3917 1750 3986 patimur
1780 3956 1794 3976 ,
1824 3914 1912 3968 sed
1942 3927 2043 3965 non
2073 3910 2221 3964 dere-

647 4022 923 4092 tinquimur
942 4032 962 4070 :
992 4014 1277 4085 dejicimur,
1304 4009 1392 4064 sed
1415 4025 1515 4063 non
1542 4007 1785 4079 perimus.
1802 4003 2057 4072 Quamvis
2079 4002 2223 4056 enim

648 4106 971 4167 tentationes
1010 4104 1364 4171 contingant,
1399 4116 1503 4156 non
1550 4115 1610 4157 ea
1659 4109 1835 4173 tamen
1861 4096 2177 4164 contingunt
2207 4134 2222 4155 ,

646 4220 768 4275 qua:
787 4218 855 4258 ex
890 4196 1277 4255 tentationibus
1303 4193 1431 4247 oriri
1458 4192 1637 4245 solent
1668 4207 1682 4241 :
1710 4186 1869 4257 idque
1892 4202 1986 4256 per
2003 4185 2096 4239 Dei
2125 4200 2223 4253 po-

608 4314 619 4329 ε
650 4274 872 4348 tentiam
911 4298 970 4345 et
1005 4286 1256 4359 gratiam.
1309 4280 1448 4335 Alibi
1475 4288 1654 4331 autem
1683 4276 1798 4329 bme
1825 4276 1993 4330 Deum
2028 4274 2226 4330 idcirco

654 4383 963 4454 permittere
990 4382 1086 4444 ait,
1113 4387 1226 4432 tum
1251 4374 1321 4429 ob
1348 4373 1583 4441 ipsorum
1611 4366 1985 4428 humilitatem,
2018 4376 2127 4419 tum
2157 4365 2226 4420 ad

650 4476 878 4530 aliorum
902 4471 1242 4526 securitatem
1275 4484 1289 4519 :
1322 4463 1403 4519 Ne
1423 4463 1563 4517 enim
1586 4457 1882 4513 insolentius
1906 4455 2111 4520 efferor,
2144 4457 2228 4510 in-

647 4563 952 4636 quit.datus
970 4569 1045 4615 est
1067 4558 1191 4611 mihi
1220 4556 1451 4610 stimulus
1472 4552 1548 4621 (2.
1568 4550 1687 4606 Cor.
1713 4549 1801 4603 l2.
1829 4546 1908 4615 7);
1941 4554 1994 4599 et
2022 4560 2226 4609 rursus,

658 4659 741 4711 Ne
758 4656 871 4727 quis
889 4652 1134 4709 existimet
1149 4648 1213 4703 de
1227 4661 1469 4713 mesupra
1484 4643 1538 4697 id
1551 4642 1689 4713 quod
1704 4641 1906 4699 oidet,et
1922 4637 2065 4690 audit
2079 4654 2142 4692 ea:
2156 4656 2233 4692 me

652 4748 815 4813 (Ibid.
842 4763 892 4799 υ.
919 4743 998 4812 6);
1024 4752 1081 4798 et
1127 4740 1235 4795 alio
1274 4738 1413 4799 loco,
1446 4733 1528 4789 Ne
1554 4736 1765 4804 ﬁdentes
1798 4731 1963 4788 simus
2002 4730 2054 4781 in
2096 4731 2236 4785 nobis

658 4842 784 4909 ipsis
807 4835 981 4908 (Ibid.
1005 4836 1054 4888 l.
1080 4834 1137 4903 9)
1166 4850 1179 4887 :
1207 4832 1295 4887 hic
1323 4846 1473 4895 vero,
1493 4829 1560 4885 Ut
1582 4828 1676 4882 Dei
1695 4823 1928 4896 potentia
1951 4823 2237 4876 elucescat.

736 4928 820 4984 Es
850 4924 1205 4981 tentationibus
1229 4931 1475 4991 quantum
1495 4920 1710 4973 lucrum.
1731 4948 1802 4959 —
1818 4917 2051 4971 Videsne
2070 4930 2240 4985 quan-

658 5035 751 5079 tus
794 5027 1032 5093 qurestus
1073 5032 1138 5071 ex
1184 5012 1571 5069 tentationibus
1613 5011 1841 5066 redeat?
1882 5010 2014 5064 Nam
2061 5017 2115 5061 et
2145 5007 2239 5062 Dei

656 5118 764 5169 vim
797 5109 1153 5167 ostendebant
1184 5148 1198 5171 ,
1229 5115 1285 5161 et
1321 5104 1545 5175 gratiam
1592 5103 1822 5173 amplius
1866 5100 2187 5170 detegebant
2223 5115 2237 5161 ;

655 5203 857 5272 Suﬂcit
883 5202 1027 5257 enim
1055 5200 1144 5253 tibi
1162 5197 1327 5268 gratia
1350 5210 1461 5249 mea
1491 5194 1511 5265 ξ
1540 5192 1675 5247 Ibid.
1708 5193 1795 5249 i2.
1820 5193 1854 5249 9
1882 5195 1936 5263 ),
1960 5191 2162 5263 inquit;
2187 5198 2239 5243 et

653 5296 716 5349 ad
747 5291 1099 5347 humilitatem
1128 5289 1501 5353 concitabant,
1531 5285 1667 5339 alios
1693 5286 2111 5354 compescebant
2136 5324 2149 5347 ,
2183 5292 2238 5337 et

652 5389 775 5442 illos
801 5381 1175 5438 tolerantiores
1204 5380 1537 5434 eiliciebant:
1566 5375 1818 5429 Patientia
1838 5377 2007 5443 enim,
2040 5374 2233 5445 inquit,

652 5479 1005 5551 probationem
1026 5482 1284 5544 operatur,
1303 5472 1531 5541 probatio
1546 5488 1685 5541 spem
1708 5468 1880 5539 (Rom.
1904 5472 1957 5525 5.
1988 5471 2069 5541 ι).
2100 5468 2233 5524 Nam

652 5570 739 5638 qui
768 5568 823 5623 in
854 5564 1245 5635 quamplurima
1271 5564 1505 5633 pericula
1535 5561 1870 5623 inciderant,
1895 5571 2055 5631 atque
2080 5578 2145 5617 ex
2171 5562 2235 5614 iis

656 5675 752 5730 ipe
779 5656 962 5713 divina
988 5654 1107 5709 freti
1140 5664 1467 5708 emerseram
1503 5692 1516 5715 ,
1563 5653 1688 5705 hinc
1715 5651 2044 5706 docebantur
2075 5664 2133 5706 ut
2158 5654 2231 5707 illi

652 5751 822 5820 magis
854 5747 1119 5801 laterent
1143 5746 1193 5801 in
1223 5744 1484 5799 omnibus.
1516 5741 1613 5798 l0.‘
1638 5743 1846 5813 St'mpt‘r
1877 5745 2228 5812 mortiﬁcatio-

2310 1564 2425 1602 nent
2446 1544 2577 1601 Iesu
2614 1544 2670 1601 in
2707 1560 2920 1617 corpore
2960 1553 3135 1601 uuam
3166 1547 3575 1619 circumferentes
3603 1586 3619 1612 ,
3649 1550 3898 1600 πιάσαι

2101 1660 2116 1700 :
2140 1646 2201 1701 9.
2306 1636 2435 1693 Jesu
2456 1637 2808 1706 manifestetur
2828 1634 2885 1689 iu
2904 1649 3117 1709 corpore
3134 1645 3327 1691 nostra.
3342 1637 3605 1706 Quidnam
3631 1642 3749 1691 erat
3777 1633 3898 1689 hac

2311 1727 2657 1783 mortiﬁcatio
2707 1724 2919 1781 Domini
2971 1724 3100 1785 Jesu
3127 1767 3144 1790 ,
3189 1741 3354 1797 quam
3396 1726 3895 1783 circumferebant?

2312 1819 2510 1874 Mortes
2530 1816 2877 1889 quotidiana,
2906 1829 3004 1886 per
3022 1829 3158 1887 quas
3178 1816 3590 1871 resurrectionis
3612 1814 3897 1886 specimen

2311 1912 2589 1968 edebatur.
2621 1910 2754 1967 Nam
2783 1910 2830 1965 si
2850 1910 2973 1980 quis
3000 1917 3106 1974 est,
3130 1908 3320 1977 inquit,
3347 1908 3436 1977 qui
3450 1906 3724 1963 Christum
3739 1922 3892 1961 mor-

2320 2014 2430 2058 tem
2457 2003 2659 2059 obiisse
2690 2044 2707 2068 ,
2736 2011 2899 2072 atque
2925 2000 3289 2056 resurrexisse
3315 2014 3422 2053 non
3451 1998 3633 2053 credat
3655 2040 3670 2063 ,
3704 1998 3757 2052 in
3798 2014 3904 2051 nos

2318 2097 2609 2156 intueatur.
2639 2095 2729 2164 qui
2753 2093 2979 2165 singulis
3007 2093 3198 2149 diebus
3224 2092 3502 2157 morimur,
3532 2099 3689 2162 atque
3716 2090 3784 2145 ad
3816 2091 3901 2143 vi-

2319 2196 2424 2243 tam
2451 2200 2768 2243 revocamur
2797 2205 2811 2241 :
2840 2201 2908 2241 ac
2936 2170 3048 2242 tum
3072 2185 3459 2241 resurrectioni
3491 2183 3649 2239 (idem
3676 2183 3903 2239 habeat.

2318 2276 2505 2332 Viden‘
2541 2275 2816 2346 quomodo
2854 2275 3014 2329 aliam
3058 2275 3239 2331 adhuc
3280 2278 3631 2330 tentationum
3676 2289 3904 2330 causam

2316 2368 2624 2425 invenerit?
2648 2367 2823 2436 Quam
2864 2367 3127 2422 tandem?
3156 2364 3226 2423 Ut
3267 2377 3319 2421 et
3352 2368 3456 2422 rite
3491 2365 3619 2423 Iesu
3644 2406 3662 2433 ,
3687 2367 3863 2437 inquit
3887 2409 3907 2432 ,

2315 2462 2669 2533 manifestetur
2691 2462 2747 2515 in
2772 2476 2987 2532 corpore
3013 2470 3190 2515 nostro
3215 2476 3237 2525 ;
3266 2460 3323 2515 in
3345 2475 3413 2515 eo
3441 2459 3692 2517 videlicet
3713 2501 3727 2524 .
3755 2460 3908 2531 quod

2316 2567 2419 2608 nos
2445 2568 2478 2609 e
2500 2552 2762 2624 periculis
2780 2552 3057 2608 extrahat.
3084 2551 3161 2608 lla
3185 2550 3244 2606 lit
3274 2593 3290 2615 ,
3318 2561 3376 2606 ut
3404 2552 3546 2623 quod
3578 2550 3913 2607 inﬁrmitatis

2316 2658 2380 2698 ac
2409 2643 2778 2701 derelictionis
2806 2643 3042 2715 speciem
3072 2642 3277 2705 habet,
3304 2641 3409 2698 hoc
3452 2642 3618 2713 ipsius
3656 2658 3907 2698 resurre-

2317 2734 2553 2789 ctionem
2575 2736 2849 2804 pmdicet.
2880 2734 3065 2804 Neque
3089 2734 3259 2801 enim,
3287 2735 3331 2788 si
3359 2734 3519 2789 nullis
3545 2732 3808 2789 molestiis
3827 2732 3911 2787 ai-

2318 2826 2628 2892 Ilceremur,
2661 2827 2886 2896 perinde
2906 2828 3077 2900 ipsius
3102 2827 3340 2898 potentia
3370 2827 3640 2883 declarata
3668 2828 3858 2883 luisset
3883 2867 3910 2896 ,

2317 2927 2378 2973 ut
2404 2932 2549 2972 nunc
2575 2916 2883 2972 declaratur
2910 2958 2928 2983 ,
2962 2934 3087 2974 cum
3127 2920 3362 2989 patimur
3388 2934 3490 2975 nec
3518 2929 3695 2975 tamen
3734 2921 3913 2975 vinci-

2318 3024 2458 3064 mur.
2489 3009 2576 3063 ll.
2599 3005 2807 3061 Etenim
2829 3024 2925 3061 nos
2950 3010 3039 3073 qui
3054 3012 3264 3065 uiuimus
3286 3052 3303 3074 ,
3340 3013 3394 3066 in
3414 3022 3625 3067 mortem
3652 3013 3917 3067 tradimur

2319 3110 2527 3171 propter
2547 3097 2726 3154 Iesum
2750 3138 2768 3163 ,
2796 3107 2852 3150 ut
2880 3108 2927 3151 et
2960 3099 3064 3152 vita
3090 3098 3217 3154 Jesu
3235 3104 3585 3173 manifestetur
3603 3105 3656 3157 in
3682 3105 3828 3159 nobis
3852 3107 3913 3158 iis

2319 3207 2471 3244 carne
2503 3199 2676 3243 nostra
2703 3187 2932 3242 mortali.
2983 3185 3189 3243 Passim
3219 3190 3360 3244 hunc
3386 3204 3591 3246 morem
3623 3202 3768 3249 tenet
3795 3234 3816 3260 ,
3848 3210 3917 3251 ut.

2320 3296 2442 3335 eum
2467 3280 2743 3352 quidpiam
2770 3278 3002 3335 obscure
3031 3278 3268 3345 dixerit,
3301 3279 3355 3335 id
3394 3295 3583 3337 rursus
3625 3298 3861 3354 exponat
3885 3305 3905 3342 :

2322 3372 2375 3427 id
2397 3373 2542 3443 quod
2579 3374 2683 3429 hoc
2721 3387 2937 3445 quoque
2967 3358 3089 3427 loco
3121 3370 3251 3429 fecit
3279 3413 3295 3435 ,
3343 3372 3474 3428 illud
3517 3375 3660 3446 quod
3687 3378 3910 3433 dixerat

2322 3464 2560 3533 apertius
2586 3464 2887 3520 declarans.
2917 3464 3206 3533 Propterea
3237 3463 3498 3519 tradimur
3522 3504 3538 3530 ,
3564 3468 3733 3538 inquit
3759 3512 3774 3533 ,
3804 3470 3917 3525 huc

2322 3568 2408 3614 est
2427 3558 2893 3615 mortiﬁcationem
2912 3556 3361 3619 circumferimus.
3385 3566 3445 3612 ut
3468 3561 3589 3614 vitm
3618 3561 3783 3631 ipsius
3814 3581 3922 3633 po.»

2324 3652 2487 3705 tentia
2518 3651 2800 3721 perspicua
2827 3652 2934 3717 fiat,
2968 3665 3076 3706 non
3106 3648 3334 3705 sinentis
3358 3649 3605 3705 nimirum
3628 3656 3916 3710 mortalem.

2326 3755 2544 3795 carnem
2571 3749 2719 3795 tanta
2751 3742 3144 3811 perpetientem
3168 3784 3184 3807 ,
3215 3739 3475 3795 malorum
3502 3743 3711 3810 agmine
3736 3745 3911 3800 vinci.

2326 3830 2439 3887 Hoc
2478 3832 2636 3886 aliter
2660 3847 2876 3902 quoque
2918 3833 3089 3904 accipi
3129 3841 3325 3905 potest.
3368 3830 3773 3898 Quomodoillt
3801 3837 3921 3891 alio:

2329 3922 2448 3977 loco
2477 3924 2571 3986 ait,
2605 3922 2667 3977 Si
2687 3925 3104 3989 commoriamur,
3134 3924 3515 3981 etconoivemus
3543 3921 3563 3992 (
3591 3922 3646 3976 2.
3678 3922 3816 3979 Tim.
3845 3927 3909 3981 ε.

2330 4013 2388 4066 ll
2423 4014 2462 4081 ).
2485 4012 2556 4068 Ut
2585 4014 2729 4068 enim
2759 4030 2901 4069 naue
2922 4016 3088 4086 ipsius
3115 4029 3343 4074 mortem
3368 4015 3687 4086 perferimus
3710 4059 3723 4083 ,
3747 4030 3923 4090 atque:

2331 4106 2497 4173 ipsius
2532 4120 2689 4160 causa
2720 4106 2879 4161 vitam
2901 4121 3023 4163 cum
3052 4122 3225 4165 morte
3251 4118 3583 4186 commutare
3615 4112 3862 4167 volumus
3898 4153 3919 4175 ι.

2333 4196 2405 4249 im
2436 4196 2596 4249 etiam
2629 4196 2744 4265 ipse
2768 4198 3065 4255 exstinctos
3091 4200 3160 4255 ad
3189 4203 3351 4255 vitam
3383 4214 3641 4255 revocare
3665 4210 3793 4257 tunc
3818 4218 3923 4257 νοω

2332 4289 2427 4343 let.
2452 4287 2587 4342 Nam
2615 4288 2659 4341 si
2692 4300 2789 4341 nos
2813 4302 2845 4342 e
2870 4288 2974 4344 vita
3003 4291 3069 4344 ad
3092 4303 3319 4347 mortem
3342 4291 3610 4355 venimus,
3641 4292 3755 4361 ipse
3780 4309 3927 4364 quo~-

2334 4395 2439 4449 que
2463 4394 2493 4434 e
2521 4387 2694 4434 morte
2711 4377 2776 4431 ad
2803 4379 2963 4432 vitam
2993 4380 3149 4435 nobis
3167 4383 3273 4437 dux
3301 4384 3423 4437 erit.
3445 4381 3532 4437 l2.
3556 4382 3693 4453 Ergo
3708 4400 3845 4440 mors
3863 4387 3926 4439 in

2336 4472 2479 4525 nobis
2504 4478 2776 4541 aperatur,
2798 4470 2903 4522 vita
2931 4480 3099 4523 autem
3132 4471 3186 4523 in
3211 4472 3367 4532 vobis.
3395 4470 3512 4529 Non
3546 4472 3657 4543 jam
3695 4473 3763 4529 de
3794 4489 3937 4530 cor--

2339 4578 2499 4632 porea
2522 4572 2695 4617 morte
2722 4561 2964 4629 loquens,
2987 4559 3084 4614 sed
3106 4559 3176 4615 de
3200 4564 3577 4619 tentationibus
3598 4571 3657 4619 et
3681 4564 3749 4620 de
3768 4567 3941 4634 quic-

2338 4664 2410 4708 te.
2449 4654 2554 4708 Nos
2582 4653 2725 4708 enim
2756 4651 2808 4705 in
2840 4649 3088 4720 periculis
3114 4663 3180 4704 ac
3212 4654 3590 4710 tentationibus
3618 4669 3931 4718 versamur.

2346 4746 2545 4816 inquit;
2578 4762 2674 4800 vos
2694 4753 2868 4798 autem
2903 4743 2954 4797 in
2984 4740 3165 4811 quiete
3187 4742 3345 4796 vitam
3376 4757 3516 4812 eam,
3546 4762 3665 4816 qua:
3696 4747 3747 4801 in
3777 4749 3933 4816 peri--

2347 4839 2482 4891 culis
2506 4844 2869 4906 comparatur,
2898 4832 3171 4903 percipitis
3204 4850 3218 4887 :
3245 4842 3405 4901 atque
3434 4848 3493 4887 ea
3518 4836 3731 4902 quidem
3757 4876 3772 4897 ,
3801 4852 3932 4906 qua:

2346 4944 2465 4982 cum
2490 4930 2729 4999 periculo
2767 4926 3053 4995 conjuncta
3080 4934 3227 4988 sunt,
3246 4924 3345 4994 ipsi
3367 4924 3694 4979 sustinemus
3714 4942 3728 4991 ;
3751 4936 3808 4982 at
3827 4945 3933 4983 vos

2345 5020 2507 5074 rebus
2547 5019 2796 5073 secundis
2839 5016 3075 5071 Iruimini
3108 5032 3328 5088 :neque
3373 5017 3516 5072 enim
3550 5030 3711 5087 pares
3748 5028 3932 5075 tentat-

2344 5110 2518 5165 tiones
2541 5110 2798 5165 suilertis.
2828 5110 2915 5163 15.
2951 5105 3204 5163 Habentes
3231 5118 3401 5163 autem
3424 5108 3654 5163 eumdem
3678 5110 3928 5180 spiritum

2344 5202 2486 5268 ﬁdei,
2512 5204 2641 5255 sicut
2662 5202 2907 5272 scriptum
2928 5207 3001 5253 est
3032 5214 3051 5251 :
3072 5198 3275 5255 Credidi
3302 5209 3511 5272 propter
3529 5200 3663 5265 quod
3686 5202 3936 5271 loquutus

2342 5307 2455 5345 sum
2487 5333 2503 5357 ,
2534 5303 2581 5347 et
2607 5310 2701 5347 nos
2726 5292 2975 5347 credimus
3006 5300 3211 5359 propter
3250 5292 3386 5362 quod
3421 5301 3469 5344 et
3510 5291 3765 5360 loquimur
3791 5307 3810 5347 :
3833 5294 3929 5347 14.

2340 5382 2547 5437 scientes
2570 5384 2809 5454 quoniam
2828 5380 2917 5448 qui
2941 5380 3198 5434 suscitauit
3224 5379 3499 5436 Dominum
3523 5376 3719 5446 Iesum,
3740 5392 3791 5435 et
3819 5384 3938 5450 ipse

2342 5473 2599 5527 suscitabit
2629 5490 2721 5528 nos
2748 5488 2838 5543 per
2862 5469 3061 5523 letum.
3091 5469 3412 5527 Submonuit
3436 5483 3534 5525 nos
3565 5469 3749 5538 psalmi
3784 5513 3801 5536 ,
3842 5474 3933 5526 in-
4012 5470 4013 5477 “

2342 5564 2546 5634 signem
2592 5561 2995 5634 philosottbiam
3038 5561 3445 5631 complectentis
3477 5602 3492 5628 ,
3547 5559 3636 5628 qui
3690 5564 3932 5619 maxime

2344 5655 2514 5725 possit
2558 5654 2608 5709 in
2661 5654 2917 5725 periculis
2958 5653 3213 5709 excitare.
3269 5653 3395 5708 Haec
3445 5651 3587 5707 enim
3630 5650 3795 5705 verba
3844 5668 3934 5706 vir

2336 5745 2512 5815 justus
2535 5745 2918 5813 pronuntiarit,
2954 5757 3073 5796 cum
3103 5742 3154 5797 in
3178 5742 3382 5805 magnis
3410 5738 3659 5803 periculis
3674 5749 3841 5807 esset,
3878 5758 3937 5803 ει
