4022 6258
223 391 319 449 itii

221 520 255 558 ε
278 503 472 575 quibus
491 519 597 558 non
614 499 857 571 aliunde,
876 512 1037 573 quam
1056 515 1153 574 per
1171 502 1407 559 divinam
1422 517 1602 574 opem,
1631 518 1814 560 enter-

221 610 351 666 gere
378 604 606 666 poterat.

299 687 355 741 2.
396 686 657 754 Quoniam
689 686 849 757 igitur
877 700 997 757 qua:
1021 693 1247 757 cognata
1289 695 1435 751 sunt,
1465 700 1711 758 magnam
1743 688 1814 743 ad

220 778 608 851 consolandum
648 780 755 832 vim
784 777 985 834 habere
1010 780 1223 843 solent,
1251 776 1453 833 idcirco
1476 776 1610 833 dixit
1642 795 1657 833 :
1691 775 1812 832 Ha-

226 870 394 925 bentes
413 870 641 924 eumdem
659 870 937 941 spiritum;
971 868 1024 924 id
1052 878 1157 934 est,
1184 867 1376 926 eodem
1402 868 1641 925 subsidio
1665 869 1809 937 freti,

222 975 330 1031 quo
355 962 445 1016 ille
467 976 496 1015 e
517 959 758 1032 periculo
781 967 998 1031 ereptus
1017 968 1120 1025 est,
1144 973 1244 1013 nos
1264 973 1476 1029 quoque
1492 974 1772 1015 servantur
1794 975 1809 1013 :

222 1068 288 1110 ex
311 1053 500 1111 eodem
527 1053 748 1123 spiritu,
771 1068 881 1123 quo
910 1051 999 1107 ille
1028 1051 1280 1122 loquutus
1313 1061 1429 1121 est,
1471 1066 1571 1107 nos
1599 1068 1813 1123 quoque

226 1147 513 1217 loquimur.
544 1146 749 1214 Quibus
775 1145 953 1201 verbis
983 1144 1111 1200 illud
1137 1142 1409 1211 ostendit,
1459 1144 1650 1199 miram
1690 1160 1814 1202 esse
1858 1150 1861 1151 ⁷

222 1247 363 1294 mter
410 1237 615 1293 Novum
665 1246 723 1292 et
767 1235 930 1291 Vetus
977 1232 1381 1291 Testamentum
1431 1236 1808 1301 concordiam.

220 1339 383 1399 atque
431 1327 680 1383 eumdem
725 1328 969 1397 Spiritum
997 1340 1117 1382 esse
1144 1368 1159 1394 ,
1200 1326 1291 1398 qui
1337 1327 1390 1383 in
1434 1336 1665 1398 utroque
1703 1329 1812 1383 vim

217 1436 373 1477 suam
414 1421 748 1477 exseruerit:
779 1418 1017 1490 illudque
1058 1428 1350 1489 pra-terea,
1382 1434 1489 1474 non
1520 1434 1614 1482 nos
1664 1421 1813 1476 solos

222 1514 277 1566 in
322 1514 571 1583 periculis
613 1512 850 1578 versari,
896 1510 993 1566 sed
1020 1512 1185 1566 etiam
1214 1522 1427 1567 veteres
1470 1527 1695 1577 omnes;
1742 1513 1813 1567 ob

218 1605 380 1671 idque
413 1603 514 1659 ﬁde
541 1618 605 1657 ac
641 1618 737 1672 spe
764 1602 974 1657 animos
1000 1602 1291 1672 erigendos
1315 1616 1455 1667 esse,
1484 1618 1585 1658 nec
1616 1618 1813 1674 urgen-

218 1697 353 1750 tium
378 1696 637 1751 mnlorum
669 1696 827 1750 tinem
856 1695 1035 1749 statim
1064 1696 1371 1765 petendum.

292 1787 482 1841 Christi
520 1787 840 1851 resurrectio,
889 1788 1115 1843 omnium
1164 1787 1581 1841 resurrectionem
1612 1788 1810 1857 probat.

221 1908 284 1917 -
310 1879 593 1947 Postquam
620 1883 761 1933 enim
792 1878 1090 1933 rationibus
1113 1880 1567 1935 resurrectionem
1625 1895 1690 1935 ac
1729 1883 1812 1936 vi—

217 1982 326 2023 tam
354 1970 770 2033 demonstravit,
816 1968 1058 2040 illudque
1098 1971 1337 2040 insuper,
1372 1972 1604 2041 pericula
1639 1972 1809 2028 imbe-

213 2063 453 2117 cillitatis
480 2077 541 2116 ac
571 2062 891 2116 desertionis
916 2072 1293 2133 argumentum
1326 2079 1431 2117 non
1464 2079 1605 2131 esse,
1656 2065 1810 2121 dein-

212 2168 342 2223 ceps
365 2155 473 2224 jam
496 2154 651 2208 fidem
680 2154 840 2209 etiam
870 2154 1095 2221 invehit,
1118 2157 1274 2226 eique
1294 2158 1475 2211 omnia
1501 2160 1807 2224 cotnmittit.

213 2246 549 2317 Quamquam
587 2247 757 2317 ipsam
789 2263 1004 2319 quoque
1034 2258 1091 2303 ut
1122 2251 1346 2318 probet,
1396 2251 1597 2307 Christi
1627 2268 1812 2308 resur-

213 2342 513 2394 rectionem
544 2341 596 2394 in
644 2341 877 2396 medium
910 2342 1087 2407 aﬂ'ert,
1138 2358 1259 2397 cmn
1291 2345 1365 2399 ait
1397 2363 1409 2397 :
1457 2344 1571 2400 Nos
1613 2363 1811 2417 quoque

211 2432 482 2496 credimus,
518 2444 727 2503 propter
744 2433 877 2502 quod
903 2434 1175 2503 loquimur.
1202 2436 1339 2509 Quid
1361 2436 1653 2503 credimus,
1679 2438 1813 2493 heus

216 2538 273 2579 tu
298 2526 321 2578 ?
370 2524 517 2589 Quod
548 2529 593 2579 is
621 2527 709 2596 qui
733 2527 988 2581 Christum
1014 2529 1294 2593 suscitavit,
1330 2545 1420 2582 nos
1448 2530 1597 2582 etiam
1625 2530 1820 2583 excita-

212 2619 283 2671 bit
314 2628 359 2672 et
386 2621 650 2672 constituet
673 2619 944 2675 vobiscum.
984 2620 1068 2673 15.
1099 2621 1284 2673 Omnia
1309 2623 1441 2673 enim
1465 2633 1669 2689 propter
1699 2640 1807 2689 vos,

211 2720 267 2762 ut
298 2713 463 2781 gratia
492 2711 758 2763 abundans
784 2751 799 2775 ,
851 2727 939 2778 per
970 2712 1153 2764 multos
1190 2712 1243 2764 in
1289 2713 1572 2781 gratiarum
1612 2714 1811 2767 actione

209 2804 434 2856 abundet
465 2804 515 2855 in
545 2803 765 2872 gloriam
792 2801 906 2856 Dei.
942 2788 1151 2856 Rursus
1178 2803 1389 2857 animos
1417 2820 1603 2859 eorum
1630 2805 1805 2871 eli'ert,

212 2907 396 2950 utnon
432 2896 733 2950 hominibus
758 2897 980 2964 gratiam
1013 2896 1275 2962 habeant,
1310 2896 1414 2951 hoc
1460 2908 1541 2952 est
1563 2934 1577 2963 ,
1607 2900 1806 2969 pseud-

210 2988 493 3057 upostolis.
523 2988 635 3043 lloc
660 2988 805 3043 enim
852 2998 1020 3042 totum
1050 2987 1142 3042 Dei
1174 2998 1298 3055 est,
1326 2988 1417 3059 qni
1442 2990 1807 3060 compluribus

208 3082 499 3151 gratiﬁcari
530 3082 641 3136 vult
668 3090 725 3135 ut
759 3082 929 3151 major
954 3084 1123 3151 gratia
1156 3091 1429 3152 appareat.
1463 3083 1685 3153 Propter
1710 3100 1808 3140 vos

209 3171 489 3241 quippcet
538 3174 866 3228 resurrectio
912 3174 1080 3244 ipsius
1110 3174 1346 3241 exstitit,
1383 3184 1437 3229 et
1466 3186 1657 3230 caetera
1686 3192 1806 3231 om-

210 3263 323 3315 nia.
355 3263 536 3334 Neque
567 3266 711 3319 enim
752 3266 906 3319 llillllS
936 3266 1212 3322 dumtaxat
1244 3268 1475 3324 hominis
1506 3285 1663 3324 causa
1693 3270 1807 3325 haec

210 3354 361 3421 fecit,
387 3356 480 3411 sed
512 3358 772 3412 omnium.
808 3358 894 3412 iti.
930 3356 1149 3428 PrOpler
1194 3361 1327 3429 quod
1357 3378 1457 3415 non
1507 3362 1807 3431 tle/icimur:

208 3446 300 3499 sed
326 3447 440 3500 licet
471 3449 533 3513 is,
574 3450 661 3517 qui
688 3451 813 3533 foris
841 3461 934 3514 est,
966 3461 1137 3504 noster
1161 3454 1313 3506 homo
1335 3457 1695 3523 corrumpitur,
1724 3466 1805 3508 ta—

210 3556 326 3594 men
352 3541 413 3605 is,
447 3559 533 3611 qut
563 3542 699 3596 intus
733 3552 828 3610 est,
858 3556 1131 3598 renovatur
1168 3545 1230 3599 de
1254 3546 1335 3599 die
1364 3549 1416 3600 in
1460 3550 1612 3601 diem.
1663 3549 1807 3616 Quoi»

207 3633 372 3687 modo
397 3633 796 3701 corrumpitur?
825 3633 957 3687 Cum
987 3634 1168 3704 ﬂagris
1193 3636 1446 3703 caeditur,
1478 3640 1800 3707 exagitatur,

207 3725 481 3780 sexcentis
510 3724 892 3785 acerbitatibus
934 3715 1187 3793 afficitur.
1220 3723 1277 3781 Is
1315 3739 1481 3782 tamen
1506 3769 1520 3791 ,
1552 3732 1637 3798 qui
1667 3732 1806 3786 intus

207 3826 306 3881 est,
332 3826 602 3869 renovatur
628 3815 691 3869 de
719 3816 801 3869 die
841 3816 896 3895 in
936 3816 1089 3869 diem.
1118 3816 1236 3882 Quo
1279 3826 1434 3886 pacto
1479 3821 1805 3875 renovatur?

207 3898 363 3976 Ride,
395 3922 508 3978 spe,
536 3907 706 3977 animi
742 3907 1184 3979 promptitudine.
1208 3908 1394 3971 licetat
1437 3909 1621 3981 igitur,
1651 3922 1705 3966 ut
1738 3912 1803 3967 ad

205 4002 447 4070 pericula
468 4002 790 4073 intrepidum
812 4000 1048 4057 animum
1067 3986 1374 4057 affet-amns.
1394 4004 1511 4072 Quo
1533 3990 1673 4060 enim
1695 4008 1807 4077 plu-

206 4094 359 4148 ribus
382 4093 941 4163 incommodiscorpus
960 4094 1261 4159 divexatur,
1282 4110 1345 4149 eo
1365 4096 1553 4150 ltrtiori
1576 4113 1671 4167 spe
1692 4100 1804 4152 ani-

207 4201 333 4240 mus
362 4186 577 4249 fruitur,
607 4201 668 4239 ac
698 4186 1033 4254 splendidior
1054 4186 1303 4251 eﬂieitur,
1324 4202 1429 4242 non
1460 4204 1616 4243 secus
1643 4200 1804 4259 atque

205 4292 422 4339 aurum,
453 4277 537 4330 cui
565 4276 704 4344 ignis
727 4276 927 4329 diutius
958 4272 1259 4331 adhibetur.
1290 4279 1367 4333 Ae
1392 4280 1513 4333 vide
1535 4279 1804 4349 quomodo

210 4368 495 4437 praesentis
517 4369 640 4421 vitae
662 4368 935 4421 molestias
960 4368 1251 4437 abstergat.
1284 4370 1371 4422 17.
1416 4370 1483 4423 Id
1512 4374 1643 4424 enim
1668 4371 1805 4441 quod

208 4466 263 4515 in
291 4460 525 4531 presenti
556 4468 627 4514 est
674 4469 1078 4512 momentaneunt
1106 4474 1166 4511 ac
1192 4460 1295 4511 leve
1339 4461 1682 4516 tribulationis
1709 4481 1806 4516 no-

207 4566 349 4618 stra,
371 4570 525 4623 supra
545 4552 747 4607 modum
762 4553 813 4605 in
829 4550 1138 4605 sublimitate
1154 4561 1398 4604 aeternum
1416 4554 1593 4624 gloriae
1605 4557 1803 4624 pondus

208 4658 453 4718 operatur
470 4649 519 4700 in
542 4648 704 4708 nobis,
728 4647 815 4701 18.
841 4662 943 4699 non
963 4644 1417 4713 contemplantibus
1435 4645 1577 4699 nobis
1595 4665 1708 4715 qua:
1728 4652 1803 4703 via-

209 4739 417 4804 dentur,
445 4740 533 4792 sed
558 4749 670 4805 quae
691 4754 788 4790 non
812 4736 1062 4790 videntur.
1091 4733 1196 4804 Spe
1219 4736 1487 4803 negotium
1517 4741 1800 4806 conclusit,

210 4830 461 4900 quodque
475 4831 525 4882 in
543 4829 766 4897 epistola
784 4829 850 4883 ad
872 4828 1140 4883 Romanos
1157 4826 1369 4880 dicebat
1390 4844 1403 4880 :
1426 4827 1669 4897 Spesalvi
1684 4834 1808 4901 facti

209 4937 427 4985 sumus;
456 4936 567 4988 spes
598 4932 763 4973 autem
791 4936 903 4989 qua:
941 4919 1137 4973 videtur
1167 4934 1264 4970 non
1298 4928 1368 4970 est
1397 4935 1511 4987 spes
1537 4921 1715 4988 (Rom.
1750 4928 1803 4976 8.

210 5014 311 5083 2i)
340 5033 351 5066 :
376 5012 477 5067 hoc
504 5012 663 5065 etiam
693 5012 777 5066 hic
806 5012 1089 5066 adstruens
1113 5053 1125 5074 ,
1163 5011 1442 5079 prmsentia
1468 5027 1587 5066 cum
1618 5013 1808 5068 futuris

212 5106 524 5175 componit:
569 5118 805 5173 prmsens
842 5119 962 5159 cum
1007 5113 1240 5167 zelen-no,
1290 5102 1407 5155 leve
1451 5117 1571 5155 cum
1615 5105 1804 5174 gravi,

211 5200 614 5256 tribulationem
656 5211 777 5251 cum
824 5198 1013 5267 gloria.
1061 5200 1138 5251 Ac
1166 5211 1231 5250 ne
1263 5194 1366 5248 hoc
1404 5194 1621 5263 quidem
1674 5211 1805 5250 con-

218 5303 418 5356 tentus,
443 5292 669 5344 alteram
699 5305 882 5344 vocem
909 5290 1169 5360 adjungit,
1200 5302 1423 5357 eamque
1447 5288 1805 5357 conduplicat,

213 5401 336 5438 cum
359 5385 430 5436 ait
455 5399 470 5434 :
502 5381 675 5449 Supra
700 5380 904 5433 modum
929 5382 981 5435 in
1007 5382 1331 5435 sublimitate.
1359 5379 1559 5434 Deinde
1590 5380 1806 5433 modum

215 5478 469 5539 declarat,
498 5491 603 5543 quo
626 5482 703 5527 tot
723 5488 785 5527 ac
805 5483 963 5528 tantm
985 5473 1303 5528 afﬂictiones
1322 5472 1467 5525 leves
1483 5470 1805 5525 efﬁciantur.

215 5568 461 5634 Quonam
490 5565 647 5634 igitur
674 5562 831 5616 modo
864 5562 1152 5617 levantur?
1186 5561 1309 5616 Non
1352 5560 1808 5629 contemplantibus

216 5657 361 5712 nobis
381 5636 765 5726 quw‘videntur,
796 5652 885 5705 sed
910 5668 1022 5720 qua
1050 5668 1150 5706 non
1179 5652 1431 5705 videntur.
1456 5648 1531 5702 ita
1557 5650 1806 5703 nimirum

217 5759 274 5805 et
302 5754 592 5817 praesentes
620 5744 882 5798 molestia:
909 5744 1055 5798 leves
1079 5785 1094 5811 ,
1132 5754 1189 5798 et
1228 5744 1461 5798 futurum
1496 5740 1627 5796 illud
1667 5757 1805 5812 pra:-

218 5841 386 5898 mium
412 5838 599 5909 ingens
623 5835 746 5904 erit,
791 5836 833 5890 si
864 5850 895 5890 a
927 5834 1223 5891 visibilibus
1256 5851 1353 5891 nos
1397 5833 1797 5915 abduxerimus:

1180 387 1247 447 IN
1284 388 1501 449 EPIST.
1542 391 1587 447 ll
1647 393 1740 449 AD
1774 394 1931 452 COR.
1971 398 2199 458 ιιοιιιιι.
2244 402 2336 460 IX.

3404 416 3511 471 ιω

1925 508 2054 577 Quae
2077 514 2212 567 enim
2239 514 2476 571 uidentur
2498 520 2807 589 ternporaria
2833 532 2972 578 sunt.
2996 519 3140 595 Ergo
3160 534 3215 583 et
3240 528 3505 599 ejusmodi

1918 610 2044 657 sunt
2079 603 2417 664 amictionea.
2460 609 2591 679 ρω
2629 622 2797 669 autem
2841 632 2943 671 non
2986 618 3241 688 uidentur,
3293 632 3507 681 «eterna.

1919 691 2084 765 Igitur
2096 707 2151 752 et
2166 712 2379 756 corona:
2390 716 2603 773 quoque
2620 704 2773 761 tales.
2790 705 2898 763 Nec
2912 708 3071 775 dixit,
3092 710 3249 767 Tales
3264 725 3387 769 sunt
3410 721 3508 771 tri-

1916 782 2241 855 bulationes,
2262 789 2379 856 sed,
2411 792 2539 859 Quae
2568 794 2795 851 ridentur
2814 797 3014 865 omnia,
3038 801 3151 855 sive
3184 804 3506 873 supplicium

1919 873 2086 939 dicas,
2111 879 2226 933 sive
2252 881 2482 948 quietem
2511 901 2523 937 :
2550 894 2610 939 ut
2634 901 2739 941 non
2764 888 2836 943 sit
2862 904 2958 944 cur
2978 898 3070 945 aut
3102 891 3227 948 hinc
3252 895 3497 952 emollia-

1918 965 2017 1032 rls,
2039 978 2132 1023 aut
2153 970 2301 1027 illinc
2324 971 2602 1044 frangaris.
2624 976 2885 1043 Quocirca
2909 990 3010 1037 nec
3036 983 3104 1038 de
3130 981 3324 1039 futuris
3344 988 3509 1045 verba

1918 1056 2140 1128 faciens,
2170 1062 2323 1132 dixit,
2352 1067 2594 1139 Regnum
2619 1081 2913 1141 aeternum;
2944 1074 3037 1130 sed
3056 1117 3071 1140 ,
3122 1076 3250 1142 Quae
3286 1096 3385 1133 non
3427 1082 3507 1135 ei-

1920 1150 2123 1219 dentur,
2154 1166 2346 1212 aeterna
2369 1170 2505 1227 sunt,
2537 1162 2652 1216 sive
2679 1178 2898 1233 regnum
2928 1167 3029 1233 sit,
3054 1166 3167 1223 sive
3190 1170 3457 1226 cruciatus
3489 1188 3504 1225 :

1919 1254 1977 1299 ut
1998 1255 2053 1301 et
2074 1246 2199 1304 hinc
2222 1258 2483 1307 terrorem
2511 1254 2663 1309 nobis
2688 1256 2930 1324 incutiat,
2950 1264 3004 1312 et
3026 1258 3172 1315 illinc
3194 1276 3291 1315 nos
3312 1261 3509 1317 adhor-

1922 1346 2081 1393 tetttr.
2114 1340 2247 1395 Cum
2274 1343 2433 1413 igitur
2451 1362 2566 1416 qua:
2598 1346 2847 1403 videntur
2871 1353 3181 1420 temporalia
3212 1352 3348 1418 sint,
3390 1371 3510 1423 qua:

1919 1437 2097 1484 autem
2125 1446 2229 1485 non
2253 1432 2516 1499 videntur,
2546 1446 2766 1501 atterna,
2790 1438 2854 1492 ad
2886 1438 3000 1493 hrec
3027 1441 3303 1496 oculorum
3334 1446 3503 1499 aciem

1920 1520 2280 1580 intendamus.
2315 1527 2493 1597 Ecqua
2519 1529 2661 1583 enim
2690 1530 2845 1585 nobis
2873 1534 3153 1588 excusatio
3176 1533 3349 1589 futura
3398 1551 3429 1591 e
3460 1546 3502 1600 t.

1919 1612 1963 1665 si
2009 1612 2149 1668 ﬂuxa
2185 1618 2529 1687 sempiternis
2560 1623 2991 1689 prtetulerimus?
3042 1624 3173 1680 Nam
3204 1628 3301 1681 etsi
3341 1643 3506 1684 suave

1920 1706 2162 1774 estquod
2194 1723 2429 1777 prmsens
2468 1721 2578 1777 est,
2608 1729 2712 1773 non
2744 1719 3030 1772 esttamen
3058 1727 3409 1789 perpetuum;
3456 1730 3511 1777 at

1920 1797 2216 1866 acerbitas,
2268 1818 2385 1872 quae
2438 1815 2505 1859 ex
2555 1805 2651 1861 hac
2696 1810 2961 1864 suavitate
2999 1811 3254 1877 nascitur,
3304 1827 3403 1869 nec
3442 1814 3508 1867 fi-

1920 1906 2042 1945 nem
2094 1892 2253 1948 habet
2295 1911 2395 1951 ncc
2442 1898 2669 1953 veniam.
2705 1902 2873 1967 Quam
2922 1902 3065 1957 enim
3106 1908 3507 1962 excusationem

1922 1979 2153 2039 ltahituri
2185 1994 2329 2053 sunt,
2357 1990 2470 2058 qui,
2497 2004 2617 2044 cum
2640 1992 2885 2060 spiritum
2914 1996 3218 2064 acceperint
3255 2006 3519 2069 tantoque

1920 2073 2183 2131 beneﬂcio
2204 2074 2375 2134 allecti
2401 2081 2527 2146 sint,
2552 2082 2773 2151 abjeetis
2795 2092 2996 2139 tantum
3020 2086 3181 2141 rebus
3197 2086 3509 2144 incumbunt

1920 2176 2080 2236 atque
2119 2170 2169 2223 in
2202 2178 2341 2224 terra
2370 2172 2748 2227 conabuntur?
2779 2171 2990 2231 Etenim
3021 2178 3324 2247 complures
3351 2182 3511 2236 audio

1919 2260 2007 2327 qui
2033 2259 2274 2315 ridiculis
2310 2262 2457 2317 hisce
2494 2264 2671 2317 verbis
2703 2274 2924 2320 utuntur
2956 2286 2969 2322 :
3014 2267 3089 2321 Da
3118 2267 3248 2323 mihi
3289 2270 3509 2326 hodier-

1917 2368 2045 2407 num
2075 2352 2236 2417 diem,
2266 2364 2320 2408 et
2342 2363 2395 2409 tu
2418 2358 2710 2411 crastinum
2753 2373 2926 2413 sume.
2954 2358 3086 2414 Nam
3116 2361 3161 2415 si
3190 2361 3310 2416 talis
3347 2370 3431 2419 est
3456 2363 3508 2417 in

1917 2442 2095 2499 futuro
2127 2461 2245 2499 sevo
2287 2461 2465 2501 rerum
2506 2457 2711 2513 status,
2738 2451 2949 2519 qualem
2978 2451 3155 2507 dicitis
3176 2496 3189 2516 ,
3220 2470 3381 2508 unum
3414 2471 3512 2524 pri

1919 2552 2025 2590 uno
2055 2536 2216 2591 fuerit
2251 2556 2262 2591 :
2298 2538 2339 2591 si
2371 2554 2497 2592 vero
2523 2554 2589 2593 ex
2621 2541 2682 2593 iis
2715 2541 2844 2595 nihil
2872 2544 3094 2596 omnino
3124 2553 3241 2607 est,
3283 2544 3387 2599 duo
3416 2560 3512 2615 pro

1917 2625 2087 2682 nihilo
2118 2638 2295 2685 erunt.
2330 2630 2465 2698 Quid
2513 2632 2596 2685 his
2622 2631 2841 2687 vocibus
2868 2635 3185 2689 sceleratius
3205 2676 3218 2700 ,
3250 2636 3375 2705 quid
3407 2638 3505 2691 de-

1917 2722 2147 2774 mentius
2180 2721 2302 2790 tingi
2350 2722 2567 2789 potest?
2610 2718 2719 2778 Nos
2763 2722 2830 2778 de
2874 2722 3006 2777 carro
3043 2722 3355 2779 disserimus
3383 2767 3395 2785 .
3442 2728 3508 2781 de

1914 2814 2124 2865 arcanis
2155 2820 2208 2865 et
2234 2812 2593 2869 ineii‘ahilihus
2614 2815 2720 2868 illis
2742 2814 2933 2880 bonis;
2964 2826 3017 2869 et
3043 2827 3095 2869 tu
3121 2816 3279 2872 verba
3309 2834 3339 2872 e
3364 2817 3510 2873 circo
3572 2854 3575 2855 ν

1916 2904 2075 2972 petita
2112 2904 2163 2957 in
2196 2904 2429 2959 medium
2464 2904 2689 2974 profers,
2724 2922 2824 2960 nec
2853 2907 3054 2975 pudore
3085 2906 3408 2965 suilunderis
3446 2925 3508 2964 ea

1915 2995 2277 3065 proloquens,
2318 3010 2436 3065 quas
2481 3006 2662 3051 mente
2712 3008 2990 3067 captorum
3044 2998 3317 3052 hominmn
3350 3010 3505 3065 sunt,

1915 3102 2015 3140 nec
2058 3087 2364 3153 erubescis,
2413 3089 2765 3157 praesentibus
2813 3090 2971 3144 rebus
3019 3090 3088 3143 ita
3136 3089 3369 3145 inﬁxus?
3401 3107 3506 3144 non

1912 3175 2159 3245 desipere
2187 3192 2249 3230 ac
2278 3186 2455 3232 mente
2483 3176 2745 3232 excedere
2791 3180 3006 3233 desines
3032 3221 3048 3245 ,
3080 3190 3239 3250 atque
3270 3182 3319 3235 in
3356 3182 3510 3251 juve-

1912 3266 2003 3321 nili
2037 3276 2193 3322 mtate
2223 3266 2496 3321 delirare?
2527 3266 2677 3335 Quod
2708 3268 2753 3321 si
2796 3266 2910 3323 hau:
2939 3269 3101 3324 verba
3134 3286 3198 3324 ex
3224 3258 3502 3340 gentilium

1913 3374 2007 3413 ore
2034 3358 2397 3425 mitterentur,
2420 3358 2549 3413 nihil
2579 3361 2775 3414 mirum
2802 3368 2947 3414 esset
2973 3368 3068 3415 :-at
3092 3375 3219 3416 vero
3243 3362 3346 3417 [ide
3372 3377 3506 3431 prte-

1914 3450 2056 3505 ditos
2081 3450 2326 3505 homines
2354 3451 2616 3520 ejusmodi
2643 3466 2922 3507 sermones
2945 3452 3176 3517 eil‘ntirc,
3207 3470 3363 3523 quam
3390 3462 3504 3508 tan-

1913 3540 2035 3595 dem
2070 3542 2280 3596 veniam
2313 3542 2507 3597 mereri
2533 3543 2585 3597 id
2616 3543 2810 3612 queat?
2841 3558 2907 3597 an
2937 3559 3060 3613 Spes
3092 3544 3209 3597 illas
3232 3545 3507 3599 immorta-

1914 3633 1990 3688 les
2012 3636 2231 3689 omnino
2253 3646 2533 3705 suspectas
2564 3636 2772 3690 habes?
2799 3650 2865 3689 an
2898 3636 3012 3691 11'.th
3055 3650 3271 3705 prorsus
3303 3638 3501 3691 incerta

1911 3738 2032 3779 esse
2047 3725 2271 3779 censes?
2291 3741 2393 3794 qua
2420 3726 2634 3780 tandem
2651 3727 2801 3780 venia
2822 3727 2938 3781 haec
2953 3727 3109 3796 digna
3134 3742 3251 3780 esse
3269 3729 3503 3795 queant?

1913 3816 1977 3871 Et
2001 3816 2268 3886 quisnam,
2298 3817 2563 3885 inquiunt,
2590 3816 2655 3869 ad
2684 3831 2782 3871 nos
2810 3818 2987 3883 venit,
3020 3831 3084 3870 ac
3125 3832 3244 3886 quae
3278 3817 3387 3873 illic
3410 3832 3502 3886 ge.

1913 3920 2098 3963 rantur
2137 3909 2419 3978 exposuit?
2466 3909 2749 3962 llominum
2788 3923 2918 3963 sane
2962 3921 3159 3974 nemo,
3213 3909 3307 3964 sed
3363 3909 3504 3965 Deus

1914 4001 2045 4071 ipse,
2080 4003 2317 4055 omnium
2346 4000 2447 4055 ﬁde
2475 4001 2820 4071 dignissimus
2842 4042 2855 4066 ,
2905 4000 3020 4055 haec
3059 3998 3367 4055 declaravit.
3397 4002 3502 4056 Sed

1915 4111 2018 4147 non
2048 4095 2198 4149 vides
2225 4109 2312 4147 res
2342 4094 2502 4148 illas?
2528 4094 2709 4162 Neque
2735 4095 2879 4147 enim
2930 4094 3096 4147 Deum
3124 4092 3302 4147 cernis
3332 4109 3345 4146 :
3376 4094 3501 4163 quid

1913 4200 2040 4253 ergo
2067 4225 2081 4247 ,
2114 4200 2179 4236 an
2213 4184 2438 4251 proinde
2470 4184 2634 4235 Deum
2664 4198 2783 4237 esse
2815 4198 2918 4236 non
2963 4185 3291 4238 existimabis
3317 4226 3331 4247 ,
3380 4186 3501 4253 quia

1911 4290 2032 4328 eum
2059 4290 2163 4326 non
2194 4273 2387 4327 vides?
2417 4273 2483 4326 Et
2511 4273 2664 4326 valde
2694 4271 2905 4339 quidem
2934 4272 3202 4338 existimo,
3234 4259 3462 4341 inquies.

1984 4368 2034 4421 5.
2082 4367 2245 4436 Igitur
2285 4367 2327 4420 si
2371 4366 2633 4436 quispiam
2679 4382 2744 4421 ex
2776 4366 3079 4421 infidelibus
3130 4355 3499 4437 percontetur,

1912 4457 2111 4528 Ecquis
2131 4474 2161 4513 e
2190 4458 2323 4512 cado
2348 4459 2511 4524 venit,
2535 4467 2691 4527 atque
2716 4459 2831 4513 lucc
2858 4459 3097 4512 narravit
3121 4478 3133 4512 :
3169 4459 3293 4527 quid
3325 4461 3499 4515 dictu-

1912 4564 2005 4605 rus
2036 4552 2137 4605 es?
2166 4551 2305 4605 unde
2335 4552 2473 4604 nosti
2509 4552 2671 4604 Deum
2702 4552 2868 4605 esse?
2897 4552 2979 4605 Ah
3020 4553 3083 4605 iis
3113 4555 3270 4606 rebus
3301 4570 3419 4622 quae
3451 4558 3501 4609 in

1913 4652 2186 4713 aspectum
2215 4641 2433 4706 cadunt,
2466 4642 2689 4709 inquies,
2715 4641 2784 4693 ab
2817 4656 2881 4695 eo
2907 4643 3113 4705 ordine,
3144 4644 3232 4711 qui
3259 4644 3309 4695 in
3345 4646 3504 4699 rebus

1914 4734 2160 4788 omnibus
2187 4730 2417 4784 conditis
2450 4732 2623 4784 elucet
2658 4749 2668 4781 :
2716 4730 2839 4784 hinc
2882 4731 3109 4800 denique
3140 4732 3279 4800 quod
3320 4733 3389 4787 de
3436 4749 3503 4787 eo

1916 4825 2053 4878 inter
2076 4838 2263 4876 mnnes
2295 4833 2524 4877 constat.
2558 4824 2646 4877 Sic
2668 4824 2825 4893 igitur
2848 4839 3152 4878 sermonem
3183 4840 3396 4894 quoque
3432 4828 3503 4881 de

1916 4925 2155 4970 extremo
2179 4913 2382 4981 judicio
2411 4915 2619 4983 excipe.
2649 4915 2764 4982 Quo
2792 4917 2979 4983 pacto?
3001 4916 3225 4985 inquies.
3274 4916 3507 4971 Percon-

1917 5008 2069 5060 tabor
2094 5014 2177 5069 te;
2210 5016 2262 5058 tu
2292 5020 2421 5060 vero
2452 5006 2735 5076 responde.
2769 5007 3023 5061 Justusae
3073 5006 3160 5061 hic
3203 5008 3341 5063 Deus
3366 5049 3380 5073 ,
3434 5024 3501 5061 an

1915 5101 2106 5168 cuique
2150 5100 2291 5169 quod
2325 5111 2559 5154 meretur
2604 5100 2819 5165 tribuit;
2866 5115 2933 5153 an
2975 5109 3160 5153 contra
3211 5102 3504 5156 sceleratos

1917 5190 2111 5245 ﬂorere
2138 5199 2297 5259 atque
2326 5192 2377 5245 in
2423 5192 2631 5246 deliciis
2658 5192 2860 5246 versari
2905 5192 3047 5257 vult,
3098 5192 3295 5261 probos
3326 5204 3503 5248 autem

1916 5283 2181 5335 contraria
2210 5282 2449 5337 habere?
2492 5283 2730 5347 Minime,
2760 5284 2968 5352 inquies
2998 5301 3011 5336 ε
3043 5299 3166 5338 nam
3198 5300 3267 5340 ne
3300 5286 3503 5342 homini

1917 5373 2130 5442 quidem
2157 5374 2257 5427 hoc
2284 5373 2558 5429 acciderit.
2593 5374 2815 5428 Ubinam
2846 5374 3025 5443 igitur,
3054 5376 3142 5445 qui
3172 5375 3423 5432 virtutem
3451 5377 3504 5430 in

1916 5464 2015 5519 hac
2048 5466 2153 5518 vita
2181 5465 2479 5530 coluerunt,
2514 5466 2667 5519 bonis
2716 5466 2999 5521 fruentur?
3038 5467 3269 5524 Ubinam
3319 5482 3507 5524 rursus

1916 5556 2172 5626 improbis
2204 5572 2359 5625 ptena
2407 5559 2695 5611 constituta
2718 5557 2847 5624 erit,
2900 5560 2943 5613 si
2975 5557 3119 5612 nulla
3167 5560 3299 5617 vita.
3356 5560 3505 5615 nulla

1916 5661 2141 5712 merces,
2174 5658 2263 5701 aut
2291 5662 2442 5716 pcena
2477 5646 2648 5701 futura
2675 5648 2798 5703 est?
2830 5648 3058 5704 Videsne
3083 5691 3098 5715 ,
3150 5649 3291 5718 quod
3339 5666 3502 5704 unum

1918 5753 2013 5807 pro
2043 5753 2149 5792 uno
2179 5738 2357 5793 adhuc
2385 5746 2470 5793 est
2494 5779 2508 5802 ,
2537 5747 2591 5793 et
2615 5753 2721 5792 non
2753 5740 2859 5794 duo
2890 5755 2987 5809 pro
3032 5742 3173 5795 uno?
3218 5740 3339 5811 Ego
3376 5757 3503 5796 vero

1920 5831 2046 5885 illud
2074 5830 2165 5887 tibi
2197 5830 2495 5897 ostendam,
2526 5846 2591 5887 ne
2618 5844 2780 5887 unum
2811 5833 3023 5902 quidem
3051 5851 3147 5905 pro
3176 5851 3279 5887 uno
3310 5835 3507 5905 impro-
