4022 6258
599 338 704 396 163

596 450 697 504 bos
722 448 925 505 habere
946 490 964 516 ,
992 448 1088 505 sed
1126 446 1238 503 duo
1265 462 1364 518 pro
1388 462 1498 503 uno
1542 447 1704 516 jnstis
1746 447 1983 501 futurum
2033 460 2182 511 esse,

597 538 968 605 peccatoribus
1012 553 1145 593 vero
1189 547 1246 592 et
1281 536 1658 594 deliciantibus
1704 545 1891 591 contra
1939 536 2181 590 omnino.

595 629 728 685 Nam
755 632 844 701 qui
873 631 927 685 in
957 629 1060 686 hac
1092 629 1198 684 vita
1231 644 1294 685 se
1333 629 1694 698 voluptatibus
1730 627 2070 693 dediderunt,
2115 642 2189 683 ne

594 736 756 781 unum
785 719 1001 789 quidem
1029 736 1127 788 pro
1154 735 1265 775 uno
1288 728 1608 789 acceperunt
1634 736 1647 772 :
1670 720 1759 788 qui
1788 727 1967 773 autem
1997 718 2047 771 in
2070 719 2182 771 vir-

593 818 705 864 tute
728 810 887 865 vitam
918 810 1141 874 ducunt,
1172 808 1282 865 duo
1312 824 1412 879 pro
1438 824 1568 863 uno.
1598 808 1735 874 Utri,
1767 822 1973 879 quteso,
2006 809 2059 862 in
2083 823 2176 861 vo-

593 901 797 969 luptate
821 910 943 953 sunt
968 940 986 966 ,
1031 901 1124 969 qui
1156 900 1406 969 praesenti
1440 900 1544 955 vita
1577 900 1731 954 abusi
1762 908 1925 964 sunt,
1971 914 2040 952 an
2090 898 2179 969 qui

594 990 952 1060 philosophia:
968 1005 1192 1061 operam
1216 991 1507 1047 dederunt?
1527 990 1609 1045 Tu
1625 991 1852 1046 fortasse
1875 991 1997 1045 illos
2011 990 2179 1055 dices;

591 1094 693 1150 ego
735 1088 915 1134 autem
943 1079 1045 1135 hos
1071 1095 1194 1136 esse
1234 1081 1536 1143 ostendam.
1566 1091 1622 1136 et
1661 1080 1879 1151 quidem
1906 1095 2004 1135 eos
2033 1080 2188 1150 ipsos

593 1181 761 1227 testes
782 1172 976 1234 eitans,
1008 1172 1160 1243 queis
1186 1173 1544 1242 pncsentibus
1567 1172 1724 1227 bonis
1767 1170 1874 1226 frui
1901 1171 2127 1241 contigit
2163 1188 2177 1224 :

592 1280 695 1321 nec
723 1280 851 1320 vero
880 1266 950 1319 ita
992 1265 1243 1334 perfricta
1288 1264 1464 1321 fronte
1491 1275 1688 1331 erunt,
1731 1273 1792 1319 ut
1831 1264 2090 1319 adversus
2116 1278 2183 1319 ea

589 1374 711 1429 qum
737 1360 979 1414 dicturus
1002 1373 1159 1425 sum,
1195 1360 1294 1413 niti
1337 1358 1591 1413 audeant.
1632 1358 1764 1412 Nam
1806 1366 1863 1413 et
1910 1356 2180 1426 pronubas

589 1465 734 1521 saepe
759 1449 891 1505 diris
917 1449 1171 1504 omnibus
1191 1450 1552 1513 devoverant,
1582 1450 1864 1519 ipsumque
1899 1447 2042 1502 diem
2072 1460 2179 1517 quo

587 1542 809 1596 thalami
832 1542 989 1596 strati
1016 1550 1186 1607 sunt,
1227 1555 1430 1611 eosque
1451 1539 1637 1596 felices
1664 1539 2055 1609 prtediearunt,
2086 1537 2176 1607 qni

587 1646 817 1687 uxorem
843 1646 949 1685 non
987 1630 1278 1687 duxerunt.
1320 1631 1471 1686 Multi
1507 1647 1719 1702 quoque
1756 1631 1983 1701 juvenes
2007 1670 2022 1696 ,
2053 1644 2180 1686 cum

556 1708 808 1777 ineundi
850 1722 1177 1778 matrimonii
1224 1732 1461 1792 potestas
1506 1736 1691 1791 esset,
1742 1739 1851 1778 non
1905 1722 2067 1779 aliam
2106 1725 2178 1781 ob

584 1829 802 1871 causam
840 1815 1181 1880 abnuerunt,
1220 1830 1380 1886 quam
1420 1816 1491 1871 ob
1538 1817 1615 1872 rei
1663 1815 2022 1870 incommoda.
2066 1815 2177 1873 Nec

581 1921 717 1964 vero
741 1907 857 1965 haec
882 1925 950 1963 eo
972 1923 1001 1961 a
1050 1925 1138 1963 me
1173 1911 1445 1977 dicuntur,
1473 1920 1532 1966 ut
1584 1910 1985 1965 matrimonium
2012 1924 2177 1965 accu-

583 2015 699 2057 sem
725 2018 741 2067 ;
772 2002 1090 2061 honorabile
1116 2007 1299 2067 enim;
1327 2005 1426 2061 sed
1454 2019 1552 2062 eos
1571 2045 1588 2069 ,
1620 2005 1711 2075 qui
1740 2018 1807 2059 eo
1849 2011 2177 2073 prapostere

584 2094 666 2149 usi
692 2105 837 2150 sunt.
871 2096 1026 2163 Quod
1052 2098 1099 2153 si
1130 2098 1166 2151 ii
1191 2098 1282 2168 qui
1304 2098 1709 2152 matrimonium
1737 2096 1991 2154 inierunt.
2019 2107 2178 2149 acer—

583 2183 860 2241 bissimam
907 2188 1226 2258 plerumque
1266 2186 1409 2242 hanc
1447 2188 1611 2241 vitam
1668 2201 1789 2242 esse
1832 2185 2174 2255 iudicarunt,

578 2275 709 2344 quid
733 2275 802 2331 de
827 2276 894 2331 iis
919 2276 1187 2348 dicemus.
1217 2277 1311 2348 qui
1334 2278 1388 2332 in
1417 2277 1838 2347 prostibulorum
1864 2278 2175 2349 voraginem

582 2366 817 2435 prolapsi
846 2376 995 2432 sunt,
1027 2383 1092 2423 ac
1120 2370 1552 2446 captivoquovis
1572 2368 1823 2425 servilius
1847 2379 1904 2424 et
1926 2369 2175 2424 miserius

579 2469 705 2512 sese
721 2455 1059 2513 affecerunt?
1086 2460 1213 2529 quid
1239 2459 1308 2515 de
1335 2460 1402 2517 iis
1419 2503 1435 2527 ,
1463 2460 1554 2530 qui
1583 2461 1636 2514 in
1664 2459 1979 2516 deliciarum
2016 2474 2176 2515 emno

579 2561 1024 2626 computrucrunt
1043 2593 1060 2618 ,
1083 2568 1147 2608 ae
1174 2553 1446 2609 sexcentis
1477 2553 1681 2608 morbis
1703 2567 1901 2621 corpus
1932 2552 2175 2609 involve-

578 2643 738 2699 runt?
762 2645 833 2700 At
854 2644 1023 2714 gloria
1046 2644 1259 2714 pollere
1286 2643 1446 2700 dulce
1477 2653 1582 2700 est.
1610 2642 1756 2698 Nihil
1787 2643 1888 2699 hac
1914 2645 2175 2700 servitute

577 2736 851 2794 acerbius.
874 2736 1011 2791 Nam
1038 2737 1133 2807 qui
1162 2738 1232 2792 ita
1260 2736 1441 2792 inanis
1456 2736 1640 2807 gloria:
1663 2736 1961 2806 cupiditate
1984 2745 2174 2806 aptus

576 2839 684 2895 est,
718 2836 778 2883 ut
801 2828 1134 2898 quibuslibet
1171 2828 1387 2899 placere
1439 2828 1686 2895 studeat,
1733 2829 2013 2899 mancipiis
2053 2828 2173 2899 qui-

575 2919 759 2973 busvis
784 2919 1035 2974 servilior
1057 2926 1143 2974 est
1174 2937 1189 2972 :
1221 2920 1311 2989 qui
1340 2928 1525 2974 autem
1549 2934 1671 2973 eam
1708 2920 1900 2986 calcat,
1928 2936 2026 2975 nec
2054 2906 2172 2991 glo—

576 3011 714 3066 riam
744 3010 1019 3065 hominum
1047 3018 1225 3076 curat,
1251 3011 1507 3065 omnibus
1536 3012 1784 3080 superior
1810 3021 1912 3067 est.
1943 3014 2013 3067 At
2038 3028 2170 3083 opes

578 3103 777 3158 habere
820 3111 907 3158 est
952 3103 1339 3172 expetendum.
1372 3102 1570 3159 Verum
1599 3118 1630 3157 a
1682 3102 1837 3159 nobis
1886 3118 2033 3175 s:epe
2076 3105 2172 3160 de-

578 3202 934 3251 monstratum
954 3202 1061 3258 est,
1089 3209 1191 3249 eos
1217 3194 1386 3265 magis
1412 3193 1617 3249 divitiis
1641 3205 1697 3249 et
1713 3197 1895 3266 quiete
1922 3195 2049 3265 frui,
2078 3196 2169 3266 qui

574 3286 770 3356 opibus
794 3287 943 3340 vacui
973 3328 991 3350 ,
1021 3286 1155 3340 nihil
1198 3286 1419 3341 habent.
1448 3284 1557 3342 Sed
1585 3286 1838 3342 inebriari
1870 3300 2035 3341 suave
2062 3294 2166 3340 est.

583 3378 651 3431 Et
676 3377 798 3447 quis
815 3376 921 3431 hoc
942 3376 1175 3431 dixerit?
1201 3376 1467 3444 Quocirca
1492 3379 1536 3430 si
1564 3377 1783 3431 suavius
1807 3386 1912 3443 est,
1954 3377 2168 3446 inopem

578 3486 697 3526 esse
734 3484 891 3541 quam
933 3468 1190 3535 divitem,
1229 3483 1259 3522 a
1308 3468 1650 3523 matrimonio
1693 3468 1965 3523 abstinere
2006 3482 2168 3539 quam

576 3562 977 3617 matrimonium
996 3561 1196 3624 subire.
1230 3560 1441 3615 inanem
1464 3559 1691 3631 gloriam
1710 3560 1987 3629 aspernari
2004 3574 2169 3629 quam

574 3665 845 3725 appetere,
872 3670 902 3725 a
930 3654 1135 3708 deliciis
1160 3652 1457 3708 abhorrere
1479 3669 1642 3724 quam
1670 3651 1881 3708 deliciis
1905 3652 2161 3709 studere:

573 3756 629 3800 et
682 3744 768 3799 hic
818 3746 937 3815 plus
993 3745 1190 3799 habent
1244 3745 1277 3798 ii
1332 3744 1424 3815 qui
1482 3745 1846 3814 praesentibus
1882 3759 1989 3801 non
2037 3753 2166 3798 sunt

572 3820 740 3891 afﬁxi.
792 3836 906 3891 Hoc
951 3846 1128 3892 autem
1176 3836 1327 3899 dico,
1359 3835 1503 3904 quod
1546 3836 1630 3888 vir
1672 3835 1889 3902 quidem
1939 3834 2164 3903 probus,

568 3928 790 3982 tametsi
820 3924 1781 3989 innumeristormentisexcrucietur,
1802 3922 1963 3978 habet
1984 3933 2163 3980 tamen

573 4034 724 4086 :pv-m
765 4019 964 4083 lzrtam,
995 4034 1114 4087 qua:
1158 4018 1330 4088 ipsum
1362 4016 1547 4072 fulciat
1580 4034 1594 4069 :
1656 4018 1931 4087 improbus
1975 4027 2162 4074 contra

571 4112 731 4164 etiam
757 4110 801 4164 si
836 4111 1127 4166 innumeris
1155 4111 1514 4181 voluptatibus
1534 4110 1761 4174 fruatur,
1794 4110 1955 4166 habet
1981 4119 2161 4166 tamen

574 4201 731 4256 futuri
772 4202 1015 4271 supplicii
1043 4214 1264 4268 metum,
1288 4203 1616 4271 voluptatem
1648 4204 1814 4272 ipsius
1842 4203 2163 4272 perturban-

574 4304 702 4347 tem.
730 4290 864 4345 Nam
889 4308 956 4345 ne
977 4290 1064 4344 hic
1088 4293 1301 4360 quidem
1328 4293 1573 4360 supplicii
1604 4292 1793 4346 modus
1821 4308 2021 4361 Parvus
2047 4302 2159 4354 cst;

573 4383 871 4437 contrarius
894 4395 1042 4444 vero,
1062 4382 1349 4449 voluptatis
1378 4392 1429 4436 et
1455 4382 1851 4436 oblectationis.
1882 4383 1974 4436 Est
1994 4383 2158 4438 etiam

572 4476 760 4529 tertius
778 4475 1179 4545 modusprrcter
1198 4475 1293 4529 bos
1311 4474 1464 4529 duos.
1488 4473 1717 4540 Quinam
1739 4473 1988 4529 tandem?
2006 4474 2159 4543 Quod

572 4565 791 4635 hujusce
814 4565 1151 4621 vittedeliciu-
1185 4582 1244 4621 ac
1262 4575 1370 4620 tum
1392 4566 1603 4636 quidem
1620 4577 1907 4637 apparent,
1934 4583 2054 4622 eum
2075 4565 2166 4623 ad-

570 4668 715 4725 sunt,
744 4667 926 4724 utpote
952 4674 1085 4729 quas
1120 4672 1171 4712 δι
1204 4671 1391 4714 natura
1422 4670 1477 4715 et
1503 4668 1712 4730 tempus
1738 4671 1993 4732 coarguat
2020 4679 2031 4714 :
2059 4661 2163 4716 illa:

569 4757 755 4803 contra
776 4765 879 4802 non
903 4749 1063 4802 modo
1083 4760 1226 4815 sum,
1260 4750 1355 4803 seti
1383 4750 1548 4803 firma?
1580 4766 1788 4820 quoque
1814 4760 2050 4806 titanml.
2076 4750 2164 4806 Vi-

571 4842 694 4897 deu'
722 4842 862 4910 quod
892 4857 998 4894 non
1024 4841 1180 4894 modo
1206 4842 1313 4893 duo
1348 4857 1439 4910 pro
1475 4843 1638 4901 tullo.
1693 4844 1787 4898 sed
1837 4846 1996 4899 etiam
2036 4845 2158 4910 tria,

569 4934 826 5004 quinque,
855 4942 1013 5002 atque
1045 4932 1179 4987 adeo
1206 4940 1453 4987 sexcenta
1484 4949 1580 5002 ρι’.
1610 4954 1635 4984 ξε
1686 4942 1752 4987 ito
1776 4952 1975 5001 ponere
2002 4946 2160 5006 pote-

572 5027 780 5081 rimus?
804 5027 958 5091 Quod
976 5036 1038 5079 ut
1066 5026 1314 5093 exemplo
1348 5026 1636 5095 intelligas,
1668 5027 1817 5081 (“WB
1845 5028 1933 5083 ille
1961 5045 2025 5085 ac
2054 5029 2158 5083 La-

571 5134 746 5181 tarus,
778 5118 868 5173 ille
896 5118 1201 5185 praesentia,
1249 5118 1332 5170 hic
1364 5115 1538 5169 fotum
1577 5120 1828 5187 percepit.
1863 5126 1946 5172 An
1998 5135 2161 5185 porro

571 5226 735 5263 unum
760 5220 814 5263 et
845 5224 1009 5261 unum
1032 5224 1152 5263 esse
1182 5209 1368 5262 statuis
1394 5222 1493 5277 per
1517 5224 1677 5269 omne
1709 5219 1921 5278 tempus
1941 5210 2114 5279 puniri
2145 5252 2161 5274 ,

571 5314 730 5373 atque
776 5302 842 5357 ad
870 5303 1118 5372 exiguam
1160 5303 1344 5357 horam
1387 5303 1528 5355 fame
1560 5318 1689 5355 vexa
1706 5302 1789 5355 ri?
1846 5303 1899 5356 in
1946 5302 2162 5357 mortali

570 5410 794 5463 corpore
815 5404 1095 5464 :cgrotare,
1120 5405 1172 5448 et
1200 5395 1251 5448 in
1276 5394 1563 5447 immortali
1587 5393 1839 5446 acerbum
1866 5394 1918 5445 in
1942 5393 2162 5446 modum

574 5492 694 5560 igne
718 5490 938 5543 cruciari
965 5489 988 5541 ?
1039 5504 1201 5557 parvo
1233 5490 1323 5542 illo
1367 5490 1553 5543 morbo
1585 5488 1921 5557 perfunctum
1948 5529 1964 5551 ,
2005 5503 2162 5542 coro-

573 5580 686 5632 nari
714 5591 767 5632 et
798 5580 1010 5634 :eternis
1042 5590 1223 5648 postea
1253 5580 1456 5633 deliciis
1478 5579 1849 5633 circumﬂuere
1874 5596 1889 5643 ;
1918 5588 2009 5631 aut
2037 5587 2163 5649 post

575 5670 788 5725 brevem
836 5669 1065 5724 fructum
1097 5671 1440 5740 sempiternis
1474 5680 1661 5739 postea
1714 5669 1995 5738 suppliciis
2046 5680 2164 5724 tor-

576 5762 723 5832 queri
748 5762 769 5813 ?
794 5772 845 5815 et
873 5760 992 5831 quis
1024 5762 1136 5817 llLL‘C
1164 5762 1392 5817 dixerit?
1420 5764 1552 5828 Quid
1592 5763 1670 5815 vis
1698 5776 1958 5831 ponamus
1979 5762 2002 5813 ?
2022 5778 2157 5831 qna-

1343 332 1404 392 S.
1440 332 1719 391 JOANNIS
1755 330 2227 391 CllRYSOSTlnll
2267 330 2583 386 AliClllEP.
2629 330 3167 387 CONSTANTINOP.
3235 358 3241 362 -

3763 330 3861 387 ια

2296 446 2573 503 litatemne
2612 460 2681 498 an
2709 444 3103 513 quantitatem?
3132 443 3373 499 ordinem
3406 443 3497 499 Dei
3539 452 3629 498 aut
3653 452 3859 500 scatat-

2293 537 2419 591 tiam
2442 537 2510 591 de
2537 546 2764 606 utroque
2792 537 2954 590 latam
2972 537 2998 588 τ
3023 536 3311 606 Quousque
3331 536 3550 591 tandem
3576 537 3858 594 seat-abeo.

2291 642 2411 680 rum
2447 626 2500 679 in
2522 640 2680 681 emno
2704 640 2921 695 semper
2945 640 3066 680 sese
3091 626 3444 681 volutantium
3472 628 3635 682 verba
3681 626 3857 699 loque-

2290 719 2419 772 mini
2436 718 2460 769 1
2480 718 2663 787 Neque
2690 719 2833 772 enim
2856 718 3131 772 hominum
3154 720 3362 775 ratione
3388 720 3733 791 praditorum
3759 730 3858 787 est,

2289 812 2545 877 animam,
2568 825 2688 881 qua:
2715 810 2848 864 tanti
2874 810 3028 879 pretii
3054 820 3156 876 est,
3188 826 3286 880 pro
3308 826 3368 866 re
3388 798 3587 866 nullius
3612 812 3857 867 momenti

2290 903 2586 972 projicere,
2615 917 2742 957 cum
2776 911 3056 973 oporteret
3097 917 3194 972 pro
3226 903 3420 974 exiguo
3454 904 3639 960 labore
3680 905 3855 959 etclam

2288 1006 2500 1062 capere.

2375 1082 2638 1138 Iudicium
2684 1084 2916 1153 futurum
2970 1085 3279 1139 horrendam
3328 1086 3442 1139 erit.
3490 1116 3566 1128 —
3607 1086 3765 1143 Visne
3808 1096 3859 1140 ut

2286 1175 2502 1231 aliunde
2546 1186 2598 1230 te
2635 1177 2857 1233 doceam
2877 1218 2894 1241 ,
2926 1176 3255 1233 horrendum
3288 1178 3338 1231 in
3366 1178 3537 1233 altero
3565 1193 3681 1233 aevo
3705 1181 3863 1234 trilin-

2288 1267 2373 1321 nal
2399 1267 2564 1322 esse?
2593 1267 2946 1322 Con-cientire
2970 1277 3079 1322 tute
3098 1268 3319 1337 januam
3348 1269 3529 1338 aperi,
3556 1267 3862 1336 acjndiccm

2287 1356 2548 1411 inanimo
2577 1366 2669 1411 tuo
2707 1358 2852 1413 velut
2880 1373 2983 1428 pro
3029 1358 3279 1414 tribunali
3323 1359 3601 1415 sedentem
3643 1361 3867 1416 intuere.

2283 1450 2438 1518 Quod
2467 1450 2515 1504 si
2544 1458 2599 1505 tu
2619 1491 2634 1513 ,
2662 1450 2904 1520 quamvis
2932 1460 3265 1520 praepostero
3294 1451 3370 1505 tui
3392 1466 3583 1507 amore
3610 1450 3826 1507 affectus
3847 1492 3865 1516 ,

2285 1543 2512 1611 teipsum
2543 1541 2872 1596 condemnas
2894 1581 2911 1606 ,
2944 1556 3045 1597 nec
3089 1542 3324 1611 iniquam
3362 1544 3685 1599 sententiam
3727 1544 3866 1601 ferre

2281 1636 2551 1698 sustines;
2598 1648 2666 1689 an
2715 1649 2819 1689 non
2848 1635 3017 1689 multo
3060 1634 3251 1705 majori
3284 1652 3429 1690 curae
3454 1636 3544 1707 jus
3590 1637 3697 1693 Deo
3723 1640 3823 1693 erit
3846 1678 3869 1702 ,

2281 1736 2443 1795 atque
2484 1727 2854 1794 incorruptum
2900 1726 2990 1781 ille
3032 1726 3101 1780 de
3137 1725 3390 1781 omnibus
3431 1726 3687 1797 judicium
3715 1727 3865 1794 feret,

2283 1831 2383 1871 nec
2412 1824 2615 1871 temere
2664 1814 2783 1870 lucc
2809 1817 2997 1870 omnia
3025 1814 3155 1870 ferri
3204 1815 3384 1871 sinet!
3431 1816 3628 1887 Ecquis
3656 1816 3870 1872 tandem

2281 1905 2385 1962 hoc
2421 1905 2659 1961 dixerit?
2699 1905 2870 1961 Nemo
2895 1906 3137 1976 profecto
3165 1923 3179 1959 :
3212 1921 3339 1961 nam
3369 1915 3425 1963 et
3652 1917 3709 1964 et
3749 1908 3874 1963 bar-

2214 2001 2218 2004 ’
2280 2000 2427 2073 bari,
2455 2002 2516 2055 et
2542 2010 2713 2069 poeta:
2736 2009 2793 2054 et
2812 1998 3116 2071 philosophi
3135 2038 3151 2063 ,
3180 2008 3237 2054 et
3255 2014 3443 2055 omnes
3462 2001 3695 2073 denique
3722 2016 3872 2056 mor-

2283 2091 2418 2146 tales
2456 2091 2508 2145 in
2551 2092 2654 2146 hoc
2699 2090 3009 2155 nobiscum,
3035 2091 3137 2146 etsi
3164 2090 3366 2160 dispari
3410 2091 3605 2156 modo,
3635 2108 3869 2149 consen-

2283 2185 2422 2238 tiunt
2444 2223 2462 2249 ,
2492 2197 2557 2237 ac
2599 2181 2846 2253 quadam
2887 2182 2940 2237 in
2986 2181 3177 2237 inferis
3211 2184 3498 2261 tribunalia
3527 2199 3649 2240 esse
3671 2187 3818 2240 aiunt
3849 2202 3869 2240 :

2280 2291 2451 2346 usque
2487 2278 2625 2331 adeo
2654 2277 2937 2345 perspicua
2965 2284 3023 2331 et
3063 2275 3361 2331 indubitata
3397 2278 3513 2333 hsce
3542 2295 3632 2336 res
3668 2287 3769 2335 cst.
3803 2280 3873 2335 Et

2278 2383 2379 2424 cur
2397 2410 2413 2434 ,
2437 2369 2648 2438 inquies
2669 2409 2688 2433 ,
2724 2367 2866 2424 Deus
2890 2368 2979 2421 hic
3004 2382 3115 2422 non
3143 2371 3336 2439 punit?
3360 2370 3627 2427 Nimirum
3662 2382 3721 2428 ut
3748 2373 3872 2428 lon-

2274 2462 2647 2533 ganimitatem
2677 2476 2831 2516 suam
2858 2461 3109 2517 ostendat
3131 2505 3148 2527 ,
3176 2464 3437 2535 nobisque
3480 2481 3575 2536 per
3599 2468 3871 2535 pteniten-

2281 2554 2411 2607 tiam
2460 2551 2601 2607 viam
2650 2552 2718 2607 ad
2762 2551 2993 2609 salutem
3037 2553 3283 2620 muniat,
3313 2570 3378 2611 ac
3421 2570 3527 2609 non
3558 2557 3873 2612 universum

2277 2644 2586 2699 mortalium
2633 2658 2805 2715 genus
2844 2642 3086 2699 funditus
3127 2644 3343 2711 deleat,
3386 2660 3592 2715 eosque
3638 2649 3726 2717 qui
3774 2664 3874 2718 per

2275 2736 2535 2804 optimam
2558 2734 2682 2790 vita:
2704 2734 3054 2790 mutationem
3074 2735 3300 2791 salutem
3321 2739 3576 2809 consequi
3599 2748 3873 2808 poterant,

2277 2827 2589 2898 priusquam
2620 2827 2688 2881 ad
2712 2842 2833 2882 eam
2863 2828 3177 2898 perveniant
3199 2868 3215 2891 ,
3241 2828 3310 2884 de
3335 2830 3515 2885 medio
3540 2832 3709 2886 tollat.
3732 2831 3875 2888 Nam

2275 2920 2322 2975 si
2368 2918 2438 2975 de
2465 2919 2703 2988 peccatis
2734 2918 2983 2975 homines
3030 2919 3319 2975 confestim
3365 2923 3538 2990 pretiis
3578 2939 3646 2979 ac
3694 2939 3875 2982 morte

2276 3010 2518 3067 afficeret
2539 3053 2555 3076 .
2586 3011 2860 3081 quomodo
2890 3011 3123 3067 salutem
3153 3012 3449 3082 accepisset
3475 3014 3674 3069 Paulus
3692 3058 3707 3080 .
3736 3031 3882 3085 que-

2275 3102 2438 3157 modo
2482 3100 2716 3166 Petrus,
2745 3100 3016 3169 principes
3044 3099 3157 3166 illi,
3195 3115 3258 3154 ac
3299 3101 3463 3156 totius
3501 3104 3649 3159 orbis
3693 3106 3872 3173 magi-

2273 3193 2415 3248 stri?
2440 3191 2713 3260 quomodo
2732 3190 2896 3245 David
2919 3190 3146 3247 salutem
3160 3208 3231 3249 ex
3255 3193 3568 3263 pamitentia
3592 3198 3840 3264 percepis
3855 3226 3876 3236 -

2273 3286 2400 3340 set?
2441 3284 2713 3355 quomodo
2742 3283 2948 3339 Galatae
2968 3327 2984 3348 ,
3015 3285 3217 3355 aliique
3243 3285 3466 3356 plures?
3506 3286 3877 3352 Quamobrem

2274 3391 2378 3432 nec
2420 3376 2488 3430 ab
2514 3376 2765 3431 onmihus
2792 3376 2844 3429 in
2877 3377 2978 3431 hac
3004 3376 3110 3431 vita
3155 3392 3345 3448 poenas
3391 3377 3630 3448 expetit,
3673 3379 3769 3435 sed
3797 3395 3878 3436 ex

2274 3468 2528 3522 omnibus
2572 3466 2678 3521 illis
2726 3470 2911 3537 paucis
2965 3478 3172 3524 tantum
3219 3469 3483 3540 supplicia
3534 3470 3734 3533 infert;
3766 3488 3879 3528 nec

2272 3576 2461 3616 rursus
2487 3560 2540 3614 in
2569 3561 2741 3615 altero
2782 3576 2905 3616 atro
2935 3560 3005 3617 de
3031 3561 3283 3617 omnibus
3312 3577 3500 3633 ptenas
3528 3564 3693 3619 sumit
3713 3603 3729 3626 ,
3769 3565 3880 3619 sed

2272 3651 2341 3707 de
2370 3653 2490 3706 aliis
2533 3652 2654 3718 hic,
2686 3651 2754 3707 de
2780 3652 2900 3707 aliis
2940 3651 3049 3708 illic
3078 3670 3093 3708 :
3138 3661 3197 3708 ut
3220 3664 3278 3710 et
3308 3668 3405 3723 per
3429 3668 3525 3709 eos
3547 3694 3563 3719 ,
3594 3670 3731 3725 quos
3780 3655 3880 3712 hic

2272 3743 2491 3812 plectit,
2523 3743 2605 3796 vel
2634 3742 3033 3812 stupidissimos
3079 3744 3279 3799 excitet
3299 3787 3314 3807 .
3346 3756 3401 3801 et
3430 3761 3527 3816 per
3564 3760 3693 3812 eos,
3728 3762 3880 3817 quos

2273 3835 2562 3905 impunitos
2582 3834 2730 3898 sinit,
2755 3832 2884 3888 illud
2910 3832 3110 3888 efﬁciat
3128 3875 3144 3901 ,
3174 3844 3231 3889 nt
3257 3835 3434 3890 futura
3464 3847 3878 3904 exspectemus.

2270 3927 2463 3981 Annon
2510 3924 2658 3978 vides
2689 3924 2975 3994 plerosque
3016 3923 3105 3978 hic
3146 3939 3333 3993 pinnas
3372 3925 3541 3991 luere,
3572 3933 3628 3979 ut
3654 3939 3755 3981 eos
3781 3928 3883 3996 qui

2274 4016 2436 4071 turris
2458 4016 2614 4070 ruina
2640 4014 2884 4083 oppressi
2907 4022 3055 4073 sunt.
3085 4023 3141 4066 ut
3168 4029 3263 4068 eos
3283 4029 3514 4083 quorum
3547 4017 3881 4086 sanguinem

2273 4109 2472 4164 Pilatus
2499 4122 2622 4162 cum
2651 4104 2930 4159 sacriﬁciis
2957 4106 3312 4172 commiscuit,
3345 4116 3404 4160 ut
3433 4106 3749 4163 Corinthios
3773 4125 3883 4165 eos

2274 4200 2360 4268 qui
2393 4198 2461 4251 oh
2492 4197 2708 4265 indigne
2738 4205 2989 4265 percepta
3018 4199 3273 4268 mysteria
3299 4210 3681 4269 praematuram
3713 4216 3881 4257 mor-

2274 4300 2380 4342 tem
2427 4288 2714 4348 ohierunt,
2747 4296 2805 4340 ut
2854 4286 3227 4352 Pharaonem,
3279 4297 3337 4345 ut
3384 4290 3639 4357 Juda‘os,
3689 4293 3791 4363 qui
3844 4310 3880 4349 a

2273 4378 2514 4433 barbaris
2546 4386 2578 4431 ιι
2600 4378 2790 4431 ΙΙρΜῖιζῘ
2829 4386 2952 4432 sunt
2974 4420 2990 4441 ,
3018 4388 3079 4431 ut
3111 4382 3395 4450 pictosque
3420 4381 3557 4437 alios
3580 4424 3596 4447 ,
3635 4394 3689 4438 et
3739 4394 3883 4440 tunc

2273 4480 2325 4526 et
2355 4486 2530 4536 nunc,
2559 4480 2613 4526 et
2640 4471 2941 4541 perpetuo?
2971 4471 3177 4526 Rursus
3223 4474 3311 4526 alii
3358 4475 3510 4529 multi
3536 4516 3551 4540 ,
3581 4476 3751 4531 nullis
3784 4476 3886 4531 hic

2272 4567 2534 4620 scelerum
2568 4564 2740 4633 pinnis
2783 4565 3103 4635 persolutis,
3131 4581 3162 4619 e
3204 4568 3311 4620 vita
3354 4567 3725 4624 discesserunt
3764 4588 3780 4624 :
3818 4582 3889 4627 ut

2271 4657 2421 4712 dives
2448 4657 2541 4714 ille
2568 4657 2758 4711 Lazari
2790 4668 3030 4728 tempore
3052 4699 3067 4723 ,
3096 4659 3294 4729 aliique
3322 4662 3654 4730 complures.

2341 4749 2397 4803 4.
2418 4747 2542 4802 litec
2569 4764 2727 4817 porro
2750 4749 2871 4802 ideo
2888 4750 3033 4817 facit,
3051 4751 3246 4819 partim
3270 4753 3539 4823 uteosqui
3560 4752 3741 4809 futura
3762 4772 3887 4812 non

2273 4839 2498 4893 credunt
2537 4839 2763 4905 excitet;
2798 4840 2986 4908 partim
3011 4880 3026 4903 ,
3056 4847 3114 4893 ut
3132 4854 3227 4894 eos
3246 4881 3262 4905 ,
3289 4840 3379 4909 qui
3408 4841 3640 4897 credunt
3682 4858 3755 4900 ae
3783 4862 3881 4901 se-

2271 4930 2436 5001 gnitie
2461 4931 2704 4985 laborant
2731 4973 2745 4995 ,
2775 4932 3064 5002 diligentes
3092 4930 3306 4986 reddat.
3340 4933 3484 4989 Deus
3509 4935 3655 4990 enitn
3683 4936 3889 5006 justus

2272 5033 2357 5077 est
2400 5023 2563 5091 judex
2609 5038 2660 5079 et
2695 5024 2844 5077 furtis
2874 5033 2931 5077 et
2978 5022 3336 5092 longanimis,
3369 5040 3469 5081 nec
3498 5041 3592 5095 per
3620 5029 3889 5099 singulos

2272 5116 2389 5170 dies
2436 5115 2568 5171 iram
2618 5117 2841 5170 inducit.
2880 5109 3029 5182 Quod
3070 5115 3114 5169 si
3147 5114 3316 5185 ipsius
3340 5117 3753 5189 longanimitate
3785 5120 3892 5176 ab-

2275 5219 2519 5275 utantur,
2551 5211 2656 5263 erit
2695 5219 2940 5276 tempus,
2972 5221 3092 5261 cum
3119 5206 3228 5275 jam
3278 5225 3345 5265 ne
3391 5209 3599 5266 tantillo
3644 5211 3889 5281 quidem

2276 5313 2516 5369 tempore
2569 5299 3025 5369 longanimitatem
3076 5296 3388 5360 adhibebit.
3436 5316 3625 5356 verum
3682 5303 3892 5356 statim

2275 5408 2486 5463 pinnam
2509 5392 2723 5446 inferet.
2753 5388 2831 5443 Ne
2862 5389 3043 5459 itaque
3068 5428 3086 5454 ,
3109 5388 3237 5444 dum
3260 5390 3328 5444 ad
3355 5391 3573 5446 unicum
3606 5408 3886 5447 momen-

2276 5494 2385 5537 tum
2418 5482 2696 5552 (momenti
2737 5482 2878 5534 enim
2905 5481 3076 5535 instar
3105 5490 3185 5537 est
3234 5482 3351 5537 haec
3377 5483 3511 5553 vita)
3538 5483 3761 5539 deliciis
3795 5483 3890 5536 ius
3984 5475 3989 5491 1

2275 5576 2494 5643 dulgere
2543 5574 2790 5627 volumus
2821 5611 2837 5638 ,
2894 5570 3219 5627 inﬂnitorum
3274 5575 3592 5627 smenlorum
3644 5586 3891 5642 penam

2277 5667 2431 5721 nobis
2470 5677 2851 5729 accersamus;
2881 5678 3069 5719 verum
3096 5665 3163 5719 ad
3191 5675 3522 5718 momentum
3555 5662 3746 5732 potius
3794 5662 3888 5715 la-

2280 5759 2563 5821 boremus,
2619 5764 2677 5809 ut
2728 5755 3002 5826 perpetuis
3048 5756 3267 5812 coronis
3319 5757 3619 5827 cingantur.
3666 5757 3888 5809 Annon
