4022 6258
314 397 419 458 ωε

320 511 541 571 cernitis
572 511 624 567 in
653 508 876 582 hujusce
917 522 1130 581 quoque
1154 506 1543 587 vitaquegotiis
1571 505 1766 560 bonam
1798 504 1894 556 lm-

322 605 523 660 minnm
564 612 769 673 partem
798 600 852 656 id
900 599 1112 668 facere,
1144 612 1212 655 ac
1258 597 1474 654 brevem
1520 596 1756 651 laborem
1785 595 1896 648 din-

321 708 491 752 tum
516 694 714 767 quietis
740 706 901 749 causa
919 732 922 735 λ
939 691 1257 762 suscipere:
1286 688 1496 746 tametsi
1528 701 1678 760 saepe
1703 695 1890 741 contra

323 801 408 842 res
435 784 649 852 evenit,
676 799 837 855 quam
874 782 1201 855 sperabant?
1229 779 1331 838 llic
1370 780 1513 837 enim
1543 780 1785 835 laborum
1832 794 1897 836 ac

321 889 557 950 quastus
593 892 743 949 aequis
770 886 853 934 est
896 876 1109 947 portio;
1138 888 1285 946 saepe
1331 873 1492 930 etiam
1535 870 1773 927 infinitus
1813 878 1899 926 est

321 966 474 1025 hibus
490 1007 513 1035 ,
535 969 740 1023 fructus
762 973 942 1022 autem
972 966 1150 1023 tenuis
1167 1006 1183 1030 .
1210 978 1275 1021 ac
1314 977 1460 1034 saepe
1486 977 1556 1019 ne
1582 961 1757 1018 tenuis
1780 961 1899 1033 qui-

321 1057 443 1120 dem
487 1076 501 1113 :
542 1068 748 1124 atvero,
793 1072 915 1114 cum
964 1056 1036 1113 de
1078 1055 1284 1114 calcati
1332 1067 1501 1128 regno
1541 1054 1736 1127 agitur,
1766 1067 1899 1109 con-

331 1149 494 1205 traria
514 1157 597 1204 est
620 1149 758 1205 ratio
784 1166 799 1204 :
828 1162 1049 1219 parvum
1077 1148 1222 1205 enim
1250 1142 1491 1203 laborem
1510 1159 1700 1217 magna
1736 1152 1898 1215 atque

326 1235 531 1293 infinita
552 1238 861 1309 iucunditas
883 1237 1096 1309 excipit.
1125 1236 1402 1306 Perpende
1422 1243 1601 1291 autem
1626 1253 1640 1289 :
1664 1232 1897 1306 agricola

325 1338 493 1385 totum
520 1342 719 1384 annum
747 1329 973 1395 laborat,
1002 1336 1058 1385 et
1084 1328 1139 1382 in
1163 1327 1295 1395 fine,
1324 1342 1419 1396 spe
1443 1336 1500 1383 et
1527 1327 1898 1382 diuturnorum

326 1419 567 1477 laborum
595 1421 769 1489 (ructu
797 1436 949 1492 sepe
973 1420 1193 1477 excidit.
1228 1420 1436 1477 Rursus
1463 1422 1613 1477 navis
1636 1420 1902 1491 guberna-

326 1519 411 1574 tor
432 1552 450 1577 ,
483 1520 539 1568 et
566 1511 723 1567 miles
749 1552 766 1578 ,
796 1511 864 1567 ad
891 1523 1185 1569 extremam
1211 1526 1383 1583 usque
1408 1521 1623 1569 (etatem
1656 1513 1708 1566 in
1737 1510 1899 1591 bellis
1957 1518 1960 1520 ⁷

325 1610 381 1659 et
406 1599 679 1658 laboribus
725 1602 961 1669 versati,
991 1616 1136 1673 stepc
1164 1603 1236 1657 ita
1273 1602 1398 1659 hinc
1424 1601 1729 1667 excedunt,
1762 1612 1819 1671 ut
1845 1611 1900 1656 et

328 1692 417 1751 ille
446 1696 701 1750 mercium
730 1708 949 1751 suarmn
977 1696 1169 1767 apibus
1217 1695 1452 1764 labatur,
1498 1706 1553 1752 et
1598 1695 1686 1751 hic
1735 1696 1898 1751 vitam

328 1799 432 1841 una
454 1799 576 1841 cum
605 1786 825 1842 victoria
854 1788 1084 1843 amittat.
1120 1788 1357 1860 Ecquam
1400 1803 1530 1861 ergo
1554 1828 1571 1856 ,
1617 1798 1670 1845 te
1714 1784 1846 1859 ro'g'o
1882 1829 1898 1857 ,

327 1878 723 1934 excusationem
764 1879 997 1934 habituri
1022 1894 1211 1936 sumus
1230 1923 1247 1946 ,
1269 1882 1359 1952 qui
1386 1897 1509 1938 cum
1537 1882 1588 1937 in
1616 1884 1776 1938 rebus
1805 1883 1903 1936 ilu-

331 1971 413 2027 xis
438 1983 520 2032 ea,
546 1986 664 2041 quae
691 1986 812 2027 cum
837 1972 1022 2045 labore
1051 1974 1337 2043 conjuncta
1365 1985 1512 2043 sunt,
1541 1968 1901 2047 praeferimus,

332 2073 385 2116 ut
402 2074 589 2131 parum
605 2064 1065 2134 conquiescamus,
1080 2064 1163 2120 vel
1186 2080 1252 2121 ne
1270 2082 1453 2135 parum
1482 2069 1697 2139 quidem
1720 2068 1903 2138 (dubia

330 2154 524 2224 quippe
548 2154 662 2209 haec
688 2169 813 2223 spes
850 2158 990 2227 est);
1021 2156 1074 2210 in
1106 2154 1471 2227 spiritualihus
1493 2158 1765 2217 contrario
1789 2176 1903 2215 om-

330 2243 458 2298 nino
485 2243 646 2299 modo
686 2243 943 2301 faciamus
965 2288 980 2311 ,
1011 2260 1073 2301 ac
1098 2256 1325 2317 propter
1363 2248 1607 2320 exiguum
1640 2251 1901 2320 ignaviam

328 2334 595 2390 cruciatus
632 2336 722 2406 qui
769 2337 929 2392 nullis
973 2338 1151 2394 verbis
1180 2339 1433 2408 esplicari
1471 2342 1713 2411 possint,
1748 2342 1903 2399 nobis

327 2426 700 2483 attrahamusi
748 2428 1007 2497 Quocirca
1039 2446 1132 2486 vos
1172 2446 1361 2487 omncs
1408 2447 1506 2488 oro
1531 2474 1548 2500 ,
1581 2442 1656 2489 ut
1689 2435 1902 2491 tandem

328 2516 613 2587 aliquando
635 2531 703 2574 ex
729 2518 831 2575 hoc
859 2531 1078 2591 stupore
1112 2536 1208 2577 vos
1248 2523 1394 2593 ipsos
1419 2524 1709 2596 recipiatis.
1736 2525 1906 2583 Nemo

329 2610 471 2664 enim
501 2619 609 2665 tum
637 2611 737 2665 erit
763 2653 777 2677 ,
810 2613 897 2681 qui
928 2627 1025 2667 nos
1050 2628 1081 2668 e
1109 2614 1284 2684 poenis
1305 2615 1545 2684 eximat,
1579 2624 1683 2673 non
1718 2619 1901 2686 frater,

330 2715 437 2755 non
484 2711 673 2770 pater,
701 2717 807 2758 non
859 2704 1029 2768 filius,
1078 2720 1184 2759 non
1222 2706 1464 2774 amicus,
1501 2723 1607 2761 non
1654 2709 1860 2763 vicinus
1884 2749 1899 2775 ,

330 2807 439 2848 non
458 2792 743 2863 quisquam
768 2794 939 2859 alius;
967 2796 1097 2861 sed,
1128 2796 1176 2850 si
1202 2810 1301 2851 nos
1343 2813 1505 2867 opera
1550 2810 1730 2854 nostra
1774 2817 1903 2871 pro.

328 2881 600 2947 diderint,
629 2883 808 2937 omnia
838 2899 1050 2953 pessum
1082 2885 1272 2952 ibunt,
1300 2902 1363 2942 ac
1390 2898 1610 2958 prorsus
1648 2889 1716 2945 de
1747 2892 1903 2947 nobis

328 2983 507 3030 actum
536 2975 659 3031 erit.
692 2974 929 3042 Quantos
949 2976 1097 3033 dives
1124 2978 1215 3035 ille
1242 2978 1414 3036 luctus
1439 2983 1654 3049 emisit,
1687 2985 1903 3054 quantis

332 3066 581 3134 precibus
618 3082 647 3121 a
687 3066 987 3135 patriarcha
1014 3070 1289 3126 contendit
1310 3114 1327 3135 ,
1358 3082 1417 3127 ut
1459 3071 1720 3129 Lazarum
1747 3076 1812 3130 ad
1842 3092 1903 3133 se

330 3158 609 3215 mitteret?
654 3156 848 3212 Verum
892 3159 1016 3214 audi
1058 3161 1184 3229 quid
1230 3164 1474 3233 responsi
1503 3165 1570 3220 ab
1600 3167 1906 3225 Abrahamo

332 3247 551 3303 tulerit:
584 3246 749 3304 Chaos
779 3266 1018 3321 magnum
1048 3252 1176 3306 inter
1202 3260 1288 3308 vos
1334 3266 1379 3309 et
1406 3273 1496 3311 nos
1526 3273 1546 3311 :
1569 3259 1640 3311 ita
1669 3268 1725 3313 ut
1763 3276 1825 3313 ne
1858 3262 1904 3323 ii

328 3340 566 3409 quidem,
620 3340 706 3411 qui
758 3342 933 3396 volunt
982 3344 1104 3398 illuc
1142 3347 1396 3415 transire,
1426 3348 1479 3403 id
1516 3352 1707 3421 possint
1754 3351 1902 3423 (Luc.

330 3428 421 3485 16.
449 3428 564 3499 εδ).
594 3428 762 3497 Quam
808 3431 1018 3487 obnixis
1068 3437 1314 3504 precibus
1361 3440 1591 3510 virgines
1632 3442 1734 3498 illa:
1783 3459 1903 3498 cum

327 3519 629 3589 aequalibus
655 3521 767 3575 suis
794 3533 1052 3591 egerunt,
1086 3535 1143 3581 ut
1185 3542 1373 3597 parum
1411 3530 1516 3586 olei
1557 3534 1908 3602 acciperent?

333 3608 535 3663 Verum
573 3609 695 3664 audi
736 3611 861 3680 quid
893 3613 1022 3683 ipsa:
1050 3629 1263 3687 quoque
1286 3618 1499 3675 dicant:
1530 3620 1614 3675 Ne
1638 3628 1771 3692 forte
1808 3643 1909 3681 non

327 3700 544 3773 suﬁciat
566 3701 706 3765 nobis
734 3712 779 3753 et
807 3702 942 3756 vobis
965 3704 1180 3772 (Matth.
1204 3707 1294 3763 25.
1315 3709 1369 3779 9)
1393 3727 1408 3774 ;
1437 3726 1535 3767 nec
1561 3715 1734 3782 potuit
1762 3718 1911 3786 quis-

328 3806 494 3862 quam
521 3805 612 3845 eas
639 3792 691 3845 in
721 3792 1010 3848 thalamum
1038 3796 1396 3855 introducere.
1431 3800 1555 3855 llmc
1585 3804 1763 3875 itaque
1789 3806 1910 3860 anl—

327 3885 439 3939 mis
471 3884 669 3940 nostris
698 3886 1005 3955 reputantes
1029 3930 1043 3953 ,
1075 3903 1172 3944 nos
1203 3905 1413 3961 quoque
1442 3894 1565 3949 vitae
1594 3908 1792 3953 nostra:
1816 3914 1910 3953 cu-

326 3991 449 4030 ram
469 3976 872 4046 geramus.Nam
893 3978 1156 4049 quoslibet
1175 3980 1385 4037 labores
1400 3982 1622 4052 dixeris,
1644 3989 1913 4059 quoslibet

325 4069 934 4127 cruciatus-admoveris
957 4112 973 4137 ,
1002 4073 1133 4128 nihil
1161 4073 1277 4131 hare
1304 4078 1481 4133 omnia
1507 4088 1694 4147 erunt,
1721 4082 1763 4136 si
1791 4098 1913 4139 cum

327 4156 530 4213 futuris
557 4160 711 4215 bonis
738 4163 1101 4221 conferantur.
1136 4166 1282 4223 Pone
1329 4170 1472 4225 enim
1494 4212 1510 4237 ,
1537 4174 1579 4225 si
1614 4174 1683 4228 ita
1722 4174 1868 4230 lubet
1894 4217 1910 4243 ,

325 4248 512 4321 ignem
540 4257 594 4305 et
618 4250 814 4307 ferrum
844 4258 899 4309 et
926 4255 1153 4323 belluas,
1176 4272 1241 4314 ac
1278 4259 1325 4315 si
1370 4261 1497 4332 quid
1543 4263 1627 4319 his
1666 4266 1913 4322 acerbius

324 4348 455 4407 est;
479 4340 595 4397 haec
621 4352 797 4401 tamen
819 4361 927 4416 prta
957 4352 1234 4407 tormentis
1254 4353 1362 4409 illis
1384 4369 1454 4410 ne
1476 4357 1678 4413 umbra:
1697 4358 1909 4428 quidem

324 4478 641 4493 w—

1364 391 1429 448 ιη
1468 388 1679 446 EPIST.
1720 386 1763 442 ιι
1826 387 1916 442 an
1952 371 2107 443 ceu.
2152 383 2359 440 noun.
2422 384 2489 441 x.

3484 390 3587 448 M6

2004 510 2150 557 sunt.
2198 500 2327 557 lisse
2367 503 2601 573 quippe,
2641 515 2764 557 cum
2810 500 3188 560 vehementius
3219 509 3540 573 adhibentur
3565 547 3587 575 ,

2004 604 2116 655 tum
2144 593 2482 665 potissimum
2512 593 2649 649 levia
2692 592 3031 661 efficiuntur,
3078 595 3222 666 quod
3271 597 3379 655 cito
3407 606 3588 655 trans-

2002 695 2126 741 eant
2149 727 2166 753 ,
2223 683 2369 756 quod
2414 699 2612 756 corpus
2661 683 2896 742 ferenda:
2942 685 3154 743 doloris
3201 687 3483 745 acerbitati
3525 704 3593 749 ae

2002 774 2335 836 diuturnitati
2368 775 2588 831 minime
2629 789 2726 846 par
2760 774 2853 832 sit.
2886 779 3086 851 Atvero
3137 775 3249 833 illic
3295 793 3455 835 secus
3500 794 3592 836 res

2004 853 2166 921 habet
2193 884 2207 921 :
2238 881 2361 931 nam
2408 875 2463 921 et
2508 865 2870 939 longinquitas
2896 875 2952 922 et
2980 864 3311 924 incredibilis
3340 869 3587 939 quaedam

2006 961 2318 1032 magnitudo
2346 961 2505 1017 simul
2532 968 2899 1029 concurrunt,
2927 947 3036 1016 tam
3060 961 3117 1016 in
3142 962 3303 1018 rebus
3336 961 3589 1033 iucundis

2006 1068 2163 1120 quam
2208 1052 2261 1109 in
2310 1052 2542 1109 acerbis.
2594 1049 2866 1117 Proinde,
2904 1052 3160 1125 quamdiu
3196 1062 3408 1125 tempus
3452 1061 3537 1111 est
3566 1095 3587 1120 ,

2006 1159 2442 1215 praeoccupemus
2463 1142 2654 1199 faciem
2680 1144 2891 1200 Domini
2914 1143 2967 1199 in
2991 1142 3333 1201 confessione
3348 1185 3367 1211 ,
3390 1153 3448 1200 ut
3474 1154 3587 1201 tum

2006 1230 2129 1309 eum
2155 1248 2374 1293 suavem
2398 1250 2463 1290 ac
2492 1234 2758 1307 placidum
2783 1250 3096 1302 cernamus,
3120 1250 3185 1292 ac
3210 1236 3445 1293 minaces
3467 1234 3591 1292 illas

2010 1325 2302 1395 potestates
2325 1320 2661 1398 elfugiamus.
2692 1328 2884 1381 Annon
2916 1325 3015 1380 hos
3043 1326 3263 1382 lictores
3297 1326 3599 1397 conspicis,

2006 1420 2099 1492 qui
2143 1420 2407 1491 prmfectis
2440 1420 2809 1476 administram
2836 1428 3286 1492 operam‘navant
3308 1460 3326 1485 ,
3357 1435 3591 1491 quomo-

2007 1512 2079 1567 do
2131 1512 2391 1580 trahant,
2438 1502 2712 1582 quomodo
2759 1511 3037 1579 vinciant,
3085 1510 3357 1581 quomodo
3407 1510 3590 1581 ﬂagris

2008 1604 2281 1672 afficiant,
2305 1604 2575 1674 quomodo
2605 1603 2775 1659 latera
2795 1602 3131 1674 perfodiant,
3156 1600 3425 1673 quomodo
3445 1599 3591 1661 faces

2008 1698 2062 1753 in
2108 1697 2387 1753 tormentis
2445 1696 2811 1759 admoveant;
2849 1694 3120 1767 quomodo
3159 1685 3385 1752 secent?
3428 1692 3591 1763 Atqui

2011 1788 2128 1843 haec
2154 1797 2343 1843 cuncta
2372 1782 2555 1843 merus
2586 1786 2742 1842 ludus
2766 1802 2832 1843 ac
2860 1788 3003 1844 risus
3043 1793 3173 1845 sunt
3192 1828 3210 1853 ,
3241 1788 3288 1844 si
3331 1802 3452 1859 cum
3484 1785 3592 1841 illis

2011 1876 2287 1952 suppliciis
2313 1885 2715 1948 comparentur.
2765 1876 2981 1933 Etenim
3007 1876 3127 1940 haec
3152 1886 3418 1933 tormenta
3447 1886 3588 1932 tem-

2011 1972 2221 2042 poraria
2264 1979 2426 2036 sunt;
2459 1970 2567 2026 illic
2594 1979 2783 2039 autem,
2812 1983 2913 2026 nec
2951 1969 3152 2036 vermis
3191 1970 3416 2025 moritur
3440 2010 3458 2035 ,
3491 1984 3592 2023 nec

2012 2061 2149 2132 ignis
2192 2060 2547 2130 exstinguitur
2581 2077 2594 2112 :
2628 2075 2827 2130 corpus
2854 2060 3053 2131 quippe
3099 2068 3224 2116 tunc
3271 2059 3597 2128 incorrupti-

2010 2152 2119 2209 bile
2144 2153 2267 2208 erit.
2297 2151 2455 2207 Fasit
2479 2160 2661 2209 autem
2689 2152 2852 2216 Deus,
2875 2167 2943 2224 ne
2971 2150 3087 2207 hate
3114 2152 3482 2223 experimento
3508 2151 3593 2206 di-

2012 2259 2254 2310 scamus,
2289 2243 2381 2298 sed
2412 2244 2549 2298 intra
2573 2234 2736 2299 verba
2766 2243 2818 2299 hi
2862 2251 3095 2310 terrores
3138 2242 3459 2304 consistant.
3491 2255 3591 2295 nec

2013 2339 2354 2396 carniﬁcibus
2399 2337 2511 2393 illis
2534 2336 2807 2397 tradamur
2830 2378 2846 2402 ,
2874 2351 3058 2391 verum
3093 2335 3178 2393 hic
3222 2336 3395 2404 potius
3430 2337 3592 2391 casti-

2011 2447 2217 2503 gcmur.
2252 2430 2520 2498 Quantum
2548 2430 2833 2485 verborum
2876 2438 2986 2484 tum
3026 2428 3420 2500 profundamus
3444 2467 3460 2491 .
3491 2442 3590 2485 nos

2012 2526 2155 2595 ipsos
2207 2524 2562 2578 accusantes!
2618 2536 2751 2592 quos
2804 2522 3036 2593 gemitus
3070 2560 3087 2587 ,
3140 2535 3275 2592 quos
3326 2520 3588 2592 singultus

2012 2604 2271 2674 edemus!
2300 2613 2405 2670 Sed
2444 2621 2569 2668 tunc
2593 2613 2727 2667 nihil
2759 2611 2884 2668 inde
2917 2610 3125 2667 fructus
3149 2627 3587 2683 consequemur;

2011 2705 2444 2778 quandoquidem
2470 2716 2519 2761 et
2542 2714 2718 2759 nauta:
2741 2702 2909 2762 fracta
2931 2718 2995 2758 ac
3013 2704 3265 2773 depressa
3294 2719 3428 2761 nave
3456 2704 3590 2759 nihil

2011 2800 2265 2871 prodesse
2280 2808 2528 2875 possunt,
2543 2814 2642 2854 nec
2661 2797 2853 2853 medici
2874 2797 3138 2853 exstincto
3153 2806 3382 2867 :rgroto;
3403 2811 3589 2852 verum

2010 2908 2155 2965 stupe
2174 2892 2386 2963 quidem
2408 2890 2765 2963 dicent,quod
2785 2889 2885 2944 hoc
2898 2898 3058 2959 atque
3088 2888 3216 2943 illud
3235 2888 3407 2945 facere
3427 2904 3591 2962 opor~

2013 2986 2188 3048 tchat;
2218 2983 2311 3038 sed
2351 2983 2545 3037 frustra
2588 2981 2767 3036 omnia
2812 2989 2973 3051 atque
3021 2980 3285 3035 incassum
3327 2980 3589 3044 dicentur,

2010 3075 2274 3145 Quamdiu
2300 3076 2442 3132 enim
2476 3088 2570 3144 per
2598 3074 2719 3128 vita:
2739 3086 2803 3126 ac
2824 3084 3031 3126 morum
3057 3070 3487 3127 emendationem
3516 3087 3596 3126 sa-

2010 3170 2137 3224 lutis
2174 3183 2298 3238 spes
2328 3167 2504 3223 adhuc
2530 3174 2777 3232 maneat,
2805 3163 2935 3219 nihil
2965 3177 3071 3219 non
3105 3163 3283 3219 dicere
3312 3179 3395 3218 ac-
3419 3163 3595 3221 facere

2012 3274 2146 3331 opus
2160 3268 2244 3315 est
2265 3277 2279 3313 :
2307 3274 2429 3321 cum
2450 3266 2628 3313 autem
2648 3256 2791 3312 nulla
2805 3256 2916 3325 jam
2943 3269 3032 3309 res
3057 3253 3263 3311 arbitrii
3286 3253 3449 3320 nostri
3472 3254 3591 3320 erit,

2013 3368 2073 3409 re
2102 3359 2210 3406 tota
2252 3335 2453 3420 perdita
2493 3357 2548 3404 et
2596 3355 2875 3415 corrupta,
2908 3355 3018 3400 tum
3050 3344 3243 3400 frustra
3270 3355 3324 3400 et
3347 3345 3593 3404 dicentur

2014 3444 2193 3501 omnia
2222 3450 2277 3498 et
2306 3440 2451 3496 fient.
2480 3437 2613 3493 Nam
2643 3448 2696 3494 et
2724 3436 2896 3493 Judnzi
2931 3445 3043 3490 tum
3075 3435 3271 3490 dicturi
3302 3444 3427 3493 sunt
3450 3477 3465 3499 ,
3494 3435 3595 3490 Be-

2016 3535 2243 3591 nedictus
2272 3533 2358 3603 qui
2384 3531 2523 3603 venit
2546 3531 2613 3589 tiu
2659 3530 2860 3584 nemine
2891 3527 3098 3583 Domini
3134 3526 3306 3597 (10m:
3338 3526 3423 3587 12.
3460 3528 3547 3597 1'5)
3579 3546 3592 3585 ι

2016 3636 2072 3681 at
2110 3626 2313 3681 nullum
2345 3622 2507 3694 hujus
2534 3623 2685 3679 vocis
2739 3620 2967 3676 fructum
3009 3635 3203 3694 capere
3231 3629 3513 3689 poterunt,
3540 3628 3599 3677 ut

2022 3734 2235 3789 pmnam
2266 3714 2520 3787 effugiant
2547 3734 2562 3771 :
2594 3731 2714 3771 cum
2769 3715 2917 3770 enim
2968 3714 3073 3769 hoc
3116 3713 3397 3781 dicendum
3441 3721 3593 3777 erat,

2017 3825 2122 3865 non
2162 3807 2434 3873 dixerunt.
2487 3805 2567 3862 Ne
2608 3821 2740 3876 ergo
2789 3805 2893 3860 hoc
2937 3820 3151 3875 quoque
3198 3804 3351 3859 nobis
3389 3804 3443 3859 in
3490 3804 3597 3861 vita

2018 3899 2227 3955 accidat
2247 3939 2262 3961 .
2292 3896 2381 3957 hic
2405 3897 2516 3967 jam
2547 3898 2711 3950 vitam
2759 3896 2811 3949 in
2857 3895 3050 3949 melius
3077 3902 3467 3949 commutemus
3492 3936 3506 3960 ,
3542 3902 3601 3951 ut

2019 3994 2086 4050 ad
2112 3992 2311 4049 Christi
2335 3990 2565 4048 tribunal
2588 4005 2708 4046 cum
2731 3990 2877 4047 omni
2904 3990 3093 4046 iiducia
3119 3990 3411 4047 sistamur:
3439 4003 3598 4059 quam

2020 4086 2223 4143 utinam
2252 4098 2442 4141 omnes
2479 4097 2874 4151 consequamur
2902 4097 2997 4154 per
3023 4083 3249 4153 gratiam
3278 4090 3331 4138 et
3360 4080 3602 4150 benigni.

2022 4189 2185 4234 tatem
2213 4177 2421 4232 Domini
2449 4177 2620 4231 nostri
2647 4175 2775 4231 Iesu
2817 4176 3050 4241 Christi,
3084 4191 3205 4232 cum
3247 4189 3355 4247 quo
3379 4174 3521 4231 Patri
3548 4183 3603 4235 et

2020 4268 2241 4339 Spiritui
2270 4274 2458 4323 sancto
2483 4264 2652 4337 gloria
2680 4305 2693 4330 ,
2726 4276 2833 4320 etc.

650 4478 3601 4511 Mm

1759 4568 2106 4633 HOMILIA
2148 4568 2235 4633 X.

320 4704 471 4761 Cn.
502 4703 554 4759 5.
585 4718 641 4765 v.
666 4704 719 4760 Ι.
748 4702 950 4759 Scimus
975 4701 1108 4758 enim
1131 4700 1369 4771 quorum
1390 4702 1435 4759 si
1464 4707 1710 4763 terrestris
1734 4709 1916 4766 domus

401 4804 585 4850 nostra
626 4794 778 4864 hujus
817 4791 1129 4849 tabernaculi
1168 4792 1474 4847 dissolvatur
1491 4836 1507 4861 ,
1536 4796 1923 4867 redi/irationem

398 4902 475 4943 ea:
496 4883 606 4941 Deo
632 4884 889 4953 habemus,
917 4886 1124 4942 domum
1148 4900 1250 4942 non
1274 4883 1619 4956 manufactant
1640 4929 1655 4955 ,
1678 4900 1922 4947 (sternam

400 4979 463 5033 in
496 4976 653 5032 cretis.

414 5072 477 5128 Ι.
514 5069 719 5125 Rursus
751 5082 938 5125 eorum
976 5069 1305 5126 alacritatem
1329 5069 1527 5125 excitat
1549 5112 1563 5137 ,
1589 5072 1712 5143 quia
1740 5073 1925 5129 multm

326 5165 477 5240 ipsis
521 5161 839 5217 tentationes
879 5161 1263 5218 inferebantur.
1294 5161 1594 5218 Verisimile
1630 5164 1775 5219 enim
1804 5173 1924 5220 erat

314 5268 534 5314 eorum
561 5251 769 5307 animos
796 5252 867 5307 ob
893 5253 1058 5317 ipsius
1085 5253 1377 5308 absentiam
1406 5250 1709 5309 debilitatos
1735 5254 1919 5311 fuisse.

313 5345 475 5419 Quid
515 5343 672 5413 igitur
693 5342 805 5398 alti
832 5341 973 5399 Nihil
994 5354 1084 5401 est
1109 5344 1250 5417 quod
1276 5343 1533 5401 miremur
1555 5360 1618 5401 ac
1643 5347 1924 5416 perturbe-

315 5452 456 5495 tnur
504 5432 588 5495 ob,
617 5432 950 5489 calamitates
994 5448 1109 5501 eas,
1158 5435 1353 5505 quibus
1392 5434 1658 5492 aﬂicimur
1699 5452 1713 5490 :
1754 5439 1922 5494 multa

314 5529 484 5587 enim
514 5522 797 5583 commoda
828 5522 950 5579 hinc
990 5526 1329 5597 percipimus.
1372 5526 1609 5596 Quorum
1660 5526 1763 5582 alia
1808 5529 1925 5598 qui-

312 5624 459 5681 (κω
492 5616 649 5690 prius
673 5614 841 5680 dixit,
867 5623 960 5679 ut,
990 5616 1131 5687 quod
1172 5617 1633 5675 mortiﬁcationem
1657 5617 1785 5674 Jesu
1813 5618 1923 5674 cir-

310 5709 706 5777 cumferentia
727 5746 746 5772 ,
772 5720 837 5763 ac
862 5706 1113 5777 potentia:
1140 5706 1309 5777 ipsius
1337 5708 1606 5778 specimen
1633 5709 1925 5765 maximum

310 5804 730 5868 exhibeatnus;
765 5796 835 5855 Ut
868 5798 1023 5867 enim,
1070 5798 1258 5873 inquit,
1287 5800 1574 5857 sublimitas
1611 5800 1811 5857 uirtutis
1854 5801 1925 5858 sit

2028 4711 2157 4778 Dei;
2187 4719 2242 4767 et
2276 4708 2612 4782 perspicuum
2656 4706 3066 4763 resurrectionis
3091 4715 3462 4774 argumentum
3497 4705 3611 4761 edi-

2028 4815 2180 4867 mus;
2205 4809 2263 4856 ιιι
2288 4814 2354 4855 ex
2381 4797 2465 4855 his
2488 4795 2668 4851 verbis
2697 4805 2861 4866 patet,
2897 4792 2965 4852 Ut
2994 4796 3092 4849 vita
3110 4793 3236 4849 Jcsu
3264 4794 3611 4865 manifestatur

2026 4893 2081 4947 in
2105 4906 2256 4946 carne
2280 4899 2453 4943 nostra
2479 4888 2703 4944 mortali.
2734 4884 3087 4958 Posteaquam
3118 4896 3296 4944 autem
3320 4886 3447 4942 illud
3471 4904 3611 4957 prm-

2029 4994 2173 5039 terea
2216 4980 2391 5048 dixit,
2437 4980 2746 5038 interiorem
2792 4994 3005 5052 quoque
3044 4989 3285 5038 nostrum
3334 4980 3606 5037 hominem

2027 5074 2129 5129 hoc
2176 5080 2331 5145 pacto
2371 5071 2649 5128 meliorem
2680 5070 2795 5127 fieri
2818 5087 2835 5137 ;
2860 5069 2976 5126 Etsi
3002 5071 3144 5127 enim
3167 5112 3182 5135 ,
3224 5070 3424 5140 inquit,
3453 5073 3497 5126 is
3527 5070 3612 5140 qui

2031 5166 2172 5240 [oris
2195 5174 2269 5220 est
2294 5174 2463 5220 noster
2486 5164 2637 5221 homo
2662 5164 3022 5234 corrumpitur,
3063 5163 3107 5218 is
3143 5173 3308 5217 tamen
3340 5162 3434 5234 qui
3476 5165 3612 5220 intus

2030 5264 2392 5313 cstrcnouatur
2416 5255 2479 5309 de
2505 5255 2588 5310 dic
2610 5254 2663 5309 in
2693 5256 2862 5319 diem;
2891 5253 3180 5309 ostendens
3208 5266 3419 5309 rursum
3444 5266 3607 5324 quan-

2028 5359 2142 5405 tum
2170 5347 2413 5404 utilitatis
2439 5345 2631 5403 aﬂerat
2650 5347 2903 5418 vapulare
2929 5361 2993 5401 ac
3015 5345 3257 5403 divexari
3276 5388 3292 5414 ,
3319 5346 3459 5403 illud
3482 5345 3608 5401 sub-

2022 5438 2217 5512 jungit,
2264 5436 2407 5509 quod
2454 5452 2581 5497 cum
2610 5438 2765 5508 plene
2801 5446 2960 5508 atque
3003 5436 3211 5510 integre
3249 5435 3353 5493 hoc
3380 5431 3460 5502 fit,
3495 5447 3606 5495 tum

2028 5528 2307 5585 innumera
2335 5528 2475 5584 bona
2516 5528 2603 5592 iis,
2633 5527 2726 5598 qui
2758 5526 2872 5583 haec
2900 5526 3239 5605 incommoda
3268 5525 3606 5596 pertulerint,

2028 5616 2154 5676 hinc
2180 5617 2540 5689 pullulabunt.
2578 5617 2789 5675 Etenim
2824 5632 2894 5675 ne
2919 5627 3198 5676 externum
3239 5626 3391 5675 tuum
3430 5619 3604 5676 homi-

2031 5725 2157 5768 nem
2180 5711 2455 5781 corrumpi
2476 5708 2702 5767 audiens
2723 5710 2905 5779 animo
2929 5710 3292 5778 discrucicris,
3320 5711 3425 5769 boc
3454 5726 3607 5769 asse-

2026 5806 2100 5863 rit
2160 5800 2301 5858 nutid
2345 5813 2468 5859 cum
2515 5799 2655 5859 istud
2696 5802 2854 5869 plene
2893 5810 3051 5881 atque
3077 5804 3298 5863 omnino
3335 5804 3616 5880 acciderit,
