4022 6258
364 369 469 426 ιςτ
1078 362 1137 419 S.
1176 362 1456 418 JOANNIS
1492 355 1967 416 CHRYSOSTOSH
2009 352 2330 410 ARCIIIEI‘.
2368 348 2909 407 CONSTANTINUP.
3545 353 3654 409 ιεε

370 496 482 537 tnui
531 482 762 537 maxime
799 479 1059 551 gaudebis
1106 487 1267 548 atque
1314 476 1382 531 ad
1429 473 1710 529 meliorem
1754 478 1959 526 sortem
2067 466 2163 522 sed
2186 481 2309 520 cum
2330 463 2523 521 eodem
2546 461 2933 533 ineorruptibili
2954 460 3164 517 eﬂecto.
3196 462 3424 531 Quidam
3446 463 3653 526 dicunt.

370 573 574 627 venies.
621 570 800 640 itaque
846 584 953 625 non
995 567 1158 624 modo
1199 581 1307 620 non
1346 575 1427 620 est
1468 562 1781 627 dolendum,
1827 572 1954 614 cum
2066 558 2119 613 id
2147 556 2290 627 quod
2318 553 2609 610 admodum
2640 555 2810 624 probo
2839 570 2853 608 :
2883 551 2946 609 Si
2969 553 3174 624 quidem
3192 555 3380 619 vestiti,
3410 558 3660 610 neunudi

372 664 465 719 ille
488 663 663 733 aliqua
689 678 755 718 ex
785 669 935 732 parte
960 675 1103 716 nunc
1126 657 1525 726 corrumpitur;
1556 668 1746 708 verum
1767 652 1956 718 etiam,
2060 644 2397 700 inueniamur.
2428 643 2506 699 Ne
2535 644 2681 698 enim
2708 657 2901 699 omnes
2925 643 2997 699 ob
3026 646 3480 701 resurrectionem
3522 662 3656 701 con-

374 765 433 810 ιιι
458 753 603 810 οωιὶ
628 769 697 810 ex
721 762 873 826 parte
894 762 1292 821 corrumpatur,
1314 745 1673 817 expetendum
1697 753 1783 800 est
1804 760 1819 798 :
1846 743 1963 797 hac
2066 737 2256 804 lidant,
2284 737 2382 801 ait,
2414 735 2474 794 Si
2502 746 2671 791 tatnen
2696 736 2862 790 vestiti
2884 752 2904 790 :
2924 736 3028 791 hoc
3052 745 3157 802 est,
3186 738 3663 809 incorruptibilita-

374 846 519 902 enim
538 844 814 915 corruptio
837 842 907 898 ad
937 840 1401 910 incorruptionem
1426 838 1659 892 maxime
1688 844 1741 890 te
1768 833 1918 889 ducit
1944 850 1960 886 ε
2068 836 2176 883 tem
2202 837 2365 899 atque
2393 826 2699 882 immortale
2725 842 2923 897 corpus
2947 830 3299 898 consequuti;
3332 845 3399 883 ac
3413 848 3517 884 non
3538 831 3665 885 nudi

373 954 441 994 ac
479 936 707 1010 proinde
734 936 852 991 inec
872 948 1089 1006 quoque
1116 931 1392 1002 subiungit
1409 971 1425 996 ,
1456 928 1660 985 Scintus
1687 926 1824 981 enim
1844 924 1968 993 quia
2064 919 2405 984 inrcttiatttur,
2431 920 2602 990 gloria
2630 934 2693 974 ac
2719 919 3027 974 securitate.
3056 919 3111 974 Id
3135 919 3277 991 quod
3307 921 3359 975 in
3384 924 3668 992 superiore

375 1030 420 1083 si
448 1026 702 1082 terrestris
726 1025 910 1084 donius
929 1032 1104 1079 nostra
1127 1021 1283 1090 hujus
1304 1019 1618 1075 tabernaculi
1637 1016 1967 1079 dissolvatur,
2069 1024 2284 1081 quoque
2309 1011 2377 1065 ad
2403 1011 2716 1066 Corinthios
2735 1011 2965 1082 epistola
2984 1011 3216 1077 dicebat,
3252 1011 3439 1069 Omnes
3461 1015 3668 1084 quidem

378 1104 767 1186 adificationent
791 1130 856 1169 ea:
882 1113 989 1168 Deo
1022 1112 1285 1175 habemus,
1312 1104 1970 1174 nonutanufactam,cter—
2070 1117 2409 1173 resurgentus,
2439 1113 2489 1157 et
2512 1104 2567 1157 in
2595 1120 2689 1157 suo
2716 1104 2930 1174 quisque
2952 1104 3132 1159 ordine
3155 1105 3231 1176 (ί.
3265 1103 3385 1159 Cor.
3423 1106 3508 1162 l5.
3548 1106 3666 1178 25);

380 1224 504 1261 nam
527 1208 581 1261 in
606 1206 770 1260 cadis.
790 1205 925 1271 Quia
953 1203 1096 1259 enim
1123 1200 1535 1257 resurrectionis
1558 1201 1855 1253 doctrinam
1873 1235 1891 1260 ,
1916 1194 1972 1249 in

382 1313 487 1368 qua
515 1297 849 1368 potissimum
874 1295 1208 1367 :egrotabant
1227 1336 1243 1361 ,
1274 1306 1462 1349 rursus
1487 1290 1860 1360 prosequitur,
1892 1286 1975 1341 id-

380 1389 528 1444 eirco
551 1387 855 1443 auditorum
876 1386 1141 1458 judicium
1165 1384 1327 1441 etiam
1349 1383 1598 1446 assumit,
1618 1393 1849 1449 eamque
1870 1378 1976 1433 hoc

384 1489 545 1552 pacto
570 1479 842 1546 adstruit;
873 1496 982 1535 non
1001 1488 1183 1533 tamen
1209 1474 1434 1547 perinde
1454 1482 1512 1528 ut
1538 1482 1682 1537 ante,
1711 1470 1807 1526 sed
1833 1469 1980 1525 velut

384 1587 454 1627 ex
498 1572 671 1627 altera
714 1570 1003 1626 occasione
1042 1570 1097 1624 in
1138 1581 1266 1623 eum
1312 1578 1615 1621 sermonem
1661 1562 1976 1632 ingressus:

383 1663 496 1728 jam
523 1661 668 1717 enim
688 1674 877 1716 eorum
904 1674 1148 1715 errorem
1167 1663 1517 1720 correxerat;
1545 1653 1747 1723 aitque,
1776 1651 1981 1707 Scimus

390 1755 529 1824 quod
561 1753 606 1808 si
636 1752 894 1808 terrestris
931 1753 1113 1807 donius
1141 1760 1318 1805 nostra
1342 1748 1499 1818 liujus
1526 1745 1841 1800 tabernaculi
1871 1745 1981 1798 dis~

392 1844 640 1909 soluatur,
671 1840 1066 1913 cdiﬁeationem
1102 1856 1168 1896 ea:
1206 1837 1316 1895 Deo
1356 1837 1619 1901 habemus,
1646 1838 1853 1889 domum
1882 1850 1986 1888 non

394 1936 757 2007 manufactuni,
771 1932 1092 1991 teter-nantia
1105 1932 1263 1987 caelis.
1291 1930 1428 1986 Sunt
1446 1927 1537 2000 qui
1560 1942 1653 1997 per
1674 1935 1985 1983 terrestrem

393 2027 613 2080 domum
642 2024 899 2080 mundum
930 2023 1071 2078 hunc
1096 2022 1395 2092 intelligant
1422 2037 1438 2074 :
1465 2034 1566 2090 ego
1597 2033 1726 2074 vero
1756 2017 1839 2071 his
1868 2032 1991 2070 ver-

398 2118 481 2172 bis
504 2132 701 2188 corpus
728 2116 907 2188 potius
932 2112 1261 2171 subindicari
1289 2110 1684 2168 contenderim.
1712 2109 1886 2177 Atque
1906 2107 1994 2161 hic

399 2208 561 2263 velim
589 2206 923 2272 consideres,
954 2203 1228 2275 quomodo
1258 2219 1353 2272 per
1383 2201 1599 2255 nomina
1646 2200 1761 2268 ipsa
1806 2208 1994 2252 osten-

400 2302 515 2367 dat,
556 2309 815 2371 quantum
861 2298 1038 2353 futura
1081 2294 1436 2366 praesentibus
1473 2291 1816 2348 antecellunt.
1862 2290 1995 2344 Nam

403 2408 528 2447 cum
562 2399 873 2445 terrestrem
914 2387 1179 2452 dixisset,
1224 2386 1497 2442 calestem
1538 2385 1824 2455 opposuit;
1871 2396 1996 2438 cum

406 2478 741 2536 tabernaculi
770 2476 1010 2541 domum,
1054 2491 1162 2548 quo
1206 2476 1372 2531 verbo
1415 2474 1612 2529 iluxam
1658 2481 1714 2529 et
1752 2472 1998 2543 fragilem

410 2571 579 2641 ipsius
599 2579 844 2624 naturam
869 2566 1126 2632 declarat,
1153 2578 1409 2621 aeternam
1435 2564 1666 2634 objecit:
1695 2562 1896 2618 etenim
1923 2569 2003 2616 ta-

410 2662 686 2719 bernaculi
730 2674 923 2715 nomen
962 2660 1282 2730 plerumque
1322 2655 1706 2727 temporarium
1746 2652 2001 2723 quiddam

413 2754 612 2810 iudicat
633 2771 647 2808 :
669 2766 735 2807 ac
758 2750 985 2823 proinde
1008 2750 1186 2805 aiebat
1222 2748 1501 2813 Christus,
1538 2744 1606 2799 In
1635 2748 1787 2799 domo
1830 2742 2005 2800 Patris

413 2846 512 2900 mei
532 2846 819 2900 mansiones
841 2844 1016 2898 ntuitte
1034 2851 1153 2897 sunt
1179 2839 1359 2912 (Joan.
1392 2841 1479 2894 ii.
1507 2838 1585 2910 2).
1609 2839 1763 2906 Quod
1793 2839 1835 2895 si
1858 2838 2007 2895 Scri-

415 2948 571 3008 ptura
597 2936 831 3008 quietem
857 2946 1168 2992 sanctorum
1201 2933 1527 2988 tabernaculi
1556 2933 1773 2987 nomine
1799 2932 2005 3001 uspiam

416 3028 672 3099 appellat,
701 3042 811 3082 non
848 3026 1164 3096 simpliciter
1189 3022 1321 3078 dicit
1352 3023 1693 3077 tabernacula
1715 3064 1730 3087 ,
1763 3022 1857 3076 sed
1884 3037 2007 3076 cum

420 3119 607 3174 addito
633 3134 651 3175 :
679 3133 787 3173 non
815 3115 957 3173 enim
985 3116 1143 3182 dixit,
1169 3113 1240 3171 Ut
1267 3129 1363 3169 vos
1392 3113 1651 3183 recipiant
1678 3113 1729 3167 iu
1762 3113 2011 3169 taberna-

420 3211 561 3277 cuia,
602 3209 734 3278 sed,
764 3207 831 3261 In
868 3217 1055 3264 eterna
1101 3204 1423 3260 tabernacula
1456 3203 1609 3276 (Luc.
1644 3205 1730 3261 ιϐ.
1770 3203 1849 3276 9).
1891 3204 2010 3260 iam

423 3315 555 3357 xero
581 3315 703 3356 cum
740 3298 897 3365 dixit,
934 3296 1054 3351 Non
1093 3297 1467 3367 mannfactant,
1513 3310 1656 3362 eam,
1694 3309 1813 3364 qua:
1853 3311 2014 3349 manu

424 3400 732 3448 constructa
768 3399 875 3455 est,
919 3388 1296 3443 subindicavit.
1342 3385 1480 3451 Quid
1526 3386 1708 3456 igitur,
1748 3400 2015 3454 corpusne

426 3499 588 3539 manu
632 3481 907 3537 conditum
952 3477 1074 3535 est?
1113 3477 1330 3532 Minime
1358 3492 1535 3545 vero;
1577 3474 1671 3530 sed
1713 3475 1795 3529 vel
1826 3474 2018 3529 domos

428 3572 759 3628 manufactas
787 3570 1067 3641 designat;
1095 3568 1180 3624 vel
1211 3568 1255 3622 si
1299 3583 1404 3621 non
1436 3568 1507 3621 ita
1527 3608 1542 3631 ,
1584 3564 1803 3620 domum
1837 3566 2017 3620 taber-

430 3665 604 3721 naculi
634 3678 830 3732 corpus
858 3678 965 3716 nun
991 3661 1350 3715 manufaetum
1374 3660 1604 3716 vocavit.
1634 3658 1751 3714 Non
1779 3661 1923 3717 enim
1951 3659 2017 3715 ad

429 3756 885 3827 comparationem
935 3752 1065 3808 illud
1112 3753 1382 3822 opposuit,
1426 3751 1521 3807 sed
1550 3752 1793 3808 eneomia
1823 3762 1878 3808 et
1905 3752 2022 3810 lau-

434 3849 532 3902 des
561 3845 840 3916 udjiciens.
872 3846 929 3900 Ω.
958 3843 1098 3898 Nam
1122 3855 1167 3900 et
1196 3845 1251 3898 in
1275 3847 1370 3897 hoc
1394 3843 1793 3913 ingemiscintus,
1824 3842 2023 3895 habita-

431 3939 616 3991 tionem
647 3946 893 3999 uostrant,
915 3950 1029 4004 quae
1053 3935 1116 3986 de
1145 3934 1269 3986 calo
1296 3943 1390 3998 est,
1417 3932 1717 4000 superindui
1744 3933 2021 4000 cupientes.

433 4030 605 4097 Quam
638 4027 1059 4081 habitationem?
1096 4022 1305 4093 Corpus
1343 4038 1372 4076 a
1398 4022 1743 4092 corruptione
1769 4022 2024 4077 alienum.

439 4123 507 4177 Et
531 4138 625 4175 cur
654 4134 795 4175 nunc
824 4118 1260 4188 ingemiscimus?
1286 4115 1550 4184 Quoniam
1573 4115 1702 4170 illud
1735 4115 1892 4185 longe
1916 4128 2029 4169 me-

442 4214 547 4267 lius
571 4220 671 4267 cst.
702 4212 773 4265 De
802 4209 934 4265 caelo
954 4217 1133 4264 autem
1164 4208 1335 4277 ipsum
1363 4222 1485 4264 esse
1510 4207 1606 4273 ait,
1635 4206 1759 4277 quia
1785 4208 1853 4262 ab
1878 4206 2029 4260 omni

440 4304 785 4372 corruptione
812 4303 1047 4355 immune
1072 4309 1175 4354 est.
1206 4298 1321 4353 Non
1354 4299 1497 4353 enim
1523 4312 1721 4366 corpus
1746 4313 1777 4351 e
1803 4298 1938 4351 czelo
1963 4296 2030 4350 ad

440 4410 540 4449 nos
566 4393 867 4457 delabitur,
908 4391 1001 4445 sed
1046 4389 1149 4443 hoc
1168 4388 1435 4442 .vocabuio
1477 4389 1702 4458 gratiam
1744 4388 1890 4441 illinc
1916 4398 2032 4441 ma-

442 4493 660 4537 nantem
692 4481 909 4535 iudicat.
942 4478 1203 4545 Quocirca
1235 4487 1436 4531 tantum
1465 4480 1616 4533 abest
1643 4486 1702 4533 ut
1729 4479 1799 4533 ob
1826 4488 2032 4533 certum

442 4572 657 4643 aliquod
690 4570 1043 4627 tentationum
1072 4583 1240 4640 genus
1283 4568 1570 4623 dolendum
1616 4568 1723 4634 sit,
1762 4577 1829 4645 ut
1873 4568 2034 4624 etiam

442 4664 670 4736 quodvis
714 4661 1067 4718 tentationum
1112 4674 1283 4731 genus
1311 4670 1566 4730 expetere
1607 4658 1899 4715 debeamus
1928 4676 1943 4713 :
1972 4674 2036 4714 ac

446 4759 493 4810 si
522 4755 745 4819 diceret,
777 4751 1085 4820 ingemiscis
1107 4750 1178 4804 ob
1210 4749 1675 4821 persequutiones,
1707 4757 1763 4805 et
1787 4748 1909 4821 quia
1936 4764 2038 4804 ex—

449 4857 636 4898 ternus
665 4853 788 4895 tuus
816 4840 978 4894 homo
1003 4840 1400 4906 corrumpitur?
1427 4840 1535 4898 imo
1575 4840 1867 4911 ingemisce
1893 4839 2036 4911 quod

450 4952 558 4991 non
587 4933 843 5003 majorem
871 4933 924 4985 in
951 4930 1165 4989 modum
1196 4932 1296 4985 hoc
1333 4934 1446 4999 llat,
1476 4948 1576 4988 nec
1606 4934 1658 4987 in
1704 4943 1871 4991 totum
1913 4948 2039 4990 cor-

452 5036 755 5097 rumpatur.
786 5023 1023 5081 Videsne
1052 5040 1285 5095 quonam
1316 5036 1474 5098 pacto
1497 5042 1799 5084 sermonem
1830 5029 1881 5085 in
1902 5042 2039 5084 con-

454 5124 676 5175 trarium
736 5118 1005 5185 verterit;
1066 5115 1359 5172 ostendens
1410 5117 1531 5173 ideo
1584 5119 2041 5190 ingemisccmlum

456 5227 577 5266 esse
600 5252 614 5273 ,
643 5211 786 5279 quod
815 5227 921 5265 non
947 5208 1231 5265 confertim
1258 5209 1538 5275 venerint,
1564 5226 1685 5269 cum
1714 5210 1787 5264 illi
1817 5209 2043 5281 ingemi-

456 5311 610 5358 scant
637 5301 777 5371 quod
810 5317 903 5371 per
930 5311 1111 5371 partes
1150 5298 1400 5355 veniant?
1430 5298 1557 5357 ideo
1576 5300 1686 5369 jam
1710 5316 1907 5370 corpus
1934 5316 2040 5359 non

457 5394 857 5448 tabernaculum
884 5392 1140 5462 appellat,
1172 5392 1268 5447 sed
1296 5390 1712 5455 habitationem;
1743 5393 1903 5461 idque
1933 5408 2042 5448 non

459 5487 577 5540 siue
606 5500 794 5554 utngna
824 5484 1053 5540 ratione.
1086 5482 1511 5543 Tabernaculum
1540 5482 1684 5537 enim
1731 5482 1885 5539 facile
1930 5484 2043 5539 dis-

460 5576 707 5638 solvitur.
732 5575 859 5630 illud
888 5584 1065 5629 autem
1088 5585 1347 5647 perpetuo
1376 5583 1574 5629 manet.
1609 5574 1662 5630 5.
1695 5574 1757 5628 Si
1778 5583 1940 5631 tamen
1961 5591 2047 5629 oe-

459 5667 583 5729 stiti,
624 5682 724 5719 non
770 5665 894 5718 nudi
940 5664 1275 5718 inueniamur.
1325 5664 1437 5720 Hoc
1462 5674 1565 5732 est,
1603 5664 1812 5723 etiamsi
1851 5681 2047 5738 corpus

464 5758 887 5829 deposuerimus,
920 5771 1026 5813 non
1053 5766 1227 5811 tamen
1253 5755 1369 5808 sine
1390 5770 1614 5827 corpore
1645 5756 1751 5808 illic
1771 5756 2045 5821 sistemur,

2074 1200 2151 1257 et,
2174 1191 2313 1247 Sunt
2332 1209 2550 1262 corpora
2565 1194 2809 1256 ctelestia,
2830 1203 2949 1248 sunt
2963 1203 3012 1247 et
3031 1195 3285 1248 terrestria
3302 1194 3465 1268 (Ibid.
3485 1212 3534 1252 tt.
3550 1197 3669 1267 ω).

2075 1279 2210 1335 Nam
2248 1282 2553 1337 communis
2596 1293 2680 1338 est
2707 1284 2947 1338 omnium
2979 1286 3324 1353 resurrectio,
3368 1286 3465 1342 sed
3500 1290 3674 1358 gloria

2076 1385 2187 1426 non
2216 1372 2345 1427 item
2387 1374 2691 1429 communis
2731 1386 2817 1429 est
2848 1392 2862 1428 :
2895 1390 3080 1430 verum
3127 1377 3217 1431 alii
3258 1392 3381 1432 eum
3424 1378 3632 1436 honore
3656 1422 3671 1447 ,

2078 1460 2170 1515 alii
2199 1478 2321 1516 cum
2363 1457 2654 1533 ignominia
2675 1505 2692 1531 ,
2720 1465 2812 1518 alii
2843 1465 2909 1520 ad
2941 1481 3188 1537 regnum,
3234 1469 3325 1523 alii
3364 1469 3433 1525 ad
3462 1485 3677 1540 penam

2091 1554 2453 1608 resurrecturi
2484 1563 2634 1609 sunt.
2662 1554 2819 1622 Quod
2860 1556 3023 1613 etiam
3053 1559 3231 1628 ipsum
3262 1560 3351 1616 hic
3383 1563 3672 1632 indicavit,

2087 1654 2214 1696 cum
2240 1644 2400 1710 dixit,
2431 1642 2494 1699 Si
2524 1656 2701 1699 tamen
2731 1648 2905 1701 vestiti
2937 1665 3001 1703 ac
3029 1666 3131 1705 non
3156 1652 3285 1705 nudi
3314 1654 3663 1711 inueniamur.

2084 1732 2141 1786 4.
2174 1731 2318 1788 Nam
2346 1746 2395 1789 et
2428 1751 2545 1799 nos,
2569 1738 2661 1807 qui
2688 1754 2871 1793 sumus
2902 1740 2957 1793 in
2985 1741 3082 1794 hoc
3116 1742 3490 1809 tabernaculo,
3521 1747 3669 1817 inge-

2083 1824 2355 1879 miscintus
2388 1830 2616 1897 gravati,
2650 1844 2711 1882 eo
2753 1830 2894 1898 quod
2939 1831 3184 1888 uolutans
3225 1836 3536 1905 exspoliari.
3571 1837 3663 1892 sed

2081 1918 2444 1983 superrestiri.

2159 2007 2218 2062 2.
2261 2008 2373 2063 lloc
2400 2022 2614 2063 rursum
2643 2011 2764 2064 loco
2793 2008 2952 2080 plene
2987 2017 3148 2079 atque
3175 2018 3361 2080 aperte
3390 2010 3677 2069 heretico-

2094 2115 2214 2154 rum
2237 2114 2334 2154 ora
2358 2099 2648 2164 obstruxit,
2668 2114 2793 2154 cum
2816 2097 3070 2165 ostendit,
3097 2114 3158 2154 se
3183 2113 3289 2155 non
3309 2101 3379 2156 de
3403 2102 3511 2159 alio
3528 2112 3692 2175 atque

2095 2191 2202 2244 alio
2224 2205 2454 2261 corpore
2492 2189 2812 2261 simpliriter
2846 2190 3007 2245 verba
3040 2189 3249 2259 facere,
3279 2191 3376 2247 sed
3404 2194 3476 2251 de
3501 2210 3691 2251 corru-

2100 2282 2285 2349 ptione
2328 2290 2491 2352 atque
2536 2281 2959 2352 incorruptione.
3004 2279 3190 2352 Neque
3241 2283 3387 2338 enim
3432 2300 3496 2339 ea
3539 2288 3697 2341 nobis

2101 2372 2491 2446 ingemisceudi
2537 2388 2698 2429 causa
2734 2384 2839 2438 est,
2870 2382 2929 2428 ut
2968 2389 3199 2445 corpore
3234 2375 3525 2431 liberemur
3556 2378 3699 2448 (hoc

2101 2467 2300 2538 quippe
2328 2483 2433 2521 non
2454 2482 2654 2522 exuere
2680 2468 2963 2539 volumus)
2986 2485 3001 2534 ;
3033 2484 3217 2525 rerum
3242 2470 3311 2525 de
3330 2473 3694 2540 corruptione,

2103 2572 2225 2627 qua:
2254 2558 2354 2627 ipsi
2400 2559 2561 2622 inest,
2595 2558 2730 2612 solvi
2772 2572 3142 2630 properamus.
3179 2559 3332 2616 Unde
3360 2562 3523 2625 etiam
3544 2560 3697 2623 dicit.

2104 2650 2362 2706 Nolumus
2398 2667 2596 2721 corpus
2642 2666 2870 2717 exuere,
2926 2651 3021 2707 sed
3080 2653 3253 2722 ipsum
3300 2654 3703 2723 incorruptione

2106 2743 2496 2811 supervestire.
2537 2743 2713 2813 Atque
2748 2744 2863 2796 lucc
2891 2745 3055 2799 verba
3094 2758 3217 2799 mox
3243 2746 3485 2815 exponit,
3515 2744 3582 2801 Ut
3606 2745 3705 2798 ab-

2105 2837 2386 2898 sorbeatur,
2416 2835 2553 2905 quod
2577 2835 2907 2905 corruptibilc
2928 2845 3023 2901 est,
3046 2851 3079 2887 a
3098 2837 3215 2890 rita.
3250 2836 3384 2905 Quia
3414 2839 3558 2892 enim
3586 2853 3705 2892 ino-

2110 2928 2308 2983 lestum
2359 2928 2629 2998 plerisque
2675 2923 2798 2984 esse
2841 2927 3124 2983 videbatur
3162 2943 3358 2998 corpus
3408 2930 3705 3001 deponere,

2110 3028 2272 3090 atque
2310 3036 2431 3075 cum
2471 3020 2712 3075 omnium
2752 3020 3058 3075 mortalium
3100 3021 3366 3092 suifragiis
3401 3023 3705 3093 pugnabat,

2111 3111 2320 3177 dicens,
2361 3111 2747 3183 Ingetniscituus
2770 3153 2786 3179 ,
2815 3113 3061 3169 nolentes
3090 3127 3157 3168 eo
3181 3115 3417 3181 liberari,
3451 3115 3533 3187 (si
3563 3117 3709 3170 enim

2114 3205 2290 3256 anima
2331 3218 2454 3257 cum
2493 3202 2563 3256 ab
2598 3205 2715 3273 ipso
2737 3202 3081 3272 disjungitur,
3106 3203 3159 3256 in
3187 3213 3334 3257 tanto
3361 3204 3505 3258 luctu
3527 3219 3711 3259 versa-

2119 3306 2225 3361 tur,
2255 3309 2511 3364 quorsum
2544 3293 2646 3348 hoc
2672 3294 2772 3359 ais,
2807 3310 2903 3349 nos
2934 3294 3133 3350 idcirco
3165 3290 3540 3364 ingemiscere,
3568 3299 3711 3367 quod

2120 3402 2225 3441 non
2252 3387 2319 3439 ab
2350 3401 2414 3440 eo
2438 3384 2802 3440 distrahemur
2816 3386 2889 3457 Ὺ),
2908 3401 2975 3441 ne
2997 3386 3156 3456 igitur
3182 3386 3298 3441 h:rc
3330 3388 3429 3456 ipsi
3456 3389 3715 3457 objiciun-

2121 3487 2227 3542 tur,
2258 3476 2495 3531 occurrit
2530 3487 2586 3530 et
2615 3477 2690 3530 ait
2721 3492 2734 3528 :
2766 3474 2884 3529 Non
2916 3491 3017 3546 ego
3059 3477 3163 3531 hoc
3210 3476 3355 3537 dico.
3384 3479 3526 3548 quod
3562 3481 3632 3535 ob
3660 3480 3714 3535 id

2122 3567 2539 3638 ingemiscamus
2567 3608 2581 3631 ,
2632 3576 2689 3621 ut
2737 3581 2933 3634 corpus
2976 3566 3307 3636 deponamus
3339 3568 3537 3638 (nemo
3570 3571 3715 3625 enim

2123 3671 2227 3725 cst,
2267 3660 2357 3729 qui
2384 3660 2503 3715 sine
2538 3660 2701 3714 animi
2731 3660 2982 3715 ιιιωειίιίει
3008 3660 3179 3728 ipsum
3207 3659 3443 3732 deponat
3478 3680 3490 3716 :
3518 3663 3718 3732 quippe

2124 3768 2247 3807 cum
2294 3751 2363 3807 de
2400 3752 2562 3807 Petro
2604 3766 2817 3821 quoque
2858 3751 2999 3805 dicat
3029 3750 3305 3820 Christus,
3329 3752 3534 3807 Tol/ent
3560 3765 3625 3819 te,
3658 3771 3719 3807 ac

2126 3847 2310 3899 ducent
2334 3862 2433 3911 quo
2460 3861 2559 3898 non
2586 3845 2657 3898 vis
2693 3842 2873 3915 [Joan.
2902 3844 2963 3897 2|
2982 3885 2993 3897 .
3026 3841 3154 3914 18])
3186 3861 3201 3906 ;
3235 3844 3327 3898 sed
3356 3853 3411 3896 ut
3441 3844 3718 3898 immorta-

2131 3938 2298 3991 litatis
2344 3947 2491 3991 veste
2532 3938 2706 4005 ipsum
2754 3935 3222 4005 superinduantus.
3272 3935 3382 3989 iloc
3418 3935 3561 3989 enim
3604 3946 3716 4002 est,

2132 4045 2228 4099 per
2267 4028 2410 4098 quod
2439 4042 2669 4097 corpore
2693 4043 2998 4097 gravantur,
3032 4042 3139 4080 non
3170 4026 3311 4096 quod
3336 4043 3564 4096 corpore
3594 4043 3723 4083 con-

2134 4120 2306 4177 vcstiti
2336 4132 2555 4185 sumus,
2585 4118 2678 4173 sed
2710 4117 2852 4187 quod
2894 4116 3228 4185 corruptibili
3256 4124 3311 4170 et
3339 4116 3576 4186 possibili
3602 4132 3724 4171 coro

2133 4228 2306 4282 pore;
2342 4226 2461 4264 nam
2515 4209 2616 4264 hoc
2665 4218 2746 4263 est
2796 4208 2937 4279 quod
2985 4208 3139 4263 nobis
3189 4223 3480 4265 maerorem
3524 4208 3722 4265 al'fert:

2111 4287 2323 4357 .verum
2371 4300 2636 4354 accedens
2688 4300 2792 4353 vita
2837 4300 3239 4369 corruptionem
3294 4301 3513 4357 coniicit
3565 4310 3727 4371 atque

2136 4393 2389 4458 absumit,
2438 4408 2543 4446 non
2589 4393 2715 4448 item
2744 4408 2962 4463 corpus.
2994 4393 3057 4447 Et
3088 4392 3360 4463 quomodo
3402 4394 3508 4449 hoc
3539 4396 3728 4449 lit?in-

2137 4490 2271 4555 quit.
2326 4484 2404 4540 Nc
2450 4500 2683 4554 quaeras,
2735 4486 2874 4541 Deus
2913 4486 3014 4540 boc
3059 4484 3187 4540 facit
3218 4504 3233 4540 :
3263 4502 3329 4541 ne
3366 4489 3579 4541 curiose
3624 4486 3727 4542 hoc

2139 4579 2411 4645 exquiras.
2439 4575 2589 4631 Unde
2611 4578 2773 4630 etiam
2799 4575 3026 4643 subjecit
3059 4592 3071 4627 :
3104 4575 3158 4627 5.
3189 4574 3289 4640 Qui
3310 4584 3473 4628 autem
3494 4592 3586 4628 nos
3605 4574 3730 4641 olfe-

2140 4665 2207 4717 cit
2249 4666 2303 4717 in
2350 4669 2444 4719 hoc
2486 4667 2677 4736 ipsum,
2712 4664 2874 4719 Deus.
2904 4663 3113 4729 Quibus
3139 4662 3319 4717 verbis
3347 4663 3583 4718 ostendit
3611 4665 3727 4723 haec

2137 4756 2249 4827 jam
2274 4759 2402 4812 olim
2432 4759 2648 4814 decreta
2676 4760 2859 4815 fuisse.
2892 4758 3008 4813 Non
3048 4757 3191 4812 enim
3222 4773 3365 4815 nunc
3402 4762 3631 4830 primum
3658 4764 3731 4818 ita

2143 4848 2315 4901 visum
2360 4857 2444 4902 est
2481 4848 2625 4912 Deo,
2669 4848 2763 4904 sed
2802 4864 2923 4904 cum
2953 4862 2983 4901 a
3026 4846 3287 4917 principio
3330 4864 3428 4906 nos
3472 4866 3539 4907 ex
3582 4861 3729 4908 terra

2144 4937 2414 5000 formavit,
2442 4948 2602 5009 atque
2642 4940 2906 4995 Adamum
2936 4938 3194 4993 condidit.
3237 4939 3346 4996 Nec
3370 4957 3499 4998 vero
3522 4959 3644 4997 eum
3675 4945 3730 4998 in

2146 5027 2250 5081 hoc
2273 5028 2535 5094 condidit,
2576 5038 2635 5083 ut
2660 5038 2980 5093 moreretur,
3010 5028 3105 5083 sed
3131 5039 3186 5084 ut
3224 5032 3575 5089 immortalem
3605 5050 3730 5091 eum

2145 5118 2402 5174 alliceret.
2431 5120 2620 5175 Postea
2645 5132 2703 5175 ut
2725 5119 2884 5175 ﬁdem
2910 5118 3066 5173 dictis
3088 5120 3408 5188 adstrueret,
3434 5126 3729 5195 subjunxit,

2150 5209 2251 5276 Qui
2284 5211 2433 5264 etiam
2455 5212 2595 5265 dedit
2627 5212 2769 5265 nobis
2799 5211 2981 5280 pignus
3004 5209 3251 5281 Spiritus.
3280 5214 3411 5269 Nam
3440 5226 3494 5271 et
3524 5226 3649 5271 tunc
3680 5217 3732 5270 in

2148 5299 2291 5354 hunc
2319 5301 2479 5357 tinent
2509 5302 2781 5356 hominem
2807 5299 3037 5368 eflinxit,
3058 5311 3113 5357 et
3140 5319 3279 5358 nunc
3295 5319 3391 5374 per
3412 5305 3735 5375 baptismum

2148 5388 2343 5454 effcrit,
2368 5392 2592 5461 ejusque
2616 5390 2693 5444 rei
2713 5403 2817 5444 non
2842 5406 3061 5460 parvum
3089 5393 3244 5448 nobis
3270 5395 3459 5465 pignus
3486 5395 3733 5466 praebuit,

2152 5497 2348 5552 nempe
2374 5484 2634 5551 Spiritum
2662 5492 2924 5537 sanctum.
2948 5481 3282 5555 Frequenter
3297 5494 3474 5540 autem
3502 5486 3736 5556 pignoris

2153 5574 2417 5628 vocabulo
2460 5574 2648 5637 utitur,
2682 5581 2795 5626 tum
2836 5582 2894 5627 ut
2925 5574 3260 5630 demonstret
3285 5589 3346 5630 se
3388 5575 3551 5631 totius
3580 5574 3736 5645 hujus

2154 5667 2231 5720 rei
2258 5664 2555 5720 debitorem
2583 5678 2705 5719 esse
2724 5705 2740 5730 ,
2771 5676 2880 5719 tum
2909 5676 2965 5720 ut
3002 5666 3262 5734 majorem
3288 5664 3449 5721 Idem
3470 5664 3609 5735 apud
3636 5666 3738 5721 ob-

2158 5756 2387 5815 tusiorcs
2409 5756 2587 5813 verbis
2602 5755 2713 5809 suis
2739 5756 3005 5810 conciliet.
3025 5757 3081 5816 6.
3106 5756 3354 5820 Audentes
3374 5754 3528 5828 igitur
3544 5771 3734 5830 semper
