4022 6258
270 476 332 513 ar
353 459 584 513 scientes.
629 451 903 510 Audentes
942 447 1078 505 dixit
1118 452 1339 517 propter
1372 437 1834 513 persequutiones,

274 548 496 603 insidias
538 559 606 601 ac
632 548 835 600 mortes
871 539 1151 603 assiduas,
1180 533 1405 613 perinde
1431 546 1496 586 ac
1523 530 1569 585 si
1599 527 1804 582 diceret
1834 540 1850 579 :

275 638 523 710 Exagitat
548 643 603 693 te
626 635 844 706 aliquis,
877 634 1191 709 insectatur,
1217 628 1502 684 obtruth
1519 621 1547 675 ἲ
1582 632 1649 675 ne
1673 618 1855 710 animo

273 705 550 792 concidas,
589 705 734 784 bono
772 736 864 781 tuo
906 723 1011 779 boc
1049 707 1211 776 omne
1251 717 1310 772 lit
1342 733 1356 771 :
1388 729 1458 771 ne
1485 713 1715 777 timeas,
1757 705 1855 763 sed

276 819 509 876 conﬁde.
538 817 595 873 Id
622 818 798 879 enim,
830 815 899 871 de
934 829 1045 885 quo
1083 808 1389 882 ingemiscis
1418 815 1472 861 et
1496 804 1669 869 doles,
1699 799 1859 855 nimi-

270 925 392 967 rum
418 909 565 981 quod
589 906 918 979 corruptioni
940 902 1164 965 servias,
1194 900 1448 967 deinceps
1469 897 1539 951 de
1556 892 1737 948 medio
1759 890 1859 981 tol-

276 1002 356 1063 lit,
384 978 545 1070 atque
560 1014 628 1054 ex
646 978 1024 1053 bac’servitute
1047 989 1279 1046 celerius
1300 986 1511 1043 liberat.
1537 985 1614 1038 Ac
1633 978 1861 1053 proinde

275 1091 429 1156 dicit,
475 1089 727 1143 Audentes
762 1086 926 1158 igitur
962 1096 1200 1159 uulpem
1244 1093 1350 1133 non
1389 1075 1550 1130 modo
1577 1074 1629 1129 in
1655 1071 1859 1143 quiete,

277 1180 375 1235 sed
397 1181 562 1235 etiam
593 1180 646 1234 in
674 1174 1055 1234 aﬂlictiouibm
1080 1189 1098 1237 ;
1124 1182 1173 1227 et
1207 1171 1420 1226 scientes
1457 1166 1699 1239 quoniam
1737 1162 1863 1218 dum

278 1285 540 1325 curantur
562 1271 878 1337 its-corpore,
905 1265 1307 1335 peregrinatur
1339 1275 1374 1314 α
1399 1258 1621 1313 Donu‘so
1645 1271 1666 1311 :
1693 1256 1749 1310 τ.
1774 1270 1865 1321 per

278 1364 437 1433 ﬁdem
475 1363 610 1417 enim
644 1358 962 1414 mbula.“
987 1364 1039 1410 et
1064 1370 1166 1409 non
1194 1368 1285 1423 per
1322 1351 1579 1422 speciem:
1606 1347 1663 1404 8.
1706 1346 1867 1400 aude-

278 1472 395 1509 mus
415 1463 605 1518 autern,
632 1460 679 1505 et
700 1452 885 1505 bonum
902 1447 1210 1503 voluntatem
1236 1442 1478 1497 totum
1498 1437 1815 1510 peregrinari
1834 1451 1868 1488 α

277 1560 514 1614 corpore,
530 1552 580 1596 et
609 1547 878 1611 praecata
895 1553 1004 1592 esse
1028 1537 1095 1590 ad
1121 1534 1413 1590 Dominum.
1440 1529 1593 1599 Quod
1620 1522 1869 1583 omnibus

281 1635 564 1688 sublimius
607 1636 727 1697 est,
770 1629 1071 1701 posteriore
1109 1628 1228 1682 loco
1268 1625 1487 1696 posuit:
1530 1619 1870 1693 praesumitis

280 1727 429 1783 cutim
457 1733 539 1779 est
578 1738 701 1779 cum
724 1721 943 1778 Christe
991 1733 1147 1784 esse,
1187 1729 1348 1789 quam
1375 1729 1574 1784 corpus
1614 1728 1647 1770 ι
1682 1727 1872 1768 corru-

284 1818 469 1886 ptione
496 1814 722 1871 liberum
750 1812 1016 1882 accipere.
1052 1810 1165 1866 [loc
1185 1818 1367 1865 autem
1392 1807 1509 1862 vult
1529 1805 1868 1875 signiﬁcem:

284 1906 463 1963 Vitam
496 1914 733 1962 nostram
775 1904 823 1960 is
851 1917 956 1957 non
985 1902 1297 1971 exstinguit,
1326 1900 1418 1970 qui
1454 1913 1554 1954 nos
1581 1904 1870 1969 oppugnat,

286 2015 350 2052 ne
381 2005 555 2051 morte
581 1995 747 2050 afllcit
775 2012 789 2047 :
835 2008 905 2049 ne
935 1994 1128 2049 timeas
1158 2009 1172 2045 :
1203 1989 1419 2046 conlide
1458 2003 1580 2045 cum
1618 1986 1874 2044 concide-

288 2084 387 2139 ris.
411 2082 594 2153 Neque
619 2082 761 2136 enim
790 2079 881 2135 ille
893 2078 1173 2134 dumtaxat
1199 2084 1254 2132 te
1280 2091 1312 2131 a
1329 2075 1679 2143 corruptione
1699 2072 1876 2128 vindi-

288 2182 400 2239 cat,
431 2188 496 2227 ac
537 2172 687 2243 gravi
731 2173 942 2227 sarcina
972 2171 1136 2237 levat,
1168 2169 1263 2224 sed
1306 2168 1469 2224 etiam
1496 2166 1563 2221 ad
1592 2166 1877 2222 Dominum

290 2264 577 2319 confestim
621 2262 957 2319 transmittit.
1003 2260 1129 2317 Ideo
1172 2276 1280 2315 non
1309 2259 1465 2325 dixit,
1510 2257 1648 2313 Dum
1694 2271 1880 2313 sumus

293 2357 348 2411 in
368 2369 615 2427 corpore,
634 2356 789 2427 quasi
815 2355 903 2410 hic
927 2354 1096 2410 simus
1120 2353 1173 2408 in
1193 2361 1415 2407 externa
1437 2353 1678 2421 regione.
1701 2349 1884 2404 Scien-

295 2460 371 2503 tes
394 2449 552 2519 igitur
572 2448 709 2519 quod
733 2448 858 2501 dum
877 2460 1136 2502 meum
1162 2446 1217 2499 is
1244 2459 1475 2513 corpore,
1500 2442 1884 2513 peregrinantur

293 2557 330 2593 α
352 2538 603 2594 Domino:
626 2540 877 2592 audentes
901 2547 1093 2600 autem,
1121 2546 1168 2589 et
1192 2535 1376 2588 bonam
1403 2533 1710 2586 uoluntatem
1731 2529 1885 2583 habe-

294 2646 413 2683 mus
437 2629 600 2698 magis
621 2627 942 2697 peregrinari
959 2643 991 2679 a
1009 2640 1242 2694 corpore,
1265 2632 1314 2676 et
1333 2631 1604 2692 presentes
1623 2636 1731 2675 esse
1742 2620 1886 2690 apud

302 2719 598 2773 Dominum.
643 2716 833 2772 Viden‘
880 2732 990 2786 quo
1035 2721 1192 2785 pacto
1230 2712 1456 2767 molesta
1501 2711 1588 2766 illa
1620 2711 1807 2766 mortis
1830 2720 1887 2765 et

294 2810 480 2864 obitus
507 2808 767 2864 vocabula
791 2808 1054 2871 reticens,
1078 2805 1185 2860 alia
1214 2818 1469 2875 perquam
1502 2804 1685 2859 suavia
1713 2802 1767 2859 in
1792 2817 1885 2857 eo.

295 2920 421 2958 rum
444 2902 614 2957 vicem
644 2898 995 2963 substituerit,
1012 2895 1612 2967 prtesentiamnimirum
1628 2894 1695 2951 ad
1718 2894 1886 2949 Deum

296 3013 365 3051 ea
398 3009 712 3066 unncupans
737 3010 755 3060 ;
785 3008 850 3049 ac
888 2991 1263 3064 praetermissis
1292 2989 1397 3046 illis
1425 2989 1698 3045 vocabulis
1720 3028 1738 3055 ,
1767 3003 1887 3059 qua:

295 3088 650 3159 iucunditatis
678 3086 911 3157 speciem
940 3083 1245 3150 habebant,
1276 3096 1400 3154 qua
1443 3082 1513 3139 ad
1552 3083 1713 3137 vitam
1762 3095 1887 3150 per-

297 3181 512 3242 tinent,
549 3195 577 3233 a
628 3179 874 3234 tristibus
913 3176 1267 3248 nuncupavit,
1323 3174 1803 3246 peregrinationem
1858 3188 1889 3228 a

301 3273 537 3327 Domino
560 3272 721 3326 vitam
754 3270 891 3325 hanc
916 3269 1192 3342 appellans
1217 3270 1242 3323 2
1272 3267 1385 3325 Hoc
1411 3278 1590 3324 autem
1618 3282 1684 3323 co
1711 3266 1891 3322 consi-

302 3364 378 3416 iio
409 3361 552 3425 iecit,
583 3378 650 3417 ne
666 3362 949 3433 quisquam
974 3362 1029 3415 in
1057 3360 1413 3430 prmsentibus
1440 3360 1666 3416 libenter
1697 3360 1890 3415 immo-

302 3463 481 3516 retur,
506 3452 600 3507 sed
639 3467 702 3507 ea
733 3452 910 3521 potius
936 3451 1174 3521 graviter
1212 3446 1350 3504 ferat
1378 3467 1393 3512 ;
1435 3466 1537 3506 nec
1582 3465 1788 3516 rursus,
1822 3465 1887 3506 ex

300 3543 411 3597 hac
439 3543 541 3595 vita
568 3555 909 3606 excessurus,
937 3541 1301 3609 perturbetur,
1328 3539 1424 3596 sed
1456 3542 1632 3609 potius
1659 3542 1892 3606 lauetur,

300 3646 363 3688 ut
388 3633 455 3687 ad
488 3633 687 3700 majora
718 3633 853 3686 bona
882 3630 1251 3702 proﬁciscens.
1282 3632 1494 3694 Postea,
1525 3645 1594 3685 ne
1628 3632 1745 3699 quis
1778 3630 1896 3685 lucc

299 3724 559 3788 audiens,
588 3722 986 3794 Peregrinarum
1010 3739 1042 3776 a
1068 3720 1306 3785 Domino,
1338 3721 1543 3777 diceret
1574 3738 1588 3774 :
1614 3720 1750 3787 Quid
1772 3718 1896 3775 ais?

204 3850 209 3853 ε
300 3832 441 3869 num
484 3831 512 3868 a
561 3815 669 3870 Deo
696 3814 1083 3878 alniiienumur,
1116 3813 1238 3883 quia
1268 3813 1355 3868 hic
1384 3814 1612 3868 sumus?
1638 3813 1897 3881 objectioo

302 3922 436 3961 nem
466 3904 600 3960 hanc
639 3913 986 3975 praevertens,
1015 3902 1167 3963 dixit,
1217 3901 1317 3957 Per
1352 3901 1504 3972 ﬁdem
1542 3903 1675 3957 enim
1712 3902 1895 3956 uiuim-

302 4002 502 4066 tamus,
552 4016 652 4053 non
696 4015 788 4069 per
837 3999 1086 4067 speciem;
1133 4006 1289 4067 atque
1336 3995 1424 4050 hic
1471 3996 1686 4066 quidem
1722 3996 1896 4065 ipsum

302 4090 610 4151 noscimus,
637 4088 732 4141 sed
774 4101 881 4141 non
915 4091 981 4142 ita
1012 4086 1173 4141 clare.
1207 4086 1259 4141 ld
1284 4086 1422 4156 quod
1458 4086 1558 4139 alio
1591 4088 1707 4141 loco
1737 4086 1894 4147 dicit,

306 4180 421 4233 Per
468 4179 749 4246 speculum,
788 4188 867 4243 et,
908 4177 977 4230 In
1013 4177 1284 4244 aenigmate
1331 4179 1427 4243 (i.
1477 4177 1591 4231 Cor.
1640 4180 1725 4233 l3.
1776 4178 1895 4247 l2).

299 4271 575 4327 Audemus
602 4277 792 4329 autem,
820 4278 865 4321 et
886 4267 1070 4320 bonam
1093 4268 1401 4319 uoluntatem
1428 4267 1685 4321 habemus.
1718 4268 1894 4337 Papm,

299 4376 421 4432 quo
470 4373 773 4414 sermonem
824 4356 1181 4411 circumduxit
1223 4358 1235 4408 i
1290 4372 1479 4426 nempe
1526 4358 1590 4411 ad
1633 4373 1897 4413 summum

304 4450 509 4508 tnnrtis
539 4450 860 4505 desiderium
889 4466 903 4514 ;
954 4450 1001 4501 id
1029 4492 1040 4511 ,
1091 4450 1233 4517 quod
1263 4450 1543 4503 moiestzqn
1587 4459 1703 4513 est,
1736 4465 1898 4504 suave

302 4559 435 4599 esse
468 4543 778 4603 ostendens,
809 4542 1015 4611 ettpiod
1046 4556 1226 4607 suave,
1257 4542 1560 4595 exclusum.
1584 4541 1735 4608 Quod
1758 4542 1899 4596 enim

301 4640 380 4692 ait
404 4678 420 4692 .
474 4634 670 4689 Bonam
698 4638 1005 4689 voluntatem
1035 4634 1275 4689 haecum:
1303 4676 1315 4696 ,
1354 4632 1404 4685 id
1434 4642 1514 4687 est
1536 4673 1552 4697 ,
1580 4636 1895 4703 expetimus.

304 4731 455 4801 Quid
511 4730 849 4799 expetimus?
897 4729 1172 4784 Excedcre
1202 4744 1229 4781 ρ
1269 4744 1530 4794 corpora,
1565 4737 1723 4797 atque
1762 4729 1900 4797 apud

306 4823 608 4879 Dominum
649 4827 939 4887 prtescntes
984 4836 1123 4875 esse.
1163 4820 1274 4874 Hoc
1299 4830 1494 4877 autem,
1539 4830 1591 4871 ui
1629 4820 1737 4887 jam
1769 4819 1898 4885 dixi,

304 4914 515 4968 i’uuiits
544 4924 755 4977 semper
780 4909 923 4972 facit,
952 4924 1006 4965 ut
1036 4927 1239 4973 eorum,
1271 4912 1356 4980 qui
1390 4913 1488 4979 ipsi
1529 4912 1899 4977 adversantur,

300 5015 628 5059 sermonem
648 4998 703 5053 in
728 5002 1055 5055 contrarium
1078 5010 1339 5070 torqueat.
1368 5001 1423 5057 9.
1447 4999 1593 5055 Unde
1618 5010 1663 5054 et
1690 5014 1901 5055 conten-

299 5095 512 5156 dimus,
554 5090 654 5143 sive
694 5100 965 5157 prasente:
991 5093 1093 5146 sive
1119 5092 1367 5155 absentes,
1408 5092 1505 5159 ipsi
1544 5102 1758 5159 ptaccre.
1789 5090 1899 5145 iloc

300 5189 457 5241 enim
508 5180 661 5235 nobis
691 5183 1022 5250 propositum
1053 5194 1157 5243 est.
1193 5185 1380 5253 inquit,
1419 5193 1476 5237 ut
1514 5184 1624 5237 sive
1654 5183 1759 5236 illic
1789 5185 1901 5237 sive

300 5280 395 5333 hic
446 5274 639 5335 simus,
685 5287 748 5325 ex
778 5273 942 5341 ipsius
986 5276 1259 5329 voluntate
1306 5285 1359 5328 et
1388 5274 1647 5329 sententia
1677 5275 1853 5327 vivere
1883 5292 1895 5327 τ

299 5371 409 5422 hoc
456 5363 605 5417 enim
654 5362 829 5416 studio
874 5362 1003 5417 nihil
1044 5374 1126 5419 est
1174 5365 1327 5418 nobis
1374 5365 1658 5433 antiquius.
1721 5362 1899 5432 itaque

299 5460 435 5513 hinc
478 5456 596 5524 jam
650 5468 871 5523 regnum
912 5454 1074 5509 habes
1117 5458 1231 5510 sine
1276 5455 1608 5525 probatione.
1660 5454 1789 5508 Nam
1835 5471 1900 5509 ne

297 5561 527 5607 rursus,
561 5560 681 5597 cum
727 5544 781 5597 in
814 5554 1011 5599 tantam
1038 5547 1379 5613 cupiditatem
1409 5548 1713 5606 venissent,
1759 5545 1899 5598 iilius

292 5636 768 5714 peregrinationis
799 5649 975 5689 moras
1020 5651 1159 5705 :cgrc
1212 5636 1434 5700 ferrent,
1467 5638 1551 5690 hic
1584 5638 1689 5704 jam
1734 5636 1893 5703 ipsis,

290 5732 443 5805 quod
477 5729 748 5783 bonorum
778 5729 1013 5780 omnium
1046 5737 1206 5783 caput
1235 5738 1335 5790 est,
1370 5728 1571 5782 tribuit.
1602 5728 1733 5794 Quid
1768 5726 1895 5780 illud

658 5818 926 5876 PATROL.
975 5819 1018 5875 G
1033 5838 1088 5876 η.
1145 5820 1293 5878 LXI.

1312 322 1381 385 IN
1417 321 1611 384 EPIST
1674 314 1718 378 ll
1780 311 1872 374 λι)
1907 312 2063 370 008.
2104 305 2335 369 HOMIL.
2370 308 2445 365 Χ.

3444 302 3549 357 ιτο

1955 426 2089 483 est?
2118 426 2185 483 Ut
2213 426 2325 482 Deo
2350 422 2487 495 grati
2513 422 2641 478 sint.
2687 418 2873 493 Neque
2900 419 3046 476 enim
3070 417 3391 491 simpliciter
3423 417 3551 474 huic

1959 519 2222 576 excedere
2246 517 2563 589 praeclarum
2592 524 2695 580 est,
2715 514 2811 572 sed
2840 514 3106 571 excedere
3129 528 3255 569 cum
3281 513 3404 568 vita:
3427 528 3527 584 pro
3542 538 3557 554 -

1962 610 2127 666 nitate
2153 625 2171 676 ;
2195 608 2327 664 hinc
2344 608 2491 663 enim
2522 606 2840 675 praeclarum
2866 620 3081 675 quoque
3118 602 3251 659 illud
3273 600 3506 659 edicitur
3528 621 3547 658 :

1961 706 2063 757 nec
2105 714 2296 757 rursus
2323 699 2413 755 hic
2468 698 2785 769 simpliciter
2824 712 2945 754 esse
2970 710 3134 767 grave
3172 704 3277 762 est,
3308 695 3405 750 sed
3431 712 3554 752 cum

1961 793 2261 850 oll'ensione
2287 791 2383 848 Dei
2410 792 2497 848 hic
2520 804 2662 847 esse.

2035 883 2091 937 ‘5.
2137 879 2285 939 Cave
2323 897 2454 954 ergo
2482 881 2757 937 existimes
2779 894 3062 937 excessum
3092 895 3125 937 e
3148 893 3377 948 corpore
3402 876 3556 935 sulti-

1964 990 2092 1032 cere
2123 993 2139 1032 :
2166 975 2363 1031 virtute
2390 974 2590 1045 quippe
2627 974 2823 1045 ubique
2866 982 2951 1029 est
2990 988 3149 1045 opus.
3189 967 3341 1028 Sicut
3388 970 3557 1034 enim,

1967 1084 2089 1125 cum
2134 1069 2548 1125 resurrectionis
2590 1066 2850 1122 vocabulo
2892 1080 3023 1122 usus
3065 1074 3233 1131 esset,
3283 1080 3391 1121 non
3437 1062 3562 1121 sivit

1968 1176 2070 1218 nos
2105 1162 2161 1217 in
2199 1176 2261 1217 ea
2300 1162 2417 1217 sola
2458 1161 2703 1217 ﬁduciam
2748 1159 2978 1225 habere,
3018 1158 3239 1223 dicens,
3287 1158 3349 1214 Si
3394 1168 3563 1213 terunt

1969 1254 2154 1318 vestiti,
2188 1263 2238 1309 et
2266 1266 2371 1307 non
2420 1252 2548 1307 nudi
2571 1252 2889 1307 inueniamur
2915 1266 2935 1306 :
2965 1251 3065 1317 sic,
3096 1265 3219 1305 cum
3248 1250 3564 1320 peregrina-

1972 1345 2173 1398 tionem
2198 1342 2547 1407 ostendisset,
2580 1356 2648 1399 ne
2671 1354 2792 1398 eam
2822 1340 2915 1396 tibi
2937 1339 3003 1396 ad
3030 1341 3256 1395 salutem
3287 1340 3418 1395 satis
3442 1354 3566 1394 esse

1971 1435 2246 1500 crederes,
2272 1432 2377 1490 hoc
2397 1433 2616 1503 adjecit,
2644 1432 2854 1505 placere
2875 1434 2990 1490 Deo
3012 1442 3245 1505 oportet.
3276 1428 3566 1502 Postquam

1974 1528 2134 1599 igitur
2158 1544 2191 1581 ο
2232 1526 2415 1583 multis
2460 1527 2624 1582 rebus
2662 1524 2801 1582 laetis
2846 1540 3034 1582 eorum
3061 1528 3273 1582 animos
3306 1523 3568 1586 incinivit.

1974 1620 2231 1689 deinceps
2274 1634 2303 1672 a
2352 1612 2680 1673 tristioribus
2719 1625 2924 1673 metum
2965 1618 3177 1672 incutit.
3228 1615 3381 1684 Quod
3425 1616 3573 1670 enim

1976 1710 2106 1765 utile
2132 1716 2237 1783 est,
2269 1716 2376 1763 tam
2406 1708 2459 1762 in
2486 1707 2750 1763 bonorum
2778 1706 3087 1777 adeptione,
3109 1721 3269 1777 quam
3297 1704 3350 1761 in
3396 1705 3573 1759 malo-

1978 1814 2097 1853 rum
2146 1796 2269 1869 fuga
2307 1798 2595 1863 consistit,
2634 1802 2757 1869 qius
2798 1796 3015 1868 quidem
3054 1807 3178 1852 sunt
3225 1793 3473 1867 gehenna
3517 1804 3575 1853 c:

1980 1904 2224 1960 regnum.
2250 1889 2515 1945 (laterum
2540 1889 2795 1961 quoniam
2817 1904 3030 1961 pronam
3056 1889 3291 1960 cingere
3311 1887 3571 1961 maiorem

1982 1984 2090 2037 vim
2132 1983 2294 2038 liabet
2324 2001 2338 2037 :
2372 1998 2494 2045 nam
2525 1985 2768 2055 pit-rique
2813 1985 3076 2055 iacturam
3120 1983 3385 2039 bonorum
3414 1982 3575 2037 facile

1982 2073 2225 2141 ferrent;
2269 2077 2313 2131 si
2340 2084 2525 2131 autem
2554 2068 2819 2132 tormenta
2846 2076 2958 2131 sint
2984 2074 3204 2131 ferenda
3224 2116 3240 2135 .
3269 2090 3377 2130 non
3408 2074 3574 2141 item;

1984 2176 2262 2236 oporteret
2282 2169 2425 2223 enim
2450 2168 2684 2239 priorem
2704 2169 2972 2239 iacturam
2990 2168 3383 2225 intolerabilem
3397 2167 3579 2223 existi-

1986 2272 2136 2313 mare
2161 2274 2180 2325 ;
2206 2258 2302 2314 sed
2331 2274 2400 2315 ex
2430 2260 2741 2316 infirmitate
2766 2272 2821 2317 et
2852 2262 3155 2333 abiectione
3185 2262 3335 2317 multi
3357 2276 3574 2333 panum

1985 2350 2288 2419 graviorem
2332 2350 2726 2423 existimant):
2755 2355 3008 2422 quoniam
3041 2368 3173 2423 ergo
3202 2368 3448 2423 magnam
3485 2367 3580 2407 au-

1987 2440 2218 2495 ditorum
2236 2450 2444 2510 partem
2462 2440 2723 2497 bonorum
2752 2441 2966 2512 largitio
2982 2458 3088 2497 non
3116 2443 3336 2513 perinde
3354 2442 3579 2507 excitat,

1989 2540 2049 2586 ut
2074 2542 2464 2587 tormentorum
2493 2533 2840 2588 comminatio
2861 2574 2877 2598 ,
2907 2535 3229 2591 necessitate
3269 2535 3582 2603 compulsus

1989 2622 2067 2676 sic
2091 2635 2399 2678 sermonem
2425 2623 2700 2679 concludit
2729 2640 2745 2675 :
2776 2623 2863 2679 i0.
2890 2624 3078 2680 Omnes
3093 2615 3225 2679 enim
3246 2641 3339 2680 nos
3361 2627 3582 2696 manife-

1988 2711 2117 2766 κιαι-ἰ
2159 2721 2357 2782 oportet
2394 2721 2513 2768 ante
2547 2713 2775 2769 tribunal
2818 2713 3028 2771 Christi.
3074 2715 3198 2772 Mox
3245 2724 3445 2784 tamen,
3491 2717 3580 2771 ubi

1994 2787 2453 2858 tribunalis'iliius
2483 2803 2745 2859 memoria
2773 2803 3074 2861 auditorem
3119 2806 3345 2870 terruit,
3388 2821 3457 2861 ne
3498 2806 3586 2862 hic

1992 2890 2211 2964 quidem
2238 2894 2413 2949 tristia
2445 2895 2564 2952 sine
2594 2897 2732 2952 laetis
2767 2899 2969 2968 posuit,
3014 2897 3108 2954 scd
3148 2899 3420 2970 voluptate
3449 2913 3579 2970 qua-

1992 2982 2116 3039 dam
2143 2979 2396 3053 miscuit,
2426 2980 2615 3043 dicens
2643 3006 2658 3041 :
2693 2984 2763 3043 Ut
2790 2988 2979 3059 referat
3004 2989 3350 3061 mitisque
3376 2992 3589 3060 propria

1994 3072 2245 3146 corporis,
2275 3087 2427 3148 prout
2444 3078 2619 3148 gessit,
2650 3079 2755 3134 sire
2781 3078 2969 3134 bonum
2996 3080 3102 3136 sive
3128 3081 3340 3135 malum.
3380 3080 3588 3146 Quibus

2000 3165 2183 3225 verbis
2210 3177 2267 3225 et
2293 3185 2408 3235 eos,
2440 3170 2534 3242 qui
2561 3171 2818 3241 praeclare
2843 3187 2901 3229 se
2930 3184 3206 3244 gesserant
3236 3184 3395 3243 atque
3419 3189 3586 3229 vexa-

1998 3260 2211 3324 bantur,
2238 3262 2292 3317 in
2316 3276 2467 3332 spem
2491 3262 2666 3334 erigit,
2695 3273 2749 3318 et
2771 3279 2865 3319 eos
2890 3267 2978 3335 qui
2997 3264 3365 3331 conciderant,
3390 3265 3589 3336 injecto

2002 3362 2206 3410 terrore
2247 3352 2618 3424 diligentiores
2668 3356 2845 3411 reddit
2879 3375 2894 3412 :
2937 3370 2995 3414 ar
3043 3357 3274 3428 denique
3300 3372 3590 3428 corporum

1998 3448 2451 3504 resurrectionem
2478 3449 2782 3504 conﬁrmat.
2808 3448 2921 3504 Non
2949 3450 3111 3516 enim,
3144 3452 3334 3521 inquit.
3363 3450 3413 3505 id
3442 3449 3587 3520 quod

2000 3550 2112 3592 tum
2140 3537 2207 3592 ad
2237 3539 2508 3602 virtutem,
2536 3548 2646 3595 tum
2670 3542 2736 3595 ad
2761 3542 2947 3595 vitium
2969 3558 3187 3613 operam
3206 3543 3368 3608 dedit,
3399 3559 3428 3597 ει
3454 3558 3587 3613 pra:-

2000 3632 2111 3685 mio
2143 3632 2229 3685 vel
2253 3646 2411 3701 ptem
2439 3632 2797 3697 excludetur;
2831 3633 2926 3688 sed
2960 3650 3059 3688 una
3097 3650 3220 3689 cum
3249 3634 3444 3690 animis
3470 3650 3592 3689 cor-

2003 3735 2129 3789 pora
2162 3721 2352 3789 partim
2399 3721 2871 3788 excruciabunmr,
2903 3724 3095 3792 partim
3125 3738 3355 3792 coronas
3394 3740 3591 3779 conse-

2001 3820 2253 3879 qucutur.
2278 3814 2347 3865 At
2370 3823 2494 3866 sunt
2516 3812 2775 3877 hmretici,
2798 3814 2887 3883 qui
2916 3813 3056 3869 aliud
3084 3829 3279 3884 corpus
3306 3830 3593 3885 resurgere

2002 3903 2300 3957 asserunt?
2340 3895 2493 3960 Unde
2535 3903 2909 3974 boc?qu:eso-;
2957 3906 3099 3961 aliud
3128 3907 3405 3977 peccavit,
3448 3907 3593 3961 aliud

2004 3993 2263 4062 punitur?
2288 3994 2430 4047 aliud
2474 4005 2617 4050 recte
2646 3997 2795 4063 fecit,
2825 3998 2967 4051 aliud
2999 4010 3289 4054 coronatur
3318 4000 3341 4053 ?
3366 3999 3502 4065 Quid
3527 4001 3593 4055 ad

2005 4080 2123 4139 lucc
2162 4083 2309 4137 Pauli
2350 4084 2515 4138 verba
2546 4084 2738 4140 dicturi
2761 4091 2914 4153 estis,
2954 4088 3209 4142 Nolumus
3238 4092 3472 4159 spoliari,
3504 4093 3595 4145 sed

2003 4176 2329 4243 ,παρεῖναιιὶγὶ
2361 4174 2387 4227 1’
2430 4176 2701 4245 quomodo
2744 4177 2795 4232 id
2838 4179 2979 4248 quod
3019 4181 3364 4249 corruptibile
3409 4190 3513 4244 est,
3561 4198 3593 4235 a

2006 4267 2111 4320 vita
2140 4265 2461 4322 absorbetur
2488 4269 2512 4322 ?
2539 4268 2649 4325 Nec
2687 4270 2828 4325 enim
2875 4271 3007 4325 dixit
3036 4272 3261 4337 Paulus,
3293 4272 3363 4329 Ut
3400 4273 3592 4328 absor-

2007 4356 2201 4413 beatur
2227 4355 2455 4413 mortale
2477 4400 2491 4423 ,
2524 4361 2604 4414 vel
2646 4362 2995 4431 corruptibile
3029 4378 3225 4434 corpus
3254 4364 3323 4419 ab
3352 4366 3598 4420 incorru-

2010 4445 2184 4517 ι)ιίὒὶιί
2210 4464 2435 4519 corpore
2465 4468 2479 4517 ;
2511 4450 2603 4505 sed
2626 4493 2640 4513 ,
2681 4452 2749 4506 Ut
2787 4457 3045 4521 corruptio
3084 4472 3117 4508 a
3157 4460 3277 4509 vita.
3313 4457 3424 4511 Hoc
3454 4458 3597 4513 enim

2013 4548 2122 4591 tum
2169 4539 2465 4608 contingit,
2514 4554 2636 4593 cum
2685 4540 2813 4595 illud
2864 4543 3037 4609 ipsum
3078 4559 3278 4613 corpus
3321 4546 3386 4599 ad
3432 4548 3597 4599 vitam

2009 4632 2166 4685 rodit.
2196 4631 2345 4698 Quod
2374 4632 2416 4685 si
2449 4631 2634 4686 relicto
2675 4634 2765 4687 illo
2807 4636 2949 4689 aliud
2980 4646 3309 4704 cxstruatur,
3354 4655 3460 4693 non
3483 4639 3595 4708 jam

2010 4724 2328 4776 absorbetur
2357 4723 2652 4791 corruptio,
2681 4726 2775 4779 sed
2802 4736 2980 4779 manet
3009 4742 3070 4781 ac
3094 4728 3419 4784 dominatur.
3453 4730 3601 4799 Quo-

2009 4815 2149 4867 circa
2198 4812 2415 4866 minime
2461 4813 2564 4868 hoc
2610 4814 2704 4877 lit;
2752 4832 2937 4870 verum
2992 4829 3205 4887 oportet
3250 4823 3615 4892 corruptibile

2013 4908 2132 4967 hoc,
2165 4920 2359 4973 corpus
2386 4922 2596 4976 nempe,
2633 4907 2853 4963 induere
2881 4906 3356 4982 incorruptionem.
3391 4915 3601 4986 Corpus

2011 4999 2151 5050 enim
2184 4996 2234 5050 in
2264 4996 2441 5051 medio
2470 5006 2551 5052 est
2575 5038 2589 5061 ,
2623 5014 2685 5054 ac
2714 5016 2855 5059 nunc
2884 5001 2935 5055 in
2965 5005 3309 5072 corruptione
3335 5017 3444 5069 est,
3475 5020 3598 5075 post

2011 5101 2187 5144 autem
2203 5090 2254 5142 in
2277 5090 2677 5159 incorruptione
2691 5094 2793 5146 erit
2818 5112 2829 5146 :
2853 5094 2973 5147 ideo
2991 5093 3404 5166 incorruptione
3428 5100 3598 5168 prius,

2012 5182 2260 5249 quoniam
2304 5181 2629 5252 incorruptio
2668 5184 2802 5239 solvi
2835 5201 2938 5241 non
2976 5195 3204 5255 poterat.
3239 5188 3417 5260 Neque
3452 5194 3596 5247 enim

2013 5273 2291 5340 corruptio,
2326 5272 2514 5339 inquit,
2548 5274 2979 5343 incorruptionem
3007 5278 3285 5332 hereditate
3323 5283 3601 5351 possidebit

2012 5367 2087 5433 (i.
2120 5366 2235 5419 Cor.
2269 5365 2351 5417 i5.
2376 5364 2505 5431 50);
2534 5369 2804 5435 quomodo
2834 5370 2974 5422 enim
3010 5380 3187 5438 posset
3232 5388 3352 5426 cum
3397 5376 3467 5427 sit
3514 5377 3599 5428 in—

2011 5458 2281 5524 corruptio
2311 5456 2333 5507 ?
2361 5472 2543 5510 verum
2572 5468 2755 5512 contra
2782 5463 3050 5527 corruptio
3087 5478 3115 5514 a
3153 5464 3255 5515 vita
3287 5463 3598 5518 absorbetu-

2016 5558 2117 5601 tur.
2156 5547 2243 5601 illa
2286 5547 2426 5600 cnim
2477 5548 2610 5603 hanc
2656 5551 2861 5614 vincit;
2912 5550 3025 5605 hmc
3068 5565 3244 5608 autem
3289 5555 3432 5609 illam
3482 5574 3589 5612 non

2014 5641 2159 5693 item.
2212 5639 2278 5692 Ut
2307 5641 2445 5693 enim
2478 5656 2598 5695 cera
2644 5642 2777 5709 ignis
2822 5642 3016 5695 ardore
3069 5646 3419 5714 coiiiquescit,
3471 5664 3594 5706 cera

2016 5742 2187 5785 autem
2223 5732 2397 5801 ignem
2432 5749 2534 5787 non
2582 5734 2739 5786 solvit
2771 5752 2781 5785 :
2818 5735 2891 5787 sic
2924 5738 3198 5804 corruptio
3234 5738 3301 5790 ab
3342 5740 3593 5799 inconu-

3239 5838 3308 5894 30
