4022 6258
483 254 576 306 4'71
1167 258 1249 317 .S.
1280 258 1557 316 JOANNIS
1595 262 2071 322 CHRYSOSTOMI
2110 269 2428 338 ARClllEP.
2471 284 2998 354 CONSTANTINGP.

482 365 764 432 piihilitate
806 369 1031 424 solvitur
1080 351 1237 442 atque
1279 377 1656 444 exstinguitur,
1701 378 1824 433 huic
1880 390 2060 470 autem

480 457 565 509 illa
607 458 864 513 dominari
900 476 1185 533 numquam
1229 468 1444 534 poterit.
1482 468 1772 524 Audiamus
1801 486 1926 540 ergo
1955 457 2048 527 vo:

480 561 592 600 cem
625 549 767 602 Pauli
800 551 1049 618 dicentis,
1085 554 1296 625 Oportet
1327 575 1418 612 nos
1440 561 1549 613 sisti
1575 563 1643 612 ad
1669 562 1890 615 tribunal
1909 563 2059 618 Clari-

474 640 540 692 sti
566 656 668 695 :ae
700 643 929 698 tribunal
976 646 1106 701 illud
1149 651 1330 702 animo
1373 652 1741 722 depingamus,
1789 657 2055 711 existime-

475 748 699 802 musque
729 737 898 804 ipsum
941 739 1048 806 jam
1089 742 1297 805 adesse,
1326 759 1390 798 ac
1431 746 1553 799 vita:
1584 748 1815 802 rationes
1844 765 1871 800 a
1905 750 2058 804 nobis

474 826 709 892 exposci.
756 827 864 895 Ego
911 831 1053 883 enim
1103 831 1272 887 fusius
1318 849 1603 902 exponam.
1654 836 1790 891 Nam
1838 839 2051 905 Paulus,

478 916 598 983 quia
631 917 698 970 de
728 919 1020 975 afﬂictione
1048 937 1350 979 sermonem
1388 927 1639 992 habebat,
1685 945 1785 984 nec
1820 948 1913 985 eos
1940 950 2055 986 rur-

474 1019 590 1057 sum
638 1021 886 1073 premere
938 1011 1171 1068 volebat.
1223 1030 1328 1069 non
1369 1017 1570 1072 diutius
1609 1019 1658 1072 in
1689 1021 1787 1074 hac
1818 1027 2058 1079 oratione

478 1095 864 1153 immorandum
885 1115 1003 1155 esse
1023 1102 1193 1170 duxit,
1222 1107 1316 1160 sed
1347 1110 1526 1175 paucis
1549 1108 1630 1161 his
1655 1113 1850 1175 verbis,
1885 1113 2055 1169 Unus-

482 1191 695 1257 quisque
745 1195 924 1263 referet
987 1208 1135 1266 prout
1181 1201 1360 1266 gessit,
1413 1200 1462 1254 id
1523 1203 1665 1270 quod
1711 1207 2053 1262 acerbitatem
2129 1228 2131 1230 ·

476 1280 733 1336 afferebat
757 1287 1090 1355 complexus,
1130 1292 1320 1344 statim.
1341 1292 1564 1346 ulterius
1595 1297 1820 1351 transiit.
1855 1299 2052 1353 Existi-
2113 1301 2119 1308 ”

478 1388 683 1427 suemus
727 1374 887 1444 igitur
931 1378 1072 1432 diem
1116 1382 1262 1436 illum
1307 1395 1607 1439 extremum
1653 1405 1791 1444 nunc
1821 1391 2050 1446 adesse:

475 1464 702 1533 quisque
751 1469 1130 1524 conscientiam
1177 1476 1515 1541 consideret,
1562 1478 1832 1551 fingatque
1875 1485 2054 1536 animo

473 1555 663 1609 adesse
690 1557 797 1624 jam
839 1558 1103 1625 Judicem,
1138 1567 1424 1634 onmiaque
1458 1568 1632 1639 detegi
1663 1583 1824 1641 atque
1853 1573 1902 1626 iu
1937 1591 2051 1628 me-

475 1644 616 1697 .lium
648 1647 874 1713 proferri
896 1667 910 1703 :
930 1667 1102 1720 neque
1122 1655 1265 1708 enim
1294 1658 1410 1711 sisti
1435 1668 1640 1714 tantum
1664 1664 1816 1717 nobis
1835 1678 2053 1718 necesse

479 1749 575 1796 ist,
627 1737 719 1791 sed
747 1742 903 1794 etiam
936 1746 1287 1802 manifestari.
1325 1752 1405 1804 Au
1437 1767 1544 1806 non
1586 1755 1878 1810 erubuistis
1906 1756 1928 1810 ?
1954 1774 2052 1810 an-

472 1845 573 1879 non
617 1843 792 1885 tuente
814 1838 1119 1891 excessistis
1145 1841 1167 1892 ?

537 1964 732 2019 Judicii
780 1975 1017 2035 postremi
1064 1976 1357 2046 descriptio.
1395 2009 1469 2020 —
1505 1983 1656 2047 Quod
1709 1985 1753 2038 si
1802 2003 1942 2040 nunc
1995 2005 2053 2043 re

471 2059 704 2114 nondum
739 2074 1024 2131 praisente,
1049 2069 1144 2121 sed
1173 2069 1348 2123 eflicta
1377 2072 1657 2128 dumtaxat
1687 2088 1845 2147 atque
1872 2081 2053 2135 animo

470 2149 814 2216 adumbrata,
845 2157 1174 2212 conscientia
1215 2171 1395 2216 nostra
1430 2179 1564 2231 pene
1596 2181 1694 2221 nos
1741 2170 2047 2236 exanimat;

472 2243 596 2308 quid
630 2245 840 2299 tandem
881 2247 1134 2304 faciemus
1155 2293 1171 2316 ,
1204 2267 1323 2307 cum
1369 2255 1483 2311 dies
1531 2257 1621 2313 ille
1654 2263 1894 2325 venerit.
1928 2278 2048 2319 cum

473 2345 614 2388 totus
640 2337 785 2391 orbis
817 2349 1078 2396 terrarum
1108 2345 1356 2411 adfuerit,
1389 2365 1508 2404 cum
1540 2355 1713 2423 angeli
1741 2365 1796 2409 et
1821 2357 2050 2411 archan-

468 2429 572 2495 geli
600 2471 613 2492 ,
645 2445 766 2484 cum
797 2433 963 2490 densa
993 2439 1201 2509 agmina
1225 2484 1239 2503 ,
1272 2453 1431 2512 atque
1475 2447 1714 2501 omnium
1746 2464 1932 2504 cursus
1953 2493 1966 2515 ,
1995 2464 2049 2508 et

470 2531 651 2590 raptus
678 2524 730 2577 in
762 2527 1013 2594 nubibus,
1043 2540 1096 2587 et
1121 2535 1262 2586 acies
1292 2540 1538 2591 tremoris
1563 2541 1885 2608 plena?cum
1911 2547 2047 2600 tuba:

467 2612 582 2665 alia:
605 2623 764 2682 atque
791 2619 926 2681 aliar,
947 2631 1000 2675 et
1027 2626 1296 2680 continua:
1323 2629 1423 2682 illa:
1447 2632 1645 2685 voces?
1671 2634 2044 2698 Nanuetiamsi

467 2704 609 2757 nulla
640 2707 880 2775 gehenua
906 2724 1063 2778 esset,
1099 2726 1273 2772 tamen
1317 2720 1370 2773 in
1398 2730 1545 2776 tanto
1577 2726 1864 2794 splendore
1896 2731 2043 2799 rejici

467 2805 520 2849 et
570 2814 691 2851 eum
737 2801 1025 2868 ignominia
1075 2809 1366 2876 secedere,
1414 2824 1668 2882 quantum
1721 2828 2043 2876 tormentum

467 2891 655 2941 esset?
688 2890 898 2945 Etenim
930 2896 972 2947 si
1007 2896 1335 2965 imperatore
1365 2918 1486 2958 cum
1517 2909 1628 2959 suis
1657 2910 1843 2964 urbem
1871 2913 2045 2980 ingre-

467 2980 643 3033 cliente
666 3022 680 3043 ,
716 2995 864 3036 suam
895 2987 1120 3056 quisque
1151 3003 1389 3050 nostrum
1435 3009 1797 3066 paupertatem
1831 3004 2042 3060 intuen-

469 3079 567 3133 tes,
601 3087 705 3126 non
738 3085 940 3131 tantum
970 3094 1032 3134 ex
1069 3083 1369 3149 lmjusmodi
1398 3095 1704 3158 speetaculo
1735 3097 2040 3164 voluptatis,

464 3172 721 3230 quantum
764 3183 828 3221 ex
881 3184 977 3231 eo,
1025 3174 1163 3238 quod
1209 3191 1392 3231 earum
1446 3197 1623 3236 rerum
1673 3202 1790 3253 quae
1841 3189 2042 3242 circum

466 3250 842 3319 Imperatorem
882 3270 1007 3314 sunt
1037 3265 1185 3316 nullo
1227 3269 1385 3320 modo
1425 3250 1709 3340 participes
1739 3275 2001 3332 efficimur
2026 3319 2041 3343 ,

465 3355 563 3395 nec
593 3358 757 3412 prope
787 3363 909 3402 eum
956 3352 1043 3419 qui
1095 3370 1271 3410 rerum
1322 3361 1522 3427 potitur
1552 3377 1755 3430 sumus,
1799 3371 2046 3434 maeroris

462 3435 740 3504 capimus;
772 3441 898 3510 quid
922 3452 1032 3498 tum
1063 3446 1297 3504 futurum
1337 3455 1461 3508 est?
1507 3471 1576 3510 an
1622 3474 1748 3513 vero
1779 3460 1895 3518 leve
1933 3472 2043 3518 tor-

463 3538 701 3584 mentum
728 3547 851 3588 esse
879 3550 1091 3605 censes,
1127 3556 1231 3596 non
1259 3545 1490 3602 adscribi
1523 3549 1575 3603 in
1605 3550 1752 3607 illum
1779 3553 2038 3622 chorum,

460 3619 526 3673 ad
556 3635 804 3679 arcanam
833 3627 976 3683 illam
1000 3631 1224 3700 gloriam
1253 3651 1359 3691 non
1390 3639 1641 3696 admitti?
1683 3644 1752 3698 ab
1779 3646 1867 3700 illa
1896 3619 2039 3704 celo;

463 3711 659 3767 hritate
685 3729 748 3769 ac
779 3715 950 3784 bonis,
986 3737 1105 3790 qua:
1155 3725 1301 3780 nullo
1329 3742 1582 3786 sermone
1624 3735 1880 3802 explicari
1913 3753 2039 3806 posa

458 3813 613 3870 sunt,
646 3810 828 3873 procul
871 3825 933 3864 ac
979 3812 1137 3881 longe
1179 3817 1409 3884 projici?
1453 3820 1584 3874 Cum
1629 3837 1757 3876 vero
1805 3828 2040 3883 tenebras

461 3893 679 3963 insuper
707 3899 843 3963 sint,
877 3911 932 3955 et
956 3902 1195 3958 dentium
1227 3907 1459 3975 stridor,
1505 3921 1560 3965 et
1607 3913 1814 3968 vincula
1843 3916 2040 3972 insolu-

462 3984 608 4050 hilia,
640 3998 694 4041 et
727 3993 924 4047 vermis
967 3994 1316 4063 immortalis,
1358 4009 1414 4056 et
1453 4003 1591 4073 ignis
1630 4021 1916 4078 numquam
1945 4026 2041 4066 ex-

455 4077 828 4171 stinguendos,
857 4093 910 4137 et
953 4091 1233 4156 oppressio
1261 4102 1420 4161 atque
1457 4096 1721 4166 angustia,
1755 4077 1808 4152 et
1844 4099 2038 4171 lingua:

455 4166 802 4237 conﬂagratio
823 4213 836 4237 ,
862 4177 1312 4242 quemadmodum
1352 4181 1441 4236 illa
1471 4183 1650 4240 divitis
1671 4229 1685 4250 ,
1712 4203 1833 4242 cum
1862 4166 2035 4258 ejule-

457 4272 580 4310 nius
608 4270 666 4312 et
693 4276 852 4315 nemo
872 4266 1092 4332 audiat;
1125 4269 1540 4340 ingemiscamus
1565 4293 1629 4332 ac
1657 4294 1766 4347 pra:
1786 4281 2034 4338 dolorum

459 4349 752 4405 acerbitate
796 4354 1104 4423 rugiamus,
1137 4369 1191 4414 et
1237 4376 1396 4418 nemo
1433 4370 1705 4436 attendat;
1748 4372 1798 4425 in
1847 4389 2037 4430 onmes

457 4447 637 4506 partes
690 4444 876 4499 oculos
925 4460 1301 4507 convertamus
1333 4497 1350 4521 ,
1402 4463 1457 4512 et
1511 4475 1773 4532 nusquam
1822 4465 1894 4519 sit
1944 4466 2032 4536 qui

451 4533 699 4590 solatium
726 4534 864 4592 ferat
890 4557 904 4594 :
929 4556 1035 4610 quo
1061 4545 1274 4600 tandem
1304 4548 1423 4603 loco
1467 4567 1561 4606 eos
1609 4533 2031 4622 constituemus,

450 4625 538 4690 qui
569 4625 620 4679 in
649 4636 791 4682 tanta
817 4631 1120 4688 calamitate
1147 4639 1541 4696 versabantur?

523 4759 577 4812 4.
610 4760 744 4826 Quid
774 4766 875 4820 illis
902 4771 1097 4825 animis
1126 4772 1372 4828 miserius
1397 4776 1420 4828 ἲ
1463 4780 1588 4847 quid
1624 4785 1984 4840 miserabilius
2008 4788 2032 4840 ?

450 4847 582 4903 Nam
611 4853 690 4918 si,
717 4869 837 4910 cum
885 4858 935 4911 in
977 4876 1249 4917 carcerem
1282 4869 1569 4933 quemdam
1604 4873 1865 4942 ingressi,
1896 4879 2031 4932 alios

447 4942 699 4999 squalore
736 4947 1016 5004 confectos
1040 4992 1054 5013 ,
1085 4953 1223 5006 alios
1268 4963 1471 5014 catenis
1530 4964 1737 5019 vinctos
1772 4982 1835 5022 ac
1888 4968 2031 5024 fame

441 5033 772 5102 laborantes,
802 5041 938 5096 alios
979 5043 1032 5096 in
1080 5045 1317 5101 tenebris
1364 5050 1578 5109 clausos
1629 5060 2026 5128 conspicimus,

443 5123 636 5178 animis
681 5140 1084 5188 commovemur
1132 5151 1194 5190 ac
1242 5140 1736 5216 perhorrescimus,
1766 5123 2029 5222 inihilque

443 5230 548 5270 non
593 5216 814 5275 facimus
839 5262 854 5284 ,
903 5235 957 5278 ut
994 5243 1059 5281 ne
1090 5229 1141 5282 in
1163 5245 1286 5286 eum
1315 5232 1487 5292 locum
1527 5240 1826 5298 incidamus
1858 5263 1870 5298 :
1901 5259 2024 5300 cum

439 5308 505 5362 ad
537 5310 679 5378 ipsos
705 5315 965 5382 gehennrc
988 5322 1243 5390 equulcos
1259 5325 1465 5395 abrepti
1495 5331 1786 5395 trahemur,
1810 5337 2024 5405 quinam

443 5399 598 5454 futuri
630 5409 860 5460 sumus?
891 5408 1003 5462 Non
1049 5413 1190 5468 enim
1222 5411 1438 5470 vincula'
1477 5419 1566 5473 illa
1617 5439 1681 5476 ex
1714 5425 1855 5479 ferro
1897 5441 2024 5480 con-

440 5492 573 5545 fecla
627 5506 781 5564 sunt,
814 5503 904 5554 sed
954 5504 1072 5572 igne
1120 5518 1380 5578 perpetuo
1434 5512 1693 5580 ardente;
1725 5533 1823 5572 nec
1870 5520 2023 5573 nobis

436 5587 669 5653 a-quales
711 5593 776 5657 ii,
806 5596 896 5663 qui
927 5598 1228 5654 cruciandis
1271 5602 1427 5656 nobis
1469 5606 1857 5675 prmﬁcientur,
1886 5626 2022 5680 quos

436 5681 596 5734 etiam
625 5698 992 5752 saepenumero
1039 5692 1248 5759 placare
1277 5709 1476 5762 queas;
1509 5698 1601 5754 sed
1631 5704 1801 5768 angeli
1829 5744 1842 5767 ,
1875 5720 2008 5767 quos

3640 317 3744 372 372

2175 406 2239 444 ne
2279 395 2486 452 obtueri
2515 405 2726 469 quidem
2758 415 2927 477 possis
2953 458 2964 477 ,
2991 432 3208 488 promer
3245 439 3336 477 eas
3358 443 3489 494 quas
3521 430 3744 488 Domino

2186 489 2458 549 intulimus
2475 503 2825 556 contumelias
2848 506 2923 559 ira
2948 509 3248 578 ﬂagrantes.
3281 517 3387 572 Nec
3421 535 3549 574 vero
3567 563 3581 585 ,
3608 534 3664 576 ut
3687 525 3742 578 in

2168 579 2266 635 hac
2292 584 2396 636 vita
2413 624 2428 650 ,
2463 601 2686 644 cernere
2704 602 2786 645 est
2808 596 2942 650 alios
2962 600 3050 666 qui
3071 605 3368 674 pecuniam,
3395 609 3528 664 alios
3543 613 3629 682 qui
3657 614 3741 666 ci-

2168 674 2315 741 bum,
2331 678 2421 746 qni
2451 681 2843 740 cohortatorios
2863 704 3141 748 sermones
3153 696 3394 763 afferant,
3417 705 3742 758 consolatio-

2170 783 2398 838 nemque
2418 773 2688 841 aliquam;
2731 793 2913 833 verum
2961 786 3137 837 omnia
3179 787 3284 841 illic
3309 793 3460 844 venia
3511 804 3737 850 carent:

2117 880 2134 891 κ
2165 861 2370 915 etiamsi
2398 864 2537 918 adsit
2555 865 2685 932 Noe,
2713 871 2919 924 etiamsi
2939 870 3062 939 Job,
3085 877 3290 931 etiamsi
3322 879 3497 934 Daniel
3520 881 3734 951 (Euch.

2166 953 2252 1005 14.
2275 954 2362 1022 15)
2384 996 2403 1019 .,
2431 970 2496 1009 ac
2523 961 2847 1029 prepinquos
2878 967 3172 1019 excruciari
3198 968 3377 1021 videat
3401 1011 3417 1035 ,
3447 971 3508 1025 iis
3533 973 3740 1026 auxilio

2163 1059 2285 1100 esse
2315 1064 2419 1100 non
2458 1050 2642 1109 audet.
2667 1051 2798 1106 Nam
2832 1063 2941 1107 tum
2972 1058 3147 1109 omnis
3171 1058 3257 1111 iila
3277 1066 3737 1126 contmtseratto,a

2167 1149 2352 1203 natura
2372 1139 2559 1204 indita,
2582 1144 2957 1212 exstinguitur.
2977 1146 3109 1214 Quia
3135 1150 3276 1202 enim
3299 1150 3364 1202 ita
3398 1151 3509 1205 ﬂeri
3541 1163 3737 1221 potest,

2165 1230 2600 1299 utimproborum
2633 1247 2882 1304 parentes
2906 1238 3035 1304 justi
3066 1239 3170 1293 sint
3197 1241 3584 1306 liberorum,ac
3603 1260 3736 1299 con-

2167 1331 2244 1373 tra
2277 1321 2642 1390 improborum
2673 1340 2950 1393 parentum
2985 1328 3112 1396 justi
3143 1331 3269 1394 filii;
3301 1341 3379 1386 ut‘
3408 1347 3536 1400 pura
3576 1343 3736 1402 atque

2160 1414 2302 1464 omni
2337 1427 2572 1468 mcerore
2601 1431 2764 1469 vacua
2812 1418 2990 1471 icetitia
3036 1421 3138 1485 sit,
3195 1435 3294 1475 nec
3353 1422 3385 1475 ii
3437 1424 3526 1489 qui
3581 1423 3734 1478 bonis

2164 1502 2266 1556 illis
2292 1501 2558 1568 fruuntur,
2594 1508 3077 1562 commiserationis
3107 1513 3422 1565 necessitate
3454 1522 3735 1581 torquean-

2165 1602 2284 1646 tur:
2318 1594 2456 1647 hunc
2505 1610 2716 1665 quoque
2759 1601 3242 1655 commiserationis
3286 1601 3530 1656 affectum
3562 1604 3612 1655 in
3653 1605 3734 1658 eis

2161 1685 2424 1753 exstingui
2451 1700 2636 1739 assero
2656 1728 2673 1752 ,
2703 1687 2954 1756 ipsosque
2995 1706 3092 1742 una
3127 1706 3246 1744 cum
3280 1692 3505 1746 Domino
3537 1692 3732 1746 advero

2158 1789 2251 1829 sus
2281 1777 2483 1829 viscera
2531 1792 2624 1830 sua
2676 1779 2945 1832 iracundia
2978 1781 3208 1835 incendi.
3239 1781 3370 1836 Nam
3400 1783 3444 1836 si
3489 1784 3732 1852 vulgares

2159 1868 2320 1922 etiam
2350 1868 2615 1934 homines,
2635 1884 2756 1924 eum
2787 1871 2921 1925 filios
2936 1887 3061 1926 suos
3092 1875 3361 1943 improbos
3381 1890 3500 1929 esse
3529 1875 3728 1938 vident,

2161 1973 2256 2012 eos
2311 1959 2556 2013 abdicant
2611 1969 2770 2030 atque
2815 1977 2842 2013 a
2898 1961 3095 2017 familia
3155 1966 3507 2030 exscindunt;
3561 1966 3731 2019 multo

2158 2062 2286 2101 sane
2315 2049 2481 2118 magis
2511 2049 2559 2102 id
2594 2060 2701 2102 tum
2726 2049 2883 2117 justis
2909 2067 3004 2105 usu
3035 2064 3314 2109 venturum
3343 2066 3442 2110 est.
3469 2057 3728 2123 Quocirca

2158 2154 2316 2192 nemo
2356 2141 2455 2192 sibi
2507 2141 2644 2195 bona
2701 2144 3048 2210 polliceatur,
3080 2147 3122 2199 si
3174 2149 3304 2200 nihil
3335 2149 3456 2202 boni
3507 2147 3725 2212 fecerit,

2158 2232 2400 2299 quamvis
2423 2243 2705 2287 sexcentos
2733 2235 2894 2288 etiam
2917 2235 3094 2303 justos
3123 2254 3248 2290 avos
3284 2239 3473 2293 habeat
3506 2258 3519 2292 :
3555 2240 3727 2293 Unus-

2158 2323 2368 2391 quisque
2414 2325 2545 2375 em'm
2596 2325 2797 2393 referet,
2851 2337 3000 2394 prout
3026 2329 3175 2397 gessit
3201 2370 3214 2390 ,
3246 2330 3452 2397 propria
3480 2333 3724 2397 corporis.

2155 2417 2329 2486 Atque
2360 2417 2444 2471 hic
2466 2427 2788 2473 scortatores
2817 2420 2946 2473 mihi
2994 2423 3347 2489 perstringere
3395 2420 3633 2482 videtur,
3666 2437 3727 2475 ac

2157 2508 2453 2564 futurorum
2497 2511 2877 2579 suppliciorum
2928 2521 3124 2566 metum
3162 2513 3289 2578 ipsis
3340 2511 3594 2578 injicere;
3627 2527 3725 2564 nec

2154 2601 2282 2668 ipsis
2308 2599 2614 2666 dumtaxat,
2646 2602 2740 2655 sed
2769 2611 2824 2656 et
2867 2603 3114 2656 omnibus
3136 2603 3222 2670 qui
3278 2605 3329 2654 in
3372 2602 3479 2654 alio
3524 2603 3729 2657 scelere

2154 2705 2274 2744 sese
2303 2690 2632 2752 devinciunt,
2668 2690 2792 2746 llzec
2821 2693 2980 2762 igitur
3026 2707 3123 2746 nos
3149 2708 3357 2759 quoque
3404 2692 3680 2745 audiamus
3711 2711 3723 2745 :

2155 2783 2199 2835 si
2229 2783 2462 2836 libidinis
2492 2784 2612 2851 igne
2639 2784 2866 2854 ﬂagras,
2898 2785 3074 2853 ignem
3121 2784 3267 2836 illum
3296 2798 3538 2850 Oppone;
3568 2795 3729 2853 atque

2153 2876 2238 2927 hic
2288 2876 2569 2928 Confestim
2621 2878 2992 2944 exstinguetur
3035 2885 3088 2928 et
3131 2883 3416 2928 evanescet
3444 2892 3455 2926 :
3487 2875 3530 2927 si
3557 2876 3684 2943 quid
3709 2918 3725 2936 ,

2151 2966 2292 3035 quod
2335 2967 2592 3019 absonum
2622 2969 2721 3030 sit,
2755 2968 2896 3034 loqui
2939 2967 3102 3034 gestis
3123 3008 3135 3028 ,
3170 2966 3411 3019 dentium
3443 2965 3725 3019 stridorem

2151 3058 2320 3124 cogita
2349 3074 2363 3119 ;
2395 3066 2448 3109 et
2491 3056 2625 3109 freni
2680 3058 2849 3108 instar
2908 3058 2998 3108 tibi
3049 3056 3134 3107 hic
3183 3065 3355 3108 melus
3405 3056 3550 3107 erit:
3578 3055 3620 3106 si
3648 3058 3729 3108 vis

2150 3147 2375 3215 cuipiam
2402 3145 2600 3214 aliquid
2631 3147 2843 3214 eripere
2869 3186 2884 3211 ,
2914 3145 3033 3198 audi
3081 3145 3323 3199 Judicem
3378 3145 3724 3213 imperantem

2150 3251 2214 3289 ac
2238 3237 2526 3300 dicentem,
2561 3234 2738 3303 Ligate
2789 3252 2969 3288 manus
3016 3236 3126 3304 ejus
3157 3252 3219 3288 ac
3247 3235 3395 3304 pedes
3420 3276 3434 3298 ,
3468 3245 3513 3287 et
3561 3237 3728 3304 ejicite

2150 3344 2263 3381 eum
2315 3329 2369 3380 in
2410 3329 2637 3382 tenebras
2687 3329 2953 3381 exteriores
2980 3326 3304 3396 (Mattio-9.2.
3337 3328 3426 3396 15)
3459 3328 3566 3381 :ita
3595 3330 3684 3382 fiet
3704 3369 3720 3391 ,

2151 3431 2208 3474 ut
2249 3419 2385 3474 hanc
2432 3422 2778 3490 cupiditatem
2833 3423 3105 3476 exturbes.
3140 3422 3196 3475 Si
3227 3421 3350 3476 vino
3394 3421 3602 3475 deditus
3627 3438 3718 3484 es,

2149 3527 2247 3567 nec
2275 3529 2303 3567 a
2327 3515 2539 3584 crapula
2573 3514 2808 3569 abstrahi
2842 3523 3015 3584 potes,
3044 3513 3167 3567 audi
3195 3513 3418 3568 divitem
3449 3514 3591 3566 illum
3637 3514 3718 3567 di-

2148 3621 2377 3672 centem,
2408 3607 2556 3663 Mitte
2579 3607 2836 3663 Lazarum
2858 3651 2873 3674 ,
2900 3617 2959 3663 ut
2987 3617 3232 3663 extremo
3265 3607 3431 3677 digito
3482 3622 3580 3660 suo
3619 3607 3724 3660 lin-

2145 3715 2301 3769 guam
2357 3713 2529 3753 meam
2573 3700 2709 3769 ignis
2738 3699 2932 3754 ardore
2985 3697 3402 3767 conﬂagrantem
3448 3695 3726 3765 refrigeret

2147 3789 2298 3858 (Luc.
2330 3789 2419 3844 16.
2447 3790 2573 3859 2t),
2603 3799 2925 3844 nec-tamen
2976 3789 3028 3842 id
3081 3787 3453 3842 obtinentem:
3506 3787 3575 3841 ita
3621 3787 3724 3840 hoc

2147 3883 2276 3937 vitio
2301 3883 2545 3937 laborare
2573 3884 2806 3937 desines.
2836 3882 2893 3937 Si
2917 3880 3226 3936 deliciarum
3277 3893 3462 3934 amore
3487 3880 3685 3932 teneris
3703 3918 3720 3940 ,

2146 3973 2489 4029 afﬂictionem
2518 3976 2657 4029 illam
2688 3984 2741 4030 et
2767 3975 3063 4044 angustiam
3090 3975 3284 4044 cogita,
3315 3982 3369 4030 et
3409 3971 3627 4028 delicias
3656 3989 3724 4027 ne

2147 4065 2364 4135 quidem
2391 4067 2651 4135 cogitabis
2677 4083 2691 4119 :
2721 4067 2766 4121 si
2795 4081 2969 4122 saevus
2999 4075 3053 4120 et
3078 4066 3314 4122 crudelis
3338 4081 3418 4129 es,
3452 4066 3717 4134 virginum

2147 4156 2357 4211 illarum
2387 4157 2477 4212 tibi
2526 4158 2576 4211 in
2615 4166 2850 4214 mentem
2904 4157 3117 4224 veniat,
3148 4172 3266 4227 quae
3315 4157 3386 4210 oh
3426 4158 3722 4211 exstinctas

2145 4246 2415 4314 lampadas
2440 4247 2506 4302 ad
2557 4247 2845 4302 thalamum
2893 4248 3112 4303 minime
3154 4246 3402 4301 admissa:
3453 4254 3610 4309 sunt;
3663 4255 3719 4299 et

2145 4338 2526 4394 humanitatem
2558 4355 2717 4410 quam
2748 4340 2981 4409 primum
3007 4337 3216 4398 indues.
3244 4335 3350 4391 Sed
3398 4335 3628 4406 segnitie
3653 4348 3722 4388 ac

2143 4429 2396 4499 languore
2441 4430 2664 4499 torpes?
2693 4429 2877 4497 Cogita
2923 4443 3046 4483 eum
3093 4428 3182 4497 qui
3209 4427 3467 4482 talentum
3493 4427 3719 4480 abscon-

2140 4520 2218 4574 dit
2245 4539 2257 4581 ;
2291 4531 2344 4575 et
2374 4522 2546 4590 ignem
2580 4523 2752 4590 ipsum
2782 4518 3075 4574 acrimonia
3105 4519 3306 4572 vinces.
3336 4517 3443 4572 Sed
3491 4518 3719 4570 fortasse

2139 4611 2432 4666 alienarum
2459 4621 2618 4682 optim
2647 4612 2908 4682 cupiditas
2940 4621 2990 4664 te
3020 4608 3266 4663 arrodit?
3297 4607 3536 4662 Vermem
3568 4607 3715 4661 illum

2143 4703 2492 4758 immortalem
2522 4705 2575 4757 in
2605 4714 2784 4757 mente
2813 4703 2982 4765 habe;
3012 4715 3074 4755 ac
3103 4698 3357 4771 perfacile
3399 4697 3540 4750 hunc
3570 4712 3716 4750 mor-

2141 4793 2265 4847 bum
2299 4795 2625 4864 proﬂigabis,
2654 4804 2708 4849 et
2731 4793 2834 4847 alia
2865 4791 3042 4845 omnia
3073 4790 3168 4845 Dei
3218 4796 3484 4858 praecepta
3531 4789 3713 4854 exple-

2139 4886 2222 4939 bis
2249 4903 2261 4938 :
2288 4902 2458 4955 neque
2486 4887 2630 4941 enim
2661 4885 2750 4939 ille
2778 4881 3065 4952 quidquam
3107 4879 3299 4934 durum
3321 4894 3383 4933 ac
3406 4892 3567 4948 grave
3613 4881 3714 4930 itn-

2140 4979 2359 5044 peravit.
2393 4977 2542 5033 Unde
2587 4977 2647 5030 fit
2698 4975 2896 5044 igitur,
2948 4979 3007 5024 ut
3053 4985 3173 5038 qua:
3217 4969 3422 5032 e'dixit,
3485 4967 3711 5021 molesta

2138 5068 2292 5123 nobis
2319 5067 2644 5120 vidcantur?
2675 5064 2770 5118 Est
2793 5060 3038 5117 socordia
3085 5066 3265 5112 nostra
3309 5066 3363 5111 et
3404 5058 3612 5112 inertia.
3645 5058 3714 5113 Ut

2138 5161 2304 5223 enim,
2331 5159 2374 5211 si
2408 5157 2639 5210 studium
2671 5170 2733 5209 ac
2765 5151 3094 5220 diligentiam
3121 5147 3467 5204 adhibeamus
3487 5190 3502 5214 ,
3547 5151 3710 5202 etiam

2137 5265 2251 5318 quae
2281 5247 2616 5302 intoleranda
2647 5246 2894 5300 videntur
2916 5282 2929 5304 ,
2973 5240 3145 5295 facilia
3175 5248 3231 5294 et
3254 5240 3388 5294 levia
3417 5249 3610 5304 erunt;
3641 5241 3716 5293 ita

2135 5340 2176 5391 si
2227 5338 2428 5393 desidia
2474 5337 2778 5391 laboremus
2808 5375 2821 5394 ,
2848 5332 3006 5386 etiam
3064 5346 3181 5400 quas
3233 5331 3524 5385 tolerabilia
3553 5335 3714 5426 sunt.

2133 5429 2368 5484 difficilia
2400 5428 2554 5480 nobis
2575 5426 2926 5496 apparebunt.
2959 5421 3082 5476 Haec
3126 5423 3302 5491 itaque
3344 5421 3524 5476 omnia
3565 5421 3716 5491 cogi—

2140 5534 2330 5585 tantes,
2369 5537 2474 5575 non
2523 5536 2618 5575 eos
2663 5523 2752 5588 qui
2807 5516 3015 5570 deliciis
3046 5515 3322 5583 indulgent
3365 5525 3667 5582 spectemus
3699 5556 3714 5581 ,

2136 5617 2227 5669 sed
2272 5614 2392 5682 quis
2434 5627 2616 5665 eorum
2667 5613 2735 5666 sit
2784 5609 2991 5671 exitus;
3034 5607 3119 5663 hic
3169 5621 3367 5675 nempe
3407 5614 3614 5660 stercus
3656 5617 3712 5661 et

2137 5708 2375 5770 corporis
2405 5706 2659 5768 obesitas,
2689 5702 2796 5756 illic
2821 5701 3014 5755 vermis
3049 5710 3101 5754 et
3132 5701 3272 5770 ignis
3302 5717 3314 5752 :
3347 5713 3450 5755 non
3482 5711 3571 5753 eos
3619 5713 3710 5766 qui
